  <div class='ocr_page' id='page_1' title='image "/cluster/home/n/w/nwhite01/storage/ocr_20150623/138:no.2/coo.31924054870435/537.png"; bbox 0 0 4016 6396; ppageno 0'>
   <div class='ocr_carea' id='block_1_1' title="bbox 476 277 612 343">
    <p class='ocr_par' dir='ltr' id='par_1_1' title="bbox 476 277 612 343">
     <span class='ocr_line' id='line_1_1' title="bbox 476 277 612 343; baseline 0.022 -3"><span class='ocrx_word' id='word_1_1' title='bbox 476 278 497 340; x_wconf 83' lang='lat' dir='ltr'><strong>l</strong></span> <span class='ocrx_word' id='word_1_2' title='bbox 510 277 612 343; x_wconf 57' lang='lat'><strong>059</strong></span> 
     </span>
    </p>
   </div>
   <div class='ocr_carea' id='block_1_2' title="bbox 1718 295 2517 363">
    <p class='ocr_par' dir='ltr' id='par_1_2' title="bbox 1718 295 2517 363">
     <span class='ocr_line' id='line_1_2' title="bbox 1718 295 2517 363; baseline 0.014 -11"><span class='ocrx_word' id='word_1_3' title='bbox 1718 295 1818 354; x_wconf 80' lang='lat' dir='ltr'><strong>T1]</strong></span> <span class='ocrx_word' id='word_1_4' title='bbox 1828 296 1991 357; x_wconf 82' lang='lat' dir='ltr'><strong>EOD.</strong></span> <span class='ocrx_word' id='word_1_5' title='bbox 2040 298 2517 363; x_wconf 76' lang='lat' dir='ltr'><strong>BALSAMONIS</strong></span> 
     </span>
    </p>
   </div>
   <div class='ocr_carea' id='block_1_3' title="bbox 3533 310 3645 379">
    <p class='ocr_par' dir='ltr' id='par_1_3' title="bbox 3533 310 3645 379">
     <span class='ocr_line' id='line_1_3' title="bbox 3533 310 3645 379; baseline 0.036 -4"><span class='ocrx_word' id='word_1_6' title='bbox 3533 310 3645 379; x_wconf 84' lang='lat'><strong>1060</strong></span> 
     </span>
    </p>
   </div>
   <div class='ocr_carea' id='block_1_4' title="bbox 483 415 2017 508">
    <p class='ocr_par' dir='ltr' id='par_1_4' title="bbox 483 415 2013 492">
     <span class='ocr_line' id='line_1_4' title="bbox 483 415 2013 492; baseline 0.006 -24"><span class='ocrx_word' id='word_1_7' title='bbox 483 415 749 470; x_wconf 84' lang='lat' dir='ltr'><strong>Nimirum</strong></span> <span class='ocrx_word' id='word_1_8' title='bbox 784 417 875 487; x_wconf 88' lang='lat' dir='ltr'><strong>qui</strong></span> <span class='ocrx_word' id='word_1_9' title='bbox 908 419 1114 484; x_wconf 86' lang='lat' dir='ltr'><strong>dicunt,</strong></span> <span class='ocrx_word' id='word_1_10' title='bbox 1144 421 1408 492; x_wconf 74' lang='lat' dir='ltr'><strong>coniuges</strong></span> <span class='ocrx_word' id='word_1_11' title='bbox 1458 423 1599 480; x_wconf 88' lang='lat' dir='ltr'><strong>inter</strong></span> <span class='ocrx_word' id='word_1_12' title='bbox 1643 440 1703 480; x_wconf 90' lang='lat' dir='ltr'><strong>se</strong></span> <span class='ocrx_word' id='word_1_13' title='bbox 1736 425 1818 479; x_wconf 91' lang='lat' dir='ltr'><strong>vel</strong></span> <span class='ocrx_word' id='word_1_14' title='bbox 1852 425 2013 478; x_wconf 93' lang='lat' dir='ltr'><strong>unius</strong></span> 
     </span>
    </p>
   </div>
   <div class='ocr_carea' id='block_1_5' title="bbox 2122 415 3641 508">
    <p class='ocr_par' dir='ltr' id='par_1_5' title="bbox 2141 421 3641 508">
     <span class='ocr_line' id='line_1_5' title="bbox 2141 421 3641 508; baseline 0.012 -31"><span class='ocrx_word' id='word_1_15' title='bbox 2141 421 2276 478; x_wconf 73' lang='grc' dir='ltr'>εἶναι</span> <span class='ocrx_word' id='word_1_16' title='bbox 2328 428 2452 491; x_wconf 77' lang='grc' dir='ltr'>τοὺς</span> <span class='ocrx_word' id='word_1_17' title='bbox 2498 428 2760 499; x_wconf 80' lang='grc' dir='ltr'>συζύγους</span> <span class='ocrx_word' id='word_1_18' title='bbox 2802 430 2917 495; x_wconf 74' lang='grc' dir='ltr'>ἑνὸς</span> <span class='ocrx_word' id='word_1_19' title='bbox 2953 431 2985 503; x_wconf 80' lang='grc' dir='ltr'>ἢ</span> <span class='ocrx_word' id='word_1_20' title='bbox 3016 432 3267 504; x_wconf 81' lang='grc' dir='ltr'><strong>δευτέρου</strong></span> <span class='ocrx_word' id='word_1_21' title='bbox 3315 433 3524 508; x_wconf 78' lang='grc' dir='ltr'><strong>βαθμοῦ,</strong></span> <span class='ocrx_word' id='word_1_22' title='bbox 3564 445 3641 498; x_wconf 78' lang='grc' dir='ltr'><strong>καὶ</strong></span> 
     </span>
    </p>
   </div>
   <div class='ocr_carea' id='block_1_6' title="bbox 484 504 2031 583">
    <p class='ocr_par' dir='ltr' id='par_1_6' title="bbox 484 504 2031 583">
     <span class='ocr_line' id='line_1_6' title="bbox 484 504 2031 583; baseline 0.009 -29"><span class='ocrx_word' id='word_1_23' title='bbox 484 504 569 558; x_wconf 85' lang='lat' dir='ltr'><strong>vel</strong></span> <span class='ocrx_word' id='word_1_24' title='bbox 597 507 821 560; x_wconf 88' lang='lat' dir='ltr'><strong>secundi</strong></span> <span class='ocrx_word' id='word_1_25' title='bbox 850 523 971 563; x_wconf 87' lang='lat' dir='ltr'><strong>esse</strong></span> <span class='ocrx_word' id='word_1_26' title='bbox 1001 511 1219 579; x_wconf 87' lang='lat' dir='ltr'><strong>gradus,</strong></span> <span class='ocrx_word' id='word_1_27' title='bbox 1250 515 1451 583; x_wconf 89' lang='lat' dir='ltr'><strong>quique</strong></span> <span class='ocrx_word' id='word_1_28' title='bbox 1476 528 1571 582; x_wconf 90' lang='lat' dir='ltr'><strong>per</strong></span> <span class='ocrx_word' id='word_1_29' title='bbox 1599 514 1798 583; x_wconf 88' lang='lat' dir='ltr'><strong>gradus</strong></span> <span class='ocrx_word' id='word_1_30' title='bbox 1834 530 1930 569; x_wconf 90' lang='lat' dir='ltr'><strong>eos</strong></span> <span class='ocrx_word' id='word_1_31' title='bbox 1960 516 2031 568; x_wconf 87' lang='lat' dir='ltr'><strong>ita</strong></span> 
     </span>
    </p>
   </div>
   <div class='ocr_carea' id='block_1_7' title="bbox 482 592 2035 674">
    <p class='ocr_par' dir='ltr' id='par_1_7' title="bbox 482 592 2035 674">
     <span class='ocr_line' id='line_1_7' title="bbox 482 592 2035 674; baseline 0.008 -28"><span class='ocrx_word' id='word_1_32' title='bbox 482 592 705 659; x_wconf 88' lang='lat' dir='ltr'><strong>librant,</strong></span> <span class='ocrx_word' id='word_1_33' title='bbox 730 598 807 651; x_wconf 93' lang='lat' dir='ltr'><strong>uti</strong></span> <span class='ocrx_word' id='word_1_34' title='bbox 843 599 1015 654; x_wconf 79' lang='lat' dir='ltr'><strong>solent</strong></span> <span class='ocrx_word' id='word_1_35' title='bbox 1050 616 1136 657; x_wconf 89' lang='lat' dir='ltr'><strong>res</strong></span> <span class='ocrx_word' id='word_1_36' title='bbox 1163 603 1284 666; x_wconf 76' lang='lat' dir='ltr'><strong>illae,</strong></span> <span class='ocrx_word' id='word_1_37' title='bbox 1324 618 1444 674; x_wconf 64' lang='lat' dir='ltr'><strong>quae</strong></span> <span class='ocrx_word' id='word_1_38' title='bbox 1477 604 1733 672; x_wconf 88' lang='lat' dir='ltr'><strong>pondere,</strong></span> <span class='ocrx_word' id='word_1_39' title='bbox 1779 606 1858 661; x_wconf 88' lang='lat' dir='ltr'><strong>vel</strong></span> <span class='ocrx_word' id='word_1_40' title='bbox 1890 621 2035 661; x_wconf 88' lang='lat' dir='ltr'><strong>men-</strong></span> 
     </span>
    </p>
   </div>
   <div class='ocr_carea' id='block_1_8' title="bbox 479 685 2033 760">
    <p class='ocr_par' dir='ltr' id='par_1_8' title="bbox 479 685 2033 760">
     <span class='ocr_line' id='line_1_8' title="bbox 479 685 2033 760; baseline 0.009 -23"><span class='ocrx_word' id='word_1_41' title='bbox 479 697 631 749; x_wconf 84' lang='lat' dir='ltr'><strong>sura,</strong></span> <span class='ocrx_word' id='word_1_42' title='bbox 661 685 744 739; x_wconf 89' lang='lat' dir='ltr'><strong>vel</strong></span> <span class='ocrx_word' id='word_1_43' title='bbox 787 703 1009 743; x_wconf 88' lang='lat' dir='ltr'><strong>numero</strong></span> <span class='ocrx_word' id='word_1_44' title='bbox 1038 700 1332 760; x_wconf 74' lang='lat' dir='ltr'><strong>constant;</strong></span> <span class='ocrx_word' id='word_1_45' title='bbox 1378 694 1585 750; x_wconf 87' lang='lat' dir='ltr'><strong>similes</strong></span> <span class='ocrx_word' id='word_1_46' title='bbox 1628 703 1756 752; x_wconf 90' lang='lat' dir='ltr'><strong>sunt</strong></span> <span class='ocrx_word' id='word_1_47' title='bbox 1800 696 2033 751; x_wconf 88' lang='lat' dir='ltr'><strong>interro-</strong></span> 
     </span>
    </p>
   </div>
   <div class='ocr_carea' id='block_1_9' title="bbox 479 775 2029 856">
    <p class='ocr_par' dir='ltr' id='par_1_9' title="bbox 479 775 2029 856">
     <span class='ocr_line' id='line_1_9' title="bbox 479 775 2029 856; baseline 0.008 -29"><span class='ocrx_word' id='word_1_48' title='bbox 479 775 751 842; x_wconf 84' lang='lat' dir='ltr'><strong>gantibus,</strong></span> <span class='ocrx_word' id='word_1_49' title='bbox 779 782 1069 848; x_wconf 85' lang='lat' dir='ltr'><strong>quotuplex</strong></span> <span class='ocrx_word' id='word_1_50' title='bbox 1101 782 1240 836; x_wconf 87' lang='lat' dir='ltr'><strong>istud</strong></span> <span class='ocrx_word' id='word_1_51' title='bbox 1266 785 1629 853; x_wconf 84' lang='lat' dir='ltr'><strong>pavimentum</strong></span> <span class='ocrx_word' id='word_1_52' title='bbox 1655 786 1789 856; x_wconf 86' lang='lat' dir='ltr'><strong>lapis</strong></span> <span class='ocrx_word' id='word_1_53' title='bbox 1808 790 2029 851; x_wconf 83' lang='lat' dir='ltr'><strong>ambiat,</strong></span> 
     </span>
    </p>
   </div>
   <div class='ocr_carea' id='block_1_10' title="bbox 479 869 2033 949">
    <p class='ocr_par' dir='ltr' id='par_1_10' title="bbox 479 869 2033 949">
     <span class='ocr_line' id='line_1_10' title="bbox 479 869 2033 949; baseline 0.012 -32"><span class='ocrx_word' id='word_1_54' title='bbox 479 872 532 918; x_wconf 90' lang='lat' dir='ltr'><strong>et</strong></span> <span class='ocrx_word' id='word_1_55' title='bbox 561 869 1031 937; x_wconf 85' lang='lat' dir='ltr'><strong>respondentibus,</strong></span> <span class='ocrx_word' id='word_1_56' title='bbox 1071 873 1287 944; x_wconf 82' lang='lat' dir='ltr'><strong>duplex.</strong></span> <span class='ocrx_word' id='word_1_57' title='bbox 1307 876 1515 947; x_wconf 87' lang='lat' dir='ltr'><strong>Quippe</strong></span> <span class='ocrx_word' id='word_1_58' title='bbox 1544 881 1777 949; x_wconf 82' lang='lat' dir='ltr'><strong>cingitur</strong></span> <span class='ocrx_word' id='word_1_59' title='bbox 1797 895 1825 932; x_wconf 91' lang='lat' dir='ltr'><strong>a</strong></span> <span class='ocrx_word' id='word_1_60' title='bbox 1858 881 2033 949; x_wconf 89' lang='lat' dir='ltr'><strong>lapide</strong></span> 
     </span>
    </p>
   </div>
   <div class='ocr_carea' id='block_1_11' title="bbox 480 952 2032 1037">
    <p class='ocr_par' dir='ltr' id='par_1_11' title="bbox 480 952 2032 1037">
     <span class='ocr_line' id='line_1_11' title="bbox 480 952 2032 1037; baseline 0.014 -32"><span class='ocrx_word' id='word_1_61' title='bbox 480 952 684 1021; x_wconf 72' lang='lat' dir='ltr'><strong>pra&#39;sini</strong></span> <span class='ocrx_word' id='word_1_62' title='bbox 717 958 936 1026; x_wconf 86' lang='lat' dir='ltr'><strong>coloris,</strong></span> <span class='ocrx_word' id='word_1_63' title='bbox 970 971 1023 1017; x_wconf 91' lang='lat' dir='ltr'><strong>et</strong></span> <span class='ocrx_word' id='word_1_64' title='bbox 1049 964 1193 1031; x_wconf 88' lang='lat' dir='ltr'><strong>ligno</strong></span> <span class='ocrx_word' id='word_1_65' title='bbox 1222 967 1445 1022; x_wconf 90' lang='lat' dir='ltr'><strong>cedrino</strong></span> <span class='ocrx_word' id='word_1_66' title='bbox 1466 969 1851 1026; x_wconf 83' lang='lat' dir='ltr'><strong>circumdatur.</strong></span> <span class='ocrx_word' id='word_1_67' title='bbox 1888 972 2032 1037; x_wconf 86' lang='lat' dir='ltr'><strong>Qua-</strong></span> 
     </span>
    </p>
   </div>
   <div class='ocr_carea' id='block_1_12' title="bbox 478 1047 2027 1130">
    <p class='ocr_par' dir='ltr' id='par_1_12' title="bbox 478 1047 2027 1130">
     <span class='ocr_line' id='line_1_12' title="bbox 478 1047 2027 1130; baseline 0.012 -33"><span class='ocrx_word' id='word_1_68' title='bbox 478 1047 720 1101; x_wconf 84' lang='lat' dir='ltr'><strong>mebrem</strong></span> <span class='ocrx_word' id='word_1_69' title='bbox 768 1059 892 1117; x_wconf 85' lang='lat' dir='ltr'><strong>apte</strong></span> <span class='ocrx_word' id='word_1_70' title='bbox 935 1053 1187 1119; x_wconf 88' lang='lat' dir='ltr'><strong>dicimus,</strong></span> <span class='ocrx_word' id='word_1_71' title='bbox 1242 1071 1342 1111; x_wconf 92' lang='lat' dir='ltr'><strong>nec</strong></span> <span class='ocrx_word' id='word_1_72' title='bbox 1390 1058 1458 1112; x_wconf 91' lang='lat' dir='ltr'><strong>ad</strong></span> <span class='ocrx_word' id='word_1_73' title='bbox 1498 1060 1727 1114; x_wconf 93' lang='lat' dir='ltr'><strong>duorum</strong></span> <span class='ocrx_word' id='word_1_74' title='bbox 1766 1063 2027 1130; x_wconf 87' lang='lat' dir='ltr'><strong>graduum</strong></span> 
     </span>
    </p>
   </div>
   <div class='ocr_carea' id='block_1_13' title="bbox 480 1140 2028 1221">
    <p class='ocr_par' dir='ltr' id='par_1_13' title="bbox 480 1140 2028 1221">
     <span class='ocr_line' id='line_1_13' title="bbox 480 1140 2028 1221; baseline 0.014 -36"><span class='ocrx_word' id='word_1_75' title='bbox 480 1140 932 1195; x_wconf 70' lang='lat' dir='ltr'><strong>necessitudinem</strong></span> <span class='ocrx_word' id='word_1_76' title='bbox 998 1145 1187 1199; x_wconf 79' lang='lat' dir='ltr'><strong>referri</strong></span> <span class='ocrx_word' id='word_1_77' title='bbox 1246 1148 1505 1216; x_wconf 79' lang='lat' dir='ltr'><strong>coniuges</strong></span> <span class='ocrx_word' id='word_1_78' title='bbox 1556 1152 1706 1221; x_wconf 87' lang='lat' dir='ltr'><strong>(quo</strong></span> <span class='ocrx_word' id='word_1_79' title='bbox 1772 1153 1916 1206; x_wconf 90' lang='lat' dir='ltr'><strong>enim</strong></span> <span class='ocrx_word' id='word_1_80' title='bbox 1976 1154 2028 1207; x_wconf 87' lang='lat' dir='ltr'><strong>id</strong></span> 
     </span>
    </p>
   </div>
   <div class='ocr_carea' id='block_1_14' title="bbox 479 1228 2028 1310">
    <p class='ocr_par' dir='ltr' id='par_1_14' title="bbox 479 1228 2028 1310">
     <span class='ocr_line' id='line_1_14' title="bbox 479 1228 2028 1310; baseline 0.014 -34"><span class='ocrx_word' id='word_1_81' title='bbox 479 1234 636 1291; x_wconf 87' lang='lat' dir='ltr'><strong>pacto</strong></span> <span class='ocrx_word' id='word_1_82' title='bbox 664 1228 830 1283; x_wconf 85' lang='lat' dir='ltr'><strong>‘!cum</strong></span> <span class='ocrx_word' id='word_1_83' title='bbox 866 1234 1107 1287; x_wconf 88' lang='lat' dir='ltr'><strong>eamdem</strong></span> <span class='ocrx_word' id='word_1_84' title='bbox 1137 1235 1371 1291; x_wconf 89' lang='lat' dir='ltr'><strong>radicem</strong></span> <span class='ocrx_word' id='word_1_85' title='bbox 1406 1248 1459 1293; x_wconf 89' lang='lat' dir='ltr'><strong>et</strong></span> <span class='ocrx_word' id='word_1_86' title='bbox 1482 1243 1886 1310; x_wconf 72' lang='lat' dir='ltr'><strong>generationem</strong></span> <span class='ocrx_word' id='word_1_87' title='bbox 1922 1259 2028 1298; x_wconf 93' lang='lat' dir='ltr'><strong>non</strong></span> 
     </span>
    </p>
   </div>
   <div class='ocr_carea' id='block_1_15' title="bbox 479 1315 2027 1407">
    <p class='ocr_par' dir='ltr' id='par_1_15' title="bbox 479 1315 2027 1407">
     <span class='ocr_line' id='line_1_15' title="bbox 479 1315 2027 1407; baseline 0.015 -40"><span class='ocrx_word' id='word_1_88' title='bbox 479 1315 727 1383; x_wconf 86' lang='lat' dir='ltr'><strong>habeant,</strong></span> <span class='ocrx_word' id='word_1_89' title='bbox 755 1336 818 1375; x_wconf 91' lang='lat' dir='ltr'><strong>ac</strong></span> <span class='ocrx_word' id='word_1_90' title='bbox 851 1337 913 1377; x_wconf 85' lang='lat' dir='ltr'><strong>ea</strong></span> <span class='ocrx_word' id='word_1_91' title='bbox 941 1339 1106 1381; x_wconf 88' lang='lat' dir='ltr'><strong>causa</strong></span> <span class='ocrx_word' id='word_1_92' title='bbox 1141 1330 1459 1385; x_wconf 88' lang='lat' dir='ltr'><strong>naturaliter</strong></span> <span class='ocrx_word' id='word_1_93' title='bbox 1490 1348 1595 1385; x_wconf 91' lang='lat' dir='ltr'><strong>non</strong></span> <span class='ocrx_word' id='word_1_94' title='bbox 1627 1334 1977 1407; x_wconf 82' lang='lat' dir='ltr'><strong>dividantur)</strong></span> <span class='ocrx_word' id='word_1_95' title='bbox 2013 1355 2027 1390; x_wconf 89' lang='lat'><strong>:</strong></span> 
     </span>
    </p>
   </div>
   <div class='ocr_carea' id='block_1_16' title="bbox 476 1411 2031 1494">
    <p class='ocr_par' dir='ltr' id='par_1_16' title="bbox 476 1411 2031 1494">
     <span class='ocr_line' id='line_1_16' title="bbox 476 1411 2031 1494; baseline 0.015 -37"><span class='ocrx_word' id='word_1_96' title='bbox 476 1422 573 1460; x_wconf 89' lang='lat' dir='ltr'><strong>nee</strong></span> <span class='ocrx_word' id='word_1_97' title='bbox 619 1411 781 1464; x_wconf 86' lang='lat' dir='ltr'><strong>etiam</strong></span> <span class='ocrx_word' id='word_1_98' title='bbox 823 1416 983 1470; x_wconf 89' lang='lat' dir='ltr'><strong>unius</strong></span> <span class='ocrx_word' id='word_1_99' title='bbox 1029 1425 1081 1470; x_wconf 89' lang='lat' dir='ltr'><strong>et</strong></span> <span class='ocrx_word' id='word_1_100' title='bbox 1106 1418 1349 1487; x_wconf 83' lang='lat' dir='ltr'><strong>ejusdem</strong></span> <span class='ocrx_word' id='word_1_101' title='bbox 1391 1438 1508 1476; x_wconf 86' lang='lat' dir='ltr'><strong>esse</strong></span> <span class='ocrx_word' id='word_1_102' title='bbox 1552 1428 1775 1493; x_wconf 85' lang='lat' dir='ltr'><strong>gradus,</strong></span> <span class='ocrx_word' id='word_1_103' title='bbox 1814 1435 2031 1494; x_wconf 85' lang='lat' dir='ltr'><strong>propter</strong></span> 
     </span>
    </p>
   </div>
   <div class='ocr_carea' id='block_1_17' title="bbox 474 1499 2027 1584">
    <p class='ocr_par' dir='ltr' id='par_1_17' title="bbox 474 1499 2027 1584">
     <span class='ocr_line' id='line_1_17' title="bbox 474 1499 2027 1584; baseline 0.014 -37"><span class='ocrx_word' id='word_1_104' title='bbox 474 1499 730 1554; x_wconf 91' lang='lat' dir='ltr'><strong>unionem</strong></span> <span class='ocrx_word' id='word_1_105' title='bbox 756 1506 1050 1572; x_wconf 83' lang='lat' dir='ltr'><strong>carnalem,</strong></span> <span class='ocrx_word' id='word_1_106' title='bbox 1081 1518 1139 1563; x_wconf 91' lang='lat' dir='ltr'><strong>ut</strong></span> <span class='ocrx_word' id='word_1_107' title='bbox 1162 1510 1331 1565; x_wconf 91' lang='lat' dir='ltr'><strong>instar</strong></span> <span class='ocrx_word' id='word_1_108' title='bbox 1356 1513 1514 1568; x_wconf 87' lang='lat' dir='ltr'><strong>mulsi</strong></span> <span class='ocrx_word' id='word_1_109' title='bbox 1550 1516 2027 1584; x_wconf 88' lang='lat' dir='ltr'><strong>commisceantur,</strong></span> 
     </span>
    </p>
   </div>
   <div class='ocr_carea' id='block_1_18' title="bbox 473 1585 2028 1673">
    <p class='ocr_par' dir='ltr' id='par_1_18' title="bbox 473 1585 2028 1673">
     <span class='ocr_line' id='line_1_18' title="bbox 473 1585 2028 1673; baseline 0.014 -35"><span class='ocrx_word' id='word_1_110' title='bbox 473 1585 599 1655; x_wconf 88' lang='lat' dir='ltr'><strong>(qua</strong></span> <span class='ocrx_word' id='word_1_111' title='bbox 647 1590 789 1645; x_wconf 90' lang='lat' dir='ltr'><strong>enim</strong></span> <span class='ocrx_word' id='word_1_112' title='bbox 843 1593 894 1647; x_wconf 88' lang='lat' dir='ltr'><strong>id</strong></span> <span class='ocrx_word' id='word_1_113' title='bbox 931 1594 1045 1649; x_wconf 81' lang='lat' dir='ltr'><strong>ﬁeri</strong></span> <span class='ocrx_word' id='word_1_114' title='bbox 1079 1598 1289 1653; x_wconf 83' lang='lat' dir='ltr'><strong>ratione</strong></span> <span class='ocrx_word' id='word_1_115' title='bbox 1341 1602 1550 1668; x_wconf 87' lang='lat' dir='ltr'><strong>possit,</strong></span> <span class='ocrx_word' id='word_1_116' title='bbox 1606 1618 1729 1657; x_wconf 91' lang='lat' dir='ltr'><strong>cum</strong></span> <span class='ocrx_word' id='word_1_117' title='bbox 1788 1620 2028 1673; x_wconf 79' lang='lat' dir='ltr'><strong>personze</strong></span> 
     </span>
    </p>
   </div>
   <div class='ocr_carea' id='block_1_19' title="bbox 471 1681 2023 1760">
    <p class='ocr_par' dir='ltr' id='par_1_19' title="bbox 471 1681 2023 1760">
     <span class='ocr_line' id='line_1_19' title="bbox 471 1681 2023 1760; baseline 0.014 -33"><span class='ocrx_word' id='word_1_118' title='bbox 471 1689 727 1732; x_wconf 88' lang='lat' dir='ltr'><strong>maneant</strong></span> <span class='ocrx_word' id='word_1_119' title='bbox 759 1681 978 1751; x_wconf 73' lang='lat' dir='ltr'><strong>integra:</strong></span> <span class='ocrx_word' id='word_1_120' title='bbox 998 1685 1060 1755; x_wconf 86' lang='lat'><strong>?)</strong></span> <span class='ocrx_word' id='word_1_121' title='bbox 1090 1688 1183 1742; x_wconf 90' lang='lat' dir='ltr'><strong>sed</strong></span> <span class='ocrx_word' id='word_1_122' title='bbox 1210 1700 1430 1760; x_wconf 89' lang='lat' dir='ltr'><strong>propter</strong></span> <span class='ocrx_word' id='word_1_123' title='bbox 1453 1692 1686 1747; x_wconf 86' lang='lat' dir='ltr'><strong>divinam</strong></span> <span class='ocrx_word' id='word_1_124' title='bbox 1730 1708 1793 1747; x_wconf 90' lang='lat' dir='ltr'><strong>ac</strong></span> <span class='ocrx_word' id='word_1_125' title='bbox 1821 1697 2023 1748; x_wconf 86' lang='lat' dir='ltr'><strong>saluta-</strong></span> 
     </span>
    </p>
   </div>
   <div class='ocr_carea' id='block_1_20' title="bbox 473 1773 2025 1847">
    <p class='ocr_par' dir='ltr' id='par_1_20' title="bbox 473 1773 2025 1847">
     <span class='ocr_line' id='line_1_20' title="bbox 473 1773 2025 1847; baseline 0.016 -31"><span class='ocrx_word' id='word_1_126' title='bbox 473 1782 584 1819; x_wconf 87' lang='lat' dir='ltr'><strong>rem</strong></span> <span class='ocrx_word' id='word_1_127' title='bbox 608 1786 791 1826; x_wconf 83' lang='lat' dir='ltr'><strong>vocem</strong></span> <span class='ocrx_word' id='word_1_128' title='bbox 816 1773 1050 1843; x_wconf 89' lang='lat' dir='ltr'><strong>Domini,</strong></span> <span class='ocrx_word' id='word_1_129' title='bbox 1076 1787 1131 1834; x_wconf 91' lang='lat' dir='ltr'><strong>et</strong></span> <span class='ocrx_word' id='word_1_130' title='bbox 1154 1779 1271 1847; x_wconf 85' lang='lat' dir='ltr'><strong>Dei,</strong></span> <span class='ocrx_word' id='word_1_131' title='bbox 1300 1793 1352 1836; x_wconf 92' lang='lat' dir='ltr'><strong>et</strong></span> <span class='ocrx_word' id='word_1_132' title='bbox 1380 1786 1677 1842; x_wconf 77' lang='lat' dir='ltr'><strong>servatoris</strong></span> <span class='ocrx_word' id='word_1_133' title='bbox 1705 1788 1876 1840; x_wconf 87' lang='lat' dir='ltr'><strong>nostri</strong></span> <span class='ocrx_word' id='word_1_134' title='bbox 1898 1785 2025 1841; x_wconf 85' lang='lat' dir='ltr'><strong>Jesu</strong></span> 
     </span>
    </p>
   </div>
   <div class='ocr_carea' id='block_1_21' title="bbox 470 1856 2022 1949">
    <p class='ocr_par' dir='ltr' id='par_1_21' title="bbox 470 1856 2022 1949">
     <span class='ocr_line' id='line_1_21' title="bbox 470 1856 2022 1949; baseline 0.016 -39"><span class='ocrx_word' id='word_1_135' title='bbox 470 1856 698 1924; x_wconf 81' lang='lat' dir='ltr'><strong>Christi,</strong></span> <span class='ocrx_word' id='word_1_136' title='bbox 718 1862 808 1932; x_wconf 87' lang='lat' dir='ltr'><strong>qui</strong></span> <span class='ocrx_word' id='word_1_137' title='bbox 838 1865 972 1921; x_wconf 87' lang='lat' dir='ltr'><strong>dixit</strong></span> <span class='ocrx_word' id='word_1_138' title='bbox 995 1869 1059 1922; x_wconf 88' lang='lat' dir='ltr'><strong>ad</strong></span> <span class='ocrx_word' id='word_1_139' title='bbox 1085 1870 1383 1942; x_wconf 85' lang='lat' dir='ltr'><strong>discipulos</strong></span> <span class='ocrx_word' id='word_1_140' title='bbox 1409 1875 1581 1943; x_wconf 89' lang='lat' dir='ltr'><strong>ipsum</strong></span> <span class='ocrx_word' id='word_1_141' title='bbox 1609 1876 2022 1949; x_wconf 81' lang='lat' dir='ltr'><strong>interrogantes,</strong></span> 
     </span>
    </p>
   </div>
   <div class='ocr_carea' id='block_1_22' title="bbox 467 1947 2025 2032">
    <p class='ocr_par' dir='ltr' id='par_1_22' title="bbox 467 1947 2025 2032">
     <span class='ocr_line' id='line_1_22' title="bbox 467 1947 2025 2032; baseline 0.016 -34"><span class='ocrx_word' id='word_1_142' title='bbox 467 1947 730 2003; x_wconf 84' lang='lat' dir='ltr'><strong>liceretne</strong></span> <span class='ocrx_word' id='word_1_143' title='bbox 772 1953 976 2010; x_wconf 89' lang='lat' dir='ltr'><strong>homini</strong></span> <span class='ocrx_word' id='word_1_144' title='bbox 1015 1958 1283 2016; x_wconf 81' lang='lat' dir='ltr'><strong>divertere</strong></span> <span class='ocrx_word' id='word_1_145' title='bbox 1311 1963 1379 2015; x_wconf 88' lang='lat' dir='ltr'><strong>ab</strong></span> <span class='ocrx_word' id='word_1_146' title='bbox 1427 1979 1596 2020; x_wconf 79' lang='lat' dir='ltr'><strong>uxore</strong></span> <span class='ocrx_word' id='word_1_147' title='bbox 1646 1982 1765 2032; x_wconf 86' lang='lat' dir='ltr'><strong>sua,</strong></span> <span class='ocrx_word' id='word_1_148' title='bbox 1807 1947 2025 2023; x_wconf 82' lang='lat' dir='ltr'><strong>disertis</strong></span> 
     </span>
    </p>
   </div>
   <div class='ocr_carea' id='block_1_23' title="bbox 467 2041 2026 2127">
    <p class='ocr_par' dir='ltr' id='par_1_23' title="bbox 467 2041 2026 2127">
     <span class='ocr_line' id='line_1_23' title="bbox 467 2041 2026 2127; baseline 0.017 -38"><span class='ocrx_word' id='word_1_149' title='bbox 467 2041 648 2095; x_wconf 79' lang='lat' dir='ltr'><strong>verbis</strong></span> <span class='ocrx_word' id='word_1_150' title='bbox 679 2042 789 2097; x_wconf 56' lang='lat' dir='ltr'><strong>haec</strong></span> <span class='ocrx_word' id='word_1_151' title='bbox 821 2047 1240 2119; x_wconf 82' lang='lat' dir='ltr'><strong>subjungendo:</strong></span> <span class='ocrx_word' id='word_1_152' title='bbox 1279 2052 1395 2107; x_wconf 89' lang='lat' dir='ltr'><strong>Non</strong></span> <span class='ocrx_word' id='word_1_153' title='bbox 1423 2055 1651 2125; x_wconf 82' lang='lat' dir='ltr'><strong>legistis,</strong></span> <span class='ocrx_word' id='word_1_154' title='bbox 1681 2073 1801 2111; x_wconf 88' lang='lat' dir='ltr'><strong>eum</strong></span> <span class='ocrx_word' id='word_1_155' title='bbox 1836 2061 1926 2127; x_wconf 89' lang='lat' dir='ltr'><strong>qui</strong></span> <span class='ocrx_word' id='word_1_156' title='bbox 1957 2060 2026 2114; x_wconf 90' lang='lat' dir='ltr'><strong>ab</strong></span> 
     </span>
    </p>
   </div>
   <div class='ocr_carea' id='block_1_24' title="bbox 469 2131 2019 2218">
    <p class='ocr_par' dir='ltr' id='par_1_24' title="bbox 469 2131 2019 2218">
     <span class='ocr_line' id='line_1_24' title="bbox 469 2131 2019 2218; baseline 0.015 -37"><span class='ocrx_word' id='word_1_157' title='bbox 469 2131 619 2186; x_wconf 67' lang='lat' dir='ltr'><strong>initio</strong></span> <span class='ocrx_word' id='word_1_158' title='bbox 649 2150 734 2189; x_wconf 88' lang='lat' dir='ltr'><strong>res</strong></span> <span class='ocrx_word' id='word_1_159' title='bbox 750 2138 1010 2204; x_wconf 84' lang='lat' dir='ltr'><strong>condidit,</strong></span> <span class='ocrx_word' id='word_1_160' title='bbox 1044 2158 1242 2196; x_wconf 88' lang='lat' dir='ltr'><strong>marem</strong></span> <span class='ocrx_word' id='word_1_161' title='bbox 1261 2151 1313 2197; x_wconf 81' lang='lat' dir='ltr'><strong>et</strong></span> <span class='ocrx_word' id='word_1_162' title='bbox 1341 2144 1594 2201; x_wconf 80' lang='lat' dir='ltr'><strong>feminam</strong></span> <span class='ocrx_word' id='word_1_163' title='bbox 1622 2150 1769 2218; x_wconf 88' lang='lat' dir='ltr'><strong>ipsos</strong></span> <span class='ocrx_word' id='word_1_164' title='bbox 1799 2151 2019 2206; x_wconf 79' lang='lat' dir='ltr'><strong>fecisse:</strong></span> 
     </span>
    </p>
   </div>
   <div class='ocr_carea' id='block_1_25' title="bbox 466 2226 2025 2308">
    <p class='ocr_par' dir='ltr' id='par_1_25' title="bbox 466 2226 2025 2308">
     <span class='ocr_line' id='line_1_25' title="bbox 466 2226 2025 2308; baseline 0.013 -32"><span class='ocrx_word' id='word_1_165' title='bbox 466 2238 570 2290; x_wconf 88' lang='lat' dir='ltr'><strong>qua</strong></span> <span class='ocrx_word' id='word_1_166' title='bbox 618 2226 683 2282; x_wconf 89' lang='lat' dir='ltr'><strong>de</strong></span> <span class='ocrx_word' id='word_1_167' title='bbox 723 2246 888 2286; x_wconf 87' lang='lat' dir='ltr'><strong>causa</strong></span> <span class='ocrx_word' id='word_1_168' title='bbox 919 2236 1192 2304; x_wconf 84' lang='lat' dir='ltr'><strong>relinquet</strong></span> <span class='ocrx_word' id='word_1_169' title='bbox 1221 2238 1381 2294; x_wconf 92' lang='lat' dir='ltr'><strong>homo</strong></span> <span class='ocrx_word' id='word_1_170' title='bbox 1411 2248 1618 2308; x_wconf 85' lang='lat' dir='ltr'><strong>patrem</strong></span> <span class='ocrx_word' id='word_1_171' title='bbox 1646 2256 1803 2294; x_wconf 90' lang='lat' dir='ltr'><strong>suum</strong></span> <span class='ocrx_word' id='word_1_172' title='bbox 1833 2251 1886 2294; x_wconf 83' lang='lat' dir='ltr'><strong>et</strong></span> <span class='ocrx_word' id='word_1_173' title='bbox 1912 2259 2025 2296; x_wconf 91' lang='lat' dir='ltr'><strong>ma-</strong></span> 
     </span>
    </p>
   </div>
   <div class='ocr_carea' id='block_1_26' title="bbox 466 2320 2023 2391">
    <p class='ocr_par' dir='ltr' id='par_1_26' title="bbox 466 2320 2023 2391">
     <span class='ocr_line' id='line_1_26' title="bbox 466 2320 2023 2391; baseline 0.015 -26"><span class='ocrx_word' id='word_1_174' title='bbox 466 2320 625 2380; x_wconf 91' lang='lat' dir='ltr'><strong>trem,</strong></span> <span class='ocrx_word' id='word_1_175' title='bbox 654 2327 706 2372; x_wconf 92' lang='lat' dir='ltr'><strong>et</strong></span> <span class='ocrx_word' id='word_1_176' title='bbox 734 2323 1162 2391; x_wconf 82' lang='lat' dir='ltr'><strong>agglutiuabitur</strong></span> <span class='ocrx_word' id='word_1_177' title='bbox 1192 2329 1344 2382; x_wconf 77' lang='lat' dir='ltr'><strong>uxori</strong></span> <span class='ocrx_word' id='word_1_178' title='bbox 1392 2345 1523 2384; x_wconf 69' lang='lat' dir='ltr'><strong>suae.</strong></span> <span class='ocrx_word' id='word_1_179' title='bbox 1556 2329 1621 2383; x_wconf 86' lang='lat' dir='ltr'><strong>Et</strong></span> <span class='ocrx_word' id='word_1_180' title='bbox 1646 2339 1805 2385; x_wconf 89' lang='lat' dir='ltr'><strong>erunt</strong></span> <span class='ocrx_word' id='word_1_181' title='bbox 1834 2331 1886 2387; x_wconf 86' lang='lat' dir='ltr'><strong>hi</strong></span> <span class='ocrx_word' id='word_1_182' title='bbox 1916 2333 2023 2387; x_wconf 90' lang='lat' dir='ltr'><strong>duo</strong></span> 
     </span>
    </p>
   </div>
   <div class='ocr_carea' id='block_1_27' title="bbox 467 2405 2019 2489">
    <p class='ocr_par' dir='ltr' id='par_1_27' title="bbox 467 2405 2019 2489">
     <span class='ocr_line' id='line_1_27' title="bbox 467 2405 2019 2489; baseline 0.014 -33"><span class='ocrx_word' id='word_1_183' title='bbox 467 2405 519 2458; x_wconf 92' lang='lat' dir='ltr'><strong>in</strong></span> <span class='ocrx_word' id='word_1_184' title='bbox 548 2422 765 2464; x_wconf 88' lang='lat' dir='ltr'><strong>carnem</strong></span> <span class='ocrx_word' id='word_1_185' title='bbox 798 2428 983 2470; x_wconf 90' lang='lat' dir='ltr'><strong>unam.</strong></span> <span class='ocrx_word' id='word_1_186' title='bbox 1016 2417 1195 2482; x_wconf 81' lang='lat' dir='ltr'><strong>Quare</strong></span> <span class='ocrx_word' id='word_1_187' title='bbox 1220 2435 1329 2474; x_wconf 90' lang='lat' dir='ltr'><strong>non</strong></span> <span class='ocrx_word' id='word_1_188' title='bbox 1368 2422 1601 2489; x_wconf 88' lang='lat' dir='ltr'><strong>amplius</strong></span> <span class='ocrx_word' id='word_1_189' title='bbox 1634 2422 1743 2477; x_wconf 92' lang='lat' dir='ltr'><strong>duo</strong></span> <span class='ocrx_word' id='word_1_190' title='bbox 1768 2430 1895 2477; x_wconf 92' lang='lat' dir='ltr'><strong>sunt</strong></span> <span class='ocrx_word' id='word_1_191' title='bbox 1926 2424 2019 2477; x_wconf 92' lang='lat' dir='ltr'><strong>sed</strong></span> 
     </span>
    </p>
   </div>
   <div class='ocr_carea' id='block_1_28' title="bbox 465 2507 2023 2579">
    <p class='ocr_par' dir='ltr' id='par_1_28' title="bbox 465 2507 2023 2579">
     <span class='ocr_line' id='line_1_28' title="bbox 465 2507 2023 2579; baseline 0.011 -31"><span class='ocrx_word' id='word_1_192' title='bbox 465 2510 573 2549; x_wconf 90' lang='lat' dir='ltr'><strong>una</strong></span> <span class='ocrx_word' id='word_1_193' title='bbox 604 2510 732 2553; x_wconf 83' lang='lat' dir='ltr'><strong>caro</strong></span> <span class='ocrx_word' id='word_1_194' title='bbox 766 2518 780 2554; x_wconf 92' lang='lat'><strong>:</strong></span> <span class='ocrx_word' id='word_1_195' title='bbox 808 2513 1027 2572; x_wconf 84' lang='lat' dir='ltr'><strong>propter</strong></span> <span class='ocrx_word' id='word_1_196' title='bbox 1053 2507 1194 2562; x_wconf 90' lang='lat' dir='ltr'><strong>hanc</strong></span> <span class='ocrx_word' id='word_1_197' title='bbox 1218 2524 1346 2579; x_wconf 90' lang='lat' dir='ltr'><strong>ergo</strong></span> <span class='ocrx_word' id='word_1_198' title='bbox 1380 2526 1565 2565; x_wconf 82' lang='lat' dir='ltr'><strong>vocem</strong></span> <span class='ocrx_word' id='word_1_199' title='bbox 1596 2512 1819 2566; x_wconf 89' lang='lat' dir='ltr'><strong>credere</strong></span> <span class='ocrx_word' id='word_1_200' title='bbox 1844 2527 1945 2566; x_wconf 88' lang='lat' dir='ltr'><strong>nos</strong></span> <span class='ocrx_word' id='word_1_201' title='bbox 1969 2519 2023 2567; x_wconf 89' lang='lat' dir='ltr'><strong>et</strong></span> 
     </span>
    </p>
   </div>
   <div class='ocr_carea' id='block_1_29' title="bbox 464 2588 2019 2668">
    <p class='ocr_par' dir='ltr' id='par_1_29' title="bbox 464 2588 2019 2668">
     <span class='ocr_line' id='line_1_29' title="bbox 464 2588 2019 2668; baseline 0.014 -30"><span class='ocrx_word' id='word_1_202' title='bbox 464 2588 736 2654; x_wconf 82' lang='lat' dir='ltr'><strong>conﬁteri,</strong></span> <span class='ocrx_word' id='word_1_203' title='bbox 770 2608 934 2647; x_wconf 91' lang='lat' dir='ltr'><strong>unum</strong></span> <span class='ocrx_word' id='word_1_204' title='bbox 962 2601 1349 2666; x_wconf 84' lang='lat' dir='ltr'><strong>propemodum</strong></span> <span class='ocrx_word' id='word_1_205' title='bbox 1389 2603 1695 2657; x_wconf 89' lang='lat' dir='ltr'><strong>unamiuem</strong></span> <span class='ocrx_word' id='word_1_206' title='bbox 1725 2604 2019 2668; x_wconf 86' lang='lat' dir='ltr'><strong>hominem,</strong></span> 
     </span>
    </p>
   </div>
   <div class='ocr_carea' id='block_1_30' title="bbox 463 2680 2021 2767">
    <p class='ocr_par' dir='ltr' id='par_1_30' title="bbox 463 2680 2021 2767">
     <span class='ocr_line' id='line_1_30' title="bbox 463 2680 2021 2767; baseline 0.013 -35"><span class='ocrx_word' id='word_1_207' title='bbox 463 2680 554 2747; x_wconf 85' lang='lat' dir='ltr'><strong>qui</strong></span> <span class='ocrx_word' id='word_1_208' title='bbox 586 2681 799 2741; x_wconf 89' lang='lat' dir='ltr'><strong>duabus</strong></span> <span class='ocrx_word' id='word_1_209' title='bbox 835 2687 886 2740; x_wconf 90' lang='lat' dir='ltr'><strong>iu</strong></span> <span class='ocrx_word' id='word_1_210' title='bbox 931 2690 1178 2758; x_wconf 88' lang='lat' dir='ltr'><strong>personis</strong></span> <span class='ocrx_word' id='word_1_211' title='bbox 1214 2694 1460 2747; x_wconf 89' lang='lat' dir='ltr'><strong>cernitur</strong></span> <span class='ocrx_word' id='word_1_212' title='bbox 1486 2736 1500 2759; x_wconf 94' lang='lat'><strong>,</strong></span> <span class='ocrx_word' id='word_1_213' title='bbox 1540 2710 1637 2765; x_wconf 93' lang='lat' dir='ltr'><strong>pro</strong></span> <span class='ocrx_word' id='word_1_214' title='bbox 1697 2696 2021 2767; x_wconf 69' lang='lat' dir='ltr'><strong>coniugibus</strong></span> 
     </span>
    </p>
   </div>
   <div class='ocr_carea' id='block_1_31' title="bbox 464 2774 2017 2855">
    <p class='ocr_par' dir='ltr' id='par_1_31' title="bbox 464 2774 2017 2855">
     <span class='ocr_line' id='line_1_31' title="bbox 464 2774 2017 2855; baseline 0.014 -33"><span class='ocrx_word' id='word_1_215' title='bbox 464 2774 795 2830; x_wconf 81' lang='lat' dir='ltr'><strong>matrimonii</strong></span> <span class='ocrx_word' id='word_1_216' title='bbox 825 2794 989 2834; x_wconf 90' lang='lat' dir='ltr'><strong>causa</strong></span> <span class='ocrx_word' id='word_1_217' title='bbox 1023 2782 1228 2838; x_wconf 88' lang='lat' dir='ltr'><strong>haberi.</strong></span> <span class='ocrx_word' id='word_1_218' title='bbox 1260 2785 1363 2840; x_wconf 89' lang='lat' dir='ltr'><strong>Sed</strong></span> <span class='ocrx_word' id='word_1_219' title='bbox 1395 2786 1538 2840; x_wconf 90' lang='lat' dir='ltr'><strong>enim</strong></span> <span class='ocrx_word' id='word_1_220' title='bbox 1574 2788 2017 2855; x_wconf 87' lang='lat' dir='ltr'><strong>permittendum,</strong></span> 
     </span>
    </p>
   </div>
   <div class='ocr_carea' id='block_1_32' title="bbox 464 2865 2019 2950">
    <p class='ocr_par' dir='ltr' id='par_1_32' title="bbox 464 2865 2019 2950">
     <span class='ocr_line' id='line_1_32' title="bbox 464 2865 2019 2950; baseline 0.013 -35"><span class='ocrx_word' id='word_1_221' title='bbox 464 2871 523 2915; x_wconf 90' lang='lat' dir='ltr'><strong>ut</strong></span> <span class='ocrx_word' id='word_1_222' title='bbox 540 2865 686 2920; x_wconf 88' lang='lat' dir='ltr'><strong>rivus</strong></span> <span class='ocrx_word' id='word_1_223' title='bbox 705 2870 969 2927; x_wconf 88' lang='lat' dir='ltr'><strong>orationis</strong></span> <span class='ocrx_word' id='word_1_224' title='bbox 995 2875 1154 2929; x_wconf 88' lang='lat' dir='ltr'><strong>etiam</strong></span> <span class='ocrx_word' id='word_1_225' title='bbox 1177 2877 1243 2932; x_wconf 92' lang='lat' dir='ltr'><strong>ad</strong></span> <span class='ocrx_word' id='word_1_226' title='bbox 1268 2878 1413 2932; x_wconf 88' lang='lat' dir='ltr'><strong>aliud</strong></span> <span class='ocrx_word' id='word_1_227' title='bbox 1437 2879 1691 2947; x_wconf 90' lang='lat' dir='ltr'><strong>quiddam</strong></span> <span class='ocrx_word' id='word_1_228' title='bbox 1714 2887 2019 2950; x_wconf 87' lang='lat' dir='ltr'><strong>opportune</strong></span> 
     </span>
    </p>
   </div>
   <div class='ocr_carea' id='block_1_33' title="bbox 458 2964 663 3009">
    <p class='ocr_par' dir='ltr' id='par_1_33' title="bbox 458 2964 663 3009">
     <span class='ocr_line' id='line_1_33' title="bbox 458 2964 663 3009; baseline 0.015 -4"><span class='ocrx_word' id='word_1_229' title='bbox 458 2964 663 3009; x_wconf 68' lang='lat' dir='ltr'><strong>currat.</strong></span> 
     </span>
    </p>
   </div>
   <div class='ocr_carea' id='block_1_34' title="bbox 2135 512 3643 593">
    <p class='ocr_par' dir='ltr' id='par_1_34' title="bbox 2135 512 3643 593">
     <span class='ocr_line' id='line_1_34' title="bbox 2135 512 3643 593; baseline 0.014 -26"><span class='ocrx_word' id='word_1_230' title='bbox 2135 512 2589 586; x_wconf 81' lang='grc' dir='ltr'>ζυγοστατοῦντες</span> <span class='ocrx_word' id='word_1_231' title='bbox 2629 522 2716 576; x_wconf 79' lang='grc' dir='ltr'>διὰ</span> <span class='ocrx_word' id='word_1_232' title='bbox 2755 522 3021 593; x_wconf 85' lang='grc' dir='ltr'>βαδμίδων</span> <span class='ocrx_word' id='word_1_233' title='bbox 3060 524 3277 589; x_wconf 80' lang='grc' dir='ltr'>αὐτοὺς,</span> <span class='ocrx_word' id='word_1_234' title='bbox 3309 531 3443 584; x_wconf 84' lang='grc' dir='ltr'>κατά</span> <span class='ocrx_word' id='word_1_235' title='bbox 3462 532 3521 585; x_wconf 88' lang='grc' dir='ltr'><strong>τά</strong></span> <span class='ocrx_word' id='word_1_236' title='bbox 3540 550 3643 588; x_wconf 85' lang='grc' dir='ltr'>στα-</span> 
     </span>
    </p>
   </div>
   <div class='ocr_carea' id='block_1_35' title="bbox 2135 602 3644 686">
    <p class='ocr_par' dir='ltr' id='par_1_35' title="bbox 2135 602 3644 686">
     <span class='ocr_line' id='line_1_35' title="bbox 2135 602 3644 686; baseline 0.013 -30"><span class='ocrx_word' id='word_1_237' title='bbox 2135 602 2415 675; x_wconf 83' lang='grc' dir='ltr'>θμώμενα,</span> <span class='ocrx_word' id='word_1_238' title='bbox 2470 610 2506 679; x_wconf 66' lang='grc' dir='ltr'>ἢ</span> <span class='ocrx_word' id='word_1_239' title='bbox 2558 612 2917 684; x_wconf 77' lang='grc' dir='ltr'><strong>μετρούμενα,</strong></span> <span class='ocrx_word' id='word_1_240' title='bbox 2964 614 2997 684; x_wconf 83' lang='grc' dir='ltr'>ἢ</span> <span class='ocrx_word' id='word_1_241' title='bbox 3039 615 3424 686; x_wconf 85' lang='grc' dir='ltr'>ἀριθμούμενα,</span> <span class='ocrx_word' id='word_1_242' title='bbox 3466 620 3644 675; x_wconf 76' lang='grc' dir='ltr'>ἐοίκασι</span> 
     </span>
    </p>
   </div>
   <div class='ocr_carea' id='block_1_36' title="bbox 2133 696 3644 772">
    <p class='ocr_par' dir='ltr' id='par_1_36' title="bbox 2133 696 3644 772">
     <span class='ocr_line' id='line_1_36' title="bbox 2133 696 3644 772; baseline 0.012 -28"><span class='ocrx_word' id='word_1_243' title='bbox 2133 696 2244 756; x_wconf 82' lang='grc' dir='ltr'>τοῖς</span> <span class='ocrx_word' id='word_1_244' title='bbox 2265 696 2656 768; x_wconf 74' lang='grc' dir='ltr'>ἐρωτωμένοις,</span> <span class='ocrx_word' id='word_1_245' title='bbox 2713 702 2877 765; x_wconf 85' lang='grc' dir='ltr'>πόσος</span> <span class='ocrx_word' id='word_1_246' title='bbox 2925 705 3187 772; x_wconf 85' lang='grc' dir='ltr'>ἀμπίσχει</span> <span class='ocrx_word' id='word_1_247' title='bbox 3222 706 3333 757; x_wconf 87' lang='grc' dir='ltr'>τόδε</span> <span class='ocrx_word' id='word_1_248' title='bbox 3362 707 3417 759; x_wconf 77' lang='grc' dir='ltr'><strong>τὸ</strong></span> <span class='ocrx_word' id='word_1_249' title='bbox 3452 708 3644 763; x_wconf 78' lang='grc' dir='ltr'><strong>δάπεδον</strong></span> 
     </span>
    </p>
   </div>
   <div class='ocr_carea' id='block_1_37' title="bbox 2138 786 3647 867">
    <p class='ocr_par' dir='ltr' id='par_1_37' title="bbox 2138 786 3647 867">
     <span class='ocr_line' id='line_1_37' title="bbox 2138 786 3647 867; baseline 0.008 -29"><span class='ocrx_word' id='word_1_250' title='bbox 2138 786 2449 856; x_wconf 84' lang='grc' dir='ltr'>μάργαρος;</span> <span class='ocrx_word' id='word_1_251' title='bbox 2482 791 2575 842; x_wconf 79' lang='grc' dir='ltr'><strong>καὶ</strong></span> <span class='ocrx_word' id='word_1_252' title='bbox 2620 792 3086 861; x_wconf 81' lang='grc' dir='ltr'><strong>ἀποκρινομένοις,</strong></span> <span class='ocrx_word' id='word_1_253' title='bbox 3135 794 3327 855; x_wconf 87' lang='grc' dir='ltr'>διττός.</span> <span class='ocrx_word' id='word_1_254' title='bbox 3369 796 3516 859; x_wconf 83' lang='grc' dir='ltr'>Δίθος</span> <span class='ocrx_word' id='word_1_255' title='bbox 3555 799 3647 867; x_wconf 77' lang='grc' dir='ltr'>γὰρ</span> 
     </span>
    </p>
   </div>
   <div class='ocr_carea' id='block_1_38' title="bbox 2133 877 3649 957">
    <p class='ocr_par' dir='ltr' id='par_1_38' title="bbox 2133 877 3649 957">
     <span class='ocr_line' id='line_1_38' title="bbox 2133 877 3649 957; baseline 0.01 -32"><span class='ocrx_word' id='word_1_256' title='bbox 2133 877 2414 943; x_wconf 72' lang='grc' dir='ltr'>πρασίζων</span> <span class='ocrx_word' id='word_1_257' title='bbox 2461 880 2595 933; x_wconf 78' lang='grc' dir='ltr'>αὐτὸ</span> <span class='ocrx_word' id='word_1_258' title='bbox 2643 883 3041 950; x_wconf 81' lang='grc' dir='ltr'>περιζώννυσι,</span> <span class='ocrx_word' id='word_1_259' title='bbox 3100 886 3193 937; x_wconf 75' lang='grc' dir='ltr'><strong>καὶ</strong></span> <span class='ocrx_word' id='word_1_260' title='bbox 3249 885 3399 950; x_wconf 84' lang='grc' dir='ltr'>ξύλον</span> <span class='ocrx_word' id='word_1_261' title='bbox 3440 886 3649 957; x_wconf 82' lang='grc' dir='ltr'>κέδρινον</span> 
     </span>
    </p>
   </div>
   <div class='ocr_carea' id='block_1_39' title="bbox 2131 964 3651 1044">
    <p class='ocr_par' dir='ltr' id='par_1_39' title="bbox 2131 964 3651 1044">
     <span class='ocr_line' id='line_1_39' title="bbox 2131 964 3651 1044; baseline 0.009 -30"><span class='ocrx_word' id='word_1_262' title='bbox 2131 964 2503 1031; x_wconf 80' lang='grc' dir='ltr'><strong>ἀμφιέννυσιν.</strong></span> <span class='ocrx_word' id='word_1_263' title='bbox 2539 970 2744 1037; x_wconf 80' lang='grc' dir='ltr'>Ἀραρε</span> <span class='ocrx_word' id='word_1_264' title='bbox 2777 973 2955 1025; x_wconf 86' lang='grc' dir='ltr'>τοίνυν</span> <span class='ocrx_word' id='word_1_265' title='bbox 2984 973 3162 1038; x_wconf 77' lang='grc' dir='ltr'>λέγειν</span> <span class='ocrx_word' id='word_1_266' title='bbox 3191 975 3355 1043; x_wconf 82' lang='grc' dir='ltr'>ἡμᾶς,</span> <span class='ocrx_word' id='word_1_267' title='bbox 3392 977 3517 1043; x_wconf 81' lang='grc' dir='ltr'>μήτε</span> <span class='ocrx_word' id='word_1_268' title='bbox 3536 976 3651 1044; x_wconf 64' lang='grc' dir='ltr'>πρὸς</span> 
     </span>
    </p>
   </div>
   <div class='ocr_carea' id='block_1_40' title="bbox 2130 1052 3650 1130">
    <p class='ocr_par' dir='ltr' id='par_1_40' title="bbox 2130 1052 3650 1130">
     <span class='ocr_line' id='line_1_40' title="bbox 2130 1052 3650 1130; baseline 0.008 -27"><span class='ocrx_word' id='word_1_269' title='bbox 2130 1052 2223 1104; x_wconf 88' lang='grc' dir='ltr'><strong>δύο</strong></span> <span class='ocrx_word' id='word_1_270' title='bbox 2259 1053 2479 1124; x_wconf 81' lang='grc' dir='ltr'>βαθμῶν</span> <span class='ocrx_word' id='word_1_271' title='bbox 2528 1058 2835 1129; x_wconf 84' lang='grc' dir='ltr'>οἰκειότητα</span> <span class='ocrx_word' id='word_1_272' title='bbox 2872 1063 2995 1122; x_wconf 82' lang='grc' dir='ltr'>τοὺς</span> <span class='ocrx_word' id='word_1_273' title='bbox 3038 1060 3338 1130; x_wconf 78' lang='grc' dir='ltr'>ὁμοζύγους</span> <span class='ocrx_word' id='word_1_274' title='bbox 3366 1063 3650 1129; x_wconf 79' lang='grc' dir='ltr'>ἀνάγεσθαι,</span> 
     </span>
    </p>
   </div>
   <div class='ocr_carea' id='block_1_41' title="bbox 2132 1140 3654 1222">
    <p class='ocr_par' dir='ltr' id='par_1_41' title="bbox 2132 1140 3654 1222">
     <span class='ocr_line' id='line_1_41' title="bbox 2132 1140 3654 1222; baseline 0.007 -29"><span class='ocrx_word' id='word_1_275' title='bbox 2132 1140 2267 1210; x_wconf 85' lang='grc' dir='ltr'>(πῶς</span> <span class='ocrx_word' id='word_1_276' title='bbox 2293 1145 2418 1213; x_wconf 76' lang='grc' dir='ltr'>γὰρ,</span> <span class='ocrx_word' id='word_1_277' title='bbox 2442 1148 2489 1197; x_wconf 79' lang='lat' dir='ltr'><strong>oi</strong></span> <span class='ocrx_word' id='word_1_278' title='bbox 2524 1148 2597 1216; x_wconf 84' lang='grc' dir='ltr'>μὴ</span> <span class='ocrx_word' id='word_1_279' title='bbox 2625 1148 2721 1216; x_wconf 77' lang='grc' dir='ltr'>τὴν</span> <span class='ocrx_word' id='word_1_280' title='bbox 2750 1150 2918 1220; x_wconf 81' lang='grc' dir='ltr'>αὐτὴν</span> <span class='ocrx_word' id='word_1_281' title='bbox 2945 1152 3234 1220; x_wconf 72' lang='grc' dir='ltr'><strong>ἐσχηκότες</strong></span> <span class='ocrx_word' id='word_1_282' title='bbox 3260 1152 3408 1222; x_wconf 72' lang='grc' dir='ltr'>ῥίζαν</span> <span class='ocrx_word' id='word_1_283' title='bbox 3437 1154 3525 1204; x_wconf 73' lang='grc' dir='ltr'>καὶ</span> <span class='ocrx_word' id='word_1_284' title='bbox 3548 1153 3654 1219; x_wconf 66' lang='grc' dir='ltr'>γένη</span> 
     </span>
    </p>
   </div>
   <div class='ocr_carea' id='block_1_42' title="bbox 2130 1238 3654 1315">
    <p class='ocr_par' dir='ltr' id='par_1_42' title="bbox 2130 1238 3654 1315">
     <span class='ocr_line' id='line_1_42' title="bbox 2130 1238 3654 1315; baseline 0.007 -28"><span class='ocrx_word' id='word_1_285' title='bbox 2130 1254 2305 1303; x_wconf 87' lang='grc' dir='ltr'>νησιν,</span> <span class='ocrx_word' id='word_1_286' title='bbox 2353 1240 2445 1290; x_wconf 75' lang='grc' dir='ltr'><strong>καὶ</strong></span> <span class='ocrx_word' id='word_1_287' title='bbox 2495 1238 2581 1292; x_wconf 76' lang='grc' dir='ltr'>διὰ</span> <span class='ocrx_word' id='word_1_288' title='bbox 2624 1240 2782 1294; x_wconf 86' lang='grc' dir='ltr'>τοῦτο</span> <span class='ocrx_word' id='word_1_289' title='bbox 2825 1243 2955 1310; x_wconf 84' lang='grc' dir='ltr'>μηδὲ</span> <span class='ocrx_word' id='word_1_290' title='bbox 2990 1244 3231 1312; x_wconf 72' lang='grc' dir='ltr'>φυσικῶς</span> <span class='ocrx_word' id='word_1_291' title='bbox 3265 1243 3654 1315; x_wconf 81' lang='grc' dir='ltr'>διαιρούμενοι;)</span> 
     </span>
    </p>
   </div>
   <div class='ocr_carea' id='block_1_43' title="bbox 2133 1324 3657 1404">
    <p class='ocr_par' dir='ltr' id='par_1_43' title="bbox 2133 1324 3657 1404">
     <span class='ocr_line' id='line_1_43' title="bbox 2133 1324 3657 1404; baseline 0.007 -26"><span class='ocrx_word' id='word_1_292' title='bbox 2133 1326 2256 1395; x_wconf 83' lang='grc' dir='ltr'>μήτ’</span> <span class='ocrx_word' id='word_1_293' title='bbox 2306 1324 2398 1380; x_wconf 82' lang='grc' dir='ltr'><strong>οῦν</strong></span> <span class='ocrx_word' id='word_1_294' title='bbox 2437 1330 2553 1391; x_wconf 79' lang='grc' dir='ltr'>ἑνὸς</span> <span class='ocrx_word' id='word_1_295' title='bbox 2607 1332 2861 1397; x_wconf 83' lang='grc' dir='ltr'>γενέσθαι</span> <span class='ocrx_word' id='word_1_296' title='bbox 2895 1333 3101 1402; x_wconf 81' lang='grc' dir='ltr'>βαθμοῦ</span> <span class='ocrx_word' id='word_1_297' title='bbox 3124 1376 3138 1398; x_wconf 92' lang='grc'><strong>,</strong></span> <span class='ocrx_word' id='word_1_298' title='bbox 3172 1336 3260 1388; x_wconf 77' lang='grc' dir='ltr'>διὰ</span> <span class='ocrx_word' id='word_1_299' title='bbox 3288 1336 3384 1404; x_wconf 84' lang='grc' dir='ltr'>τὴν</span> <span class='ocrx_word' id='word_1_300' title='bbox 3423 1335 3657 1404; x_wconf 80' lang='grc' dir='ltr'>ἕνσαρκον</span> 
     </span>
    </p>
   </div>
   <div class='ocr_carea' id='block_1_44' title="bbox 2128 1417 3653 1494">
    <p class='ocr_par' dir='ltr' id='par_1_44' title="bbox 2128 1417 3653 1494">
     <span class='ocr_line' id='line_1_44' title="bbox 2128 1417 3653 1494; baseline 0.007 -26"><span class='ocrx_word' id='word_1_301' title='bbox 2128 1417 2341 1480; x_wconf 82' lang='grc' dir='ltr'>ἕνωσιν,</span> <span class='ocrx_word' id='word_1_302' title='bbox 2378 1420 2471 1471; x_wconf 72' lang='grc' dir='ltr'><strong>καὶ</strong></span> <span class='ocrx_word' id='word_1_303' title='bbox 2502 1422 2831 1490; x_wconf 78' lang='grc' dir='ltr'>συγχυθῆναι</span> <span class='ocrx_word' id='word_1_304' title='bbox 2859 1424 2999 1476; x_wconf 85' lang='grc' dir='ltr'><strong>κατά</strong></span> <span class='ocrx_word' id='word_1_305' title='bbox 3023 1424 3367 1494; x_wconf 82' lang='grc' dir='ltr'>μελίκρατον.</span> <span class='ocrx_word' id='word_1_306' title='bbox 3405 1425 3518 1486; x_wconf 85' lang='grc' dir='ltr'><strong>Πῶς</strong></span> <span class='ocrx_word' id='word_1_307' title='bbox 3541 1424 3653 1493; x_wconf 78' lang='grc' dir='ltr'>γάρς</span> 
     </span>
    </p>
   </div>
   <div class='ocr_carea' id='block_1_45' title="bbox 2128 1508 3656 1579">
    <p class='ocr_par' dir='ltr' id='par_1_45' title="bbox 2128 1508 3656 1579">
     <span class='ocr_line' id='line_1_45' title="bbox 2128 1508 3656 1579; baseline 0.004 -19"><span class='ocrx_word' id='word_1_308' title='bbox 2128 1508 2456 1575; x_wconf 73' lang='grc' dir='ltr'>Σωζομένων</span> <span class='ocrx_word' id='word_1_309' title='bbox 2507 1510 2863 1565; x_wconf 85' lang='grc' dir='ltr'>ἀδιαπτώτων</span> <span class='ocrx_word' id='word_1_310' title='bbox 2908 1515 3017 1566; x_wconf 77' lang='grc' dir='ltr'>τῶν</span> <span class='ocrx_word' id='word_1_311' title='bbox 3061 1515 3435 1579; x_wconf 82' lang='grc' dir='ltr'>ὑποστάσεων;</span> <span class='ocrx_word' id='word_1_312' title='bbox 3487 1514 3577 1567; x_wconf 74' lang='grc' dir='ltr'>Διά</span> <span class='ocrx_word' id='word_1_313' title='bbox 3609 1514 3656 1566; x_wconf 80' lang='grc' dir='ltr'>δὲ</span> 
     </span>
    </p>
   </div>
   <div class='ocr_carea' id='block_1_46' title="bbox 2131 1597 3656 1676">
    <p class='ocr_par' dir='ltr' id='par_1_46' title="bbox 2131 1597 3656 1676">
     <span class='ocr_line' id='line_1_46' title="bbox 2131 1597 3656 1676; baseline 0.004 -29"><span class='ocrx_word' id='word_1_314' title='bbox 2131 1597 2230 1667; x_wconf 81' lang='grc' dir='ltr'><strong>τὴν</strong></span> <span class='ocrx_word' id='word_1_315' title='bbox 2285 1598 2434 1650; x_wconf 80' lang='grc' dir='ltr'>θείαν</span> <span class='ocrx_word' id='word_1_316' title='bbox 2476 1600 2569 1652; x_wconf 71' lang='grc' dir='ltr'><strong>καὶ</strong></span> <span class='ocrx_word' id='word_1_317' title='bbox 2605 1602 2917 1672; x_wconf 75' lang='grc' dir='ltr'>σωτηριώδη</span> <span class='ocrx_word' id='word_1_318' title='bbox 2962 1605 3143 1676; x_wconf 74' lang='grc' dir='ltr'>φωνὴν</span> <span class='ocrx_word' id='word_1_319' title='bbox 3191 1605 3284 1658; x_wconf 86' lang='grc' dir='ltr'><strong>τοῦ</strong></span> <span class='ocrx_word' id='word_1_320' title='bbox 3322 1605 3539 1675; x_wconf 84' lang='grc' dir='ltr'>Κυρίου,</span> <span class='ocrx_word' id='word_1_321' title='bbox 3580 1603 3656 1655; x_wconf 71' lang='grc' dir='ltr'>καὶ</span> 
     </span>
    </p>
   </div>
   <div class='ocr_carea' id='block_1_47' title="bbox 2128 1686 3653 1762">
    <p class='ocr_par' dir='ltr' id='par_1_47' title="bbox 2128 1686 3653 1762">
     <span class='ocr_line' id='line_1_47' title="bbox 2128 1686 3653 1762; baseline 0.002 -22"><span class='ocrx_word' id='word_1_322' title='bbox 2128 1686 2257 1741; x_wconf 82' lang='grc' dir='ltr'>Θεοῦ</span> <span class='ocrx_word' id='word_1_323' title='bbox 2299 1689 2388 1740; x_wconf 73' lang='grc' dir='ltr'>καὶ</span> <span class='ocrx_word' id='word_1_324' title='bbox 2427 1689 2676 1758; x_wconf 84' lang='grc' dir='ltr'>Σωτῆρος</span> <span class='ocrx_word' id='word_1_325' title='bbox 2724 1690 2877 1761; x_wconf 80' lang='grc' dir='ltr'>ήμῶν</span> <span class='ocrx_word' id='word_1_326' title='bbox 2928 1692 3098 1761; x_wconf 80' lang='grc' dir='ltr'>Ἰησοῦ</span> <span class='ocrx_word' id='word_1_327' title='bbox 3146 1693 3400 1762; x_wconf 81' lang='grc' dir='ltr'>Χριστοῦ,</span> <span class='ocrx_word' id='word_1_328' title='bbox 3453 1692 3537 1744; x_wconf 80' lang='grc' dir='ltr'><strong>τοῦ</strong></span> <span class='ocrx_word' id='word_1_329' title='bbox 3588 1693 3653 1743; x_wconf 89' lang='grc' dir='ltr'>εί-</span> 
     </span>
    </p>
   </div>
   <div class='ocr_carea' id='block_1_48' title="bbox 2134 1781 3655 1853">
    <p class='ocr_par' dir='ltr' id='par_1_48' title="bbox 2134 1781 3655 1853">
     <span class='ocr_line' id='line_1_48' title="bbox 2134 1781 3655 1853; baseline -0.001 -20"><span class='ocrx_word' id='word_1_330' title='bbox 2134 1783 2323 1845; x_wconf 79' lang='grc' dir='ltr'>πόντος</span> <span class='ocrx_word' id='word_1_331' title='bbox 2356 1784 2491 1853; x_wconf 70' lang='grc' dir='ltr'>πρδς</span> <span class='ocrx_word' id='word_1_332' title='bbox 2530 1785 2652 1845; x_wconf 74' lang='grc' dir='ltr'>τοὺς</span> <span class='ocrx_word' id='word_1_333' title='bbox 2704 1784 3084 1853; x_wconf 80' lang='grc' dir='ltr'>ὲρωτήσαντας</span> <span class='ocrx_word' id='word_1_334' title='bbox 3122 1783 3283 1836; x_wconf 79' lang='grc' dir='ltr'>αὐτὸν</span> <span class='ocrx_word' id='word_1_335' title='bbox 3323 1782 3574 1853; x_wconf 78' lang='grc' dir='ltr'>μαθητὰς,</span> <span class='ocrx_word' id='word_1_336' title='bbox 3615 1781 3655 1832; x_wconf 85' lang='grc' dir='ltr'><strong>εί</strong></span> 
     </span>
    </p>
   </div>
   <div class='ocr_carea' id='block_1_49' title="bbox 2130 1870 3657 1945">
    <p class='ocr_par' dir='ltr' id='par_1_49' title="bbox 2130 1870 3657 1945">
     <span class='ocr_line' id='line_1_49' title="bbox 2130 1870 3657 1945; baseline -0.002 -21"><span class='ocrx_word' id='word_1_337' title='bbox 2130 1872 2337 1936; x_wconf 76' lang='grc' dir='ltr'>ἔξεστιν</span> <span class='ocrx_word' id='word_1_338' title='bbox 2384 1874 2654 1945; x_wconf 75' lang='grc' dir='ltr'>ἀνθρώπῳ</span> <span class='ocrx_word' id='word_1_339' title='bbox 2684 1874 2948 1928; x_wconf 83' lang='grc' dir='ltr'>ἀπολῦσαι</span> <span class='ocrx_word' id='word_1_340' title='bbox 2986 1874 3084 1943; x_wconf 85' lang='grc' dir='ltr'><strong>τὴν</strong></span> <span class='ocrx_word' id='word_1_341' title='bbox 3115 1875 3347 1941; x_wconf 88' lang='grc' dir='ltr'>γυναῖκα</span> <span class='ocrx_word' id='word_1_342' title='bbox 3376 1871 3550 1934; x_wconf 80' lang='grc' dir='ltr'>αὐτοῦ,</span> <span class='ocrx_word' id='word_1_343' title='bbox 3579 1870 3657 1921; x_wconf 75' lang='grc' dir='ltr'>καὶ</span> 
     </span>
    </p>
   </div>
   <div class='ocr_carea' id='block_1_50' title="bbox 2131 1963 3657 2035">
    <p class='ocr_par' dir='ltr' id='par_1_50' title="bbox 2131 1963 3657 2035">
     <span class='ocr_line' id='line_1_50' title="bbox 2131 1963 3657 2035; baseline -0.003 -19"><span class='ocrx_word' id='word_1_344' title='bbox 2131 1966 2499 2032; x_wconf 76' lang='grc' dir='ltr'>ἐπαγαγόντος</span> <span class='ocrx_word' id='word_1_345' title='bbox 2546 1965 2718 2019; x_wconf 82' lang='grc' dir='ltr'>ταῦτα</span> <span class='ocrx_word' id='word_1_346' title='bbox 2772 1965 2978 2035; x_wconf 73' lang='grc' dir='ltr'>ῥητῶςο</span> <span class='ocrx_word' id='word_1_347' title='bbox 3027 1965 3141 2018; x_wconf 79' lang='grc' dir='ltr'>Ούκ</span> <span class='ocrx_word' id='word_1_348' title='bbox 3199 1964 3482 2031; x_wconf 79' lang='grc' dir='ltr'>ἀνέγνωτε,</span> <span class='ocrx_word' id='word_1_349' title='bbox 3531 1963 3657 2015; x_wconf 83' lang='grc' dir='ltr'><strong>δτιὸ</strong></span> 
     </span>
    </p>
   </div>
   <div class='ocr_carea' id='block_1_51' title="bbox 2132 2051 3654 2126">
    <p class='ocr_par' dir='ltr' id='par_1_51' title="bbox 2132 2051 3654 2126">
     <span class='ocr_line' id='line_1_51' title="bbox 2132 2051 3654 2126; baseline -0.003 -17"><span class='ocrx_word' id='word_1_350' title='bbox 2132 2057 2360 2126; x_wconf 86' lang='grc' dir='ltr'>ποιήσας</span> <span class='ocrx_word' id='word_1_351' title='bbox 2399 2057 2672 2126; x_wconf 79' lang='grc' dir='ltr'>ἀπαρχῆς,</span> <span class='ocrx_word' id='word_1_352' title='bbox 2703 2058 2865 2125; x_wconf 80' lang='grc' dir='ltr'>ἄρσεν</span> <span class='ocrx_word' id='word_1_353' title='bbox 2894 2056 2987 2109; x_wconf 79' lang='grc' dir='ltr'>καὶ</span> <span class='ocrx_word' id='word_1_354' title='bbox 3013 2054 3145 2124; x_wconf 85' lang='grc' dir='ltr'>θῆλυ</span> <span class='ocrx_word' id='word_1_355' title='bbox 3181 2055 3430 2123; x_wconf 75' lang='grc' dir='ltr'>ἐποίησεν</span> <span class='ocrx_word' id='word_1_356' title='bbox 3452 2051 3654 2113; x_wconf 75' lang='grc' dir='ltr'>αὐτούς·</span> 
     </span>
    </p>
   </div>
   <div class='ocr_carea' id='block_1_52' title="bbox 2129 2143 3655 2216">
    <p class='ocr_par' dir='ltr' id='par_1_52' title="bbox 2129 2143 3655 2216">
     <span class='ocr_line' id='line_1_52' title="bbox 2129 2143 3655 2216; baseline -0.004 -17"><span class='ocrx_word' id='word_1_357' title='bbox 2129 2146 2224 2199; x_wconf 72' lang='grc' dir='ltr'><strong>καὶ</strong></span> <span class='ocrx_word' id='word_1_358' title='bbox 2260 2146 2442 2199; x_wconf 73' lang='grc' dir='ltr'>ἕνεκεν</span> <span class='ocrx_word' id='word_1_359' title='bbox 2469 2147 2658 2199; x_wconf 88' lang='grc' dir='ltr'>τούτου</span> <span class='ocrx_word' id='word_1_360' title='bbox 2704 2146 3018 2215; x_wconf 76' lang='grc' dir='ltr'>καταλείψει</span> <span class='ocrx_word' id='word_1_361' title='bbox 3052 2146 3147 2198; x_wconf 82' lang='grc' dir='ltr'>ἄνθ</span> <span class='ocrx_word' id='word_1_362' title='bbox 3159 2162 3338 2216; x_wconf 82' lang='grc' dir='ltr'>ρωπος</span> <span class='ocrx_word' id='word_1_363' title='bbox 3362 2145 3448 2197; x_wconf 83' lang='grc' dir='ltr'><strong>τὸν</strong></span> <span class='ocrx_word' id='word_1_364' title='bbox 3470 2143 3655 2212; x_wconf 81' lang='grc' dir='ltr'>πατέρα</span> 
     </span>
    </p>
   </div>
   <div class='ocr_carea' id='block_1_53' title="bbox 2129 2233 3653 2306">
    <p class='ocr_par' dir='ltr' id='par_1_53' title="bbox 2129 2233 3653 2306">
     <span class='ocr_line' id='line_1_53' title="bbox 2129 2233 3653 2306; baseline -0.005 -16"><span class='ocrx_word' id='word_1_365' title='bbox 2129 2236 2292 2290; x_wconf 78' lang='grc' dir='ltr'>αὑτοῦ</span> <span class='ocrx_word' id='word_1_366' title='bbox 2327 2236 2420 2286; x_wconf 75' lang='grc' dir='ltr'>καὶ</span> <span class='ocrx_word' id='word_1_367' title='bbox 2474 2236 2568 2304; x_wconf 81' lang='grc' dir='ltr'>τὴν</span> <span class='ocrx_word' id='word_1_368' title='bbox 2620 2238 2849 2306; x_wconf 80' lang='grc' dir='ltr'>μητέρα,</span> <span class='ocrx_word' id='word_1_369' title='bbox 2895 2236 2991 2289; x_wconf 85' lang='grc' dir='ltr'><strong>καὶ</strong></span> <span class='ocrx_word' id='word_1_370' title='bbox 3048 2234 3567 2305; x_wconf 81' lang='grc' dir='ltr'>προσκολληθήσεται</span> <span class='ocrx_word' id='word_1_371' title='bbox 3599 2233 3653 2300; x_wconf 75' lang='grc' dir='ltr'>τῇ</span> 
     </span>
    </p>
   </div>
   <div class='ocr_carea' id='block_1_54' title="bbox 2129 2324 3653 2394">
    <p class='ocr_par' dir='ltr' id='par_1_54' title="bbox 2129 2324 3653 2394">
     <span class='ocr_line' id='line_1_54' title="bbox 2129 2324 3653 2394; baseline -0.003 -16"><span class='ocrx_word' id='word_1_372' title='bbox 2129 2327 2347 2393; x_wconf 69' lang='grc' dir='ltr'>γυναικὶ</span> <span class='ocrx_word' id='word_1_373' title='bbox 2374 2327 2536 2380; x_wconf 70' lang='grc' dir='ltr'>αὑτοῦ</span> <span class='ocrx_word' id='word_1_374' title='bbox 2563 2343 2577 2358; x_wconf 90' lang='grc'><strong>·</strong></span> <span class='ocrx_word' id='word_1_375' title='bbox 2618 2328 2712 2379; x_wconf 76' lang='grc' dir='ltr'>καὶ</span> <span class='ocrx_word' id='word_1_376' title='bbox 2736 2328 2946 2379; x_wconf 73' lang='grc' dir='ltr'>ἔσονται</span> <span class='ocrx_word' id='word_1_377' title='bbox 2988 2328 3037 2380; x_wconf 89' lang='grc' dir='ltr'><strong>οί</strong></span> <span class='ocrx_word' id='word_1_378' title='bbox 3076 2326 3167 2380; x_wconf 79' lang='grc' dir='ltr'><strong>δύο</strong></span> <span class='ocrx_word' id='word_1_379' title='bbox 3198 2328 3278 2390; x_wconf 83' lang='grc' dir='ltr'><strong>είς</strong></span> <span class='ocrx_word' id='word_1_380' title='bbox 3318 2326 3490 2394; x_wconf 84' lang='grc' dir='ltr'>σάρκα</span> <span class='ocrx_word' id='word_1_381' title='bbox 3515 2324 3653 2392; x_wconf 81' lang='grc' dir='ltr'>μίαν·</span> 
     </span>
    </p>
   </div>
   <div class='ocr_carea' id='block_1_55' title="bbox 2128 2412 3657 2489">
    <p class='ocr_par' dir='ltr' id='par_1_55' title="bbox 2128 2412 3657 2489">
     <span class='ocr_line' id='line_1_55' title="bbox 2128 2412 3657 2489; baseline -0.007 -18"><span class='ocrx_word' id='word_1_382' title='bbox 2128 2419 2268 2471; x_wconf 81' lang='grc' dir='ltr'>ὥστε</span> <span class='ocrx_word' id='word_1_383' title='bbox 2305 2418 2484 2470; x_wconf 79' lang='grc' dir='ltr'>οὐκέτι</span> <span class='ocrx_word' id='word_1_384' title='bbox 2538 2418 2644 2470; x_wconf 72' lang='grc' dir='ltr'>εἰσὶ</span> <span class='ocrx_word' id='word_1_385' title='bbox 2696 2418 2805 2479; x_wconf 87' lang='grc' dir='ltr'>δύο.</span> <span class='ocrx_word' id='word_1_386' title='bbox 2857 2418 2994 2470; x_wconf 84' lang='grc' dir='ltr'><strong>ἀλλά</strong></span> <span class='ocrx_word' id='word_1_387' title='bbox 3042 2417 3178 2489; x_wconf 78' lang='grc' dir='ltr'>σὰρξ</span> <span class='ocrx_word' id='word_1_388' title='bbox 3227 2418 3354 2487; x_wconf 89' lang='grc' dir='ltr'>μία·</span> <span class='ocrx_word' id='word_1_389' title='bbox 3407 2412 3657 2469; x_wconf 78' lang='grc' dir='ltr'>πιστεύειν</span> 
     </span>
    </p>
   </div>
   <div class='ocr_carea' id='block_1_56' title="bbox 2128 2505 3654 2580">
    <p class='ocr_par' dir='ltr' id='par_1_56' title="bbox 2128 2505 3654 2580">
     <span class='ocr_line' id='line_1_56' title="bbox 2128 2505 3654 2580; baseline -0.005 -17"><span class='ocrx_word' id='word_1_390' title='bbox 2128 2512 2294 2580; x_wconf 75' lang='grc' dir='ltr'>ἡμᾶς,</span> <span class='ocrx_word' id='word_1_391' title='bbox 2331 2508 2424 2561; x_wconf 73' lang='grc' dir='ltr'><strong>καὶ</strong></span> <span class='ocrx_word' id='word_1_392' title='bbox 2456 2508 2754 2576; x_wconf 83' lang='grc' dir='ltr'>ὁμολογεῖν,</span> <span class='ocrx_word' id='word_1_393' title='bbox 2787 2507 2884 2562; x_wconf 75' lang='grc' dir='ltr'>ἕνα</span> <span class='ocrx_word' id='word_1_394' title='bbox 2930 2508 3117 2577; x_wconf 80' lang='grc' dir='ltr'>σχεδὸν</span> <span class='ocrx_word' id='word_1_395' title='bbox 3166 2508 3439 2578; x_wconf 78' lang='grc' dir='ltr'>δμόψυχον</span> <span class='ocrx_word' id='word_1_396' title='bbox 3466 2505 3654 2572; x_wconf 77' lang='grc' dir='ltr'>ἀνθρω-</span> 
     </span>
    </p>
   </div>
   <div class='ocr_carea' id='block_1_57' title="bbox 2128 2594 3658 2667">
    <p class='ocr_par' dir='ltr' id='par_1_57' title="bbox 2128 2594 3658 2667">
     <span class='ocr_line' id='line_1_57' title="bbox 2128 2594 3658 2667; baseline -0.001 -14"><span class='ocrx_word' id='word_1_397' title='bbox 2128 2618 2227 2653; x_wconf 85' lang='grc' dir='ltr'><strong>πον</strong></span> <span class='ocrx_word' id='word_1_398' title='bbox 2282 2600 2338 2651; x_wconf 82' lang='grc' dir='ltr'>ἐν</span> <span class='ocrx_word' id='word_1_399' title='bbox 2383 2598 2500 2650; x_wconf 68' lang='grc' dir='ltr'>δυσὶ</span> <span class='ocrx_word' id='word_1_400' title='bbox 2556 2597 2922 2667; x_wconf 82' lang='grc' dir='ltr'>θεωρούμενον</span> <span class='ocrx_word' id='word_1_401' title='bbox 2958 2598 3343 2661; x_wconf 82' lang='grc' dir='ltr'>ὑποστάσεσιν,</span> <span class='ocrx_word' id='word_1_402' title='bbox 3385 2594 3658 2666; x_wconf 72' lang='grc' dir='ltr'>ὁμοζύγονς</span> 
     </span>
    </p>
   </div>
   <div class='ocr_carea' id='block_1_58' title="bbox 2126 2684 3658 2759">
    <p class='ocr_par' dir='ltr' id='par_1_58' title="bbox 2126 2684 3658 2759">
     <span class='ocr_line' id='line_1_58' title="bbox 2126 2684 3658 2759; baseline -0.009 -13"><span class='ocrx_word' id='word_1_403' title='bbox 2126 2692 2213 2746; x_wconf 77' lang='grc' dir='ltr'>διὰ</span> <span class='ocrx_word' id='word_1_404' title='bbox 2237 2690 2325 2744; x_wconf 80' lang='grc' dir='ltr'><strong>τὸν</strong></span> <span class='ocrx_word' id='word_1_405' title='bbox 2359 2689 2532 2759; x_wconf 82' lang='grc' dir='ltr'>γάμον</span> <span class='ocrx_word' id='word_1_406' title='bbox 2557 2689 2882 2756; x_wconf 75' lang='grc' dir='ltr'>λογίζεσθαι.</span> <span class='ocrx_word' id='word_1_407' title='bbox 2934 2689 3094 2742; x_wconf 73' lang='grc' dir='ltr'>Ἀλλὰ</span> <span class='ocrx_word' id='word_1_408' title='bbox 3145 2688 3327 2741; x_wconf 85' lang='grc' dir='ltr'>δοτέον</span> <span class='ocrx_word' id='word_1_409' title='bbox 3358 2684 3658 2754; x_wconf 77' lang='grc' dir='ltr'>ἀναδραμεῖν</span> 
     </span>
    </p>
   </div>
   <div class='ocr_carea' id='block_1_59' title="bbox 2125 2778 3487 2850">
    <p class='ocr_par' dir='ltr' id='par_1_59' title="bbox 2125 2778 3487 2850">
     <span class='ocr_line' id='line_1_59' title="bbox 2125 2778 3487 2850; baseline -0.004 -14"><span class='ocrx_word' id='word_1_410' title='bbox 2125 2782 2218 2837; x_wconf 89' lang='grc' dir='ltr'><strong>τοῦ</strong></span> <span class='ocrx_word' id='word_1_411' title='bbox 2250 2782 2408 2850; x_wconf 82' lang='grc' dir='ltr'>λόγου</span> <span class='ocrx_word' id='word_1_412' title='bbox 2434 2780 2523 2833; x_wconf 81' lang='grc' dir='ltr'><strong>τὸν</strong></span> <span class='ocrx_word' id='word_1_413' title='bbox 2555 2780 2729 2850; x_wconf 77' lang='grc' dir='ltr'>ῥύακα</span> <span class='ocrx_word' id='word_1_414' title='bbox 2758 2780 2848 2833; x_wconf 79' lang='grc' dir='ltr'>καὶ</span> <span class='ocrx_word' id='word_1_415' title='bbox 2884 2780 3016 2850; x_wconf 78' lang='grc' dir='ltr'>πρὸς</span> <span class='ocrx_word' id='word_1_416' title='bbox 3041 2781 3231 2850; x_wconf 75' lang='grc' dir='ltr'>ἓτερον</span> <span class='ocrx_word' id='word_1_417' title='bbox 3259 2778 3487 2848; x_wconf 87' lang='grc' dir='ltr'>καίριον.</span> 
     </span>
    </p>
   </div>
   <div class='ocr_carea' id='block_1_60' title="bbox 536 3045 2017 3143">
    <p class='ocr_par' dir='ltr' id='par_1_60' title="bbox 536 3045 2017 3133">
     <span class='ocr_line' id='line_1_60' title="bbox 536 3045 2017 3133; baseline 0.017 -35"><span class='ocrx_word' id='word_1_418' title='bbox 536 3045 808 3115; x_wconf 86' lang='lat' dir='ltr'><strong>Unigeniti</strong></span> <span class='ocrx_word' id='word_1_419' title='bbox 842 3048 964 3104; x_wconf 88' lang='lat' dir='ltr'><strong>Filii</strong></span> <span class='ocrx_word' id='word_1_420' title='bbox 1000 3050 1087 3106; x_wconf 89' lang='lat' dir='ltr'><strong>Dei</strong></span> <span class='ocrx_word' id='word_1_421' title='bbox 1128 3053 1694 3124; x_wconf 76' lang='lat' dir='ltr'><strong>incomprehensibilis</strong></span> <span class='ocrx_word' id='word_1_422' title='bbox 1730 3077 1859 3133; x_wconf 84' lang='lat' dir='ltr'><strong>erga</strong></span> <span class='ocrx_word' id='word_1_423' title='bbox 1916 3082 2017 3123; x_wconf 92' lang='lat' dir='ltr'><strong>nos</strong></span> 
     </span>
    </p>
   </div>
   <div class='ocr_carea' id='block_1_61' title="bbox 2122 3045 3658 3143">
    <p class='ocr_par' dir='ltr' id='par_1_61' title="bbox 2207 3053 3658 3125">
     <span class='ocr_line' id='line_1_61' title="bbox 2207 3053 3658 3125; baseline -0.001 -12"><span class='ocrx_word' id='word_1_424' title='bbox 2207 3058 2271 3113; x_wconf 85' lang='grc' dir='ltr'><strong><em>Ἦ</em></strong></span> <span class='ocrx_word' id='word_1_425' title='bbox 2317 3055 2408 3109; x_wconf 85' lang='grc' dir='ltr'><strong>τοῦ</strong></span> <span class='ocrx_word' id='word_1_426' title='bbox 2471 3055 2789 3125; x_wconf 74' lang='grc' dir='ltr'>μονογενοῦς</span> <span class='ocrx_word' id='word_1_427' title='bbox 2846 3054 2977 3108; x_wconf 85' lang='grc' dir='ltr'>Υίοῦ</span> <span class='ocrx_word' id='word_1_428' title='bbox 3037 3053 3132 3109; x_wconf 86' lang='grc' dir='ltr'><strong>τοῦ</strong></span> <span class='ocrx_word' id='word_1_429' title='bbox 3178 3056 3317 3109; x_wconf 87' lang='grc' dir='ltr'>Θεοῦ</span> <span class='ocrx_word' id='word_1_430' title='bbox 3371 3054 3503 3125; x_wconf 77' lang='grc' dir='ltr'>πρὸς</span> <span class='ocrx_word' id='word_1_431' title='bbox 3530 3053 3658 3123; x_wconf 70' lang='grc' dir='ltr'>ἡμᾶς</span> 
     </span>
    </p>
   </div>
   <div class='ocr_carea' id='block_1_62' title="bbox 463 3136 2020 3220">
    <p class='ocr_par' dir='ltr' id='par_1_62' title="bbox 463 3136 2020 3220">
     <span class='ocr_line' id='line_1_62' title="bbox 463 3136 2020 3220; baseline 0.019 -37"><span class='ocrx_word' id='word_1_432' title='bbox 463 3136 742 3201; x_wconf 82' lang='lat' dir='ltr'><strong>demissio,</strong></span> <span class='ocrx_word' id='word_1_433' title='bbox 770 3148 823 3193; x_wconf 91' lang='lat' dir='ltr'><strong>et</strong></span> <span class='ocrx_word' id='word_1_434' title='bbox 858 3142 1054 3213; x_wconf 89' lang='lat' dir='ltr'><strong>pignus</strong></span> <span class='ocrx_word' id='word_1_435' title='bbox 1078 3146 1269 3201; x_wconf 88' lang='lat' dir='ltr'><strong>salutis</strong></span> <span class='ocrx_word' id='word_1_436' title='bbox 1296 3147 1512 3204; x_wconf 87' lang='lat' dir='ltr'><strong>humani</strong></span> <span class='ocrx_word' id='word_1_437' title='bbox 1538 3153 1771 3220; x_wconf 84' lang='lat' dir='ltr'><strong>generis,</strong></span> <span class='ocrx_word' id='word_1_438' title='bbox 1799 3171 1921 3210; x_wconf 93' lang='lat' dir='ltr'><strong>cum</strong></span> <span class='ocrx_word' id='word_1_439' title='bbox 1955 3174 2020 3212; x_wconf 80' lang='lat' dir='ltr'><strong>ex</strong></span> 
     </span>
    </p>
   </div>
   <div class='ocr_carea' id='block_1_63' title="bbox 463 3229 2017 3307">
    <p class='ocr_par' dir='ltr' id='par_1_63' title="bbox 463 3229 2017 3307">
     <span class='ocr_line' id='line_1_63' title="bbox 463 3229 2017 3307; baseline 0.014 -28"><span class='ocrx_word' id='word_1_440' title='bbox 463 3229 585 3284; x_wconf 89' lang='lat' dir='ltr'><strong>aliis</strong></span> <span class='ocrx_word' id='word_1_441' title='bbox 623 3232 809 3286; x_wconf 92' lang='lat' dir='ltr'><strong>multis</strong></span> <span class='ocrx_word' id='word_1_442' title='bbox 840 3236 1112 3304; x_wconf 85' lang='lat' dir='ltr'><strong>mysteriis</strong></span> <span class='ocrx_word' id='word_1_443' title='bbox 1146 3240 1541 3307; x_wconf 84' lang='lat' dir='ltr'><strong>magniﬁcatur.</strong></span> <span class='ocrx_word' id='word_1_444' title='bbox 1578 3250 1690 3297; x_wconf 90' lang='lat' dir='ltr'><strong>lum</strong></span> <span class='ocrx_word' id='word_1_445' title='bbox 1724 3246 1883 3299; x_wconf 84' lang='lat' dir='ltr'><strong>etiam</strong></span> <span class='ocrx_word' id='word_1_446' title='bbox 1912 3264 2017 3301; x_wconf 82' lang='lat' dir='ltr'><strong>non</strong></span> 
     </span>
    </p>
   </div>
   <div class='ocr_carea' id='block_1_64' title="bbox 464 3320 2020 3406">
    <p class='ocr_par' dir='ltr' id='par_1_64' title="bbox 464 3320 2020 3406">
     <span class='ocr_line' id='line_1_64' title="bbox 464 3320 2020 3406; baseline 0.012 -33"><span class='ocrx_word' id='word_1_447' title='bbox 464 3335 651 3387; x_wconf 88' lang='lat' dir='ltr'><strong>parum</strong></span> <span class='ocrx_word' id='word_1_448' title='bbox 684 3320 1019 3389; x_wconf 80' lang='lat' dir='ltr'><strong>gleriﬁcatur</strong></span> <span class='ocrx_word' id='word_1_449' title='bbox 1043 3342 1107 3380; x_wconf 82' lang='lat' dir='ltr'><strong>ex</strong></span> <span class='ocrx_word' id='word_1_450' title='bbox 1142 3327 1515 3387; x_wconf 87' lang='lat' dir='ltr'><strong>benedictione</strong></span> <span class='ocrx_word' id='word_1_451' title='bbox 1542 3336 1790 3402; x_wconf 82' lang='lat' dir='ltr'><strong>nuptiali.</strong></span> <span class='ocrx_word' id='word_1_452' title='bbox 1810 3336 2020 3406; x_wconf 77' lang='lat' dir='ltr'><strong>Quippe</strong></span> 
     </span>
    </p>
   </div>
   <div class='ocr_carea' id='block_1_65' title="bbox 461 3411 2021 3505">
    <p class='ocr_par' dir='ltr' id='par_1_65' title="bbox 461 3411 2021 3505">
     <span class='ocr_line' id='line_1_65' title="bbox 461 3411 2021 3505; baseline 0.012 -44"><span class='ocrx_word' id='word_1_453' title='bbox 461 3424 587 3463; x_wconf 90' lang='lat' dir='ltr'><strong>cum</strong></span> <span class='ocrx_word' id='word_1_454' title='bbox 618 3411 849 3466; x_wconf 68' lang='lat' dir='ltr'><strong>obnoxia</strong></span> <span class='ocrx_word' id='word_1_455' title='bbox 884 3426 1106 3481; x_wconf 84' lang='lat' dir='ltr'><strong>peccato</strong></span> <span class='ocrx_word' id='word_1_456' title='bbox 1136 3418 1451 3486; x_wconf 64' lang='lat' dir='ltr'><strong>coniunctio</strong></span> <span class='ocrx_word' id='word_1_457' title='bbox 1486 3423 1538 3476; x_wconf 91' lang='lat' dir='ltr'><strong>in</strong></span> <span class='ocrx_word' id='word_1_458' title='bbox 1576 3426 1883 3479; x_wconf 90' lang='lat' dir='ltr'><strong>universam</strong></span> <span class='ocrx_word' id='word_1_459' title='bbox 1904 3428 2021 3505; x_wconf 44' lang='lat' dir='ltr'><strong>&#39;ho—</strong></span> 
     </span>
    </p>
   </div>
   <div class='ocr_carea' id='block_1_66' title="bbox 463 3501 2017 3586">
    <p class='ocr_par' dir='ltr' id='par_1_66' title="bbox 463 3501 2017 3586">
     <span class='ocr_line' id='line_1_66' title="bbox 463 3501 2017 3586; baseline 0.014 -36"><span class='ocrx_word' id='word_1_460' title='bbox 463 3501 668 3554; x_wconf 89' lang='lat' dir='ltr'><strong>miuum</strong></span> <span class='ocrx_word' id='word_1_461' title='bbox 716 3518 950 3558; x_wconf 87' lang='lat' dir='ltr'><strong>massam</strong></span> <span class='ocrx_word' id='word_1_462' title='bbox 994 3506 1184 3562; x_wconf 79' lang='lat' dir='ltr'><strong>luisset</strong></span> <span class='ocrx_word' id='word_1_463' title='bbox 1229 3510 1406 3565; x_wconf 87' lang='lat' dir='ltr'><strong>dedita</strong></span> <span class='ocrx_word' id='word_1_464' title='bbox 1450 3522 1571 3581; x_wconf 91' lang='lat' dir='ltr'><strong>post</strong></span> <span class='ocrx_word' id='word_1_465' title='bbox 1600 3514 1852 3586; x_wconf 88' lang='lat' dir='ltr'><strong>draconis</strong></span> <span class='ocrx_word' id='word_1_466' title='bbox 1877 3501 2017 3572; x_wconf 55' lang='lat' dir='ltr'><strong>invio</strong></span> 
     </span>
    </p>
   </div>
   <div class='ocr_carea' id='block_1_67' title="bbox 460 3590 2020 3679">
    <p class='ocr_par' dir='ltr' id='par_1_67' title="bbox 460 3590 2020 3679">
     <span class='ocr_line' id='line_1_67' title="bbox 460 3590 2020 3679; baseline 0.014 -36"><span class='ocrx_word' id='word_1_467' title='bbox 460 3590 630 3654; x_wconf 85' lang='lat' dir='ltr'><strong>diam,</strong></span> <span class='ocrx_word' id='word_1_468' title='bbox 670 3602 723 3646; x_wconf 92' lang='lat' dir='ltr'><strong>et</strong></span> <span class='ocrx_word' id='word_1_469' title='bbox 768 3598 1005 3652; x_wconf 86' lang='lat' dir='ltr'><strong>mandati</strong></span> <span class='ocrx_word' id='word_1_470' title='bbox 1043 3599 1211 3654; x_wconf 67' lang='lat' dir='ltr'><strong>divini</strong></span> <span class='ocrx_word' id='word_1_471' title='bbox 1246 3606 1754 3672; x_wconf 80' lang='lat' dir='ltr'><strong>transgressionem,</strong></span> <span class='ocrx_word' id='word_1_472' title='bbox 1798 3608 2020 3679; x_wconf 85' lang='lat' dir='ltr'><strong>jamque</strong></span> 
     </span>
    </p>
   </div>
   <div class='ocr_carea' id='block_1_68' title="bbox 462 3684 2018 3764">
    <p class='ocr_par' dir='ltr' id='par_1_68' title="bbox 462 3684 2018 3764">
     <span class='ocr_line' id='line_1_68' title="bbox 462 3684 2018 3764; baseline 0.012 -30"><span class='ocrx_word' id='word_1_473' title='bbox 462 3684 660 3736; x_wconf 88' lang='lat' dir='ltr'><strong>malum</strong></span> <span class='ocrx_word' id='word_1_474' title='bbox 691 3686 816 3739; x_wconf 83' lang='lat' dir='ltr'><strong>illud</strong></span> <span class='ocrx_word' id='word_1_475' title='bbox 838 3688 903 3741; x_wconf 89' lang='lat' dir='ltr'><strong>ad</strong></span> <span class='ocrx_word' id='word_1_476' title='bbox 927 3688 1030 3742; x_wconf 89' lang='lat' dir='ltr'><strong>alia</strong></span> <span class='ocrx_word' id='word_1_477' title='bbox 1049 3691 1189 3743; x_wconf 89' lang='lat' dir='ltr'><strong>mala</strong></span> <span class='ocrx_word' id='word_1_478' title='bbox 1213 3693 1415 3759; x_wconf 74' lang='lat' dir='ltr'><strong>majora</strong></span> <span class='ocrx_word' id='word_1_479' title='bbox 1445 3696 1796 3763; x_wconf 82' lang='lat' dir='ltr'><strong>processisset</strong></span> <span class='ocrx_word' id='word_1_480' title='bbox 1824 3716 1839 3764; x_wconf 91' lang='lat'><strong>;</strong></span> <span class='ocrx_word' id='word_1_481' title='bbox 1870 3714 2018 3753; x_wconf 72' lang='lat' dir='ltr'><strong>cura:</strong></span> 
     </span>
    </p>
   </div>
   <div class='ocr_carea' id='block_1_69' title="bbox 460 3773 2013 3848">
    <p class='ocr_par' dir='ltr' id='par_1_69' title="bbox 460 3773 2013 3848">
     <span class='ocr_line' id='line_1_69' title="bbox 460 3773 2013 3848; baseline 0.01 -21"><span class='ocrx_word' id='word_1_482' title='bbox 460 3773 694 3843; x_wconf 84' lang='lat' dir='ltr'><strong>benigno</strong></span> <span class='ocrx_word' id='word_1_483' title='bbox 729 3775 838 3830; x_wconf 90' lang='lat' dir='ltr'><strong>Deo</strong></span> <span class='ocrx_word' id='word_1_484' title='bbox 880 3778 979 3831; x_wconf 78' lang='lat' dir='ltr'><strong>fuit</strong></span> <span class='ocrx_word' id='word_1_485' title='bbox 1016 3783 1355 3848; x_wconf 87' lang='lat' dir='ltr'><strong>regeneratio</strong></span> <span class='ocrx_word' id='word_1_486' title='bbox 1385 3791 1572 3838; x_wconf 89' lang='lat' dir='ltr'><strong>nostra</strong></span> <span class='ocrx_word' id='word_1_487' title='bbox 1602 3796 1655 3841; x_wconf 93' lang='lat' dir='ltr'><strong>et</strong></span> <span class='ocrx_word' id='word_1_488' title='bbox 1674 3787 2013 3843; x_wconf 87' lang='lat' dir='ltr'><strong>instauratio.</strong></span> 
     </span>
    </p>
   </div>
   <div class='ocr_carea' id='block_1_70' title="bbox 461 3861 2017 3935">
    <p class='ocr_par' dir='ltr' id='par_1_70' title="bbox 461 3861 2017 3935">
     <span class='ocr_line' id='line_1_70' title="bbox 461 3861 2017 3935; baseline 0.01 -20"><span class='ocrx_word' id='word_1_489' title='bbox 461 3861 645 3931; x_wconf 88' lang='lat' dir='ltr'><strong>Itaque</strong></span> <span class='ocrx_word' id='word_1_490' title='bbox 658 3879 778 3918; x_wconf 91' lang='lat' dir='ltr'><strong>cum</strong></span> <span class='ocrx_word' id='word_1_491' title='bbox 800 3868 1111 3935; x_wconf 84' lang='lat' dir='ltr'><strong>unigenitus</strong></span> <span class='ocrx_word' id='word_1_492' title='bbox 1133 3870 1220 3923; x_wconf 85' lang='lat' dir='ltr'><strong>Dei</strong></span> <span class='ocrx_word' id='word_1_493' title='bbox 1256 3868 1421 3926; x_wconf 83' lang='lat' dir='ltr'><strong>Filius</strong></span> <span class='ocrx_word' id='word_1_494' title='bbox 1444 3872 1603 3928; x_wconf 90' lang='lat' dir='ltr'><strong>homo</strong></span> <span class='ocrx_word' id='word_1_495' title='bbox 1630 3875 1808 3931; x_wconf 84' lang='lat' dir='ltr'><strong>factus</strong></span> <span class='ocrx_word' id='word_1_496' title='bbox 1825 3878 2017 3933; x_wconf 78' lang='lat' dir='ltr'><strong>fuisset</strong></span> 
     </span>
    </p>
   </div>
   <div class='ocr_carea' id='block_1_71' title="bbox 459 3953 2018 4028">
    <p class='ocr_par' dir='ltr' id='par_1_71' title="bbox 459 3953 2018 4028">
     <span class='ocr_line' id='line_1_71' title="bbox 459 3953 2018 4028; baseline 0.012 -23"><span class='ocrx_word' id='word_1_497' title='bbox 459 3953 634 4009; x_wconf 89' lang='lat' dir='ltr'><strong>instar</strong></span> <span class='ocrx_word' id='word_1_498' title='bbox 679 3966 944 4023; x_wconf 90' lang='lat' dir='ltr'><strong>nostrum,</strong></span> <span class='ocrx_word' id='word_1_499' title='bbox 982 3969 1202 4028; x_wconf 88' lang='lat' dir='ltr'><strong>propter</strong></span> <span class='ocrx_word' id='word_1_500' title='bbox 1243 3978 1363 4027; x_wconf 86' lang='lat' dir='ltr'><strong>nos,</strong></span> <span class='ocrx_word' id='word_1_501' title='bbox 1399 3973 1450 4019; x_wconf 87' lang='lat' dir='ltr'><strong>et</strong></span> <span class='ocrx_word' id='word_1_502' title='bbox 1486 3981 1698 4021; x_wconf 85' lang='lat' dir='ltr'><strong>onmem</strong></span> <span class='ocrx_word' id='word_1_503' title='bbox 1731 3970 1889 4022; x_wconf 86' lang='lat' dir='ltr'><strong>aliam</strong></span> <span class='ocrx_word' id='word_1_504' title='bbox 1922 3971 2018 4023; x_wconf 90' lang='lat' dir='ltr'><strong>ad-</strong></span> 
     </span>
    </p>
   </div>
   <div class='ocr_carea' id='block_1_72' title="bbox 458 4042 2016 4126">
    <p class='ocr_par' dir='ltr' id='par_1_72' title="bbox 458 4042 2016 4126">
     <span class='ocr_line' id='line_1_72' title="bbox 458 4042 2016 4126; baseline 0.013 -34"><span class='ocrx_word' id='word_1_505' title='bbox 458 4042 913 4098; x_wconf 86' lang='lat' dir='ltr'><strong>ministrationem</strong></span> <span class='ocrx_word' id='word_1_506' title='bbox 945 4049 1239 4116; x_wconf 84' lang='lat' dir='ltr'><strong>implesset,</strong></span> <span class='ocrx_word' id='word_1_507' title='bbox 1275 4053 1349 4106; x_wconf 89' lang='lat' dir='ltr'><strong>uti</strong></span> <span class='ocrx_word' id='word_1_508' title='bbox 1375 4069 1472 4109; x_wconf 87' lang='lat' dir='ltr'><strong>nos</strong></span> <span class='ocrx_word' id='word_1_509' title='bbox 1500 4055 1802 4111; x_wconf 86' lang='lat' dir='ltr'><strong>beatitatem</strong></span> <span class='ocrx_word' id='word_1_510' title='bbox 1833 4059 2016 4126; x_wconf 89' lang='lat' dir='ltr'><strong>pristi-</strong></span> 
     </span>
    </p>
   </div>
   <div class='ocr_carea' id='block_1_73' title="bbox 456 4142 2016 4212">
    <p class='ocr_par' dir='ltr' id='par_1_73' title="bbox 456 4142 2016 4212">
     <span class='ocr_line' id='line_1_73' title="bbox 456 4142 2016 4212; baseline 0.011 -29"><span class='ocrx_word' id='word_1_511' title='bbox 456 4146 581 4184; x_wconf 81' lang='lat' dir='ltr'><strong>nam</strong></span> <span class='ocrx_word' id='word_1_512' title='bbox 615 4148 997 4203; x_wconf 89' lang='lat' dir='ltr'><strong>recuperamus</strong></span> <span class='ocrx_word' id='word_1_513' title='bbox 1045 4156 1058 4192; x_wconf 89' lang='lat'><strong>:</strong></span> <span class='ocrx_word' id='word_1_514' title='bbox 1096 4142 1257 4195; x_wconf 88' lang='lat' dir='ltr'><strong>etiam</strong></span> <span class='ocrx_word' id='word_1_515' title='bbox 1288 4144 1489 4212; x_wconf 81' lang='lat' dir='ltr'><strong>nuptiis</strong></span> <span class='ocrx_word' id='word_1_516' title='bbox 1526 4146 1577 4200; x_wconf 89' lang='lat' dir='ltr'><strong>in</strong></span> <span class='ocrx_word' id='word_1_517' title='bbox 1608 4145 1754 4201; x_wconf 90' lang='lat' dir='ltr'><strong>Cana</strong></span> <span class='ocrx_word' id='word_1_518' title='bbox 1784 4147 2016 4202; x_wconf 68' lang='lat' dir='ltr'><strong>Galilaeae</strong></span> 
     </span>
    </p>
   </div>
   <div class='ocr_carea' id='block_1_74' title="bbox 461 4222 2013 4305">
    <p class='ocr_par' dir='ltr' id='par_1_74' title="bbox 461 4222 2013 4305">
     <span class='ocr_line' id='line_1_74' title="bbox 461 4222 2013 4305; baseline 0.01 -31"><span class='ocrx_word' id='word_1_519' title='bbox 461 4222 745 4277; x_wconf 81' lang='lat' dir='ltr'><strong>celebratis</strong></span> <span class='ocrx_word' id='word_1_520' title='bbox 799 4226 1073 4282; x_wconf 85' lang='lat' dir='ltr'><strong>benedixit</strong></span> <span class='ocrx_word' id='word_1_521' title='bbox 1105 4267 1121 4292; x_wconf 88' lang='lat'><strong>,</strong></span> <span class='ocrx_word' id='word_1_522' title='bbox 1167 4241 1219 4285; x_wconf 90' lang='lat' dir='ltr'><strong>et</strong></span> <span class='ocrx_word' id='word_1_523' title='bbox 1260 4247 1456 4301; x_wconf 85' lang='lat' dir='ltr'><strong>aquam</strong></span> <span class='ocrx_word' id='word_1_524' title='bbox 1504 4235 1902 4305; x_wconf 86' lang='lat' dir='ltr'><strong>desperationis</strong></span> <span class='ocrx_word' id='word_1_525' title='bbox 1956 4236 2013 4289; x_wconf 91' lang='lat' dir='ltr'><strong>in</strong></span> 
     </span>
    </p>
   </div>
   <div class='ocr_carea' id='block_1_75' title="bbox 456 4311 2013 4395">
    <p class='ocr_par' dir='ltr' id='par_1_75' title="bbox 456 4311 2013 4395">
     <span class='ocr_line' id='line_1_75' title="bbox 456 4311 2013 4395; baseline 0.011 -33"><span class='ocrx_word' id='word_1_526' title='bbox 456 4311 641 4364; x_wconf 85' lang='lat' dir='ltr'><strong>vinum</strong></span> <span class='ocrx_word' id='word_1_527' title='bbox 670 4329 809 4370; x_wconf 67' lang='lat' dir='ltr'><strong>vera:</strong></span> <span class='ocrx_word' id='word_1_528' title='bbox 837 4316 928 4371; x_wconf 91' lang='lat' dir='ltr'><strong>Dei</strong></span> <span class='ocrx_word' id='word_1_529' title='bbox 962 4321 1292 4389; x_wconf 88' lang='lat' dir='ltr'><strong>cognitionis</strong></span> <span class='ocrx_word' id='word_1_530' title='bbox 1320 4326 1547 4378; x_wconf 89' lang='lat' dir='ltr'><strong>mutavit</strong></span> <span class='ocrx_word' id='word_1_531' title='bbox 1574 4342 1589 4391; x_wconf 88' lang='lat'><strong>;</strong></span> <span class='ocrx_word' id='word_1_532' title='bbox 1635 4327 1897 4379; x_wconf 88' lang='lat' dir='ltr'><strong>certiores</strong></span> <span class='ocrx_word' id='word_1_533' title='bbox 1917 4340 2013 4395; x_wconf 90' lang='lat' dir='ltr'><strong>per</strong></span> 
     </span>
    </p>
   </div>
   <div class='ocr_carea' id='block_1_76' title="bbox 2122 3145 3657 3218">
    <p class='ocr_par' dir='ltr' id='par_1_76' title="bbox 2122 3145 3657 3218">
     <span class='ocr_line' id='line_1_76' title="bbox 2122 3145 3657 3218; baseline -0.005 -17"><span class='ocrx_word' id='word_1_534' title='bbox 2122 3146 2502 3216; x_wconf 88' lang='grc' dir='ltr'>ἀκατάληπτος</span> <span class='ocrx_word' id='word_1_535' title='bbox 2539 3145 2964 3212; x_wconf 74' lang='grc' dir='ltr'>συγκατάδασις,</span> <span class='ocrx_word' id='word_1_536' title='bbox 3022 3147 3116 3199; x_wconf 73' lang='grc' dir='ltr'><strong>καὶ</strong></span> <span class='ocrx_word' id='word_1_537' title='bbox 3150 3147 3210 3199; x_wconf 80' lang='grc' dir='ltr'><strong>τὸ</strong></span> <span class='ocrx_word' id='word_1_538' title='bbox 3262 3147 3362 3218; x_wconf 87' lang='grc' dir='ltr'><strong>τῆς</strong></span> <span class='ocrx_word' id='word_1_539' title='bbox 3413 3146 3657 3215; x_wconf 73' lang='grc' dir='ltr'>σωτηρίας</span> 
     </span>
    </p>
   </div>
   <div class='ocr_carea' id='block_1_77' title="bbox 2120 3233 3658 3305">
    <p class='ocr_par' dir='ltr' id='par_1_77' title="bbox 2120 3233 3658 3305">
     <span class='ocr_line' id='line_1_77' title="bbox 2120 3233 3658 3305; baseline -0.005 -16"><span class='ocrx_word' id='word_1_540' title='bbox 2120 3237 2212 3289; x_wconf 87' lang='grc' dir='ltr'><strong>τοῦ</strong></span> <span class='ocrx_word' id='word_1_541' title='bbox 2257 3236 2450 3303; x_wconf 85' lang='grc' dir='ltr'>γένους</span> <span class='ocrx_word' id='word_1_542' title='bbox 2495 3235 2602 3287; x_wconf 84' lang='grc' dir='ltr'>τῶν</span> <span class='ocrx_word' id='word_1_543' title='bbox 2646 3233 2945 3304; x_wconf 76' lang='grc' dir='ltr'>ἀνθρώπων</span> <span class='ocrx_word' id='word_1_544' title='bbox 2991 3234 3274 3305; x_wconf 78' lang='grc' dir='ltr'>ἐχέγγυον,</span> <span class='ocrx_word' id='word_1_545' title='bbox 3327 3234 3658 3304; x_wconf 85' lang='grc' dir='ltr'>μεγαλύνεται</span> 
     </span>
    </p>
   </div>
   <div class='ocr_carea' id='block_1_78' title="bbox 2123 3318 3657 3395">
    <p class='ocr_par' dir='ltr' id='par_1_78' title="bbox 2123 3318 3657 3395">
     <span class='ocr_line' id='line_1_78' title="bbox 2123 3318 3657 3395; baseline -0.005 -18"><span class='ocrx_word' id='word_1_546' title='bbox 2123 3325 2220 3395; x_wconf 80' lang='grc' dir='ltr'>μὲν</span> <span class='ocrx_word' id='word_1_547' title='bbox 2268 3324 2362 3377; x_wconf 71' lang='grc' dir='ltr'>καὶ</span> <span class='ocrx_word' id='word_1_548' title='bbox 2406 3323 2461 3390; x_wconf 79' lang='grc' dir='ltr'>ἐξ</span> <span class='ocrx_word' id='word_1_549' title='bbox 2495 3322 2667 3387; x_wconf 79' lang='grc' dir='ltr'>ἄλλων</span> <span class='ocrx_word' id='word_1_550' title='bbox 2701 3322 3015 3392; x_wconf 60' lang='grc' dir='ltr'>μυστηρίων,</span> <span class='ocrx_word' id='word_1_551' title='bbox 3048 3322 3279 3387; x_wconf 84' lang='grc' dir='ltr'>πολλῶν,</span> <span class='ocrx_word' id='word_1_552' title='bbox 3309 3323 3404 3392; x_wconf 86' lang='grc' dir='ltr'>οὺχ</span> <span class='ocrx_word' id='word_1_553' title='bbox 3429 3319 3576 3393; x_wconf 77' lang='grc' dir='ltr'>ἦττον</span> <span class='ocrx_word' id='word_1_554' title='bbox 3609 3318 3657 3371; x_wconf 78' lang='grc' dir='ltr'>δὲ</span> 
     </span>
    </p>
   </div>
   <div class='ocr_carea' id='block_1_79' title="bbox 2121 3411 3658 3485">
    <p class='ocr_par' dir='ltr' id='par_1_79' title="bbox 2121 3411 3658 3485">
     <span class='ocr_line' id='line_1_79' title="bbox 2121 3411 3658 3485; baseline -0.003 -18"><span class='ocrx_word' id='word_1_555' title='bbox 2121 3419 2212 3469; x_wconf 68' lang='grc' dir='ltr'><strong>καὶ</strong></span> <span class='ocrx_word' id='word_1_556' title='bbox 2246 3417 2308 3469; x_wconf 80' lang='grc' dir='ltr'>ὲκ</span> <span class='ocrx_word' id='word_1_557' title='bbox 2332 3415 2430 3485; x_wconf 82' lang='grc' dir='ltr'><strong>τῆς</strong></span> <span class='ocrx_word' id='word_1_558' title='bbox 2460 3414 2699 3483; x_wconf 87' lang='grc' dir='ltr'>γαμικῆς</span> <span class='ocrx_word' id='word_1_559' title='bbox 2734 3414 3033 3483; x_wconf 86' lang='grc' dir='ltr'>ίερολογίας</span> <span class='ocrx_word' id='word_1_560' title='bbox 3065 3414 3370 3480; x_wconf 76' lang='grc' dir='ltr'>δοξάζεται.</span> <span class='ocrx_word' id='word_1_561' title='bbox 3414 3414 3521 3480; x_wconf 85' lang='grc' dir='ltr'><strong>Τῆς</strong></span> <span class='ocrx_word' id='word_1_562' title='bbox 3564 3411 3658 3479; x_wconf 76' lang='grc' dir='ltr'>γὰρ</span> 
     </span>
    </p>
   </div>
   <div class='ocr_carea' id='block_1_80' title="bbox 2119 3503 3658 3575">
    <p class='ocr_par' dir='ltr' id='par_1_80' title="bbox 2119 3503 3658 3575">
     <span class='ocr_line' id='line_1_80' title="bbox 2119 3503 3658 3575; baseline -0.005 -16"><span class='ocrx_word' id='word_1_563' title='bbox 2119 3505 2499 3575; x_wconf 67' lang='grc' dir='ltr'>ἁμαρτητικῆς</span> <span class='ocrx_word' id='word_1_564' title='bbox 2541 3505 2835 3570; x_wconf 80' lang='grc' dir='ltr'>συναφείας</span> <span class='ocrx_word' id='word_1_565' title='bbox 2879 3503 3214 3573; x_wconf 80' lang='grc' dir='ltr'>διαδοθείσης</span> <span class='ocrx_word' id='word_1_566' title='bbox 3267 3509 3345 3569; x_wconf 80' lang='grc' dir='ltr'><strong>είς</strong></span> <span class='ocrx_word' id='word_1_567' title='bbox 3390 3505 3526 3559; x_wconf 71' lang='grc' dir='ltr'>ἅπαν</span> <span class='ocrx_word' id='word_1_568' title='bbox 3564 3503 3658 3554; x_wconf 85' lang='grc' dir='ltr'><strong>τῶν</strong></span> 
     </span>
    </p>
   </div>
   <div class='ocr_carea' id='block_1_81' title="bbox 2121 3594 3657 3665">
    <p class='ocr_par' dir='ltr' id='par_1_81' title="bbox 2121 3594 3657 3665">
     <span class='ocr_line' id='line_1_81' title="bbox 2121 3594 3657 3665; baseline -0.003 -18"><span class='ocrx_word' id='word_1_569' title='bbox 2121 3596 2419 3665; x_wconf 85' lang='grc' dir='ltr'>ἀνθρώπων</span> <span class='ocrx_word' id='word_1_570' title='bbox 2450 3595 2509 3646; x_wconf 81' lang='grc' dir='ltr'><strong>τὸ</strong></span> <span class='ocrx_word' id='word_1_571' title='bbox 2542 3594 2787 3663; x_wconf 82' lang='grc' dir='ltr'>φύραμα,</span> <span class='ocrx_word' id='word_1_572' title='bbox 2822 3594 2957 3664; x_wconf 80' lang='grc' dir='ltr'><strong>μετά</strong></span> <span class='ocrx_word' id='word_1_573' title='bbox 2990 3596 3080 3648; x_wconf 81' lang='grc' dir='ltr'><strong>τὸν</strong></span> <span class='ocrx_word' id='word_1_574' title='bbox 3114 3596 3309 3664; x_wconf 81' lang='grc' dir='ltr'>φθόνον</span> <span class='ocrx_word' id='word_1_575' title='bbox 3340 3595 3433 3649; x_wconf 88' lang='grc' dir='ltr'><strong>τοῦ</strong></span> <span class='ocrx_word' id='word_1_576' title='bbox 3454 3595 3657 3665; x_wconf 85' lang='grc' dir='ltr'>δράκον-</span> 
     </span>
    </p>
   </div>
   <div class='ocr_carea' id='block_1_82' title="bbox 2118 3684 3657 3758">
    <p class='ocr_par' dir='ltr' id='par_1_82' title="bbox 2118 3684 3657 3758">
     <span class='ocr_line' id='line_1_82' title="bbox 2118 3684 3657 3758; baseline -0.004 -18"><span class='ocrx_word' id='word_1_577' title='bbox 2118 3705 2229 3750; x_wconf 88' lang='grc' dir='ltr'>τος,</span> <span class='ocrx_word' id='word_1_578' title='bbox 2281 3688 2373 3739; x_wconf 74' lang='grc' dir='ltr'>καὶ</span> <span class='ocrx_word' id='word_1_579' title='bbox 2420 3687 2516 3753; x_wconf 84' lang='grc' dir='ltr'><strong>τῆς</strong></span> <span class='ocrx_word' id='word_1_580' title='bbox 2561 3686 2777 3751; x_wconf 78' lang='grc' dir='ltr'>ἐντολῆς</span> <span class='ocrx_word' id='word_1_581' title='bbox 2807 3685 2896 3738; x_wconf 86' lang='grc' dir='ltr'><strong>τοῦ</strong></span> <span class='ocrx_word' id='word_1_582' title='bbox 2931 3686 3067 3739; x_wconf 89' lang='grc' dir='ltr'>Θεοῦ</span> <span class='ocrx_word' id='word_1_583' title='bbox 3100 3688 3197 3757; x_wconf 76' lang='grc' dir='ltr'>τὴν</span> <span class='ocrx_word' id='word_1_584' title='bbox 3232 3688 3552 3758; x_wconf 76' lang='grc' dir='ltr'>παράϐασιν,</span> <span class='ocrx_word' id='word_1_585' title='bbox 3578 3684 3657 3736; x_wconf 78' lang='grc' dir='ltr'><strong>καὶ</strong></span> 
     </span>
    </p>
   </div>
   <div class='ocr_carea' id='block_1_83' title="bbox 2116 3772 3656 3849">
    <p class='ocr_par' dir='ltr' id='par_1_83' title="bbox 2116 3772 3656 3849">
     <span class='ocr_line' id='line_1_83' title="bbox 2116 3772 3656 3849; baseline -0.003 -19"><span class='ocrx_word' id='word_1_586' title='bbox 2116 3778 2209 3830; x_wconf 87' lang='grc' dir='ltr'><strong>τοῦ</strong></span> <span class='ocrx_word' id='word_1_587' title='bbox 2234 3777 2399 3831; x_wconf 83' lang='grc' dir='ltr'>κακοῦ</span> <span class='ocrx_word' id='word_1_588' title='bbox 2442 3776 2579 3846; x_wconf 78' lang='grc' dir='ltr'>πρὸς</span> <span class='ocrx_word' id='word_1_589' title='bbox 2635 3776 2795 3845; x_wconf 83' lang='grc' dir='ltr'>’ἐτερα</span> <span class='ocrx_word' id='word_1_590' title='bbox 2861 3778 3004 3830; x_wconf 81' lang='grc' dir='ltr'><strong>κακά</strong></span> <span class='ocrx_word' id='word_1_591' title='bbox 3058 3780 3509 3849; x_wconf 69' lang='grc' dir='ltr'>προχωρήσειν-ξος</span> <span class='ocrx_word' id='word_1_592' title='bbox 3553 3772 3656 3844; x_wconf 75' lang='grc' dir='ltr'>μείο</span> 
     </span>
    </p>
   </div>
   <div class='ocr_carea' id='block_1_84' title="bbox 2118 3869 3659 3941">
    <p class='ocr_par' dir='ltr' id='par_1_84' title="bbox 2118 3869 3659 3941">
     <span class='ocr_line' id='line_1_84' title="bbox 2118 3869 3659 3941; baseline -0.004 -16"><span class='ocrx_word' id='word_1_593' title='bbox 2118 3871 2266 3935; x_wconf 69' lang='lat' dir='ltr'><strong>(ova,</strong></span> <span class='ocrx_word' id='word_1_594' title='bbox 2300 3872 2529 3941; x_wconf 81' lang='grc' dir='ltr'>ἐμέλησε</span> <span class='ocrx_word' id='word_1_595' title='bbox 2553 3870 2628 3940; x_wconf 80' lang='grc' dir='ltr'>τῷ</span> <span class='ocrx_word' id='word_1_596' title='bbox 2655 3869 3016 3940; x_wconf 81' lang='grc' dir='ltr'>φιλανθρώπῳ</span> <span class='ocrx_word' id='word_1_597' title='bbox 3038 3871 3155 3941; x_wconf 76' lang='grc' dir='ltr'><strong>Θεῷ</strong></span> <span class='ocrx_word' id='word_1_598' title='bbox 3178 3873 3279 3940; x_wconf 86' lang='grc' dir='ltr'><strong>τῆς</strong></span> <span class='ocrx_word' id='word_1_599' title='bbox 3311 3872 3463 3941; x_wconf 80' lang='grc' dir='ltr'>ἡμῶν</span> <span class='ocrx_word' id='word_1_600' title='bbox 3487 3870 3659 3935; x_wconf 72' lang='grc' dir='ltr'>παλιγ-</span> 
     </span>
    </p>
   </div>
   <div class='ocr_carea' id='block_1_85' title="bbox 2117 3960 3656 4028">
    <p class='ocr_par' dir='ltr' id='par_1_85' title="bbox 2117 3960 3656 4028">
     <span class='ocr_line' id='line_1_85' title="bbox 2117 3960 3656 4028; baseline -0.003 -17"><span class='ocrx_word' id='word_1_601' title='bbox 2117 3960 2364 4028; x_wconf 88' lang='grc' dir='ltr'>γενεσίας</span> <span class='ocrx_word' id='word_1_602' title='bbox 2397 3961 2489 4013; x_wconf 78' lang='grc' dir='ltr'>καὶ</span> <span class='ocrx_word' id='word_1_603' title='bbox 2521 3960 2895 4023; x_wconf 82' lang='grc' dir='ltr'>ἀναπλάσεως.</span> <span class='ocrx_word' id='word_1_604' title='bbox 2937 3960 3179 4027; x_wconf 86' lang='grc' dir='ltr'>Γεγονὼς</span> <span class='ocrx_word' id='word_1_605' title='bbox 3234 3962 3413 4013; x_wconf 78' lang='grc' dir='ltr'>τοίνυν</span> <span class='ocrx_word' id='word_1_606' title='bbox 3464 3960 3656 4026; x_wconf 80' lang='grc' dir='ltr'>ἀνθρω-</span> 
     </span>
    </p>
   </div>
   <div class='ocr_carea' id='block_1_86' title="bbox 2118 4045 3655 4120">
    <p class='ocr_par' dir='ltr' id='par_1_86' title="bbox 2118 4045 3655 4120">
     <span class='ocr_line' id='line_1_86' title="bbox 2118 4045 3655 4120; baseline -0.003 -19"><span class='ocrx_word' id='word_1_607' title='bbox 2118 4068 2216 4113; x_wconf 88' lang='grc' dir='ltr'><strong>πος</strong></span> <span class='ocrx_word' id='word_1_608' title='bbox 2260 4050 2381 4102; x_wconf 83' lang='grc' dir='ltr'>καθ’</span> <span class='ocrx_word' id='word_1_609' title='bbox 2410 4052 2575 4119; x_wconf 72' lang='grc' dir='ltr'>ἡμᾶς,</span> <span class='ocrx_word' id='word_1_610' title='bbox 2603 4050 2669 4102; x_wconf 84' lang='grc' dir='ltr'>δι’</span> <span class='ocrx_word' id='word_1_611' title='bbox 2698 4053 2844 4120; x_wconf 72' lang='grc' dir='ltr'>ἡμᾶς</span> <span class='ocrx_word' id='word_1_612' title='bbox 2881 4054 2907 4103; x_wconf 87' lang='grc' dir='ltr'>ὁ</span> <span class='ocrx_word' id='word_1_613' title='bbox 2939 4051 3229 4120; x_wconf 79' lang='grc' dir='ltr'>μονογενὴς</span> <span class='ocrx_word' id='word_1_614' title='bbox 3254 4052 3386 4113; x_wconf 84' lang='grc' dir='ltr'>Υἱὸς</span> <span class='ocrx_word' id='word_1_615' title='bbox 3408 4050 3497 4103; x_wconf 83' lang='grc' dir='ltr'><strong>τοῦ</strong></span> <span class='ocrx_word' id='word_1_616' title='bbox 3516 4045 3655 4107; x_wconf 81' lang='grc' dir='ltr'>Θεοῦ,</span> 
     </span>
    </p>
   </div>
   <div class='ocr_carea' id='block_1_87' title="bbox 2117 4124 3658 4213">
    <p class='ocr_par' dir='ltr' id='par_1_87' title="bbox 2117 4124 3658 4213">
     <span class='ocr_line' id='line_1_87' title="bbox 2117 4124 3658 4213; baseline 0.003 -18"><span class='ocrx_word' id='word_1_617' title='bbox 2117 4124 2408 4195; x_wconf 20' lang='grc' dir='ltr'>καὶλπᾶσαν</span> <span class='ocrx_word' id='word_1_618' title='bbox 2455 4140 2620 4213; x_wconf 79' lang='grc' dir='ltr'>ἀλλην</span> <span class='ocrx_word' id='word_1_619' title='bbox 2660 4142 2953 4212; x_wconf 83' lang='grc' dir='ltr'>πληρώσας</span> <span class='ocrx_word' id='word_1_620' title='bbox 2997 4145 3333 4211; x_wconf 75' lang='grc' dir='ltr'>οἰκονομίαν.</span> <span class='ocrx_word' id='word_1_621' title='bbox 3390 4143 3476 4197; x_wconf 80' lang='grc' dir='ltr'>ἵνα</span> <span class='ocrx_word' id='word_1_622' title='bbox 3517 4139 3658 4210; x_wconf 77' lang='grc' dir='ltr'>ἡμεῖς</span> 
     </span>
    </p>
   </div>
   <div class='ocr_carea' id='block_1_88' title="bbox 2116 4228 3660 4302">
    <p class='ocr_par' dir='ltr' id='par_1_88' title="bbox 2116 4228 3660 4302">
     <span class='ocr_line' id='line_1_88' title="bbox 2116 4228 3660 4302; baseline -0.003 -19"><span class='ocrx_word' id='word_1_623' title='bbox 2116 4230 2214 4298; x_wconf 82' lang='grc' dir='ltr'>τὴν</span> <span class='ocrx_word' id='word_1_624' title='bbox 2245 4228 2476 4299; x_wconf 84' lang='grc' dir='ltr'>ἀρχαίαν</span> <span class='ocrx_word' id='word_1_625' title='bbox 2515 4230 2890 4302; x_wconf 85' lang='grc' dir='ltr'>μακαριότητα</span> <span class='ocrx_word' id='word_1_626' title='bbox 2923 4231 3196 4302; x_wconf 79' lang='grc' dir='ltr'>λάϐωμεν,</span> <span class='ocrx_word' id='word_1_627' title='bbox 3241 4234 3336 4285; x_wconf 77' lang='grc' dir='ltr'>καὶ</span> <span class='ocrx_word' id='word_1_628' title='bbox 3371 4231 3459 4283; x_wconf 83' lang='grc' dir='ltr'><strong>τὸν</strong></span> <span class='ocrx_word' id='word_1_629' title='bbox 3485 4232 3539 4282; x_wconf 83' lang='grc' dir='ltr'><strong>ἐν</strong></span> <span class='ocrx_word' id='word_1_630' title='bbox 3561 4231 3660 4281; x_wconf 79' lang='grc' dir='ltr'><strong>Κα-</strong></span> 
     </span>
    </p>
   </div>
   <div class='ocr_carea' id='block_1_89' title="bbox 2116 4317 3658 4393">
    <p class='ocr_par' dir='ltr' id='par_1_89' title="bbox 2116 4317 3658 4393">
     <span class='ocr_line' id='line_1_89' title="bbox 2116 4317 3658 4393; baseline 0.002 -21"><span class='ocrx_word' id='word_1_631' title='bbox 2116 4321 2183 4372; x_wconf 81' lang='grc' dir='ltr'>νᾶ</span> <span class='ocrx_word' id='word_1_632' title='bbox 2208 4321 2304 4390; x_wconf 87' lang='grc' dir='ltr'><strong>τῆς</strong></span> <span class='ocrx_word' id='word_1_633' title='bbox 2338 4320 2626 4384; x_wconf 83' lang='grc' dir='ltr'>Γαλιλαίας</span> <span class='ocrx_word' id='word_1_634' title='bbox 2653 4324 2828 4392; x_wconf 86' lang='grc' dir='ltr'>γάμον</span> <span class='ocrx_word' id='word_1_635' title='bbox 2854 4323 3145 4393; x_wconf 80' lang='grc' dir='ltr'>ηὑλόγησε,</span> <span class='ocrx_word' id='word_1_636' title='bbox 3179 4326 3274 4376; x_wconf 72' lang='grc' dir='ltr'><strong>καὶ</strong></span> <span class='ocrx_word' id='word_1_637' title='bbox 3310 4323 3371 4377; x_wconf 82' lang='grc' dir='ltr'>τὸ</span> <span class='ocrx_word' id='word_1_638' title='bbox 3413 4322 3548 4389; x_wconf 76' lang='grc' dir='ltr'>ὕδωρ</span> <span class='ocrx_word' id='word_1_639' title='bbox 3573 4317 3658 4384; x_wconf 77' lang='grc' dir='ltr'>τῆς</span> 
     </span>
    </p>
   </div>
   <div class='ocr_carea' id='block_1_90' title="bbox 457 4394 2017 4487">
    <p class='ocr_par' dir='ltr' id='par_1_90' title="bbox 457 4403 2017 4486">
     <span class='ocr_line' id='line_1_90' title="bbox 457 4403 2017 4486; baseline 0.01 -31"><span class='ocrx_word' id='word_1_640' title='bbox 457 4403 558 4457; x_wconf 88' lang='lat' dir='ltr'><strong>hoc</strong></span> <span class='ocrx_word' id='word_1_641' title='bbox 590 4406 812 4461; x_wconf 86' lang='lat' dir='ltr'><strong>reddens</strong></span> <span class='ocrx_word' id='word_1_642' title='bbox 835 4408 1102 4478; x_wconf 87' lang='lat' dir='ltr'><strong>homines,</strong></span> <span class='ocrx_word' id='word_1_643' title='bbox 1137 4414 1279 4483; x_wconf 89' lang='lat' dir='ltr'><strong>quod</strong></span> <span class='ocrx_word' id='word_1_644' title='bbox 1313 4414 1524 4469; x_wconf 76' lang='lat' dir='ltr'><strong>feminae</strong></span> <span class='ocrx_word' id='word_1_645' title='bbox 1561 4431 1668 4470; x_wconf 92' lang='lat' dir='ltr'><strong>non</strong></span> <span class='ocrx_word' id='word_1_646' title='bbox 1703 4416 1934 4486; x_wconf 85' lang='lat' dir='ltr'><strong>amplius</strong></span> <span class='ocrx_word' id='word_1_647' title='bbox 1962 4416 2017 4470; x_wconf 86' lang='lat' dir='ltr'><strong>in</strong></span> 
     </span>
    </p>
   </div>
   <div class='ocr_carea' id='block_1_91' title="bbox 2122 4394 3654 4487">
    <p class='ocr_par' dir='ltr' id='par_1_91' title="bbox 2122 4409 3654 4487">
     <span class='ocr_line' id='line_1_91' title="bbox 2122 4409 3654 4487; baseline -0.004 -22"><span class='ocrx_word' id='word_1_648' title='bbox 2122 4412 2477 4480; x_wconf 86' lang='grc' dir='ltr'>ἀπογνώσεως</span> <span class='ocrx_word' id='word_1_649' title='bbox 2499 4415 2575 4477; x_wconf 84' lang='grc' dir='ltr'><strong>είς</strong></span> <span class='ocrx_word' id='word_1_650' title='bbox 2595 4409 2734 4469; x_wconf 75' lang='grc' dir='ltr'>οἶνον</span> <span class='ocrx_word' id='word_1_651' title='bbox 2754 4415 2982 4484; x_wconf 82' lang='grc' dir='ltr'>ἀληθοῦς</span> <span class='ocrx_word' id='word_1_652' title='bbox 3004 4415 3329 4483; x_wconf 84' lang='grc' dir='ltr'>θεογνωσίας</span> <span class='ocrx_word' id='word_1_653' title='bbox 3358 4412 3654 4487; x_wconf 56' lang='grc' dir='ltr'>μετέϐαλεν</span> 
     </span>
    </p>
   </div>
   <div class='ocr_carea' id='block_1_92' title="bbox 456 4494 2015 4573">
    <p class='ocr_par' dir='ltr' id='par_1_92' title="bbox 456 4494 2015 4573">
     <span class='ocr_line' id='line_1_92' title="bbox 456 4494 2015 4573; baseline 0.009 -27"><span class='ocrx_word' id='word_1_654' title='bbox 456 4494 741 4551; x_wconf 80' lang='lat' dir='ltr'><strong>doloribus</strong></span> <span class='ocrx_word' id='word_1_655' title='bbox 780 4499 981 4556; x_wconf 88' lang='lat' dir='ltr'><strong>liberos</strong></span> <span class='ocrx_word' id='word_1_656' title='bbox 1030 4504 1262 4569; x_wconf 86' lang='lat' dir='ltr'><strong>pariant,</strong></span> <span class='ocrx_word' id='word_1_657' title='bbox 1308 4519 1407 4558; x_wconf 91' lang='lat' dir='ltr'><strong>nec</strong></span> <span class='ocrx_word' id='word_1_658' title='bbox 1443 4506 1533 4573; x_wconf 91' lang='lat' dir='ltr'><strong>qui</strong></span> <span class='ocrx_word' id='word_1_659' title='bbox 1570 4515 1928 4573; x_wconf 85' lang='lat' dir='ltr'><strong>procreantur</strong></span> <span class='ocrx_word' id='word_1_660' title='bbox 1948 4521 2015 4560; x_wconf 85' lang='lat' dir='ltr'><strong>ex</strong></span> 
     </span>
    </p>
   </div>
   <div class='ocr_carea' id='block_1_93' title="bbox 457 4587 2012 4664">
    <p class='ocr_par' dir='ltr' id='par_1_93' title="bbox 457 4587 2012 4664">
     <span class='ocr_line' id='line_1_93' title="bbox 457 4587 2012 4664; baseline 0.009 -26"><span class='ocrx_word' id='word_1_661' title='bbox 457 4587 801 4654; x_wconf 82' lang='lat' dir='ltr'><strong>copulatione</strong></span> <span class='ocrx_word' id='word_1_662' title='bbox 848 4594 1232 4648; x_wconf 88' lang='lat' dir='ltr'><strong>matrimoniali</strong></span> <span class='ocrx_word' id='word_1_663' title='bbox 1290 4595 1521 4663; x_wconf 89' lang='lat' dir='ltr'><strong>amplius</strong></span> <span class='ocrx_word' id='word_1_664' title='bbox 1580 4596 1812 4664; x_wconf 66' lang='lat' dir='ltr'><strong>pristino</strong></span> <span class='ocrx_word' id='word_1_665' title='bbox 1859 4612 2012 4653; x_wconf 89' lang='lat' dir='ltr'><strong>more</strong></span> 
     </span>
    </p>
   </div>
   <div class='ocr_carea' id='block_1_94' title="bbox 452 4675 2007 4753">
    <p class='ocr_par' dir='ltr' id='par_1_94' title="bbox 452 4675 2007 4753">
     <span class='ocr_line' id='line_1_94' title="bbox 452 4675 2007 4753; baseline 0.008 -25"><span class='ocrx_word' id='word_1_666' title='bbox 452 4675 659 4743; x_wconf 88' lang='lat' dir='ltr'><strong>dicant,</strong></span> <span class='ocrx_word' id='word_1_667' title='bbox 687 4679 740 4732; x_wconf 83' lang='grc' dir='ltr'>ιιι</span> <span class='ocrx_word' id='word_1_668' title='bbox 764 4684 999 4751; x_wconf 86' lang='lat' dir='ltr'><strong>peccatis</strong></span> <span class='ocrx_word' id='word_1_669' title='bbox 1025 4687 1274 4753; x_wconf 89' lang='lat' dir='ltr'><strong>concepit</strong></span> <span class='ocrx_word' id='word_1_670' title='bbox 1295 4701 1379 4739; x_wconf 89' lang='lat' dir='ltr'><strong>me</strong></span> <span class='ocrx_word' id='word_1_671' title='bbox 1408 4692 1582 4740; x_wconf 88' lang='lat' dir='ltr'><strong>mater</strong></span> <span class='ocrx_word' id='word_1_672' title='bbox 1609 4701 1726 4741; x_wconf 87' lang='lat' dir='ltr'><strong>mea</strong></span> <span class='ocrx_word' id='word_1_673' title='bbox 1752 4704 1766 4740; x_wconf 91' lang='lat'><strong>:</strong></span> <span class='ocrx_word' id='word_1_674' title='bbox 1790 4687 1884 4742; x_wconf 90' lang='lat' dir='ltr'><strong>sed</strong></span> <span class='ocrx_word' id='word_1_675' title='bbox 1916 4686 2007 4740; x_wconf 88' lang='lat' dir='ltr'><strong>Dei</strong></span> 
     </span>
    </p>
   </div>
   <div class='ocr_carea' id='block_1_95' title="bbox 455 4774 2008 4843">
    <p class='ocr_par' dir='ltr' id='par_1_95' title="bbox 455 4774 2008 4843">
     <span class='ocr_line' id='line_1_95' title="bbox 455 4774 2008 4843; baseline 0.008 -24"><span class='ocrx_word' id='word_1_676' title='bbox 455 4780 720 4837; x_wconf 58' lang='lat' dir='ltr'><strong>praet-pta</strong></span> <span class='ocrx_word' id='word_1_677' title='bbox 785 4783 1083 4837; x_wconf 81' lang='lat' dir='ltr'><strong>servantes,</strong></span> <span class='ocrx_word' id='word_1_678' title='bbox 1141 4774 1595 4841; x_wconf 86' lang='lat' dir='ltr'><strong>quemadmodum</strong></span> <span class='ocrx_word' id='word_1_679' title='bbox 1658 4776 1864 4843; x_wconf 90' lang='lat' dir='ltr'><strong>primus</strong></span> <span class='ocrx_word' id='word_1_680' title='bbox 1919 4778 2008 4832; x_wconf 90' lang='lat' dir='ltr'><strong>ille</strong></span> 
     </span>
    </p>
   </div>
   <div class='ocr_carea' id='block_1_96' title="bbox 456 4865 2003 4934">
    <p class='ocr_par' dir='ltr' id='par_1_96' title="bbox 456 4865 2003 4934">
     <span class='ocr_line' id='line_1_96' title="bbox 456 4865 2003 4934; baseline 0.008 -28"><span class='ocrx_word' id='word_1_681' title='bbox 456 4869 651 4921; x_wconf 88' lang='lat' dir='ltr'><strong>parens</strong></span> <span class='ocrx_word' id='word_1_682' title='bbox 696 4867 879 4914; x_wconf 79' lang='lat' dir='ltr'><strong>noster</strong></span> <span class='ocrx_word' id='word_1_683' title='bbox 923 4877 986 4915; x_wconf 91' lang='lat' dir='ltr'><strong>ea</strong></span> <span class='ocrx_word' id='word_1_684' title='bbox 1035 4865 1270 4916; x_wconf 85' lang='lat' dir='ltr'><strong>servavit</strong></span> <span class='ocrx_word' id='word_1_685' title='bbox 1313 4873 1438 4918; x_wconf 91' lang='lat' dir='ltr'><strong>ante</strong></span> <span class='ocrx_word' id='word_1_686' title='bbox 1481 4865 2003 4934; x_wconf 80' lang='lat' dir='ltr'><strong>transgressionem,</strong></span> 
     </span>
    </p>
   </div>
   <div class='ocr_carea' id='block_1_97' title="bbox 453 4946 2002 5025">
    <p class='ocr_par' dir='ltr' id='par_1_97' title="bbox 453 4946 2002 5025">
     <span class='ocr_line' id='line_1_97' title="bbox 453 4946 2002 5025; baseline 0.009 -29"><span class='ocrx_word' id='word_1_687' title='bbox 453 4946 704 5000; x_wconf 89' lang='lat' dir='ltr'><strong>eumdem</strong></span> <span class='ocrx_word' id='word_1_688' title='bbox 733 4950 995 5005; x_wconf 83' lang='lat' dir='ltr'><strong>honorem</strong></span> <span class='ocrx_word' id='word_1_689' title='bbox 1031 4962 1083 5006; x_wconf 89' lang='lat' dir='ltr'><strong>et</strong></span> <span class='ocrx_word' id='word_1_690' title='bbox 1120 4954 1346 5021; x_wconf 86' lang='lat' dir='ltr'><strong>gloriam</strong></span> <span class='ocrx_word' id='word_1_691' title='bbox 1396 4964 1834 5025; x_wconf 76' lang='lat' dir='ltr'><strong>consequantur,</strong></span> <span class='ocrx_word' id='word_1_692' title='bbox 1898 4972 2002 5024; x_wconf 87' lang='lat' dir='ltr'><strong>qua</strong></span> 
     </span>
    </p>
   </div>
   <div class='ocr_carea' id='block_1_98' title="bbox 453 5036 1971 5111">
    <p class='ocr_par' dir='ltr' id='par_1_98' title="bbox 453 5036 1971 5111">
     <span class='ocr_line' id='line_1_98' title="bbox 453 5036 1971 5111; baseline 0.008 -22"><span class='ocrx_word' id='word_1_693' title='bbox 453 5036 656 5091; x_wconf 82' lang='lat' dir='ltr'><strong>fuerint</strong></span> <span class='ocrx_word' id='word_1_694' title='bbox 688 5042 868 5093; x_wconf 89' lang='lat' dir='ltr'><strong>ornati</strong></span> <span class='ocrx_word' id='word_1_695' title='bbox 896 5043 1052 5109; x_wconf 90' lang='lat' dir='ltr'><strong>primi</strong></span> <span class='ocrx_word' id='word_1_696' title='bbox 1085 5053 1336 5111; x_wconf 85' lang='lat' dir='ltr'><strong>parentes</strong></span> <span class='ocrx_word' id='word_1_697' title='bbox 1365 5054 1490 5101; x_wconf 88' lang='lat' dir='ltr'><strong>ante</strong></span> <span class='ocrx_word' id='word_1_698' title='bbox 1530 5046 1971 5102; x_wconf 85' lang='lat' dir='ltr'><strong>inobedientiam.</strong></span> 
     </span>
    </p>
   </div>
   <div class='ocr_carea' id='block_1_99' title="bbox 519 5212 1997 5285">
    <p class='ocr_par' dir='ltr' id='par_1_99' title="bbox 519 5212 1997 5285">
     <span class='ocr_line' id='line_1_99' title="bbox 519 5212 1997 5285; baseline 0.007 -20"><span class='ocrx_word' id='word_1_699' title='bbox 519 5212 844 5269; x_wconf 88' lang='lat' dir='ltr'><strong>llonorabile</strong></span> <span class='ocrx_word' id='word_1_700' title='bbox 875 5230 1107 5284; x_wconf 87' lang='lat' dir='ltr'><strong>namque</strong></span> <span class='ocrx_word' id='word_1_701' title='bbox 1144 5219 1546 5273; x_wconf 87' lang='lat' dir='ltr'><strong>matrimonium</strong></span> <span class='ocrx_word' id='word_1_702' title='bbox 1581 5228 1683 5285; x_wconf 89' lang='lat' dir='ltr'><strong>est,</strong></span> <span class='ocrx_word' id='word_1_703' title='bbox 1715 5229 1769 5275; x_wconf 84' lang='lat' dir='ltr'><strong>et</strong></span> <span class='ocrx_word' id='word_1_704' title='bbox 1826 5222 1997 5277; x_wconf 86' lang='lat' dir='ltr'><strong>lectus</strong></span> 
     </span>
    </p>
   </div>
   <div class='ocr_carea' id='block_1_100' title="bbox 450 5304 2000 5381">
    <p class='ocr_par' dir='ltr' id='par_1_100' title="bbox 450 5304 2000 5381">
     <span class='ocr_line' id='line_1_100' title="bbox 450 5304 2000 5381; baseline 0.008 -26"><span class='ocrx_word' id='word_1_705' title='bbox 450 5304 788 5372; x_wconf 88' lang='lat' dir='ltr'><strong>impollutus,</strong></span> <span class='ocrx_word' id='word_1_706' title='bbox 821 5307 914 5376; x_wconf 89' lang='lat' dir='ltr'><strong>qui</strong></span> <span class='ocrx_word' id='word_1_707' title='bbox 979 5309 1206 5362; x_wconf 89' lang='lat' dir='ltr'><strong>salutem</strong></span> <span class='ocrx_word' id='word_1_708' title='bbox 1271 5311 1515 5381; x_wconf 91' lang='lat' dir='ltr'><strong>largitur.</strong></span> <span class='ocrx_word' id='word_1_709' title='bbox 1564 5311 1693 5377; x_wconf 66' lang='lat' dir='ltr'><strong>Qum</strong></span> <span class='ocrx_word' id='word_1_710' title='bbox 1740 5329 1861 5366; x_wconf 81' lang='lat' dir='ltr'><strong>cum</strong></span> <span class='ocrx_word' id='word_1_711' title='bbox 1929 5316 2000 5367; x_wconf 89' lang='lat' dir='ltr'><strong>ita</strong></span> 
     </span>
    </p>
   </div>
   <div class='ocr_carea' id='block_1_101' title="bbox 450 5396 1999 5472">
    <p class='ocr_par' dir='ltr' id='par_1_101' title="bbox 450 5396 1999 5472">
     <span class='ocr_line' id='line_1_101' title="bbox 450 5396 1999 5472; baseline 0.006 -25"><span class='ocrx_word' id='word_1_712' title='bbox 450 5396 577 5458; x_wconf 87' lang='lat' dir='ltr'><strong>sint,</strong></span> <span class='ocrx_word' id='word_1_713' title='bbox 608 5402 661 5448; x_wconf 89' lang='lat' dir='ltr'><strong>et</strong></span> <span class='ocrx_word' id='word_1_714' title='bbox 691 5412 813 5450; x_wconf 88' lang='lat' dir='ltr'><strong>cum</strong></span> <span class='ocrx_word' id='word_1_715' title='bbox 846 5398 1039 5452; x_wconf 59' lang='lat' dir='ltr'><strong>tabulae</strong></span> <span class='ocrx_word' id='word_1_716' title='bbox 1064 5399 1322 5456; x_wconf 82' lang='lat' dir='ltr'><strong>divinitus</strong></span> <span class='ocrx_word' id='word_1_717' title='bbox 1356 5405 1573 5472; x_wconf 85' lang='lat' dir='ltr'><strong>scriptae</strong></span> <span class='ocrx_word' id='word_1_718' title='bbox 1627 5403 1829 5467; x_wconf 83' lang='lat' dir='ltr'><strong>dicant,</strong></span> <span class='ocrx_word' id='word_1_719' title='bbox 1881 5403 1999 5457; x_wconf 82' lang='lat' dir='ltr'><strong>Non</strong></span> 
     </span>
    </p>
   </div>
   <div class='ocr_carea' id='block_1_102' title="bbox 449 5486 1993 5558">
    <p class='ocr_par' dir='ltr' id='par_1_102' title="bbox 449 5486 1993 5558">
     <span class='ocr_line' id='line_1_102' title="bbox 449 5486 1993 5558; baseline 0.008 -23"><span class='ocrx_word' id='word_1_720' title='bbox 449 5486 767 5553; x_wconf 83' lang='lat' dir='ltr'><strong>iugredieris</strong></span> <span class='ocrx_word' id='word_1_721' title='bbox 816 5488 880 5541; x_wconf 86' lang='lat' dir='ltr'><strong>ad</strong></span> <span class='ocrx_word' id='word_1_722' title='bbox 933 5491 1177 5555; x_wconf 86' lang='lat' dir='ltr'><strong>quemvis</strong></span> <span class='ocrx_word' id='word_1_723' title='bbox 1228 5494 1591 5549; x_wconf 81' lang='lat' dir='ltr'><strong>necessarium</strong></span> <span class='ocrx_word' id='word_1_724' title='bbox 1655 5496 1836 5548; x_wconf 88' lang='lat' dir='ltr'><strong>carnis</strong></span> <span class='ocrx_word' id='word_1_725' title='bbox 1870 5508 1993 5558; x_wconf 68' lang='lat' dir='ltr'><strong>tum,</strong></span> 
     </span>
    </p>
   </div>
   <div class='ocr_carea' id='block_1_103' title="bbox 447 5577 1994 5654">
    <p class='ocr_par' dir='ltr' id='par_1_103' title="bbox 447 5577 1994 5654">
     <span class='ocr_line' id='line_1_103' title="bbox 447 5577 1994 5654; baseline 0.01 -31"><span class='ocrx_word' id='word_1_726' title='bbox 447 5584 497 5623; x_wconf 91' lang='lat' dir='ltr'><strong>ut</strong></span> <span class='ocrx_word' id='word_1_727' title='bbox 541 5577 741 5630; x_wconf 77' lang='lat' dir='ltr'><strong>reveles</strong></span> <span class='ocrx_word' id='word_1_728' title='bbox 778 5579 1035 5646; x_wconf 88' lang='lat' dir='ltr'><strong>pudorem</strong></span> <span class='ocrx_word' id='word_1_729' title='bbox 1065 5580 1179 5649; x_wconf 90' lang='lat' dir='ltr'><strong>ejus</strong></span> <span class='ocrx_word' id='word_1_730' title='bbox 1211 5599 1222 5635; x_wconf 85' lang='lat'><strong>:</strong></span> <span class='ocrx_word' id='word_1_731' title='bbox 1256 5598 1375 5637; x_wconf 91' lang='lat' dir='ltr'><strong>cum</strong></span> <span class='ocrx_word' id='word_1_732' title='bbox 1419 5585 1625 5652; x_wconf 88' lang='lat' dir='ltr'><strong>primus</strong></span> <span class='ocrx_word' id='word_1_733' title='bbox 1679 5586 1765 5639; x_wconf 88' lang='lat' dir='ltr'><strong>ille</strong></span> <span class='ocrx_word' id='word_1_734' title='bbox 1800 5601 1994 5654; x_wconf 81' lang='lat' dir='ltr'><strong>parens</strong></span> 
     </span>
    </p>
   </div>
   <div class='ocr_carea' id='block_1_104' title="bbox 448 5668 1992 5743">
    <p class='ocr_par' dir='ltr' id='par_1_104' title="bbox 448 5668 1992 5743">
     <span class='ocr_line' id='line_1_104' title="bbox 448 5668 1992 5743; baseline 0.008 -29"><span class='ocrx_word' id='word_1_735' title='bbox 448 5674 629 5720; x_wconf 84' lang='lat' dir='ltr'><strong>noster</strong></span> <span class='ocrx_word' id='word_1_736' title='bbox 659 5668 784 5721; x_wconf 83' lang='lat' dir='ltr'><strong>alibi</strong></span> <span class='ocrx_word' id='word_1_737' title='bbox 813 5671 1170 5737; x_wconf 67' lang='lat' dir='ltr'><strong>responderit,</strong></span> <span class='ocrx_word' id='word_1_738' title='bbox 1216 5672 1332 5726; x_wconf 84' lang='lat' dir='ltr'><strong>Jam</strong></span> <span class='ocrx_word' id='word_1_739' title='bbox 1363 5678 1530 5743; x_wconf 75' lang='lat' dir='ltr'><strong>uagis</strong></span> <span class='ocrx_word' id='word_1_740' title='bbox 1588 5692 1722 5729; x_wconf 80' lang='lat' dir='ltr'><strong>uxor</strong></span> <span class='ocrx_word' id='word_1_741' title='bbox 1768 5692 1882 5729; x_wconf 67' lang='lat' dir='ltr'><strong>mra</strong></span> <span class='ocrx_word' id='word_1_742' title='bbox 1910 5686 1992 5729; x_wconf 85' lang='lat' dir='ltr'><strong>est</strong></span> 
     </span>
    </p>
   </div>
   <div class='ocr_carea' id='block_1_105' title="bbox 2119 4503 3656 4575">
    <p class='ocr_par' dir='ltr' id='par_1_105' title="bbox 2119 4503 3656 4575">
     <span class='ocr_line' id='line_1_105' title="bbox 2119 4503 3656 4575; baseline -0.001 -21"><span class='ocrx_word' id='word_1_743' title='bbox 2119 4503 2366 4557; x_wconf 74' lang='grc' dir='ltr'>ἐντεῦθεν</span> <span class='ocrx_word' id='word_1_744' title='bbox 2395 4505 2749 4575; x_wconf 77' lang='grc' dir='ltr'>πληροφορῶν</span> <span class='ocrx_word' id='word_1_745' title='bbox 2775 4506 2836 4558; x_wconf 81' lang='grc' dir='ltr'><strong>τὸ</strong></span> <span class='ocrx_word' id='word_1_746' title='bbox 2863 4505 3224 4575; x_wconf 85' lang='grc' dir='ltr'>ἀνθρώπινον,</span> <span class='ocrx_word' id='word_1_747' title='bbox 3252 4506 3328 4568; x_wconf 82' lang='grc' dir='ltr'>ὡς</span> <span class='ocrx_word' id='word_1_748' title='bbox 3359 4505 3533 4558; x_wconf 78' lang='grc' dir='ltr'>οὐκέτι</span> <span class='ocrx_word' id='word_1_749' title='bbox 3569 4517 3656 4568; x_wconf 86' lang='grc' dir='ltr'>γυ-</span> 
     </span>
    </p>
   </div>
   <div class='ocr_carea' id='block_1_106' title="bbox 2116 4595 3656 4665">
    <p class='ocr_par' dir='ltr' id='par_1_106' title="bbox 2116 4595 3656 4665">
     <span class='ocr_line' id='line_1_106' title="bbox 2116 4595 3656 4665; baseline -0.001 -18"><span class='ocrx_word' id='word_1_750' title='bbox 2116 4595 2298 4656; x_wconf 80' lang='grc' dir='ltr'>ναῖκες</span> <span class='ocrx_word' id='word_1_751' title='bbox 2339 4595 2397 4646; x_wconf 82' lang='grc' dir='ltr'>ὲν</span> <span class='ocrx_word' id='word_1_752' title='bbox 2442 4595 2637 4659; x_wconf 87' lang='grc' dir='ltr'>λύπαις</span> <span class='ocrx_word' id='word_1_753' title='bbox 2664 4596 2828 4649; x_wconf 74' lang='grc' dir='ltr'>τέκνα</span> <span class='ocrx_word' id='word_1_754' title='bbox 2861 4596 3230 4665; x_wconf 84' lang='grc' dir='ltr'>γεννήσουσιν,</span> <span class='ocrx_word' id='word_1_755' title='bbox 3266 4596 3389 4650; x_wconf 82' lang='grc' dir='ltr'>οὐδὲ</span> <span class='ocrx_word' id='word_1_756' title='bbox 3419 4597 3482 4647; x_wconf 81' lang='grc' dir='ltr'><strong>ὲκ</strong></span> <span class='ocrx_word' id='word_1_757' title='bbox 3510 4606 3656 4661; x_wconf 79' lang='grc' dir='ltr'>γαμι-</span> 
     </span>
    </p>
   </div>
   <div class='ocr_carea' id='block_1_107' title="bbox 2114 4674 3659 4752">
    <p class='ocr_par' dir='ltr' id='par_1_107' title="bbox 2114 4674 3659 4752">
     <span class='ocr_line' id='line_1_107' title="bbox 2114 4674 3659 4752; baseline -0.002 -19"><span class='ocrx_word' id='word_1_758' title='bbox 2114 4683 2215 4751; x_wconf 84' lang='grc' dir='ltr'><strong>κῆς</strong></span> <span class='ocrx_word' id='word_1_759' title='bbox 2265 4682 2554 4750; x_wconf 80' lang='grc' dir='ltr'>συναφείας</span> <span class='ocrx_word' id='word_1_760' title='bbox 2590 4683 2912 4750; x_wconf 86' lang='grc' dir='ltr'>τικτόμενοι,</span> <span class='ocrx_word' id='word_1_761' title='bbox 2974 4684 3114 4735; x_wconf 74' lang='grc' dir='ltr'>κατὰ</span> <span class='ocrx_word' id='word_1_762' title='bbox 3168 4682 3229 4735; x_wconf 81' lang='grc' dir='ltr'><strong>τὸ</strong></span> <span class='ocrx_word' id='word_1_763' title='bbox 3276 4682 3535 4752; x_wconf 86' lang='grc' dir='ltr'>πρότερον</span> <span class='ocrx_word' id='word_1_764' title='bbox 3591 4674 3659 4728; x_wconf 64' lang='lat' dir='ltr'><strong>el-</strong></span> 
     </span>
    </p>
   </div>
   <div class='ocr_carea' id='block_1_108' title="bbox 2113 4767 3659 4844">
    <p class='ocr_par' dir='ltr' id='par_1_108' title="bbox 2113 4767 3659 4844">
     <span class='ocr_line' id='line_1_108' title="bbox 2113 4767 3659 4844; baseline -0.003 -20"><span class='ocrx_word' id='word_1_765' title='bbox 2113 4787 2282 4837; x_wconf 87' lang='grc' dir='ltr'>ποιεν,</span> <span class='ocrx_word' id='word_1_766' title='bbox 2322 4772 2407 4825; x_wconf 90' lang='grc' dir='ltr'>Ἐν</span> <span class='ocrx_word' id='word_1_767' title='bbox 2433 4773 2721 4842; x_wconf 76' lang='grc' dir='ltr'>ἁμαρτίαις</span> <span class='ocrx_word' id='word_1_768' title='bbox 2744 4773 2995 4843; x_wconf 84' lang='grc' dir='ltr'>ὲκίσσησέ</span> <span class='ocrx_word' id='word_1_769' title='bbox 3027 4790 3093 4842; x_wconf 89' lang='grc' dir='ltr'><strong>με</strong></span> <span class='ocrx_word' id='word_1_770' title='bbox 3114 4775 3148 4843; x_wconf 79' lang='grc' dir='ltr'><strong>ἡ</strong></span> <span class='ocrx_word' id='word_1_771' title='bbox 3172 4774 3358 4844; x_wconf 83' lang='grc' dir='ltr'>μήτηρ</span> <span class='ocrx_word' id='word_1_772' title='bbox 3385 4787 3513 4843; x_wconf 69' lang='grc' dir='ltr'>μου*</span> <span class='ocrx_word' id='word_1_773' title='bbox 3536 4767 3659 4822; x_wconf 80' lang='grc' dir='ltr'><strong>ἀλλά</strong></span> 
     </span>
    </p>
   </div>
   <div class='ocr_carea' id='block_1_109' title="bbox 2110 4859 3657 4933">
    <p class='ocr_par' dir='ltr' id='par_1_109' title="bbox 2110 4859 3657 4933">
     <span class='ocr_line' id='line_1_109' title="bbox 2110 4859 3657 4933; baseline -0.001 -20"><span class='ocrx_word' id='word_1_774' title='bbox 2110 4862 2446 4931; x_wconf 80' lang='grc' dir='ltr'>τηρήσαντες</span> <span class='ocrx_word' id='word_1_775' title='bbox 2478 4864 2572 4926; x_wconf 83' lang='grc' dir='ltr'>τὰς</span> <span class='ocrx_word' id='word_1_776' title='bbox 2605 4864 2820 4926; x_wconf 82' lang='grc' dir='ltr'>ὲντολάς</span> <span class='ocrx_word' id='word_1_777' title='bbox 2864 4864 2956 4916; x_wconf 86' lang='grc' dir='ltr'><strong>τοῦ</strong></span> <span class='ocrx_word' id='word_1_778' title='bbox 2989 4864 3147 4926; x_wconf 87' lang='grc' dir='ltr'>Θεοῦ,</span> <span class='ocrx_word' id='word_1_779' title='bbox 3180 4864 3363 4927; x_wconf 86' lang='grc' dir='ltr'>καθὼς</span> <span class='ocrx_word' id='word_1_780' title='bbox 3401 4865 3430 4916; x_wconf 85' lang='grc' dir='ltr'><strong>ό</strong></span> <span class='ocrx_word' id='word_1_781' title='bbox 3456 4859 3657 4933; x_wconf 87' lang='grc' dir='ltr'>προπά·</span> 
     </span>
    </p>
   </div>
   <div class='ocr_carea' id='block_1_110' title="bbox 2113 4949 3657 5024">
    <p class='ocr_par' dir='ltr' id='par_1_110' title="bbox 2113 4949 3657 5024">
     <span class='ocr_line' id='line_1_110' title="bbox 2113 4949 3657 5024; baseline 0.005 -20"><span class='ocrx_word' id='word_1_782' title='bbox 2113 4969 2224 5023; x_wconf 84' lang='grc' dir='ltr'><strong>τωρ</strong></span> <span class='ocrx_word' id='word_1_783' title='bbox 2248 4952 2420 5017; x_wconf 71' lang='grc' dir='ltr'>αὑτὰς</span> <span class='ocrx_word' id='word_1_784' title='bbox 2449 4953 2682 5023; x_wconf 72' lang='grc' dir='ltr'>ἐτήρησε</span> <span class='ocrx_word' id='word_1_785' title='bbox 2706 4954 2811 5024; x_wconf 82' lang='grc' dir='ltr'><strong>πρὸ</strong></span> <span class='ocrx_word' id='word_1_786' title='bbox 2835 4954 2931 5022; x_wconf 88' lang='grc' dir='ltr'><strong>τῆς</strong></span> <span class='ocrx_word' id='word_1_787' title='bbox 2976 4954 3358 5024; x_wconf 78' lang='grc' dir='ltr'>παραϐάσεως,</span> <span class='ocrx_word' id='word_1_788' title='bbox 3378 4952 3478 5022; x_wconf 81' lang='grc' dir='ltr'><strong>τῆς</strong></span> <span class='ocrx_word' id='word_1_789' title='bbox 3499 4949 3657 5015; x_wconf 74' lang='grc' dir='ltr'>αὐτῆς</span> 
     </span>
    </p>
   </div>
   <div class='ocr_carea' id='block_1_111' title="bbox 2108 5042 3653 5115">
    <p class='ocr_par' dir='ltr' id='par_1_111' title="bbox 2108 5042 3653 5115">
     <span class='ocr_line' id='line_1_111' title="bbox 2108 5042 3653 5115; baseline -0.002 -21"><span class='ocrx_word' id='word_1_790' title='bbox 2108 5042 2273 5114; x_wconf 86' lang='grc' dir='ltr'>τιμῆς</span> <span class='ocrx_word' id='word_1_791' title='bbox 2304 5044 2398 5095; x_wconf 74' lang='grc' dir='ltr'><strong>καὶ</strong></span> <span class='ocrx_word' id='word_1_792' title='bbox 2426 5043 2581 5112; x_wconf 78' lang='grc' dir='ltr'>δόξης</span> <span class='ocrx_word' id='word_1_793' title='bbox 2614 5043 3025 5115; x_wconf 78' lang='grc' dir='ltr'>ἀξιωθήσονται,</span> <span class='ocrx_word' id='word_1_794' title='bbox 3056 5046 3174 5109; x_wconf 83' lang='grc' dir='ltr'>οἴας</span> <span class='ocrx_word' id='word_1_795' title='bbox 3203 5045 3313 5114; x_wconf 84' lang='grc' dir='ltr'>πρὸ</span> <span class='ocrx_word' id='word_1_796' title='bbox 3344 5045 3444 5113; x_wconf 83' lang='grc' dir='ltr'><strong>τῆς</strong></span> <span class='ocrx_word' id='word_1_797' title='bbox 3487 5054 3653 5108; x_wconf 84' lang='grc' dir='ltr'>παρα·</span> 
     </span>
    </p>
   </div>
   <div class='ocr_carea' id='block_1_112' title="bbox 2109 5133 2726 5203">
    <p class='ocr_par' dir='ltr' id='par_1_112' title="bbox 2109 5133 2726 5203">
     <span class='ocr_line' id='line_1_112' title="bbox 2109 5133 2726 5203; baseline 0.005 -17"><span class='ocrx_word' id='word_1_798' title='bbox 2109 5133 2242 5202; x_wconf 83' lang='grc' dir='ltr'>κοῆς</span> <span class='ocrx_word' id='word_1_799' title='bbox 2275 5135 2322 5185; x_wconf 82' lang='grc' dir='ltr'>οἱ</span> <span class='ocrx_word' id='word_1_800' title='bbox 2361 5136 2726 5203; x_wconf 82' lang='grc' dir='ltr'>προπάτορες.</span> 
     </span>
    </p>
   </div>
   <div class='ocr_carea' id='block_1_113' title="bbox 2178 5223 3647 5296">
    <p class='ocr_par' dir='ltr' id='par_1_113' title="bbox 2178 5223 3647 5296">
     <span class='ocr_line' id='line_1_113' title="bbox 2178 5223 3647 5296; baseline 0.003 -23"><span class='ocrx_word' id='word_1_801' title='bbox 2178 5223 2368 5291; x_wconf 83' lang='grc' dir='ltr'>Τίμιος</span> <span class='ocrx_word' id='word_1_802' title='bbox 2400 5223 2507 5292; x_wconf 78' lang='grc' dir='ltr'>γὰρ</span> <span class='ocrx_word' id='word_1_803' title='bbox 2535 5226 2562 5275; x_wconf 83' lang='grc' dir='ltr'>ὁ</span> <span class='ocrx_word' id='word_1_804' title='bbox 2589 5226 2781 5293; x_wconf 84' lang='grc' dir='ltr'>γάμος,</span> <span class='ocrx_word' id='word_1_805' title='bbox 2810 5227 2902 5278; x_wconf 75' lang='grc' dir='ltr'><strong>καὶ</strong></span> <span class='ocrx_word' id='word_1_806' title='bbox 2930 5228 2962 5296; x_wconf 77' lang='grc' dir='ltr'><strong>ἡ</strong></span> <span class='ocrx_word' id='word_1_807' title='bbox 2985 5226 3134 5295; x_wconf 85' lang='grc' dir='ltr'>κοίτη</span> <span class='ocrx_word' id='word_1_808' title='bbox 3165 5226 3450 5295; x_wconf 85' lang='grc' dir='ltr'>ἀμίαντος,</span> <span class='ocrx_word' id='word_1_809' title='bbox 3484 5238 3647 5289; x_wconf 78' lang='grc' dir='ltr'>σωτη-</span> 
     </span>
    </p>
   </div>
   <div class='ocr_carea' id='block_1_114' title="bbox 2110 5311 3651 5386">
    <p class='ocr_par' dir='ltr' id='par_1_114' title="bbox 2110 5311 3651 5386">
     <span class='ocr_line' id='line_1_114' title="bbox 2110 5311 3651 5386; baseline -0.002 -20"><span class='ocrx_word' id='word_1_810' title='bbox 2110 5313 2231 5381; x_wconf 82' lang='grc' dir='ltr'>ρῖαν</span> <span class='ocrx_word' id='word_1_811' title='bbox 2280 5314 2743 5383; x_wconf 81' lang='grc' dir='ltr'>φιλοτιμούμενος.</span> <span class='ocrx_word' id='word_1_812' title='bbox 2787 5316 3005 5369; x_wconf 83' lang='grc' dir='ltr'>Τούτων</span> <span class='ocrx_word' id='word_1_813' title='bbox 3054 5316 3224 5379; x_wconf 74' lang='grc' dir='ltr'>οὕτως</span> <span class='ocrx_word' id='word_1_814' title='bbox 3258 5318 3514 5386; x_wconf 80' lang='grc' dir='ltr'>ἐχόντων,</span> <span class='ocrx_word' id='word_1_815' title='bbox 3565 5311 3651 5363; x_wconf 74' lang='grc' dir='ltr'><strong>καὶ</strong></span> 
     </span>
    </p>
   </div>
   <div class='ocr_carea' id='block_1_115' title="bbox 2103 5402 3645 5473">
    <p class='ocr_par' dir='ltr' id='par_1_115' title="bbox 2103 5402 3645 5473">
     <span class='ocr_line' id='line_1_115' title="bbox 2103 5402 3645 5473; baseline -0.002 -18"><span class='ocrx_word' id='word_1_816' title='bbox 2103 5404 2210 5455; x_wconf 78' lang='grc' dir='ltr'>τῶν</span> <span class='ocrx_word' id='word_1_817' title='bbox 2251 5403 2565 5472; x_wconf 69' lang='grc' dir='ltr'>θεογράφων</span> <span class='ocrx_word' id='word_1_818' title='bbox 2607 5405 2826 5457; x_wconf 80' lang='grc' dir='ltr'>πλακῶν</span> <span class='ocrx_word' id='word_1_819' title='bbox 2865 5408 3155 5473; x_wconf 61' lang='grc' dir='ltr'>λεγουσῶν</span> <span class='ocrx_word' id='word_1_820' title='bbox 3222 5408 3337 5459; x_wconf 81' lang='grc' dir='ltr'><strong>Οὐκ</strong></span> <span class='ocrx_word' id='word_1_821' title='bbox 3377 5402 3645 5469; x_wconf 73' lang='grc' dir='ltr'>εἰσελεύσῃ</span> 
     </span>
    </p>
   </div>
   <div class='ocr_carea' id='block_1_116' title="bbox 2108 5490 3644 5565">
    <p class='ocr_par' dir='ltr' id='par_1_116' title="bbox 2108 5490 3644 5565">
     <span class='ocr_line' id='line_1_116' title="bbox 2108 5490 3644 5565; baseline 0.001 -21"><span class='ocrx_word' id='word_1_822' title='bbox 2108 5494 2242 5561; x_wconf 72' lang='grc' dir='ltr'>πρὸς</span> <span class='ocrx_word' id='word_1_823' title='bbox 2280 5496 2451 5546; x_wconf 63' lang='grc' dir='ltr'>πάντα</span> <span class='ocrx_word' id='word_1_824' title='bbox 2486 5498 2683 5563; x_wconf 73' lang='grc' dir='ltr'>οξκεῖον</span> <span class='ocrx_word' id='word_1_825' title='bbox 2725 5497 2924 5565; x_wconf 83' lang='grc' dir='ltr'>σαρκός</span> <span class='ocrx_word' id='word_1_826' title='bbox 2953 5515 3047 5550; x_wconf 90' lang='grc' dir='ltr'><strong>σου</strong></span> <span class='ocrx_word' id='word_1_827' title='bbox 3090 5497 3439 5565; x_wconf 68' lang='grc' dir='ltr'>ἀποκαλύψαι</span> <span class='ocrx_word' id='word_1_828' title='bbox 3465 5490 3644 5560; x_wconf 75' lang='grc' dir='ltr'>αἰσχύ-</span> 
     </span>
    </p>
   </div>
   <div class='ocr_carea' id='block_1_117' title="bbox 2105 5579 3645 5655">
    <p class='ocr_par' dir='ltr' id='par_1_117' title="bbox 2105 5579 3645 5655">
     <span class='ocr_line' id='line_1_117' title="bbox 2105 5579 3645 5655; baseline 0.001 -22"><span class='ocrx_word' id='word_1_829' title='bbox 2105 5600 2200 5648; x_wconf 77' lang='grc' dir='ltr'><strong>νην</strong></span> <span class='ocrx_word' id='word_1_830' title='bbox 2239 5583 2431 5635; x_wconf 77' lang='grc' dir='ltr'>αὐτοῦ’</span> <span class='ocrx_word' id='word_1_831' title='bbox 2470 5585 2562 5637; x_wconf 67' lang='grc' dir='ltr'>καὶ</span> <span class='ocrx_word' id='word_1_832' title='bbox 2580 5585 2673 5637; x_wconf 82' lang='grc' dir='ltr'><strong>τοῦ</strong></span> <span class='ocrx_word' id='word_1_833' title='bbox 2705 5588 3042 5654; x_wconf 70' lang='grc' dir='ltr'>προπάτορος</span> <span class='ocrx_word' id='word_1_834' title='bbox 3082 5588 3513 5655; x_wconf 80' lang='grc' dir='ltr'>ἀποκρινομένου</span> <span class='ocrx_word' id='word_1_835' title='bbox 3542 5579 3645 5635; x_wconf 78' lang='grc' dir='ltr'><strong>ἑτέ-</strong></span> 
     </span>
    </p>
   </div>
   <div class='ocr_carea' id='block_1_118' title="bbox 2098 5670 3641 5745">
    <p class='ocr_par' dir='ltr' id='par_1_118' title="bbox 2098 5670 3641 5745">
     <span class='ocr_line' id='line_1_118' title="bbox 2098 5670 3641 5745; baseline -0.002 -18"><span class='ocrx_word' id='word_1_836' title='bbox 2098 5677 2288 5741; x_wconf 83' lang='grc' dir='ltr'>ρωθεν.</span> <span class='ocrx_word' id='word_1_837' title='bbox 2322 5677 2431 5729; x_wconf 77' lang='grc' dir='ltr'>Νῦν</span> <span class='ocrx_word' id='word_1_838' title='bbox 2466 5680 2556 5729; x_wconf 65' lang='grc' dir='ltr'>καὶ</span> <span class='ocrx_word' id='word_1_839' title='bbox 2592 5679 2787 5745; x_wconf 68' lang='grc' dir='ltr'>μᾶλλον</span> <span class='ocrx_word' id='word_1_840' title='bbox 2835 5681 2866 5743; x_wconf 81' lang='grc' dir='ltr'>ἡ</span> <span class='ocrx_word' id='word_1_841' title='bbox 2920 5680 3052 5744; x_wconf 80' lang='grc' dir='ltr'>γυνή</span> <span class='ocrx_word' id='word_1_842' title='bbox 3087 5695 3186 5743; x_wconf 87' lang='grc' dir='ltr'><strong>μου</strong></span> <span class='ocrx_word' id='word_1_843' title='bbox 3237 5676 3430 5730; x_wconf 78' lang='grc' dir='ltr'>ὀστοῦν</span> <span class='ocrx_word' id='word_1_844' title='bbox 3458 5677 3517 5729; x_wconf 77' lang='grc' dir='ltr'><strong>ἐκ</strong></span> <span class='ocrx_word' id='word_1_845' title='bbox 3545 5670 3641 5724; x_wconf 78' lang='grc' dir='ltr'>τῶν</span> 
     </span>
    </p>
   </div>
  </div>
