4016 6390
440 235 565 302 1061

1887 250 1935 309 Μ
1955 253 2297 313 ΕΒΙΤᾹΤᾹ.

2805 210 2845 255 \

3519 268 3658 333 106?.

442 364 615 414 ὁστων
661 361 759 431 μού
805 364 946 425 eam
986 368 1076 415 καὶ
1125 363 1259 433 σαρξ
1297 365 1354 431 ἐξ
1390 366 1486 436 τῆς
1531 371 1731 440 σαρκός
1765 388 1899 439 μου’
1936 370 1993 421 ού

2103 389 2163 428 os
2192 390 2256 429 ex
2289 374 2503 430 ossibus
2534 374 2689 439 meis,
2713 381 2764 428 et
2790 389 2917 428 caro
2939 389 3003 428 ex
3030 389 3193 430 carne
3212 391 3329 430 mea
3359 396 3373 432 :
3399 380 3648 447 equidem

440 451 620 523 τολμῶ
641 454 766 516 τοὺς
797 453 1098 523 ὀμοζύγους
1131 456 1304 510 εἰπεῖν
1333 456 1500 529 ἄλλης
1527 458 1622 512 καὶ
1667 460 1830 528 ἄλλης
1856 456 1995 513 εἶναι

443 541 663 613 σαρκὸς,
697 542 800 596 κᾶν
834 546 893 597 ἐν
934 543 1090 596 δυσὶν
1125 545 1483 604 ύποστάσεσιν
1530 549 1728 612 αὐτοὺς
1766 548 1957 623 Οεωρῷ
1976 564 1990 579 ο

420 634 530 688 ’ἵνα
568 634 643 706 μὴ
689 635 914 698 δικαίως
943 637 1259 707 κατακριθῶ
1309 638 1450 692 κατὰ
1498 639 1624 704 τοὺς
1672 640 1996 705 άΟετοῦντας

441 725 748 796 ἐγγράφους
785 727 877 779 καὶ
935 726 1214 796 ἀγράφους
1265 730 1612 799 παραδόσεις,
1657 731 1767 799 τῶν
1822 732 1993 801 ἁγίων

453 815 787 887 Ἐκκλησιῶν
826 817 921 870 καὶ
957 818 1056 887 τῆς
1112 819 1385 891 σωτηρίας
1435 822 1593 891 ἡμῶν
1623 823 1685 874 τὸ
1708 823 1992 892 ἐχέγγυον.

441 906 793 975 Διαγινώσκω
820 906 875 959 δὲ
907 907 1106 977 μᾶλλον
1147 908 1274 978 μίαν
1311 910 1486 980 σάρκα
1532 911 1750 976 τούτους
1783 914 1994 981 λογίζε-

443 996 587 1060 σθαι,
621 997 714 1048 καὶ
746 998 854 1059 τοῖς
896 997 1074 1059 αὐτοῖς
1120 1000 1566 1069 στενοχωρεῖσθαι
1595 1002 1685 1053 τὸν
1709 1002 1880 1070 ἄνδρα
1909 1018 1993 1057 voc

444 1089 621 1155 μικοῑς
642 1085 737 1139 κοιλ¹
766 1088 1069 1149 κανονικοῖς
1105 1089 1576 1158 παραγγέλμασιν,
1603 1092 1724 1143 ὅσον
1748 1091 1884 1153 τέως
1916 1093 1995 1153 εἰς

443 1176 735 1245 συνάφειαν
763 1177 1025 1246 γαμικὴν,
1054 1170 1134 1239 οἷς
1163 1178 1310 1249 καὶὴ
1339 1178 1525 1232 τούτου
1577 1183 1993 1250 στενοχωρείται

439 1269 739 1338 ὁμόζυγος·
766 1267 953 1339 ὥσπερ
992 1267 1087 1321 καὶ
1130 1267 1189 1320 τὸ
1232 1269 1521 1323 ἀνάπαλιν.
1560 1271 1670 1324 Καὶ
1720 1270 1807 1323 διὰ
1836 1270 1995 1327 τοῦτο

444 1361 520 1429 μὴ
575 1358 833 1412 δύνασθαι
877 1358 969 1412 τὸν
1014 1360 1323 1428 Δημήτριον
1357 1359 1437 1421 εἰς
1469 1361 1833 1428 γυναῖκαιτὴν
1864 1360 1995 1413 Θεο-

438 1451 616 1518 δώραν
661 1449 880 1510 λαϐεῖν,
946 1448 1295 1519 λογιζομένην
1349 1449 1729 1521 δισεξαδέλφην
1779 1452 1941 1505 αὑτοῦ
1977 1493 1992 1519 ,

438 1541 525 1594 διὰ
555 1540 652 1610 τὴν
680 1542 819 1610 μετὰ
846 1540 943 1609 τῆς
964 1542 1179 1612 Μαρίας
1205 1543 1448 1613 γαμικὴν
1475 1543 1661 1597 τούτου
1681 1547 1992 1613 συνάφειαι).

451 1632 803 1701 Ἀποδὲχομαι
855 1631 911 1685 δὲ
966 1633 1057 1685 καὶ
1102 1635 1227 1696 τοὺς
1285 1634 1594 1699 κωλύοντας
1635 1635 1696 1688 τὸ
1756 1635 1994 1689 τοιοῦτον

437 1720 670 1791 γαμικὸν
704 1719 798 1774 τοῦ
829 1719 1141 1790 Δημητρίου
1168 1720 1515 1789 συνάλλαγμα
1535 1720 1624 1775 διὰ
1656 1723 1779 1783 τοὺς
1798 1722 1992 1790 νόμους
2025 1707 2064 1760 Β

435 1811 561 1872 τοὺς
583 1808 859 1875 λέγοντας,
882 1808 938 1861 ὲν
966 1810 1078 1871 τοῖς
1100 1809 1310 1879 γάμοις’
1327 1811 1386 1861 ού
1415 1810 1572 1879 μόνον
1600 1809 1661 1863 τὸ
1684 1811 1989 1878 ἐφειμένον,

440 1899 572 1953 ἀλλὰ
606 1899 702 1954 καὶ
742 1899 802 1952 τὸ
841 1899 1116 1970 εὐπρεπὲς
1165 1900 1465 1970 ζητητέονο
1504 1901 1782 1955 κατανοῶν
1824 1882 1991 1970 ἀπρε-

437 1992 704 2043 πέστατον
757 1989 919 2057 εἶναι,
970 1990 1062 2043 τὸν
1116 1992 1276 2061 μέχρι
1324 1991 1416 2045 τοῦ
1450 1991 1542 2046 νῦν
1567 1992 1815 2064 γαμϐρὸν
1842 1994 1993 2060 παρὰ

434 2083 529 2149 τῆς
577 2082 954 2153 δισεξαδέλφης
1010 2082 1320 2151 λεγόμενον,
1354 2082 1622 2153 ὀμόζυγον
1676 2085 1845 2151 αὐτῆς
1880 2088 1993 2138 ὀνο-

439 2173 721 2249 μάζεσθαι.
758 2178 879 2230 Ὅτι
903 2175 959 2228 δὲ
1013 2172 1283 2245 χρώμενοι
1313 2175 1520 2244 ῥήμασί
1547 2190 1691 2237 τινες
1731 2175 1822 2229 τοῦ
1854 2176 1990 2229 κατᾶ

434 2268 531 2337 τὴν
553 2266 594 2319 λ’
623 2266 716 2318 τοῦ
749 2264 965 2319 Ἰουλίου
994 2263 1180 2334 μηνὸς,
1206 2264 1303 2331 τῆς
1339 2263 1409 2334 ιβ’
1439 2265 1832 2335 ὲπινεμήσεως,
1866 2283 1991 2319 συν-

435 2357 614 2413 οδικοῠ
645 2348 1167 2427 σημειώματος,’τοῦ
1203 2355 1301 2424 μὲν
1336 2355 1639 2424 ἁγιωτάτου
1662 2355 1828 2428 κυροῦ
1859 2357 1991 2409 Θεο-

435 2448 615 2502 δοσίου
647 2446 1160 2517 πατριαρχεύοντος,
1198 2445 1354 2516 ἡμῶν
1382 2446 1439 2500 δὲ
1468 2446 1560 2500 τοῦ
1587 2448 1992 2517 χαρτοφύλακος

437 2537 801 2609 ἐνεργούντων
861 2536 1073 2605 ὀφίκιον
1108 2576 1122 2603 ,
1180 2539 1275 2590 καὶ
1327 2539 1455 2610 περὶ
1500 2539 1561 2591 τὸ
1624 2538 1774 2602 τέλος
1820 2539 1991 2592 ταῦτα

436 2627 738 2696 διεξιοῦσιν.
774 2627 930 2681 Ἐπεὶ
957 2627 1065 2696 γὰρ
1097 2629 1133 2696 ἡ
1153 2628 1302 2696 μετὰ
1330 2628 1610 2693 Ἰζωὰγνου
1638 2630 1991 2683 τελεσθεῖσα

433 2718 725 2788 μνηστεία
752 2719 831 2783 ὠς
879 2719 1297 2784 ἀνυπόστατος
1321 2720 1585 2785 λέλυται,
1619 2719 1714 2773 διὰ
1739 2719 1853 2787 τὴν
1883 2720 1991 2788 τῆς

438 2811 692 2879 Είρήνης
740 2809 1096 2876 ἀνηϐότητα,
1159 2809 1355 2875 καλῶς
1409 2811 1448 2879 ἡ
1488 2810 1708 2878 Εἰρήνη
1739 2810 1991 2879 δευτέρῳ

435 2901 742 2970 ἐξαδέλφῳ
774 2898 959 2954 αὐτοῦ
997 2899 1146 2953 κατὰ
1186 2902 1373 2969 νόμον
1429 2900 1616 2969 γάμου
1663 2901 1992 2970 συξευχθή-

2099 466 2280 520 dicere
2304 482 2410 521 non
2441 465 2633 528 audeo,
2659 464 2915 535 conjuges
2946 467 3167 522 alterius
3194 469 3510 532 etalterius
3529 487 3653 529 esse

2098 558 2300 622 carnis,
2329 557 2451 612 licet
2473 572 2565 611 eos
2593 557 2646 611 in
2664 557 2876 613 duabus
2891 559 3137 626 personis
3156 559 3310 613 video
3336 577 3349 613 :
3368 575 3436 615 ne
3457 564 3648 618 meritc

2096 647 2424 704 condemner
2446 649 2660 703 illorum
2724 665 2895 712 more,
2955 649 3048 719 qui
3116 650 3349 720 scriptas
3411 659 3465 706 et
3537 668 3646 708 non

2095 738 2327 806 scriptas
2395 738 2713 794 traditiones
2777 741 3090 808 reprobant,
3148 756 3270 810 quae
3326 751 3642 796 sanctarum

2094 824 2458 883 Ecclesiarum
2483 837 2537 882 et
2579 828 2776 884 salutis
2832 839 3033 887 nostra:
3091 831 3287 900 pignus
3339 819 3484 886 sunt.
3538 834 3645 886 lmr

2095 919 2276 989 potius
2301 928 2499 985 statuo,
2531 935 2630 989 pro
2659 935 2766 974 una
2810 935 2975 975 carne
3030 922 3329 987 ducendos,
3361 932 3414 976 et
3458 923 3642 976 iisdetr

2094 1010 2390 1080 constringi
2421 1013 2667 1066 maritum
2684 1013 2943 1082 legalibus
2973 1020 3026 1068 et
3042 1014 3321 1067 canonicis
3343 1013 3648 1081 praeceptis,

2092 1114 2351 1174 quantum
2380 1103 2587 1158 scilicet
2612 1104 3005 1172 copulationem
3031 1102 3482 1156 matrimonialem
3522 1104 3654 1155 atti-

2058 1204 2205 1272 _net,
2248 1196 2444 1264 quibus
2488 1203 2544 1250 et
2580 1196 2778 1262 conqu
2838 1194 2958 1261 ejus
2987 1193 3322 1247 includitur:
3387 1194 3652 1260 idemque

2092 1286 2210 1343 vice
2238 1300 2394 1339 versa
2433 1286 2609 1339 locum
2645 1285 2863 1339 habere.
2904 1282 3080 1351 Atque
3116 1283 3219 1335 hac
3251 1284 3317 1337 de
3349 1299 3513 1338 causa
3544 1299 3649 1336 non

2093 1392 2252 1446 posse
2284 1376 2612 1432 Demetrium
2644 1376 2697 1430 in
2739 1390 2962 1429 uxorem
3025 1375 3226 1427 ducere
3282 1373 3648 1435 Theodoram,

2094 1483 2211 1538 quae
2233 1483 2328 1536 pro
2359 1468 2580 1522 sobrina
2610 1467 2729 1535 ejus
2782 1466 3030 1528 habetur,
3090 1473 3310 1532 propter
3363 1465 3651 1515 matrimo-

2096 1561 2288 1614 niulem
2320 1558 2492 1617 ipsius
2521 1573 2641 1612 cum
2675 1557 2838 1611 Maria
2866 1556 3325 1624 conjttm'tionem.
3368 1555 3649 1609 Asseutior

2095 1652 2254 1705 etiam
2288 1652 2377 1715 iis,
2412 1650 2502 1719 qui
2531 1648 2983 1702 matrimonialem
3008 1647 3274 1714 ejusmodi
3307 1656 3645 1698 contractum

2096 1738 2348 1792 Demetrii
2395 1736 2684 1806 prohibent
2748 1737 2923 1804 legum
2982 1736 3194 1787 ratione
3254 1734 3360 1801 (66)
3417 1749 3645 1800 quarum

2095 1826 2255 1881 verba
2285 1834 2412 1880 sunt
2443 1843 2457 1879 :
2483 1825 2541 1878 In
2573 1824 2781 1893 nuptiis
2813 1839 2918 1877 non
2958 1823 3133 1877 solum
3161 1821 3289 1889 quid
3326 1823 3646 1888 pt-rtttissunt

2094 1917 2185 1981 sit,
2216 1915 2309 1971 sed
2334 1917 2496 1971 etiam
2527 1917 2654 1984 quid
2687 1915 2998 1979 honesturn,
3030 1912 3486 1967 considerandum
3515 1920 3599 1964 est
3632 1929 3646 1963 :

2092 2009 2219 2061 dum
2270 2007 2662 2067 animadverto,
2717 2005 3219 2061 inhonestissimum
3266 2019 3412 2064 esse,
3472 2011 3527 2054 ut
3554 2002 3646 2067 qui

2092 2099 2354 2153 hactenus
2382 2113 2410 2151 a
2449 2097 2671 2152 sobrina
2710 2107 2935 2150 vocatus
2978 2095 3141 2149 fuerit
3198 2093 3393 2158 aﬂinis,
3460 2102 3648 2159 pastea

2091 2188 2290 2256 conjux
2328 2187 2444 2255 ejus
2473 2186 2792 2256 appelletur.
2819 2186 2882 2240 Et
2940 2186 3065 2254 quia
3116 2186 3363 2238 nonnulli
3435 2192 3648 2237 utentes

2092 2278 2269 2334 verbis
2294 2277 2480 2347 scripti
2514 2277 2803 2347 synodalis,
2861 2277 3117 2343 pnblicati
3165 2276 3251 2329 die
3275 2290 3386 2328 xxx
3442 2273 3649 2327 mensis

2090 2368 2238 2434 Julii,
2279 2367 2575 2422 indictione
2604 2367 2946 2430 duodecima,
2979 2381 3103 2420 cum
3135 2373 3282 2420 esset
3338 2365 3648 2433 patriarcha

2094 2461 2474 2517 sanctissimus
2505 2460 2595 2514 ille
2620 2457 2875 2511 dominus
2906 2456 3262 2521 Theodosius,
3286 2464 3339 2509 et
3357 2471 3455 2509 nos
3477 2455 3650 2507 ollicio

2093 2551 2409 2607 cbartularii
2464 2550 2836 2618 iungeremur,
2868 2563 2975 2617 quo
3003 2549 3057 2602 in
3089 2548 3292 2615 scripto
3317 2548 3460 2600 circa
3492 2547 3649 2597 [intem

2093 2644 2205 2698 haec
2224 2643 2389 2696 verba
2409 2642 2660 2708 leguntur
2685 2657 2698 2691 :
2718 2638 2849 2691 Cum
2873 2639 3007 2693 enim
3032 2637 3293 2691 celebrata
3311 2652 3427 2688 cum
3443 2634 3650 2686 Joanne

2092 2733 2363 2802 sponsalia
2392 2773 2405 2796 ,
2450 2750 2542 2787 cett
2582 2733 2792 2786 minime
2844 2729 3166 2793 constantia,
3198 2726 3490 2788 solvantur,
3521 2740 3650 2793 pro-

2090 2834 2203 2891 pter
2252 2831 2459 2876 wtatem
2487 2821 2657 2875 [rente
2688 2820 3001 2887 impuberem
3029 2834 3046 2870 :
3074 2827 3210 2871 recte
3245 2816 3402 2870 Irena
3436 2814 3647 2868 sobrina

2093 2916 2260 2984 ipsius
2291 2914 2397 2984 lege
2429 2912 2810 2967 matrimoniali
2831 2909 3182 2979 copulabitur.
3219 2908 3414 2975 Quippe
3442 2922 3532 2959 nec
3556 2921 3649 2971 pro

436 3008 625 3046 σεται.
658 2991 805 3044 Οὔτε
836 2988 947 3060 γὰρ
991 2991 1353 3060 συγγενικὸν
1397 2993 1718 3058 πρόσωπον
1754 2993 1869 3061 τὴν
1894 2996 1991 3047 El-

2093 3019 2314 3074 persona
2338 3014 2560 3072 cognata
2587 3001 2885 3055 Theodorus
2919 2997 3136 3052 Irenam
3158 2996 3322 3055 ducit,
3353 3011 3444 3048 nec
3481 2993 3652 3061 aﬁini-

430 3086 630 3154 ρήνην
655 3082 965 3152 λογίζεται,
1008 3086 1040 3137 ὀ
1072 3083 1384 3151 Θεόδωρος,
1413 3083 1548 3137 οὔτε
1586 3085 1709 3150 τοῖς
1734 3084 1802 3149 ἐξ
1829 3086 1994 3155 ἀγχι-

437 3176 640 3239 στείας
677 3173 921 3243 δεσμοῖς
949 3171 1047 3227 καὶ
1099 3173 1259 3240 ὅροις
1317 3173 1733 3242 συσφιτυγεται,
1786 3174 1884 3228 διὰ
1929 3177 1992 3229 τὸ

436 3264 760 3334 ὑπερϐῆναι
788 3264 894 3319 τὸν
916 3264 984 3329 ἐξ
1008 3265 1352 3335 ἀγχιστείας
1383 3265 1559 3319 ἕκτον
1584 3266 1841 3335 βαθμόν.

504 3357 758 3409 Θέλουσιν
797 3358 944 3425 ἡμᾶς
999 3358 1232 3426 σιωπᾷν,
1265 3357 1388 3426 ἄρτι
1433 3357 1695 3411 τάναντία
1751 3358 1995 3427 διαγινώ-

439 3462 661 3509 σκοντας
684 3460 699 3476 '
735 3445 949 3514 πρῶτον
1000 3444 1098 3514 μὲν
1152 3443 1406 3514 λέγομεν,
1448 3446 1522 3508 ὡς
1546 3447 1572 3497 ὁ
1598 3449 1740 3501 κατὰ
1770 3450 1993 3516 καιροὺς

436 3534 781 3606 χορτοφύλαξ
806 3534 981 3606 στόμα
1011 3535 1402 3605 πατριαρχικὺν
1420 3535 1787 3605 λογιζόμενος,
1811 3540 1994 3592 ἐκεῖνα

434 3627 583 3696 λέγει
616 3629 709 3680 καὶ
743 3629 969 3697 γράφει,
1005 3627 1108 3681 ὅσα
1146 3626 1440 3694 νεφελώσει
1470 3627 1563 3679 καὶ
1596 3628 1859 3681 ὑδατώσει
1894 3632 1993 3697 τῆς

434 3720 673 3789 κεφαλῆς
696 3720 730 3789 ἡ
749 3717 1051 3788 ἀκρώρεια.
1084 3716 1290 3770 Οὐκοῦν
1320 3715 1436 3768 οὐδὲ
1463 3717 1766 3778 αἰτιατέους
1789 3716 1819 3784 ἢ
1841 3719 1992 3770 ἐπατ-

434 3813 644 3874 νετέους
673 3809 933 3875 λογιεῖται
956 3825 1044 3871 τις
1080 3809 1228 3885 ἡμᾶς
1268 3805 1816 3876 καλλιγραφήσαντας
1862 3807 1991 3869 ἴσως

351 3911 355 3915 ’
434 3904 529 3974 τὴν
563 3901 842 3974 παροῦσαν
895 3898 1236 3968 ύπόθεσιν,ῆ
1276 3898 1586 3953 τούναντίον
1636 3898 1992 3969 κακογραφή-

437 4012 655 4059 σαντας.
684 3995 841 4046 Κατὰ
874 3990 981 4061 γὰρ
1006 3990 1097 4044 τὸν
1127 3990 1340 4059 Βαροὺχ
1381 3989 1990 4059 ὑπεγραμματεύσαμεν

433 4089 534 4140 ὅσα
601 4084 814 4155 θρηνῶν
858 4081 1125 4153 Ἱερεμίας
1169 4080 1471 4149 ὲθρήνησε·
1533 4079 1627 4131 κα)⁵
1690 4080 1831 4131 κατὰ
1900 4079 1992 4130 τὸν

447 4171 655 4242 Ἀαρὼν
707 4166 1068 4238 ἐλαλήσαμεν,
1106 4170 1207 4222 ὅσα
1259 4168 1436 4221 λαλῶν
1477 4167 1704 4234 ὲλάλησε
1762 4166 1985 4236 Μωσῆς.

434 4263 611 4331 Ὅπερ
640 4261 694 4313 δὲ
730 4261 823 4311 καὶ
856 4259 974 4310 τότε
1004 4257 1100 4325 τὴν
1135 4258 1445 4328 μικρόνοιαν
1472 4257 1628 4328 ἡμῶν
1659 4257 1989 4326 ἐθεράπευσε

2097 3096 2221 3149 tatis
2258 3095 2671 3162 vinculis‘atque
2718 3090 2913 3160 Iegibus
2964 3088 3340 3156 constringitur
3381 3096 3650 3153 propterea

2093 3185 2229 3249 quod
2257 3193 2456 3238 sextum
2482 3198 2544 3236 ex
2571 3183 2818 3251 afﬁnitate
2842 3181 3065 3250 gradum
3097 3178 3334 3232 excedat.
3372 3218 3381 3227 κ

2163 3353 2260 3411 llis
2299 3370 2427 3423 ergo
2451 3353 2634 3408 verbis
2665 3358 2902 3412 utentes,
2930 3359 3109 3403 tacere
3141 3360 3241 3400 nos
3303 3342 3515 3403 volunt,
3561 3357 3650 3408 ‹μιι

2090 3447 2198 3516 jam
2228 3445 2500 3502 contraria
2542 3445 2879 3497 statuimus:
2936 3440 3168 3508 primum
3228 3426 3650 3503 respondemus,

2093 3537 2356 3605 cujusque
2382 3535 2638 3604 temporis
2673 3531 3096 3593 chartularium,
3128 3527 3219 3596 qui
3241 3541 3302 3580 os
3327 3523 3655 3593 patriarchae

2092 3641 2214 3682 esse
2250 3625 2490 3688 ducitur,
2523 3639 2585 3679 ea
2621 3630 2731 3675 ttnn
2770 3622 2970 3683 dicere,
3045 3627 3158 3671 tum
3218 3616 3479 3675 scribere,
3534 3626 3655 3679 quia

2092 3717 2285 3786 capitis
2311 3716 2411 3786 ipsi
2446 3723 2629 3770 vertex
2668 3716 2844 3767 instar
2872 3709 3032 3765 nubis
3058 3715 3111 3762 et
3133 3721 3286 3774 aqua:
3315 3701 3648 3772 suppeditat.

2092 3806 2321 3874 Ideoque
2352 3820 2449 3859 nec
2474 3803 2792 3872 culpandos,
2826 3814 2926 3855 nec
2959 3795 3259 3852 laudandos
3290 3808 3391 3845 nos
3440 3789 3654 3859 putabit

2090 3897 2382 3965 quispiam,
2414 3895 2504 3963 qui
2533 3895 2614 3948 vel
2650 3903 2794 3946 recte
2847 3897 3170 3958 praesentem
3220 3898 3465 3943 causam,
3497 3880 3580 3933 vel
3623 3895 3653 3932 e

2091 3990 2364 4043 contrario
2407 3986 2544 4039 male
2571 3984 2762 4037 litteris
2792 3978 3058 4048 complexi
3099 3978 3294 4031 simus.
3329 3972 3462 4025 Nam
3505 3985 3656 4022 more

2090 4080 2342 4144 Baruchi,
2379 4080 2569 4134 scribae
2604 4089 2827 4129 tnuncre
2850 4070 3015 4126 iuueti
3045 4067 3353 4123 notavimus
3398 4074 3656 4132 quaecun-

2091 4186 2194 4241 que
2224 4158 2570 4223 lamenta‘ndo
2604 4162 2907 4218 llieremias
2950 4158 3280 4213 lamentatus
3318 4161 3442 4207 est:
3476 4158 3529 4204 et
3550 4150 3657 4199 Aa-

2094 4263 2244 4315 ronis
2270 4275 2418 4312 more
2451 4255 2715 4327 prolocuti
2768 4267 2979 4312 sumus,
3029 4261 3361 4317 qua-cunque
3385 4242 3658 4311 loquendo

433 4330 592 4421 χάριν
617 4350 708 4403 τοῦ
744 4350 985 4402 τοιούτου
1031 4348 1369 4419 ζητήματος,
1408 4348 1624 4419 ἐγράφη
1673 4349 1801 4417 παρ’
1833 4347 1989 4416 ἡμῶν

2098 4353 2310 4404 locutus
2372 4356 2454 4401 est
2484 4345 2679 4399 Moses.
2707 4342 2860 4407 Quod
2894 4348 3072 4393 autem
3103 4335 3411 4390 intellectus
3472 4330 3652 4383 nostri

434 4443 492 4493 ἐν
517 4439 595 4509 τῷ
630 4441 672 4511 β’
706 4440 1007 4508 κεφαλαίῳ,
1040 4439 1133 4492 τοῦ
1164 4445 1231 4507 ιγ¹
1263 4439 1444 4492 τίτλου
1490 4438 1581 4490 τοῦ
1609 4439 1993 4508 νομοκανόνου.

437 4530 671 4598 Εἴπομεν
690 4530 760 4598 γὲι
769 4548 796 4600 ρ
813 4530 872 4582 τὸ
889 4529 1130 4583 τοιοῦτον
1152 4531 1446 4599 κεφάλαιον
1476 4527 1891 4599 ἑρμηνεύοντες,
1918 4528 1993 4591 ὡς

432 4618 527 4672 καὶ
549 4618 824 4688 βασιλικὸν
848 4618 1087 4672 ἐκώλυσε
1116 4620 1440 4690 πρόσταγμα
1462 4618 1521 4671 τὸ
1549 4617 1884 4687 ζητούμενον
1906 4635 1997 4669 συ-

432 4712 717 4772 νοικέσιον,
747 4710 849 4763 κᾶν
868 4710 1431 4779 καταστρωθῆναιούκ
1455 4708 1681 4777 ἔφθασε,
1697 4709 1837 4778 καὶὴ
1875 4710 1996 4762 Ἑκ-

432 4800 628 4872 κλησία
643 4800 739 4870 τὴν
756 4798 946 4854 τούτου
967 4799 1186 4869 ποίησιν
1209 4799 1309 4850 οὐκ
1330 4798 1599 4866 ἀνέχεται.
1624 4794 1757 4850 Εἶτά
1788 4814 1989 4868 φαμεν,

432 4890 508 4952 ὡς
537 4891 940 4960 σημειωμάτων
965 4887 1450 4959 προκομιζομένων
1498 4887 1868 4955 ταλαυγενῶν,
1899 4889 1991 4941 καὶ

432 4981 519 5033 διὰ
535 4979 582 5013 ⁸³
611 4981 954 5052 γραμμάτων
988 4980 1185 5051 ὁμοίων
1219 4979 1709 5050 ὲκκλησιαστικῶν,
1741 4980 1997 5042 διυλιζόν-

432 5083 541 5122 των
574 5071 668 5123 καὶ
701 5069 861 5123 αὐτὸν
883 5070 975 5124 τὸν
1004 5069 1334 5137 φαυλότατον
1372 5067 1608 5122 κώνωπα
1629 5068 1724 5122 τοῦ
1755 5068 1992 5121 τοιούτου

435 5159 768 5230 ζητήματος,
780 5160 877 5214 καὶ
895 5159 1317 5229 ἀποκαλούντων
1331 5160 1490 5214 τοῦτο
1512 5158 1987 5232 παρανομώτατον,

2099 4437 2347 4493 tenuitati
2379 4445 2509 4489 tunc
2550 4433 2787 4487 remedio
2812 4430 2913 4483 fuit
2941 4430 2994 4481 in
3030 4428 3131 4481 hac
3177 4424 3505 4494 qumstione,
3537 4435 3659 4487 per-

2097 4529 2358 4596 scriptum
2388 4541 2418 4578 a
2448 4523 2603 4578 nobis
2634 4530 2715 4576 est
2746 4523 2797 4573 in
2859 4519 3037 4586 capite
3086 4513 3325 4570 secundo
3353 4511 3494 4564 tituli
3538 4508 3659 4563 Xllt

2097 4612 2488 4671 Nomocanoni.
2550 4610 2761 4677 Quippe
2825 4614 2988 4675 caput
3040 4603 3173 4658 illud
3240 4602 3659 4668 interpretantes

2096 4706 2352 4767 diximus,
2383 4703 2546 4756 etiam
2576 4700 2750 4753 edicto
2776 4693 3123 4764 imperatorio
3168 4690 3498 4761 prohibitum
3538 4703 3663 4741 esse

2098 4794 2525 4857 matrimonium,
2557 4806 2665 4858 quo
2695 4788 2762 4842 de
2790 4787 2986 4854 agitur,
3016 4784 3142 4837 licet
3169 4782 3225 4835 in
3275 4788 3396 4832 acta
3427 4779 3656 4831 relatum

2098 4902 2205 4941 non
2234 4886 2416 4947 fuerit,
2442 4890 2496 4936 et
2529 4880 2773 4933 Ecclesia
2832 4874 3316 4948 promulgationem
3372 4868 3491 4934 ejus
3547 4881 3658 4920 non

2098 4976 2386 5030 sustineat.
2417 4971 2616 5026 Deinde
2642 4969 2986 5036 subjicimus,
3017 4962 3161 5033 quod
3185 4974 3308 5015 cum
3348 4957 3660 5011 notationcs

2099 5064 2694 5138 priscae‘prol'eruntur,
2729 5071 2780 5114 et
2808 5058 3112 5113 consimilia
3145 5054 3344 5121 scripta
3400 5045 3658 5104 ecclesia-

2097 5136 2255 5221 stica,
2288 5154 2670 5226 pravissimum
2703 5161 2754 5204 et
2785 5151 2898 5218 ipsa
2926 5147 3155 5202 culicem
3210 5139 3524 5211 quaestionis
3549 5136 3656 5192 hu-

1663 5293 1893 5349 VARIA‘]
1936 5250 2338 5350 LECTIONES.

505 5387 553 5420 ⁸³
575 5362 1029 5458 διαγραμμάτων.

1930 5493 2163 5549 ΝΟΤΛΕ.

509 5610 618 5680 (66)
676 5612 909 5684 Semper.
945 5613 1006 5669 Ι).
1047 5613 1122 5668 De
1152 5630 1257 5683 reg.
1284 5613 1397 5681 jur.
1425 5612 1491 5666 Et
1519 5612 1555 5665 l.
1583 5610 1669 5666 42.
1707 5609 1765 5663 D.
1802 5609 1876 5663 De
1900 5610 1986 5661 rit.
2030 5619 2179 5675 nupt.
