4016 6402
1838 228 1849 232 η
1878 226 1998 235 ψη,ρ--

400 355 542 420 1065

1814 366 2107 432 ΜΕΟΓΓΑ
2126 370 2224 433 l'.l.

3495 383 3630 449 1086

392 487 717 554 πέπεισμαι,
737 487 831 540 καὶ
854 487 1012 542 τοῦτο
1039 487 1206 560 λήθης
1230 489 1376 563 βυθῷ
1406 496 1839 566 κατακέχωσται,
1855 500 1948 551 καὶ

2071 506 2454 571 generationem
2505 505 2798 563 transiens.
2838 504 2956 573 Sin,
3009 509 3152 579 quod
3203 511 3453 579 equidem
3514 528 3625 569 non

392 576 705 639 Κασταλίας
735 576 878 647 ὕδωρ
900 578 1220 649 εὐχάριστον
1257 583 1368 635 τῶν
1422 585 1544 637 τότε
1609 590 1958 655 κρατοῦντων

391 666 451 717 οὐ
473 665 735 735 κηρύττει
763 666 862 736 τὴν
896 670 1168 737 πρόνοιαν,
1207 672 1341 725 ἀλλὰ
1402 674 1713 745 μεμϐράναι
1767 678 1962 747 βίϐλων

396 755 704 824 ἱστορικῶν,
736 756 828 808 καὶ
891 762 1203 828 συγγραφαὶ
1257 763 1535 816 τακτικῶν
1585 766 1964 836 ἁνακτορικῶν

395 843 747 912 κεκράξονται
784 847 925 901 κατὰ
962 848 1249 919 Στέντορα.
1282 853 1393 904 Καὶ
1418 854 1482 905 σὺ
1521 854 1578 907 δὲ
1609 861 1811 921 παντὸς
1832 875 1963 911 συν-

393 934 668 1003 τάγματος
692 935 909 1003 λογικοῦ
956 939 1126 992 τελῶν
1189 942 1476 1011 ὑφηγητὴς
1522 946 1962 1014 νουνεχέστατος,

393 1024 497 1079 κάν
531 1027 703 1095 τούτῳ
729 1029 806 1095 τῷ
826 1030 1102 1101 σπουδαίῳ
1142 1032 1489 1102 προϐλήματι
1549 1036 1963 1108 πλεονεκτήσεις

399 1114 645 1177 πολλοὺς,
679 1117 772 1168 καί
805 1134 895 1186 μοι
924 1118 1282 1190 συλλαλήσεις
1297 1122 1375 1190 τῷ
1404 1123 1646 1193 γέροντι.
1692 1126 1850 1179 Ἀλλὰ
1868 1128 1964 1182 καὶ

396 1206 487 1257 τοῦ
518 1205 777 1273 βασιλέως
806 1208 975 1276 κυροῦ
1026 1211 1438 1266 Κωνσταντίνου
1486 1214 1579 1267 τοῦ
1639 1217 1963 1287 Μονομάχου

396 1296 465 1361 τὰ
502 1296 914 1353 θεσπεσιώτατα
952 1301 1324 1372 διατάγματα,
1371 1304 1444 1358 τὰ
1468 1306 1965 1380 ξτελεσφορήσαντα

395 1389 462 1441 τὰ
512 1388 746 1459 ὀφφίκια
775 1390 869 1443 τοῦ
895 1391 1115 1447 ἐπὶτῶν
1148 1395 1404 1461 κρίσεων,
1442 1397 1537 1450 καὶ
1566 1398 1661 1451 τοῦ
1721 1400 1963 1469 vettoch-

394 1479 1059 1550 λακος,καὶδιοριζὸμενα
1088 1482 1310 1547 τούτους
1372 1486 1602 1555 ὲτησίως
1663 1491 1800 1559 μετὰ
1868 1491 1965 1544 καὶ

394 1567 570 1622 ἄλλων
592 1570 802 1622 πολλῶν
825 1571 1199 1641 ἀποφέρεσθαι
1221 1575 1382 1645 χάριν
1412 1578 1576 1647 ρόγας
1606 1579 1710 1633 ἀνὰ
1741 1582 1961 1652 χρυσίου

392 1660 615 1731 τοσήνδε
639 1662 932 1730 ποσότητα,
963 1663 1055 1715 καὶ
1097 1664 1167 1718 τὰ
1198 1665 1403 1735 συνήθη
1458 1667 1608 1737 βαΐα,
1666 1670 1766 1723 οὐκ
1826 1674 1963 1724 εἰσὶν

394 1750 453 1800 ὲν
490 1747 568 1817 τῷ
592 1749 824 1818 οὐρανῷ,
847 1750 969 1803 οὐδὲ
996 1751 1168 1821 πέραν
1192 1752 1487 1824 θαλάσσης.
1526 1755 1613 1809 ἵνα
1669 1774 1755 1820 τις
1808 1758 1989 1831 εἴπῃ,-

394 1836 489 1900 Τίς
520 1835 690 1890 ταῦτα
716 1837 1071 1906 μετακομίσει
1101 1856 1225 1907 μοι;
1258 1821 1502 1911 Παρὰ-δὲ
1550 1847 1617 1914 τῇ
1661 1847 1802 1914 χειρί
1847 1821 1962 1913 σου,
1998 1821 2040 1878 Β

394 1925 486 1977 καὶ
510 1926 575 1996 τῇ
600 1925 797 1997 καρδίᾳ
828 1942 943 1990 σου,
1001 1928 1094 1980 καὶ
1137 1926 1215 1998 τῷ
1263 1928 1489 1999 στόματί
1535 1928 1627 1984 σού
1685 1933 1812 1985 είσι.
1858 1933 1965 1986 Καὶ

393 2014 609 2078 πάντως
639 2015 1081 2085 γνωμολογήσεις
1120 2017 1185 2070 ὲκ
1246 2016 1452 2071 τούτων
1500 2018 1595 2073 τοῦ
1641 2020 1965 2091 πράγματος

392 2107 489 2175 τὴν
526 2105 806 2176 ἀλήθειαν.
838 2106 960 2158 Τῶν
990 2108 1123 2173 γοῦν
1141 2106 1406 2175 βασιλέων
1431 2107 1523 2162 καὶ
1552 2110 1661 2162 τῶν
1691 2127 1965 2182 πατριαρο

392 2197 502 2266 χῶν
538 2198 1011 2268 μεγαλυνομένων,
1043 2198 1119 2261 ὡς
1145 2197 1386 2270 εἴρηται,
1435 2200 1524 2255 διὰ
1552 2202 1659 2254 τῶν
1692 2202 1857 2273 βαῖων
1871 2203 1965 2256 καὶ

391 2288 501 2341 τῶν
524 2289 722 2361 ῥογῶν,
759 2289 866 2342 ἔδει
892 2289 1032 2353 τέως
1056 2290 1185 2354 τοὺς
1215 2292 1559 2363 πατριάρχας
1589 2294 1715 2357 τοὺς
1739 2293 1838 2364 τὴν
1866 2295 1966 2364 ἀρ-

394 2379 552 2447 χαίαν
592 2381 757 2451 μέχρι
784 2379 879 2435 τοῦ
907 2381 1003 2434 νῦν
1052 2383 1453 2454 συντηροῦντας
1502 2384 1812 2454 συνήθειαν,
1875 2387 1969 2440 καὶ

397 2470 688 2542 χρυσίνους
722 2473 1217 2543 παραμετροῦντας
1245 2477 1367 2537 τοῖς
1411 2475 1715 2546 κληρικοτς,
1767 2476 1968 2529 διδόναι

396 2566 489 2618 καὶ
538 2566 689 2637 βαΐα,
724 2567 909 2631 καθὼς
945 2570 1384 2637 προτετύπωται.
1433 2571 1586 2624 Ἐπεὶ
1626 2571 1671 2623 δ’
1714 2572 1814 2624 οὐκ
1870 2566 1966 2624 οἶδ’

396 2658 544 2722 ὅπως
577 2658 635 2709 οὐ
676 2657 925 2726 φαίνεταί
958 2677 1089 2713 ποτε
1150 2660 1309 2716 τοῦτο
1376 2662 1657 2732 γινόμενον
1685 2700 1700 2723 ,
1750 2660 1866 2714 ἀλλ’
1910 2664 1968 2714 ἐν

397 2750 516 2810 ταῖς
548 2748 780 2819 ἡμέραις
804 2750 910 2803 τῶν
928 2752 1288 2821 κατηχήσεων
1317 2752 1438 2805 ἀντὶ
1467 2752 1641 2822 ῥογῶν
1668 2751 1762 2803 καὶ
1796 2750 1968 2819 βατων

400 2837 536 2906 μόνα
593 2839 901 2910 διδόασιτῷ
945 2839 1057 2909 λαῷ
1096 2841 1411 2910 θυμιάματα
1448 2857 1462 2872 ’
1511 2841 1811 2909 σκοπητέον
1865 2841 1971 2911 πρὸ

398 2928 638 2991 πάντων,
661 2930 720 2983 τὸ
740 2930 1141 3002 σημαινόμενον
1170 2932 1279 2984 τῶν
1313 2931 1503 3000 pater),
1555 2932 1650 2985 καὶ
1707 2929 1969 3000 ζητητέον

402 3018 502 3089 τὴν
533 3019 733 3082 αἰτίαν,
757 3020 824 3073 δι’
848 3022 914 3091 ἢν
947 3021 1270 3091 θυμιάματα
1312 3023 1411 3091 μὲν
1438 3022 1669 3075 δίδονται
1699 3022 1841 3075 κατὰ
1870 3022 1968 3093 τὴν

399 3108 612 3179 ἡμέραν
633 3110 733 3179 τῆς
766 3113 1142 3181 κατηχήσεως,
1172 3115 1266 3166 καὶ
1294 3111 1436 3165 κατὰ
1469 3112 1565 3181 τὴν
1595 3112 1839 3182 μεγάλην
1882 3130 1973 3166 τεο
1997 3141 2038 3201 C

397 3200 567 3270 τράδα
593 3201 762 3271 κηρία
786 3204 878 3254 καὶ
906 3202 1226 3272 θυμιάματα
1256 3220 1270 3233 ο
1319 3204 1486 3272 κηρία
1508 3202 1564 3257 δὲ
1588 3203 1684 3256 καὶ
1736 3203 1965 3275 σταυρὸς

399 3291 539 3344 κατὰ
563 3292 661 3360 τῆς
693 3291 949 3361 βαῖφόρου
975 3290 1023 3326 ³⁸
1053 3292 1152 3365 τὴν
1182 3293 1562 3364 Κυριώνυμον,

2063 594 2315 660 arbitror,
2349 596 2450 651 hoc
2482 598 2646 650 etiam
2678 598 2968 653 oblivionis
3010 614 3207 670 gurges
3236 601 3539 669 absorbuit,
3570 612 3627 658 et

2061 682 2511 751 gratiosaisthaec
2559 700 2696 754 aqua
2736 687 2990 742 Castaliae
3021 689 3420 757 providentiam
3467 706 3629 761 supe-

2063 770 2224 826 rioris
2263 774 2538 828 memoria:
2575 776 2879 845 principum
2926 791 3030 831 non
3082 778 3336 846 praedicat
3392 782 3628 836 :saltem

2063 862 2386 916 membranae
2415 863 2674 917 librorum
2705 864 3115 932 historicorum,
3141 875 3195 921 et
3216 850 3626 953 ordihnatipuuxm

2065 948 2365 1003 anlicarum
2421 964 2769 1006 monumenta
2829 953 3102 1009 Stentoris
3145 955 3199 1009 in
3253 948 3467 1023 umrein
3500 948 3632 1029 {haec

2063 1036 2496 1106 proclamabam.
2550 1036 2631 1092 Tu
2685 1053 2922 1109 quoque,
2979 1043 3071 1108 qui
3128 1032 3630 1110 cujusvis‘erudlti

2066 1127 2254 1194 scripti
2291 1128 2641 1181 acutissimus
2672 1143 2733 1182 es
2760 1117 3052 1198 interpres,
3085 1131 3250 1183 etiam
3294 1130 3348 1183 in
3388 1132 3488 1184 hac
3520 1120 3628 1186 non

2065 1216 2199 1272 levis
2227 1218 2480 1296 momenti
2504 1218 2802 1286 quaestione
2824 1219 3194 1287 compluribus
3225 1222 3336 1272 eris
3358 1223 3628 1287 superior,

2065 1321 2128 1360 ac
2166 1323 2253 1361 me
2303 1322 2485 1362 senem
2519 1310 2574 1363 in
2605 1308 2838 1364 dicendo
2892 1310 3132 1377 juvabis.
3175 1310 3486 1376 Quinetiam
3525 1312 3631 1366 im-

2063 1399 2351 1467 peratoris,
2404 1399 2612 1454 domini
2664 1400 3010 1456 Constantini
3048 1401 3395 1455 Monnmachi
3448 1401 3627 1456 edicta

2065 1490 2459 1553 sacratissima,
2485 1492 2686 1559 quibus
2730 1493 2978 1545 ordinata
3013 1499 3140 1545 sunt
3184 1491 3357 1545 oﬂicia
3391 1492 3629 1560 praefecti

2062 1578 2419 1645 Judiciorum,
2443 1590 2499 1634 et
2536 1582 2983 1653 nozuophylacis,
3010 1590 3064 1636 et
3090 1597 3210 1651 qua:
3236 1588 3501 1645 statuunt,
3537 1598 3632 1637 eos

2062 1669 2259 1726 debere
2292 1671 2532 1742 singulos
2589 1674 2643 1727 in
2689 1689 2885 1733 annos,
2924 1683 3120 1743 praiter
3164 1673 3268 1727 alia
3300 1714 3316 1739 ,
3366 1674 3630 1745 consequi

2064 1762 2273 1816 ratione
2306 1775 2468 1831 rogat,
2496 1762 2791 1832 quemlibet
2817 1764 2936 1817 auri
2969 1763 3128 1816 talem
3165 1776 3227 1816 ac
3260 1763 3417 1817 talem
3458 1777 3632 1831 quau-

2066 1853 2295 1916 titatem,
2328 1868 2436 1907 una
2481 1869 2607 1908 cum
2656 1854 2936 1908 consuetis
2980 1852 3160 1918 baiis;
3216 1868 3321 1906 non
3384 1852 3437 1907 in
3491 1853 3631 1906 caelo

2065 1951 2217 2006 sunt,
2272 1957 2373 1998 nec
2420 1951 2572 2000 trans
2627 1959 2798 2008 mare,
2860 1944 2937 1997 uti
2997 1944 3176 1999 dicere
3224 1942 3349 2014 quis
3416 1943 3630 2008 debeat,

2066 2034 2329 2099 Quisnam
2367 2034 2483 2089 haec
2517 2033 2705 2090 afferet
2737 2034 2916 2090 mihi?
2944 2034 3048 2088 Sed
3086 2044 3214 2090 sunt
3242 2035 3297 2088 in
3325 2049 3487 2088 manu
3516 2045 3629 2096 tua,

2064 2122 2194 2176 etin
2234 2123 2401 2178 corde
2449 2132 2565 2190 tuo,
2624 2130 2679 2179 et
2738 2124 2791 2178 in
2834 2138 2929 2178 ore
2993 2132 3107 2177 tuo.
3170 2124 3347 2193 Atque
3409 2124 3634 2177 omnino

2069 2214 2143 2267 rei
2208 2215 2490 2268 veritatem
2548 2230 2616 2269 ex
2669 2213 2755 2270 his
2806 2215 3003 2271 mentis
3080 2214 3329 2269 acumine
3388 2214 3627 2285 colliges.

2067 2301 2201 2355 Cum
2257 2310 2433 2357 autem
2483 2303 2836 2372 imperatores
2914 2313 2967 2357 et
3026 2304 3346 2373 patriarchae
3420 2302 3628 2373 magni-

2070 2392 2338 2446 liccntiam
2409 2407 2505 2448 ceu
2571 2394 2773 2448 dictum
2834 2399 2961 2458 est,
3029 2407 3182 2448 suam
3255 2391 3633 2446 demonstrent

2070 2497 2166 2550 per
2195 2482 2311 2535 baia
2364 2492 2416 2537 et
2465 2496 2646 2551 rogas,
2703 2497 2833 2538 sane
2865 2497 2963 2552 par
2996 2492 3133 2549 erat,
3186 2488 3245 2536 ut
3287 2482 3630 2551 patriarclue,

2070 2568 2160 2637 qui
2197 2568 2433 2637 priscam
2477 2567 2741 2624 hactenus
2777 2570 3229 2625 consuetudinem
3278 2577 3628 2629 conservant.

2069 2663 2120 2707 ct
2178 2669 2373 2708 aureos
2423 2654 2639 2709 clericis
2694 2671 2948 2712 nummos
3020 2659 3407 2721 admetiuntur,
3466 2658 3630 2714 etiam

2071 2744 2202 2813 ipsis
2256 2745 2374 2799 baia
2422 2744 2634 2808 darent,
2682 2746 3137 2815 quemadmodum
3188 2748 3486 2802 indicatum
3535 2758 3625 2803 est

2070 2845 2250 2890 antea.
2296 2833 2399 2888 Sed
2426 2835 2679 2903 quoniam
2710 2837 2830 2902 hos,
2863 2839 3046 2891 nescio
3073 2853 3179 2908 qua
3203 2840 3269 2894 de
3301 2854 3489 2903 causa,
3520 2856 3628 2894 non

2072 2926 2305 2994 amplius
2364 2924 2475 2980 fleri
2556 2923 2823 2993 videmus,
2874 2926 2969 2982 scd
3036 2928 3105 2984 iis
3153 2930 3366 2995 diebus,
3431 2929 3631 2998 quibus

2073 3016 2382 3071 catechcses
2413 3015 2700 3080 habentur,
2733 3018 2853 3073 loco
2875 3033 3125 3087 rogatum
3157 3027 3211 3073 et
3232 3020 3479 3074 baiorum
3509 3021 3621 3075 sola

2074 3107 2272 3176 populo
2303 3107 2436 3159 dant
2464 3106 2688 3161 incensa
2719 3124 2733 3162 :
2767 3108 3221 3163 considerandum
3257 3120 3379 3164 ante
3428 3112 3630 3174 omnia,

2072 3199 2343 3268 quodnam
2366 3198 2518 3253 vocis
2557 3198 2812 3254 balorum
2843 3199 3206 3270 signiﬁcatum
3238 3199 3326 3263 sit,
3363 3208 3415 3254 et
3455 3200 3633 3267 inqui-

2067 3293 2258 3354 renda,
2293 3301 2516 3361 propter
2558 3306 2720 3362 quam
2770 3292 2991 3347 incensa
3036 3293 3237 3347 dantur
3280 3292 3333 3346 in
3376 3292 3461 3347 die
3488 3303 3634 3347 cate-

398 3383 575 3439 tht’SIS
599 3422 616 3448 ,
654 3395 707 3437 et
769 3399 962 3455 magna
1015 3383 1148 3440 feria
1175 3396 1390 3456 quarta,
1419 3386 1563 3442 cerei
1600 3400 1722 3440 cum
1764 3383 2045 3449 incensis;
2077 3383 2219 3437 c‘erei
2254 3382 2489 3452 denique
2525 3394 2653 3436 cum
2718 3383 2977 3437 crucibus
3033 3396 3097 3437 ea
3163 3382 3459 3450 Dominica,
3525 3397 3629 3453 qua

401 3475 520 3528 baia
556 3483 860 3543 gestantur;

469 3560 573 3619 Οἷα
605 3567 702 3634 μὶν
740 3563 833 3620 οὖν
864 3563 1003 3639 ἦσαν
1025 3568 1094 3623 τὰ
1117 3569 1245 3640 βαΐα
1271 3572 1473 3637 ἐκεῖνα,
1500 3570 1651 3644 παρὰ
1705 3570 1967 3641 βασιλέων

401 3655 656 3725 διδόμενά
696 3675 825 3710 ποτε
884 3660 977 3711 καλ⁵
1020 3661 1394 3733 πατριαρχῶν,
1437 3662 1574 3725 τέως
1623 3662 1734 3729 ἐγὼ
1767 3663 1967 3730 ἀγνοῶ.

405 3743 540 3798 Οὔτε
574 3747 682 3815 γὰρ
736 3746 844 3799 ἀπὸ
891 3748 1071 3817 χειρὸς
1131 3749 1417 3818 βασιλικῆς
1482 3750 1515 3820 ἢ
1568 3751 1973 3821 πατριαρχικῆς

406 3836 555 3906 βαῖον
595 3837 629 3906 ἡ
675 3837 795 3907 χείρ
821 3854 923 3906 μου
953 3838 1091 3908 μετὰ
1142 3839 1308 3909 ρόγας
1351 3839 1587 3906 ἐδέξατο,
1656 3841 1749 3894 καὶ
1799 3838 1973 3895 ταῦτα

404 3926 802 3997 πλουτιζομένη
828 3928 950 3981 καθ’
982 3930 1216 3997 ἑκάστην
1249 3930 1431 3999 σχεδὸν
1456 3931 1546 3983 ὑπ’
1582 3930 1785 3996 αὐτῶν,
1843 3931 1970 3985 οὔτε

405 4016 502 4089 τὴν
516 4017 720 4073 τούτων
758 4020 1019 4089 ποιότητα
1053 4023 1184 4091 παρ’
1212 4022 1414 4090 ἑτέρων
1476 4021 1791 4092 μεμάθηκα.
1826 4021 1973 4075 Κλά-

406 4109 527 4172 δους
554 4109 610 4162 δὲ
648 4110 908 4178 φοινίκων
938 4110 1034 4162 καὶ
1072 4110 1350 4183 μυρσινῶν
1393 4111 1575 4182 βλέπω
1606 4114 1733 4176 τοὺς
1757 4112 1973 4183 ἀνθρὼ-

406 4217 542 4262 πους
602 4200 955 4270 κατέχοντας,
1015 4203 1109 4256 καὶ
1170 4200 1267 4272 τὴν
1318 4198 1573 4272 βαῖφόρον
1627 4202 1968 4269 δοξάζοντας.

411 4290 575 4354 Ποίας
600 4291 656 4345 δὲ
685 4292 971 4345 διαλέκτου
1013 4292 1072 4346 τὸ
1108 4293 1261 4363 βαῖον
1296 4295 1430 4359 ἐστὶ,
1465 4295 1559 4348 καὶ
1585 4295 1725 4358 ,τίνα
1789 4312 1973 4365 σημα-

408 4381 527 4435 σίαν
543 4383 653 4453 ἔχει
680 4385 820 4438 κατὰ
849 4385 1148 4453 Ῥωμαίους
1162 4384 1255 4439 καὶ
1269 4385 1559 4454 Ἕλληνας,
1580 4385 1971 4456 δηλωθήσεται.

409 4472 567 4526 Βατον
596 4474 737 4528 κατὰ
793 4476 1096 4546 Ῥωμαίους
1151 4475 1275 4530 οὔτε
1313 4476 1506 4539 κλάδος
1565 4478 1711 4528 ἐστὶν
1741 4478 1803 4529 ὲκ
1852 4476 1970 4529 δέν-

407 4561 533 4631 δρου
556 4565 907 4634 κοπτόμενος,
930 4565 1051 4619 οὔτε
1072 4566 1224 4637 ῥόδον
1259 4568 1326 4621 ὲκ
1370 4567 1636 4638 ροδωνιᾶς
1667 4566 1973 4634 συναγόμε-

409 4667 521 4717 νον,
543 4651 667 4708 οὕτε
697 4655 883 4723 κρίνον
909 4656 975 4708 ὲκ
1004 4657 1292 4725 κρινωνιᾶς
1313 4658 1705 4725 συλλεγόμενον
1729 4671 1742 4686 °
1762 4657 1977 4727 ἀνθρω-

412 4746 540 4815 πίνη
560 4744 605 4778 ⁸⁸
626 4745 682 4799 δὲ
704 4747 919 4818 γνώμη,
950 4749 1017 4802 ὲκ
1044 4746 1198 4801 τοῦδε
1220 4749 1300 4811 είς
1324 4748 1443 4802 τόδε
1462 4748 1782 4818 μετάϐασις.
1801 4747 1978 4818 ἀγαθὴ

411 4835 716 4907 δηλονότιῆ
752 4840 985 4909 πονηρά.
1037 4838 1315 4892 Ἐντεῦθεν
1369 4840 1477 4909 γὰρ
1514 4838 1637 4901 τοὺς
1692 4843 1974 4909 παιδοτρί-

414 4926 513 4988 ϐας
554 4925 834 4996 βαῐούῖους
862 4929 1325 4997 κατονομάζομεν,
1355 4929 1430 4993 ὡς
1470 4930 1540 4983 τὰ
1572 4928 1817 4999 νηπιὼδη
1868 4927 1974 4980 τῶν

417 5016 622 5070 παίδων
699 5018 1022 5087 φρονήματα
1084 5018 1416 5088 μετάγοντας
1467 5018 1605 5088 πρὸς
1649 5017 1972 5088 ἀρρένωσιν.

419 5106 527 5158 Καὶ
564 5106 1078 5178 πῳεὸαρικάτορας
1106 5107 1356 5177 λέγομεν,
1388 5108 1513 5170 τοὺς
1539 5105 1978 5175 ποικιλλομένους

420 5192 559 5245 κατὰ
610 5192 706 5262 τὴν
748 5194 858 5261 ῐριν
922 5196 1243 5265 συνεργοὺς,
1301 5195 1395 5248 καὶ
1452 5194 1801 5265 προδιδόντας
1851 5195 1983 5256 τοὺς

420 5280 759 5350 πρόσφυγας.
780 5282 889 5351 Τῆς
918 5284 1048 5348 γοῦν
1088 5282 1341 5346 Ἰουδαίας
1368 5282 1463 5337 καὶ
1506 5280 1854 5351 Ἰερουσαλὴμ
1884 5295 1980 5349 γε-

423 5371 653 5440 νομένης
692 5372 1011 5444 ὑποχειρίας
1066 5374 1174 5427 τῶν
1225 5373 1509 5440 Ῥωμαίων
1555 5370 1633 5441 τῷ
1686 5370 1981 5441 στέμματι,

429 5462 566 5530 μετὰ
587 5461 649 5514 τὸ
681 5463 1020 5533 μοναρχήσαι
1069 5464 1158 5517 τὸν
1210 5460 1428 5517 Ἰούλιον
1479 5462 1752 5533 Καίσαρα,
1812 5460 1978 5533 (οὕτω

2142 3567 2431 3623 Enimvero
2477 3568 2780 3637 cujusmodi
2812 3567 3011 3623 fuerint
3059 3567 3149 3622 illa
3197 3566 3340 3645 baia,
3390 3582 3509 3637 quae
3562 3566 3632 3620 ab

2075 3658 2499 3728 imperatoribus
2528 3669 2582 3713 et
2618 3660 2946 3731 patriarchis
2972 3660 3101 3713 olim
3147 3660 3443 3723 dabantur,
3474 3660 3633 3728 equi-

2075 3749 2197 3805 dem
2224 3751 2488 3805 hactenus
2520 3751 2730 3821 ignoro.
2760 3749 2870 3807 Nec
2899 3752 3044 3805 enim
3077 3751 3146 3805 ab
3172 3750 3524 3819 imperatoria
3550 3750 3633 3804 vel

2072 3840 2418 3910 patriarchali
2451 3855 2613 3894 manu
2653 3840 2832 3895 baium
2862 3841 3079 3909 aliquod
3121 3854 3241 3892 cum
3282 3854 3408 3906 roga
3439 3852 3635 3893 manus

2075 3945 2194 3985 mea
2232 3945 2470 4000 unquam
2526 3931 2757 3999 accepit,
2789 3931 2915 3984 licet
2954 3930 3021 3983 ab
3046 3928 3126 3983 eis
3176 3928 3378 3998 alioqui
3422 3937 3634 3983 tantum

2074 4035 2184 4074 non
2218 4020 2459 4090 quotidie
2501 4019 2971 4089 collocupletetur,
3026 4032 3126 4072 nec
3162 4016 3356 4071 horum
3404 4018 3639 4086 qualita-

2078 4121 2181 4164 tem
2220 4126 2284 4167 ex
2327 4113 2449 4167 aliis
2495 4112 2756 4166 intellexi.
2806 4108 3113 4163 Palmarum
3150 4117 3351 4173 tamen,
3403 4122 3466 4161 ac
3493 4117 3640 4179 myr-
3694 4155 3703 4162 .

2077 4209 2257 4257 torum
2306 4217 2492 4258 ramos
2548 4211 2733 4257 tenere
2781 4216 2944 4254 manu
2996 4199 3243 4254 homines
3303 4197 3479 4262 video,
3513 4211 3637 4251 cum

2078 4293 2220 4347 diem
2259 4293 2561 4355 celebrant,
2594 4306 2701 4362 qua
2756 4290 2876 4347 baia
2909 4297 3211 4360 gestantur.
3244 4287 3311 4341 Et
3351 4289 3637 4355 cujusuam

2083 4383 2276 4453 linguai
2305 4382 2628 4437 vocabulum
2661 4381 2734 4437 sit
2765 4381 2968 4439 baium.
3012 4393 3242 4448 quamve
3286 4376 3640 4447 signiﬁcatio-

2083 4490 2205 4528 nem
2233 4473 2429 4528 habeat
2454 4475 2755 4528 secundum
2787 4470 3063 4524 Romanos
3084 4478 3136 4523 et
3164 4466 3401 4531 Graecos.
3435 4466 3643 4520 indica-

2080 4563 2245 4619 bitur.
2270 4563 2460 4619 Baium
2492 4563 2673 4633 lingua
2704 4560 2946 4615 Romana
2973 4573 3147 4629 neque
3194 4572 3403 4612 ramum
3433 4553 3643 4625 signiti-

2082 4663 2193 4720 cat,
2225 4669 2292 4709 ex
2335 4655 2533 4710 arbore
2557 4667 2777 4716 caesum,
2814 4665 2988 4721 neque
3019 4662 3200 4704 rosam
3232 4662 3298 4702 ex
3327 4654 3509 4700 roseto
3535 4647 3643 4699 rot-

2085 4742 2306 4805 lectam.
2359 4757 2535 4813 neque
2578 4740 2752 4797 lilium
2793 4739 2929 4795 :sed
2975 4744 3061 4794 est
3107 4736 3277 4791 animi
3319 4733 3541 4788 hinnani
3577 4734 3643 4786 ab

2081 4849 2188 4889 una
2224 4835 2495 4888 sententia
2534 4832 2589 4886 in
2638 4830 2801 4885 aliam
2846 4827 3141 4891 traductio,
3177 4826 3316 4881 bona
3369 4821 3641 4883 videlicet,

2079 4925 2163 4980 vel
2218 4937 2403 4993 prava.
2452 4921 2717 4977 Nimirum
2776 4920 2904 4973 hinc
2943 4919 3023 4981 tit,
3076 4926 3136 4970 ut
3209 4927 3499 4984 puerorum
3541 4925 3642 4963 nia-

2080 5015 2281 5085 gistros
2335 5013 2669 5082 appellemus
2726 5009 2956 5074 baiulos,
3001 5006 3166 5061 veluti
3212 5003 3304 5075 qui
3353 5015 3642 5071 puerorum

2087 5105 2301 5159 animos
2376 5103 2613 5157 infantes
2682 5101 2748 5155 ad
2824 5101 3138 5152 virilitatem
3208 5093 3513 5147 traducunt.
3580 5088 3640 5143 Et

2084 5193 2537 5262 praevaricatores
2614 5190 2848 5245 dicimus
2920 5202 3018 5242 eos
3084 5184 3479 5253 cooperarios,
3550 5180 3642 5249 qui

2083 5284 2369 5337 variantur
2394 5282 2563 5335 instar
2602 5279 2781 5346 iridis,
2815 5286 2870 5332 et
2900 5277 3129 5331 clientes
3172 5272 3431 5343 produnt.
3458 5269 3642 5338 Itaque

2083 5386 2206 5424 cum
2236 5367 2423 5425 Judaa
2454 5375 2509 5425 et
2540 5366 2914 5437 Hierosolyma
2956 5364 3097 5419 facta
3121 5362 3318 5418 fuisset
3374 5359 3641 5412 Romano-

2083 5477 2205 5518 rum
2262 5460 2492 5528 imperio
2562 5458 2823 5521 subdita,
2861 5456 2979 5512 solo
3036 5466 3217 5514 rerum
3270 5448 3448 5521 potito
3493 5444 3642 5502 Julia

1680 5619 1917 5675 varum
1954 5618 2355 5676 LECTlONES.
2722 5578 2755 5609 ”
3422 5606 3453 5631 ³

495 5739 536 5771 ⁸⁸
571 5738 791 5809 σταυροὶ
814 5744 948 5795 κατὰ
971 5740 1066 5802 τὴν
1102 5738 1412 5806 βαῐοφόρον.

686 5856 961 5920 ΡΑτιιοι.
994 5853 1108 5914 GR.
1154 5848 1560 5914 CXXXVIII.

1485 5739 1529 5772 Ott
1561 5738 1900 5807 ἀνθρωπίνης
1931 5738 1981 5791 δὲ
2009 5737 2253 5805 γνώμης.

3245 5851 3320 5913 34
