  <div class='ocr_page' id='page_1' title='image "/cluster/home/n/w/nwhite01/storage/ocr_20150623/138:no.2/coo.31924054870435/541.png"; bbox 0 0 4016 6402; ppageno 0'>
   <div class='ocr_carea' id='block_1_1' title="bbox 500 335 634 402">
    <p class='ocr_par' dir='ltr' id='par_1_1' title="bbox 500 335 634 402">
     <span class='ocr_line' id='line_1_1' title="bbox 500 335 634 402; baseline 0 0"><span class='ocrx_word' id='word_1_1' title='bbox 500 335 634 402; x_wconf 78' lang='grc'><strong>1067</strong></span> 
     </span>
    </p>
   </div>
   <div class='ocr_carea' id='block_1_2' title="bbox 1667 343 2467 411">
    <p class='ocr_par' dir='ltr' id='par_1_2' title="bbox 1667 343 2467 411">
     <span class='ocr_line' id='line_1_2' title="bbox 1667 343 2467 411; baseline 0.009 -7"><span class='ocrx_word' id='word_1_2' title='bbox 1667 343 1948 410; x_wconf 79' lang='grc' dir='ltr'><strong>ΤΗΕΟΙ).</strong></span> <span class='ocrx_word' id='word_1_3' title='bbox 1986 345 2467 411; x_wconf 76' lang='lat' dir='ltr'><strong>BALSA‘MONIS</strong></span> 
     </span>
    </p>
   </div>
   <div class='ocr_carea' id='block_1_3' title="bbox 3587 348 3698 413">
    <p class='ocr_par' dir='ltr' id='par_1_3' title="bbox 3587 348 3698 413">
     <span class='ocr_line' id='line_1_3' title="bbox 3587 348 3698 413; baseline 0.027 -3"><span class='ocrx_word' id='word_1_4' title='bbox 3587 348 3698 413; x_wconf 71' lang='lat'><strong>1068</strong></span> 
     </span>
    </p>
   </div>
   <div class='ocr_carea' id='block_1_4' title="bbox 495 463 2059 539">
    <p class='ocr_par' dir='ltr' id='par_1_4' title="bbox 495 463 2059 536">
     <span class='ocr_line' id='line_1_4' title="bbox 495 463 2059 536; baseline 0.003 -17"><span class='ocrx_word' id='word_1_5' title='bbox 495 469 743 532; x_wconf 66' lang='lat' dir='ltr'><strong>Caesare;</strong></span> <span class='ocrx_word' id='word_1_6' title='bbox 787 463 890 536; x_wconf 85' lang='lat' dir='ltr'><strong>(sic</strong></span> <span class='ocrx_word' id='word_1_7' title='bbox 935 466 1081 519; x_wconf 83' lang='lat' dir='ltr'><strong>enim</strong></span> <span class='ocrx_word' id='word_1_8' title='bbox 1135 465 1355 531; x_wconf 67' lang='lat' dir='ltr'><strong>factum,</strong></span> <span class='ocrx_word' id='word_1_9' title='bbox 1413 474 1469 520; x_wconf 80' lang='lat' dir='ltr'><strong>ut</strong></span> <span class='ocrx_word' id='word_1_10' title='bbox 1530 466 1813 522; x_wconf 84' lang='lat' dir='ltr'><strong>Dominum</strong></span> <span class='ocrx_word' id='word_1_11' title='bbox 1863 467 2059 523; x_wconf 78' lang='lat' dir='ltr'><strong>Pilatus</strong></span> 
     </span>
    </p>
   </div>
   <div class='ocr_carea' id='block_1_5' title="bbox 2162 463 3695 539">
    <p class='ocr_par' dir='ltr' id='par_1_5' title="bbox 2171 464 3695 539">
     <span class='ocr_line' id='line_1_5' title="bbox 2171 464 3695 539; baseline 0.005 -21"><span class='ocrx_word' id='word_1_12' title='bbox 2171 466 2280 536; x_wconf 85' lang='grc' dir='ltr'>γὰρ</span> <span class='ocrx_word' id='word_1_13' title='bbox 2305 469 2401 521; x_wconf 77' lang='grc' dir='ltr'>καὶ</span> <span class='ocrx_word' id='word_1_14' title='bbox 2426 465 2658 530; x_wconf 86' lang='grc' dir='ltr'>Πιλάτος</span> <span class='ocrx_word' id='word_1_15' title='bbox 2695 464 2787 520; x_wconf 86' lang='grc' dir='ltr'><strong>τδν</strong></span> <span class='ocrx_word' id='word_1_16' title='bbox 2828 465 3036 536; x_wconf 82' lang='grc' dir='ltr'><strong>Κύριον</strong></span> <span class='ocrx_word' id='word_1_17' title='bbox 3087 465 3298 537; x_wconf 79' lang='grc' dir='ltr'>ἔκρινε,</span> <span class='ocrx_word' id='word_1_18' title='bbox 3334 468 3428 522; x_wconf 62' lang='grc' dir='ltr'><strong>καί⁸</strong></span> <span class='ocrx_word' id='word_1_19' title='bbox 3456 469 3548 539; x_wconf 69' lang='grc' dir='ltr'><strong>τὴν</strong></span> <span class='ocrx_word' id='word_1_20' title='bbox 3588 471 3695 526; x_wconf 81' lang='grc' dir='ltr'>’1ου-</span> 
     </span>
    </p>
   </div>
   <div class='ocr_carea' id='block_1_6' title="bbox 490 555 2060 628">
    <p class='ocr_par' dir='ltr' id='par_1_6' title="bbox 490 555 2060 628">
     <span class='ocr_line' id='line_1_6' title="bbox 490 555 2060 628; baseline 0.001 -18"><span class='ocrx_word' id='word_1_21' title='bbox 490 557 780 628; x_wconf 86' lang='lat' dir='ltr'><strong>judicaret,</strong></span> <span class='ocrx_word' id='word_1_22' title='bbox 805 571 869 612; x_wconf 87' lang='lat' dir='ltr'><strong>ac</strong></span> <span class='ocrx_word' id='word_1_23' title='bbox 910 555 1152 611; x_wconf 61' lang='lat' dir='ltr'><strong>Iudaeam</strong></span> <span class='ocrx_word' id='word_1_24' title='bbox 1189 557 1372 614; x_wconf 73' lang='lat' dir='ltr'><strong>Czcsar</strong></span> <span class='ocrx_word' id='word_1_25' title='bbox 1400 558 1677 628; x_wconf 84' lang='lat' dir='ltr'><strong>Augustus</strong></span> <span class='ocrx_word' id='word_1_26' title='bbox 1708 568 1974 622; x_wconf 82' lang='lat' dir='ltr'><strong>censeret,</strong></span> <span class='ocrx_word' id='word_1_27' title='bbox 2006 566 2060 613; x_wconf 91' lang='lat' dir='ltr'><strong>et</strong></span> 
     </span>
    </p>
   </div>
   <div class='ocr_carea' id='block_1_7' title="bbox 497 646 2061 716">
    <p class='ocr_par' dir='ltr' id='par_1_7' title="bbox 497 646 2061 716">
     <span class='ocr_line' id='line_1_7' title="bbox 497 646 2061 716; baseline 0.003 -17"><span class='ocrx_word' id='word_1_28' title='bbox 497 647 696 702; x_wconf 84' lang='lat' dir='ltr'><strong>Paulus</strong></span> <span class='ocrx_word' id='word_1_29' title='bbox 731 664 853 702; x_wconf 89' lang='lat' dir='ltr'><strong>cum</strong></span> <span class='ocrx_word' id='word_1_30' title='bbox 890 646 1267 716; x_wconf 77' lang='lat' dir='ltr'><strong>damnaretur,</strong></span> <span class='ocrx_word' id='word_1_31' title='bbox 1305 650 1511 704; x_wconf 89' lang='lat' dir='ltr'><strong>diceret</strong></span> <span class='ocrx_word' id='word_1_32' title='bbox 1542 666 1558 707; x_wconf 89' lang='lat'><strong>:</strong></span> <span class='ocrx_word' id='word_1_33' title='bbox 1591 649 1722 705; x_wconf 89' lang='lat' dir='ltr'><strong>Sisti</strong></span> <span class='ocrx_word' id='word_1_34' title='bbox 1748 665 1832 704; x_wconf 91' lang='lat' dir='ltr'><strong>me</strong></span> <span class='ocrx_word' id='word_1_35' title='bbox 1858 648 2061 704; x_wconf 54' lang='lat' dir='ltr'><strong>Caesari</strong></span> 
     </span>
    </p>
   </div>
   <div class='ocr_carea' id='block_1_8' title="bbox 494 738 2063 811">
    <p class='ocr_par' dir='ltr' id='par_1_8' title="bbox 494 738 2063 811">
     <span class='ocr_line' id='line_1_8' title="bbox 494 738 2063 811; baseline 0.001 -17"><span class='ocrx_word' id='word_1_36' title='bbox 494 746 707 808; x_wconf 78' lang='lat' dir='ltr'><strong>oportet</strong></span> <span class='ocrx_word' id='word_1_37' title='bbox 735 740 771 806; x_wconf 90' lang='lat'><strong>;)</strong></span> <span class='ocrx_word' id='word_1_38' title='bbox 808 749 1028 808; x_wconf 86' lang='lat' dir='ltr'><strong>paterna</strong></span> <span class='ocrx_word' id='word_1_39' title='bbox 1077 738 1384 794; x_wconf 70' lang='lat' dir='ltr'><strong>Iuda-orum</strong></span> <span class='ocrx_word' id='word_1_40' title='bbox 1437 741 1617 811; x_wconf 88' lang='lat' dir='ltr'><strong>lingua</strong></span> <span class='ocrx_word' id='word_1_41' title='bbox 1652 757 1776 797; x_wconf 93' lang='lat' dir='ltr'><strong>cum</strong></span> <span class='ocrx_word' id='word_1_42' title='bbox 1821 741 2063 796; x_wconf 83' lang='lat' dir='ltr'><strong>Romana</strong></span> 
     </span>
    </p>
   </div>
   <div class='ocr_carea' id='block_1_9' title="bbox 496 828 2064 902">
    <p class='ocr_par' dir='ltr' id='par_1_9' title="bbox 496 828 2064 902">
     <span class='ocr_line' id='line_1_9' title="bbox 496 828 2064 902; baseline 0.003 -22"><span class='ocrx_word' id='word_1_43' title='bbox 496 835 825 883; x_wconf 83' lang='lat' dir='ltr'><strong>commutata</strong></span> <span class='ocrx_word' id='word_1_44' title='bbox 860 830 977 883; x_wconf 85' lang='lat' dir='ltr'><strong>fuit.</strong></span> <span class='ocrx_word' id='word_1_45' title='bbox 1005 828 1211 898; x_wconf 81' lang='lat' dir='ltr'><strong>Quippe</strong></span> <span class='ocrx_word' id='word_1_46' title='bbox 1238 829 1407 884; x_wconf 78' lang='lat' dir='ltr'><strong>Judaei</strong></span> <span class='ocrx_word' id='word_1_47' title='bbox 1459 845 1581 884; x_wconf 90' lang='lat' dir='ltr'><strong>cum</strong></span> <span class='ocrx_word' id='word_1_48' title='bbox 1613 831 1909 902; x_wconf 81' lang='lat' dir='ltr'><strong>gentilibus</strong></span> <span class='ocrx_word' id='word_1_49' title='bbox 1950 845 2064 900; x_wconf 87' lang='lat' dir='ltr'><strong>per-</strong></span> 
     </span>
    </p>
   </div>
   <div class='ocr_carea' id='block_1_10' title="bbox 504 921 2064 991">
    <p class='ocr_par' dir='ltr' id='par_1_10' title="bbox 504 921 2064 991">
     <span class='ocr_line' id='line_1_10' title="bbox 504 921 2064 991; baseline 0.001 -19"><span class='ocrx_word' id='word_1_50' title='bbox 504 921 673 985; x_wconf 73' lang='lat' dir='ltr'><strong>misti,</strong></span> <span class='ocrx_word' id='word_1_51' title='bbox 744 936 933 975; x_wconf 92' lang='lat' dir='ltr'><strong>eorum</strong></span> <span class='ocrx_word' id='word_1_52' title='bbox 1006 921 1256 975; x_wconf 86' lang='lat' dir='ltr'><strong>instituta</strong></span> <span class='ocrx_word' id='word_1_53' title='bbox 1325 921 1653 976; x_wconf 88' lang='lat' dir='ltr'><strong>didicerunt.</strong></span> <span class='ocrx_word' id='word_1_54' title='bbox 1729 921 1860 976; x_wconf 87' lang='lat' dir='ltr'><strong>Cum</strong></span> <span class='ocrx_word' id='word_1_55' title='bbox 1934 935 2064 991; x_wconf 89' lang='lat' dir='ltr'><strong>ergo</strong></span> 
     </span>
    </p>
   </div>
   <div class='ocr_carea' id='block_1_11' title="bbox 505 1009 2064 1078">
    <p class='ocr_par' dir='ltr' id='par_1_11' title="bbox 505 1009 2064 1078">
     <span class='ocr_line' id='line_1_11' title="bbox 505 1009 2064 1078; baseline 0.004 -18"><span class='ocrx_word' id='word_1_56' title='bbox 505 1011 688 1078; x_wconf 82' lang='lat' dir='ltr'><strong>populi</strong></span> <span class='ocrx_word' id='word_1_57' title='bbox 764 1009 976 1064; x_wconf 71' lang='lat' dir='ltr'><strong>Jutlaici</strong></span> <span class='ocrx_word' id='word_1_58' title='bbox 1049 1011 1319 1077; x_wconf 86' lang='lat' dir='ltr'><strong>seniores,</strong></span> <span class='ocrx_word' id='word_1_59' title='bbox 1379 1018 1433 1066; x_wconf 87' lang='lat' dir='ltr'><strong>et</strong></span> <span class='ocrx_word' id='word_1_60' title='bbox 1512 1012 1816 1077; x_wconf 83' lang='lat' dir='ltr'><strong>scribarum</strong></span> <span class='ocrx_word' id='word_1_61' title='bbox 1887 1019 2064 1068; x_wconf 83' lang='lat' dir='ltr'><strong>coetus</strong></span> 
     </span>
    </p>
   </div>
   <div class='ocr_carea' id='block_1_12' title="bbox 497 1101 2064 1174">
    <p class='ocr_par' dir='ltr' id='par_1_12' title="bbox 497 1101 2064 1174">
     <span class='ocr_line' id='line_1_12' title="bbox 497 1101 2064 1174; baseline 0.001 -21"><span class='ocrx_word' id='word_1_62' title='bbox 497 1102 722 1155; x_wconf 73' lang='lat' dir='ltr'><strong>vidisset</strong></span> <span class='ocrx_word' id='word_1_63' title='bbox 757 1101 1045 1155; x_wconf 90' lang='lat' dir='ltr'><strong>Dominum</strong></span> <span class='ocrx_word' id='word_1_64' title='bbox 1104 1101 1382 1172; x_wconf 83' lang='lat' dir='ltr'><strong>Deumque</strong></span> <span class='ocrx_word' id='word_1_65' title='bbox 1445 1110 1713 1171; x_wconf 89' lang='lat' dir='ltr'><strong>nostrum,</strong></span> <span class='ocrx_word' id='word_1_66' title='bbox 1756 1103 1849 1174; x_wconf 90' lang='lat' dir='ltr'><strong>qui</strong></span> <span class='ocrx_word' id='word_1_67' title='bbox 1897 1103 2064 1172; x_wconf 79' lang='lat' dir='ltr'><strong>tergis</strong></span> 
     </span>
    </p>
   </div>
   <div class='ocr_carea' id='block_1_13' title="bbox 496 1189 2060 1261">
    <p class='ocr_par' dir='ltr' id='par_1_13' title="bbox 496 1189 2060 1261">
     <span class='ocr_line' id='line_1_13' title="bbox 496 1189 2060 1261; baseline 0.003 -20"><span class='ocrx_word' id='word_1_68' title='bbox 496 1189 804 1245; x_wconf 79' lang='lat' dir='ltr'><strong>cherubicis</strong></span> <span class='ocrx_word' id='word_1_69' title='bbox 855 1191 1077 1254; x_wconf 86' lang='lat' dir='ltr'><strong>insidet,</strong></span> <span class='ocrx_word' id='word_1_70' title='bbox 1130 1206 1227 1261; x_wconf 88' lang='lat' dir='ltr'><strong>per</strong></span> <span class='ocrx_word' id='word_1_71' title='bbox 1267 1191 1654 1247; x_wconf 88' lang='lat' dir='ltr'><strong>demissionem</strong></span> <span class='ocrx_word' id='word_1_72' title='bbox 1695 1195 1909 1249; x_wconf 90' lang='lat' dir='ltr'><strong>asinino</strong></span> <span class='ocrx_word' id='word_1_73' title='bbox 1937 1191 2060 1247; x_wconf 87' lang='lat' dir='ltr'><strong>vehi</strong></span> 
     </span>
    </p>
   </div>
   <div class='ocr_carea' id='block_1_14' title="bbox 497 1283 2061 1357">
    <p class='ocr_par' dir='ltr' id='par_1_14' title="bbox 497 1283 2061 1357">
     <span class='ocr_line' id='line_1_14' title="bbox 497 1283 2061 1357; baseline 0.006 -23"><span class='ocrx_word' id='word_1_74' title='bbox 497 1284 660 1350; x_wconf 89' lang='lat' dir='ltr'><strong>pullo,</strong></span> <span class='ocrx_word' id='word_1_75' title='bbox 687 1297 805 1336; x_wconf 88' lang='lat' dir='ltr'><strong>cum</strong></span> <span class='ocrx_word' id='word_1_76' title='bbox 845 1283 1199 1340; x_wconf 84' lang='lat' dir='ltr'><strong>nihilominus</strong></span> <span class='ocrx_word' id='word_1_77' title='bbox 1220 1300 1368 1339; x_wconf 88' lang='lat' dir='ltr'><strong>more</strong></span> <span class='ocrx_word' id='word_1_78' title='bbox 1394 1287 1540 1355; x_wconf 83' lang='lat' dir='ltr'><strong>regio</strong></span> <span class='ocrx_word' id='word_1_79' title='bbox 1563 1303 1593 1340; x_wconf 89' lang='lat' dir='ltr'><strong>a</strong></span> <span class='ocrx_word' id='word_1_80' title='bbox 1630 1288 2061 1357; x_wconf 66' lang='lat' dir='ltr'><strong>praecedentibus</strong></span> 
     </span>
    </p>
   </div>
   <div class='ocr_carea' id='block_1_15' title="bbox 499 1373 2061 1448">
    <p class='ocr_par' dir='ltr' id='par_1_15' title="bbox 499 1373 2061 1448">
     <span class='ocr_line' id='line_1_15' title="bbox 499 1373 2061 1448; baseline 0.004 -23"><span class='ocrx_word' id='word_1_81' title='bbox 499 1381 552 1425; x_wconf 89' lang='lat' dir='ltr'><strong>et</strong></span> <span class='ocrx_word' id='word_1_82' title='bbox 578 1373 932 1440; x_wconf 83' lang='lat' dir='ltr'><strong>sequentibus</strong></span> <span class='ocrx_word' id='word_1_83' title='bbox 962 1375 1281 1442; x_wconf 80' lang='lat' dir='ltr'><strong>stiparetur,</strong></span> <span class='ocrx_word' id='word_1_84' title='bbox 1315 1390 1376 1430; x_wconf 89' lang='lat' dir='ltr'><strong>ac</strong></span> <span class='ocrx_word' id='word_1_85' title='bbox 1408 1375 1800 1448; x_wconf 69' lang='lat' dir='ltr'><strong>Hierosolyma:</strong></span> <span class='ocrx_word' id='word_1_86' title='bbox 1827 1379 2061 1448; x_wconf 86' lang='lat' dir='ltr'><strong>dignita-</strong></span> 
     </span>
    </p>
   </div>
   <div class='ocr_carea' id='block_1_16' title="bbox 495 1464 2064 1540">
    <p class='ocr_par' dir='ltr' id='par_1_16' title="bbox 495 1464 2064 1540">
     <span class='ocr_line' id='line_1_16' title="bbox 495 1464 2064 1540; baseline 0.005 -26"><span class='ocrx_word' id='word_1_87' title='bbox 495 1471 599 1516; x_wconf 90' lang='lat' dir='ltr'><strong>tem</strong></span> <span class='ocrx_word' id='word_1_88' title='bbox 660 1464 1016 1532; x_wconf 81' lang='lat' dir='ltr'><strong>ampliﬁcaret</strong></span> <span class='ocrx_word' id='word_1_89' title='bbox 1103 1466 1326 1537; x_wconf 85' lang='lat' dir='ltr'><strong>(quippe</strong></span> <span class='ocrx_word' id='word_1_90' title='bbox 1403 1466 1585 1524; x_wconf 89' lang='lat' dir='ltr'><strong>Sionis</strong></span> <span class='ocrx_word' id='word_1_91' title='bbox 1639 1469 1824 1523; x_wconf 86' lang='lat' dir='ltr'><strong>urbem</strong></span> <span class='ocrx_word' id='word_1_92' title='bbox 1897 1483 2064 1540; x_wconf 89' lang='lat' dir='ltr'><strong>super</strong></span> 
     </span>
    </p>
   </div>
   <div class='ocr_carea' id='block_1_17' title="bbox 501 1551 2060 1625">
    <p class='ocr_par' dir='ltr' id='par_1_17' title="bbox 501 1551 2060 1625">
     <span class='ocr_line' id='line_1_17' title="bbox 501 1551 2060 1625; baseline 0.008 -25"><span class='ocrx_word' id='word_1_93' title='bbox 501 1551 750 1606; x_wconf 82' lang='lat' dir='ltr'><strong>universa</strong></span> <span class='ocrx_word' id='word_1_94' title='bbox 787 1553 1138 1609; x_wconf 87' lang='lat' dir='ltr'><strong>tabernacula</strong></span> <span class='ocrx_word' id='word_1_95' title='bbox 1165 1554 1352 1611; x_wconf 83' lang='lat' dir='ltr'><strong>Jacobi</strong></span> <span class='ocrx_word' id='word_1_96' title='bbox 1379 1556 1584 1625; x_wconf 85' lang='lat' dir='ltr'><strong>dilexit)</strong></span> <span class='ocrx_word' id='word_1_97' title='bbox 1620 1557 1867 1612; x_wconf 79' lang='lat' dir='ltr'><strong>viderent</strong></span> <span class='ocrx_word' id='word_1_98' title='bbox 1897 1558 2060 1612; x_wconf 87' lang='lat' dir='ltr'><strong>etiam</strong></span> 
     </span>
    </p>
   </div>
   <div class='ocr_carea' id='block_1_18' title="bbox 500 1643 2063 1716">
    <p class='ocr_par' dir='ltr' id='par_1_18' title="bbox 500 1643 2063 1716">
     <span class='ocr_line' id='line_1_18' title="bbox 500 1643 2063 1716; baseline 0.006 -22"><span class='ocrx_word' id='word_1_99' title='bbox 500 1643 688 1697; x_wconf 86' lang='lat' dir='ltr'><strong>turbas</strong></span> <span class='ocrx_word' id='word_1_100' title='bbox 735 1643 801 1697; x_wconf 92' lang='lat' dir='ltr'><strong>ad</strong></span> <span class='ocrx_word' id='word_1_101' title='bbox 841 1653 1040 1699; x_wconf 88' lang='lat' dir='ltr'><strong>terram</strong></span> <span class='ocrx_word' id='word_1_102' title='bbox 1085 1647 1298 1702; x_wconf 86' lang='lat' dir='ltr'><strong>tunicas</strong></span> <span class='ocrx_word' id='word_1_103' title='bbox 1347 1663 1476 1705; x_wconf 88' lang='lat' dir='ltr'><strong>suas</strong></span> <span class='ocrx_word' id='word_1_104' title='bbox 1522 1650 1969 1716; x_wconf 88' lang='lat' dir='ltr'><strong>substernentes,</strong></span> <span class='ocrx_word' id='word_1_105' title='bbox 2007 1657 2063 1706; x_wconf 89' lang='lat' dir='ltr'><strong>et</strong></span> 
     </span>
    </p>
   </div>
   <div class='ocr_carea' id='block_1_19' title="bbox 495 1731 2051 1810">
    <p class='ocr_par' dir='ltr' id='par_1_19' title="bbox 495 1731 2051 1810">
     <span class='ocr_line' id='line_1_19' title="bbox 495 1731 2051 1810; baseline 0.01 -30"><span class='ocrx_word' id='word_1_106' title='bbox 495 1731 612 1785; x_wconf 85' lang='lat' dir='ltr'><strong>vias</strong></span> <span class='ocrx_word' id='word_1_107' title='bbox 647 1732 924 1788; x_wconf 89' lang='lat' dir='ltr'><strong>molliores</strong></span> <span class='ocrx_word' id='word_1_108' title='bbox 948 1735 1253 1802; x_wconf 75' lang='lat' dir='ltr'><strong>retldentes,</strong></span> <span class='ocrx_word' id='word_1_109' title='bbox 1282 1738 1464 1806; x_wconf 88' lang='lat' dir='ltr'><strong>pueris</strong></span> <span class='ocrx_word' id='word_1_110' title='bbox 1488 1754 1667 1793; x_wconf 89' lang='lat' dir='ltr'><strong>ramos</strong></span> <span class='ocrx_word' id='word_1_111' title='bbox 1691 1741 2051 1810; x_wconf 75' lang='lat' dir='ltr'><strong>gestantibus,</strong></span> 
     </span>
    </p>
   </div>
   <div class='ocr_carea' id='block_1_20' title="bbox 496 1821 2052 1900">
    <p class='ocr_par' dir='ltr' id='par_1_20' title="bbox 496 1821 2052 1900">
     <span class='ocr_line' id='line_1_20' title="bbox 496 1821 2052 1900; baseline 0.01 -29"><span class='ocrx_word' id='word_1_112' title='bbox 496 1835 558 1873; x_wconf 86' lang='lat' dir='ltr'><strong>ac</strong></span> <span class='ocrx_word' id='word_1_113' title='bbox 592 1821 920 1886; x_wconf 88' lang='lat' dir='ltr'><strong>dicentibus,</strong></span> <span class='ocrx_word' id='word_1_114' title='bbox 960 1823 1212 1880; x_wconf 84' lang='lat' dir='ltr'><strong>liosanna</strong></span> <span class='ocrx_word' id='word_1_115' title='bbox 1249 1828 1357 1882; x_wconf 81' lang='lat' dir='ltr'><strong>tilio</strong></span> <span class='ocrx_word' id='word_1_116' title='bbox 1409 1829 1552 1900; x_wconf 88' lang='lat' dir='ltr'><strong>regis</strong></span> <span class='ocrx_word' id='word_1_117' title='bbox 1604 1829 1840 1885; x_wconf 83' lang='lat' dir='ltr'><strong>Davidisl</strong></span> <span class='ocrx_word' id='word_1_118' title='bbox 1889 1832 2052 1887; x_wconf 78' lang='lat' dir='ltr'><strong>bene-</strong></span> 
     </span>
    </p>
   </div>
   <div class='ocr_carea' id='block_1_21' title="bbox 498 1910 2052 1993">
    <p class='ocr_par' dir='ltr' id='par_1_21' title="bbox 498 1910 2052 1993">
     <span class='ocr_line' id='line_1_21' title="bbox 498 1910 2052 1993; baseline 0.011 -31"><span class='ocrx_word' id='word_1_119' title='bbox 498 1910 681 1965; x_wconf 84' lang='lat' dir='ltr'><strong>dictus</strong></span> <span class='ocrx_word' id='word_1_120' title='bbox 731 1927 788 1967; x_wconf 86' lang='lat' dir='ltr'><strong>es</strong></span> <span class='ocrx_word' id='word_1_121' title='bbox 819 1914 910 1982; x_wconf 89' lang='lat' dir='ltr'><strong>qui</strong></span> <span class='ocrx_word' id='word_1_122' title='bbox 965 1917 1118 1970; x_wconf 82' lang='lat' dir='ltr'><strong>venis</strong></span> <span class='ocrx_word' id='word_1_123' title='bbox 1153 1933 1167 1969; x_wconf 89' lang='lat'><strong>:</strong></span> <span class='ocrx_word' id='word_1_124' title='bbox 1199 1933 1304 1971; x_wconf 91' lang='lat' dir='ltr'><strong>non</strong></span> <span class='ocrx_word' id='word_1_125' title='bbox 1356 1919 1542 1975; x_wconf 81' lang='lat' dir='ltr'><strong>dixere</strong></span> <span class='ocrx_word' id='word_1_126' title='bbox 1581 1935 1704 1975; x_wconf 92' lang='lat' dir='ltr'><strong>cum</strong></span> <span class='ocrx_word' id='word_1_127' title='bbox 1754 1923 2052 1993; x_wconf 85' lang='lat' dir='ltr'><strong>prophetis,</strong></span> 
     </span>
    </p>
   </div>
   <div class='ocr_carea' id='block_1_22' title="bbox 494 1997 2056 2078">
    <p class='ocr_par' dir='ltr' id='par_1_22' title="bbox 494 1997 2056 2078">
     <span class='ocr_line' id='line_1_22' title="bbox 494 1997 2056 2078; baseline 0.011 -28"><span class='ocrx_word' id='word_1_128' title='bbox 494 1997 758 2065; x_wconf 66' lang='lat' dir='ltr'><strong>Laudato,</strong></span> <span class='ocrx_word' id='word_1_129' title='bbox 790 2004 942 2070; x_wconf 89' lang='lat' dir='ltr'><strong>pueri</strong></span> <span class='ocrx_word' id='word_1_130' title='bbox 973 2003 1258 2061; x_wconf 91' lang='lat' dir='ltr'><strong>Dominum</strong></span> <span class='ocrx_word' id='word_1_131' title='bbox 1289 2027 1302 2074; x_wconf 92' lang='lat'><strong>;</strong></span> <span class='ocrx_word' id='word_1_132' title='bbox 1332 2023 1526 2078; x_wconf 80' lang='lat' dir='ltr'><strong>neque,</strong></span> <span class='ocrx_word' id='word_1_133' title='bbox 1561 2009 1747 2066; x_wconf 88' lang='lat' dir='ltr'><strong>Gaude</strong></span> <span class='ocrx_word' id='word_1_134' title='bbox 1766 2012 2056 2067; x_wconf 88' lang='lat' dir='ltr'><strong>vehemen-</strong></span> 
     </span>
    </p>
   </div>
   <div class='ocr_carea' id='block_1_23' title="bbox 494 2090 2052 2173">
    <p class='ocr_par' dir='ltr' id='par_1_23' title="bbox 494 2090 2052 2173">
     <span class='ocr_line' id='line_1_23' title="bbox 494 2090 2052 2173; baseline 0.01 -31"><span class='ocrx_word' id='word_1_135' title='bbox 494 2099 578 2142; x_wconf 85' lang='lat' dir='ltr'><strong>ter</strong></span> <span class='ocrx_word' id='word_1_136' title='bbox 608 2090 713 2145; x_wconf 82' lang='lat' dir='ltr'><strong>lilia</strong></span> <span class='ocrx_word' id='word_1_137' title='bbox 748 2093 950 2158; x_wconf 86' lang='lat' dir='ltr'><strong>Sionis,</strong></span> <span class='ocrx_word' id='word_1_138' title='bbox 981 2097 1209 2164; x_wconf 81' lang='lat' dir='ltr'><strong>praedica</strong></span> <span class='ocrx_word' id='word_1_139' title='bbox 1247 2099 1475 2168; x_wconf 75' lang='lat' dir='ltr'><strong>gloriam</strong></span> <span class='ocrx_word' id='word_1_140' title='bbox 1531 2100 1624 2156; x_wconf 88' lang='lat' dir='ltr'><strong>Dei</strong></span> <span class='ocrx_word' id='word_1_141' title='bbox 1663 2101 2052 2173; x_wconf 83' lang='lat' dir='ltr'><strong>Hierosolyma,</strong></span> 
     </span>
    </p>
   </div>
   <div class='ocr_carea' id='block_1_24' title="bbox 493 2182 2055 2260">
    <p class='ocr_par' dir='ltr' id='par_1_24' title="bbox 493 2182 2055 2260">
     <span class='ocr_line' id='line_1_24' title="bbox 493 2182 2055 2260; baseline 0.013 -29"><span class='ocrx_word' id='word_1_142' title='bbox 493 2182 748 2248; x_wconf 84' lang='lat' dir='ltr'><strong>quoniam</strong></span> <span class='ocrx_word' id='word_1_143' title='bbox 773 2199 899 2238; x_wconf 86' lang='lat' dir='ltr'><strong>ecce</strong></span> <span class='ocrx_word' id='word_1_144' title='bbox 935 2201 1028 2239; x_wconf 81' lang='lat' dir='ltr'><strong>rex</strong></span> <span class='ocrx_word' id='word_1_145' title='bbox 1057 2195 1185 2242; x_wconf 89' lang='lat' dir='ltr'><strong>tuus</strong></span> <span class='ocrx_word' id='word_1_146' title='bbox 1228 2189 1376 2243; x_wconf 80' lang='lat' dir='ltr'><strong>venit</strong></span> <span class='ocrx_word' id='word_1_147' title='bbox 1419 2191 1514 2245; x_wconf 90' lang='lat' dir='ltr'><strong>tibi</strong></span> <span class='ocrx_word' id='word_1_148' title='bbox 1550 2193 1698 2247; x_wconf 87' lang='lat' dir='ltr'><strong>mitis</strong></span> <span class='ocrx_word' id='word_1_149' title='bbox 1721 2201 1774 2247; x_wconf 90' lang='lat' dir='ltr'><strong>et</strong></span> <span class='ocrx_word' id='word_1_150' title='bbox 1808 2209 2055 2260; x_wconf 85' lang='lat' dir='ltr'><strong>servans,</strong></span> 
     </span>
    </p>
   </div>
   <div class='ocr_carea' id='block_1_25' title="bbox 491 2275 2058 2349">
    <p class='ocr_par' dir='ltr' id='par_1_25' title="bbox 491 2275 2058 2349">
     <span class='ocr_line' id='line_1_25' title="bbox 491 2275 2058 2349; baseline 0.01 -26"><span class='ocrx_word' id='word_1_151' title='bbox 491 2278 544 2324; x_wconf 89' lang='lat' dir='ltr'><strong>et</strong></span> <span class='ocrx_word' id='word_1_152' title='bbox 571 2279 755 2327; x_wconf 85' lang='lat' dir='ltr'><strong>vectus</strong></span> <span class='ocrx_word' id='word_1_153' title='bbox 781 2275 1002 2328; x_wconf 86' lang='lat' dir='ltr'><strong>asinino</strong></span> <span class='ocrx_word' id='word_1_154' title='bbox 1035 2277 1181 2344; x_wconf 89' lang='lat' dir='ltr'><strong>pullo</strong></span> <span class='ocrx_word' id='word_1_155' title='bbox 1201 2277 1308 2332; x_wconf 84' lang='lat' dir='ltr'><strong>ﬁlio</strong></span> <span class='ocrx_word' id='word_1_156' title='bbox 1329 2279 1648 2349; x_wconf 87' lang='lat' dir='ltr'><strong>subjugalis.</strong></span> <span class='ocrx_word' id='word_1_157' title='bbox 1667 2281 1799 2335; x_wconf 92' lang='lat' dir='ltr'><strong>Cum</strong></span> <span class='ocrx_word' id='word_1_158' title='bbox 1821 2284 1963 2338; x_wconf 89' lang='lat' dir='ltr'><strong>enim</strong></span> <span class='ocrx_word' id='word_1_159' title='bbox 1993 2298 2058 2338; x_wconf 91' lang='lat' dir='ltr'><strong>os</strong></span> 
     </span>
    </p>
   </div>
   <div class='ocr_carea' id='block_1_26' title="bbox 494 2358 2054 2437">
    <p class='ocr_par' dir='ltr' id='par_1_26' title="bbox 494 2358 2054 2437">
     <span class='ocr_line' id='line_1_26' title="bbox 494 2358 2054 2437; baseline 0.01 -27"><span class='ocrx_word' id='word_1_160' title='bbox 494 2358 754 2422; x_wconf 84' lang='lat' dir='ltr'><strong>habeant,</strong></span> <span class='ocrx_word' id='word_1_161' title='bbox 803 2361 976 2431; x_wconf 87' lang='lat' dir='ltr'><strong>inquit</strong></span> <span class='ocrx_word' id='word_1_162' title='bbox 1012 2363 1120 2428; x_wconf 86' lang='lat' dir='ltr'><strong>ille,</strong></span> <span class='ocrx_word' id='word_1_163' title='bbox 1151 2379 1259 2419; x_wconf 90' lang='lat' dir='ltr'><strong>non</strong></span> <span class='ocrx_word' id='word_1_164' title='bbox 1303 2367 1596 2437; x_wconf 83' lang='lat' dir='ltr'><strong>loquentur</strong></span> <span class='ocrx_word' id='word_1_165' title='bbox 1645 2385 1660 2422; x_wconf 93' lang='lat'><strong>:</strong></span> <span class='ocrx_word' id='word_1_166' title='bbox 1694 2385 1816 2422; x_wconf 88' lang='lat' dir='ltr'><strong>cum</strong></span> <span class='ocrx_word' id='word_1_167' title='bbox 1848 2373 2054 2435; x_wconf 86' lang='lat' dir='ltr'><strong>oculos,</strong></span> 
     </span>
    </p>
   </div>
   <div class='ocr_carea' id='block_1_27' title="bbox 495 2451 2057 2530">
    <p class='ocr_par' dir='ltr' id='par_1_27' title="bbox 495 2451 2057 2530">
     <span class='ocr_line' id='line_1_27' title="bbox 495 2451 2057 2530; baseline 0.008 -27"><span class='ocrx_word' id='word_1_168' title='bbox 495 2465 601 2504; x_wconf 84' lang='lat' dir='ltr'><strong>non</strong></span> <span class='ocrx_word' id='word_1_169' title='bbox 635 2451 894 2506; x_wconf 76' lang='lat' dir='ltr'><strong>videbunt</strong></span> <span class='ocrx_word' id='word_1_170' title='bbox 932 2471 945 2506; x_wconf 92' lang='lat'>:</span> <span class='ocrx_word' id='word_1_171' title='bbox 984 2470 1105 2509; x_wconf 89' lang='lat' dir='ltr'><strong>cum</strong></span> <span class='ocrx_word' id='word_1_172' title='bbox 1155 2471 1338 2522; x_wconf 88' lang='lat' dir='ltr'><strong>aures,</strong></span> <span class='ocrx_word' id='word_1_173' title='bbox 1374 2474 1481 2512; x_wconf 90' lang='lat' dir='ltr'><strong>non</strong></span> <span class='ocrx_word' id='word_1_174' title='bbox 1506 2458 1732 2513; x_wconf 86' lang='lat' dir='ltr'><strong>audient</strong></span> <span class='ocrx_word' id='word_1_175' title='bbox 1760 2477 1772 2511; x_wconf 95' lang='lat'>:</span> <span class='ocrx_word' id='word_1_176' title='bbox 1799 2462 2057 2530; x_wconf 90' lang='lat' dir='ltr'><strong>quoniam</strong></span> 
     </span>
    </p>
   </div>
   <div class='ocr_carea' id='block_1_28' title="bbox 495 2542 2060 2622">
    <p class='ocr_par' dir='ltr' id='par_1_28' title="bbox 495 2542 2060 2622">
     <span class='ocr_line' id='line_1_28' title="bbox 495 2542 2060 2622; baseline 0.009 -30"><span class='ocrx_word' id='word_1_177' title='bbox 495 2542 754 2597; x_wconf 82' lang='lat' dir='ltr'><strong>cordibus</strong></span> <span class='ocrx_word' id='word_1_178' title='bbox 784 2559 973 2598; x_wconf 91' lang='lat' dir='ltr'><strong>eorum</strong></span> <span class='ocrx_word' id='word_1_179' title='bbox 1026 2546 1271 2602; x_wconf 81' lang='lat' dir='ltr'><strong>velamen</strong></span> <span class='ocrx_word' id='word_1_180' title='bbox 1320 2548 1456 2619; x_wconf 84' lang='lat' dir='ltr'><strong>legis</strong></span> <span class='ocrx_word' id='word_1_181' title='bbox 1493 2557 1547 2605; x_wconf 88' lang='lat' dir='ltr'><strong>et</strong></span> <span class='ocrx_word' id='word_1_182' title='bbox 1583 2551 1941 2622; x_wconf 80' lang='lat' dir='ltr'><strong>ignorationis</strong></span> <span class='ocrx_word' id='word_1_183' title='bbox 1975 2555 2060 2606; x_wconf 85' lang='lat' dir='ltr'><strong>tn-</strong></span> 
     </span>
    </p>
   </div>
   <div class='ocr_carea' id='block_1_29' title="bbox 494 2632 718 2687">
    <p class='ocr_par' dir='ltr' id='par_1_29' title="bbox 494 2632 718 2687">
     <span class='ocr_line' id='line_1_29' title="bbox 494 2632 718 2687; baseline 0.018 -5"><span class='ocrx_word' id='word_1_184' title='bbox 494 2632 718 2687; x_wconf 87' lang='lat' dir='ltr'><strong>cumbit.</strong></span> 
     </span>
    </p>
   </div>
   <div class='ocr_carea' id='block_1_30' title="bbox 570 2723 2059 2801">
    <p class='ocr_par' dir='ltr' id='par_1_30' title="bbox 570 2723 2059 2801">
     <span class='ocr_line' id='line_1_30' title="bbox 570 2723 2059 2801; baseline 0.011 -25"><span class='ocrx_word' id='word_1_185' title='bbox 570 2723 837 2780; x_wconf 76' lang='lat' dir='ltr'><strong>Nimirum</strong></span> <span class='ocrx_word' id='word_1_186' title='bbox 863 2735 922 2781; x_wconf 90' lang='lat' dir='ltr'><strong>ut</strong></span> <span class='ocrx_word' id='word_1_187' title='bbox 943 2737 1257 2797; x_wconf 82' lang='lat' dir='ltr'><strong>peccatores</strong></span> <span class='ocrx_word' id='word_1_188' title='bbox 1275 2731 1764 2801; x_wconf 82' lang='lat' dir='ltr'><strong>excandescebant,</strong></span> <span class='ocrx_word' id='word_1_189' title='bbox 1787 2743 1840 2790; x_wconf 87' lang='lat' dir='ltr'><strong>et</strong></span> <span class='ocrx_word' id='word_1_190' title='bbox 1863 2750 2059 2792; x_wconf 88' lang='lat' dir='ltr'><strong>accen-</strong></span> 
     </span>
    </p>
   </div>
   <div class='ocr_carea' id='block_1_31' title="bbox 495 2814 2059 2887">
    <p class='ocr_par' dir='ltr' id='par_1_31' title="bbox 495 2814 2059 2887">
     <span class='ocr_line' id='line_1_31' title="bbox 495 2814 2059 2887; baseline 0.01 -20"><span class='ocrx_word' id='word_1_191' title='bbox 495 2814 761 2872; x_wconf 79' lang='lat' dir='ltr'><strong>debantur</strong></span> <span class='ocrx_word' id='word_1_192' title='bbox 792 2819 894 2882; x_wconf 83' lang='lat' dir='ltr'><strong>ira,</strong></span> <span class='ocrx_word' id='word_1_193' title='bbox 927 2827 982 2874; x_wconf 89' lang='lat' dir='ltr'><strong>et</strong></span> <span class='ocrx_word' id='word_1_194' title='bbox 1019 2820 1318 2877; x_wconf 80' lang='lat' dir='ltr'><strong>fremebant</strong></span> <span class='ocrx_word' id='word_1_195' title='bbox 1351 2825 1628 2887; x_wconf 86' lang='lat' dir='ltr'><strong>dentibus.</strong></span> <span class='ocrx_word' id='word_1_196' title='bbox 1671 2833 1726 2880; x_wconf 92' lang='lat' dir='ltr'><strong>et</strong></span> <span class='ocrx_word' id='word_1_197' title='bbox 1767 2828 2059 2882; x_wconf 82' lang='lat' dir='ltr'><strong>contabes-</strong></span> 
     </span>
    </p>
   </div>
   <div class='ocr_carea' id='block_1_32' title="bbox 498 2909 2059 2986">
    <p class='ocr_par' dir='ltr' id='par_1_32' title="bbox 498 2909 2059 2986">
     <span class='ocr_line' id='line_1_32' title="bbox 498 2909 2059 2986; baseline 0.008 -25"><span class='ocrx_word' id='word_1_198' title='bbox 498 2909 717 2973; x_wconf 80' lang='lat' dir='ltr'><strong>cebant,</strong></span> <span class='ocrx_word' id='word_1_199' title='bbox 756 2925 880 2965; x_wconf 90' lang='lat' dir='ltr'><strong>cum</strong></span> <span class='ocrx_word' id='word_1_200' title='bbox 913 2912 1193 2968; x_wconf 88' lang='lat' dir='ltr'><strong>dicerent:</strong></span> <span class='ocrx_word' id='word_1_201' title='bbox 1221 2913 1570 2981; x_wconf 81' lang='lat' dir='ltr'><strong>Egredimini,</strong></span> <span class='ocrx_word' id='word_1_202' title='bbox 1599 2925 1810 2985; x_wconf 85' lang='lat' dir='ltr'><strong>gentes,</strong></span> <span class='ocrx_word' id='word_1_203' title='bbox 1842 2918 2059 2986; x_wconf 86' lang='lat' dir='ltr'><strong>egredi-</strong></span> 
     </span>
    </p>
   </div>
   <div class='ocr_carea' id='block_1_33' title="bbox 497 3000 2063 3075">
    <p class='ocr_par' dir='ltr' id='par_1_33' title="bbox 497 3000 2063 3075">
     <span class='ocr_line' id='line_1_33' title="bbox 497 3000 2063 3075; baseline 0.007 -24"><span class='ocrx_word' id='word_1_204' title='bbox 497 3000 650 3067; x_wconf 57' lang='lat' dir='ltr'><strong>mini,</strong></span> <span class='ocrx_word' id='word_1_205' title='bbox 689 3002 895 3071; x_wconf 85' lang='lat' dir='ltr'><strong>populi,</strong></span> <span class='ocrx_word' id='word_1_206' title='bbox 928 3017 991 3056; x_wconf 89' lang='lat' dir='ltr'><strong>ac</strong></span> <span class='ocrx_word' id='word_1_207' title='bbox 1019 3004 1217 3070; x_wconf 77' lang='lat' dir='ltr'><strong>videte,</strong></span> <span class='ocrx_word' id='word_1_208' title='bbox 1250 3020 1356 3075; x_wconf 89' lang='lat' dir='ltr'><strong>quo</strong></span> <span class='ocrx_word' id='word_1_209' title='bbox 1381 3013 1541 3075; x_wconf 88' lang='lat' dir='ltr'><strong>pacto</strong></span> <span class='ocrx_word' id='word_1_210' title='bbox 1578 3008 1814 3062; x_wconf 85' lang='lat' dir='ltr'><strong>mundus</strong></span> <span class='ocrx_word' id='word_1_211' title='bbox 1841 3009 2063 3064; x_wconf 84' lang='lat' dir='ltr'><strong>univer-</strong></span> 
     </span>
    </p>
   </div>
   <div class='ocr_carea' id='block_1_34' title="bbox 2163 555 3698 628">
    <p class='ocr_par' dir='ltr' id='par_1_34' title="bbox 2163 555 3698 628">
     <span class='ocr_line' id='line_1_34' title="bbox 2163 555 3698 628; baseline 0.002 -16"><span class='ocrx_word' id='word_1_212' title='bbox 2163 559 2318 612; x_wconf 88' lang='grc' dir='ltr'>δαίαν</span> <span class='ocrx_word' id='word_1_213' title='bbox 2350 560 2566 628; x_wconf 74' lang='grc' dir='ltr'>Καῖσαρ</span> <span class='ocrx_word' id='word_1_214' title='bbox 2599 555 2907 625; x_wconf 74' lang='grc' dir='ltr'><strong>Αὔγουστος</strong></span> <span class='ocrx_word' id='word_1_215' title='bbox 2934 558 3320 628; x_wconf 74' lang='grc' dir='ltr'><strong>ἀπεγράψατο,</strong></span> <span class='ocrx_word' id='word_1_216' title='bbox 3378 561 3472 615; x_wconf 73' lang='grc' dir='ltr'>καὶ</span> <span class='ocrx_word' id='word_1_217' title='bbox 3517 562 3698 624; x_wconf 78' lang='grc' dir='ltr'>Παῦλος</span> 
     </span>
    </p>
   </div>
   <div class='ocr_carea' id='block_1_35' title="bbox 2163 648 3698 723">
    <p class='ocr_par' dir='ltr' id='par_1_35' title="bbox 2163 648 3698 723">
     <span class='ocr_line' id='line_1_35' title="bbox 2163 648 3698 723; baseline 0.003 -21"><span class='ocrx_word' id='word_1_218' title='bbox 2163 648 2620 719; x_wconf 86' lang='grc' dir='ltr'>κατακρινόμενος</span> <span class='ocrx_word' id='word_1_219' title='bbox 2641 649 2768 718; x_wconf 74' lang='grc' dir='ltr'>ἔφη’</span> <span class='ocrx_word' id='word_1_220' title='bbox 2789 649 2881 701; x_wconf 83' lang='grc' dir='ltr'><strong>Δεῖ</strong></span> <span class='ocrx_word' id='word_1_221' title='bbox 2914 665 2982 718; x_wconf 89' lang='grc' dir='ltr'><strong>με</strong></span> <span class='ocrx_word' id='word_1_222' title='bbox 3010 651 3358 720; x_wconf 80' lang='grc' dir='ltr'><strong>παραστῆναι</strong></span> <span class='ocrx_word' id='word_1_223' title='bbox 3377 650 3452 720; x_wconf 80' lang='grc' dir='ltr'><strong>τῷ</strong></span> <span class='ocrx_word' id='word_1_224' title='bbox 3472 652 3698 723; x_wconf 82' lang='grc' dir='ltr'>Καίσαρι)</span> 
     </span>
    </p>
   </div>
   <div class='ocr_carea' id='block_1_36' title="bbox 2164 739 3700 813">
    <p class='ocr_par' dir='ltr' id='par_1_36' title="bbox 2164 739 3700 813">
     <span class='ocr_line' id='line_1_36' title="bbox 2164 739 3700 813; baseline 0.003 -19"><span class='ocrx_word' id='word_1_225' title='bbox 2164 742 2197 808; x_wconf 78' lang='grc' dir='ltr'>ἡ</span> <span class='ocrx_word' id='word_1_226' title='bbox 2248 739 2473 810; x_wconf 80' lang='grc' dir='ltr'>πατρῴα</span> <span class='ocrx_word' id='word_1_227' title='bbox 2505 739 2612 793; x_wconf 82' lang='grc' dir='ltr'><strong>τῶν</strong></span> <span class='ocrx_word' id='word_1_228' title='bbox 2651 739 2923 793; x_wconf 81' lang='grc' dir='ltr'><strong>Ἰουδαίων</strong></span> <span class='ocrx_word' id='word_1_229' title='bbox 2969 740 3257 804; x_wconf 77' lang='grc' dir='ltr'>διάλεκτος</span> <span class='ocrx_word' id='word_1_230' title='bbox 3316 741 3452 812; x_wconf 80' lang='grc' dir='ltr'>πρὸς</span> <span class='ocrx_word' id='word_1_231' title='bbox 3486 743 3577 813; x_wconf 77' lang='grc' dir='ltr'><strong>τὴν</strong></span> <span class='ocrx_word' id='word_1_232' title='bbox 3611 743 3700 798; x_wconf 74' lang='grc' dir='ltr'><strong>τῶν</strong></span> 
     </span>
    </p>
   </div>
   <div class='ocr_carea' id='block_1_37' title="bbox 2175 828 3702 902">
    <p class='ocr_par' dir='ltr' id='par_1_37' title="bbox 2175 828 3702 902">
     <span class='ocr_line' id='line_1_37' title="bbox 2175 828 3702 902; baseline 0.001 -20"><span class='ocrx_word' id='word_1_233' title='bbox 2175 828 2462 898; x_wconf 86' lang='grc' dir='ltr'>Ῥωμαίων</span> <span class='ocrx_word' id='word_1_234' title='bbox 2493 830 2988 900; x_wconf 80' lang='grc' dir='ltr'>μετεστοιχείωται.</span> <span class='ocrx_word' id='word_1_235' title='bbox 3023 831 3146 893; x_wconf 83' lang='grc' dir='ltr'>Τοῖς</span> <span class='ocrx_word' id='word_1_236' title='bbox 3169 830 3352 884; x_wconf 75' lang='grc' dir='ltr'>ἔθνεσι</span> <span class='ocrx_word' id='word_1_237' title='bbox 3397 831 3502 902; x_wconf 85' lang='grc' dir='ltr'><strong>γὰρ</strong></span> <span class='ocrx_word' id='word_1_238' title='bbox 3528 833 3702 902; x_wconf 73' lang='grc' dir='ltr'>ἐμίγη-</span> 
     </span>
    </p>
   </div>
   <div class='ocr_carea' id='block_1_38' title="bbox 2165 918 3703 993">
    <p class='ocr_par' dir='ltr' id='par_1_38' title="bbox 2165 918 3703 993">
     <span class='ocr_line' id='line_1_38' title="bbox 2165 918 3703 993; baseline 0.002 -20"><span class='ocrx_word' id='word_1_239' title='bbox 2165 935 2285 985; x_wconf 85' lang='grc' dir='ltr'>σαν,</span> <span class='ocrx_word' id='word_1_240' title='bbox 2303 920 2396 973; x_wconf 76' lang='grc' dir='ltr'>καὶ</span> <span class='ocrx_word' id='word_1_241' title='bbox 2432 918 2636 989; x_wconf 85' lang='grc' dir='ltr'>ἔμαθον</span> <span class='ocrx_word' id='word_1_242' title='bbox 2683 920 2753 972; x_wconf 82' lang='grc' dir='ltr'><strong>τὰ</strong></span> <span class='ocrx_word' id='word_1_243' title='bbox 2797 921 3005 975; x_wconf 85' lang='grc' dir='ltr'>τούτων</span> <span class='ocrx_word' id='word_1_244' title='bbox 3049 922 3478 993; x_wconf 69' lang='grc' dir='ltr'>ἐπιτηδεύματα.</span> <span class='ocrx_word' id='word_1_245' title='bbox 3513 924 3703 987; x_wconf 83' lang='grc' dir='ltr'><strong>Ἰδόντες</strong></span> 
     </span>
    </p>
   </div>
   <div class='ocr_carea' id='block_1_39' title="bbox 2162 1008 3705 1082">
    <p class='ocr_par' dir='ltr' id='par_1_39' title="bbox 2162 1008 3705 1082">
     <span class='ocr_line' id='line_1_39' title="bbox 2162 1008 3705 1082; baseline 0.002 -21"><span class='ocrx_word' id='word_1_246' title='bbox 2162 1008 2338 1062; x_wconf 90' lang='grc' dir='ltr'>τοίνυν</span> <span class='ocrx_word' id='word_1_247' title='bbox 2369 1008 2476 1061; x_wconf 84' lang='grc' dir='ltr'><strong>τῶν</strong></span> <span class='ocrx_word' id='word_1_248' title='bbox 2502 1009 2769 1062; x_wconf 77' lang='grc' dir='ltr'>Ἰουδαίων</span> <span class='ocrx_word' id='word_1_249' title='bbox 2796 1010 2845 1062; x_wconf 80' lang='grc' dir='ltr'><strong>οί</strong></span> <span class='ocrx_word' id='word_1_250' title='bbox 2871 1011 3290 1081; x_wconf 79' lang='grc' dir='ltr'>δημογέροντες,</span> <span class='ocrx_word' id='word_1_251' title='bbox 3325 1013 3415 1066; x_wconf 73' lang='grc' dir='ltr'>καὶ</span> <span class='ocrx_word' id='word_1_252' title='bbox 3430 1012 3532 1064; x_wconf 85' lang='grc' dir='ltr'><strong>τῶν</strong></span> <span class='ocrx_word' id='word_1_253' title='bbox 3547 1028 3705 1082; x_wconf 81' lang='grc' dir='ltr'>γραμ·</span> 
     </span>
    </p>
   </div>
   <div class='ocr_carea' id='block_1_40' title="bbox 2165 1098 3705 1174">
    <p class='ocr_par' dir='ltr' id='par_1_40' title="bbox 2165 1098 3705 1174">
     <span class='ocr_line' id='line_1_40' title="bbox 2165 1098 3705 1174; baseline 0.001 -22"><span class='ocrx_word' id='word_1_254' title='bbox 2165 1099 2378 1170; x_wconf 88' lang='grc' dir='ltr'>ματέων</span> <span class='ocrx_word' id='word_1_255' title='bbox 2396 1101 2422 1152; x_wconf 84' lang='grc' dir='ltr'>ὁ</span> <span class='ocrx_word' id='word_1_256' title='bbox 2455 1098 2708 1168; x_wconf 85' lang='grc' dir='ltr'>σύλλογος</span> <span class='ocrx_word' id='word_1_257' title='bbox 2731 1101 2820 1154; x_wconf 81' lang='grc' dir='ltr'>τὸν</span> <span class='ocrx_word' id='word_1_258' title='bbox 2849 1102 2944 1154; x_wconf 79' lang='grc' dir='ltr'><strong>ἐπὶ</strong></span> <span class='ocrx_word' id='word_1_259' title='bbox 2972 1102 3163 1166; x_wconf 82' lang='grc' dir='ltr'>νώτοις</span> <span class='ocrx_word' id='word_1_260' title='bbox 3190 1103 3527 1174; x_wconf 81' lang='grc' dir='ltr'>χερουϐικοῖς</span> <span class='ocrx_word' id='word_1_261' title='bbox 3559 1104 3705 1173; x_wconf 78' lang='grc' dir='ltr'>καθή-</span> 
     </span>
    </p>
   </div>
   <div class='ocr_carea' id='block_1_41' title="bbox 2165 1192 3704 1265">
    <p class='ocr_par' dir='ltr' id='par_1_41' title="bbox 2165 1192 3704 1265">
     <span class='ocr_line' id='line_1_41' title="bbox 2165 1192 3704 1265; baseline 0.003 -21"><span class='ocrx_word' id='word_1_262' title='bbox 2165 1209 2324 1261; x_wconf 89' lang='grc' dir='ltr'>μενον</span> <span class='ocrx_word' id='word_1_263' title='bbox 2350 1192 2552 1263; x_wconf 80' lang='grc' dir='ltr'>Κύριον</span> <span class='ocrx_word' id='word_1_264' title='bbox 2607 1195 2702 1246; x_wconf 77' lang='grc' dir='ltr'>καὶ</span> <span class='ocrx_word' id='word_1_265' title='bbox 2730 1194 2862 1248; x_wconf 83' lang='grc' dir='ltr'><strong>Θεὸν</strong></span> <span class='ocrx_word' id='word_1_266' title='bbox 2908 1195 3086 1265; x_wconf 81' lang='grc' dir='ltr'>ἡμῶν,</span> <span class='ocrx_word' id='word_1_267' title='bbox 3121 1196 3217 1249; x_wconf 80' lang='grc' dir='ltr'><strong>ἐπὶ</strong></span> <span class='ocrx_word' id='word_1_268' title='bbox 3255 1195 3436 1248; x_wconf 80' lang='grc' dir='ltr'>πώλου</span> <span class='ocrx_word' id='word_1_269' title='bbox 3461 1195 3552 1264; x_wconf 80' lang='grc' dir='ltr'>μὲν</span> <span class='ocrx_word' id='word_1_270' title='bbox 3600 1196 3704 1248; x_wconf 84' lang='grc' dir='ltr'>δνου</span> 
     </span>
    </p>
   </div>
   <div class='ocr_carea' id='block_1_42' title="bbox 2162 1282 3701 1357">
    <p class='ocr_par' dir='ltr' id='par_1_42' title="bbox 2162 1282 3701 1357">
     <span class='ocr_line' id='line_1_42' title="bbox 2162 1282 3701 1357; baseline 0.003 -22"><span class='ocrx_word' id='word_1_271' title='bbox 2162 1282 2302 1335; x_wconf 73' lang='grc' dir='ltr'>κατὰ</span> <span class='ocrx_word' id='word_1_272' title='bbox 2325 1283 2730 1350; x_wconf 84' lang='grc' dir='ltr'>συγκατάϐασιν</span> <span class='ocrx_word' id='word_1_273' title='bbox 2752 1285 3140 1355; x_wconf 76' lang='grc' dir='ltr'>ἐποχούμενον,</span> <span class='ocrx_word' id='word_1_274' title='bbox 3171 1287 3466 1357; x_wconf 82' lang='grc' dir='ltr'>βασιλικῶς</span> <span class='ocrx_word' id='word_1_275' title='bbox 3489 1286 3542 1339; x_wconf 86' lang='grc' dir='ltr'>δὲ</span> <span class='ocrx_word' id='word_1_276' title='bbox 3573 1287 3701 1356; x_wconf 83' lang='grc' dir='ltr'>παρὰ</span> 
     </span>
    </p>
   </div>
   <div class='ocr_carea' id='block_1_43' title="bbox 2162 1371 3702 1445">
    <p class='ocr_par' dir='ltr' id='par_1_43' title="bbox 2162 1371 3702 1445">
     <span class='ocr_line' id='line_1_43' title="bbox 2162 1371 3702 1445; baseline 0.001 -22"><span class='ocrx_word' id='word_1_277' title='bbox 2162 1371 2271 1424; x_wconf 86' lang='grc' dir='ltr'><strong>τῶν</strong></span> <span class='ocrx_word' id='word_1_278' title='bbox 2301 1374 2651 1442; x_wconf 86' lang='grc' dir='ltr'>προαγόντων</span> <span class='ocrx_word' id='word_1_279' title='bbox 2707 1373 2800 1427; x_wconf 72' lang='grc' dir='ltr'>καὶ</span> <span class='ocrx_word' id='word_1_280' title='bbox 2828 1374 2938 1426; x_wconf 86' lang='grc' dir='ltr'><strong>τῶν</strong></span> <span class='ocrx_word' id='word_1_281' title='bbox 2967 1375 3250 1444; x_wconf 79' lang='grc' dir='ltr'>ἑπομένων</span> <span class='ocrx_word' id='word_1_282' title='bbox 3297 1375 3702 1445; x_wconf 81' lang='grc' dir='ltr'>στενοχωρούμε-</span> 
     </span>
    </p>
   </div>
   <div class='ocr_carea' id='block_1_44' title="bbox 2161 1460 3701 1533">
    <p class='ocr_par' dir='ltr' id='par_1_44' title="bbox 2161 1460 3701 1533">
     <span class='ocr_line' id='line_1_44' title="bbox 2161 1460 3701 1533; baseline -0.001 -20"><span class='ocrx_word' id='word_1_283' title='bbox 2161 1477 2274 1526; x_wconf 92' lang='grc' dir='ltr'>νον,</span> <span class='ocrx_word' id='word_1_284' title='bbox 2339 1461 2435 1514; x_wconf 80' lang='grc' dir='ltr'>καὶ</span> <span class='ocrx_word' id='word_1_285' title='bbox 2469 1460 2566 1533; x_wconf 78' lang='grc' dir='ltr'>τὴν</span> <span class='ocrx_word' id='word_1_286' title='bbox 2612 1463 2969 1533; x_wconf 80' lang='grc' dir='ltr'>Ἰερουσαλὴμ</span> <span class='ocrx_word' id='word_1_287' title='bbox 3036 1462 3436 1532; x_wconf 78' lang='grc' dir='ltr'>μεγαλύνοντα,</span> <span class='ocrx_word' id='word_1_288' title='bbox 3482 1465 3701 1532; x_wconf 71' lang='grc' dir='ltr'>ἠγάπησε</span> 
     </span>
    </p>
   </div>
   <div class='ocr_carea' id='block_1_45' title="bbox 2161 1551 3701 1624">
    <p class='ocr_par' dir='ltr' id='par_1_45' title="bbox 2161 1551 3701 1624">
     <span class='ocr_line' id='line_1_45' title="bbox 2161 1551 3701 1624; baseline -0.001 -20"><span class='ocrx_word' id='word_1_289' title='bbox 2161 1551 2268 1622; x_wconf 85' lang='grc' dir='ltr'>γὰρ</span> <span class='ocrx_word' id='word_1_290' title='bbox 2320 1552 2420 1623; x_wconf 81' lang='grc' dir='ltr'>τὴν</span> <span class='ocrx_word' id='word_1_291' title='bbox 2471 1554 2626 1606; x_wconf 85' lang='grc' dir='ltr'>πόλιν</span> <span class='ocrx_word' id='word_1_292' title='bbox 2679 1553 2818 1608; x_wconf 87' lang='grc' dir='ltr'>Σιὼν</span> <span class='ocrx_word' id='word_1_293' title='bbox 2869 1555 3010 1624; x_wconf 82' lang='grc' dir='ltr'>ὑπὲρ</span> <span class='ocrx_word' id='word_1_294' title='bbox 3065 1554 3247 1608; x_wconf 84' lang='grc' dir='ltr'>πάντα</span> <span class='ocrx_word' id='word_1_295' title='bbox 3282 1555 3352 1608; x_wconf 86' lang='grc' dir='ltr'><strong>τά</strong></span> <span class='ocrx_word' id='word_1_296' title='bbox 3401 1554 3701 1622; x_wconf 72' lang='grc' dir='ltr'>σκηνώματα</span> 
     </span>
    </p>
   </div>
   <div class='ocr_carea' id='block_1_46' title="bbox 2174 1641 3701 1715">
    <p class='ocr_par' dir='ltr' id='par_1_46' title="bbox 2174 1641 3701 1715">
     <span class='ocr_line' id='line_1_46' title="bbox 2174 1641 3701 1715; baseline 0 -19"><span class='ocrx_word' id='word_1_297' title='bbox 2174 1641 2389 1713; x_wconf 87' lang='grc' dir='ltr'>Ἰακὼϐ)</span> <span class='ocrx_word' id='word_1_298' title='bbox 2429 1643 2672 1708; x_wconf 75' lang='grc' dir='ltr'>καὶτοὺς</span> <span class='ocrx_word' id='word_1_299' title='bbox 2702 1644 2892 1713; x_wconf 80' lang='grc' dir='ltr'>δχλους</span> <span class='ocrx_word' id='word_1_300' title='bbox 2930 1644 3029 1712; x_wconf 76' lang='grc' dir='ltr'>μὲν</span> <span class='ocrx_word' id='word_1_301' title='bbox 3073 1647 3140 1715; x_wconf 74' lang='grc' dir='ltr'>τῇ</span> <span class='ocrx_word' id='word_1_302' title='bbox 3199 1646 3271 1715; x_wconf 79' lang='grc' dir='ltr'>γῇ</span> <span class='ocrx_word' id='word_1_303' title='bbox 3327 1645 3453 1706; x_wconf 77' lang='grc' dir='ltr'>τοὺς</span> <span class='ocrx_word' id='word_1_304' title='bbox 3500 1644 3701 1712; x_wconf 80' lang='grc' dir='ltr'>χιτῶνας</span> 
     </span>
    </p>
   </div>
   <div class='ocr_carea' id='block_1_47' title="bbox 2165 1730 3699 1803">
    <p class='ocr_par' dir='ltr' id='par_1_47' title="bbox 2165 1730 3699 1803">
     <span class='ocr_line' id='line_1_47' title="bbox 2165 1730 3699 1803; baseline 0.005 -19"><span class='ocrx_word' id='word_1_305' title='bbox 2165 1730 2585 1801; x_wconf 81' lang='grc' dir='ltr'>στρωννύοντας,</span> <span class='ocrx_word' id='word_1_306' title='bbox 2629 1734 2724 1786; x_wconf 77' lang='grc' dir='ltr'>καὶ</span> <span class='ocrx_word' id='word_1_307' title='bbox 2784 1735 2884 1795; x_wconf 82' lang='grc' dir='ltr'><strong>τὰς</strong></span> <span class='ocrx_word' id='word_1_308' title='bbox 2937 1734 3091 1795; x_wconf 86' lang='grc' dir='ltr'>όδοὺς</span> <span class='ocrx_word' id='word_1_309' title='bbox 3125 1733 3542 1803; x_wconf 80' lang='grc' dir='ltr'>μαλακίζοντας,</span> <span class='ocrx_word' id='word_1_310' title='bbox 3596 1733 3699 1792; x_wconf 81' lang='grc' dir='ltr'>τοὺς</span> 
     </span>
    </p>
   </div>
   <div class='ocr_carea' id='block_1_48' title="bbox 2164 1821 3700 1894">
    <p class='ocr_par' dir='ltr' id='par_1_48' title="bbox 2164 1821 3700 1894">
     <span class='ocr_line' id='line_1_48' title="bbox 2164 1821 3700 1894; baseline -0.001 -18"><span class='ocrx_word' id='word_1_311' title='bbox 2164 1823 2357 1886; x_wconf 82' lang='grc' dir='ltr'>παῖδας</span> <span class='ocrx_word' id='word_1_312' title='bbox 2373 1823 2429 1876; x_wconf 81' lang='grc' dir='ltr'>δὲ</span> <span class='ocrx_word' id='word_1_313' title='bbox 2453 1823 2926 1894; x_wconf 77' lang='grc' dir='ltr'>κλαδηφοροῦντας</span> <span class='ocrx_word' id='word_1_314' title='bbox 2956 1826 3051 1877; x_wconf 68' lang='grc' dir='ltr'><strong>καλ⁵</strong></span> <span class='ocrx_word' id='word_1_315' title='bbox 3079 1825 3358 1892; x_wconf 72' lang='grc' dir='ltr'>λέγοντας*</span> <span class='ocrx_word' id='word_1_316' title='bbox 3403 1823 3617 1876; x_wconf 80' lang='grc' dir='ltr'>Ὢσαννὰ</span> 
     </span>
    </p>
   </div>
   <div class='ocr_carea' id='block_1_49' title="bbox 2156 1910 3696 1986">
    <p class='ocr_par' dir='ltr' id='par_1_49' title="bbox 2156 1910 3696 1986">
     <span class='ocr_line' id='line_1_49' title="bbox 2156 1910 3696 1986; baseline 0 -20"><span class='ocrx_word' id='word_1_317' title='bbox 2156 1913 2257 1983; x_wconf 82' lang='grc' dir='ltr'><strong>υίῷ</strong></span> <span class='ocrx_word' id='word_1_318' title='bbox 2285 1914 2378 1968; x_wconf 80' lang='grc' dir='ltr'><strong>τοῦ</strong></span> <span class='ocrx_word' id='word_1_319' title='bbox 2407 1914 2670 1984; x_wconf 83' lang='grc' dir='ltr'>βασιλέως</span> <span class='ocrx_word' id='word_1_320' title='bbox 2693 1915 2874 1968; x_wconf 83' lang='grc' dir='ltr'>Δαϐίδί</span> <span class='ocrx_word' id='word_1_321' title='bbox 2898 1916 3264 1986; x_wconf 80' lang='grc' dir='ltr'>εὐλογημένος</span> <span class='ocrx_word' id='word_1_322' title='bbox 3286 1910 3338 1968; x_wconf 74' lang='grc' dir='ltr'>εἶ</span> <span class='ocrx_word' id='word_1_323' title='bbox 3362 1917 3388 1967; x_wconf 86' lang='grc' dir='ltr'><strong>ό</strong></span> <span class='ocrx_word' id='word_1_324' title='bbox 3413 1913 3696 1985; x_wconf 77' lang='grc' dir='ltr'>ἐρχόμενοςο</span> 
     </span>
    </p>
   </div>
   <div class='ocr_carea' id='block_1_50' title="bbox 2155 1998 3700 2074">
    <p class='ocr_par' dir='ltr' id='par_1_50' title="bbox 2155 1998 3700 2074">
     <span class='ocr_line' id='line_1_50' title="bbox 2155 1998 3700 2074; baseline -0.004 -17"><span class='ocrx_word' id='word_1_325' title='bbox 2155 2003 2254 2057; x_wconf 84' lang='grc' dir='ltr'>οὐκ</span> <span class='ocrx_word' id='word_1_326' title='bbox 2277 1999 2430 2056; x_wconf 76' lang='grc' dir='ltr'>εἷπον</span> <span class='ocrx_word' id='word_1_327' title='bbox 2471 2003 2609 2074; x_wconf 83' lang='grc' dir='ltr'>μετὰ</span> <span class='ocrx_word' id='word_1_328' title='bbox 2632 2003 2742 2057; x_wconf 81' lang='grc' dir='ltr'><strong>τῶν</strong></span> <span class='ocrx_word' id='word_1_329' title='bbox 2768 2004 3084 2074; x_wconf 76' lang='grc' dir='ltr'>προφητῶνο</span> <span class='ocrx_word' id='word_1_330' title='bbox 3136 2004 3379 2065; x_wconf 73' lang='grc' dir='ltr'>Αἰνεῖτε,</span> <span class='ocrx_word' id='word_1_331' title='bbox 3404 2002 3586 2062; x_wconf 86' lang='grc' dir='ltr'>παῖδες</span> <span class='ocrx_word' id='word_1_332' title='bbox 3609 1998 3700 2052; x_wconf 79' lang='grc' dir='ltr'><strong>Κύ-</strong></span> 
     </span>
    </p>
   </div>
   <div class='ocr_carea' id='block_1_51' title="bbox 2159 2091 3699 2166">
    <p class='ocr_par' dir='ltr' id='par_1_51' title="bbox 2159 2091 3699 2166">
     <span class='ocr_line' id='line_1_51' title="bbox 2159 2091 3699 2166; baseline -0.003 -18"><span class='ocrx_word' id='word_1_333' title='bbox 2159 2111 2292 2166; x_wconf 89' lang='grc' dir='ltr'>ριον·</span> <span class='ocrx_word' id='word_1_334' title='bbox 2317 2095 2459 2160; x_wconf 83' lang='grc' dir='ltr'>οὐδὲ,</span> <span class='ocrx_word' id='word_1_335' title='bbox 2484 2097 2657 2166; x_wconf 86' lang='grc' dir='ltr'>Χαῖρε</span> <span class='ocrx_word' id='word_1_336' title='bbox 2684 2095 2906 2166; x_wconf 83' lang='grc' dir='ltr'>σφόδρα,</span> <span class='ocrx_word' id='word_1_337' title='bbox 2935 2094 3134 2162; x_wconf 81' lang='grc' dir='ltr'>Θύγατε</span> <span class='ocrx_word' id='word_1_338' title='bbox 3143 2111 3174 2164; x_wconf 93' lang='grc' dir='ltr'><strong>ρ</strong></span> <span class='ocrx_word' id='word_1_339' title='bbox 3197 2093 3357 2160; x_wconf 88' lang='grc' dir='ltr'>Σιὼν,</span> <span class='ocrx_word' id='word_1_340' title='bbox 3385 2095 3606 2163; x_wconf 86' lang='grc' dir='ltr'>κήρυττε</span> <span class='ocrx_word' id='word_1_341' title='bbox 3627 2091 3699 2144; x_wconf 77' lang='grc' dir='ltr'>δό-</span> 
     </span>
    </p>
   </div>
   <div class='ocr_carea' id='block_1_52' title="bbox 2164 2182 3699 2256">
    <p class='ocr_par' dir='ltr' id='par_1_52' title="bbox 2164 2182 3699 2256">
     <span class='ocr_line' id='line_1_52' title="bbox 2164 2182 3699 2256; baseline -0.004 -18"><span class='ocrx_word' id='word_1_342' title='bbox 2164 2183 2262 2250; x_wconf 83' lang='grc' dir='ltr'>ξαν</span> <span class='ocrx_word' id='word_1_343' title='bbox 2291 2182 2424 2237; x_wconf 87' lang='grc' dir='ltr'><strong>Θεοῦ</strong></span> <span class='ocrx_word' id='word_1_344' title='bbox 2467 2183 2842 2256; x_wconf 82' lang='grc' dir='ltr'>Ἰερουσαλὴμ,</span> <span class='ocrx_word' id='word_1_345' title='bbox 2869 2184 2950 2237; x_wconf 81' lang='grc' dir='ltr'>ὅτι</span> <span class='ocrx_word' id='word_1_346' title='bbox 2980 2185 3089 2238; x_wconf 80' lang='grc' dir='ltr'>ίδοὺ</span> <span class='ocrx_word' id='word_1_347' title='bbox 3129 2184 3384 2253; x_wconf 86' lang='grc' dir='ltr'>βασιλεύς</span> <span class='ocrx_word' id='word_1_348' title='bbox 3434 2199 3524 2235; x_wconf 89' lang='grc' dir='ltr'><strong>σου</strong></span> <span class='ocrx_word' id='word_1_349' title='bbox 3569 2182 3699 2250; x_wconf 78' lang='grc' dir='ltr'>ἔρχε-</span> 
     </span>
    </p>
   </div>
   <div class='ocr_carea' id='block_1_53' title="bbox 2156 2273 3697 2344">
    <p class='ocr_par' dir='ltr' id='par_1_53' title="bbox 2156 2273 3697 2344">
     <span class='ocr_line' id='line_1_53' title="bbox 2156 2273 3697 2344; baseline -0.002 -17"><span class='ocrx_word' id='word_1_350' title='bbox 2156 2274 2246 2328; x_wconf 90' lang='grc' dir='ltr'><strong>ταί</strong></span> <span class='ocrx_word' id='word_1_351' title='bbox 2285 2291 2364 2328; x_wconf 90' lang='grc' dir='ltr'><strong>σοι</strong></span> <span class='ocrx_word' id='word_1_352' title='bbox 2401 2274 2584 2344; x_wconf 77' lang='grc' dir='ltr'>πραῢς</span> <span class='ocrx_word' id='word_1_353' title='bbox 2630 2275 2724 2330; x_wconf 67' lang='grc' dir='ltr'>καὶ</span> <span class='ocrx_word' id='word_1_354' title='bbox 2776 2274 2984 2339; x_wconf 79' lang='grc' dir='ltr'>σώζων,</span> <span class='ocrx_word' id='word_1_355' title='bbox 3033 2274 3383 2344; x_wconf 78' lang='grc' dir='ltr'>ἐπιϐεϐηκὼς</span> <span class='ocrx_word' id='word_1_356' title='bbox 3424 2277 3502 2337; x_wconf 84' lang='grc' dir='ltr'><strong>είς</strong></span> <span class='ocrx_word' id='word_1_357' title='bbox 3549 2273 3697 2326; x_wconf 80' lang='grc' dir='ltr'>πῶλον</span> 
     </span>
    </p>
   </div>
   <div class='ocr_carea' id='block_1_54' title="bbox 2157 2361 3695 2437">
    <p class='ocr_par' dir='ltr' id='par_1_54' title="bbox 2157 2361 3695 2437">
     <span class='ocr_line' id='line_1_54' title="bbox 2157 2361 3695 2437; baseline -0.005 -17"><span class='ocrx_word' id='word_1_358' title='bbox 2157 2366 2303 2432; x_wconf 77' lang='grc' dir='ltr'>δνου,</span> <span class='ocrx_word' id='word_1_359' title='bbox 2329 2366 2443 2420; x_wconf 81' lang='grc' dir='ltr'>υίδν</span> <span class='ocrx_word' id='word_1_360' title='bbox 2479 2366 2793 2434; x_wconf 78' lang='grc' dir='ltr'>ὑποζυγίου.</span> <span class='ocrx_word' id='word_1_361' title='bbox 2831 2365 3087 2435; x_wconf 81' lang='grc' dir='ltr'>Ἔχοντες</span> <span class='ocrx_word' id='word_1_362' title='bbox 3122 2366 3235 2437; x_wconf 81' lang='grc' dir='ltr'><strong>γὰρ</strong></span> <span class='ocrx_word' id='word_1_363' title='bbox 3288 2365 3481 2432; x_wconf 83' lang='grc' dir='ltr'>στόμα,</span> <span class='ocrx_word' id='word_1_364' title='bbox 3537 2361 3695 2432; x_wconf 74' lang='grc' dir='ltr'>φησὶν,</span> 
     </span>
    </p>
   </div>
   <div class='ocr_carea' id='block_1_55' title="bbox 2158 2450 3695 2527">
    <p class='ocr_par' dir='ltr' id='par_1_55' title="bbox 2158 2450 3695 2527">
     <span class='ocr_line' id='line_1_55' title="bbox 2158 2450 3695 2527; baseline -0.005 -15"><span class='ocrx_word' id='word_1_365' title='bbox 2158 2458 2218 2512; x_wconf 82' lang='grc' dir='ltr'>οὐ</span> <span class='ocrx_word' id='word_1_366' title='bbox 2252 2457 2570 2512; x_wconf 82' lang='grc' dir='ltr'>καλέσουσιν</span> <span class='ocrx_word' id='word_1_367' title='bbox 2601 2473 2615 2488; x_wconf 75' lang='grc' dir='ltr'><strong>ο</strong></span> <span class='ocrx_word' id='word_1_368' title='bbox 2646 2456 2983 2527; x_wconf 83' lang='grc' dir='ltr'>ὀφθαλμοὺς,</span> <span class='ocrx_word' id='word_1_369' title='bbox 3021 2460 3118 2510; x_wconf 78' lang='grc' dir='ltr'>καὶ</span> <span class='ocrx_word' id='word_1_370' title='bbox 3151 2457 3255 2510; x_wconf 75' lang='grc' dir='ltr'>οὐκ</span> <span class='ocrx_word' id='word_1_371' title='bbox 3289 2455 3508 2524; x_wconf 73' lang='grc' dir='ltr'>ὄψονται</span> <span class='ocrx_word' id='word_1_372' title='bbox 3532 2467 3546 2482; x_wconf 74' lang='grc' dir='ltr'><strong>ο</strong></span> <span class='ocrx_word' id='word_1_373' title='bbox 3583 2450 3695 2511; x_wconf 85' lang='grc' dir='ltr'>ὦτα,</span> 
     </span>
    </p>
   </div>
   <div class='ocr_carea' id='block_1_56' title="bbox 2159 2540 3696 2616">
    <p class='ocr_par' dir='ltr' id='par_1_56' title="bbox 2159 2540 3696 2616">
     <span class='ocr_line' id='line_1_56' title="bbox 2159 2540 3696 2616; baseline -0.004 -16"><span class='ocrx_word' id='word_1_374' title='bbox 2159 2547 2255 2600; x_wconf 81' lang='grc' dir='ltr'>καὶ</span> <span class='ocrx_word' id='word_1_375' title='bbox 2276 2547 2376 2600; x_wconf 84' lang='grc' dir='ltr'>οὐκ</span> <span class='ocrx_word' id='word_1_376' title='bbox 2409 2545 2733 2602; x_wconf 75' lang='grc' dir='ltr'>ἀκούσουσιν</span> <span class='ocrx_word' id='word_1_377' title='bbox 2757 2561 2770 2576; x_wconf 91' lang='grc'><strong>·</strong></span> <span class='ocrx_word' id='word_1_378' title='bbox 2817 2546 2901 2599; x_wconf 82' lang='grc' dir='ltr'>ὅτι</span> <span class='ocrx_word' id='word_1_379' title='bbox 2956 2547 3076 2609; x_wconf 75' lang='grc' dir='ltr'>ταῖς</span> <span class='ocrx_word' id='word_1_380' title='bbox 3112 2545 3365 2616; x_wconf 76' lang='grc' dir='ltr'>καρδίαις</span> <span class='ocrx_word' id='word_1_381' title='bbox 3407 2541 3575 2598; x_wconf 83' lang='grc' dir='ltr'>αὐτῶν</span> <span class='ocrx_word' id='word_1_382' title='bbox 3610 2540 3696 2594; x_wconf 83' lang='grc' dir='ltr'>κά-</span> 
     </span>
    </p>
   </div>
   <div class='ocr_carea' id='block_1_57' title="bbox 2159 2636 3303 2708">
    <p class='ocr_par' dir='ltr' id='par_1_57' title="bbox 2159 2636 3303 2708">
     <span class='ocr_line' id='line_1_57' title="bbox 2159 2636 3303 2708; baseline -0.001 -17"><span class='ocrx_word' id='word_1_383' title='bbox 2159 2639 2350 2708; x_wconf 88' lang='grc' dir='ltr'>λυμμα</span> <span class='ocrx_word' id='word_1_384' title='bbox 2375 2637 2541 2707; x_wconf 86' lang='grc' dir='ltr'>νόμου</span> <span class='ocrx_word' id='word_1_385' title='bbox 2562 2636 2657 2691; x_wconf 75' lang='grc' dir='ltr'>καὶ</span> <span class='ocrx_word' id='word_1_386' title='bbox 2691 2636 2967 2706; x_wconf 78' lang='grc' dir='ltr'>ἀγνωσίας</span> <span class='ocrx_word' id='word_1_387' title='bbox 2997 2637 3303 2691; x_wconf 75' lang='grc' dir='ltr'>ἐπίκειται.</span> 
     </span>
    </p>
   </div>
   <div class='ocr_carea' id='block_1_58' title="bbox 2241 2715 3686 2797">
    <p class='ocr_par' dir='ltr' id='par_1_58' title="bbox 2241 2715 3686 2797">
     <span class='ocr_line' id='line_1_58' title="bbox 2241 2715 3686 2797; baseline -0.006 -16"><span class='ocrx_word' id='word_1_388' title='bbox 2241 2727 2663 2796; x_wconf 81' lang='grc' dir='ltr'>Ἠγανάκτησαν</span> <span class='ocrx_word' id='word_1_389' title='bbox 2690 2725 2746 2779; x_wconf 82' lang='grc' dir='ltr'>δὲ</span> <span class='ocrx_word' id='word_1_390' title='bbox 2767 2726 2842 2789; x_wconf 86' lang='grc' dir='ltr'><strong>ὡς</strong></span> <span class='ocrx_word' id='word_1_391' title='bbox 2869 2726 3208 2797; x_wconf 76' lang='grc' dir='ltr'>ἁμαρτωλοὶ,</span> <span class='ocrx_word' id='word_1_392' title='bbox 3235 2727 3329 2780; x_wconf 82' lang='grc' dir='ltr'>καὶ</span> <span class='ocrx_word' id='word_1_393' title='bbox 3348 2715 3686 2796; x_wconf 78' lang='grc' dir='ltr'>ὠργίσθησαν,</span> 
     </span>
    </p>
   </div>
   <div class='ocr_carea' id='block_1_59' title="bbox 2159 2806 3687 2886">
    <p class='ocr_par' dir='ltr' id='par_1_59' title="bbox 2159 2806 3687 2886">
     <span class='ocr_line' id='line_1_59' title="bbox 2159 2806 3687 2886; baseline -0.007 -14"><span class='ocrx_word' id='word_1_394' title='bbox 2159 2819 2253 2872; x_wconf 79' lang='grc' dir='ltr'>καὶ</span> <span class='ocrx_word' id='word_1_395' title='bbox 2278 2817 2403 2880; x_wconf 81' lang='grc' dir='ltr'>τοὺς</span> <span class='ocrx_word' id='word_1_396' title='bbox 2438 2816 2657 2879; x_wconf 81' lang='grc' dir='ltr'>ὀδόντας</span> <span class='ocrx_word' id='word_1_397' title='bbox 2683 2815 2936 2884; x_wconf 75' lang='grc' dir='ltr'>ἐϐρυξαν,</span> <span class='ocrx_word' id='word_1_398' title='bbox 2963 2816 3058 2869; x_wconf 79' lang='grc' dir='ltr'>καὶ</span> <span class='ocrx_word' id='word_1_399' title='bbox 3087 2816 3387 2886; x_wconf 75' lang='grc' dir='ltr'>ὲτάκησαν,</span> <span class='ocrx_word' id='word_1_400' title='bbox 3417 2813 3507 2867; x_wconf 75' lang='grc' dir='ltr'>καὶ</span> <span class='ocrx_word' id='word_1_401' title='bbox 3538 2806 3687 2864; x_wconf 75' lang='grc' dir='ltr'>εἷπον·</span> 
     </span>
    </p>
   </div>
   <div class='ocr_carea' id='block_1_60' title="bbox 2159 2901 3696 2977">
    <p class='ocr_par' dir='ltr' id='par_1_60' title="bbox 2159 2901 3696 2977">
     <span class='ocr_line' id='line_1_60' title="bbox 2159 2901 3696 2977; baseline -0.007 -13"><span class='ocrx_word' id='word_1_402' title='bbox 2159 2907 2435 2974; x_wconf 80' lang='grc' dir='ltr'>Ἐξέλθετε</span> <span class='ocrx_word' id='word_1_403' title='bbox 2463 2907 2617 2977; x_wconf 75' lang='grc' dir='ltr'>ἔθνη,</span> <span class='ocrx_word' id='word_1_404' title='bbox 2657 2906 2898 2972; x_wconf 79' lang='grc' dir='ltr'>ὲξέλθετε</span> <span class='ocrx_word' id='word_1_405' title='bbox 2939 2906 3077 2974; x_wconf 75' lang='grc' dir='ltr'>λαοὶ,</span> <span class='ocrx_word' id='word_1_406' title='bbox 3123 2909 3222 2962; x_wconf 73' lang='grc' dir='ltr'>καὶ</span> <span class='ocrx_word' id='word_1_407' title='bbox 3247 2907 3402 2970; x_wconf 74' lang='grc' dir='ltr'>ἴδετε,</span> <span class='ocrx_word' id='word_1_408' title='bbox 3455 2904 3563 2965; x_wconf 85' lang='grc' dir='ltr'>πῶς</span> <span class='ocrx_word' id='word_1_409' title='bbox 3597 2901 3696 2962; x_wconf 79' lang='grc' dir='ltr'>ὅλος</span> 
     </span>
    </p>
   </div>
   <div class='ocr_carea' id='block_1_61' title="bbox 2160 2993 3693 3070">
    <p class='ocr_par' dir='ltr' id='par_1_61' title="bbox 2160 2993 3693 3070">
     <span class='ocr_line' id='line_1_61' title="bbox 2160 2993 3693 3070; baseline -0.005 -17"><span class='ocrx_word' id='word_1_410' title='bbox 2160 3002 2189 3053; x_wconf 86' lang='grc' dir='ltr'><strong>ό</strong></span> <span class='ocrx_word' id='word_1_411' title='bbox 2221 3000 2421 3070; x_wconf 82' lang='grc' dir='ltr'>κόσμος</span> <span class='ocrx_word' id='word_1_412' title='bbox 2445 2998 2646 3066; x_wconf 80' lang='grc' dir='ltr'>ὑπάγει</span> <span class='ocrx_word' id='word_1_413' title='bbox 2673 2999 2850 3052; x_wconf 84' lang='grc' dir='ltr'>ὀπίσω</span> <span class='ocrx_word' id='word_1_414' title='bbox 2877 2997 3068 3053; x_wconf 80' lang='grc' dir='ltr'>αὐτοῦ.</span> <span class='ocrx_word' id='word_1_415' title='bbox 3101 2999 3198 3052; x_wconf 81' lang='grc' dir='ltr'><strong>Διὸ</strong></span> <span class='ocrx_word' id='word_1_416' title='bbox 3246 2999 3342 3053; x_wconf 79' lang='grc' dir='ltr'>καὶ</span> <span class='ocrx_word' id='word_1_417' title='bbox 3371 2999 3480 3053; x_wconf 86' lang='grc' dir='ltr'>τῶν</span> <span class='ocrx_word' id='word_1_418' title='bbox 3515 2993 3693 3049; x_wconf 78' lang='grc' dir='ltr'>κλάδων</span> 
     </span>
    </p>
   </div>
   <div class='ocr_carea' id='block_1_62' title="bbox 495 3083 2059 3194">
    <p class='ocr_par' dir='ltr' id='par_1_62' title="bbox 495 3092 2056 3166">
     <span class='ocr_line' id='line_1_62' title="bbox 495 3092 2056 3166; baseline 0.009 -25"><span class='ocrx_word' id='word_1_419' title='bbox 495 3103 590 3144; x_wconf 82' lang='lat' dir='ltr'><strong>sus</strong></span> <span class='ocrx_word' id='word_1_420' title='bbox 615 3101 736 3158; x_wconf 87' lang='lat' dir='ltr'><strong>post</strong></span> <span class='ocrx_word' id='word_1_421' title='bbox 769 3107 891 3145; x_wconf 90' lang='lat' dir='ltr'><strong>eum</strong></span> <span class='ocrx_word' id='word_1_422' title='bbox 924 3092 1358 3164; x_wconf 84' lang='lat' dir='ltr'><strong>vadat.ldeoque</strong></span> <span class='ocrx_word' id='word_1_423' title='bbox 1379 3097 1739 3166; x_wconf 79' lang='lat' dir='ltr'><strong>gestationem</strong></span> <span class='ocrx_word' id='word_1_424' title='bbox 1783 3113 2056 3154; x_wconf 88' lang='lat' dir='ltr'><strong>ramorum</strong></span> 
     </span>
    </p>
   </div>
   <div class='ocr_carea' id='block_1_63' title="bbox 2162 3083 3690 3194">
    <p class='ocr_par' dir='ltr' id='par_1_63' title="bbox 2164 3083 3690 3194">
     <span class='ocr_line' id='line_1_63' title="bbox 2164 3083 3690 3194; baseline -0.014 -34"><span class='ocrx_word' id='word_1_425' title='bbox 2164 3092 2240 3164; x_wconf 83' lang='grc' dir='ltr'>μὴ</span> <span class='ocrx_word' id='word_1_426' title='bbox 2274 3091 2546 3154; x_wconf 77' lang='grc' dir='ltr'>συνιέντες</span> <span class='ocrx_word' id='word_1_427' title='bbox 2573 3091 2635 3144; x_wconf 83' lang='grc' dir='ltr'><strong>τδ</strong></span> <span class='ocrx_word' id='word_1_428' title='bbox 2661 3089 3033 3162; x_wconf 78' lang='grc' dir='ltr'>δορυφόρημα,</span> <span class='ocrx_word' id='word_1_429' title='bbox 3062 3091 3240 3146; x_wconf 75' lang='grc' dir='ltr'>Βαϐαὶ</span> <span class='ocrx_word' id='word_1_430' title='bbox 3288 3091 3426 3146; x_wconf 78' lang='grc' dir='ltr'>κατὰ</span> <span class='ocrx_word' id='word_1_431' title='bbox 3467 3083 3690 3194; x_wconf 63' lang='grc' dir='ltr'>μαινομόο</span> 
     </span>
    </p>
   </div>
   <div class='ocr_carea' id='block_1_64' title="bbox 493 3181 2054 3251">
    <p class='ocr_par' dir='ltr' id='par_1_64' title="bbox 493 3181 2054 3251">
     <span class='ocr_line' id='line_1_64' title="bbox 493 3181 2054 3251; baseline 0.008 -19"><span class='ocrx_word' id='word_1_432' title='bbox 493 3195 602 3233; x_wconf 86' lang='lat' dir='ltr'><strong>non</strong></span> <span class='ocrx_word' id='word_1_433' title='bbox 649 3181 1030 3251; x_wconf 83' lang='lat' dir='ltr'><strong>intelligentes,</strong></span> <span class='ocrx_word' id='word_1_434' title='bbox 1102 3184 1435 3240; x_wconf 77' lang='lat' dir='ltr'><strong>furiosorum</strong></span> <span class='ocrx_word' id='word_1_435' title='bbox 1500 3202 1650 3242; x_wconf 87' lang='lat' dir='ltr'><strong>more</strong></span> <span class='ocrx_word' id='word_1_436' title='bbox 1699 3188 2054 3245; x_wconf 74' lang='lat' dir='ltr'><strong>clamabant:</strong></span> 
     </span>
    </p>
   </div>
   <div class='ocr_carea' id='block_1_65' title="bbox 493 3271 2056 3343">
    <p class='ocr_par' dir='ltr' id='par_1_65' title="bbox 493 3271 2056 3343">
     <span class='ocr_line' id='line_1_65' title="bbox 493 3271 2056 3343; baseline 0.006 -17"><span class='ocrx_word' id='word_1_437' title='bbox 493 3271 672 3338; x_wconf 71' lang='lat' dir='ltr'><strong>Babae;</strong></span> <span class='ocrx_word' id='word_1_438' title='bbox 727 3274 936 3328; x_wconf 86' lang='lat' dir='ltr'><strong>seducti</strong></span> <span class='ocrx_word' id='word_1_439' title='bbox 990 3285 1114 3330; x_wconf 81' lang='lat' dir='ltr'><strong>sum</strong></span> <span class='ocrx_word' id='word_1_440' title='bbox 1174 3292 1386 3343; x_wconf 87' lang='lat' dir='ltr'><strong>omnes,</strong></span> <span class='ocrx_word' id='word_1_441' title='bbox 1443 3294 1632 3334; x_wconf 88' lang='lat' dir='ltr'><strong>omnes</strong></span> <span class='ocrx_word' id='word_1_442' title='bbox 1667 3279 1886 3334; x_wconf 87' lang='lat' dir='ltr'><strong>inutiles</strong></span> <span class='ocrx_word' id='word_1_443' title='bbox 1925 3280 2056 3335; x_wconf 84' lang='lat' dir='ltr'><strong>facti</strong></span> 
     </span>
    </p>
   </div>
   <div class='ocr_carea' id='block_1_66' title="bbox 493 3365 2058 3442">
    <p class='ocr_par' dir='ltr' id='par_1_66' title="bbox 493 3365 2058 3442">
     <span class='ocr_line' id='line_1_66' title="bbox 493 3365 2058 3442; baseline 0.008 -28"><span class='ocrx_word' id='word_1_444' title='bbox 493 3373 621 3415; x_wconf 82' lang='lat' dir='ltr'><strong>sunt</strong></span> <span class='ocrx_word' id='word_1_445' title='bbox 684 3374 738 3421; x_wconf 87' lang='lat' dir='ltr'><strong>et</strong></span> <span class='ocrx_word' id='word_1_446' title='bbox 796 3365 1148 3423; x_wconf 79' lang='lat' dir='ltr'><strong>deﬂexerunt.</strong></span> <span class='ocrx_word' id='word_1_447' title='bbox 1208 3367 1402 3424; x_wconf 86' lang='lat' dir='ltr'><strong>Proh:</strong></span> <span class='ocrx_word' id='word_1_448' title='bbox 1464 3371 1607 3440; x_wconf 85' lang='lat' dir='ltr'><strong>leges</strong></span> <span class='ocrx_word' id='word_1_449' title='bbox 1661 3379 1717 3427; x_wconf 89' lang='lat' dir='ltr'><strong>et</strong></span> <span class='ocrx_word' id='word_1_450' title='bbox 1791 3381 2058 3442; x_wconf 82' lang='lat' dir='ltr'><strong>praecepta</strong></span> 
     </span>
    </p>
   </div>
   <div class='ocr_carea' id='block_1_67' title="bbox 495 3452 2054 3528">
    <p class='ocr_par' dir='ltr' id='par_1_67' title="bbox 495 3452 2054 3528">
     <span class='ocr_line' id='line_1_67' title="bbox 495 3452 2054 3528; baseline 0.007 -23"><span class='ocrx_word' id='word_1_451' title='bbox 495 3452 732 3511; x_wconf 81' lang='lat' dir='ltr'><strong>Mosaica</strong></span> <span class='ocrx_word' id='word_1_452' title='bbox 767 3464 963 3524; x_wconf 73' lang='lat' dir='ltr'><strong>praeter</strong></span> <span class='ocrx_word' id='word_1_453' title='bbox 995 3460 1454 3528; x_wconf 80' lang='lat' dir='ltr'><strong>exspectationem</strong></span> <span class='ocrx_word' id='word_1_454' title='bbox 1486 3461 1672 3516; x_wconf 88' lang='lat' dir='ltr'><strong>baium</strong></span> <span class='ocrx_word' id='word_1_455' title='bbox 1713 3461 1870 3517; x_wconf 78' lang='lat' dir='ltr'><strong>factae</strong></span> <span class='ocrx_word' id='word_1_456' title='bbox 1906 3473 2054 3528; x_wconf 90' lang='lat' dir='ltr'><strong>sunt,</strong></span> 
     </span>
    </p>
   </div>
   <div class='ocr_carea' id='block_1_68' title="bbox 495 3543 2050 3618">
    <p class='ocr_par' dir='ltr' id='par_1_68' title="bbox 495 3543 2050 3618">
     <span class='ocr_line' id='line_1_68' title="bbox 495 3543 2050 3618; baseline 0.008 -23"><span class='ocrx_word' id='word_1_457' title='bbox 495 3543 598 3596; x_wconf 89' lang='lat' dir='ltr'><strong>hoc</strong></span> <span class='ocrx_word' id='word_1_458' title='bbox 627 3552 730 3607; x_wconf 89' lang='lat' dir='ltr'><strong>est,</strong></span> <span class='ocrx_word' id='word_1_459' title='bbox 759 3546 1056 3602; x_wconf 86' lang='lat' dir='ltr'><strong>secundum</strong></span> <span class='ocrx_word' id='word_1_460' title='bbox 1099 3551 1341 3618; x_wconf 86' lang='lat' dir='ltr'><strong>ipsorum</strong></span> <span class='ocrx_word' id='word_1_461' title='bbox 1370 3550 1656 3618; x_wconf 85' lang='lat' dir='ltr'><strong>insaniam,</strong></span> <span class='ocrx_word' id='word_1_462' title='bbox 1702 3551 1942 3607; x_wconf 88' lang='lat' dir='ltr'><strong>redactio</strong></span> <span class='ocrx_word' id='word_1_463' title='bbox 1987 3555 2050 3608; x_wconf 90' lang='lat' dir='ltr'><strong>ad</strong></span> 
     </span>
    </p>
   </div>
   <div class='ocr_carea' id='block_1_69' title="bbox 494 3632 2058 3714">
    <p class='ocr_par' dir='ltr' id='par_1_69' title="bbox 494 3632 2058 3714">
     <span class='ocr_line' id='line_1_69' title="bbox 494 3632 2058 3714; baseline 0.008 -27"><span class='ocrx_word' id='word_1_464' title='bbox 494 3632 799 3688; x_wconf 83' lang='lat' dir='ltr'><strong>interitum.</strong></span> <span class='ocrx_word' id='word_1_465' title='bbox 833 3637 906 3690; x_wconf 88' lang='lat' dir='ltr'><strong>lta</strong></span> <span class='ocrx_word' id='word_1_466' title='bbox 961 3639 1070 3706; x_wconf 89' lang='lat' dir='ltr'><strong>jam</strong></span> <span class='ocrx_word' id='word_1_467' title='bbox 1127 3649 1270 3695; x_wconf 88' lang='lat' dir='ltr'><strong>recte</strong></span> <span class='ocrx_word' id='word_1_468' title='bbox 1313 3641 1605 3709; x_wconf 88' lang='lat' dir='ltr'><strong>declarata,</strong></span> <span class='ocrx_word' id='word_1_469' title='bbox 1675 3658 1794 3698; x_wconf 87' lang='lat' dir='ltr'><strong>mea</strong></span> <span class='ocrx_word' id='word_1_470' title='bbox 1839 3644 2058 3714; x_wconf 89' lang='lat' dir='ltr'><strong>quidem</strong></span> 
     </span>
    </p>
   </div>
   <div class='ocr_carea' id='block_1_70' title="bbox 494 3725 2056 3805">
    <p class='ocr_par' dir='ltr' id='par_1_70' title="bbox 494 3725 2056 3805">
     <span class='ocr_line' id='line_1_70' title="bbox 494 3725 2056 3805; baseline 0.008 -29"><span class='ocrx_word' id='word_1_471' title='bbox 494 3725 773 3794; x_wconf 83' lang='lat' dir='ltr'><strong>opinione,</strong></span> <span class='ocrx_word' id='word_1_472' title='bbox 804 3727 1048 3782; x_wconf 81' lang='lat' dir='ltr'><strong>baiorum</strong></span> <span class='ocrx_word' id='word_1_473' title='bbox 1075 3745 1205 3786; x_wconf 89' lang='lat' dir='ltr'><strong>voce</strong></span> <span class='ocrx_word' id='word_1_474' title='bbox 1235 3771 1250 3796; x_wconf 90' lang='lat'><strong>,</strong></span> <span class='ocrx_word' id='word_1_475' title='bbox 1283 3731 1594 3798; x_wconf 87' lang='lat' dir='ltr'><strong>dicendum,</strong></span> <span class='ocrx_word' id='word_1_476' title='bbox 1653 3751 1762 3805; x_wconf 87' lang='lat' dir='ltr'><strong>quo</strong></span> <span class='ocrx_word' id='word_1_477' title='bbox 1809 3743 1971 3804; x_wconf 82' lang='lat' dir='ltr'><strong>pacto</strong></span> <span class='ocrx_word' id='word_1_478' title='bbox 1999 3744 2056 3790; x_wconf 90' lang='lat' dir='ltr'><strong>et</strong></span> 
     </span>
    </p>
   </div>
   <div class='ocr_carea' id='block_1_71' title="bbox 498 3817 2059 3894">
    <p class='ocr_par' dir='ltr' id='par_1_71' title="bbox 498 3817 2059 3894">
     <span class='ocr_line' id='line_1_71' title="bbox 498 3817 2059 3894; baseline 0.008 -26"><span class='ocrx_word' id='word_1_479' title='bbox 498 3817 852 3884; x_wconf 89' lang='lat' dir='ltr'><strong>quamobrem</strong></span> <span class='ocrx_word' id='word_1_480' title='bbox 875 3833 903 3873; x_wconf 89' lang='lat' dir='ltr'><strong>a</strong></span> <span class='ocrx_word' id='word_1_481' title='bbox 931 3822 1297 3878; x_wconf 78' lang='lat' dir='ltr'><strong>sanctissimis</strong></span> <span class='ocrx_word' id='word_1_482' title='bbox 1327 3823 1652 3894; x_wconf 89' lang='lat' dir='ltr'><strong>patriarchis</strong></span> <span class='ocrx_word' id='word_1_483' title='bbox 1671 3833 1793 3894; x_wconf 87' lang='lat' dir='ltr'><strong>post</strong></span> <span class='ocrx_word' id='word_1_484' title='bbox 1811 3826 2059 3880; x_wconf 82' lang='lat' dir='ltr'><strong>cateche-</strong></span> 
     </span>
    </p>
   </div>
   <div class='ocr_carea' id='block_1_72' title="bbox 493 3909 2063 3988">
    <p class='ocr_par' dir='ltr' id='par_1_72' title="bbox 493 3909 2063 3988">
     <span class='ocr_line' id='line_1_72' title="bbox 493 3909 2063 3988; baseline 0.008 -25"><span class='ocrx_word' id='word_1_485' title='bbox 493 3909 576 3963; x_wconf 86' lang='lat' dir='ltr'><strong>sin</strong></span> <span class='ocrx_word' id='word_1_486' title='bbox 608 3910 832 3966; x_wconf 83' lang='lat' dir='ltr'><strong>incensa</strong></span> <span class='ocrx_word' id='word_1_487' title='bbox 871 3912 1087 3979; x_wconf 86' lang='lat' dir='ltr'><strong>dentur,</strong></span> <span class='ocrx_word' id='word_1_488' title='bbox 1119 3913 1205 3970; x_wconf 91' lang='lat' dir='ltr'><strong>die</strong></span> <span class='ocrx_word' id='word_1_489' title='bbox 1230 3915 1474 3971; x_wconf 89' lang='lat' dir='ltr'><strong>baiorum</strong></span> <span class='ocrx_word' id='word_1_490' title='bbox 1497 3917 1838 3988; x_wconf 83' lang='lat' dir='ltr'><strong>gestationis,</strong></span> <span class='ocrx_word' id='word_1_491' title='bbox 1868 3933 2063 3975; x_wconf 86' lang='lat' dir='ltr'><strong>cruces</strong></span> 
     </span>
    </p>
   </div>
   <div class='ocr_carea' id='block_1_73' title="bbox 493 4001 2061 4078">
    <p class='ocr_par' dir='ltr' id='par_1_73' title="bbox 493 4001 2061 4078">
     <span class='ocr_line' id='line_1_73' title="bbox 493 4001 2061 4078; baseline 0.009 -24"><span class='ocrx_word' id='word_1_492' title='bbox 493 4008 545 4054; x_wconf 87' lang='lat' dir='ltr'><strong>et</strong></span> <span class='ocrx_word' id='word_1_493' title='bbox 571 4001 734 4064; x_wconf 87' lang='lat' dir='ltr'><strong>cerei,</strong></span> <span class='ocrx_word' id='word_1_494' title='bbox 763 4017 954 4058; x_wconf 88' lang='lat' dir='ltr'><strong>rursus</strong></span> <span class='ocrx_word' id='word_1_495' title='bbox 987 4019 1178 4073; x_wconf 85' lang='lat' dir='ltr'><strong>magna</strong></span> <span class='ocrx_word' id='word_1_496' title='bbox 1205 4005 1334 4060; x_wconf 79' lang='lat' dir='ltr'><strong>feria</strong></span> <span class='ocrx_word' id='word_1_497' title='bbox 1353 4017 1545 4077; x_wconf 88' lang='lat' dir='ltr'><strong>quarta</strong></span> <span class='ocrx_word' id='word_1_498' title='bbox 1576 4009 1722 4064; x_wconf 88' lang='lat' dir='ltr'><strong>cerei</strong></span> <span class='ocrx_word' id='word_1_499' title='bbox 1740 4018 1794 4064; x_wconf 92' lang='lat' dir='ltr'><strong>et</strong></span> <span class='ocrx_word' id='word_1_500' title='bbox 1817 4011 2061 4078; x_wconf 73' lang='lat' dir='ltr'><strong>incensa.</strong></span> 
     </span>
    </p>
   </div>
   <div class='ocr_carea' id='block_1_74' title="bbox 495 4085 1884 4166">
    <p class='ocr_par' dir='ltr' id='par_1_74' title="bbox 495 4085 1884 4166">
     <span class='ocr_line' id='line_1_74' title="bbox 495 4085 1884 4166; baseline 0.009 -27"><span class='ocrx_word' id='word_1_501' title='bbox 495 4085 582 4140; x_wconf 83' lang='lat' dir='ltr'><strong>die</strong></span> <span class='ocrx_word' id='word_1_502' title='bbox 604 4088 776 4141; x_wconf 87' lang='lat' dir='ltr'><strong>sancti</strong></span> <span class='ocrx_word' id='word_1_503' title='bbox 808 4085 1088 4147; x_wconf 86' lang='lat' dir='ltr'><strong>Paschatis</strong></span> <span class='ocrx_word' id='word_1_504' title='bbox 1128 4094 1482 4150; x_wconf 85' lang='lat' dir='ltr'><strong>salutationes</strong></span> <span class='ocrx_word' id='word_1_505' title='bbox 1511 4105 1564 4150; x_wconf 89' lang='lat' dir='ltr'><strong>et</strong></span> <span class='ocrx_word' id='word_1_506' title='bbox 1603 4097 1884 4166; x_wconf 89' lang='lat' dir='ltr'><strong>trieipitia.</strong></span> 
     </span>
    </p>
   </div>
   <div class='ocr_carea' id='block_1_75' title="bbox 570 4177 2061 4252">
    <p class='ocr_par' dir='ltr' id='par_1_75' title="bbox 570 4177 2061 4252">
     <span class='ocr_line' id='line_1_75' title="bbox 570 4177 2061 4252; baseline 0.009 -22"><span class='ocrx_word' id='word_1_507' title='bbox 570 4177 812 4233; x_wconf 87' lang='lat' dir='ltr'><strong>Dicimus</strong></span> <span class='ocrx_word' id='word_1_508' title='bbox 872 4196 1024 4248; x_wconf 82' lang='lat' dir='ltr'><strong>ergo,</strong></span> <span class='ocrx_word' id='word_1_509' title='bbox 1065 4183 1210 4252; x_wconf 92' lang='lat' dir='ltr'><strong>quod</strong></span> <span class='ocrx_word' id='word_1_510' title='bbox 1273 4201 1397 4239; x_wconf 88' lang='lat' dir='ltr'><strong>cum</strong></span> <span class='ocrx_word' id='word_1_511' title='bbox 1428 4188 1577 4240; x_wconf 85' lang='lat' dir='ltr'><strong>natio</strong></span> <span class='ocrx_word' id='word_1_512' title='bbox 1625 4187 1940 4243; x_wconf 83' lang='lat' dir='ltr'><strong>Judaeorum</strong></span> <span class='ocrx_word' id='word_1_513' title='bbox 1994 4191 2061 4244; x_wconf 85' lang='lat' dir='ltr'><strong>ad</strong></span> 
     </span>
    </p>
   </div>
   <div class='ocr_carea' id='block_1_76' title="bbox 495 4267 2058 4346">
    <p class='ocr_par' dir='ltr' id='par_1_76' title="bbox 495 4267 2058 4346">
     <span class='ocr_line' id='line_1_76' title="bbox 495 4267 2058 4346; baseline 0.009 -26"><span class='ocrx_word' id='word_1_514' title='bbox 495 4267 674 4322; x_wconf 88' lang='lat' dir='ltr'><strong>lucem</strong></span> <span class='ocrx_word' id='word_1_515' title='bbox 696 4271 1051 4338; x_wconf 82' lang='lat' dir='ltr'><strong>caecutiverit,</strong></span> <span class='ocrx_word' id='word_1_516' title='bbox 1085 4281 1139 4328; x_wconf 92' lang='lat' dir='ltr'><strong>et</strong></span> <span class='ocrx_word' id='word_1_517' title='bbox 1165 4275 1392 4331; x_wconf 90' lang='lat' dir='ltr'><strong>salutem</strong></span> <span class='ocrx_word' id='word_1_518' title='bbox 1420 4277 1774 4346; x_wconf 82' lang='lat' dir='ltr'><strong>appellaverit</strong></span> <span class='ocrx_word' id='word_1_519' title='bbox 1805 4280 2058 4344; x_wconf 77' lang='lat' dir='ltr'><strong>exitium,</strong></span> 
     </span>
    </p>
   </div>
   <div class='ocr_carea' id='block_1_77' title="bbox 494 4359 2061 4436">
    <p class='ocr_par' dir='ltr' id='par_1_77' title="bbox 494 4359 2061 4436">
     <span class='ocr_line' id='line_1_77' title="bbox 494 4359 2061 4436; baseline 0.011 -28"><span class='ocrx_word' id='word_1_520' title='bbox 494 4359 643 4412; x_wconf 82' lang='lat' dir='ltr'><strong>velut</strong></span> <span class='ocrx_word' id='word_1_521' title='bbox 691 4359 987 4416; x_wconf 82' lang='lat' dir='ltr'><strong>indicatum</strong></span> <span class='ocrx_word' id='word_1_522' title='bbox 1045 4373 1131 4419; x_wconf 89' lang='lat' dir='ltr'><strong>est</strong></span> <span class='ocrx_word' id='word_1_523' title='bbox 1179 4366 1340 4428; x_wconf 86' lang='lat' dir='ltr'><strong>(solet</strong></span> <span class='ocrx_word' id='word_1_524' title='bbox 1418 4368 1563 4422; x_wconf 88' lang='lat' dir='ltr'><strong>enim</strong></span> <span class='ocrx_word' id='word_1_525' title='bbox 1612 4371 1931 4436; x_wconf 86' lang='lat' dir='ltr'><strong>usuvenire,</strong></span> <span class='ocrx_word' id='word_1_526' title='bbox 2000 4379 2061 4426; x_wconf 89' lang='lat' dir='ltr'><strong>ut</strong></span> 
     </span>
    </p>
   </div>
   <div class='ocr_carea' id='block_1_78' title="bbox 2159 3177 3692 3254">
    <p class='ocr_par' dir='ltr' id='par_1_78' title="bbox 2159 3177 3692 3254">
     <span class='ocr_line' id='line_1_78' title="bbox 2159 3177 3692 3254; baseline -0.003 -16"><span class='ocrx_word' id='word_1_527' title='bbox 2159 3201 2283 3248; x_wconf 89' lang='grc' dir='ltr'>νους</span> <span class='ocrx_word' id='word_1_528' title='bbox 2312 3184 2564 3253; x_wconf 71' lang='grc' dir='ltr'>ἐϐόησαν,</span> <span class='ocrx_word' id='word_1_529' title='bbox 2614 3182 2781 3252; x_wconf 70' lang='grc' dir='ltr'>βαϐαὶ</span> <span class='ocrx_word' id='word_1_530' title='bbox 2834 3183 3031 3247; x_wconf 81' lang='grc' dir='ltr'>πάντες</span> <span class='ocrx_word' id='word_1_531' title='bbox 3079 3184 3474 3254; x_wconf 85' lang='grc' dir='ltr'>πεπλάνηνται,</span> <span class='ocrx_word' id='word_1_532' title='bbox 3523 3177 3692 3234; x_wconf 75' lang='grc' dir='ltr'>πάντες</span> 
     </span>
    </p>
   </div>
   <div class='ocr_carea' id='block_1_79' title="bbox 2161 3265 3692 3343">
    <p class='ocr_par' dir='ltr' id='par_1_79' title="bbox 2161 3265 3692 3343">
     <span class='ocr_line' id='line_1_79' title="bbox 2161 3265 3692 3343; baseline -0.008 -17"><span class='ocrx_word' id='word_1_533' title='bbox 2161 3272 2540 3343; x_wconf 76' lang='grc' dir='ltr'>ἡχρειώθησαν</span> <span class='ocrx_word' id='word_1_534' title='bbox 2564 3273 2659 3326; x_wconf 77' lang='grc' dir='ltr'>καὶ</span> <span class='ocrx_word' id='word_1_535' title='bbox 2689 3271 2986 3337; x_wconf 78' lang='grc' dir='ltr'>ἐξέκλιναν.</span> <span class='ocrx_word' id='word_1_536' title='bbox 3040 3271 3218 3328; x_wconf 77' lang='grc' dir='ltr'>Βαϐαὶ</span> <span class='ocrx_word' id='word_1_537' title='bbox 3269 3273 3376 3326; x_wconf 86' lang='grc' dir='ltr'><strong>τῶν</strong></span> <span class='ocrx_word' id='word_1_538' title='bbox 3419 3265 3692 3326; x_wconf 83' lang='grc' dir='ltr'>Μωσαῖκῶν</span> 
     </span>
    </p>
   </div>
   <div class='ocr_carea' id='block_1_80' title="bbox 2162 3357 3692 3432">
    <p class='ocr_par' dir='ltr' id='par_1_80' title="bbox 2162 3357 3692 3432">
     <span class='ocr_line' id='line_1_80' title="bbox 2162 3357 3692 3432; baseline -0.005 -18"><span class='ocrx_word' id='word_1_539' title='bbox 2162 3361 2569 3432; x_wconf 82' lang='grc' dir='ltr'>παραγγελιῶν,</span> <span class='ocrx_word' id='word_1_540' title='bbox 2607 3361 2756 3432; x_wconf 80' lang='grc' dir='ltr'>βαῒον</span> <span class='ocrx_word' id='word_1_541' title='bbox 2780 3362 3188 3432; x_wconf 78' lang='grc' dir='ltr'>ἀπροσδόκητον</span> <span class='ocrx_word' id='word_1_542' title='bbox 3221 3363 3430 3432; x_wconf 75' lang='grc' dir='ltr'>γέγονε,</span> <span class='ocrx_word' id='word_1_543' title='bbox 3480 3357 3692 3412; x_wconf 78' lang='grc' dir='ltr'>τουτέστι</span> 
     </span>
    </p>
   </div>
   <div class='ocr_carea' id='block_1_81' title="bbox 2160 3449 3695 3525">
    <p class='ocr_par' dir='ltr' id='par_1_81' title="bbox 2160 3449 3695 3525">
     <span class='ocr_line' id='line_1_81' title="bbox 2160 3449 3695 3525; baseline -0.006 -18"><span class='ocrx_word' id='word_1_544' title='bbox 2160 3454 2300 3507; x_wconf 76' lang='grc' dir='ltr'>κατὰ</span> <span class='ocrx_word' id='word_1_545' title='bbox 2357 3453 2455 3525; x_wconf 84' lang='grc' dir='ltr'>τὴν</span> <span class='ocrx_word' id='word_1_546' title='bbox 2500 3453 2706 3507; x_wconf 79' lang='grc' dir='ltr'>τούτων</span> <span class='ocrx_word' id='word_1_547' title='bbox 2754 3454 3012 3509; x_wconf 82' lang='grc' dir='ltr'>ἀπόνοιαν</span> <span class='ocrx_word' id='word_1_548' title='bbox 3041 3493 3056 3517; x_wconf 91' lang='grc'><strong>,</strong></span> <span class='ocrx_word' id='word_1_549' title='bbox 3117 3451 3404 3525; x_wconf 79' lang='grc' dir='ltr'>μεταφορὰ</span> <span class='ocrx_word' id='word_1_550' title='bbox 3447 3449 3572 3520; x_wconf 82' lang='grc' dir='ltr'>πρὸς</span> <span class='ocrx_word' id='word_1_551' title='bbox 3606 3449 3695 3499; x_wconf 83' lang='grc' dir='ltr'>άπ-</span> 
     </span>
    </p>
   </div>
   <div class='ocr_carea' id='block_1_82' title="bbox 2159 3535 3692 3616">
    <p class='ocr_par' dir='ltr' id='par_1_82' title="bbox 2159 3535 3692 3616">
     <span class='ocr_line' id='line_1_82' title="bbox 2159 3535 3692 3616; baseline -0.003 -17"><span class='ocrx_word' id='word_1_552' title='bbox 2159 3544 2376 3600; x_wconf 83' lang='grc' dir='ltr'>ώλειαν.</span> <span class='ocrx_word' id='word_1_553' title='bbox 2406 3544 2563 3600; x_wconf 80' lang='grc' dir='ltr'>Οὕτω</span> <span class='ocrx_word' id='word_1_554' title='bbox 2595 3544 2778 3608; x_wconf 81' lang='grc' dir='ltr'>καλῶς</span> <span class='ocrx_word' id='word_1_555' title='bbox 2823 3544 3273 3616; x_wconf 79' lang='grc' dir='ltr'>σαφηνισθείσης,</span> <span class='ocrx_word' id='word_1_556' title='bbox 3301 3544 3374 3607; x_wconf 83' lang='grc' dir='ltr'>ὡς</span> <span class='ocrx_word' id='word_1_557' title='bbox 3401 3541 3588 3609; x_wconf 75' lang='grc' dir='ltr'>οἴομαι,</span> <span class='ocrx_word' id='word_1_558' title='bbox 3612 3535 3692 3601; x_wconf 79' lang='grc' dir='ltr'><strong>τῆς</strong></span> 
     </span>
    </p>
   </div>
   <div class='ocr_carea' id='block_1_83' title="bbox 2159 3623 3690 3708">
    <p class='ocr_par' dir='ltr' id='par_1_83' title="bbox 2159 3623 3690 3708">
     <span class='ocr_line' id='line_1_83' title="bbox 2159 3623 3690 3708; baseline -0.012 -15"><span class='ocrx_word' id='word_1_559' title='bbox 2159 3636 2266 3705; x_wconf 76' lang='grc' dir='ltr'><strong>τῶν</strong></span> <span class='ocrx_word' id='word_1_560' title='bbox 2302 3637 2469 3707; x_wconf 85' lang='grc' dir='ltr'><strong>βαῖων</strong></span> <span class='ocrx_word' id='word_1_561' title='bbox 2499 3637 2705 3707; x_wconf 81' lang='grc' dir='ltr'>φωνῆς,</span> <span class='ocrx_word' id='word_1_562' title='bbox 2739 3636 2931 3708; x_wconf 79' lang='grc' dir='ltr'>ῥητέον</span> <span class='ocrx_word' id='word_1_563' title='bbox 2959 3637 3108 3699; x_wconf 82' lang='grc' dir='ltr'>ὅπως</span> <span class='ocrx_word' id='word_1_564' title='bbox 3131 3637 3231 3692; x_wconf 81' lang='grc' dir='ltr'>καὶ</span> <span class='ocrx_word' id='word_1_565' title='bbox 3258 3634 3396 3689; x_wconf 86' lang='grc' dir='ltr'>διατί</span> <span class='ocrx_word' id='word_1_566' title='bbox 3427 3629 3566 3700; x_wconf 79' lang='grc' dir='ltr'>παρὰ</span> <span class='ocrx_word' id='word_1_567' title='bbox 3599 3623 3690 3678; x_wconf 83' lang='grc' dir='ltr'>τῶν</span> 
     </span>
    </p>
   </div>
   <div class='ocr_carea' id='block_1_84' title="bbox 2161 3717 3692 3798">
    <p class='ocr_par' dir='ltr' id='par_1_84' title="bbox 2161 3717 3692 3798">
     <span class='ocr_line' id='line_1_84' title="bbox 2161 3717 3692 3798; baseline -0.007 -17"><span class='ocrx_word' id='word_1_568' title='bbox 2161 3727 2481 3797; x_wconf 80' lang='grc' dir='ltr'>ἁγιωτάτων</span> <span class='ocrx_word' id='word_1_569' title='bbox 2530 3725 2886 3798; x_wconf 86' lang='grc' dir='ltr'>πατριαρχῶν</span> <span class='ocrx_word' id='word_1_570' title='bbox 2935 3725 3073 3794; x_wconf 86' lang='grc' dir='ltr'>μετὰ</span> <span class='ocrx_word' id='word_1_571' title='bbox 3096 3726 3197 3796; x_wconf 81' lang='grc' dir='ltr'>τὴν</span> <span class='ocrx_word' id='word_1_572' title='bbox 3236 3725 3526 3794; x_wconf 83' lang='grc' dir='ltr'>κατήχησιν</span> <span class='ocrx_word' id='word_1_573' title='bbox 3555 3717 3692 3784; x_wconf 72' lang='grc' dir='ltr'>θυμιν</span> 
     </span>
    </p>
   </div>
   <div class='ocr_carea' id='block_1_85' title="bbox 2161 3801 3690 3889">
    <p class='ocr_par' dir='ltr' id='par_1_85' title="bbox 2161 3801 3690 3889">
     <span class='ocr_line' id='line_1_85' title="bbox 2161 3801 3690 3889; baseline -0.009 -16"><span class='ocrx_word' id='word_1_574' title='bbox 2161 3820 2346 3889; x_wconf 83' lang='grc' dir='ltr'>άματα</span> <span class='ocrx_word' id='word_1_575' title='bbox 2393 3817 2648 3880; x_wconf 85' lang='grc' dir='ltr'>δίδονται,</span> <span class='ocrx_word' id='word_1_576' title='bbox 2697 3819 2840 3872; x_wconf 75' lang='grc' dir='ltr'>κατὰ</span> <span class='ocrx_word' id='word_1_577' title='bbox 2886 3816 2986 3888; x_wconf 77' lang='grc' dir='ltr'>τὴν</span> <span class='ocrx_word' id='word_1_578' title='bbox 3036 3817 3322 3887; x_wconf 83' lang='grc' dir='ltr'>βαῖοφόρον</span> <span class='ocrx_word' id='word_1_579' title='bbox 3353 3810 3563 3879; x_wconf 82' lang='grc' dir='ltr'>σταυροὶ</span> <span class='ocrx_word' id='word_1_580' title='bbox 3612 3801 3690 3856; x_wconf 69' lang='grc' dir='ltr'><strong>καὶ</strong></span> 
     </span>
    </p>
   </div>
   <div class='ocr_carea' id='block_1_86' title="bbox 2162 3894 3689 3981">
    <p class='ocr_par' dir='ltr' id='par_1_86' title="bbox 2162 3894 3689 3981">
     <span class='ocr_line' id='line_1_86' title="bbox 2162 3894 3689 3981; baseline -0.006 -17"><span class='ocrx_word' id='word_1_581' title='bbox 2162 3910 2350 3981; x_wconf 86' lang='grc' dir='ltr'>κηρία,</span> <span class='ocrx_word' id='word_1_582' title='bbox 2391 3909 2486 3964; x_wconf 74' lang='grc' dir='ltr'>καὶ</span> <span class='ocrx_word' id='word_1_583' title='bbox 2513 3903 2669 3972; x_wconf 82' lang='grc' dir='ltr'>αὖθις</span> <span class='ocrx_word' id='word_1_584' title='bbox 2691 3907 2832 3962; x_wconf 74' lang='grc' dir='ltr'>κατὰ</span> <span class='ocrx_word' id='word_1_585' title='bbox 2867 3909 2965 3978; x_wconf 82' lang='grc' dir='ltr'>τὴν</span> <span class='ocrx_word' id='word_1_586' title='bbox 3001 3907 3248 3979; x_wconf 83' lang='grc' dir='ltr'>μεγάλην</span> <span class='ocrx_word' id='word_1_587' title='bbox 3281 3903 3503 3977; x_wconf 80' lang='grc' dir='ltr'>τετράδα</span> <span class='ocrx_word' id='word_1_588' title='bbox 3548 3894 3689 3965; x_wconf 79' lang='grc' dir='ltr'>κηρία</span> 
     </span>
    </p>
   </div>
   <div class='ocr_carea' id='block_1_87' title="bbox 2170 3983 3688 4072">
    <p class='ocr_par' dir='ltr' id='par_1_87' title="bbox 2170 3983 3688 4072">
     <span class='ocr_line' id='line_1_87' title="bbox 2170 3983 3688 4072; baseline -0.001 -17"><span class='ocrx_word' id='word_1_589' title='bbox 2170 4006 2266 4056; x_wconf 77' lang='grc' dir='ltr'>καὶ</span> <span class='ocrx_word' id='word_1_590' title='bbox 2285 3999 2631 4072; x_wconf 86' lang='grc' dir='ltr'>θυμιάματα,</span> <span class='ocrx_word' id='word_1_591' title='bbox 2663 3999 2758 4053; x_wconf 83' lang='grc' dir='ltr'>καὶ</span> <span class='ocrx_word' id='word_1_592' title='bbox 2795 3999 2937 4053; x_wconf 87' lang='grc' dir='ltr'>κατὰ</span> <span class='ocrx_word' id='word_1_593' title='bbox 2958 3998 3017 4053; x_wconf 79' lang='grc' dir='ltr'>τὸ</span> <span class='ocrx_word' id='word_1_594' title='bbox 3043 3998 3201 4067; x_wconf 81' lang='grc' dir='ltr'>ἆγιον</span> <span class='ocrx_word' id='word_1_595' title='bbox 3224 3999 3410 4066; x_wconf 81' lang='grc' dir='ltr'>Πάσχα</span> <span class='ocrx_word' id='word_1_596' title='bbox 3443 3983 3688 4054; x_wconf 66' lang='grc' dir='ltr'>ἁσπαδμίλ</span> 
     </span>
    </p>
   </div>
   <div class='ocr_carea' id='block_1_88' title="bbox 2161 4092 2598 4164">
    <p class='ocr_par' dir='ltr' id='par_1_88' title="bbox 2161 4092 2598 4164">
     <span class='ocr_line' id='line_1_88' title="bbox 2161 4092 2598 4164; baseline -0.002 -16"><span class='ocrx_word' id='word_1_597' title='bbox 2161 4093 2257 4149; x_wconf 81' lang='grc' dir='ltr'>καὶ</span> <span class='ocrx_word' id='word_1_598' title='bbox 2276 4092 2598 4164; x_wconf 86' lang='grc' dir='ltr'>τρικέφαλα.</span> 
     </span>
    </p>
   </div>
   <div class='ocr_carea' id='block_1_89' title="bbox 2231 4162 3689 4251">
    <p class='ocr_par' dir='ltr' id='par_1_89' title="bbox 2231 4162 3689 4251">
     <span class='ocr_line' id='line_1_89' title="bbox 2231 4162 3689 4251; baseline -0.014 -12"><span class='ocrx_word' id='word_1_599' title='bbox 2231 4162 2414 4251; x_wconf 78' lang='grc' dir='ltr'>Φαμὲν</span> <span class='ocrx_word' id='word_1_600' title='bbox 2446 4183 2648 4245; x_wconf 80' lang='grc' dir='ltr'>τοίνυν,</span> <span class='ocrx_word' id='word_1_601' title='bbox 2679 4179 2755 4246; x_wconf 86' lang='grc' dir='ltr'><strong>ὡς</strong></span> <span class='ocrx_word' id='word_1_602' title='bbox 2787 4178 2880 4233; x_wconf 81' lang='grc' dir='ltr'><strong>τοῦ</strong></span> <span class='ocrx_word' id='word_1_603' title='bbox 2899 4179 3091 4249; x_wconf 78' lang='grc' dir='ltr'>γένους</span> <span class='ocrx_word' id='word_1_604' title='bbox 3127 4179 3238 4232; x_wconf 84' lang='grc' dir='ltr'><strong>τῶν</strong></span> <span class='ocrx_word' id='word_1_605' title='bbox 3286 4173 3538 4230; x_wconf 72' lang='grc' dir='ltr'>Ἰουδαίων</span> <span class='ocrx_word' id='word_1_606' title='bbox 3574 4162 3689 4233; x_wconf 79' lang='grc' dir='ltr'>πρὸς</span> 
     </span>
    </p>
   </div>
   <div class='ocr_carea' id='block_1_90' title="bbox 2162 4257 3688 4342">
    <p class='ocr_par' dir='ltr' id='par_1_90' title="bbox 2162 4257 3688 4342">
     <span class='ocr_line' id='line_1_90' title="bbox 2162 4257 3688 4342; baseline -0.012 -14"><span class='ocrx_word' id='word_1_607' title='bbox 2162 4273 2222 4327; x_wconf 83' lang='grc' dir='ltr'>τὸ</span> <span class='ocrx_word' id='word_1_608' title='bbox 2250 4272 2364 4342; x_wconf 80' lang='grc' dir='ltr'><strong>φῶς</strong></span> <span class='ocrx_word' id='word_1_609' title='bbox 2396 4271 2833 4342; x_wconf 82' lang='grc' dir='ltr'>ἀϐλεπτήσαντος</span> <span class='ocrx_word' id='word_1_610' title='bbox 2853 4311 2869 4334; x_wconf 91' lang='grc'><strong>,</strong></span> <span class='ocrx_word' id='word_1_611' title='bbox 2918 4271 3012 4325; x_wconf 78' lang='grc' dir='ltr'>καὶ</span> <span class='ocrx_word' id='word_1_612' title='bbox 3042 4270 3139 4341; x_wconf 79' lang='grc' dir='ltr'>τὴν</span> <span class='ocrx_word' id='word_1_613' title='bbox 3179 4269 3448 4340; x_wconf 88' lang='grc' dir='ltr'>σωτηρίαν</span> <span class='ocrx_word' id='word_1_614' title='bbox 3476 4257 3688 4316; x_wconf 77' lang='grc' dir='ltr'>πανωλεο</span> 
     </span>
    </p>
   </div>
   <div class='ocr_carea' id='block_1_91' title="bbox 2165 4353 3686 4442">
    <p class='ocr_par' dir='ltr' id='par_1_91' title="bbox 2165 4353 3686 4442">
     <span class='ocr_line' id='line_1_91' title="bbox 2165 4353 3686 4442; baseline -0.003 -17"><span class='ocrx_word' id='word_1_615' title='bbox 2165 4371 2319 4442; x_wconf 79' lang='grc' dir='ltr'>Θρίαν</span> <span class='ocrx_word' id='word_1_616' title='bbox 2369 4369 2862 4440; x_wconf 73' lang='grc' dir='ltr'>κατονομάσαντος,</span> <span class='ocrx_word' id='word_1_617' title='bbox 2921 4367 2998 4432; x_wconf 85' lang='grc' dir='ltr'><strong>ὡς</strong></span> <span class='ocrx_word' id='word_1_618' title='bbox 3045 4369 3371 4440; x_wconf 86' lang='grc' dir='ltr'>διείληπται,</span> <span class='ocrx_word' id='word_1_619' title='bbox 3426 4363 3553 4426; x_wconf 82' lang='grc' dir='ltr'>(τοῖς</span> <span class='ocrx_word' id='word_1_620' title='bbox 3597 4353 3686 4442; x_wconf 58' lang='grc' dir='ltr'>γᾷρ</span> 
     </span>
    </p>
   </div>
   <div class='ocr_carea' id='block_1_92' title="bbox 495 4441 2059 4534">
    <p class='ocr_par' dir='ltr' id='par_1_92' title="bbox 495 4459 2059 4530">
     <span class='ocr_line' id='line_1_92' title="bbox 495 4459 2059 4530; baseline 0.007 -18"><span class='ocrx_word' id='word_1_621' title='bbox 495 4459 758 4528; x_wconf 86' lang='lat' dir='ltr'><strong>aurugine</strong></span> <span class='ocrx_word' id='word_1_622' title='bbox 815 4461 1186 4518; x_wconf 88' lang='lat' dir='ltr'><strong>laborantibus</strong></span> <span class='ocrx_word' id='word_1_623' title='bbox 1223 4465 1327 4519; x_wconf 92' lang='lat' dir='ltr'><strong>mel</strong></span> <span class='ocrx_word' id='word_1_624' title='bbox 1362 4465 1433 4518; x_wconf 92' lang='lat' dir='ltr'><strong>sit</strong></span> <span class='ocrx_word' id='word_1_625' title='bbox 1469 4465 1736 4529; x_wconf 88' lang='lat' dir='ltr'><strong>amarum)</strong></span> <span class='ocrx_word' id='word_1_626' title='bbox 1768 4504 1783 4530; x_wconf 89' lang='lat'><strong>,</strong></span> <span class='ocrx_word' id='word_1_627' title='bbox 1849 4482 1949 4522; x_wconf 88' lang='lat' dir='ltr'><strong>nos</strong></span> <span class='ocrx_word' id='word_1_628' title='bbox 1981 4469 2059 4523; x_wconf 85' lang='lat' dir='ltr'><strong>eis</strong></span> 
     </span>
    </p>
   </div>
   <div class='ocr_carea' id='block_1_93' title="bbox 2162 4441 3686 4534">
    <p class='ocr_par' dir='ltr' id='par_1_93' title="bbox 2167 4441 3686 4534">
     <span class='ocr_line' id='line_1_93' title="bbox 2167 4441 3686 4534; baseline -0.015 -17"><span class='ocrx_word' id='word_1_629' title='bbox 2167 4441 2444 4534; x_wconf 73' lang='grc' dir='ltr'>ἰκτεριῶσι</span> <span class='ocrx_word' id='word_1_630' title='bbox 2468 4461 2530 4514; x_wconf 78' lang='grc' dir='ltr'><strong>τὸ</strong></span> <span class='ocrx_word' id='word_1_631' title='bbox 2558 4461 2681 4530; x_wconf 83' lang='grc' dir='ltr'>μέλι</span> <span class='ocrx_word' id='word_1_632' title='bbox 2705 4459 2900 4530; x_wconf 84' lang='grc' dir='ltr'>πικρόν</span> <span class='ocrx_word' id='word_1_633' title='bbox 2919 4457 3111 4530; x_wconf 68' lang='grc' dir='ltr'>ἐστιν),</span> <span class='ocrx_word' id='word_1_634' title='bbox 3145 4461 3306 4530; x_wconf 80' lang='grc' dir='ltr'>ἡμεῖς</span> <span class='ocrx_word' id='word_1_635' title='bbox 3321 4451 3568 4510; x_wconf 82' lang='grc' dir='ltr'>τάναντία</span> <span class='ocrx_word' id='word_1_636' title='bbox 3581 4441 3686 4498; x_wconf 67' lang='lat' dir='ltr'><strong>rati-</strong></span> 
     </span>
    </p>
   </div>
   <div class='ocr_carea' id='block_1_94' title="bbox 433 4549 2058 4628">
    <p class='ocr_par' dir='ltr' id='par_1_94' title="bbox 433 4549 2058 4628">
     <span class='ocr_line' id='line_1_94' title="bbox 433 4549 2058 4628; baseline 0.009 -29"><span class='ocrx_word' id='word_1_637' title='bbox 433 4578 447 4599; x_wconf 54' lang='grc' dir='ltr'>κ.</span> <span class='ocrx_word' id='word_1_638' title='bbox 498 4549 778 4603; x_wconf 87' lang='lat' dir='ltr'><strong>contraria</strong></span> <span class='ocrx_word' id='word_1_639' title='bbox 845 4555 1144 4609; x_wconf 82' lang='lat' dir='ltr'><strong>sentientes</strong></span> <span class='ocrx_word' id='word_1_640' title='bbox 1197 4562 1249 4608; x_wconf 86' lang='lat' dir='ltr'><strong>et</strong></span> <span class='ocrx_word' id='word_1_641' title='bbox 1302 4553 1579 4619; x_wconf 76' lang='lat' dir='ltr'><strong>facientes,</strong></span> <span class='ocrx_word' id='word_1_642' title='bbox 1606 4556 1829 4628; x_wconf 87' lang='lat' dir='ltr'><strong>(quippe</strong></span> <span class='ocrx_word' id='word_1_643' title='bbox 1887 4557 2058 4614; x_wconf 88' lang='lat' dir='ltr'><strong>solem</strong></span> 
     </span>
    </p>
   </div>
   <div class='ocr_carea' id='block_1_95' title="bbox 496 4642 2058 4716">
    <p class='ocr_par' dir='ltr' id='par_1_95' title="bbox 496 4642 2058 4716">
     <span class='ocr_line' id='line_1_95' title="bbox 496 4642 2058 4716; baseline 0.006 -23"><span class='ocrx_word' id='word_1_644' title='bbox 496 4655 604 4693; x_wconf 88' lang='lat' dir='ltr'><strong>non</strong></span> <span class='ocrx_word' id='word_1_645' title='bbox 638 4642 1060 4698; x_wconf 86' lang='lat' dir='ltr'><strong>conniventibus</strong></span> <span class='ocrx_word' id='word_1_646' title='bbox 1086 4646 1264 4700; x_wconf 87' lang='lat' dir='ltr'><strong>oculis</strong></span> <span class='ocrx_word' id='word_1_647' title='bbox 1299 4645 1752 4716; x_wconf 85' lang='lat' dir='ltr'><strong>intuemur),cum</strong></span> <span class='ocrx_word' id='word_1_648' title='bbox 1779 4663 2058 4703; x_wconf 89' lang='lat' dir='ltr'><strong>ramorum</strong></span> 
     </span>
    </p>
   </div>
   <div class='ocr_carea' id='block_1_96' title="bbox 493 4734 2058 4800">
    <p class='ocr_par' dir='ltr' id='par_1_96' title="bbox 493 4734 2058 4800">
     <span class='ocr_line' id='line_1_96' title="bbox 493 4734 2058 4800; baseline 0.005 -14"><span class='ocrx_word' id='word_1_649' title='bbox 493 4734 794 4800; x_wconf 81' lang='lat' dir='ltr'><strong>gestatione</strong></span> <span class='ocrx_word' id='word_1_650' title='bbox 853 4743 1167 4792; x_wconf 66' lang='lat' dir='ltr'><strong>conventus</strong></span> <span class='ocrx_word' id='word_1_651' title='bbox 1234 4737 1570 4794; x_wconf 75' lang='lat' dir='ltr'><strong>celebremus</strong></span> <span class='ocrx_word' id='word_1_652' title='bbox 1651 4745 1708 4794; x_wconf 87' lang='lat' dir='ltr'><strong>ct</strong></span> <span class='ocrx_word' id='word_1_653' title='bbox 1794 4739 2058 4797; x_wconf 85' lang='lat' dir='ltr'><strong>insaniam</strong></span> 
     </span>
    </p>
   </div>
   <div class='ocr_carea' id='block_1_97' title="bbox 497 4823 2084 4899">
    <p class='ocr_par' dir='ltr' id='par_1_97' title="bbox 497 4823 2084 4899">
     <span class='ocr_line' id='line_1_97' title="bbox 497 4823 2084 4899; baseline 0.006 -23"><span class='ocrx_word' id='word_1_654' title='bbox 497 4823 738 4892; x_wconf 88' lang='lat' dir='ltr'><strong>ipsorum</strong></span> <span class='ocrx_word' id='word_1_655' title='bbox 795 4827 942 4881; x_wconf 85' lang='lat' dir='ltr'><strong>velut</strong></span> <span class='ocrx_word' id='word_1_656' title='bbox 1001 4827 1055 4882; x_wconf 85' lang='lat' dir='ltr'><strong>in</strong></span> <span class='ocrx_word' id='word_1_657' title='bbox 1091 4828 1366 4898; x_wconf 88' lang='lat' dir='ltr'><strong>trittmpho</strong></span> <span class='ocrx_word' id='word_1_658' title='bbox 1410 4830 1759 4899; x_wconf 81' lang='lat' dir='ltr'><strong>spectandam</strong></span> <span class='ocrx_word' id='word_1_659' title='bbox 1786 4829 2084 4887; x_wconf 41' lang='lat' dir='ltr'><strong>exhibeo?</strong></span> 
     </span>
    </p>
   </div>
   <div class='ocr_carea' id='block_1_98' title="bbox 496 4918 2060 4993">
    <p class='ocr_par' dir='ltr' id='par_1_98' title="bbox 496 4918 2060 4993">
     <span class='ocr_line' id='line_1_98' title="bbox 496 4918 2060 4993; baseline 0.006 -26"><span class='ocrx_word' id='word_1_660' title='bbox 496 4925 579 4972; x_wconf 84' lang='lat' dir='ltr'><strong>tes</strong></span> <span class='ocrx_word' id='word_1_661' title='bbox 606 4918 757 4980; x_wconf 79' lang='lat' dir='ltr'><strong>(facti</strong></span> <span class='ocrx_word' id='word_1_662' title='bbox 784 4921 1069 4974; x_wconf 88' lang='lat' dir='ltr'><strong>suntcnim</strong></span> <span class='ocrx_word' id='word_1_663' title='bbox 1117 4921 1485 4988; x_wconf 86' lang='lat' dir='ltr'><strong>spectaculum</strong></span> <span class='ocrx_word' id='word_1_664' title='bbox 1527 4921 1886 4993; x_wconf 82' lang='lat' dir='ltr'><strong>mortalibus),</strong></span> <span class='ocrx_word' id='word_1_665' title='bbox 1923 4937 2060 4976; x_wconf 73' lang='lat' dir='ltr'><strong>corr—</strong></span> 
     </span>
    </p>
   </div>
   <div class='ocr_carea' id='block_1_99' title="bbox 498 5008 2057 5081">
    <p class='ocr_par' dir='ltr' id='par_1_99' title="bbox 498 5008 2057 5081">
     <span class='ocr_line' id='line_1_99' title="bbox 498 5008 2057 5081; baseline 0.005 -23"><span class='ocrx_word' id='word_1_666' title='bbox 498 5008 765 5068; x_wconf 85' lang='lat' dir='ltr'><strong>t‘ueamur,</strong></span> <span class='ocrx_word' id='word_1_667' title='bbox 815 5023 876 5063; x_wconf 87' lang='lat' dir='ltr'><strong>ac</strong></span> <span class='ocrx_word' id='word_1_668' title='bbox 937 5024 1274 5079; x_wconf 82' lang='lat' dir='ltr'><strong>nequaquam</strong></span> <span class='ocrx_word' id='word_1_669' title='bbox 1336 5011 1660 5073; x_wconf 71' lang='lat' dir='ltr'><strong>inliciemur.</strong></span> <span class='ocrx_word' id='word_1_670' title='bbox 1705 5028 1808 5068; x_wconf 82' lang='lat' dir='ltr'><strong>nos</strong></span> <span class='ocrx_word' id='word_1_671' title='bbox 1837 5014 2057 5081; x_wconf 81' lang='lat' dir='ltr'><strong>quidem</strong></span> 
     </span>
    </p>
   </div>
   <div class='ocr_carea' id='block_1_100' title="bbox 499 5097 2064 5166">
    <p class='ocr_par' dir='ltr' id='par_1_100' title="bbox 499 5097 2064 5166">
     <span class='ocr_line' id='line_1_100' title="bbox 499 5097 2064 5166; baseline 0.003 -16"><span class='ocrx_word' id='word_1_672' title='bbox 499 5113 622 5152; x_wconf 81' lang='lat' dir='ltr'><strong>esse</strong></span> <span class='ocrx_word' id='word_1_673' title='bbox 663 5097 836 5153; x_wconf 79' lang='lat' dir='ltr'><strong>factos</strong></span> <span class='ocrx_word' id='word_1_674' title='bbox 880 5100 1060 5153; x_wconf 87' lang='lat' dir='ltr'><strong>baium</strong></span> <span class='ocrx_word' id='word_1_675' title='bbox 1129 5101 1250 5154; x_wconf 81' lang='lat' dir='ltr'><strong>ﬁdei</strong></span> <span class='ocrx_word' id='word_1_676' title='bbox 1275 5102 1416 5166; x_wconf 85' lang='lat' dir='ltr'><strong>;.—scd</strong></span> <span class='ocrx_word' id='word_1_677' title='bbox 1451 5118 1513 5156; x_wconf 85' lang='lat' dir='ltr'><strong>ex</strong></span> <span class='ocrx_word' id='word_1_678' title='bbox 1552 5103 1740 5157; x_wconf 89' lang='lat' dir='ltr'><strong>umbra</strong></span> <span class='ocrx_word' id='word_1_679' title='bbox 1764 5103 1828 5156; x_wconf 90' lang='lat' dir='ltr'><strong>ad</strong></span> <span class='ocrx_word' id='word_1_680' title='bbox 1865 5104 2064 5157; x_wconf 85' lang='lat' dir='ltr'><strong>verita—</strong></span> 
     </span>
    </p>
   </div>
   <div class='ocr_carea' id='block_1_101' title="bbox 511 5180 2059 5261">
    <p class='ocr_par' dir='ltr' id='par_1_101' title="bbox 511 5187 2059 5261">
     <span class='ocr_line' id='line_1_101' title="bbox 511 5187 2059 5261; baseline 0.006 -23"><span class='ocrx_word' id='word_1_681' title='bbox 511 5202 647 5253; x_wconf 80' lang='lat' dir='ltr'><strong>tem,</strong></span> <span class='ocrx_word' id='word_1_682' title='bbox 682 5187 777 5242; x_wconf 88' lang='lat' dir='ltr'><strong>sed</strong></span> <span class='ocrx_word' id='word_1_683' title='bbox 805 5188 872 5242; x_wconf 85' lang='lat' dir='ltr'><strong>ad</strong></span> <span class='ocrx_word' id='word_1_684' title='bbox 900 5189 1362 5246; x_wconf 80' lang='lat' dir='ltr'><strong>immortalitatem</strong></span> <span class='ocrx_word' id='word_1_685' title='bbox 1389 5207 1454 5246; x_wconf 77' lang='lat' dir='ltr'><strong>ex</strong></span> <span class='ocrx_word' id='word_1_686' title='bbox 1471 5192 1806 5246; x_wconf 75' lang='lat' dir='ltr'><strong>mortalitate</strong></span> <span class='ocrx_word' id='word_1_687' title='bbox 1836 5209 1849 5246; x_wconf 95' lang='lat'>:</span> <span class='ocrx_word' id='word_1_688' title='bbox 1889 5207 2059 5261; x_wconf 87' lang='lat' dir='ltr'><strong>neque</strong></span> 
     </span>
    </p>
   </div>
   <div class='ocr_carea' id='block_1_102' title="bbox 2162 5180 3576 5261">
    <p class='ocr_par' dir='ltr' id='par_1_102' title="bbox 2169 5180 3576 5261">
     <span class='ocr_line' id='line_1_102' title="bbox 2169 5180 3576 5261; baseline -0.015 -15"><span class='ocrx_word' id='word_1_689' title='bbox 2169 5197 2373 5259; x_wconf 78' lang='grc' dir='ltr'>ζοντες,</span> <span class='ocrx_word' id='word_1_690' title='bbox 2425 5194 2525 5246; x_wconf 81' lang='grc' dir='ltr'>οὐκ</span> <span class='ocrx_word' id='word_1_691' title='bbox 2576 5190 3039 5261; x_wconf 76' lang='grc' dir='ltr'>ἐπαισχυνόμεθα.</span> <span class='ocrx_word' id='word_1_692' title='bbox 3089 5190 3243 5242; x_wconf 80' lang='grc' dir='ltr'>Οὕτω</span> <span class='ocrx_word' id='word_1_693' title='bbox 3272 5180 3576 5255; x_wconf 77' lang='grc' dir='ltr'>φρονοῦντες</span> 
     </span>
    </p>
   </div>
   <div class='ocr_carea' id='block_1_103' title="bbox 513 5278 2061 5353">
    <p class='ocr_par' dir='ltr' id='par_1_103' title="bbox 513 5278 2061 5353">
     <span class='ocr_line' id='line_1_103' title="bbox 513 5278 2061 5353; baseline 0.003 -21"><span class='ocrx_word' id='word_1_694' title='bbox 513 5295 613 5332; x_wconf 85' lang='lat' dir='ltr'><strong>nos</strong></span> <span class='ocrx_word' id='word_1_695' title='bbox 653 5278 820 5346; x_wconf 69' lang='lat' dir='ltr'><strong>pudet</strong></span> <span class='ocrx_word' id='word_1_696' title='bbox 876 5295 1059 5335; x_wconf 82' lang='lat' dir='ltr'><strong>ramos</strong></span> <span class='ocrx_word' id='word_1_697' title='bbox 1099 5283 1222 5338; x_wconf 76' lang='lat' dir='ltr'><strong>itlos</strong></span> <span class='ocrx_word' id='word_1_698' title='bbox 1271 5283 1545 5353; x_wconf 82' lang='lat' dir='ltr'><strong>appellare</strong></span> <span class='ocrx_word' id='word_1_699' title='bbox 1595 5284 1738 5338; x_wconf 76' lang='lat' dir='ltr'><strong>baia.</strong></span> <span class='ocrx_word' id='word_1_700' title='bbox 1779 5282 1836 5337; x_wconf 92' lang='lat' dir='ltr'><strong>ln</strong></span> <span class='ocrx_word' id='word_1_701' title='bbox 1875 5282 2061 5338; x_wconf 85' lang='lat' dir='ltr'><strong>eadem</strong></span> 
     </span>
    </p>
   </div>
   <div class='ocr_carea' id='block_1_104' title="bbox 2160 4533 3683 4625">
    <p class='ocr_par' dir='ltr' id='par_1_104' title="bbox 2160 4533 3683 4625">
     <span class='ocr_line' id='line_1_104' title="bbox 2160 4533 3683 4625; baseline -0.007 -16"><span class='ocrx_word' id='word_1_702' title='bbox 2160 4572 2273 4619; x_wconf 85' lang='grc' dir='ltr'>τοις</span> <span class='ocrx_word' id='word_1_703' title='bbox 2289 4533 2622 4625; x_wconf 15' lang='grc' dir='ltr'>ίφρονοῦντες</span> <span class='ocrx_word' id='word_1_704' title='bbox 2647 4553 2742 4607; x_wconf 76' lang='grc' dir='ltr'>καὶ</span> <span class='ocrx_word' id='word_1_705' title='bbox 2769 4552 3096 4624; x_wconf 85' lang='grc' dir='ltr'>πράττοντες</span> <span class='ocrx_word' id='word_1_706' title='bbox 3143 4542 3564 4621; x_wconf 73' lang='grc' dir='ltr'>(ἀσκαρδαμυκτὶ</span> <span class='ocrx_word' id='word_1_707' title='bbox 3595 4533 3683 4603; x_wconf 73' lang='grc' dir='ltr'>γὰρ</span> 
     </span>
    </p>
   </div>
   <div class='ocr_carea' id='block_1_105' title="bbox 2159 4627 3682 4715">
    <p class='ocr_par' dir='ltr' id='par_1_105' title="bbox 2159 4627 3682 4715">
     <span class='ocr_line' id='line_1_105' title="bbox 2159 4627 3682 4715; baseline -0.009 -15"><span class='ocrx_word' id='word_1_708' title='bbox 2159 4649 2252 4700; x_wconf 72' lang='grc' dir='ltr'>τὸν</span> <span class='ocrx_word' id='word_1_709' title='bbox 2300 4646 2452 4715; x_wconf 76' lang='grc' dir='ltr'>ἥλιον</span> <span class='ocrx_word' id='word_1_710' title='bbox 2503 4643 2795 4715; x_wconf 80' lang='grc' dir='ltr'>βλέπομεν)</span> <span class='ocrx_word' id='word_1_711' title='bbox 2845 4642 3314 4713; x_wconf 80' lang='grc' dir='ltr'>κλαδηφοροῦντες</span> <span class='ocrx_word' id='word_1_712' title='bbox 3357 4627 3682 4702; x_wconf 71' lang='grc' dir='ltr'>πανηγυρίζο-</span> 
     </span>
    </p>
   </div>
   <div class='ocr_carea' id='block_1_106' title="bbox 2167 4719 3685 4820">
    <p class='ocr_par' dir='ltr' id='par_1_106' title="bbox 2167 4719 3685 4820">
     <span class='ocr_line' id='line_1_106' title="bbox 2167 4719 3685 4820; baseline -0.012 -28"><span class='ocrx_word' id='word_1_713' title='bbox 2167 4756 2286 4810; x_wconf 86' lang='grc' dir='ltr'>μεν,</span> <span class='ocrx_word' id='word_1_714' title='bbox 2315 4736 2409 4792; x_wconf 70' lang='grc' dir='ltr'>καὶ</span> <span class='ocrx_word' id='word_1_715' title='bbox 2437 4738 2536 4808; x_wconf 78' lang='grc' dir='ltr'>τὴν</span> <span class='ocrx_word' id='word_1_716' title='bbox 2561 4735 2786 4790; x_wconf 74' lang='grc' dir='ltr'>ἐκείνων</span> <span class='ocrx_word' id='word_1_717' title='bbox 2815 4735 3073 4790; x_wconf 80' lang='grc' dir='ltr'>ἀπόνοιαν</span> <span class='ocrx_word' id='word_1_718' title='bbox 3114 4729 3542 4820; x_wconf 69' lang='grc' dir='ltr'>Θριαμϐεύοντες,</span> <span class='ocrx_word' id='word_1_719' title='bbox 3577 4719 3685 4820; x_wconf 53' lang='grc' dir='ltr'>ρέα·</span> 
     </span>
    </p>
   </div>
   <div class='ocr_carea' id='block_1_107' title="bbox 2164 4817 3687 4900">
    <p class='ocr_par' dir='ltr' id='par_1_107' title="bbox 2164 4817 3687 4900">
     <span class='ocr_line' id='line_1_107' title="bbox 2164 4817 3687 4900; baseline -0.016 -14"><span class='ocrx_word' id='word_1_720' title='bbox 2164 4846 2291 4900; x_wconf 80' lang='grc' dir='ltr'>τρον</span> <span class='ocrx_word' id='word_1_721' title='bbox 2345 4829 2452 4900; x_wconf 84' lang='grc' dir='ltr'>γὰρ</span> <span class='ocrx_word' id='word_1_722' title='bbox 2501 4828 2599 4882; x_wconf 76' lang='grc' dir='ltr'>καὶ</span> <span class='ocrx_word' id='word_1_723' title='bbox 2641 4825 2949 4897; x_wconf 81' lang='grc' dir='ltr'>ἀνθρώποις</span> <span class='ocrx_word' id='word_1_724' title='bbox 2984 4824 3331 4894; x_wconf 88' lang='grc' dir='ltr'>γεγόνασιν),</span> <span class='ocrx_word' id='word_1_725' title='bbox 3358 4817 3687 4889; x_wconf 74' lang='grc' dir='ltr'>ὁμολογοῦμεν</span> 
     </span>
    </p>
   </div>
   <div class='ocr_carea' id='block_1_108' title="bbox 2159 4906 3684 4988">
    <p class='ocr_par' dir='ltr' id='par_1_108' title="bbox 2159 4906 3684 4988">
     <span class='ocr_line' id='line_1_108' title="bbox 2159 4906 3684 4988; baseline -0.014 -13"><span class='ocrx_word' id='word_1_726' title='bbox 2159 4921 2260 4975; x_wconf 70' lang='grc' dir='ltr'>καὶ</span> <span class='ocrx_word' id='word_1_727' title='bbox 2291 4920 2390 4973; x_wconf 77' lang='grc' dir='ltr'>οὐκ</span> <span class='ocrx_word' id='word_1_728' title='bbox 2421 4918 2756 4988; x_wconf 81' lang='grc' dir='ltr'>ἀρνούμεθα,</span> <span class='ocrx_word' id='word_1_729' title='bbox 2801 4917 2954 4987; x_wconf 80' lang='grc' dir='ltr'>βαῒον</span> <span class='ocrx_word' id='word_1_730' title='bbox 2997 4917 3280 4983; x_wconf 85' lang='grc' dir='ltr'>γεγονέναι</span> <span class='ocrx_word' id='word_1_731' title='bbox 3333 4912 3427 4980; x_wconf 85' lang='grc' dir='ltr'>τῆς</span> <span class='ocrx_word' id='word_1_732' title='bbox 3464 4906 3684 4958; x_wconf 55' lang='grc' dir='ltr'>πίστεως</span> 
     </span>
    </p>
   </div>
   <div class='ocr_carea' id='block_1_109' title="bbox 2161 4991 3686 5088">
    <p class='ocr_par' dir='ltr' id='par_1_109' title="bbox 2161 4991 3686 5088">
     <span class='ocr_line' id='line_1_109' title="bbox 2161 4991 3686 5088; baseline -0.016 -21"><span class='ocrx_word' id='word_1_733' title='bbox 2161 5014 2279 5067; x_wconf 81' lang='grc' dir='ltr'>ἀλλ’</span> <span class='ocrx_word' id='word_1_734' title='bbox 2317 5014 2382 5065; x_wconf 75' lang='grc' dir='ltr'>ὲκ</span> <span class='ocrx_word' id='word_1_735' title='bbox 2420 5012 2580 5074; x_wconf 77' lang='grc' dir='ltr'>σκιᾶς</span> <span class='ocrx_word' id='word_1_736' title='bbox 2640 5010 2778 5080; x_wconf 78' lang='grc' dir='ltr'>πρὸς</span> <span class='ocrx_word' id='word_1_737' title='bbox 2831 5007 3112 5077; x_wconf 78' lang='grc' dir='ltr'>ἀλήθειαν,</span> <span class='ocrx_word' id='word_1_738' title='bbox 3161 5009 3275 5062; x_wconf 85' lang='grc' dir='ltr'>ἀλλ’</span> <span class='ocrx_word' id='word_1_739' title='bbox 3307 5007 3384 5067; x_wconf 73' lang='grc' dir='ltr'><strong>εἰς</strong></span> <span class='ocrx_word' id='word_1_740' title='bbox 3424 4991 3686 5088; x_wconf 68' lang='grc' dir='ltr'>ἀθανασίαν</span> 
     </span>
    </p>
   </div>
   <div class='ocr_carea' id='block_1_110' title="bbox 2158 5093 3685 5216">
    <p class='ocr_par' dir='ltr' id='par_1_110' title="bbox 2158 5093 3685 5216">
     <span class='ocr_line' id='line_1_110' title="bbox 2158 5093 3684 5173; baseline -0.022 -8"><span class='ocrx_word' id='word_1_741' title='bbox 2158 5105 2275 5164; x_wconf 70' lang='grc' dir='ltr'><strong>’ἀπὸ</strong></span> <span class='ocrx_word' id='word_1_742' title='bbox 2320 5103 2646 5173; x_wconf 84' lang='grc' dir='ltr'>Θνητὸτητος</span> <span class='ocrx_word' id='word_1_743' title='bbox 2671 5118 2682 5132; x_wconf 92' lang='grc'><strong>·</strong></span> <span class='ocrx_word' id='word_1_744' title='bbox 2720 5102 2815 5154; x_wconf 72' lang='grc' dir='ltr'>καὶ</span> <span class='ocrx_word' id='word_1_745' title='bbox 2853 5101 2979 5170; x_wconf 76' lang='grc' dir='ltr'>βαΐα</span> <span class='ocrx_word' id='word_1_746' title='bbox 3008 5101 3133 5165; x_wconf 81' lang='grc' dir='ltr'>τοὺς</span> <span class='ocrx_word' id='word_1_747' title='bbox 3173 5099 3396 5157; x_wconf 81' lang='grc' dir='ltr'>κλάδους</span> <span class='ocrx_word' id='word_1_748' title='bbox 3421 5093 3684 5148; x_wconf 82' lang='grc' dir='ltr'>κατονομα-</span> 
     </span>
     <span class='ocr_line' id='line_1_111' title="bbox 2175 5161 3685 5216; baseline -0.019 19"><span class='ocrx_word' id='word_1_749' title='bbox 2175 5197 2352 5216; x_wconf 81' lang='lat'><strong>”------</strong></span> <span class='ocrx_word' id='word_1_750' title='bbox 2428 5194 2524 5216; x_wconf 59' lang='lat'><strong>--’»--</strong></span> <span class='ocrx_word' id='word_1_751' title='bbox 2576 5190 3014 5216; x_wconf 64' lang='lat' dir='ltr'><strong>1-----.----!..-n-</strong></span> <span class='ocrx_word' id='word_1_752' title='bbox 3090 5190 3240 5216; x_wconf 60' lang='lat' dir='ltr'><strong>nn-..</strong></span> <span class='ocrx_word' id='word_1_753' title='bbox 3272 5180 3576 5216; x_wconf 50' lang='grc' dir='ltr'><strong>...λημῶντες</strong></span> <span class='ocrx_word' id='word_1_754' title='bbox 3609 5161 3685 5216; x_wconf 71' lang='grc' dir='ltr'><strong>καὶ</strong></span> 
     </span>
    </p>
   </div>
   <div class='ocr_carea' id='block_1_111' title="bbox 2168 5253 3681 5350">
    <p class='ocr_par' dir='ltr' id='par_1_111' title="bbox 2168 5253 3681 5350">
     <span class='ocr_line' id='line_1_112' title="bbox 2168 5253 3681 5350; baseline -0.006 -13"><span class='ocrx_word' id='word_1_755' title='bbox 2168 5253 2216 5339; x_wconf 58' lang='lat' dir='ltr'><strong>ei</strong></span> <span class='ocrx_word' id='word_1_756' title='bbox 2250 5253 2560 5336; x_wconf 81' lang='grc' dir='ltr'>πιστότατοι</span> <span class='ocrx_word' id='word_1_757' title='bbox 2624 5253 2891 5350; x_wconf 35' lang='grc' dir='ltr'>βασιλεῖς,-</span> <span class='ocrx_word' id='word_1_758' title='bbox 2914 5281 3036 5343; x_wconf 82' lang='grc' dir='ltr'>ταῖς</span> <span class='ocrx_word' id='word_1_759' title='bbox 3087 5253 3325 5349; x_wconf 69' lang='grc' dir='ltr'>ἐτησίοις</span> <span class='ocrx_word' id='word_1_760' title='bbox 3370 5271 3542 5344; x_wconf 76' lang='grc' dir='ltr'>ῥὸγαις</span> <span class='ocrx_word' id='word_1_761' title='bbox 3573 5253 3681 5350; x_wconf 52' lang='lat' dir='ltr'><strong>pan</strong></span> 
     </span>
    </p>
   </div>
   <div class='ocr_carea' id='block_1_112' title="bbox 507 5344 2059 5446">
    <p class='ocr_par' dir='ltr' id='par_1_112' title="bbox 507 5373 2059 5446">
     <span class='ocr_line' id='line_1_113' title="bbox 507 5373 2059 5446; baseline 0.005 -25"><span class='ocrx_word' id='word_1_762' title='bbox 507 5373 835 5426; x_wconf 62' lang='lat' dir='ltr'><strong>ossistcntes</strong></span> <span class='ocrx_word' id='word_1_763' title='bbox 851 5374 1050 5442; x_wconf 76' lang='lat' dir='ltr'><strong>opione</strong></span> <span class='ocrx_word' id='word_1_764' title='bbox 1061 5373 1363 5430; x_wconf 84' lang='lat' dir='ltr'><strong>ﬁdelissimi</strong></span> <span class='ocrx_word' id='word_1_765' title='bbox 1388 5375 1680 5446; x_wconf 70' lang='lat' dir='ltr'><strong>principes,</strong></span> <span class='ocrx_word' id='word_1_766' title='bbox 1706 5375 1902 5430; x_wconf 84' lang='lat' dir='ltr'><strong>annuis</strong></span> <span class='ocrx_word' id='word_1_767' title='bbox 1922 5375 2059 5443; x_wconf 82' lang='lat' dir='ltr'><strong>rogis</strong></span> 
     </span>
    </p>
   </div>
   <div class='ocr_carea' id='block_1_113' title="bbox 2162 5344 3682 5446">
    <p class='ocr_par' dir='ltr' id='par_1_113' title="bbox 2171 5344 3682 5446">
     <span class='ocr_line' id='line_1_114' title="bbox 2171 5344 3682 5446; baseline -0.026 -16"><span class='ocrx_word' id='word_1_768' title='bbox 2171 5344 2657 5445; x_wconf 78' lang='grc' dir='ltr'>συνεπρυτάνευον,</span> <span class='ocrx_word' id='word_1_769' title='bbox 2692 5374 2752 5439; x_wconf 75' lang='grc' dir='ltr'><strong>ἐξ</strong></span> <span class='ocrx_word' id='word_1_770' title='bbox 2801 5371 3044 5443; x_wconf 72' lang='grc' dir='ltr'>ἀργύρου</span> <span class='ocrx_word' id='word_1_771' title='bbox 3079 5344 3235 5442; x_wconf 44' lang='lat' dir='ltr'><strong>cui)»,</strong></span> <span class='ocrx_word' id='word_1_772' title='bbox 3278 5353 3528 5437; x_wconf 63' lang='grc' dir='ltr'>ἢχρυσοῦ</span> <span class='ocrx_word' id='word_1_773' title='bbox 3572 5344 3682 5446; x_wconf 34' lang='grc' dir='ltr'>καλέ</span> 
     </span>
    </p>
   </div>
   <div class='ocr_carea' id='block_1_114' title="bbox 513 5463 2061 5536">
    <p class='ocr_par' dir='ltr' id='par_1_114' title="bbox 513 5463 2061 5536">
     <span class='ocr_line' id='line_1_115' title="bbox 513 5463 2061 5536; baseline 0.004 -24"><span class='ocrx_word' id='word_1_774' title='bbox 513 5465 633 5514; x_wconf 66' lang='lat' dir='ltr'><strong>lvaia</strong></span> <span class='ocrx_word' id='word_1_775' title='bbox 671 5463 992 5526; x_wconf 80' lang='lat' dir='ltr'><strong>miscebant,</strong></span> <span class='ocrx_word' id='word_1_776' title='bbox 1027 5476 1250 5534; x_wconf 79' lang='lat' dir='ltr'><strong>argento</strong></span> <span class='ocrx_word' id='word_1_777' title='bbox 1309 5479 1438 5536; x_wconf 88' lang='lat' dir='ltr'><strong>puta</strong></span> <span class='ocrx_word' id='word_1_778' title='bbox 1473 5467 1559 5519; x_wconf 77' lang='lat' dir='ltr'><strong>vel</strong></span> <span class='ocrx_word' id='word_1_779' title='bbox 1615 5480 1749 5520; x_wconf 80' lang='lat' dir='ltr'><strong>auro</strong></span> <span class='ocrx_word' id='word_1_780' title='bbox 1781 5474 2061 5519; x_wconf 76' lang='lat' dir='ltr'><strong>exornata.</strong></span> 
     </span>
    </p>
   </div>
   <div class='ocr_carea' id='block_1_115' title="bbox 508 5552 2066 5642">
    <p class='ocr_par' dir='ltr' id='par_1_115' title="bbox 508 5552 2066 5642">
     <span class='ocr_line' id='line_1_116' title="bbox 508 5552 2066 5642; baseline 0.003 -39"><span class='ocrx_word' id='word_1_781' title='bbox 508 5552 722 5642; x_wconf 55' lang='lat' dir='ltr'><strong>Quippe</strong></span> <span class='ocrx_word' id='word_1_782' title='bbox 769 5556 1292 5622; x_wconf 81' lang='lat' dir='ltr'><strong>congratulabantur</strong></span> <span class='ocrx_word' id='word_1_783' title='bbox 1326 5557 1417 5617; x_wconf 85' lang='lat' dir='ltr'><strong>iis,</strong></span> <span class='ocrx_word' id='word_1_784' title='bbox 1471 5557 1562 5624; x_wconf 90' lang='lat' dir='ltr'><strong>qui</strong></span> <span class='ocrx_word' id='word_1_785' title='bbox 1593 5555 1705 5609; x_wconf 67' lang='lat' dir='ltr'><strong>haec</strong></span> <span class='ocrx_word' id='word_1_786' title='bbox 1761 5570 2066 5623; x_wconf 87' lang='lat' dir='ltr'><strong>conseque-</strong></span> 
     </span>
    </p>
   </div>
   <div class='ocr_carea' id='block_1_116' title="bbox 515 5643 2062 5716">
    <p class='ocr_par' dir='ltr' id='par_1_116' title="bbox 515 5643 2062 5716">
     <span class='ocr_line' id='line_1_117' title="bbox 515 5643 2062 5716; baseline 0.001 -22"><span class='ocrx_word' id='word_1_787' title='bbox 515 5646 734 5706; x_wconf 73' lang='lat' dir='ltr'><strong>bantur,</strong></span> <span class='ocrx_word' id='word_1_788' title='bbox 770 5643 913 5696; x_wconf 60' lang='lat' dir='ltr'><strong>“elut</strong></span> <span class='ocrx_word' id='word_1_789' title='bbox 940 5646 1260 5699; x_wconf 74' lang='lat' dir='ltr'><strong>orthodoxis</strong></span> <span class='ocrx_word' id='word_1_790' title='bbox 1289 5663 1413 5716; x_wconf 79' lang='lat' dir='ltr'><strong>erga</strong></span> <span class='ocrx_word' id='word_1_791' title='bbox 1449 5645 1634 5709; x_wconf 81' lang='lat' dir='ltr'><strong>Deum,</strong></span> <span class='ocrx_word' id='word_1_792' title='bbox 1665 5657 1716 5699; x_wconf 85' lang='lat' dir='ltr'><strong>et</strong></span> <span class='ocrx_word' id='word_1_793' title='bbox 1769 5647 1914 5714; x_wconf 88' lang='lat' dir='ltr'><strong>ipsos</strong></span> <span class='ocrx_word' id='word_1_794' title='bbox 1939 5661 2062 5710; x_wconf 71' lang='lat' dir='ltr'><strong>erga</strong></span> 
     </span>
    </p>
   </div>
   <div class='ocr_carea' id='block_1_117' title="bbox 518 5734 2061 5805">
    <p class='ocr_par' dir='ltr' id='par_1_117' title="bbox 518 5734 2061 5805">
     <span class='ocr_line' id='line_1_118' title="bbox 518 5734 2061 5805; baseline 0.002 -22"><span class='ocrx_word' id='word_1_795' title='bbox 518 5737 788 5804; x_wconf 68' lang='lat' dir='ltr'><strong>principes</strong></span> <span class='ocrx_word' id='word_1_796' title='bbox 822 5734 1121 5788; x_wconf 66' lang='lat' dir='ltr'><strong>benevolis.</strong></span> <span class='ocrx_word' id='word_1_797' title='bbox 1151 5736 1286 5801; x_wconf 69' lang='lat' dir='ltr'><strong>Quia</strong></span> <span class='ocrx_word' id='word_1_798' title='bbox 1322 5752 1447 5790; x_wconf 53' lang='lat' dir='ltr'><strong>vero</strong></span> <span class='ocrx_word' id='word_1_799' title='bbox 1476 5737 1780 5805; x_wconf 48' lang='lat' dir='ltr'><strong>principum</strong></span> <span class='ocrx_word' id='word_1_800' title='bbox 1844 5737 2061 5804; x_wconf 68' lang='lat' dir='ltr'><strong>qtident</strong></span> 
     </span>
    </p>
   </div>
   <div class='ocr_carea' id='block_1_118' title="bbox 2160 5443 3682 5533">
    <p class='ocr_par' dir='ltr' id='par_1_118' title="bbox 2160 5443 3682 5533">
     <span class='ocr_line' id='line_1_119' title="bbox 2160 5443 3682 5533; baseline -0.023 -15"><span class='ocrx_word' id='word_1_801' title='bbox 2160 5443 2455 5533; x_wconf 66' lang='grc' dir='ltr'>ιλυνὸμενα.</span> <span class='ocrx_word' id='word_1_802' title='bbox 2490 5463 2814 5532; x_wconf 55' lang='grc' dir='ltr'>Συνέγεαιρον</span> <span class='ocrx_word' id='word_1_803' title='bbox 2874 5461 2982 5528; x_wconf 77' lang='grc' dir='ltr'>γὰρ</span> <span class='ocrx_word' id='word_1_804' title='bbox 3029 5462 3140 5521; x_wconf 78' lang='grc' dir='ltr'>τοῖς</span> <span class='ocrx_word' id='word_1_805' title='bbox 3191 5453 3508 5524; x_wconf 82' lang='grc' dir='ltr'>λαμϐάνουσι</span> <span class='ocrx_word' id='word_1_806' title='bbox 3538 5443 3682 5533; x_wconf 46' lang='grc' dir='ltr'>ταῦτα</span> 
     </span>
    </p>
   </div>
   <div class='ocr_carea' id='block_1_119' title="bbox 2170 5517 3680 5625">
    <p class='ocr_par' dir='ltr' id='par_1_119' title="bbox 2170 5517 3680 5625">
     <span class='ocr_line' id='line_1_120' title="bbox 2170 5517 3680 5625; baseline -0.017 -18"><span class='ocrx_word' id='word_1_807' title='bbox 2170 5517 2508 5625; x_wconf 77' lang='grc' dir='ltr'>ὀρθοδοξοῦσι</span> <span class='ocrx_word' id='word_1_808' title='bbox 2555 5517 2813 5621; x_wconf 50' lang='grc' dir='ltr'>τὰηπρὸς</span> <span class='ocrx_word' id='word_1_809' title='bbox 2850 5517 3002 5618; x_wconf 35' lang='lat' dir='ltr'><strong>(debv,</strong></span> <span class='ocrx_word' id='word_1_810' title='bbox 3070 5517 3165 5603; x_wconf 72' lang='grc' dir='ltr'>καὶ</span> <span class='ocrx_word' id='word_1_811' title='bbox 3237 5517 3580 5625; x_wconf 44' lang='grc' dir='ltr'>ε-ὺνοουμένοις</span> <span class='ocrx_word' id='word_1_812' title='bbox 3626 5517 3680 5571; x_wconf 62' lang='grc' dir='ltr'><strong>τά</strong></span> 
     </span>
    </p>
   </div>
   <div class='ocr_carea' id='block_1_120' title="bbox 2175 5618 3676 5722">
    <p class='ocr_par' dir='ltr' id='par_1_120' title="bbox 2175 5618 3676 5722">
     <span class='ocr_line' id='line_1_121' title="bbox 2175 5618 3676 5722; baseline -0.003 -27"><span class='ocrx_word' id='word_1_813' title='bbox 2175 5618 2308 5711; x_wconf 47' lang='lat' dir='ltr'><strong>ea,</strong></span> <span class='ocrx_word' id='word_1_814' title='bbox 2345 5623 2563 5704; x_wconf 73' lang='grc' dir='ltr'>αὐτούς.</span> <span class='ocrx_word' id='word_1_815' title='bbox 2609 5618 2760 5694; x_wconf 75' lang='grc' dir='ltr'>Ἐπεὶ</span> <span class='ocrx_word' id='word_1_816' title='bbox 2794 5642 2849 5693; x_wconf 71' lang='grc' dir='ltr'>δι</span> <span class='ocrx_word' id='word_1_817' title='bbox 2878 5640 2985 5693; x_wconf 79' lang='grc' dir='ltr'>τῶν</span> <span class='ocrx_word' id='word_1_818' title='bbox 3030 5641 3128 5711; x_wconf 82' lang='grc' dir='ltr'>μὲν</span> <span class='ocrx_word' id='word_1_819' title='bbox 3169 5634 3418 5709; x_wconf 79' lang='grc' dir='ltr'>βασιλέων</span> <span class='ocrx_word' id='word_1_820' title='bbox 3439 5625 3508 5722; x_wconf 43' lang='lat' dir='ltr'><strong>at“</strong></span> <span class='ocrx_word' id='word_1_821' title='bbox 3523 5618 3676 5722; x_wconf 50' lang='lat' dir='ltr'><strong>Mf}</strong></span> 
     </span>
    </p>
   </div>
   <div class='ocr_carea' id='block_1_121' title="bbox 2173 5711 3674 5798">
    <p class='ocr_par' dir='ltr' id='par_1_121' title="bbox 2173 5711 3674 5798">
     <span class='ocr_line' id='line_1_122' title="bbox 2173 5711 3674 5798; baseline -0.017 -16"><span class='ocrx_word' id='word_1_822' title='bbox 2173 5733 2264 5783; x_wconf 74' lang='grc' dir='ltr'>καὶ</span> <span class='ocrx_word' id='word_1_823' title='bbox 2299 5731 2402 5782; x_wconf 83' lang='grc' dir='ltr'><strong>τῶν</strong></span> <span class='ocrx_word' id='word_1_824' title='bbox 2434 5731 2599 5798; x_wconf 51' lang='lat' dir='ltr'><strong>pater;</strong></span> <span class='ocrx_word' id='word_1_825' title='bbox 2625 5733 2687 5782; x_wconf 64' lang='lat' dir='ltr'><strong>si</strong></span> <span class='ocrx_word' id='word_1_826' title='bbox 2718 5730 2853 5798; x_wconf 73' lang='grc' dir='ltr'>ἄνθη</span> <span class='ocrx_word' id='word_1_827' title='bbox 2882 5730 2947 5781; x_wconf 68' lang='grc' dir='ltr'><strong>τά</strong></span> <span class='ocrx_word' id='word_1_828' title='bbox 2977 5731 3203 5790; x_wconf 69' lang='grc' dir='ltr'>ταύταις</span> <span class='ocrx_word' id='word_1_829' title='bbox 3244 5711 3674 5777; x_wconf 67' lang='grc' dir='ltr'>συνανατέλωντα»</span> 
     </span>
    </p>
   </div>
  </div>
