4016 6392
407 341 540 406 1ί69

1813 348 2234 413 ΜΕΒΙΤΑΤΑ.

3500 351 3636 414 n70
3693 331 3696 335 ’

413 473 517 544 πρὸ
535 473 740 543 χρόνων
778 473 1093 544 ἐσχόλασαν,
1110 471 1176 528 δι’
1195 472 1262 544 ἢν
1281 471 1457 526 αίτίαν
1487 471 1690 527 ἄνωθεν
1713 469 1957 540 εἴπομεν·

2065 483 2208 538 roga:
2225 469 2579 540 holerumque
2605 467 2780 534 ﬂores,
2807 471 2898 542 qui
2921 485 3042 526 cum
3065 471 3212 541 rogis
3227 470 3632 528 exoriebantur.

412 564 524 618 τῶν
551 565 606 617 δὲ
631 562 791 618 θείων
824 565 1178 634 πατριαρχῶν
1206 566 1262 618 αί
1311 564 1473 634 ρόγαι
1529 561 1968 632 δημοσιεύονται,

413 657 508 710 καὶ
542 657 573 725 ἡ
610 657 854 724 συνήθως
883 656 1131 726 διδομένη
1163 657 1297 727 ρόγα
1320 657 1460 709 κατὰ
1479 656 1579 724 τὴν
1609 654 1811 724 κυρίως
1832 655 1972 708 ἀπό-

412 762 578 813 κρεω,
604 745 684 808 είς
714 745 809 812 τὴν
863 744 1097 811 ἐτησίως
1155 745 1552 815 προϐαίνουσαν
1585 743 1974 812 ἐκκλησιαστιέ

548 836 712 903 ρόγαν
745 835 885 889 κατὰ
912 835 1009 903 τὴν
1052 835 1296 904 μεγάλην
1322 836 1509 903 τρίτην
1557 833 1844 904 μετέπεσε,
1873 850 1973 885 κα-

413 923 540 985 θὼς,
592 923 659 977 τὰ
693 924 896 978 παλαιά
946 924 1165 978 λαλοῦσι
1213 923 1461 995 ῥογάλια,
1497 923 1730 976 διδόασιν
1771 923 1820 974 οἱ
1868 939 1973 974 πα-

413 1014 662 1082 τριάρχαι
721 1013 860 1083 μετὰ
903 1013 1000 1085 τὴν
1043 1016 1343 1085 κατήχησιν
1374 1014 1450 1083 τῷ
1483 1013 1596 1084 λαῷ
1625 1015 1698 1074 ὡς
1743 1014 1870 1081 βαΐα
1903 1013 1972 1065 τὰ

413 1105 763 1171 θυμιάματά⁸
819 1105 1271 1174 παρεγγυώμενοι
1312 1105 1378 1156 δι’
1424 1105 1605 1158 αὐτῶν
1630 1103 1828 1156 ὡσανεὶ
1860 1105 1970 1166 τοῖς

416 1196 769 1264 λαμϐάνουσι,
815 1201 1143 1265 μεταπεσεῖν
1198 1199 1263 1250 ὲκ
1302 1197 1399 1266 τῆς
1433 1197 1642 1268 φαύλης
1671 1196 1966 1266 διαγωγῆς,

411 1285 590 1347 καθώς
618 1303 718 1338 που
768 1287 862 1340 καὶ
893 1287 1300 1357 καθηγήθησαν,
1335 1288 1426 1340 καὶ
1485 1287 1551 1340 δι’
1607 1287 1966 1356 ὀλιγοημέρου

409 1376 740 1444 ἐπιστροφῆς
772 1375 1044 1444 βασιλείαν
1075 1378 1291 1429 αἰώνιον
1319 1375 1766 1441 ἀνταλλάξασθαι.
1797 1377 1968 1428 Εὐτε-

407 1465 520 1519 λέσι
547 1465 604 1520 δὲ
644 1466 947 1535 θυμιάμασι
970 1467 1106 1520 κατὰ
1136 1467 1532 1537 σμικρολόγους
1559 1468 1655 1519 καὶ
1686 1466 1958 1535 κίμϐικας

407 1558 506 1610 οὐκ
528 1558 868 1611 ἑλαττονοῦσι
891 1558 951 1610 τὸ
986 1559 1270 1628 μεγαλεῖον
1306 1558 1398 1610 τοῦ
1435 1557 1781 1627 Πνεύματος·
1825 1557 1966 1627 (πῶς

407 1647 514 1714 γάρ
554 1649 602 1699 oi
638 1650 814 1700 πᾶσαν
845 1647 942 1715 τὴν
987 1648 1312 1717 οἰκουμένην
1370 1646 1798 1715 φιλανθρωπίαις
1834 1662 1967 1698 παν-

406 1736 662 1799 τοδαπαῖς
719 1739 1131 1807 σαγηνεύοντες,
1188 1738 1280 1791 καὶ
1325 1740 1504 1790 πᾶσαν
1555 1737 1960 1806 πενητεύουσαν

2078 567 2204 612 ante
2245 559 2447 614 multos
2485 574 2657 621 annos
2711 559 2992 615 desierunt
3033 575 3100 615 ex
3149 575 3212 614 ea
3233 575 3426 623 causa,
3471 577 3630 630 quam

2077 650 2480 718 indicavimus;
2539 668 2667 707 cum
2739 668 2886 723 1‘0ng
2967 654 3400 725 patriarcharum
3451 656 3630 709 adhuc

2077 742 2128 796 in
2161 757 2262 798 usu
2325 745 2544 810 publico
2571 746 2704 810 sint,
2745 759 2974 814 qumque
3007 761 3106 815 pro
3131 759 3280 800 more
3310 744 3468 798 datur
3495 760 3626 816 roga

2073 831 2163 885 die
2193 834 2374 886 carnis
2401 835 2584 902 privii,
2610 835 2691 889 sic
2713 835 3000 889 immutata
3035 836 3128 900 sit,
3149 844 3208 889 ut
3237 836 3290 890 in
3309 838 3629 890 anniversa-

2073 923 2211 975 riam
2255 938 2437 992 rogatu
2495 926 2924 979 ecclesiasticam
2985 941 3195 995 magna:
3251 927 3397 980 feriae
3451 930 3623 983 tertiae

2070 1011 2297 1076 incidat,
2331 1014 2784 1082 quemadmodum
2803 1016 3023 1085 antiqua
3048 1015 3270 1085 Regalis
3297 1017 3624 1086 loquuntur:

2074 1102 2279 1156 idcirco
2331 1104 2462 1160 «lant
2515 1106 2838 1174 patriarchae
2890 1107 3090 1176 populo
3145 1116 3266 1175 post
3311 1110 3625 1162 catecltesin

2071 1194 2311 1259 incensa,
2335 1196 2458 1249 loco
2489 1197 2732 1251 baiorum
2759 1216 2773 1259 ς
2804 1199 2950 1253 velut
2974 1197 3326 1253 admonentes
3364 1201 3504 1263 illos,
3531 1201 3626 1269 qttl

2069 1298 2131 1338 ea
2159 1296 2402 1351 sumunt,
2431 1294 2491 1340 ut
2513 1290 2773 1342 rationem
2800 1289 3012 1342 vivendi
3043 1303 3261 1356 pravam
3287 1290 3625 1358 relinquant,

2063 1372 2209 1426 sicut
2244 1374 2422 1429 edocti
2456 1375 2584 1438 sint,
2616 1391 2678 1430 ac
2709 1392 2806 1445 per
2852 1379 3265 1432 conversionem
3317 1394 3622 1447 paucorum

2063 1462 2280 1518 dierum
2341 1465 2445 1519 sibi
2514 1481 2738 1533 regnum
2771 1467 2902 1520 illud
2961 1477 3222 1522 aeternum
3276 1481 3621 1538 comparent.

2064 1552 2333 1609 Ceterum
2367 1569 2466 1624 per
2489 1555 2600 1610 haec
2627 1557 2847 1611 incensa
2879 1558 3008 1612 vilis
3037 1559 3220 1626 pretii,
3258 1574 3409 1613 more
3433 1575 3627 1629 parco-

2065 1659 2186 1699 ru
2221 1645 2501 1700 hominum
2539 1655 2596 1700 et
2645 1661 2966 1710 avarorum,
3022 1647 3360 1716 majestateut
3387 1650 3623 1719 spiritus

2067 1751 2172 1790 non
2228 1736 2586 1803 deminuunt,
2620 1737 2749 1806 (quo
2799 1739 2948 1792 enim
2995 1738 3047 1792 id
3086 1747 3244 1808 pacto
3297 1739 3620 1803 facerentii,

403 1801 809 1891 ablaxiCov'rec
843 1801 1103 1898 ἀρουραν,
1159 1831 1254 1884 καὶ
1323 1829 1590 1897 πολύχουν
1645 1801 1957 1898 εύεργεσίας

2065 1827 2158 1894 qui
2205 1837 2476 1881 terrarum
2525 1827 2714 1881 orbem
2770 1827 3084 1882 universum
3123 1827 3295 1881 variis
3343 1829 3621 1882 beneﬂciis

405 1915 704 1993 θερίζοντες
726 1917 1004 1988 ἄσταχυνς)
1041 1919 1178 1972 άλλά
1211 1921 1308 1988 τῆς
1338 1920 1550 1989 ἡμέρας
1585 1919 1682 1990 τὴν
1731 1917 1959 1986 δύναμιν

404 2006 778 2075 αίνιττόμενοι,
803 2009 895 2059 καὶ
923 2008 1263 2072 διδάσκοντες
1283 2009 1520 2078 ὡσπερεὶ
1537 2009 1604 2061 δι’
1632 2009 1808 2064 αὐτῶν
1833 2011 1958 2070 τοὺς

401 2079 800 2165 λαμϐάνοντας,
822 2100 1006 2151 ὁποῖον
1039 2095 1178 2152 εἶναι
1200 2100 1280 2151 δεῖ
1302 2099 1362 2150 τὸ
1382 2098 1608 2167 ψυχικὸν
1635 2098 1959 2167 κατάστημα

405 2186 497 2237 τοῦ
523 2187 886 2255 νηστεύοντος,
921 2188 1014 2242 καὶ
1045 2191 1146 2259 τῆς
1176 2187 1463 2256 μετανοίας
1496 2188 1555 2241 τὸ
1577 2188 1956 2256 δλοκαύτωμα,

406 2276 494 2327 καὶ
529 2278 624 2344 τῆς
655 2280 961 2346 προσευχῆς
987 2279 1047 2331 τὸ
1077 2278 1347 2348 θυμίαμα.
1380 2279 1489 2331 Καὶ
1519 2280 1641 2331 τότε
1687 2279 1786 2348 μὲν
1818 2279 1960 2332 οὕτω

403 2363 789 2416 κατευθύνουσι
812 2365 908 2432 τῆς
942 2367 1192 2436 νηστείας
1226 2367 1287 2419 τὸ
1311 2367 1547 2420 στάδιον.
1587 2367 1744 2420 Κατά
1769 2367 1824 2420 δὲ
1858 2368 1956 2438 τὴν

401 2450 498 2518 τῆς
539 2450 828 2521 βαῖοφόρου
859 2455 1202 2522 χτρμόσυνον
1232 2454 1597 2524 κυριώνυμον,
1624 2456 1700 2520 ὡς
1729 2455 1956 2510 saxeos—-

402 2553 488 2589 ται
517 2538 852 2603 καθίσαντες,
884 2541 1156 2610 (Ἐκάθισε
1190 2543 1317 2611 γὰρ,
1352 2544 1540 2610 φησὶν,
1570 2543 1597 2594 ό
1653 2544 1853 2612 κρῖνων
1881 2543 1959 2596 δι-

404 2625 746 2694 καιοσύνην,)
787 2629 1087 2692 δεξιοῦνται
1117 2632 1240 2693 τοὺς
1265 2631 1325 2684 τὸ
1360 2633 1697 2700 παγκράτιον
1723 2633 1822 2700 τῆς
1861 2651 1956 2703 νη-

406 2716 588 2780 στείας
639 2721 988 2788 νικήσαντας,
1067 2722 1262 2791 τιμίων
1325 2723 1418 2774 καὶ
1479 2721 1647 2790 ἁγίων
1712 2725 1959 2790 σταυρῶν

403 2804 722 2874 ἀγιάσμασι,
778 2810 868 2862 καὶ
923 2809 1126 2879 κηρίων
1199 2809 1518 2878 φωτοόόλων
1584 2812 1955 2880 χαρίσμασιν..

406 2895 538 2946 Οὐδὲ
575 2895 680 2967 γὰρ
713 2898 926 2951 Θέλουσι
993 2903 1317 2969 σκιαμαχεῖν
1364 2901 1491 2962 τοὺς
1549 2902 1776 2963 πιστοὺς
1834 2901 1955 2954 κατ’

403 2985 638 3048 ἐκείνους
663 2989 786 3050 τοὺς
809 2989 1191 3058 νηπιόφρονας,
1227 2989 1339 3042 ἀλλ’
1367 2990 1442 3053 ὡς
1473 2991 1572 3060 ήδη
1629 2990 1728 3059 τῆς
1755 2991 1956 3045 δικαιο-

2068 1918 2340 1979 irretiunt,
2373 1926 2428 1972 et
2446 1931 2607 1972 omne
2631 1933 2816 1972 arvum
2838 1918 3027 1972 sterile
3045 1919 3278 1982 sulcant,
3303 1919 3622 1988 opitnasque

2068 2007 2438 2062 beneficentia:
2491 2009 2672 2077 spicas
2723 2008 2988 2077 metunt?)
3045 2006 3141 2062 sed
3187 2008 3455 2061 occultam
3504 2008 3624 2076 ejus

2063 2099 2174 2153 diei
2201 2099 2310 2152 vim
2336 2099 2574 2154 indicare
2601 2099 2808 2163 volunt,
2835 2099 3103 2168 quasique
3132 2098 3331 2153 docere
3359 2113 3458 2167 per
3508 2099 3626 2152 hac

2065 2197 2179 2246 eos,
2232 2182 2326 2252 qui
2355 2199 2414 2237 ea
2447 2192 2695 2250 sumunt,
2727 2185 2903 2254 qualis
2931 2198 3056 2239 esse
3089 2185 3285 2239 debeat
3318 2185 3484 2239 animi
3515 2196 3626 2240 sta-

2065 2280 2153 2328 tus
2180 2275 2233 2328 in
2251 2289 2336 2339 eo,
2355 2275 2446 2343 qui
2465 2275 2734 2344 jejunium
2762 2276 3037 2337 observat,
3061 2275 3222 2344 quale
3247 2277 3622 2331 holocaustum

2065 2365 2431 2430 poenitentiae,
2493 2375 2546 2418 et
2601 2366 2932 2435 precationis
2985 2367 3290 2421 incensum.
3361 2367 3439 2420 Ac
3491 2374 3622 2421 tunc

2063 2453 2282 2518 quidem
2341 2453 2412 2505 ita
2467 2453 2659 2521 jejunii
2692 2452 3026 2506 curriculum
3082 2454 3344 2522 dirigunt.
3371 2452 3440 2508 At
3486 2467 3614 2507 vero

2063 2542 2182 2595 laeta
2213 2542 2302 2596 illa
2326 2542 2414 2596 die
2441 2541 2720 2598 Dominiea
2751 2543 2998 2597 baiorutn
3029 2545 3372 2614 gestationis,
3427 2528 3631 2598 sedent?

2066 2639 2150 2686 tes
2177 2646 2278 2698 pro
2311 2647 2463 2687 more
2487 2633 2931 2688 distribuentium
2989 2633 3208 2702 praemia
3241 2634 3460 2703 (quippe.
3485 2648 3622 2688 con-

2061 2722 2487 2791 sediginquiuut
2505 2721 2720 2778 Littera:
2745 2738 2934 2787 sacrm,
2963 2723 3052 2790 qui
3070 2723 3280 2789 judicat
3298 2723 3618 2790 justitiam),

2064 2810 2306 2864 victores
2362 2810 2418 2864 in
2467 2812 2764 2865 certamine
2785 2811 2975 2879 jejunii
3004 2813 3366 2881 pretiosarum
3401 2821 3619 2868 sancta-

2062 2914 2294 2968 rumque
2370 2902 2616 2956 cruciant
2707 2901 3148 2966 lustrationibus,
3205 2911 3263 2957 et
3331 2917 3615 2958 cereorum

2061 2992 2354 3047 lucentium
2385 2991 2548 3045 donis
2573 2992 2878 3062 esciplunt.
2899 2991 3111 3062 Quippe
3129 3007 3241 3046 non
3267 3007 3389 3045 cum
3407 2993 3616 3047 umbris

405 3075 569 3144 σύνης
597 3077 684 3128 τὸν
726 3077 874 3148 ἥλιον
921 3079 1237 3148 βλέποντας,
1266 3079 1365 3150 τὴν
1402 3080 1531 3134 νέαν
1559 3079 1695 3133 Σιὼν
1713 3083 1802 3135 διὰ
1841 3085 1955 3137 πώ·-

2061 3083 2329 3138 dimicare
2359 3082 2550 3137 ﬁdeles
2579 3083 2790 3146 volunt,
2823 3083 3096 3137 fatuorum
3149 3097 3339 3151 more,
3380 3083 3474 3138 sed
3519 3097 3617 3138 eos

401 3164 493 3216 λου
532 3167 849 3232 φωτῖζοντα,
908 3169 1308 3238 προτρέπονται
1354 3170 1421 3222 δι’
1460 3171 1637 3223 αὐτῶν
1686 3174 1798 3236 τοῖς
1855 3173 1953 3244 ἤδη

401 3259 719 3324 νηστεύουσι
750 3260 1002 3328 νηστείαν
1031 3259 1315 3331 Κυριακὴν
1355 3263 1953 3333 τεσσαρακονθημερον,

402 3350 638 3401 καὶτῶν
689 3351 875 3402 παθῶν
928 3352 994 3404 τὰ
1029 3353 1163 3422 νέφη
1231 3353 1492 3418 διώξασι,
1546 3355 1958 3410 συνανατέλλειν

405 3438 541 3506 μετὰ
569 3441 661 3492 τοῦ
691 3441 968 3507 γίγαντος.
995 3441 1132 3494 Beia
1157 3442 1256 3512 μὲν
1292 3443 1578 3513 κατέχουσι
1606 3447 1724 3508 ταῖς
1774 3447 1954 3514 χερσὶ,

398 3527 484 3580 διὰ
517 3528 576 3580 τὸ
607 3534 931 3598 μεταπεσεῖν
959 3531 1017 3596 ἐξ
1046 3532 1326 3601 ὲμπαθοῦς
1349 3537 1439 3586 καὶ
1473 3537 1788 3605 κοινοτέρας
1825 3537 1955 3598 ἴσως

398 3615 672 3688 διαγωγῆς
729 3621 866 3690 πρὸς
904 3621 1244 3690 ὑψηλοτέραν
1302 3622 1394 3674 καὶ
1449 3623 1674 3692 άπαθῆο
1713 3624 1956 3694 κηρίαδὲ

402 3709 491 3760 καὶ
525 3711 812 3778 σταυροὺς,
843 3711 928 3764 διὰ
951 3714 1012 3763 τὸ
1047 3713 1374 3764 καταϐαλεῖν
1400 3713 1537 3782 μετά
1573 3712 1666 3765 τοῦ
1695 3713 1793 3782 τῆς
1822 3714 1956 3784 ἁλη-

402 3795 550 3860 οείας
578 3798 754 3865 φωτὸς
809 3799 869 3851 τὸ
935 3801 1246 3870 ἀρχέκακον
1293 3802 1466 3854 Σατὰν
1503 3803 1601 3855 καὶ
1644 3804 1954 3856 ἀντίπαλον.

400 3887 506 3937 Καὶ
529 3889 579 3938 τί
602 3888 707 3956 γὰρ
729 3888 854 3942 ἄλλο
883 3888 1054 3958 δῶρον
1077 3889 1361 3957 δοθήσεται
1391 3891 1502 3951 τοῖς
1533 3891 1598 3942 δι’
1629 3890 1956 3960 ἐγκρατείας

400 3981 651 4046 νικήσασι
705 3978 764 4031 τὸ
803 3979 946 4047 μέγα
993 3980 1092 4049 τῆς
1147 3980 1398 4048 νηστείας
1446 3981 1802 4050 παγκράτιον,
1858 3979 1952 4033 τοῦ

399 4067 724 4138 τριποθήτου
761 4068 905 4122 θείου
956 4068 1188 4138 σταυροῦ
1239 4069 1583 4140 τιμιώτερον,
1639 4068 1730 4122 τοῦ
1783 4070 1955 4139 μύλας

406 4157 529 4227 ᾅδου
565 4159 860 4228 παμφάγου
890 4159 1294 4228 συντρίψαντος,
1329 4159 1423 4213 καὶ
1460 4159 1632 4221 πύλας
1687 4158 1832 4229 ζωῆς
1875 4161 1953 4231 τῷ

401 4251 545 4313 γένει
601 4252 707 4302 τῶν
737 4251 1037 4320 ἀνθρώπων
1098 4250 1445 4316 άνοίξαντος;
1498 4252 1720 4309 Πάντως
1773 4252 1952 4304 οὐδέν’

399 4339 449 4390 εί
501 4339 572 4408 μή
611 4355 691 4400 τις
732 4341 870 4390 εἴποι
923 4339 1012 4390 τὸν
1045 4338 1110 4390 δι’
1145 4337 1306 4391 αὐτοῦ
1364 4339 1460 4408 τὴν
1503 4339 1774 4408 σωτηρίαν
1822 4341 1952 4409 ἡμῖν

2061 3173 2229 3230 veluti
2252 3174 2366 3242 jam
2417 3172 3005 3242 aspicientcsjustitite
3058 3173 3250 3237 solem,
3283 3171 3376 3240 qui
3421 3187 3614 3227 novam

2065 3261 2285 3318 Sionem
2319 3279 2415 3332 per
2442 3263 2954 3332 pullumillumiuat,
2987 3275 3082 3331 per
3106 3259 3218 3316 hac
3240 3263 3615 3323 exhortantur,

2057 3362 2117 3408 ιιι
2149 3353 2399 3408 absoluto
2433 3351 2715 3407 Dominico
2741 3350 2949 3405 dierum
2976 3349 3333 3420 quadraginta
3385 3350 3618 3417 jejunio,

2056 3453 2111 3496 et
2140 3444 2378 3498 nubibus
2404 3443 2660 3498 vitiorum
2693 3441 2958 3510 expulsis,
2985 3455 3090 3494 una
3114 3454 3237 3494 cum
3272 3440 3374 3494 hoc
3403 3441 3617 3510 gigante

2058 3530 2228 3598 (dicto
2263 3531 2520 3587 nimirum
2550 3529 2690 3600 sole)
2721 3531 3058 3585 exorientur.
3114 3527 3182 3582 Et
3213 3529 3339 3584 baia
3395 3530 3613 3598 quidem

2053 3623 2311 3677 manibus
2335 3631 2626 3692 prepterea
2682 3629 2890 3686 tenent,
2941 3619 3088 3690 quod
3151 3618 3388 3675 traducti
3443 3619 3614 3674 sinta

2055 3711 2248 3765 vitiosa
2275 3710 2610 3780 profanaque
2635 3709 2869 3765 fortasse
2894 3710 3027 3771 vita,
3058 3709 3123 3763 ad
3149 3708 3526 3764 sublimiorem
3557 3722 3612 3764 et

2053 3802 2314 3856 vitiorum
2369 3811 2686 3873 expertem:
2737 3817 2927 3857 cereos
2977 3815 3106 3856 vero
3153 3815 3280 3856 cum
3327 3802 3612 3862 crucibus.

2049 3890 2198 3960 quod
2235 3907 2360 3946 cum
2391 3893 2595 3948 lumine
2615 3892 2864 3948 veritatis
2887 3898 3162 3946 auctorem
3201 3891 3381 3946 omnis
3412 3892 3538 3946 mali
3559 3901 3614 3945 et

2053 3984 2435 4038 adversarium
2494 3999 2654 4040 suum
2733 3983 2994 4038 Satanam
3055 3980 3490 4052 prostraverint.
3550 3983 3614 4035 Et

2051 4077 2325 4146 quodnam
2358 4075 2500 4131 aliud
2533 4077 2734 4131 donum
2762 4075 2852 4141 iis,
2874 4076 2968 4144 qui
3002 4089 3098 4144 per
3144 4075 3531 4129 continentiam
3555 4074 3609 4128 in

2051 4164 2148 4218 illo
2183 4179 2376 4233 magno
2402 4164 2592 4234 jejunii
2651 4164 2951 4219 certamine
2997 4164 3230 4218 victores
3283 4163 3610 4228 exstiterint,

2051 4253 2174 4308 dari
2226 4255 2518 4322 pretiosius
2596 4255 2770 4322 possit
2821 4254 3159 4323 optatissima
3211 4267 3368 4307 sacra
3425 4268 3608 4314 cruce,

2050 4357 2175 4411 qute
2196 4345 2379 4396 omnia
2403 4342 2718 4397 devorantis
2745 4341 2942 4396 inferni
2970 4343 3240 4411 genuinos
3263 4343 3608 4405 comminuit,

399 4429 744 4499 σχεδιάσαντα
784 4427 988 4496 Ἰησοῦν
1018 4429 1250 4499 Χριστὸν
1281 4430 1373 4483 καὶ
1413 4429 1544 4480 Θεὸν
1574 4428 1749 4498 ἡμῶν.
1796 4429 1947 4482 Ἐπεὶ

2060 4442 2106 4488 et
2161 4431 2399 4485 humano
2461 4432 2640 4500 generi
2691 4431 2816 4486 vitae
2847 4441 3032 4501 portas
3078 4431 3338 4501 aperuit?
3387 4432 3610 4486 omnino

396 4519 453 4570 δὲ
480 4520 572 4570 καὶ
601 4519 823 4588 βασιλέα
855 4520 1076 4580 πολλαῖς
1099 4519 1568 4590 δορυφορούμενον
1597 4535 1665 4570 κυ
1677 4519 1828 4588 ριότη
1841 4536 1945 4585 σιν,

395 4608 613 4677 ἁμέσως
647 4609 679 4678 ἢ
712 4611 852 4661 κατά
879 4610 1123 4679 ῥυπαροῦ
1155 4611 1581 4680 καταστήματος
1607 4609 1705 4661 οὐκ
1736 4608 1949 4672 ἔξεστιν

397 4699 776 4763 ὑποδέξασθαι,
811 4701 924 4753 Νῦν
957 4699 1080 4769 μὲν,
1123 4700 1286 4768 φησιν
1333 4701 1360 4752 ὁ
1417 4701 1588 4768 μέγας
1639 4699 1946 4768 ἀρχιερεὺς.

393 4792 506 4852 τάς
536 4791 865 4860 ἀγχεμάχοις
895 4789 1358 4858 συναριθμήθητε,
1411 4792 1521 4850 τοῖς
1570 4789 1950 4858 σφενδονήταις

396 4880 866 4950 συστοιχειώϐητε,
895 4883 1010 4942 τοῖς
1043 4882 1387 4942 ἀκοντισταῖς
1448 4879 1806 4948 συνανάϐητε.
1856 4878 1950 4932 καὶ

397 4971 511 5032 τοῖς
541 4973 958 5040 τροπαιοφόροις
992 4970 1434 5038 συνανακλίθητε.
1473 4969 1628 5022 Μετὰ
1665 4969 1721 5020 δὲ
1755 4969 1950 5039 μικρὸν

395 5063 806 5131 ἀνοιχθησονται
837 5064 962 5131 ὑμῖν
995 5062 1063 5115 τὰ
1094 5061 1389 5129 ἀνάκτορα,
1438 5065 1529 5113 καὶ
1553 5060 1698 5128 ἴδητε
1741 5060 1830 5112 τὸν
1859 5062 1950 5113 ού-

398 5155 560 5224 ρανοῦ
601 5157 692 5206 καὶ
721 5155 823 5222 γῆς
871 5152 1224 5222 βασιλεύοντα
1272 5150 1684 5218 ἀπερίγραπτον
1741 5149 1948 5219 Κύριον

397 5243 491 5296 καὶ
523 5243 653 5295 Θεὸν
676 5242 829 5312 ἡμῶν
855 5240 1128 5311 σαρκικῶς
1157 5239 1311 5309 χερσὶ
1343 5238 1569 5290 δικαίων
1615 5239 1950 5306 περιγραφόο

398 5349 577 5403 μενον,
611 5335 701 5386 καὶ
725 5331 868 5402 ζωὴν
896 5331 1250 5400 ἀτελεύτητον
1279 5329 1398 5380 ἀντὶ
1435 5327 1602 5396 βαῖων
1643 5328 1952 5396 φιλοτιμού-

398 5439 578 5491 μενον.
623 5423 730 5476 Kal
767 5422 908 5474 κατὰ
939 5422 1038 5490 μὲν
1083 5421 1181 5488 τὴν
1216 5419 1556 5489 χαρμόσυνον
1604 5417 1949 5487 κυριὼνυμον

393 5513 490 5580 τῆς
542 5512 650 5564 τῶν
705 5511 872 5580 βατων
929 5511 1129 5579 σεπτῆς
1177 5507 1554 5576 πανηγύρεως,
1633 5507 1800 5577 κηρία
1857 5508 1951 5560 καὶ

394 5601 658 5670 σταυροὺς
684 5599 1048 5667 λαμϐάνοντες
1073 5601 1121 5650 οἱ
1144 5599 1280 5660 λαοὶ,
1314 5600 1408 5666 τὴν
1436 5596 1576 5649 κατὰ
1596 5596 1688 5648 τοῦ
1718 5596 1948 5650 θανάτου

396 5691 548 5759 νίκην
577 5692 786 5752 δαυτοῖς
821 5689 1339 5758 προμνηστεύονται,
1371 5689 1462 5740 καὶ
1492 5689 1565 5750 ὡς
1591 5689 1818 5756 ἀστέρες
1853 5705 1948 5739 κα-

2052 4521 2288 4583 nullum,
2316 4519 2420 4575 nisi
2441 4519 2566 4590 quis
2587 4519 2769 4574 dicere
2787 4521 2912 4574 velit
2931 4519 3117 4575 losum
3140 4521 3413 4576 Christum
3439 4518 3605 4574 Deum

2053 4621 2319 4671 nostrum,
2353 4611 2446 4678 qui
2479 4625 2575 4679 per
2609 4624 2828 4664 crucem
2855 4611 3014 4664 nobis
3036 4610 3262 4664 salutem
3293 4609 3606 4678 aequisivit.

2054 4699 2112 4755 Et
2145 4702 2401 4767 quoniam
2453 4716 2631 4768 regem
2667 4701 2962 4754 multorum
2988 4699 3363 4753 dotuinatuum
3403 4701 3611 4754 satelli-

2054 4793 2130 4846 tio
2169 4795 2428 4860 Stipatum
2465 4793 2586 4847 sine
2617 4792 2821 4854 medio,
2873 4791 2958 4844 vel
3011 4805 3136 4844 cum
3191 4786 3331 4843 statu
3389 4790 3610 4843 sordido

2052 4897 2161 4936 non
2194 4882 2318 4935 licet
2347 4882 2639 4949 excipere;
2669 4879 2824 4934 Nunc
2873 4880 3112 4948 quidem,
3160 4879 3334 4947 inquit
3383 4895 3609 4948 magnus

2054 4972 2144 5026 ille
2190 4971 2453 5040 pontifex,
2478 4972 2620 5025 inter
2654 4969 2840 5039 pedem
2861 4969 3200 5023 conferentes
3226 4969 3606 5026 numeremiui,

2055 5060 2396 5114 funditorum
2425 5059 2620 5114 ordine
2648 5059 2954 5124 consistite,
2987 5072 3110 5112 cum
3147 5058 3446 5128 sagittariis
3487 5073 3607 5125 per-

2053 5150 2184 5218 gite,
2215 5164 2338 5203 cum
2388 5150 2729 5219 gestantibus
2762 5155 2964 5217 tropaea
2992 5148 3352 5216 procumbite.
3404 5145 3608 5201 Verum

2053 5248 2178 5310 post
2206 5240 2460 5311 exiguum
2488 5239 2752 5309 temporis
2775 5239 3113 5293 intervallum
3137 5237 3250 5308 ipsa
3280 5236 3421 5307 regia
3453 5237 3607 5290 vobis

2052 5332 2342 5398 aperietur,
2379 5344 2441 5382 ac
2469 5329 2718 5384 videbitis
2744 5329 2865 5382 caeli
2891 5336 3154 5396 terraeque
3191 5327 3410 5396 Regem,
3442 5327 3607 5381 nullis

2052 5420 2525 5489 circumscriptum
2557 5421 2806 5474 terminis
2834 5418 3120 5472 Dominum
3161 5417 3438 5487 Deumque
3479 5433 3609 5472 nos-

2053 5521 2196 5564 trum
2240 5511 2530 5564 carnaliter
2566 5510 2838 5579 justorum
2893 5509 3144 5563 manibus
3201 5508 3603 5572 circumscribi,

2052 5603 2326 5670 vitamque.
2357 5599 2508 5653 vobis
2541 5600 2646 5654 fine
2680 5607 2955 5653 carentem
2976 5598 3221 5652 baiarum
3251 5597 3369 5651 loco
3403 5595 3605 5665 largiri.

2053 5690 2127 5743 Ac
2155 5692 2268 5743 laeta
2301 5689 2516 5758 quidem
2545 5690 2633 5742 illa
2669 5689 2756 5742 die
2798 5687 3072 5742 Dominica
3111 5686 3433 5742 venerabilis
3458 5686 3608 5740 baio-
