4016 6454
411 383 540 450 ῙϋἹῙ
1655 384 1935 446 THEOD.
1980 383 2066 441 BA
2081 381 2451 441 LSAMONIS
3515 377 3644 442 1072

423 524 541 560 rum
567 505 904 568 iestivitatis,
941 504 1068 556 dum
1110 504 1292 572 populi
1326 518 1512 557 cereos
1543 513 1594 555 et
1618 518 1810 556 cruces
1831 503 1971 554 ιιι-υἱ·
2001 535 2017 566 λ

2120 503 2440 569 ιφωτίζουσι
2468 501 2564 570 τὴν
2585 503 2846 568 ἀναστρον
2871 501 3103 570 σφαῖραν
3134 499 3235 568 τῆς
3258 501 3633 568 ἀπογνώσεως,

423 598 575 664 piunt
603 632 620 658 ,
666 595 952 648 victoriam
995 593 1256 646 adversus
1283 601 1511 646 mortem
1541 593 1643 645 sibi
1679 601 1827 646 certe
1860 591 1982 643 des--

2151 595 2222 658 ὡς
2246 594 2417 648 δοῦλοι
2451 595 2625 646 πιστοὶ
2653 593 3061 663 λαμπαδηφόροι
3089 592 3196 654 τάς
3223 591 3471 662 τριόδους
3491 608 3634 661 περι·

430 685 689 753 pendent,
715 697 768 740 et
820 687 996 740 instar
1047 685 1286 738 siderum
1341 683 1648 736 illuminant
1699 687 1974 749 expertem

2125 683 2373 752 ρχόμενοι
2404 719 2419 745 ,
2463 679 2555 733 τοῦ
2619 681 2849 748 νυμφίου
2897 681 2993 750 τὴν
3048 677 3316 748 ὲνδημίαν
3367 677 3637 746 καταλαμο

425 785 696 829 astrorum
769 777 1034 844 sphaeram
1093 774 1533 842 desperationis;
1588 773 1666 826 vel
1726 779 1983 838 tanquam

2120 775 2372 843 τρύνουσι,
2405 774 2498 824 καὶ
2529 772 2624 841 τὴν
2654 771 2834 840 λώϐην
2857 771 2966 822 τῶν
2999 771 3056 824 ὲν
3103 773 3296 823 σκότει
3320 768 3636 836 καθημένων

430 866 573 919 servi
623 865 821 928 ﬁdeles,
863 865 954 932 qui
977 863 1117 918 faces
1145 871 1380 934 gestant,
1413 878 1507 931 per
1540 863 1699 915 trivia
1743 861 1988 914 circum-

2126 863 2420 932 ίρεσιωτῶν
2452 861 2858 930 θριαμόεύουσι.
2894 860 3047 915 Μετὰ
3077 860 3135 912 δὲ
3188 859 3388 928 τρίτην
3417 860 3640 927 ἡμέραν,

427 965 639 1019 euntes,
681 956 966 1009 adventum
1030 957 1216 1023 sponsi
1283 955 1699 1023 splendidiorem
1732 952 1985 1014 reddunt,

2139 952 2244 1004 τῶν
2274 951 2627 1021 ἀνθρωπίνων
2660 951 2845 1020 ψυχῶν
2888 950 3164 1018 κηδεμὼν,
3219 951 3249 1000 ὁ
3298 950 3639 1017 πατριάρχης

431 1048 606 1114 deque
635 1048 781 1115 lepra
822 1046 1174 1100 sectariorum
1199 1047 1251 1098 in
1275 1045 1504 1114 caligine
1533 1043 1833 1098 sedentium
1855 1055 1988 1111 qua-

2120 1042 2248 1110 ›ημὶ,
2273 1041 2394 1093 καθ’
2436 1041 2627 1093 ἑαυτὸν
2662 1041 2848 1108 ὥσπερ
2879 1040 3364 1107 συλλογισάμενος,
3415 1038 3488 1107 μὴ
3509 1039 3639 1108 λάθῃ

431 1137 475 1191 si
510 1138 867 1204 triumphant.
902 1136 1026 1189 Post
1055 1134 1196 1188 diem
1230 1149 1356 1188 vero
1389 1136 1608 1186 tertimn
1650 1140 1869 1186 curator
1897 1131 1987 1184 ille

2120 1147 2183 1193 ἰς
2242 1131 2537 1199 ἀχρειῶσαι
2587 1129 2681 1182 τοῦ
2731 1130 2996 1198 σωτηρίου
3041 1129 3259 1189 πάθους
3305 1127 3375 1180 τά
3425 1127 3644 1189 ἔπαθλα,

435 1228 789 1279 humanarum
849 1226 1178 1288 animarum,
1220 1223 1474 1278 videlicet
1505 1224 1624 1291 ipse
1651 1222 1985 1290 patriarcha,

2120 1221 2208 1273 ml.
2250 1222 2370 1290 μέλι
2400 1222 2507 1290 γὰρ
2533 1221 2687 1274 εἴωθε
2710 1220 2967 1296 πολλάκις
2989 1220 3084 1289 τὴν
3113 1217 3368 1287 ἡδύτητα
3397 1219 3647 1287 μετάγειν

435 1316 592 1384 quasi
657 1315 961 1367 rationibus
1011 1328 1197 1367 secum
1257 1313 1532 1380 expensis,
1584 1326 1650 1364 ne
1684 1311 1807 1378 quis
1844 1311 1982 1363 clam

2123 1311 2169 1371 ίς
2191 1309 2400 1378 ἔμετον,
2434 1311 2480 1361 εί
2518 1309 2880 1378 μεταληφθείη
2938 1309 3089 1376 παρὰ
3125 1309 3189 1360 τὸ
3221 1305 3540 1376 χρήσιμον,)
3580 1305 3647 1366 ὡς

439 1408 557 1474 ipso
614 1407 869 1459 salutaris
922 1404 1192 1473 passionis
1249 1405 1470 1473 praemia
1534 1410 1726 1455 tractet
1773 1400 1992 1469 indigne

2120 1399 2370 1466 ἱγρυπνος
2399 1399 2572 1467 φύλαξ
2601 1400 2835 1460 ἀναστὰς
2861 1399 3267 1469 όρθριαίτερον,
3310 1397 3495 1450 δίδωσι
3543 1401 3646 1458 τοῖς

435 1495 584 1562 (nam
622 1493 797 1559 ipsum
829 1494 932 1546 mel
963 1507 1179 1560 quoque
1227 1493 1425 1561 saepius
1452 1490 1790 1544 dulcedinem
1839 1502 1992 1541 suam

2120 1491 2302 1552 πιστοῖς
2335 1490 2672 1557 θυμιάματα,
2703 1487 2909 1557 ὁμιλῶν
2941 1485 3052 1540 οἷον
3093 1489 3184 1540 διά
3214 1487 3427 1540 τούτων
3449 1487 3644 1548 αὐτοῖς,

439 1584 492 1635 in
529 1584 785 1636 vomitum
825 1589 1145 1636 convertere
1173 1582 1329 1644 solet,
1361 1582 1406 1634 si
1457 1580 1616 1632 aliter
1639 1592 1800 1647 quam
1835 1591 1995 1645 expe-

2120 1580 2189 1631 ιαὶ
2226 1579 2633 1649 ὑποτιθέμενος,
2689 1578 2763 1648 μὴ
2811 1577 3231 1647 πανηγυρικῶς,
3280 1575 3420 1628 ἀλλά
3467 1577 3646 1642 ἀγωνι-

439 1673 574 1731 diat,
603 1679 878 1739 sumptmn
908 1672 1030 1738 sit),
1068 1672 1242 1726 instar
1275 1670 1519 1725 custodis
1547 1668 1787 1738 vigilacis
1819 1677 1997 1720 matu-

2120 1671 2297 1732 ττικῶς
2325 1670 2435 1723 τῶν
2467 1669 2661 1739 ἑφεξῆς
2693 1669 2856 1737 τριῶν
2895 1668 3116 1738 ἡμερῶν
3155 1667 3222 1719 τὸ
3265 1665 3483 1719 στάδιον
3525 1666 3645 1718 ἀναο

441 1762 558 1816 rius
590 1775 842 1830 surgens,
894 1762 1104 1814 incensi
1152 1761 1249 1816 dat
1295 1760 1567 1821 ﬁdelibus,
1609 1758 1854 1812 indicare
1896 1771 1993 1827 per

2120 1761 2369 1824 ἱέξασθαι.
2415 1760 2531 1814 Κᾶν
2577 1762 2686 1828 γὰρ
2739 1759 3058 1820 ἀκινδύνως,
3086 1760 3246 1827 φησὶ,
3279 1759 3341 1810 τὸ
3391 1756 3530 1825 μέγα
3556 1754 3645 1820 τῆς

446 1851 560 1904 hate
592 1853 805 1914 volens,
856 1861 912 1904 et
961 1850 1257 1905 admonere
1289 1889 1304 1914 ,
1336 1865 1404 1903 ne
1449 1848 1644 1904 festivo
1702 1861 1870 1912 more,
1903 1845 1996 1900 sed

2120 1851 2348 1920 νηστείας
2405 1849 2835 1920 διεπεραιώθητε
2893 1849 3127 1916 πέλαγος
3191 1847 3272 1916 τῷ
3329 1845 3501 1914 ,ἱστίῳ
3565 1843 3645 1895 τοῦ

450 1940 693 2009 pugilum
727 1942 832 1994 ritu
895 1938 1151 2007 deinceps
1193 1938 1401 1992 dierum
1445 1937 1778 1992 curriculum
1827 1935 2000 1990 susci-

2120 1940 2330 2010 ῖταυροῦ
2375 1941 2778 2010 κουφιζόμενοι,
2846 1939 2938 1992 καὶ
2987 1939 3141 2007 παρά
3186 1937 3267 2005 τῷ
3293 1935 3424 2003 θείῳ
3479 1931 3644 2002 λιμένι

450 2030 618 2096 piant.
652 2026 802 2080 Licet
829 2027 997 2091 enim,
1023 2027 1218 2094 inquit,
1254 2027 1460 2095 absque
1483 2025 1723 2094 periculo
1746 2038 1997 2092 magnum

2120 2031 2208 2084 τῶν
2238 2031 2406 2098 ἁγίων
2433 2029 2620 2082 παθῶν
2649 2029 2742 2082 τοῦ
2777 2027 3014 2099 Χριστοῦ
3048 2028 3144 2080 καὶ
3169 2025 3310 2079 Θεοῦ
3347 2024 3500 2094 ἡμῶν
3528 2038 3647 2073 κατ-

454 2119 584 2170 illud
617 2117 810 2186 jejunii
845 2118 1068 2187 pelagus
1098 2131 1128 2170 a
1161 2117 1342 2171 erucis
1373 2118 1491 2170 velo
1521 2115 1790 2170 sublevati
1835 2115 1998 2182 traje-

2120 2122 2370 2189 ηντήσατε
2391 2159 2406 2185 ,
2464 2119 2597 2173 ἀλλά
2649 2119 2738 2172 τδν
2805 2119 3067 2188 ἀτίμητον
3142 2117 3246 2170 οὐκ
3296 2115 3646 2182 ἐπλουτήσατε

450 2209 631 2269 cistis,
671 2217 724 2261 et
782 2207 850 2261 ad
907 2207 1148 2260 divinum
1181 2217 1393 2276 portum
1449 2213 1764 2260 sanctorum
1796 2203 2000 2258 Christi

461 2297 660 2363 Deique
699 2296 871 2350 nostri
906 2297 1204 2350 cruciatum
1249 2295 1575 2365 appulistis:
1613 2305 1793 2348 tamen
1829 2294 2000 2346 instar

459 2387 606 2440 illius
638 2385 920 2454 prudentis
949 2385 1323 2455 negotiatoris,
1373 2384 1806 2438 inaestimabilem
1852 2383 2002 2436 illum

459 2478 713 2530 unionem
733 2477 1015 2530 consecuti
1040 2490 1145 2530 non
1173 2477 1325 2529 estis.
1349 2474 1539 2528 Adhuc
1563 2474 1706 2528 enim
1727 2474 2004 2542 praedones

459 2581 521 2618 ac
553 2565 789 2617 latrones
817 2565 1058 2618 studiose
1089 2563 1308 2616 domino
1338 2578 1431 2631 per
1466 2562 1718 2617 tenebras
1739 2562 2004 2617 insidian-

462 2662 571 2716 tur,
603 2661 654 2707 et
703 2653 804 2706 reti
842 2651 1076 2720 quodam
1140 2652 1412 2706 homicidii
1452 2661 1703 2717 consuto,
1757 2651 2006 2721 capiendi

459 2742 576 2810 ejus
612 2743 952 2797 occasionem
1004 2750 1272 2810 quarunt.
1322 2741 1494 2812 igitur
1545 2742 1706 2797 etiam
1749 2741 2005 2812 deinceps

460 2835 766 2903 vigilemus,
805 2841 858 2887 et
881 2849 1001 2886 cum
1022 2832 1222 2888 Iudaeis
1252 2834 1508 2889 excubias
1536 2834 1816 2902 agentibus
1848 2849 2010 2889 excu-

465 2927 672 2979 bemus.
711 2923 815 2993 Ipsi
845 2925 1061 2993 quidem
1090 2924 1144 2978 in
1183 2925 1418 2980 tenebris
1453 2940 1547 2994 per
1569 2939 1717 2980 mare
1742 2926 2013 2996 vagabun-

467 3019 574 3074 tur,
612 3012 886 3067 incassum
913 3013 1048 3066 retia
1082 3013 1358 3066 laxantes:
1401 3026 1503 3066 nos
1549 3022 1729 3068 autem
1766 3013 2009 3067 ambule-

2104 2215 2408 2282 μάργαρον,
2457 2213 2532 2276 ὡς
2587 2215 2792 2276 ἐκεῖνος
2835 2214 2863 2265 ό
2898 2213 3163 2282 φρόνιμος
3220 2210 3483 2279 ἔμπορος.
3539 2205 3648 2257 Ἔτι

2102 2303 2207 2372 γὰρ
2236 2303 2482 2372 ἅρπαγες
2515 2304 2609 2356 καὶ
2633 2303 2828 2372 λῃσταὶ
2853 2301 3160 2364 σπουδαίως
3189 2298 3543 2370 ὲρεόοδιφῶσι
3568 2294 3646 2346 τδν

2103 2391 2328 2461 Κύριον,
2362 2395 2454 2446 καὶ
2487 2395 2726 2461 σαγήνην
2762 2391 3070 2462 μιαιφονίας
3102 2390 3508 2461 συρράψαντες,
3544 2401 3649 2438 και-

2106 2481 2433 2552 ροσκοποῦσι
2457 2483 2642 2535 τούτου
2663 2483 2760 2552 τὴν
2783 2481 3004 2536 ἅλωσιν.
3025 2481 3284 2552 Γρηγορή
3295 2494 3472 2547 σωμεν
3487 2477 3646 2528 τοίνυν

2108 2575 2202 2626 καὶ
2231 2571 2445 2642 ἐφεξῆς»
2498 2573 2593 2624 καὶ
2649 2573 2762 2635 τοῖς
2792 2569 3164 2640 ἀγρυπνοῦσιν
3217 2567 3500 2628 Ἰουδαίοις
3538 2581 3648 2616 συν⁶

2109 2661 2564 2732 αγρυπνήσωμεν.
2598 2660 2760 2714 Αὐτοὶ
2802 2661 2900 2729 μὲν
2945 2661 3055 2730 γὰρ
3096 2661 3158 2712 ὲν
3199 2658 3380 2712 σκότει
3410 2668 3650 2708 ποντοπο-

2111 2754 2354 2824 ρήσουσι,
2407 2753 2590 2813 κεναῖς
2624 2750 2850 2813 ὠλέναις
2907 2750 3212 2818 ἁφάσοντες
3232 2748 3454 2801 δίκτυα·
3507 2745 3648 2814 ἡμεῖς

2108 2843 2153 2895 δ’
2176 2843 2232 2893 ὲν
2262 2839 2441 2910 ἡμέρᾳ
2468 2841 2942 2908 περιπατήσωμεν,
2973 2838 3065 2891 καὶ
3091 2838 3190 2891 τοῦ
3223 2839 3400 2906 φωτὸς
3430 2835 3494 2888 τὰ
3518 2834 3641 2902 ἔργα

2110 2929 2408 3000 ληψόμεθα.
2443 2929 2606 2982 Αὐτοὶ
2663 2931 2786 2992 τοὺς
2833 2929 3105 2992 σκόλοπας
3158 2926 3645 2996 ἀγκιστρεύσουσιν,

2114 3023 2278 3090 ἡμεῖς
2309 3019 2364 3072 δὲ
2391 3019 2487 3088 τὴν
2520 3019 2692 3088 ἄγραν
2721 3018 3089 3089 κερδήσωμεν.
3115 3019 3283 3071 Αὐτοὶ
3321 3019 3410 3071 τὸν
3451 3015 3645 3086 μάργαο

470 3117 590 3155 mus
624 3103 676 3156 in
706 3103 814 3166 die,
849 3118 911 3156 ac
933 3103 1070 3158 lucis
1087 3118 1248 3172 opera
1275 3103 1825 3174 consequemur:ipsi
1851 3103 2011 3159 sudes

2120 3128 2209 3182 ρον
2245 3111 2301 3163 ὲν
2327 3109 2456 3178 λίθῳ
2486 3099 2836 3179 καλύψουσιν,
2871 3111 3030 3179 ἡμεῖς
3057 3109 3111 3161 δὲ
3154 3109 3343 3162 τοῦτον
3387 3110 3444 3160 ὲν
3473 3107 3647 3172 ὀστρα-

473 3193 654 3249 hamis
685 3196 1041 3257 uncinabunt,
1086 3209 1186 3248 nos
1215 3193 1453 3263 praedam
1510 3195 1875 3249 lucrabimur:
1914 3195 2016 3265 ipsi

470 3285 723 3340 unionem
760 3287 814 3338 in
861 3286 1040 3354 lapide
1102 3295 1304 3356 tegent,
1343 3300 1443 3341 nos
1491 3300 1612 3340 eum
1653 3287 1707 3339 in
1767 3289 2016 3342 testaceis

469 3376 616 3437 vasis
652 3375 1032 3429 recondemus.
1066 3373 1354 3443 Postquam
1392 3377 1445 3428 in
1470 3375 1611 3430 hunc
1635 3377 1852 3431 modum
1891 3377 2018 3432 data

471 3471 598 3518 sunt
629 3465 871 3529 incensa,
935 3474 988 3518 et
1018 3465 1248 3534 populus
1305 3480 1518 3520 rursum
1553 3480 1743 3522 manus
1775 3483 1900 3522 suas
1951 3468 2018 3522 ad

467 3552 899 3622 jejuniipelagus
939 3566 1199 3621 pr05pero
1241 3568 1407 3608 cursu
1441 3553 1660 3616 direxit,
1698 3564 2020 3624 noctemque

475 3652 788 3696 sanctarum
840 3640 1043 3696 Christi
1116 3643 1456 3696 cruciatuum
1517 3645 1709 3700 faculis
1779 3645 2020 3702 accensis

475 3733 813 3786 collustravit
853 3735 998 3803 (nam
1053 3732 1108 3788 in
1161 3731 1246 3787 die
1299 3734 1660 3800 ambulantes,
1717 3742 1775 3788 ut
1835 3749 2019 3789 eorum

479 3837 646 3885 more,
674 3823 767 3892 qui
811 3823 1088 3878 ambulant
1123 3825 1176 3878 in
1235 3823 1494 3888 tenebris,
1516 3831 1792 3879 nocturna
1824 3824 2024 3879 faciant

478 3913 674 3966 itinera
713 3913 828 3967 ﬁeri
859 3914 1008 3969 nullo
1025 3914 1187 3969 modo
1209 3914 1436 3986 potest):
1487 3922 1599 3968 tum
1629 3930 1754 3970 vero
1789 3930 2024 3984 sponsus

481 4002 731 4057 Ecclesia!
748 4018 938 4058 rursus
962 4006 1212 4059 exoriens
1237 4007 1406 4060 instar
1433 4006 1682 4059 matutini
1700 4015 1792 4058 aut
1814 4021 2025 4073 vesper-

479 4095 574 4146 tini
601 4093 835 4158 Arcturi,
876 4093 963 4146 die
1006 4093 1183 4148 fausto
1211 4096 1384 4149 sancti
1415 4095 1696 4150 Paschalis
1747 4095 2024 4151 Dominico

482 4183 626 4236 velut
652 4183 789 4236 alter
811 4183 1024 4237 divinus
1055 4183 1230 4240 Moses
1257 4186 1381 4239 sinu
1413 4200 1513 4239 suo
1539 4185 1741 4238 Christi
1770 4187 2024 4254 populum

480 4271 705 4338 excipit,
745 4272 1008 4340 quasique
1069 4275 1454 4343 congratularis
1517 4276 1618 4340 eis,
1669 4279 1758 4346 qui
1813 4292 2026 4331 omnem

480 4359 842 4412 sceleritatem
875 4358 1250 4429 Egyptiacam
1294 4357 1659 4427 excusserint,
1704 4373 1757 4419 et
1785 4364 2025 4419 Pharao-

2119 3199 2286 3261 κίνοις
2318 3198 2842 3268 ἀποθησαυρίσωμεν
2881 3198 3150 3251 σκεύεσιν.
3191 3197 3348 3251 Οῦτω
3379 3194 3647 3263 γινομένης

2118 3291 2210 3344 καὶ
2231 3289 2427 3358 ταύτης
2464 3289 2572 3342 τῶν
2594 3288 2950 3358 θυμιαμάτων
2977 3289 3075 3357 τῆς
3105 3289 3418 3350 διαδόσεως,
3449 3285 3536 3337 καὶ
3561 3279 3644 3335 τοῦ

2117 3377 2244 3432 λαοῦ
2272 3379 2367 3439 τὰς
2395 3380 2578 3447 χεῖρας
2611 3378 2768 3430 πάλιν
2791 3380 2881 3430 ἐπὶ
2903 3379 2961 3430 τὺ
2994 3381 3090 3447 τῆς
3123 3377 3380 3446 νηστείας
3405 3372 3650 3443 οὐριοδρο-

2123 3470 2391 3538 μήσαντος
2422 3468 2674 3533 πέλαγος,
2699 3470 2791 3520 καὶ
2821 3467 2915 3539 τὴν
2946 3469 3114 3521 νύκτα
3144 3467 3253 3520 τῶν
3288 3465 3453 3534 ἁγίων
3482 3459 3649 3515 παθῶν

2117 3560 2211 3612 τοῦ
2232 3558 2465 3627 Χριστοῦ
2496 3558 2742 3627 λαμπάσι
2777 3558 3352 3628 καταπυρσεύσαντος,
3388 3553 3526 3623 (τοὺς
3554 3548 3648 3616 γὰρ

2121 3649 2178 3702 ὲν
2229 3648 2412 3718 ἡμέρᾳ
2456 3647 2889 3717 περιπατοῦντας
2942 3647 3294 3700 νυκτοϐατεῖν
3353 3641 3490 3696 κατά
3538 3637 3646 3697 τοὺς

2122 3738 2534 3807 έσκοτισμένους
2562 3738 2866 3805 ἀδύνατον,)
2898 3740 2926 3791 ό
2953 3738 3049 3806 τῆς
3095 3735 3422 3806 Ἐκκλησίας
3441 3727 3648 3798 νυμφίος

2122 3828 2405 3890 ἀνατείλας
2435 3829 2527 3880 καὶ
2549 3827 2731 3891 πάλιν,
2758 3828 2903 3884 καθά
2931 3844 3012 3890 τις
3032 3829 3184 3897 είπῃ,
3214 3827 3344 3894 ἑῷος
3373 3819 3646 3892 ἀρκτοῦρῡς

2121 3920 2214 3972 καὶ
2232 3918 2642 3989 ἀκροκνέφαιος,
2665 3918 2803 3972 κατά
2824 3919 2922 3988 τὴν
2945 3917 3177 3987 φαιδρὰν
3193 3917 3284 3969 τοῦ
3309 3913 3456 3982 ἁγίου
3477 3910 3647 3976 Πάσχα

2123 4012 2334 4080 ἡμέραν
2359 4009 2455 4080 τὴν
2489 4009 2825 4079 κυριώνυμον
2855 4010 2928 4071 ὡς
2962 4009 3118 4072 ἀλλος
3143 4009 3428 4068 θεσπέσιος
3459 3999 3643 4066 Μωσῆς

2123 4100 2212 4154 τὸν
2239 4099 2331 4152 τοῦ
2366 4098 2604 4168 Χριστοῦ
2638 4099 2762 4152 λαὸν
2787 4098 3190 4165 έγκολπίζεται.
3221 4099 3328 4153 Καὶ
3363 4092 3648 4163 συγχαίρων

2125 4183 2233 4241 οἷον
2271 4189 2472 4251 αὐτοῖς,
2525 4190 2703 4242 πᾶσαν
2751 4190 3129 4260 Αίγυπτιακὴν
3193 4181 3646 4251 ἀποτιναξαμένοις

2125 4279 2402 4347 κακότητα
2423 4280 2513 4331 καὶ
2533 4279 2730 4349 Φαραὼ
2749 4269 2979 4350 διῶκτην
3005 4280 3430 4334 καταποντίσασι
3451 4291 3461 4302 ·
3481 4270 3645 4326 Δεῦτε,

2129 4372 2315 4437 φησὶν,
2351 4371 2486 4423 ἴδετε
2516 4373 2614 4439 τῆς
2640 4370 2944 4440 όρθοδοξίας
2983 4373 3032 4424 οί
3095 4371 3344 4442 ἔμποροι,
3383 4367 3429 4418 οί
3461 4363 3514 4416 τὸ
3559 4358 3643 4442 τῆς

485 4460 602 4498 nem
668 4457 1068 4513 persecutorem
1128 4450 1263 4502 mari
1329 4452 1724 4505 submerserint
1762 4454 2017 4517 :Adeste1

2131 4461 2384 4528 νηστείας
2420 4439 2716 4523 ἀκινδύνως
2771 4463 3104 4530 περάσαντες
3130 4439 3138 4442 ν
3168 4439 3418 4526 πέλαγος,
3468 4439 3646 4506 ποῦἶδ

480 4536 674 4604 inquit,
711 4539 934 4606 aspicite
958 4554 1052 4594 vos
1072 4547 1396 4594 mercatores
1416 4541 1726 4595 orthodoxa:
1747 4542 2026 4608 doctrinm,

478 4625 571 4690 qui
635 4625 770 4678 citra
827 4628 1131 4695 perieulum
1190 4627 1413 4695 pelagus
1463 4627 1652 4694 iejunii
1712 4629 2023 4698 trajecistis,

483 4726 717 4781 quonam
752 4714 968 4767 invidia!
997 4713 1194 4768 ﬂuctus
1216 4715 1336 4768 vita:
1360 4714 1674 4770 thesaurum
1703 4717 2023 4786 jactaverit:

479 4797 695 4849 ubinam
731 4797 1028 4853 insomnem
1089 4799 1241 4852 illum
1287 4799 1543 4856 unionem
1597 4804 1830 4860 turbinis
1862 4818 2026 4863 aestus

481 4885 766 4955 abreptum
801 4887 856 4940 in
923 4887 1196 4955 sepulcro,
1222 4895 1472 4956 tanquam
1496 4890 1548 4944 in
1575 4900 1774 4957 ostreo,
1799 4897 2023 4951 exalave-

484 4977 573 5027 rit.
629 4973 876 5045 Cumque
924 4977 1171 5031 videritis
1194 4978 1402 5034 saniem
1469 4981 1522 5033 vi
1576 4979 1806 5051 fulguris
1853 4985 2024 5041 divini

468 5074 830 5129 commotam,
857 5076 913 5119 et
940 5066 1196 5120 unionem
1217 5067 1433 5136 propria
1467 5079 1734 5138 potestate
1753 5075 2024 5142 prodeun-

483 5166 614 5213 tem,
647 5168 711 5206 ac
738 5156 1041 5224 expositum
1070 5158 1410 5227 emptoribus
1429 5162 1565 5214 citra
1589 5164 1755 5216 ullum
1771 5166 2022 5232 pretium;

484 5243 716 5308 accipite
743 5259 863 5296 eum
901 5245 1163 5316 vobisque
1210 5249 1538 5316 peculiarem
1577 5251 1756 5316 facite,
1793 5269 1856 5308 ac
1904 5259 2026 5309 vitae

483 5340 703 5384 asternc
739 5334 1054 5388 thesaurum
1099 5336 1505 5408 vobismetipsis
1561 5341 1839 5410 acquirite.
1894 5341 2028 5395 For-

482 5424 646 5478 tassis
697 5424 860 5479 etiam
922 5441 1070 5481 more
1119 5430 1290 5498 patris
1346 5431 1578 5490 liberum
1626 5434 1882 5497 amantis,
1933 5435 2024 5504 qui

2135 4549 2275 4617 μέγα
2301 4549 2449 4619 κῦμα
2469 4549 2563 4602 τοῦ
2595 4551 2788 4617 φθόνου
2821 4550 2912 4602 τὸν
2939 4549 3038 4617 τῆς
3084 4550 3228 4619 ζωῆς
3258 4541 3516 4613 Θησαυρὸν
3549 4537 3643 4588 ἀπ-

2133 4636 2348 4690 εκύλισε
2369 4653 2382 4666 ’
2421 4637 2522 4690 ποῦ
2560 4637 2650 4691 τὸν
2682 4638 2981 4708 ἀκοίμητον
3027 4637 3311 4707 μάργαρον
3341 4623 3646 4701 εὐροκλύδων

2132 4727 2435 4793 τυφωνικὸς
2463 4727 2538 4788 ὡς
2567 4729 2625 4779 ὲν
2673 4728 2879 4798 ὀστρέῳ
2912 4728 2988 4798 τῷ
3030 4729 3183 4796 τάφῳ
3209 4719 3521 4790 κατέκρυψε.
3552 4709 3645 4764 Καὶ

2135 4815 2333 4878 ἰδόντες
2358 4817 2420 4869 τὸ
2449 4816 2546 4887 μὲν
2571 4817 2792 4887 ’ἐλυτρον
2829 4816 3224 4886 μετασαλευθὲν
3246 4811 3462 4896 δυνάμει
3481 4798 3646 4896 θεῖκῖξς

2134 4903 2442 4974 ἀστραπῆς,
2481 4906 2572 4956 τὸν
2603 4904 2660 4957 δὲ
2706 4904 2985 4975 μάργαρον
3022 4901 3373 4968 αὐτεξουσίως
3399 4895 3646 4958 ὲξανατει-

2131 4991 2436 5058 λαντα,καὶ
2461 4995 2538 5056 είς
2577 4995 2845 5062 ἐμπορίαν
2887 4995 3242 5063 προκείμενον
3281 4980 3642 5063 ἀπραγματεν·

2129 5097 2242 5144 τον,
2289 5081 2482 5134 λάϐετε
2528 5060 2736 5135 τοῦτον
2763 5082 2854 5134 καὶ
2906 5060 3216 5135 ίδιώσασθαι
3263 5079 3339 5140 ⁸⁸,
3391 5072 3478 5126 καὶ
3519 5060 3644 5127 ζωὴν

2136 5169 2353 5223 αίὼνιον
2384 5173 2592 5233 ἑαυτοῖς
2627 5171 3120 5241 ἀποθησαυρίσατε.
3158 5170 3306 5237 Τάχα
3328 5164 3382 5217 δὲ
3409 5157 3493 5214 καὶ
3521 5144 3642 5205 κατὰ

2134 5260 2342 5328 πατέρα
2390 5259 2764 5328 φιλόστοργον,
2827 5259 2918 5312 νῦν
2967 5259 3194 5329 πρώτως
3256 5255 3420 5308 ἰδόντα
3471 5241 3640 5329 παῖξας

2135 5326 2435 5416 ἀμύμονας,
2468 5350 2574 5400 ἀπὸ
2611 5326 2822 5418 μακρᾶς
2851 5351 2943 5403 καὶ
2983 5326 3323 5407 κινδυνώδους
3367 5326 3638 5400 ἀποδημίας

2136 5437 2387 5499 ἀϐλαϐῶς
2426 5439 2847 5510 ἐνδημὴσαντας,
2898 5441 2956 5489 ἐν
2985 5438 3245 5510 φιλήματι
3277 5433 3409 5502 ἁγίῳ
3438 5431 3639 5490 περιχα-

1709 5629 1940 5684 VARUE
1979 5630 2371 5686 LECTlONES.

552 5712 594 5743 ⁸⁸
633 5712 938 5765 ἰδιώσασῢε.
