4016 6408
413 408 550 476 1ῡ73

1853 416 2259 478 ΜΕΟΗἈΤΑ.

3500 422 3636 486 1024i

426 540 535 613 ρῶς
564 540 991 604 κατασπάζεται,
1023 543 1114 596 καὶ
1145 544 1361 612 ἀνοίξας
1387 546 1513 610 τοὺς
1540 546 1847 617 θησαυροὺς
1876 547 1970 616 τῆς

2073 544 2182 613 jam
2216 541 2452 613 primunt
2477 540 2617 596 ﬁlios
2648 541 2790 596 videt
2820 556 2884 596 ex
2930 541 3185 612 loginqua
3219 554 3269 597 et
3325 537 3628 612 periculosa

422 632 669 702 εὐλογίας
699 632 886 695 αὑτοῦ,
915 632 1206 699 δεξιοῦνται
1236 635 1456 700 τούτους
1486 639 1835 712 νομίσμασιν,
1864 637 1973 691 ὀλί-

419 737 540 790 γοις
595 723 694 792 μὲν
759 722 900 775 κατὰ
928 723 990 775 τὸ
1044 726 1387 796 φαινόμενον,
1420 726 1633 791 πολλοῖς
1659 728 1715 782 δὲ
1741 726 1879 780 κατὰ
1916 726 1975 779 τὸ

419 811 728 880 νοούμενον.
765 811 1010 884 Ἀφορῶν
1042 813 1150 883 γὰρ
1184 817 1264 877 είς
1286 817 1377 868 τὸν
1407 817 1507 884 τῆς
1547 816 1783 879 πίστεως
1807 819 1977 886 ἀρχη-

418 901 513 967 γὸν
540 901 634 954 καὶ
654 900 940 971 τελειωτὴν
977 902 1179 970 Ἰησοῦν
1204 891 1435 973 Χριστὸν
1459 904 1550 958 τὸν
1578 905 1825 975 ἀληθινὸν
1845 904 1977 958 Θεὸν

419 989 594 1058 ἡμῶν,
626 990 1059 1061 ἁῤῥαϐωνίζεται
1081 992 1167 1044 δια
1194 992 1398 1046 τούτων
1424 995 1607 1056 αὐτοῖς
1642 996 1736 1048 καὶ
1761 994 1858 1065 τὴν
1882 992 1975 1046 τοῦ

419 1078 576 1154 ἀγίου
615 1078 926 1147 Πνεύματος
964 1081 1330 1152 ἐπιφοίτησιν.

417 1172 719 1236 Christum,
775 1188 964 1227 verum
1021 1174 1173 1228 illum
1246 1176 1415 1231 Deum
1485 1190 1771 1244 nostrum;
1826 1180 1971 1235 velut

420 1260 660 1329 Spiritus
722 1272 951 1319 sanctus
981 1280 1145 1334 super
1192 1282 1288 1321 eos
1319 1270 1522 1324 veniat.
1607 1310 1611 1314 -

485 1350 671 1406 Ταῦτα
707 1354 865 1423 ἡμεῖς
897 1356 971 1418 ὡς
996 1356 1371 1427 ἀρχιτέκτονες
1400 1362 1657 1431 γέροντες
1687 1362 1971 1431 γεγράφα-

420 1444 517 1510 μὲν
548 1459 653 1507 σοι,
678 1443 977 1511 σοφώτατε,
1014 1447 1107 1500 καὶ
1139 1434 1497 1519 ὑπεδείξαμέν
1552 1467 1633 1503 σοι
1671 1441 1974 1518 ’ἀπολογίας

419 1533 688 1604 θεμέλιον.
716 1536 788 1588 Σὺ
818 1535 874 1589 δὲ
907 1535 982 1600 ὡς
1009 1536 1164 1599 ἄλλος
1198 1540 1484 1611 Βεσελεὴλ,
1522 1544 1973 1613 ἐποικοδομήσας

414 1625 475 1677 τὸ
495 1625 713 1695 ἀληθές.
737 1626 1000 1697 Θεμέλιον
1022 1628 1128 1699 γὰρ
1159 1629 1316 1684 ἄλλον
1343 1632 1538 1698 οὐδεὶς,
1568 1635 1722 1702 φησὶ,
1750 1633 1972 1687 δύναται

416 1713 590 1767 θεῖναι
621 1717 773 1786 παρά
816 1718 906 1770 τὸν
957 1720 1227 1789 κείμενον,
1300 1723 1508 1792 Ἰησοῦν
1559 1727 1814 1797 Χριστὸν,
1848 1720 1893 1795 ᾧ
1939 1729 1974 1798 ἠ

414 1803 539 1872 δόξα
568 1806 663 1859 καὶ
700 1806 761 1861 τὸ
788 1808 986 1880 κράτος
1018 1811 1098 1875 είς
1130 1811 1257 1874 τοὺς
1300 1814 1522 1878 αἰῶνας.
1568 1817 1762 1888 Ἀμήν.

965 2014 1100 2070 ΤΟΥ
1154 2018 1388 2073 ΑΥΤΟΥ

412 2120 665 2188 Μελέτη.
707 2122 883 2198 χάριν
929 2124 1040 2192 τῆς
1095 2128 1189 2198 εἰς⁸
1236 2128 1379 2195 τοὺς
1421 2130 1618 2194 θείους
1643 2130 1829 2198 ναοὺς
1853 2131 1972 2185 τῶν

480 2194 896 2271 peractum-cor
985 2195 1306 2271 γιῖομένης
1378 2194 1819 2268 ,ιιεςτακλήιγιιως⁷
1872 2201 1972 2255 διὰ

482 2261 903 2327 σημαντηρίων
938 2261 1131 2330 apicii-r2

485 2349 703 2404 Βλέπων
734 2351 1131 2423 ἀπειροκάλους
1176 2355 1350 2419 τινας,
1381 2357 1478 2410 καὶ
1515 2358 1651 2429 πρὸς
1682 2360 1847 2428 μηδὲν
1876 2361 1970 2415 εύ-

416 2440 738 2510 καιροῦντας
766 2444 1061 2512 ἐπωφελὲς,
1094 2443 1209 2497 ἀλλ’
1236 2445 1269 2516 ἢ
1304 2446 1484 2514 λέγειν
1513 2465 1566 2501 τι
1615 2451 1708 2502 καὶ
1751 2450 1971 2504 ἀκούειν

414 2530 745 2602 καινότερον,
798 2533 1033 2601 ματαίαν
1070 2534 1476 2599 ἀποκαλοῦντας
1533 2539 1625 2590 καὶ
1680 2541 1971 2594 σκανδαλο-

413 2620 565 2676 ποιὸν
593 2621 691 2692 τὴν
741 2621 827 2675 διὰ
877 2625 1260 2695 σημαντηρίων
1289 2627 1456 2696 τριῶν
1514 2630 1593 2691 είς
1639 2631 1765 2693 τοὺς
1810 2632 1968 2692 ναοὺς

415 2711 704 2784 γινομένην
734 2713 841 2767 τῶν
866 2715 1209 2785 μοναζόντων
1269 2719 1626 2791 μετάκλησιν,
1662 2722 1824 2792 χάριν
1869 2722 1971 2793 τῆς

413 2802 522 2856 τῶν
543 2802 701 2858 θείων
717 2804 1032 2873 δοξολογιῶν
1058 2807 1392 2878 ἀκροάσεωςο
1413 2809 1638 2882 (Ἤρκει
1659 2813 1789 2881 γὰρ,
1816 2816 1944 2884 φησὶ
1953 2856 1968 2882 ,

412 2889 479 2943 δι’
532 2891 650 2955 ἐνὸς
710 2893 906 2956 αὐτοὺς
954 2895 1426 2964 μεταστέλλεσθαι,
1460 2900 1555 2952 καὶ
1614 2901 1691 2970 μὴ
1728 2901 1971 2968 γίνεσθαι

414 2981 555 3035 κατά
585 2983 692 3037 τῶν
714 2983 885 3052 ἀγίων
930 2985 1265 3058 Ἐκκλησιῶν
1286 2989 1381 3042 τοῦ
1417 2990 1553 3044 Θεοῦ
1593 2995 1971 3064 μυκτηρισμὸν

415 3075 509 3126 καὶ
536 3075 842 3147 χλευασμὸν
867 3079 1016 3146 παρά
1040 3079 1148 3133 τῶν
1178 3081 1528 3136 κυκλούντων
1566 3084 1711 3154 ἡμᾶς
1735 3084 1970 3153 ἀσεϐῶν,

413 3165 703 3218 κάντεῦθεν
733 3169 826 3221 καὶ
843 3169 1155 3239 παραϐολὴν
1174 3173 1230 3222 ὲν
1255 3174 1367 3234 τοῖς
1393 3172 1589 3239 ἔθνεσι,
1622 3175 1756 3245 μηδὲ
1775 3174 1974 3246 θριαμ-

2078 631 2513 702 peregrinatione
2564 630 2784 685 domum
2871 631 3070 686 illaesos
3125 633 3435 697 redeuntes.
3482 635 3635 693 heta-

2078 724 2298 779 bundus
2328 737 2423 777 eos
2482 736 2605 775 cum
2636 720 2826 774 osculo
2860 707 3306 786 sancto'salutat,
3345 731 3399 777 et
3428 724 3632 793 apertis

2084 814 2362 868 thesauris
2393 811 2789 868 benedictionis
2824 827 2958 875 suae,
2984 811 3328 867 numismatis
3358 827 3453 868 eos
3487 813 3635 867 exci-

2079 905 2176 974 pit,
2214 904 2424 971 exiguis
2473 903 2688 972 quidem
2721 902 2829 956 illis
2859 903 2914 956 in
2968 902 3238 971 speciem;
3292 902 3387 958 sed
3415 904 3625 974 magnis

2083 995 2203 1065 ejus
2234 996 2473 1058 ratione,
2512 992 2660 1063 quod
2693 991 3034 1062 intelligitur.
3083 992 3293 1062 Quippe
3339 994 3635 1063 respiciens

2082 1086 2138 1139 in
2209 1093 2489 1138 auctorem
2569 1091 2623 1136 et
2687 1088 3186 1143 consummatorem
3245 1083 3392 1145 ﬁdei,
3450 1084 3636 1141 Jesum

2014 1236 2015 1239 η
2058 1179 2220 1233 arrha
2272 1179 2395 1234 data
2449 1192 2545 1247 per
2595 1177 2709 1232 haec
2759 1178 2839 1232 eis
2909 1176 3198 1247 pollicetur
3261 1176 3522 1245 futurum,
3577 1185 3639 1236 ut

2151 1356 2402 1414 Haecnos
2455 1360 2620 1414 veluti
2675 1359 3050 1428 prorectiores
3083 1359 3368 1414 architecti
3414 1360 3638 1430 scripsi-

2079 1464 2201 1503 mus
2228 1449 2347 1514 tibi,
2379 1450 2461 1504 vir
2491 1451 2879 1515 eruditissime,
2916 1465 2981 1505 ac
3037 1450 3446 1507 fundamentum
3478 1453 3639 1508 satis-

2079 1538 2338 1597 factionis
2376 1542 2533 1610 quasi
2567 1540 2738 1610 digito
2767 1541 3342 1596 commonstravimus.
3372 1540 3451 1595 Tu
3488 1543 3636 1597 velut

2081 1628 2216 1683 alter
2249 1629 2514 1694 Beseleel,
2547 1646 2736 1685 verum
2769 1642 3141 1700 superstrues.
3179 1631 3390 1701 Quippe
3432 1631 3632 1687 funda-

2080 1728 2324 1776 mentum
2352 1720 2522 1785 aliud,
2557 1729 2615 1775 ut
2641 1722 2732 1776 ille
2761 1721 2961 1791 inquit,
2997 1738 3154 1776 nemo
3215 1738 3417 1793 ponere
3463 1731 3638 1791 potest

2079 1821 2274 1882 praeter
2297 1812 2374 1873 id,
2399 1812 2543 1881 quod
2572 1812 2816 1880 positum
2850 1822 2955 1877 est,
2977 1811 3161 1867 Jesum
3195 1814 3401 1869 scilicet
3443 1813 3635 1867 Chris-

2077 1910 2194 1957 tum
2215 1940 2231 1968 ,
2264 1901 2356 1957 cui
2386 1902 2556 1974 gloria
2582 1909 2638 1957 et
2668 1903 2955 1971 imperium
2989 1903 3043 1956 in
3069 1904 3288 1959 saecula.
3310 1905 3498 1959 Amen.

2704 2012 3017 2069 EIUSDEM

2141 2125 2480 2192 Heditatum,
2527 2125 2591 2180 de
2620 2127 3007 2189 convocatione,
3041 2143 3156 2196 qua:
3220 2127 3280 2195 ﬁt
3334 2132 3403 2180 ad
3453 2141 3633 2180 sacras

2347 2195 2781 2250 monasteriorum
2810 2197 3069 2266 a'des,per
3086 2197 3188 2249 tria
3218 2198 3386 2266 signa.

2138 2352 2412 2418 Quoniam
2441 2350 2599 2405 video
2627 2352 2894 2420 quosdam
2923 2349 3228 2419 imperitos,
3252 2359 3308 2404 et
3330 2351 3545 2406 nullam
3567 2354 3633 2407 ad

2069 2457 2187 2498 rem
2226 2442 2417 2497 utilem
2455 2441 2703 2506 idoneos,
2733 2455 2895 2510 quam
2938 2447 3000 2493 ut
3047 2423 3251 2510 aliqdid
3303 2442 3428 2496 novi
3450 2441 3637 2498 dicant

2076 2542 2128 2587 et
2154 2533 2378 2587 audiant
2407 2532 2631 2587 stultam
2668 2545 2733 2585 ac
2764 2530 3005 2586 scandali
3033 2530 3242 2599 plenam
3276 2546 3472 2587 vocare
3503 2546 3634 2588 con-

2071 2624 2414 2677 vocationem
2480 2621 2870 2676 monachorum
2926 2620 2993 2673 ad
3059 2635 3249 2674 sacras
3297 2620 3462 2687 aedes,
3516 2637 3635 2692 quae

2069 2712 2245 2767 tribus
2302 2711 2360 2765 ﬁt
2420 2711 2614 2781 signis,
2665 2710 3057 2765 celebrationes
3109 2711 3323 2767 divinas
3377 2712 3633 2767 audiendi

2070 2817 2235 2859 causa
2288 2800 2816 2873 (Suliiciebatenim,
2876 2801 3162 2871 inquiunt,
3224 2816 3333 2856 uno
3373 2801 3635 2857 duntaxat

2076 2910 2171 2950 eos
2203 2894 2362 2962 signo
2422 2890 2764 2961 congregari,
2822 2904 2923 2945 nec
2973 2891 3200 2959 praeberi
3256 2906 3476 2946 causam
3506 2893 3637 2946 sub-

2073 2983 2342 3039 sannandi
2365 2991 2421 3038 et
2446 2980 2708 3037 irridendi
2736 2991 2954 3036 sanctas
2981 2979 3072 3035 Dei
3103 2979 3374 3037 Ecclesias
3402 2983 3636 3037 circum.

2074 3074 2333 3129 dantibus
2383 3088 2485 3127 nos
2520 3070 2724 3141 impiis,
2770 3078 2829 3125 ut
2857 3069 3117 3141 parobola
3149 3070 3277 3125 ﬁant
3303 3069 3443 3126 inter
3474 3088 3625 3142 pagar

2078 3180 2202 3231 nos,
2270 3178 2371 3219 nec
2405 3170 2606 3217 statum
2650 3160 3020 3217 "monasticnm
3051 3161 3197 3215 velut
3258 3163 3313 3216 in
3363 3162 3637 3229 triumpho

416 3252 665 3349 ϐεύεσθαι
698 3257 759 3349 τὸ
820 3260 1131 3349 μοναχικὸν,
1185 3261 1260 3325 ὡς
1288 3262 1449 3332 δῆθεν
1466 3267 1568 3335 ,είς
1599 3265 1729 3335 μίαν
1778 3266 1968 3320 διαλα-

2075 3256 2431 3327 spectandum
2461 3253 2733 3315 exhiberi,
2763 3253 2924 3321 quasi
2961 3252 3027 3306 ad
3060 3266 3220 3305 unam
3247 3252 3635 3306 commonitio-

413 3343 533 3398 λιὰν
568 3345 642 3417 μὴ
686 3347 1088 3418 εύσυνθετοῦνυ)
1124 3354 1373 3421 παριστῶ
1417 3354 1506 3409 διὰ
1550 3356 1652 3425 τῆς
1689 3358 1968 3427 παρούσης

2076 3359 2200 3399 nem
2236 3358 2296 3399 se
2336 3350 2487 3397 recte
2512 3356 2619 3395 non
2646 3338 2984 3409 componat);
3014 3338 3263 3409 equidem
3301 3338 3404 3393 hoc
3432 3339 3637 3407 scripto

416 3451 517 3504 μου
545 3437 782 3505 γραφῆς,
825 3439 900 3501 ὡς
932 3438 1054 3492 οὔτε
1085 3441 1171 3494 διὰ
1196 3441 1293 3506 τάς
1335 3442 1644 3514 φληναφίας
1699 3447 1810 3500 τῶν
1840 3449 1969 3500 ἀσε-

413 3523 545 3590 ϐῶν,
570 3526 693 3579 οὔτε
713 3528 799 3580 διὰ
816 3529 913 3592 τὰς
934 3530 1218 3594 δυσκολίας
1237 3531 1347 3585 τῶν
1375 3537 1652 3603 μοναστῶν
1675 3537 1967 3608 ἐπενοήθη,

411 3618 498 3670 διὰ
524 3619 907 3689 σημαντηρίων
933 3619 1099 3691 τριῶν
1120 3622 1217 3686 τὰς
1252 3623 1406 3687 θείας
1436 3624 1742 3692 δοξολογίας
1774 3629 1971 3699 ἐπικη-

417 3708 707 3799 ρύττεσθαι
735 3726 747 3739 ο
782 3709 917 3799 ἀλλά
958 3710 1044 3765 διὰ
1098 3712 1255 3781 λόγον
1283 3714 1780 3784 ἀρχαιοπαοάδοτον
1807 3735 1972 3774 σπου-

414 3797 710 3853 δαιὸτατον.

482 3969 603 4025 Τῶν
631 3969 740 4043 γὰρ
771 3970 857 4024 ἐπ’
900 3971 1228 4044 Ἐκκλησίας
1255 3977 1850 4051 γινομένωνήμερινῶν
1873 3985 1970 4038 καὶ

414 4061 741 4130 νυκτερινῶν
775 4061 1111 4130 δοξολογιῶν,
1142 4066 1282 4119 κατά
1306 4066 1367 4119 τὸ
1386 4067 1480 4121 τοῦ
1499 4070 1776 4141 προφήτου
1808 4074 1971 4129 Δαϐὶδ

415 4148 793 4223 θεσπιὼδημα,
823 4150 884 4202 τὸ
916 4150 1073 4218 λέγον
1104 4165 1118 4180 '
1167 4152 1253 4206 Ἐν
1292 4153 1519 4226 ἑσπέρᾳ,
1551 4158 1643 4211 καὶ
1691 4161 1854 4231 πρωῒ,
1877 4163 1971 4217 καὶ

418 4239 733 4309 μεσημϐρίᾳ
781 4239 1131 4311 διηγήσομαι,
1184 4243 1282 4295 καὶ
1341 4245 1657 4313 ἀπαγγελῶ,
1708 4251 1803 4303 καὶ
1856 4253 1968 4305 eic-

414 4329 702 4382 ακούσεται
726 4329 826 4397 τῆς
851 4331 1032 4399 φωνῆς
1059 4347 1159 4401 μου
1181 4334 1209 4385 ὁ
1230 4333 1454 4402 Κύριος⁸
1478 4336 1585 4388 ἀπὸ
1605 4338 1711 4390 τῶν
1729 4340 1821 4393 δύο
1849 4359 1970 4395 συν-

411 4417 746 4488 τελουμένων
765 4420 1069 4490 Διαθηκῶν,
1100 4422 1206 4474 ἀπὸ
1238 4427 1334 4492 τῆς
1356 4425 1501 4490 Νέας
1529 4427 1725 4500 δηλαδὴ
1757 4433 1970 4502 καὶτῆς

414 4507 676 4572 Παλαιᾶς,
709 4507 850 4561 κατά
888 4508 998 4561 τῶν
1024 4509 1199 4576 ἁγίων
1240 4512 1332 4564 καὶ
1388 4513 1661 4585 θεοφόρων
1712 4519 1970 4589 Πατέρων

2074 3434 2336 3506 probabo,
2361 3448 2462 3487 nec
2495 3443 2712 3502 propter
2765 3431 2886 3486 illas
2931 3430 3224 3499 impiorum
3280 3443 3476 3498 nugas,
3535 3442 3635 3483 nec

2073 3533 2306 3596 prepter
2396 3523 2788 3576 monachorum
2849 3519 3201 3574 morositates
3273 3508 3635 3588 excogitatum

2072 3630 2214 3680 esse,
2243 3621 2305 3669 ut
2355 3612 2530 3667 tribus
2560 3611 2730 3682 signis
2756 3609 3182 3680 gloriﬁcationes
3211 3608 3409 3663 divina:
3426 3609 3637 3662 denuno

2071 3705 2324 3760 tientur:
2393 3699 2489 3757 sed
2554 3707 2776 3770 propter
2806 3700 2990 3767 magni
3045 3697 3305 3752 momenti
3372 3697 3634 3753 rationem

2080 3791 2399 3864 quamdam,
2436 3790 2502 3847 ab
2527 3790 2769 3862 antiquis
2830 3787 3046 3845 seculis
3079 3803 3177 3858 per
3226 3803 3421 3843 manus
3461 3787 3635 3842 tradi-

2072 3894 2180 3940 tam
2193 3923 2207 3939 .

2139 3974 2349 4046 Quippe
2372 3989 2495 4029 cum
2538 3973 2629 4029 Dei
2677 3972 3095 4039 celebrationes,
3125 3985 3244 4042 quae
3285 3970 3521 4027 interdiu
3571 3978 3625 4023 et

2073 4073 2237 4120 noctu
2276 4066 2411 4119 liunt
2459 4064 2516 4119 in
2563 4062 2826 4129 Ecclesia,
2871 4065 3028 4132 juxta
3079 4060 3298 4116 Davidis
3353 4060 3633 4129 praphette

2071 4155 2381 4220 oraculum,
2412 4153 2572 4222 cujus
2608 4152 2770 4206 verba
2812 4161 2980 4206 sunt:
3012 4149 3258 4218 Vesperi,
3291 4157 3345 4203 et
3379 4161 3555 4212 mane,
3580 4155 3635 4200 et

2071 4246 2127 4300 in
2198 4245 2424 4301 meridie
2499 4243 2753 4305 narrabo,
2822 4250 2875 4298 et
2936 4241 3279 4302 renuntiabo,
3340 4253 3638 4308 vocemque

2073 4350 2247 4390 meam
2287 4333 2554 4387 Dominus
2595 4331 2778 4386 audiet
2812 4352 2823 4387 :
2856 4346 2980 4385 cum
3035 4330 3199 4399 igitur
3236 4330 3319 4383 lue
3355 4327 3641 4397 perfician-

2073 4434 2160 4478 tur
2190 4439 2257 4479 ex
2279 4424 2492 4478 duobus
2519 4421 2907 4486 Testamentis,
2932 4418 3083 4475 Novo
3107 4419 3315 4474 scilicet
3338 4433 3401 4473 ac
3431 4416 3635 4480 Veteri,

2066 4514 2220 4584 juxta
2275 4522 2592 4567 sanctorum
2645 4519 2699 4566 et
2749 4511 3006 4564 divinitus
3058 4508 3358 4575 amatorum
3412 4507 3635 4561 Patrum

414 4596 734 4667 παράδοσιν,
765 4596 973 4667 ὡρίσθη
993 4598 1099 4667 πρὸ
1131 4602 1350 4655 πάντων
1379 4602 1696 4669 δοξάζεσθαι
1718 4608 1808 4659 τὸν
1839 4609 1969 4663 Θεὸν

2073 4602 2418 4657 traditionem
2451 4619 2465 4655 :
2501 4607 2626 4656 ante
2647 4600 2827 4655 omnia
2856 4600 3123 4653 sancitum
3152 4606 3237 4652 est
3280 4608 3334 4652 ut
3364 4597 3636 4668 gloriﬁce—

412 4687 520 4743 ἀπὸ
544 4687 644 4756 τῆς
661 4687 807 4750 θείας
830 4690 1083 4758 κιννύρας
1110 4689 1201 4741 τοῦ
1223 4691 1548 4762 θεοπάτορος
1571 4694 1823 4766 (Ἀνοίξω
1842 4699 1970 4771 γὰρ,

413 4779 600 4848 φησὶν,
635 4777 694 4830 ὲν
713 4777 993 4848 ψαλτηρίῳ
1023 4779 1083 4831 τὸ
1107 4780 1400 4850 πρόϐλημά
1435 4783 1558 4855 μου)
1582 4785 1676 4836 καὶ
1710 4787 1849 4855 μετά
1876 4788 1973 4859 τὴν

410 4866 601 4920 τούτου
629 4865 945 4930 ἀνάπτυξιν,
968 4867 1058 4919 τὸν
1102 4866 1243 4921 θεῖον
1276 4870 1583 4938 μελισσῶνα
1612 4872 1712 4942 τῆς
1748 4876 1975 4947 Ἐκκλη-

414 4959 532 5021 σίας
556 4956 997 5025 ἐξαγωνίζεσθαι,
1025 4956 1110 5010 διά
1133 4958 1327 5026 κηρίου
1356 4959 1717 5015 διδασκαλιῶν
1747 4966 1976 5034 εὐαγγεο

411 5048 598 5113 λικῶν,
623 5047 715 5100 τοῦ
737 5047 960 5116 κέντρου
988 5046 1306 5115 φωτίζοντος
1326 5049 1424 5119 τὴν
1446 5053 1813 5119 σκοτόμαιναν
1835 5073 1847 5086 ·
1883 5056 1970 5110 διὰ

417 5129 630 5207 μέλιτος
644 5136 869 5205 γραφῶν
882 5137 1272 5203 ἀποστολικῶν,
1288 5138 1666 5209 γλυκαίνοντος
1679 5142 1778 5211 τῆς
1792 5144 1969 5196 οἰκου-

417 5230 581 5298 μένης
608 5228 675 5280 τὰ
695 5228 908 5296 πέρατα
933 5244 945 5256 ·
984 5228 1074 5281 καὶ
1107 5229 1195 5283 διὰ
1230 5230 1582 5302 μαρτυρικῶν
1613 5234 1966 5305 ἀφηγήσεων,

418 5318 832 5388 μεγαλυνουσῶν
862 5318 950 5373 τὸν
969 5319 1230 5390 ἐνσαρκον
1250 5322 1559 5391 οἰκονομίαν
1601 5323 1695 5377 τοῦ
1732 5326 1967 5395 Χριστοῦ

415 5412 507 5463 καὶ
546 5408 680 5462 Θεοῦ
715 5409 892 5478 ἡμῶν.
925 5410 1016 5464 Διὸ
1054 5410 1150 5463 καὶ
1181 5413 1340 5482 χάριν
1370 5413 1469 5482 μὲν
1507 5414 1618 5469 τῶν
1639 5414 1699 5480 ibi
1727 5415 1960 5486 ψαλμῶν

410 5499 505 5553 τοῦ
531 5498 874 5569 θεοπάτορος,
905 5499 998 5552 καὶ
1051 5500 1272 5565 λοιπῶν,
1306 5501 1415 5555 τῶν
1448 5504 1506 5555 ἐν
1536 5506 1601 5574 τῇ
1623 5504 1848 5575 ὁρθρινῇ
1880 5509 1965 5558 60-

414 5586 628 5658 ξολογίᾳ
672 5588 775 5659 πρὸ
804 5588 896 5641 τοῦ
928 5588 1272 5657 ἀγιοπολίτου
1304 5591 1654 5662 ψαλλομένων
1681 5593 1962 5658 ἑκάστοτε,

414 5678 635 5739 xui-calt;
664 5677 1013 5745 ψαλλομὲνων
1045 5677 1290 5747 συνήθως
1339 5682 1396 5732 ὲν
1447 5683 1565 5744 ταῖς
1610 5682 1778 5743 θείαις
1829 5684 1966 5753 [epo-

421 5767 706 5823 ιελξττξαιτ
761 5770 851 5819 καὶ
908 5770 1024 5830 ταῖς
1066 5770 1378 5841 ἐσπεριναῐς
1448 5774 1795 5841 προσευχαῖς,
1863 5774 1966 5846 πρὸ

2074 4699 2165 4746 tur
2195 4690 2336 4746 Deus
2366 4705 2462 4760 per
2509 4703 2720 4745 sacram
2766 4688 2987 4744 Davidis
3034 4690 3322 4754 citharam,
3360 4687 3635 4756 (Aperiam

2074 4783 2242 4847 enim,
2287 4782 2485 4847 inquit,
2522 4781 2576 4834 in
2638 4779 2896 4848 psalterio
2935 4779 3286 4849 quaestionem
3341 4776 3540 4845 meam)
3585 4779 3637 4830 ei

2077 4879 2197 4942 post
2233 4872 2649 4941 explicationem
2691 4870 2833 4940 ejus,
2886 4878 2945 4923 ut
2994 4886 3209 4925 sacrum
3255 4882 3479 4923 examen
3532 4865 3639 4920 Ec-

2074 4960 2256 5016 clesiae
2285 4969 2457 5016 semet
2482 4970 2735 5016 exerceat
2763 4974 2859 5030 per
2887 4959 3321 5028 evangelicarum
3350 4957 3635 5013 doctrina-

2079 5068 2196 5107 rum
2275 5050 2501 5113 fartim,
2585 5051 2812 5106 stimulo
2882 5050 3166 5120 caliginem
3252 5049 3663 5115 illuminante;,

2076 5160 2279 5215 perque
2311 5146 2417 5199 mel
2448 5146 2873 5214 apostolicorum
2901 5145 3250 5212 scriptorum,
3282 5141 3425 5211 quod
3451 5141 3635 5197 dulceo

2075 5238 2255 5290 dinem
2292 5236 2491 5291 ﬁnibus
2541 5236 2698 5290 orbis
2739 5245 3003 5289 terrarum
3036 5233 3233 5299 oli‘ert;
3266 5247 3328 5287 ac
3378 5247 3472 5302 per
3508 5244 3634 5283 nar.

2077 5326 2317 5380 rationes
2364 5325 2598 5395 denique
2642 5323 2709 5377 de
2758 5322 3085 5393 martyribus
3117 5336 3239 5392 qua:
3286 5319 3631 5374 administrau

2075 5417 2275 5471 tionem
2328 5415 2382 5469 in
2415 5430 2579 5469 carne
2606 5415 2808 5470 Christi
2847 5413 3053 5482 Deique
3079 5412 3251 5467 nostri
3283 5410 3627 5479 amplificant.

2076 5505 2310 5573 Ideoque
2382 5512 2602 5573 propter
2659 5518 2748 5557 sex
2804 5503 2924 5557 illus
2986 5501 3210 5555 Davidis
3268 5501 3527 5568 psalmos,
3583 5506 3638 5551 et

2074 5596 2336 5664 reliquos,
2399 5596 2490 5664 qui
2546 5593 2767 5649 assidue
2817 5594 2871 5647 in
2928 5591 3316 5661 gloriﬁcatione
3372 5589 3635 5643 matutina

2071 5691 2339 5737 canuntur
2386 5694 2512 5736 ante
2565 5681 2988 5750 hagiopolitam;
3042 5688 3095 5732 et
3134 5685 3353 5746 propter
3381 5692 3502 5739 eos,
3538 5677 3632 5745 qui

2072 5788 2169 5842 pro
2200 5774 2347 5829 more
2402 5780 2692 5836 canuntur,
2736 5787 2856 5825 cum
2891 5786 2977 5826 res
3021 5768 3203 5821 divina
3243 5768 3633 5837 pcragitur,_ct
