4016 6472
214 226 239 236 μ.

268 347 407 413 1085

1324 346 1647 411 CONSTIT
1704 348 2007 411 ECCLES.
2034 351 2472 418 COLLECTIO.

3400 364 3540 434 1083

256 474 351 510 cw
379 454 667 527 ὁμοούσιον
701 454 815 510 ίσον
854 453 932 524 τῷ
959 455 1136 526 [Ia-cpi
1161 456 1304 510 κατὰ
1337 458 1433 527 τὴν
1462 457 1718 529 θεότητα,
1752 461 1829 514 κα

1954 458 2121 516 Mar‘a
2174 461 2402 532 Deipara
2457 463 2756 531 iniiciatur,
2805 469 2909 526 hoc
2961 478 3065 537 est,
3098 472 3273 546 ipsam
3321 478 3552 535 salutem

242 549 543 620 ἐμοούσιον
592 549 724 618 ἡμῖν
759 548 853 601 τὸν
888 550 1051 602 αὑτὸν
1103 552 1246 605 κατά
1289 551 1385 622 τὴν
1422 553 1843 624 ἀνθρωπότητα.

247 643 358 698 Τὸν
384 642 547 697 αὐτὸν
590 641 648 695 δὲ
667 640 869 712 τρόπον
895 641 992 694 κα)⁸
1030 642 1442 714 ’Δπολλινάριον
1462 645 1554 697 τὸν
1576 643 1847 716 ψυχοφθό-

249 751 371 806 ρον,
419 732 512 787 τὸν
540 732 726 788 ’ἄνουν
770 732 1000 800 λέγοντα
1046 732 1139 786 τὸν
1182 732 1386 805 Κύριον
1427 736 1583 807 ἡμῶν
1644 735 1850 807 Ἰησοῦν

247 825 515 899 Χριστὸν,
567 825 659 879 τὸν
703 825 833 880 Υίὸν
883 826 977 879 τοῦ
1028 824 1163 879 Θεοῦ
1210 826 1306 880 καὶ
1348 827 1482 882 Θεὸν
1521 828 1714 899 ἡμῶν·
1759 830 1856 884 καὶ

250 921 524 991 σύγχυσιν
564 919 685 991 ἦτοι
732 919 949 990 φυρμὸν
984 919 1276 989 εἰσάγοντα
1328 923 1395 991 τῇ
1437 918 1855 993 ἑνανθρωπήσει

249 1014 352 1067 τοῦ
393 1009 721 1082 μονογενοῦς
748 1010 876 1065 Υἱοῦ
915 1010 1009 1064 τοῦ
1044 1011 1202 1066 Θεοῦ.
1240 1013 1350 1066 Καὶ
1387 1013 1596 1077 πάντας
1626 1015 1752 1076 τοὺὲ
1784 1013 1854 1068 τά

249 1105 401 1158 αὐτὰ
435 1103 815 1173 φρονήσαντας
844 1102 878 1174 ἢ
908 1103 1263 1173 φρονοῦντας.
1294 1105 1356 1157 Εἰ
1388 1105 1498 1176 γάρ
1525 1123 1669 1168 τινες
1707 1108 1847 1176 μετὰ

252 1194 465 1265 ταύτην
499 1194 596 1249 καὶ
623 1196 781 1266 ἡμῶν
811 1196 1216 1267 προαγόρευσιν
1252 1197 1348 1249 καὶ
1375 1196 1473 1268 τὴν
1511 1200 1649 1251 κατὰ
1681 1198 1850 1255 τόπον

260 1287 694 1357 θεοφιλεστάτων
726 1288 883 1358 ἡμῶν
921 1290 1241 1343 ἐπισκόπων
1276 1291 1653 1361 πληροφορίαν
1684 1291 1847 1361 εὐρε-

255 1380 388 1435 θῶσι
422 1381 517 1435 τοῦ
544 1380 735 1434 λοιποῦ
772 1379 999 1453 γνώμης
1024 1385 1259 1436 ἐναντίοι
1293 1384 1467 1445 ὄντες,
1499 1383 1577 1455 μὴ
1613 1383 1844 1452 προσδο-

256 1470 474 1541 xigor:th
515 1470 850 1542 συγγνώμης
875 1473 1197 1543 ἀξιωθῆναι.
1233 1473 1551 1543 Κελεύομεν
1582 1476 1691 1544 γὰρ
1718 1474 1846 1535 τοὺς

244 1563 530 1627 τοιούτους
561 1563 1034 1636 ὁμολογουμένους
1064 1566 1379 1639 αίρετικοὺς
1405 1567 1484 1638 τῷ
1515 1568 1847 1639 πρῖσήκοντι

254 1653 672 1710 ύπεϐἀλλεσθαι
713 1657 1107 1726 σωφρονισμῷ.

244 1762 309 1807 ιιι
364 1752 580 1807 veniam
622 1753 936 1823 impetrent.
967 1752 1230 1811 Jubemus
1276 1755 1423 1811 enim
1480 1756 1640 1821 tales,
1677 1756 1839 1812 veluti
1883 1757 2167 1817 confessos
2234 1762 2567 1856 haereticos,
2649 1768 3107 1826 animadversioni

241 1848 466 1916 subjici.

333 1944 571 2016 Ὁμοίως
603 1946 700 2001 καὶ
736 1946 853 2018 ἔχει
887 1946 945 2002 τὸ
979 1950 1144 2020 ῥητὸν
1180 1948 1380 2015 οὕτως.

348 2038 412 2094 ’0
439 2039 627 2106 αὐτὸς
647 2040 951 2108 βασιλεὺς
979 2046 1747 2112 Κωνσταντινουπολίταις.

321 2132 430 2186 Τὸν
487 2133 717 2205 Σωτῆρα
779 2135 876 2188 καὶ
926 2138 1207 2208 Δεσπότην
1258 2138 1365 2192 τῶν
1425 2139 1564 2194 ὅλων
1636 2139 1845 2209 Ἰησοῦν

206 2210 223 2219 ’
247 2226 513 2299 Χριστὸν,
552 2227 646 2282 τὸν
678 2228 933 2299 ἀληθινὸν
965 2230 1101 2285 Θεὸν
1129 2233 1288 2303 ἡμῶν
1321 2234 1723 2304 θεραπεύοντες
1754 2235 1844 2290 διὰ

249 2321 467 2372 πάντων
481 2319 886 2390 σπουδάζομεν,
908 2322 1032 2376 ὅσον
1051 2323 1325 2394 ἐνδέχεται
1343 2325 1471 2378 νοῦν
1492 2325 1845 2397 καταλαμϐά-

243 2422 358 2463 νειν
382 2407 743 2479 ἀνθρώπινον,
771 2411 1057 2482 μιμεῖσθαι
1083 2412 1181 2484 τὴν
1206 2413 1370 2467 αὐτοῦ
1398 2416 1836 2483 συγκατάϐασιν.

247 2504 365 2558 Καὶ
395 2503 652 2575 εὑρόντες
678 2504 831 2569 τινὰς
869 2507 937 2575 τῇ
966 2506 1265 2576 νοσομανίᾳ
1296 2508 1708 2578 κρατουμένους
1730 2509 1841 2565 τῶν

230 2593 464 2648 -ἀσεὸῶν
513 2593 815 2665 Νεστορίου
863 2596 958 2648 καὶ
992 2595 1291 2666 Εὐτυχοῦς,
1324 2596 1434 2650 τῶν
1483 2599 1696 2670 ἐχθρῶν
1744 2598 1839 2653 τοῦ

245 2687 387 2741 Θεοῦ
438 2686 537 2741 καὶ
589 2687 692 2758 τῆς
742 2688 909 2756 ἁγίας
968 2687 1268 2758 καθολικῆς
1320 2691 1414 2743 καὶ
1470 2692 1840 2763 ἀποστολικῆς

260 2778 618 2848 Ἐκκλησίας,
646 2778 1018 2850 ἀρνουμένους
1042 2781 1142 2850 τὴν
1174 2780 1337 2849 ἁγίαν
1371 2781 1580 2848 ἔνδοξον
1609 2784 1841 2856 ἀειπαρ-

251 2871 405 2924 θένον
434 2870 655 2940 Μαρίαν
681 2870 942 2925 Θεοτόκον
971 2874 1147 2927 εἰπεῖν
1173 2874 1380 2943 κυρίως
1408 2878 1504 2928 καὶ
1532 2879 1673 2930 κατὰ
1702 2877 1839 2948 ἁλη-

225 2962 401 3017 ,θειαν
419 2980 436 2998 ο
469 2964 823 3035 ἑσπεύσαμεν
845 2965 1069 3032 τούτους
1105 2970 1204 3038 τὴν
1233 2969 1400 3040 ὀρθὴν
1431 2970 1539 3024 τῶν
1568 2972 1837 3042 Χριστια-

243 3051 351 3105 νῶν
378 3051 695 3124 διδαχθῆναι
731 3053 936 3112 πίστιν.
986 3058 1048 3110 Οί
1077 3057 1133 3111 δὲ
1154 3098 1169 3124 ,
1201 3060 1441 3124 ἀνιάτως
1463 3060 1703 3130 ἔχοντες,
1738 3080 1837 3117 πε-

244 3143 560 3216 ριέρχονται
582 3185 597 3213 ,
625 3146 768 3200 καθά
803 3150 1205 3222 μεμαθήκαμεν
1225 3193 1241 3220 ,
1275 3153 1375 3217 τάς
1398 3155 1509 3209 τῶν
1543 3156 1841 3232 ἁπλουστέ-

243 3252 361 3303 ρων
407 3233 587 3306 ψυχάς
637 3238 1074 3309 ὲκταράσσοντές
1118 3259 1179 3297 τε
1227 3246 1323 3299 καὶ
1365 3247 1833 3317 σκανδαλίζοντες,

1957 564 2234 623 nostram;
2268 571 2441 625 neque
2469 559 2765 615 conlitetur
2791 563 3039 620 eumdem
3068 582 3163 634 per
3188 569 3371 624 omnia
3393 569 3542 627 Patri

1960 647 2479 705 consubstantialem
2537 656 2839 721 secundum
2890 657 3254 726 divinitatem,
3299 672 3354 719 et
3393 666 3550 721 nobis

1963 740 2484 798 consubstantialem
2532 749 2828 803 secundum
2879 750 3299 812 humanitatem.
3345 756 3547 813 Eodem

1964 833 2125 886 modo
2158 843 2213 886 et
2255 835 2623 903 Apollinarem
2674 840 2870 894 animus
2909 844 3414 913 externtinatorem,
3457 850 3548 917 qui

1960 926 2123 980 tradit
2174 926 2457 983 Dominum
2519 942 2766 986 nostrum
2827 931 3015 988 Jesum
3069 935 3390 1006 Christum,
3452 941 3548 995 Dei

1960 1017 2181 1085 Filium,
2228 1036 2289 1075 ac
2337 1022 2503 1078 Deum
2553 1037 2820 1091 nostrum,
2875 1039 3056 1083 mente
3090 1047 3315 1103 carere;
3364 1035 3548 1089 enniu-

1958 1114 2280 1185 sioncmque
2314 1117 2430 1173 sive
2459 1120 2901 1177 commistionem
2931 1126 3228 1180 introducit
3263 1129 3315 1181 in
3368 1130 3554 1198 unige-

1956 1209 2053 1261 niti
2108 1206 2230 1261 Filii
2269 1210 2359 1265 Dei
2410 1212 2883 1271 inltumanatione.
2942 1215 3238 1273 Universos
3284 1222 3549 1290 denique,
3588 1199 3595 1205 ’

1958 1300 2050 1366 qui
2099 1300 2290 1354 horum
2328 1302 2612 1369 Opiniones
2663 1308 2834 1360 secuti
2877 1317 3024 1371 sunt,
3079 1310 3157 1364 vel
3215 1325 3543 1379 sequuntur.

1955 1386 2164 1458 Quippe
2210 1390 2254 1444 si
2304 1391 2396 1460 qui
2424 1402 2544 1461 post
2574 1393 2711 1449 hanc
2756 1406 2997 1452 nostram
3047 1402 3541 1468 prmtnOnitinnem,

1958 1490 2015 1537 et
2064 1481 2602 1553 religiosissitnorum
2636 1489 2863 1560 singulis
2898 1491 2948 1544 in
2986 1492 3119 1547 locis
3168 1496 3542 1562 episcoporum

1961 1583 2281 1627 nos1rorum
2319 1574 2762 1644 afﬁrmationcm,
2810 1583 3005 1650 reperti
3049 1584 3305 1654 deinceps
3344 1585 3548 1641 fuerint

1956 1677 2081 1718 esse
2110 1667 2402 1722 contrarian
2438 1671 2746 1735 sententiae,
2781 1688 2885 1726 non
2924 1684 3240 1744 erspectent
3274 1676 3539 1744 futurum,

3208 1783 3535 1856 competenti

1876 1958 1920 2013 Β
2015 1950 2080 2005 Et
2107 1950 2363 2006 similiter
2393 1966 2454 2007 se
2492 1952 2652 2007 habet
2680 1955 2823 2023 quod
2857 1956 3062 2011 dictum
3096 1967 3183 2013 est
3213 1958 3315 2014 hoc
3353 1961 3537 2017 modo.

2246 2042 2399 2099 Idem
2424 2044 2563 2115 Imp.
2594 2044 3232 2115 Constantinowlitanis.
3406 2062 3441 2082 κ

2023 2133 2373 2189 Servatorem
2413 2148 2479 2188 ac
2532 2134 2818 2191 Dominum
2847 2136 3006 2207 hujus
3044 2138 3285 2194 universi
3340 2137 3536 2195 Jesum

1945 2226 2223 2283 Christum
2259 2241 2447 2280 verum
2476 2225 2648 2281 Deum
2672 2237 2919 2284 nostrum
2943 2229 3184 2287 colentes
3215 2247 3308 2299 per
3329 2232 3535 2298 omnia,

1943 2319 2188 2376 Studiose
2243 2321 2436 2375 damus
2475 2333 2733 2388 operam,
2790 2332 3055 2389 quantum
3109 2322 3227 2391 ejus
3289 2325 3528 2379 humana

1943 2422 2097 2467 tuens
2144 2407 2365 2477 assequi
2416 2415 2612 2476 p0test,
2660 2413 2721 2460 ut
2769 2408 3152 2464 demissionem
3188 2411 3305 2477 ejus
3350 2412 3534 2466 imite-

1944 2514 2089 2554 mur.
2132 2498 2379 2568 Cumque
2428 2498 2718 2554 nonnullos
2767 2500 3158 2566 invenerimus,
3191 2503 3283 2573 qui
3342 2506 3535 2559 morbo

1941 2604 2005 2644 ac
2031 2589 2213 2644 furore
2240 2588 2529 2658 impiorum
2572 2584 2809 2644 Nestorii
2861 2600 2915 2645 et
2965 2589 3248 2663 Eutychis,
3296 2594 3532 2647 hostium

1943 2680 2058 2744 Dei,
2089 2688 2145 2733 et
2175 2691 2380 2734 sanctae
2414 2678 2699 2735 catholica:
2728 2690 2893 2749 atque
2914 2682 3224 2752 apostolica:
3248 2682 3530 2749 Ecclesia},

1941 2770 2292 2828 detinentur:
2326 2769 2631 2825 iuliciantes
2661 2786 2719 2826 se
2743 2780 2987 2827 sanctam
3014 2773 3187 2840 illam,
3212 2774 3529 2845 gloriosam,

1940 2875 2262 2935 perpetuam
2290 2861 2572 2934 Virginem
2605 2863 2854 2930 Mariam,
2889 2866 3109 2937 proprie
3136 2881 3201 2921 ac
3224 2868 3521 2921 secundum

1939 2957 2227 3012 veritatem
2263 2956 2449 3013 dicere
2497 2957 2824 3027 Deiparam;
2874 2959 2927 3012 id
2985 2974 3207 3027 operam
3256 2960 3528 3027 dedimus,

1939 3059 1997 3102 ut
2028 3049 2080 3102 hi
2115 3059 2318 3103 rectam
2349 3047 2779 3104 Christianorum
2814 3049 2975 3105 ﬁdem
3004 3051 3384 3108 edocerentur.
3415 3050 3520 3106 Alii

1939 3159 2060 3198 cum
2091 3145 2421 3200 incurabiles
2466 3146 2598 3211 sint,
2650 3161 2893 3202 errorem
2935 3163 3089 3202 suum
3139 3158 3384 3218 tegentes
3417 3150 3527 3227 gir-

1938 3245 2236 3301 cumeuut,
2292 3238 2370 3290 uti
2446 3237 2667 3307 quidem
2733 3240 3065 3309 accepimus,
3129 3241 3521 3307 simpliciorum

236 3328 335 3382 καὶ
369 3328 593 3384 ἐναντία
639 3332 739 3400 τῆς
785 3332 947 3402 ἁγίας
986 3333 1283 3408 καθολικῆς
1331 3340 1426 3392 καὶ
1467 3340 1829 3412 ἀποστολικῆς

1936 3331 2146 3385 animos
2177 3328 2565 3384 conturbantes
2584 3340 2637 3383 et
2673 3330 3032 3398 oti‘endentes,
3065 3349 3130 3388 ac
3175 3332 3517 3403 proierentes

256 3421 582 3490 Ἐκκλησίας
612 3423 886 3494 λέγοντες.
927 3426 1251 3496 Ἀναγκαῖον
1284 3432 1464 3486 τοίνυν
1496 3432 1828 3504 ἐνομίσαμεν

218 3510 545 3569 καταλῦσαι
583 3515 685 3585 μὲν
714 3516 813 3579 τὰς
845 3518 955 3570 τῶν
989 3519 1285 3589 αίρετικῶν
1314 3520 1690 3592 ψευδολογίας,
1729 3540 1828 3578 σα-

243 3603 462 3675 φηνίσαι
500 3605 558 3659 δὲ
599 3607 768 3662 πᾶσιν
808 3608 957 3672 ὅπως
991 3627 1049 3663 τε
1085 3611 1300 3676 δοξάζει
1332 3610 1365 3684 ἡ
1406 3614 1537 3683 ἁγία
1567 3616 1661 3668 τοῦ
1689 3615 1827 3670 Θεοῦ

238 3694 573 3770 ἁποστολικὴ
609 3701 702 3752 καὶ
736 3701 999 3771 καθολικὴ
1046 3701 1342 3773 Ἐκκλησία
1363 3745 1379 3769 ,
1410 3705 1740 3776 κηρύττουσι
1770 3707 1827 3762 δὲ

234 3788 283 3839 οἱ
314 3787 520 3859 ταύτης
557 3791 845 3846 ὁσιώτατοι
884 3793 1085 3865 ἱερεῖς,
1129 3791 1209 3859 οἷς
1236 3772 1520 3868 73611398};
1562 3772 1826 3867 ἑπύμενοι

236 3883 451 3953 φανερὰ
482 3883 830 3957 καθιστῶμεν
858 3886 927 3939 τὰ
949 3887 1080 3958 περὶ
1106 3887 1203 3958 τῆς
1236 3889 1293 3943 ἐν
1325 3890 1464 3960 ἡμῖν
1497 3891 1730 3956 ἐλπίδος,
1763 3891 1825 3944 ού

233 3974 571 4038 καινίξοντες
596 3976 803 4042 πίστιν,
844 3977 919 4050 μὴ
947 3980 1182 4045 γένοιτο,
1225 3978 1339 4035 ἀλλ’
1370 3981 1687 4052 ἐλέγχοντες
1724 3983 1825 4057 τὴν

233 4065 436 4135 μανίαν
471 4066 581 4120 τῶν
621 4068 963 4140 φρονούντων
994 4070 1066 4125 τὰ
1098 4072 1206 4126 τῶν
1235 4072 1449 4127 ἀσεϐῶν
1481 4074 1774 4145 αίρετικῶν
1802 4091 1818 4107 ⁸

231 4159 371 4228 ὅπερ
400 4157 500 4232 ἤδη
537 4161 631 4214 καὶ
664 4163 722 4216 ἑν
757 4165 1069 4234 προοιμίοις
1095 4167 1193 4237 τῆς
1228 4166 1507 4237 ἡμετέρας
1543 4166 1822 4237 βασιλείας

226 4248 559 4318 πράξαντες,
592 4253 727 4306 πᾶσι
748 4255 1052 4327 κατάδηλον
1080 4256 1442 4327 ἐποιήσαμεν.
1476 4258 1817 4330 Πιστεύομεν

227 4345 338 4411 γὰρ
375 4343 454 4407 είς
482 4342 579 4398 ἕνα
604 4345 737 4399 Θεὸν
768 4347 989 4418 Πατέρα
1022 4347 1460 4420 παντοκράτορα,
1491 4352 1587 4405 καὶ
1611 4355 1691 4415 εἰς
1723 4352 1819 4406 ἕνα

232 4434 440 4507 Κύριον
484 4437 694 4507 Ἰησοῦν
722 4439 960 4511 Χριστὸν
990 4439 1082 4493 τὸν
1115 4440 1242 4494 Υἰὸν
1275 4441 1370 4496 τοῦ
1400 4442 1539 4497 Θεοῦ
1570 4484 1584 4509 ,
1617 4445 1713 4503 καὶ
1742 4448 1821 4510 είς

226 4529 383 4596 ἂγιον
434 4529 699 4601 Πνεῦμαθ
723 4531 853 4603 μίαν
894 4530 1082 4585 οὐσίαν
1136 4535 1194 4587 ὲν
1246 4536 1426 4606 τρισὶν
1484 4537 1817 4591 ὑποστάσεσι

230 4620 689 4690 προσκυνοῦντες,
721 4623 851 4694 μίαν
881 4625 1132 4697 θεότητα,
1167 4626 1296 4696 μίαν
1321 4629 1570 4701 δύναμιν,
1605 4632 1812 4702 Τριάδα

1934 3431 2136 3475 sanctae
2166 3421 2447 3476 catholicae
2470 3431 2526 3476 et
2565 3423 2875 3492 apostolica:
2914 3422 3171 3479 Ecclesiae
3221 3427 3518 3484 contraria.

1932 3512 2299 3578 Quamobrem
2332 3516 2705 3570 neceSsarium
2750 3514 3028 3583 duximus,
3072 3526 3181 3570 tam
3231 3517 3519 3574 haeretico-

1931 3619 2051 3658 rum
2092 3603 2370 3659 mendacia
2395 3605 2681 3673 dissipare,
2711 3621 2875 3674 quam
2908 3607 3177 3663 universis
3199 3610 3516 3679 explanare,

1929 3696 2202 3766 quomodo
2251 3697 2455 3751 sentiat
2498 3707 2687 3751 sancta
2735 3698 2827 3752 Dei
2898 3709 2953 3753 et
3019 3701 3290 3757 catholica
3342 3712 3512 3772 atque

1929 3788 2227 3856 apostolica
2273 3788 2538 3853 Ecclesia,
2580 3800 2635 3845 et
2681 3789 2924 3860 ejusdem
2973 3793 3305 3849 sanctissimi
3338 3811 3521 3851 sacer-

1929 3881 2084 3934 dotes
2130 3882 2440 3950 praedicent.
2491 3879 2730 3949 Quorum
2782 3884 3013 3955 vestigia
3057 3902 3157 3941 nos
3210 3886 3369 3941 etiam
3427 3905 3515 3942 se-

1926 3984 2183 4045 quentes,
2217 3972 2636 4030 manifcstamus
2688 3991 2774 4042 ea,
2826 3992 2946 4045 quae
3008 3977 3076 4032 de
3128 3994 3246 4047 spe,
3297 3994 3416 4049 quae
3464 3983 3516 4034 in

1926 4068 2083 4122 nobis
2114 4077 2219 4132 est,
2253 4067 2523 4121 sentimus
2554 4084 2568 4121 :
2609 4083 2715 4122 non
2756 4069 2915 4123 [idem
2954 4070 3300 4137 iunovantes,
3336 4070 3514 4141 (absit

1927 4159 2066 4229 hoc)
2098 4158 2191 4213 sed
2220 4169 2581 4227 coarguentes
2613 4158 2823 4213 illorum
2871 4159 3158 4225 insaniam,
3193 4163 3282 4231 qui
3321 4163 3514 4217 eadem

1924 4267 2047 4306 cum
2097 4250 2278 4320 impiis
2312 4251 2430 4306 istis
2467 4251 2739 4306 haereticis
2777 4252 3020 4306 sentiunt
3057 4270 3071 4306 :
3102 4253 3247 4322 quod
3284 4254 3505 4325 quidem

1920 4353 1977 4397 et
2038 4342 2089 4395 in
2121 4340 2439 4410 primordiis
2494 4341 2708 4412 imperii
2772 4342 2946 4396 nostri
3007 4358 3129 4397 cum
3181 4345 3511 4408 faceremus,

1922 4434 2057 4487 satis
2115 4432 2373 4488 omnibus
2447 4432 2690 4486 animum
2767 4443 3016 4488 nostrum
3086 4437 3515 4493 declaravitnus.

1922 4528 2131 4596 Quippe
2173 4525 2446 4582 credimus
2479 4527 2532 4579 in
2559 4540 2724 4579 unum
2772 4516 2939 4580 Deum
2987 4524 3204 4582 Patrem
3252 4529 3508 4598 omnipo-

1923 4628 2144 4685 tentem,
2203 4626 2258 4673 et
2312 4618 2366 4671 in
2428 4632 2592 4672 unum
2644 4616 2935 4672 Dominum
2984 4616 3173 4673 Jesum
3205 4618 3509 4685 Christum,

276 4674 289 4690 .
458 4674 462 4676 ~
520 4674 689 4690 πρυ
721 4674 841 4694 τεν-π
887 4674 1132 4697 -τ---ι--ν
1167 4674 1289 4696 rw"
1323 4674 1570 4701 *σν-την,
1617 4674 1812 4702 ἰ’-νυν*-

224 4711 531 4781 ὸμοούσιον.
571 4715 689 4769 Ἐπ’
709 4716 954 4787 ἐσχάτων
973 4716 1029 4770 δὲ
1055 4716 1165 4774 τῶν
1189 4720 1412 4791 ἡμερῶν
1438 4722 1812 4794 ὁμολογοῦμεν

1935 4709 2114 4765 Filium
2150 4710 2259 4774 Dei,
2292 4719 2345 4765 et
2387 4710 2439 4764 in
2475 4708 2739 4779 Spiritum
2776 4721 3047 4779 sanctum,
3095 4728 3255 4766 uuam
3314 4727 3507 4771 essen-

224 4804 316 4857 τὸν
355 4805 561 4878 Κύριον
584 4808 740 4878 ἡμῶν
782 4807 993 4879 Ἰησοῦν
1017 4811 1275 4882 Χριστὸν,
1305 4812 1395 4866 τὸν
1424 4815 1689 4886 μονογενῆ
1721 4816 1811 4871 τὸν

227 4898 356 4952 Υἱὸν
382 4899 478 4953 τοῦ
510 4900 669 4967 Θεοῦ,
703 4900 794 4955 τὸν
829 4904 892 4957 ὲκ
919 4902 1055 4956 Θεοῦ
1087 4904 1345 4974 ἀληθινοῦ
1373 4906 1506 4960 Θεὸν
1533 4905 1808 4976 ἀληθινὸν,

220 4990 315 5043 τὸν
342 4990 447 5062 πρὸ
474 4991 686 5047 αίώνων
708 4995 801 5047 καὶ
823 4994 1071 5065 ἀχρόνως
1091 4999 1153 5051 ἐκ
1169 4996 1260 5051 τοῦ
1282 4998 1497 5070 Πατρὸς
1521 5000 1811 5070 γεννηθέν-

1921 4804 2050 4857 tiam
2083 4802 2136 4858 in
2170 4802 2344 4857 tribus
2378 4803 2624 4873 personis
2655 4803 2968 4868 adorantes,
3004 4818 3170 4859 unam
3221 4807 3516 4873 deitatem,

1918 4913 2082 4951 unam
2137 4905 2502 4963 potestatem,
2542 4896 2868 4951 Trinitatem
2922 4897 3080 4952 unius
3122 4900 3391 4954 essentiae.
3445 4897 3505 4955 In

1907 4989 2167 5044 extremis
2183 4995 2366 5042 autem
2387 4985 2576 5041 diebus
2598 4985 2922 5041 conﬁtemur
2942 4985 3230 5041 Dominum
3252 4998 3503 5045 nostrum

221 5099 314 5147 τα,
339 5084 431 5137 τὸν
454 5086 726 5140 συναῖδιον
757 5087 834 5157 τῷ
859 5088 1054 5160 Πατρὶ,
1086 5089 1177 5142 τὸν
1209 5090 1269 5157 ἐξ
1289 5089 1351 5144 οῦ
1384 5091 1452 5145 τά
1486 5092 1686 5159 πάντα,
1711 5094 1807 5146 καὶ

1936 5094 2091 5134 csum
2138 5076 2440 5142 Christum,
2485 5077 2819 5148 unigenitum
2872 5076 2969 5132 Dei
3028 5076 3269 5144 Filium,
3319 5079 3489 5134 Deum

221 5177 287 5230 Et‘
306 5168 368 5230 οὗ
385 5177 452 5231 τὰ
474 5177 673 5243 πάντα,
695 5180 1019 5235 κατελθόντα
1041 5184 1104 5236 ἐκ
1127 5182 1234 5236 τῶν
1250 5183 1497 5254 οὐρανῶν
1520 5185 1806 5256 σαρκίνθῆ-

220 5288 307 5324 ναι
336 5271 402 5324 ὲκ
432 5270 750 5342 Πνεύματος
785 5274 965 5342 ἁγίου,
1000 5276 1095 5331 καὶ
1124 5276 1223 5346 τῆς
1259 5277 1418 5346 ἁγίας
1444 5278 1657 5344 ἐνδόξου
1688 5281 1805 5332 o'tst-

221 5362 495 5432 παρθένου
532 5365 752 5436 Μαρίας
782 5384 795 5398 ο
838 5367 933 5421 καὶ
970 5367 1421 5441 ὲνανθρωπῆσαι,
1467 5370 1700 5441 σταυρόν
1738 5387 1796 5423 τε

221 5447 323 5515 ύὲτο
332 5460 511 5529 μεῖναι
526 5459 665 5530 ὑπὲρ
682 5460 843 5529 ἡμῶν
862 5463 953 5515 ἐπὶ
970 5463 1468 5533 Ποντίουῐιιλάτου,
1486 5465 1724 5536 ταφῆναί
1739 5482 1800 5519 τε

220 5553 313 5605 καὶ
351 5555 649 5624 ἀναστῆναι
688 5556 752 5624 τῇ
784 5554 944 5629 τρίτῃ
982 5556 1188 5626 ἡμέρᾳ,
1225 5558 1340 5620 ἑνὸς
1379 5560 1473 5611 καὶ
1501 5557 1596 5611 τοῦ
1632 5559 1797 5611 αὑτοῦ

216 5644 286 5696 τὰ
329 5659 389 5695 τε
417 5642 566 5713 πάθη
598 5645 692 5696 καὶ
727 5644 794 5698 τὰ
835 5646 1091 5717 θαύματα
1132 5647 1276 5717 ειπερ
1310 5648 1603 5717 ὑπέμεινεν
1643 5649 1800 5702 ἑκου-

219 5738 346 5796 σίως
378 5738 436 5788 ὲν
469 5738 653 5806 σαρκὶ,
686 5737 1068 5804 γινώσκοντες.
1103 5740 1177 5793 Οὐ
1211 5741 1320 5811 γὰρ
1353 5741 1510 5796 ἄλλον
1542 5743 1633 5796 τὸν
1665 5739 1799 5795 Θεὸν

217 5828 412 5895 Λάγον,
453 5830 546 5884 καὶ
584 5829 738 5887 ἄλλον
766 5833 854 5885 τὸν
887 5833 1120 5904 Χριστὸν
1160 5835 1529 5903 ἐπιστάμεθα,
1553 5835 1667 5887 ἀλλ’
1704 5835 1802 5890 ἕνα

1913 5184 2097 5224 verum
2129 5182 2195 5224 ex
2226 5168 2332 5222 Deo
2355 5176 2648 5229 vero,aute
2674 5166 2872 5221 saecula
2906 5175 2962 5222 et
2988 5165 3108 5223 sine
3131 5168 3374 5237 tempore
3405 5182 3500 5238 ge-

1912 5264 2084 5319 nitum
2112 5277 2177 5317 ex
2206 5258 2388 5325 Patre,
2414 5261 2558 5314 Patri
2597 5271 2956 5328 coasternum,
2988 5276 3114 5316 eum
3165 5261 3368 5332 ipsum,
3427 5277 3497 5319 ex

1907 5370 2015 5423 quo
2046 5353 2246 5418 omnia,
2284 5360 2338 5408 et
2367 5366 2461 5422 per
2491 5367 2651 5421 quem
2681 5355 2888 5418 omnia,
2914 5354 3228 5424 degressum
3255 5367 3285 5407 e
3312 5353 3497 5415 ςωίίς,

1909 5446 2251 5499 incarnatum
2296 5456 2418 5498 esse
2459 5449 2526 5497 de
2556 5442 2761 5512 Spiritu
2788 5457 3000 5511 sancto,
3033 5453 3088 5499 et
3119 5454 3335 5511 sancta,
3373 5444 3493 5514 glo-

1911 5542 2076 5599 I‘iusa,
2104 5545 2475 5605 perpetuaque
2503 5535 2721 5606 Virgine
2756 5534 2947 5601 Maria,
2981 5546 3035 5591 et
3067 5537 3342 5591 hominem
3374 5553 3503 5592 esse

1888 5628 2138 5691 lat-tum,
2162 5641 2488 5697 crucetnque
2517 5643 2615 5697 pro
2643 5627 2799 5682 nobis
2834 5628 3121 5697 pertulisse
3165 5630 3267 5684 sub
3300 5630 3498 5685 Pontio

1913 5717 2102 5785 PliJlO,
2168 5720 2436 5789 sepultum
2486 5733 2626 5786 esse,
2692 5720 3057 5776 resurrexisse
3108 5721 3196 5776 die
3250 5720 3413 5777 tertio
3472 5741 3485 5779 :

1915 5816 2071 5870 unius
2131 5825 2183 5869 et
2242 5813 2481 5881 ejusdem
2549 5814 2808 5869 miracula
2866 5824 2920 5869 et
2973 5815 3289 5882 cruciatus,
3349 5829 3493 5885 quos
