4016 6420
490 359 623 426 μοι
1685 349 1958 411 τΠΕΟῙ).
1992 349 2068 408 ΒΑ

2175 353 2224 410 ui
2236 348 2478 411 MONIS
3620 335 3763 401 1003

488 487 611 527 rum
641 469 864 525 Patrum
899 466 1247 522 traditionem
1285 470 1574 534 sequentes
1596 502 1611 524 ,
1658 474 1780 516 cum
1816 460 1950 514 nihil
1982 473 2068 529 pe-

2177 465 2281 533 κῆς
2317 456 2667 530 Ἑκκλησίας.
2698 456 2908 519 Πάντες
2935 453 3045 524 γάρ
3103 453 3153 508 oi
3221 450 3389 523 ἱερεῖς
3439 449 3539 521 τῆς
3593 448 3768 518 ἁγίας

485 566 633 618 nitus
679 561 1043 623 immutarint,
1088 559 1171 614 vel
1207 559 1492 612 immutent
1521 555 1574 609 in
1606 570 1673 611 eo
1705 562 1846 608 statu
1893 552 2066 607 eccle-

2175 551 2475 623 καθολικῆς
2509 553 2606 607 καὶ
2631 549 2999 619 ἀποστολικῆς
3045 544 3399 616 Ἐκκλησίας,
3430 542 3527 596 καὶ
3556 542 3610 596 οἱ
3657 542 3757 596 εὖ-

486 656 730 721 siastico,
761 654 853 723 qui
901 654 1164 708 hactenus
1199 649 1300 721 (uti
1344 649 1548 703 dirtum
1583 646 1687 716 est)
1729 645 1925 710 durat;
1961 657 2067 697 uno

480 760 753 799 consensu
798 744 1148 807 conﬁtentur,
1182 750 1346 810 atque
1386 738 1714 808 gloriﬁcent,
1762 717 2099 806 praedicam.

483 847 568 891 tes
597 836 879 891 Dominum
909 844 1155 888 nostrum
1183 831 1365 887 Iesum
1389 831 1695 894 Christum,
1726 827 2063 896 unigenitum

487 929 580 983 Dei
619 929 833 994 Filium,
874 928 1147 995 Deumque
1178 937 1450 989 nostrum,
1486 932 1615 979 ante
1639 921 1831 977 sarcula
1859 930 1913 974 et
1949 920 2068 974 sine

486 1032 728 1089 tempore
771 1021 836 1074 de
884 1017 1046 1072 Patre
1091 1026 1297 1083 natum,
1332 1018 1697 1084 extremisque
1742 1014 1931 1068 diebus
1976 1014 2069 1066 de-

485 1125 729 1179 gressum
758 1127 788 1162 e
818 1111 989 1175 caelis,
1018 1120 1071 1163 et
1098 1111 1438 1163 ineat-natum
1469 1110 1534 1162 de
1559 1107 1763 1176 Spiritu
1796 1112 1986 1160 sancto
2012 1111 2068 1158 et

485 1212 694 1264 sancta,
724 1201 986 1270 gloriosa,
1021 1213 1278 1272 perpetua
1310 1201 1532 1270 Virgine
1554 1239 1569 1258 .
1604 1214 1665 1254 ac
1693 1198 1919 1268 Dt-ipara
1948 1196 2066 1251 Ma-

486 1294 587 1359 ria,
617 1304 671 1349 et
697 1296 967 1348 hominem
1029 1296 1250 1357 factum,
1284 1305 1336 1349 ct
1362 1295 1713 1358 cruciﬁxum,
1743 1307 1909 1346 unum
1945 1304 2068 1344 esse

484 1386 551 1439 de
588 1397 775 1443 sancta
811 1399 864 1441 et
900 1387 1349 1443 consubstantiali
1380 1386 1668 1441 Trinitate.
1709 1383 1922 1453 Quippe
1964 1398 2063 1436 no-

484 1479 660 1531 vimus
693 1492 815 1531 eum
857 1478 1375 1532 consubstantialem
1411 1478 1558 1532 Patri
1615 1476 1823 1530 ratione
1872 1471 2070 1526 divini-

484 1568 651 1633 tatis,
687 1579 739 1623 et
788 1568 1038 1624 eumdem
1093 1569 1248 1623 nobis
1296 1567 1812 1622 consubstantialem
1860 1566 2070 1620 ratione

485 1660 841 1714 humanitatis
876 1678 889 1714 :
922 1659 1257 1715 cruciatibus
1289 1660 1580 1714 obnoxium
1616 1660 1826 1713 ratione
1858 1657 2066 1720 carnis,

481 1760 536 1803 et
562 1748 728 1805 nullis
755 1749 1091 1804 cruciatibus
1142 1751 1437 1804 obnoxium
1496 1750 1703 1803 ratione
1748 1746 2066 1802 divinitatis.

2169 649 2494 703 λαόέστατοι
2525 647 2638 700 τῶν
2665 644 2912 698 εὐλαϐῶν
2970 639 3351 712 μοναστηρίων
3396 634 3770 708 ἁρχιμανδρϊ-

2170 759 2261 796 ται
2299 739 2730 803 ἀκολουθοῦντες
2756 740 2823 807 τῇ
2852 738 2962 791 τῶν
2992 734 3166 803 ἁγίων
3196 731 3458 802 Πατέρων
3518 726 3769 797 παραδό-

2171 852 2275 900 σει,
2310 835 2408 888 καὶ
2442 833 2616 904 μηδὲν
2643 829 2933 892 παντελῶς
2964 824 3359 891 ἐναλλάξαντες
3401 822 3437 894 ἢ
3488 819 3767 875 eumn-

2167 944 2356 991 τοντες
2370 925 2471 995 τῆς
2503 925 2666 997 μέχρι
2689 925 2809 983 νῦν,
2840 922 2983 976 καθὰ
3011 920 3259 991 εἴρηται,
3284 915 3766 986 ἐκκλησιαπικῆς

2169 1016 2582 1080 καταστάσεως,
2622 1012 2932 1083 συμφώνως
2965 1008 3294 1081 ὁμολογοῦσι
3324 1006 3418 1060 καὶ
3445 1004 3759 1070 δοξάζουσι,

2171 1107 2538 1178 κηρύττοντες
2566 1106 2659 1161 τὸν
2705 1106 2991 1175 Δεσπότην
3031 1103 3192 1174 ἡμῶν
3263 1099 3477 1171 Ἰησοῦν
3524 1096 3755 1169 Χριστὸν

2170 1204 2261 1259 τὶν
2298 1202 2563 1271 μονογενῆ
2591 1201 2720 1269 Υίὸν
2752 1198 2847 1253 τοῦ
2899 1197 3039 1253 Θεοῦ
3072 1198 3168 1259 καὶ
3217 1195 3353 1248 Θεὸν
3418 1192 3610 1263 ἡμῶν,
3663 1190 3751 1241 τέν

2171 1295 2281 1366 πρὸ
2309 1292 2525 1348 αἰώνων
2555 1293 2651 1347 καὶ
2678 1292 2926 1364 άχρόνως
2950 1294 3014 1345 ἐκ
3035 1288 3130 1342 τοῦ
3160 1286 3373 1355 Πατρδς
3391 1280 3759 1353 γεννηθέντα,

2170 1387 2267 1441 καὶ
2300 1388 2389 1441 ἐπ’
2426 1388 2677 1459 ἐσχάτων
2704 1386 2814 1439 τῶν
2866 1384 3093 1456 ἡμερῶν
3139 1378 3480 1435 κατελθόντα
3531 1375 3594 1429 ἐκ
3647 1374 3764 1429 τῶν

2169 1479 2439 1549 οὐρανῶν,
2474 1481 2566 1533 καὶ
2604 1475 2963 1549 σαρκωθέντα
2992 1477 3056 1528 ἐκ
3091 1472 3414 1542 Πνεύματος
3451 1469 3641 1549 ἁγίου.
3664 1465 3767 1519 καὶ

2173 1546 2271 1640 τῆς
2304 1570 2472 1640 ἁγίας
2530 1546 2746 1636 ἐνδόξου
2795 1565 3163 1639 άειπαρθένου
3200 1565 3293 1619 καὶ
3326 1546 3594 1616 Θεοτόκου
3645 1558 3770 1613 Ma.-

2174 1663 2296 1733 ρίας
2322 1678 2337 1693 ·
2374 1664 2466 1715 καὶ
2499 1660 3012 1732 ἐνανθρωττήσαντα
3065 1657 3164 1711 καὶ
3195 1652 3608 1724 σταυρωθέντα,
3657 1649 3771 1703 Eva.

2174 1748 2314 1806 εἶναι
2344 1752 2445 1822 τῆς
2473 1752 2637 1819 ἁγίας
2676 1752 2772 1805 καὶ⁵
2805 1750 3101 1820 ὀμοσυσίου
3141 1745 3406 1819 Τριάδοςυ
3469 1739 3773 1812 όμοοῦσεον

485 1839 618 1893 Nam
656 1840 731 1893 uti
762 1839 1037 1910 perfectus
1067 1850 1148 1895 est
1179 1841 1230 1893 in
1262 1841 1569 1906 divinitate,
1609 1840 1688 1894 sic
1712 1839 1853 1894 idem
1886 1838 2062 1906 perle-

2175 1845 2286 1915 γὰρ
2315 1819 2480 1897 αὐτὸν
2506 1846 2664 1914 ἴσμεν
2692 1843 2769 1914 τῷ
2798 1819 2975 1912 Hirpi.
3020 1839 3166 1894 κατὰ
3213 1839 3314 1908 τὴν
3349 1837 3603 1902 θεότητα.
3666 1830 3774 1884 καὶ

483 1943 604 1987 ctus
633 1935 793 1987 estin
847 1934 1205 1989 humanitate.
1252 1932 1467 2001 Quippe
1513 1931 1851 2003 personalem
1902 1930 2061 1984 uniu-

481 2041 603 2080 nem
637 2026 931 2095 recipimus
961 2035 1018 2081 et
1042 2029 1392 2081 conﬁtemur.
1429 2026 1496 2081 Et
1527 2025 1783 2096 quoniam
1818 2020 2066 2089 unigeni-

484 2128 569 2172 tus
613 2118 701 2181 ille
750 2119 919 2173 Filius
951 2133 1016 2173 ac
1048 2117 1239 2174 Sermo
1288 2118 1403 2182 Dei,
1442 2126 1571 2172 ante
1612 2115 1804 2171 sa-cula
1848 2121 1904 2168 et
1945 2114 2065 2167 sine

484 2221 726 2281 tempore
754 2212 823 2266 de
863 2211 1019 2266 Patre
1050 2222 1232 2275 natus,
1265 2210 1514 2278 idemque
1560 2208 1752 2262 diebus
1797 2204 2060 2260 extremis

482 2304 550 2358 de
579 2306 736 2361 caelis
765 2305 1076 2376 degressus,
1102 2315 1157 2360 et
1192 2306 1501 2360 incarnatus
1525 2304 1589 2357 de
1612 2300 1819 2371 Spiritu
1849 2307 2062 2362 saneto,

483 2407 536 2452 et
570 2409 780 2465 sancta,
810 2399 1065 2466 glnriosa,
1100 2397 1326 2468 Delpara
1358 2394 1549 2459 Maria,
1585 2402 1640 2450 et
1671 2395 1831 2448 homo
1865 2388 2060 2455 factus,

484 2496 602 2561 ipse
629 2491 874 2546 videlicet
922 2490 1184 2546 Dominus
1222 2502 1408 2545 noster
1444 2490 1602 2545 Jesus
1630 2487 1903 2547 Christus,
1932 2497 2064 2553 pro-

408 2650 411 2655 .
484 2585 601 2651 prie
631 2599 695 2640 ac
721 2596 852 2641 vere
889 2584 1030 2639 Deus
1061 2595 1144 2638 est
1177 2599 1193 2637 :
1224 2583 1345 2638 ideo
1374 2591 1620 2636 sanctam
1668 2592 1907 2650 quoque,
1950 2575 2066 2647 gle-

485 2677 704 2742 riosam,
750 2685 1063 2748 perpetuam
1104 2676 1375 2747 Virginem
1428 2673 1650 2729 Mariam
1679 2709 1695 2734 ,
1734 2670 1953 2740 proprie
2000 2682 2064 2722 ac

483 2784 611 2824 vere
640 2769 862 2825 Matrem
894 2771 985 2825 Dei
1017 2771 1247 2826 dicimus
1277 2785 1291 2822 :
1320 2784 1431 2824 non
1464 2767 1618 2837 quasi
1645 2763 1788 2818 Deus
1810 2762 1900 2815 ille
1927 2759 2059 2813 Ser-

484 2880 575 2920 mo
615 2864 939 2935 principium
970 2880 1047 2918 ex
1071 2878 1133 2918 ea
1162 2861 1474 2931 sumpserit,
1503 2860 1599 2915 sed
1625 2856 1769 2928 quod
1805 2851 2066 2909 extremis

482 2956 673 3013 diebus
696 2959 762 3012 de
789 2956 944 3011 ctelis
968 2956 1257 3025 degressus
1282 2954 1375 3018 sit,
1404 2962 1457 3007 et
1478 2967 1545 3006 ex
1577 2951 1692 3018 ipsa
1719 2950 2058 3010 incarnatus,

480 3059 534 3104 et
566 3059 746 3113 natus,
785 3058 839 3104 et
869 3050 1031 3103 homo
1060 3047 1256 3111 factus,
1285 3061 1444 3115 quem
1484 3043 1829 3105 conﬁtemur,
1866 3041 1944 3095 uti
1983 3040 2061 3095 di-

2176 1936 2462 2007 όμοούσιον
2492 1937 2625 2005 ἡμῖν
2657 1935 2751 1988 τὸν
2795 1933 2960 1989 αὐτὸν
2997 1931 3142 1986 κατὰ
3174 1930 3275 2001 τὴν
3334 1924 3772 1998 ἀνθρωπότητα·

2179 2029 2427 2100 παθητὸν
2502 2029 2668 2099 σαρκὶ
2723 2026 2815 2082 τὸν
2870 2025 3058 2090 αὐτὸν,
3115 2022 3302 2092 ἁπαθῆ
3374 2020 3617 2087 θεότητι.
3675 2013 3777 2076 Ὠς

2177 2128 2288 2195 γάρ
2313 2125 2461 2177 ἐστιν
2498 2125 2556 2176 ἐν
2601 2122 2824 2191 θεότητι
2851 2119 3083 2182 τέλειος,
3119 2115 3295 2179 οὕτως
3320 2116 3349 2168 6
3385 2113 3552 2174 αὐτὸς
3583 2111 3647 2163 ἐν
3676 2108 3780 2161 ἁν-

2178 2216 2493 2287 θρωττότητι
2541 2214 2772 2277 τέλειος.
2804 2214 2918 2284 Τὴν
2945 2212 3053 2283 γὰρ
3076 2209 3198 2265 καθ’
3232 2206 3539 2261 ὑπόστασιν
3563 2203 3768 2257 ’ἕνωσιν

2176 2308 2448 2380 δεχόμεθα
2502 2309 2598 2361 καὶ
2646 2305 3043 2378 ὁμολογοῦμεν.
3098 2301 3328 2370 Ἐπειδὴ
3382 2297 3627 2351 τοίνυνὸ
3669 2309 3771 2366 μο-

2181 2403 2405 2476 νογενὴς
2446 2402 2576 2465 Υἱὸς
2609 2402 2704 2455 καὶ
2744 2400 2919 2470 Λόγος
2957 2397 3055 2453 τοῦ
3112 2394 3275 2457 Θεοῦ,
3306 2393 3336 2446 6
3388 2390 3497 2462 πρὸ
3546 2387 3769 2443 αἰώνων

2179 2499 2276 2551 καὶ
2311 2497 2558 2566 ἁχρόνως
2615 2496 2680 2549 ἐκ
2706 2492 2922 2564 Πατρδς
2972 2489 3280 2561 γεννηθεὶς,
3311 2489 3338 2541 6
3369 2484 3534 2546 αὐτὸς
3562 2482 3663 2536 καὶ
3681 2478 3765 2534 ἐπ’

2179 2587 2428 2657 ἐσχάτων
2451 2588 2558 2639 τῶν
2604 2584 2833 2655 ἡμερῶν
2886 2580 3169 2637 κατελθὼν
3216 2581 3281 2633 ἐκ
3324 2576 3436 2631 τῶν
3490 2571 3767 2642 οὐρανῶν.

2181 2681 2278 2735 καὶ
2317 2680 2624 2750 σαρκωθεὶς
2659 2681 2725 2732 ἐκ
2759 2677 3084 2746 Πνεύματος
3120 2672 3302 2743 ἁγίου,
3350 2667 3450 2723 καὶ
3481 2668 3581 2739 τῆς
3597 2663 3773 2733 ἁγίας

2181 2774 2396 2842 ἐνδόξου
2429 2776 2527 2827 καὶ
2553 2770 2820 2826 Θεοτόκου
2854 2769 3111 2840 Μαρίας.
3152 2765 3250 2820 καὶ
3280 2757 3725 2829 ἐνανθρωττήσας
3750 2768 3769 2785 ⁸

2175 2867 2459 2923 τουτέστιν
2485 2868 2512 2919 ὁ
2539 2865 2744 2934 Κύριος
2775 2862 2936 2933 ἡμῶν
3004 2858 3216 2930 Ἰησοῦς
3273 2852 3514 2925 Χριστὸς
3545 2847 3765 2920 κυρίως

2176 2960 2276 3015 καί⁵
2321 2958 2467 3015 κατὰ
2501 2958 2763 3026 ἀλήθειαν
2786 2954 2921 3018 Θεός
2955 2956 3095 3008 ἐστι’
3142 2950 3232 3006 διά
3272 2947 3436 3004 τοῦτο
3498 2943 3595 2999 καὶ
3653 2940 3764 3010 τὴν

2177 3056 2344 3123 ἁγίαν
2374 3054 2469 3108 καὶ
2503 3052 2715 3118 ἔνδοξον
2748 3047 3115 3120 άειπαρθένον
3168 3044 3395 3113 Μαρίαν
3429 3039 3640 3107 κυρίως
3668 3037 3774 3091 καὶ

480 3153 626 3200 ctum
673 3150 778 3208 est,
832 3141 979 3196 Patri
1030 3138 1547 3196 consubstantialem
1601 3150 1724 3191 esse
1766 3134 2059 3191 secundum

2179 3147 2323 3201 κατὰ
2354 3144 2616 3215 ἀλήθειαν
2644 3141 2863 3214 μητέρα
2899 3137 2995 3194 τοῦ
3028 3136 3165 3193 Θεοῦ
3208 3136 3468 3203 λέγομενο
3525 3131 3629 3201 οὐχ
3687 3129 3771 3190 ὡς

482 3238 837 3301 divinitatem,
860 3245 915 3292 et
936 3236 1184 3289 eumdem
1212 3233 1367 3288 nobis
1389 3226 1902 3286 consubstantialem
1921 3239 2061 3289 esse,

483 3333 780 3385 secundum
817 3329 1209 3385 humanitatem
1242 3342 1257 3378 :
1295 3325 1537 3393 eiusdem
1564 3320 1826 3377 miracula
1857 3330 1910 3373 et
1934 3332 2062 3369 cru-

483 3423 682 3485 ciatus,
711 3434 850 3490 quos
881 3420 933 3473 in
969 3434 1135 3472 carne
1169 3428 1360 3488 sponte
1383 3413 1662 3476 sustinuit,
1684 3419 2062 3483 agnoscentes.

485 3516 611 3570 Haec
649 3524 781 3582 ergo
830 3521 981 3579 sunt,
1009 3512 1205 3581 quibus
1248 3526 1342 3580 per
1389 3522 1606 3563 sacrum
1654 3504 1782 3560 illud
1826 3502 2065 3558 edictum

485 3618 730 3662 nostrum
783 3604 1069 3674 expositis,
1122 3602 1409 3659 haereticos
1459 3598 1860 3660 confutavimus
1910 3610 1925 3647 :
1978 3591 2064 3648 cui

484 3716 640 3753 sar-ro
671 3698 854 3754 edicto
908 3697 1071 3751 etiam
1105 3710 1296 3750 omnes
1346 3694 1434 3749 hic
1484 3690 1684 3748 inventi
1735 3686 2065 3746 sanctissimi

482 3790 745 3859 episcopi,
773 3799 829 3845 et
856 3788 1286 3844 reverendissimi
1319 3783 1777 3845 arcltimandritsz,
1810 3797 1917 3836 una
1944 3793 2064 3835 cum

485 3883 778 3938 sanctitate
805 3889 894 3936 tua
938 3880 1400 3947 subscripserunt,
1430 3891 1527 3947 per
1551 3875 1732 3930 omnia
1775 3877 2070 3941 sequentes

485 3984 672 4032 sancta
701 3983 933 4044 quatuor
971 3972 1226 4038 concilia,
1259 3980 1310 4027 et
1343 3986 1429 4034 ea.
1460 3985 1580 4039 qua:
1613 3983 1641 4022 a
1674 3965 1915 4036 quolibet
1949 3961 2068 4019 illu-

486 4084 605 4121 mm
648 4066 857 4121 sancite
905 4073 1065 4129 sunt;
1110 4065 1211 4119 hoc
1257 4072 1359 4127 est,
1390 4076 1422 4116 a
1454 4059 1684 4117 concilio
1720 4056 1941 4111 Niczeno
1968 4054 2070 4108 Pa-

488 4172 629 4214 trum
661 4159 769 4214 5l8
795 4168 846 4213 et
878 4173 905 4211 a
955 4158 1230 4211 celebrato
1275 4156 1331 4210 in
1375 4156 1477 4209 hac
1528 4153 1665 4208 urbe
1717 4148 2068 4217 imperatoria

488 4252 707 4305 l'atrum
741 4250 845 4305 150
868 4258 922 4305 et
950 4252 1018 4304 ab
1050 4248 1323 4316 Ephesiae
1355 4246 1550 4315 primo,
1600 4250 1657 4299 et
1704 4258 1732 4296 a
1773 4240 2067 4296 Chalcedo-

488 4345 640 4400 nensi
672 4361 685 4397 :
715 4359 836 4399 cum
860 4342 1130 4398 universis
1157 4347 1393 4406 constet,
1422 4354 1522 4393 nos
1551 4336 1823 4398 omnibus,
1849 4332 1939 4401 qui
1974 4346 2072 4385 uo-

490 4443 697 4497 biscum
728 4447 878 4506 sunt,
908 4438 1117 4495 sanctae
1134 4450 1296 4507 atque
1322 4436 1631 4508 apostolicae
1657 4429 1914 4489 Ecclesia:
1936 4427 2071 4481 {ideo

2174 3240 2269 3294 τοῦ
2298 3239 2435 3294 Θεοῦ
2469 3238 2643 3308 Λόγον
2672 3237 2771 3308 τὴν
2805 3234 2984 3306 ἀρχὴν
3015 3234 3073 3301 ἐξ
3106 3233 3276 3304 αὐτῆς
3314 3228 3603 3288 λαϐόντος,
3640 3222 3773 3278 ἀλλ’

2174 3337 2262 3391 ἐπ’
2292 3334 2541 3404 ἐσχάτων
2573 3332 2686 3386 τῶν
2719 3330 2949 3402 ἡμερῶν
2977 3325 3338 3388 κατελθόντος
3385 3325 3451 3376 ἐκ
3507 3320 3621 3373 τῶν
3666 3317 3773 3370 οὖν

2175 3430 2382 3503 μανῶν.
2423 3429 2515 3482 καὶ
2574 3426 2636 3491 ἐξ
2660 3424 2833 3494 αὐτῆς
2893 3418 3267 3490 σαρκωθέντος
3310 3414 3406 3470 καί⁵
3452 3410 3771 3483 τεχθέντος,

2172 3528 2268 3578 καὶ
2296 3519 2848 3592 ἐνανθρωπήσαντος·
2889 3511 3287 3586 ὁμολογοῦμεν,
3320 3508 3469 3565 καθὰ
3511 3508 3767 3576 εἴρηται,

2170 3607 2631 3686 όμοούσιονείναι
2662 3608 2740 3679 τῷ
2772 3608 2953 3680 Πατρὶ
3001 3607 3144 3662 κατὰ
3196 3604 3296 3677 τὴν
3349 3603 3606 3672 θεότητα,
3660 3598 3770 3653 καὶ

2172 3707 2461 3780 δμοούσιον
2496 3706 2631 3775 ἡμῖν
2660 3705 2754 3758 τὸν
2785 3702 2952 3756 αὐτὸν
3005 3700 3153 3758 κατὰ
3197 3701 3298 3770 τὴν
3327 3695 3764 3768 άνθρωπότητα,

2169 3799 2267 3856 τοῦ
2288 3799 2453 3854 αὑτοῦ
2484 3799 2578 3853 καί⁸
2604 3797 2672 3852 τὰ
2699 3795 2958 3867 θαύματα
2985 3793 3169 3850 καὶτὰ
3200 3792 3373 3864 πάθη,
3402 3790 3551 3860 άπερ
3586 3789 3760 3842 ἐκου-

2177 3894 2308 3956 σῑως
2355 3892 2623 3964 ὑπέμεινε
2681 3890 2849 3963 σαρκὶ
2894 3886 3279 3959 γινώσκοντες.
3341 3883 3532 3938 Ταῦτα
3574 3881 3770 3936 τοίνυν

2174 3988 2346 4051 ἐστὶν,
2385 3987 2530 4057 ειπερ
2560 3985 2650 4039 διά
2691 3983 2786 4037 τοῦ
2814 3982 2962 4037 θείου
3000 3980 3163 4051 ἡμῶν
3194 3978 3480 4050 είρηκότες
3505 3975 3774 4045 ὴδίκτου,

2176 4082 2307 4146 τοὺς
2335 4079 2653 4150 αἱρετικοὺς
2684 4075 3016 4148 ὴλὲγξαμενι
3040 4067 3194 4142 ᾧτινι
3260 4071 3393 4139 θείῳ
3428 4068 3635 4138 ἢδίκτῳ
3665 4068 3777 4122 καὶ

2179 4174 2382 4237 πάντες
2408 4174 2459 4226 οἱ
2490 4170 2813 4243 εὑρεθέντες
2841 4166 3082 4222 ἐνταῦθα
3115 4163 3408 4229 όσιὼτατοι
3439 4163 3774 4226 ἐπίσκοποι,

2178 4266 2275 4321 καὶ
2324 4264 2712 4319 εὐλαϐέστατοι
2745 4259 3170 4332 άρχιμανδρῖται
3202 4257 3321 4327 ἅμα
3369 4257 3438 4325 τῇ
3475 4257 3542 4325 σῇ
3595 4256 3781 4321 ἁγιω-

2181 4362 2318 4430 σύνῃ
2378 4354 2842 4425 καθυπέγραψαν,
2913 4350 3339 4417 ἀκολουθοῦντες
3389 4347 3477 4402 διὰ
3544 4345 3779 4401 πάντων

2178 4453 2298 4513 ταῖς
2321 4450 2506 4519 ἁγίαις
2540 4448 2762 4517 τέτρασι
2791 4444 3055 4506 συνόδοις.
3090 4444 3188 4497 καὶ
3216 4445 3329 4504 τοῖς
3363 4440 3496 4512 παρ’
3522 4441 3778 4509 ἑκάστης

487 4534 630 4590 libus
666 4533 917 4588 traditam
944 4532 1064 4587 ﬁdei
1090 4530 1483 4589 deﬁnitionem,
1516 4526 1617 4579 hoc
1648 4531 1751 4588 est,
1778 4535 2065 4575 sacrosano

2180 4544 2360 4600 αὐτῶν
2413 4540 2828 4604 διατυπωθείσι,
2890 4539 3140 4592 τουτέστι
3189 4535 3290 4604 τῆς
3337 4551 3399 4588 τε
3448 4535 3507 4587 ἐν
3559 4533 3782 4605 Νικαεῖς⁵

487 4638 635 4681 etum
669 4627 1050 4682 documentum
1108 4627 1223 4680 s've
1257 4619 1560 4693 symbolum
1588 4659 1604 4683 ,
1635 4615 1875 4671 retinere
1909 4622 2073 4683 atque

488 4721 787 4780 custodire.
832 4718 1038 4775 sanctis
1082 4732 1111 4771 a
1163 4715 1419 4771 Patrihus
1455 4711 1559 4764 illis
1583 4709 1688 4765 5l8
1725 4707 2071 4778 expositum,

488 4812 636 4881 quod
668 4813 829 4866 etiam
859 4809 1169 4882 congregati
1198 4808 1300 4862 hac
1336 4807 1386 4859 in
1420 4805 1557 4859 urbe
1589 4801 1936 4873 imperatoria
1966 4799 2072 4855 150

490 4907 665 4961 sancti
709 4903 903 4960 Patres
952 4902 1335 4974 explanatione
1385 4898 1625 4953 adhibita
1680 4897 2070 4961 declararunt;

492 5016 600 5054 mn
642 4999 783 5068 quod
812 4997 1016 5068 aliquid
1048 4995 1094 5050 ei
1123 4994 1358 5055 deesset,
1388 4993 1479 5048 sed
1507 5008 1569 5047 ea
1601 4993 1666 5045 de
1697 5006 1884 5051 causa,
1926 4988 2069 5059 quod

491 5095 739 5147 veritatis
775 5093 959 5146 hostes
987 5094 1183 5158 partim
1238 5087 1470 5157 Spiritus
1510 5088 1685 5142 sancti
1737 5086 2074 5141 divinitatem

492 5183 789 5254 neprohare
818 5181 996 5234 conati
1023 5185 1223 5241 essent,
1253 5181 1445 5249 partim
1467 5192 1648 5232 veram
1680 5177 1770 5233 Dei
1797 5176 2077 5232 Sermonis

496 5273 923 5329 incarnationem
949 5285 1014 5325 ex
1059 5280 1269 5330 sancta,
1293 5279 1551 5339 perpetua
1574 5267 1813 5340 Virgine.
1846 5267 2075 5336 Deipara

494 5360 668 5419 Maria
708 5371 1019 5432 negassent.
1064 5360 1270 5417 Idcirco
1298 5362 1592 5433 Scriptura!
1630 5363 1955 5419 testimoniis
1984 5377 2074 5416 sa-

500 5465 850 5511 c-wsanctum
909 5456 1007 5510 hoc
1055 5456 1437 5509 ιιοριςοςιριιιυτη
1476 5434 1706 5510 indicati
1755 5455 1859 5510 150
1903 5455 2077 5511 sancti

494 5547 690 5604 Patres
725 5547 1107 5627 explanatione
1147 5549 1384 5604 adltib'ta
1434 5549 1800 5605 declararunt.
1835 5545 1978 5604 Idem
2025 5556 2082 5603 et

495 5652 690 5697 omnes
712 5641 831 5698 alia!
852 5653 1051 5698 sancti!
1077 5643 1285 5714 synodi,
1309 5643 1559 5700 videlicet
1579 5643 1852 5714 Ephesius
1880 5644 2079 5713 prima,

493 5744 551 5785 et
584 5733 1065 5798 Chalcedonensis.
1092 5739 1338 5793 eamdem
1385 5737 1545 5792 ﬁdem
1586 5747 1789 5793 secuta
1812 5777 1828 5803 ,
1861 5751 2083 5805 recepea

500 5837 625 5880 runt
656 5837 709 5882 et
742 5843 1169 5901 conservarnnt;
1201 5848 1262 5888 ac
1298 5843 1538 5888 sanetam
1570 5832 1733 5897 illam,
1762 5832 2077 5902 gloriosam,

2176 4635 2284 4690 τῶν
2313 4632 2441 4702 τιη’,
2471 4634 2566 4687 καὶ
2615 4633 2714 4702 τῆς
2762 4634 2821 4685 ἐν
2854 4629 3029 4702 ταύτῃ
3063 4630 3130 4700 τῇ
3195 4627 3557 4699 βασιλευούσῃ
3615 4627 3777 4681 πόλει

2178 4728 2288 4781 τῶν
2320 4732 2419 4797 ρν’,
2451 4725 2547 4779 καὶ
2583 4724 2684 4791 τῆς
2713 4724 2772 4777 ἐν
2813 4722 3028 4795 Ἑφέτῳ
3066 4721 3166 4792 τῆς
3210 4721 3511 4791 προτέρας,
3539 4721 3642 4775 καὶ
3668 4720 3773 4791 τῆς

2177 4819 2528 4890 Χαλκηδόνος
2549 4834 2562 4848 ·
2619 4815 2779 4887 δήλου
2830 4816 2966 4869 πᾶσι
2994 4814 3338 4877 καθεστῶτος
3363 4815 3446 4866 ὃτι
3501 4813 3597 4868 τὸν
3631 4815 3770 4868 πᾶσι

2176 4915 2293 4975 τοῖς
2325 4911 2445 4982 ἁμα
2485 4910 2620 4981 ἡμῖν
2659 4909 2775 4973 τοῖς
2842 4912 3055 4970 πιστοῖς
3095 4908 3197 4976 τῆς
3257 4906 3420 4977 ἁγίας
3463 4906 3763 4975 καθολικῆς

2176 5005 2272 5057 καὶ
2303 5001 2677 5070 ἁποστολικῆς
2715 5000 3053 5069 Ἐκκλησίας
3087 5000 3473 5069 παραδοθέντα
3501 4999 3638 5069 ὅρον
3672 5000 3768 5068 τῆς

2178 5097 2444 5157 πίστεως,
2473 5094 2720 5148 τουτέστι
2755 5094 2817 5147 τδ
2845 5093 3003 5158 ἅγιον
3036 5092 3295 5164 μάθημα,
3324 5092 3444 5163 ἤτοι
3465 5092 3773 5160 σύμβολον,

2178 5184 2494 5259 κρατοῦμεν
2540 5200 2600 5237 τε
2635 5183 2731 5238 καὶ
2767 5182 3133 5252 φυλάττομεν,
3168 5183 3228 5236 τδ
3282 5182 3437 5254 παρὰ
3461 5181 3575 5236 τῶν
3606 5200 3777 5252 τρια-

2182 5279 2385 5335 κοσίων
2412 5277 2547 5332 δέκα
2587 5276 2683 5330 καὶ
2747 5276 2894 5330 ὀκτὼ
2928 5276 3107 5343 ἁγίων
3164 5275 3429 5341 Πατάρων
3489 5276 3723 5329 ἐκτεθὲν
3755 5292 3773 5309 ·

2180 5371 2320 5443 ὅπερ
2357 5371 2455 5424 καὶ
2501 5369 2553 5422 oi
2587 5370 2647 5421 ἐν
2678 5367 2858 5443 ταύτῃ
2904 5370 2972 5440 τῇ
3054 5365 3415 5442 βασιλευούσῃ
3466 5366 3635 5437 πόλει,
3694 5373 3775 5440 ριν

2185 5462 2333 5533 ἆγιοι
2393 5460 2639 5531 Πατέρες
2693 5461 3104 5532 σαφηνίσαντες
3143 5460 3503 5531 ἐτράνωσανο
3541 5454 3645 5530 οὐχ
3696 5460 3779 5523 ὡς

2182 5554 2447 5619 ἐλλειπῶς
2519 5552 2744 5624 ἔχοντος
2798 5553 2987 5617 αὐτοῦ,
3051 5553 3169 5607 ἁλλ’
3208 5552 3521 5624 ἐπειδήπερ
3560 5555 3622 5607 οι
3665 5556 3776 5628 τῆς

2182 5646 2446 5716 ἀληθείας
2468 5645 2676 5718 ἐχθροὶ,
2694 5647 2745 5701 οί
2778 5644 2878 5716 μὲν
2902 5644 3118 5699 ἀθετεῖν
3146 5643 3519 5716 ἐπεχείρησαν
3543 5646 3645 5717 τὴν
3673 5647 3773 5702 τοῦ

2184 5740 2344 5805 ἁγίου
2376 5739 2698 5810 Πνεύματος
2729 5739 2985 5809 θεότητα.
3019 5739 3067 5792 oi
3117 5736 3175 5791 δὲ
3204 5739 3304 5807 τὴν
3352 5740 3421 5793 ἐκ
3469 5738 3570 5808 τῆς
3601 5740 3775 5808 ἁγίας

2182 5833 2552 5904 διαπαρθένου
2603 5832 2824 5905 Μαρίας
2858 5831 3127 5905 ἀληθινὴν
3154 5832 3439 5905 σάρκωσιν
3475 5832 3575 5890 τοῦ
3626 5834 3777 5890 Θεοῦ
