4016 6412
262 369 406 434 1093

1288 378 1630 438 CONSTiT.
1659 377 1963 440 ECCLES.
2014 380 2456 447 COLLECTIO.
2494 362 2503 371 ’

3389 386 3542 451 ῙΟἺιΔ

266 490 436 558 ὶόγθυ
465 490 798 559 ἠρνήσαντο.
839 485 938 540 Διὰ
974 487 1137 544 τοῦτο
1163 493 1469 560 γραφικαῖς
1508 490 1843 562 μαρτυρίαις

1961 503 2260 563 terpc‘tuam
2294 494 2571 567 Virginem
2622 495 2849 553 Mariam
2874 537 2891 564 ,
2931 496 3217 570 Deiparam
3266 502 3539 570 pradica-

254 585 323 638 τὸ
351 585 488 638 αὐτὸ
521 585 680 652 ἅγιον
735 585 967 655 μάθημα
1023 585 1071 636 οἰ
1107 584 1392 654 εἰρημένοι
1419 583 1565 650 ἆγιοι
1617 582 1694 655 ρν¹
1732 584 1847 637 Πα-

255 677 429 746 τέρες
450 677 585 731 Θεὸν
614 676 1023 745 σαφηνίσαντες
1051 677 1393 749 ὲτράνωσαν.
1453 677 1627 731 Τοῦτο
1664 678 1760 729 καὶ
1785 677 1844 730 αἰ

259 769 428 822 ἄλλαι
457 769 672 823 ἅπασαι
705 770 859 836 ἅγιαι
895 770 1126 831 σύνοδοι,
1162 771 1440 824 τουτέστιν
1468 771 1501 840 ή
1532 773 1591 822 ὲν
1632 768 1847 840 Ἐφέσῳ

257 862 512 931 προτέρα
541 863 636 915 καὶ
677 864 710 931 ἡ
745 865 804 915 ὲν
830 863 1162 933 Χαλκηδόνι,
1213 864 1282 932 τῇ
1327 863 1468 932 αὐτῇ
1498 862 1684 917 πίστει
1712 865 1848 916 ἁκο-

263 954 637 1022 λουθήσασαι,
674 954 928 1017 ἐδέξαντο
950 956 1046 1008 καὶ
1077 954 1376 1024 ἐφύλαξαν,
1409 958 1506 1008 καὶ
1556 956 1655 1025 τὴν
1684 958 1847 1022 ἁγίαν

264 1046 487 1113 ἔνδοξον
553 1048 918 1116 ἁειπαρθένον
972 1048 1195 1114 Μαρίαν
1246 1048 1508 1102 Θεοτόκον
1549 1050 1846 1117 ἐκήρυξαν,

269 1142 372 1194 καὶ
400 1144 526 1204 τοὺς
556 1140 630 1213 μὴ
663 1141 1065 1209 ὁμολογοῦντας
1092 1141 1263 1211 αὐτὴν
1288 1144 1556 1194 Θεοτόκον
1580 1142 1854 1209 ἀνεθεμά-

267 1252 452 1289 τισαν.
508 1235 749 1303 Ὀροίως
774 1233 840 1287 δὲ
889 1234 1296 1303 ἀνεθεμάτισαν
1346 1236 1609 1299 καὶτοὺς
1660 1237 1849 1304 ἕτερον

276 1326 549 1396 σύμϐολον
578 1326 612 1395 ἢ
670 1328 829 1395 ἅγιον
859 1327 1093 1395 μάθημα
1124 1327 1524 1396 παραδιδόντας
1573 1328 1731 1393 παρὰ
1786 1329 1849 1380 τὺ

265 1418 374 1470 ὑπὸ
434 1415 535 1486 μὲν
564 1416 675 1471 τῶν
706 1416 811 1488 τιη⁸
842 1419 1014 1485 ἁγίων
1042 1420 1300 1490 ιιατέρων
1334 1421 1579 1483 ἐκτεθὲν,
1614 1437 1852 1490 σαφηνι-

270 1509 405 1564 σθὲν
437 1510 495 1562 δὲ
527 1511 623 1563 καί¹
672 1509 954 1580 τρανωθὲν
983 1510 1135 1579 παρὰ
1162 1510 1271 1564 τῶν
1316 1513 1373 1564 ἐν
1395 1512 1567 1584 ταύτῃ
1593 1517 1660 1582 τῇ
1698 1515 1854 1584 βασι-

262 1599 505 1674 λευούσῃ
533 1601 688 1653 πόλει
732 1600 842 1653 τῶν
886 1606 962 1671 ρν¹
1008 1600 1180 1668 ἁγίων
1226 1603 1508 1673 Πατέρων.
1540 1605 1705 1673 Καὶή
1752 1604 1853 1672 μὲν

265 1692 334 1744 ἐν
386 1689 598 1761 Ἐφέσῳ
660 1692 903 1762 προτέρα
948 1693 1043 1746 τόν
1074 1709 1134 1746 τε
1192 1693 1367 1763 ἀσεϐῆ
1410 1695 1710 1764 Νεστὸριον
1759 1697 1854 1749 καὶ

262 1786 339 1840 τὰ
386 1785 570 1839 αὐτῶν
629 1786 879 1855 δόγματα
929 1786 1148 1841 meam
1201 1806 1261 1842 τε
1313 1790 1408 1844 καὶ
1467 1789 1852 1859 ἀνεθεμάτισε,

1950 594 2096 650 runt,
2124 596 2177 640 et
2207 587 2553 643 anathemate
2597 589 2945 650 damnarunt,
2980 591 3071 658 qui
3106 606 3226 646 eam
3255 607 3364 647 non
3397 608 3530 648 con-

1948 678 2232 734 ﬁterentur
2259 695 2381 735 esse
2413 679 2720 747 Deiparam.
2752 680 3127 736 Consimiliter
3154 693 3207 736 et
3237 683 3360 738 illos
3397 698 3530 739 ana-

1950 771 2173 825 themati
2208 774 2577 841 snbjecerunt,
2610 776 2700 843 qui
2724 775 2867 828 aliud
2898 778 3202 847 symbolum
3236 794 3525 833 sacrumve

1949 865 2329 920 documentum
2367 868 2665 929 traderent,
2715 882 2911 935 pramer
2948 870 2997 921 id
3027 909 3042 935 ,
3077 873 3220 939 quod
3257 887 3287 924 a
3333 873 3537 926 sanctis

1950 958 2052 1013 518
2077 961 2335 1015 Patribus
2364 962 2689 1024 expositum,
2719 964 3064 1032 explanatum
3097 967 3539 1035 declaratumque

1952 1049 2057 1104 fuit
2085 1068 2111 1104 a
2145 1050 2242 1106 l50
2271 1056 2472 1106 sanctis
2500 1052 2772 1109 Patribus.
2795 1056 2885 1123 qui
2913 1055 3014 1108 ltac
3048 1055 3102 1109 in
3134 1057 3266 1111 urbe
3297 1060 3534 1127 imperav
3636 1098 3642 1102 ι

1951 1144 2089 1197 toria
2121 1154 2509 1199 convenerunt.
2543 1144 2608 1198 ΕΙ.
2646 1147 2817 1214 prima
2865 1147 3083 1211 quidem
3138 1146 3408 1214 Ephesius
3438 1164 3534 1220 sy-

1953 1234 2124 1288 nodus
2170 1236 2392 1303 imptnm
2449 1237 2596 1290 illum
2652 1236 2985 1300 Nestorium,
3021 1238 3246 1307 ejusque
3282 1240 3536 1310 dogmata

1952 1332 2230 1399 abrogavit
2274 1344 2322 1385 et
2372 1333 2714 1388 anathemate
2744 1333 3054 1398 dantnavit;
3100 1336 3400 1404 eodemque
3438 1335 3537 1390 da-

1954 1425 2165 1478 mnavit
2199 1436 2248 1479 et
2300 1425 2419 1480 illos
2448 1427 2812 1491 anathemate,
2841 1429 2929 1495 qui
2977 1427 3093 1494 ejus
3119 1426 3405 1495 opiniones
3452 1426 3536 1481 vel

1953 1518 2123 1571 secuti
2152 1528 2355 1578 essent.
2387 1520 2472 1573 vel
2510 1533 2908 1588 sequerentur;
2947 1522 3104 1589 quive
3137 1537 3262 1576 cum
3312 1538 3378 1577 eo
3407 1541 3540 1576 con-

1955 1610 2282 1676 sensissent,
2316 1622 2404 1664 aut
2436 1615 2830 1668 consentirent.
2863 1614 3125 1668 Sanctum
3156 1630 3286 1668 vero
3309 1615 3536 1670 Chalce-

1955 1702 2191 1757 doneuse
2237 1703 2522 1757 concilium
2573 1706 2871 1776 abrogavit,
2911 1714 2965 1760 et
3006 1706 3209 1761 sanctis
3243 1705 3331 1760 Dei
3368 1706 3540 1761 eccle-

1954 1795 2049 1847 siis
2077 1796 2255 1863 ejerit,
2280 1805 2444 1865 atque
2466 1798 2810 1852 anathemate
2841 1797 3139 1855 damnavit.
3167 1807 3278 1852 tttm
3309 1799 3534 1865 impium

268 1881 374 1934 aceti.
410 1881 533 1944 τοὺς
559 1880 628 1934 τὰ
654 1853 822 1934 αὑτοῦ
856 1881 1239 1951 φρονήσαντας
1268 1881 1301 1954 ἦ
1336 1853 1701 1953 φρονοῦντας,
1752 1853 1851 1937 καί

1961 1853 2452 1956 illum'Eutvchem,
2483 1887 2711 1955 eiusque
2737 1888 3008 1956 dogmata,
3041 1853 3153 1942 tum
3182 1889 3301 1959 eius
3328 1853 3552 1958 opinio--

266 1972 401 2034 τοὺς
435 1972 867 2035 συναινέσαντας
898 1973 1048 2042 αὐτῷ
1079 1973 1111 2042 ἢ
1158 1976 1547 2040 συναινοῦντας
1578 1976 1853 2046 ἀνεθεμά-

266 2077 424 2115 τισεν
451 2075 467 2090 ⁸
506 2061 540 2128 ὴ
568 2061 627 2114 δὲ
669 2062 726 2114 ὲν
750 2060 1056 2131 Χαλκηδόνι
1085 2064 1219 2131 ἁγία
1252 2064 1473 2128 σύνοδος
1510 2065 1733 2151 καθεῖλε
1788 2083 1850 2119 τε

271 2152 375 2208 καὶ
432 2153 658 2219 ἐξέϐαλε
711 2154 823 2209 τῶν
854 2155 1027 2224 ἁγίων
1069 2155 1163 2209 τοῦ
1219 2156 1354 2211 Θεοῦ
1394 2158 1723 2228 ἐκκλησιῶν,
1757 2158 1852 2211 καὶ

271 2246 635 2316 ἀνεθεμάτισε
665 2248 760 2301 καὶ
791 2247 883 2301 τὸν
914 2248 1086 2318 ἀσεϐῆ
1119 2250 1391 2319 Εὑτυχέα.
1443 2251 1536 2304 καὶ
1577 2249 1645 2303 τὰ
1684 2249 1851 2305 αὐτοῦ

272 2339 543 2411 δόγματα,
578 2340 823 2402 καὶτοὺς
853 2340 919 2394 τὰ
943 2340 1108 2393 αὑτοῦ
1127 2342 1505 2411 φρονήσαντας
1531 2341 1563 2413 ἢ
1590 2341 1855 2412 φρονοῦν-

266 2449 398 2501 τας,
441 2436 695 2496 καὶτοὺς
742 2434 1235 2504 συναινέσανταςῆ
1296 2435 1706 2499 συναινοῦντας,
1756 2435 1855 2490 καὶ

268 2532 489 2594 πάντας
512 2531 569 2585 δὲ
603 2531 733 2593 τοὺς
772 2530 1115 2601 αίρετικοῦς,
1146 2533 1246 2584 κού⁸
1268 2528 1339 2583 τὰ
1375 2529 1556 2583 αὐτῶν
1576 2530 1851 2598 δόγματα,

266 2625 371 2679 καὶ
405 2624 534 2686 τοὺς
567 2624 636 2678 τὰ
662 2624 843 2677 αὐτῶν
873 2625 1258 2694 φρονήσαντας
1289 2623 1322 2692 ἢ
1362 2623 1696 2693 φρονοῦντας
1721 2625 1853 2676 ἁνε-

269 2720 595 2788 θεμὰτισεν.
635 2717 874 2786 Ὁμοίως
912 2718 970 2772 δὲ
1001 2717 1366 2787 ἁνεθεμὰτισε
1414 2717 1509 2770 καὶ
1557 2717 1856 2789 Νεστόριον

271 2812 380 2868 καὶ
409 2812 480 2866 τὰ
514 2811 682 2866 αὐτοῦ
716 2812 988 2883 δόγματα,
1029 2814 1128 2867 καὶ
1156 2814 1284 2876 τοὺς
1318 2813 1384 2865 τὰ
1416 2812 1586 2866 αὐτοῦ
1648 2812 1857 2885 φρονή-

275 2922 484 2969 σαντας
511 2905 543 2976 ἢ
576 2905 933 2978 φρονοῦντας,
976 2907 1071 2959 καί
1100 2907 1226 2967 τοὺς
1252 2906 1681 2968 συναινέσαντας·
1705 2905 1857 2976 αὐτῷ

274 3002 311 3069 ἦ
349 3001 758 3062 συναινοῦντας.
803 3000 872 3054 Ἤ
902 3000 1042 3072 αὐτὴ
1068 2999 1123 3054 δὲ
1154 3002 1212 3052 ἐν
1242 2999 1553 3070 Χαλκηδόνι
1572 2999 1703 3068 ἁγία
1730 2999 1859 3054 σύνο

270 3095 401 3158 οδος
426 3094 523 3148 καὶ
568 3094 668 3164 τὴν
707 3093 802 3146 τοῦ
855 3093 1094 3163 μεγάλου
1156 3091 1407 3163 Πρόκλου
1464 3092 1603 3163 πρὸς
1649 3093 1858 3163 Ἀρμε-

1953 1994 2051 2033 nes
2096 1990 2333 2043 secutos,
2363 1980 2445 2034 vel
2477 1990 2788 2051 sequentes.
2821 1993 2876 2037 et
2914 1984 3004 2052 qui
3034 1999 3155 2038 cum
3184 2000 3252 2039 eo
3286 1986 3367 2039 vel
3403 2002 3539 2041 con-

1955 2072 2272 2139 sensissent,
2325 2074 2410 2128 vel
2459 2074 2862 2140 consentirent;
2914 2087 3076 2144 atque
3115 2090 3309 2133 omnes
3360 2079 3523 2133 etiam

1958 2165 2239 2222 haereticos
2265 2180 2559 2236 aurumque
2585 2168 2830 2235 dogmata
2855 2181 2978 2222 cum
3011 2169 3098 2235 iis,
3124 2169 3213 2233 qui
3249 2168 3536 2238 opiniones

1956 2257 2194 2327 ipsorum
2229 2259 2460 2327 amplexi
2492 2267 2701 2324 essent,
2729 2259 2814 2313 vel
2855 2260 3350 2327 amplecterentur;
3378 2265 3539 2329 quive

1956 2366 2077 2405 cum
2117 2351 2197 2406 eis
2227 2352 2669 2416 consensi-sent,
2716 2361 2807 2404 aut
2859 2352 3255 2416 consentirent,
3308 2352 3541 2406 anathe-

1958 2450 2102 2495 mate
2149 2442 2436 2510 percussit.
2465 2441 2830 2498 Consimiliter
2857 2451 2912 2497 et
2952 2440 3260 2498 Nestorium
3313 2445 3544 2498 anathe—
3612 2447 3615 2450 ’

1960 2533 2089 2588 mali
2137 2533 2388 2600 subierit,
2425 2532 2651 2601 ejusque
2683 2536 2975 2604 dogmata;
3009 2551 3131 2588 cum
3167 2536 3255 2599 iis,
3299 2536 3392 2604 qui
3427 2537 3547 2605 opi-

1958 2627 2146 2682 niones
2187 2627 2357 2697 ipsius
2404 2628 2636 2697 amplexi
2669 2638 2892 2693 essent,
2931 2628 3014 2682 vel
3045 2628 3546 2698 amplecterentur;

1959 2717 2118 2788 quive
2141 2733 2261 2772 cum
2284 2733 2350 2773 eo
2370 2720 2796 2778 consensissent.
2820 2729 2913 2774 aut
2929 2721 3319 2774 consentirent.
3338 2718 3544 2774 Eadem

1959 2822 2114 2865 sacra
2139 2810 2973 2881 Chalcedonensis“4)synodns
3001 2811 3167 2865 etiam
3201 2813 3375 2881 magni
3403 2811 3549 2865 illius

1959 2900 2135 2957 Procli
2163 2903 2442 2970 epistolam
2478 2904 2544 2957 ad
2572 2903 2857 2959 Armenios
2893 2905 3175 2974 scriptam,
3210 2918 3316 2971 qua
3348 2884 3556 2959 tracta;

1962 3004 2075 3062 tur,
2105 2997 2208 3051 diri
2245 2998 2465 3062 t’leliere,
2501 2997 2644 3065 quod
2684 2996 2943 3050 Dominus
2985 3007 3175 3051 noster
3203 2993 3358 3051 Jesus
3383 2993 3549 3050 Chri-

1961 3098 2104 3155 stus,
2141 3087 2311 3144 Filius
2350 3088 2440 3143 ille
2485 3086 2599 3153 Dei,
2649 3086 2900 3155 Deusque
2934 3098 3123 3143 noster
3150 3128 3166 3152 ,
3196 3102 3334 3142 unus
3368 3087 3442 3141 sit
3476 3103 3546 3141 ex

273 3187 431 3250 νίους
464 3188 776 3257 γραφεῖσαν
804 3184 1097 3255 ἐπιστολὴν
1128 3188 1259 3257 περὶ
1299 3186 1396 3239 τοῦ
1445 3188 1642 3257 χρῆναι
1671 3185 1854 3254 λέγειν

1961 3195 2146 3241 sancta
2193 3182 2483 3246 Trinitatc,
2526 3197 2623 3247 per
2671 3181 2985 3236 relationem
3036 3196 3190 3235 suam
3243 3179 3448 3248 recepit
3494 3189 3551 3234 et

270 3278 372 3332 τὸν
397 3280 677 3347 Δεσπότην
715 3278 877 3347 ἡμῶν
928 3277 1141 3347 Ἰησοῦν
1189 3278 1428 3348 Χριστὸν
1470 3277 1563 3331 τὸν
1597 3278 1724 3332 Υἰὶν
1759 3275 1855 3331 τοῦ

274 3369 421 3424 Θεοῦ
468 3370 564 3424 καὶ
592 3368 728 3423 Θεὸν
782 3368 943 3439 ἡμῶν
988 3369 1085 3423 ενα
1131 3369 1233 3438 τῆς
1281 3370 1447 3437 ἁγίας
1489 3351 1857 3439 τριάδος’διά

275 3463 385 3528 τῆς
418 3464 627 3526 οἰκείας
680 3465 963 3533 ἀναφορᾶς
998 3461 1217 3528 ἔδέξατό
1248 3481 1307 3516 τε
1351 3464 1445 3518 καὶ
1496 3464 1856 3520 ἐϐεϐαίωσεν.

271 3559 347 3614 Εἰ
365 3559 474 3630 γὰρ
500 3559 599 3621 τὰς
624 3557 931 3630 εἰρημένας
986 3557 1050 3627 δὴ
1099 3557 1264 3625 ἁγίας
1297 3557 1552 3620 συνόδους
1594 3559 1859 3629 παρεξέλ-

281 3649 485 3719 θωμεν,
536 3649 569 3721 ἢ
632 3651 704 3702 τὰ
759 3649 893 3717 παρ’
925 3647 1107 3702 αὐτῶν
1154 3647 1591 3711 διατυπωθέντα,
1643 3649 1860 3719 δίδομεν

272 3745 461 3801 ἄδειαν
490 3746 604 3806 τοῖς
630 3742 1009 3814 καθαιρεθεῖσι
1043 3741 1177 3811 παρ’
1196 3740 1380 3795 αὐτῶν
1415 3744 1718 3812 αἰρετικοῖς
1759 3744 1856 3797 καὶ

269 3840 392 3900 τοῖς
413 3836 596 3890 αὐτῶν
624 3836 865 3904 δόγμασι
898 3837 999 3904 τὴν
1054 3835 1269 3888 ἑαυτῶν
1302 3833 1501 3904 λοίμην
1556 3834 1720 3888 πάλιν
1774 3836 1856 3898 εἰς

269 3932 377 3995 τὰς
406 3933 568 3999 ἁγίας
592 3931 687 3984 τοῦ
723 3929 860 3983 Θεοῦ
911 3927 1240 3997 Ἐκκλησίας
1273 3927 1684 3982 ἐνδείκνυσθαι·
1720 3931 1858 4000 ὅπερ

267 4025 378 4080 οὐκ
409 4023 687 4092 ἐνδέχεται
722 4020 1041 4092 πραχθῆναί
1072 4037 1224 4073 ποτε·
1259 4019 1331 4089 μὴ
1358 4019 1595 4087 γένοιτο,
1640 4019 1859 4093 Ἐπειδὴ

268 4118 333 4171 αἰ
362 4114 656 4186 εἰρημέναι
682 4114 951 4183 τέσσαρες
968 4112 1124 4179 ἅγιαι
1157 4110 1367 4164 σύνοδοι
1390 4109 1477 4163 διὰ
1506 4109 1616 4164 τῶν
1639 4112 1859 4166 οἰκείων

271 4206 571 4275 δογμάτων
598 4207 724 4268 τοὺς
755 4204 1092 4274 αἱρετικοῦς,
1130 4203 1227 4256 καὶ
1268 4202 1337 4254 τὰ
1371 4201 1580 4255 τούτων
1611 4201 1861 4273 δόγματα

274 4300 571 4366 ἐξέϐαλον
602 4300 700 4352 καὶ
733 4297 788 4350 εἴ
819 4314 904 4359 τις
926 4297 1063 4367 πρὸς
1096 4298 1226 4366 μίαν
1243 4295 1355 4349 τῶν
1392 4296 1703 4365 εἰρημένων
1731 4313 1858 4348 συν-

256 4390 418 4448 ’όδων
453 4388 816 4460 ἁμφιϐἁλλοι,
853 4387 1125 4458 πρόδηλός
1154 4387 1301 4440 ἐστιν
1326 4388 1509 4441 ἐκεῖνα
1541 4386 1756 4457 φρονῶν
1788 4387 1860 4440 τὰ

269 4487 553 4555 δόγματα,
583 4484 655 4538 τὰ
693 4482 825 4555 παρ’
850 4482 1030 4535 αὐτῶν
1064 4479 1402 4550 ἐκϐληθέντα
1436 4498 1495 4533 τε
1527 4481 1624 4534 καὶ
1661 4479 1861 4535 ἀναθε-

275 4576 637 4649 ματισθέντα.
670 4574 881 4645 Μηδεὶς
911 4574 1091 4626 τοίνυν
1125 4573 1271 4642 ὑμᾶς
1322 4572 1619 4638 ταραξὰτω
1680 4571 1854 4625 ἑλπίδι

276 4665 494 4736 ματαίᾳ
528 4662 930 4733 κρατούμενος.
954 4662 1037 4715 ὅτι
1069 4663 1229 4731 ἡμεῖς
1260 4660 1505 4714 ἐναντίον
1558 4661 1669 4715 τῶν
1707 4665 1858 4732 εἰρηο

279 4758 465 4825 μένων
499 4756 672 4824 ἁγίων
720 4753 1004 4825 τεσσάρων
1038 4753 1271 4806 συνόδων
1302 4752 1644 4823 ἐπράξαμεν,
1669 4752 1860 4826 ἢπρὰ-

276 4849 469 4918 ξομεν,
498 4847 530 4915 ἢ
561 4844 879 4916 πραχθῆναι
937 4844 1091 4913 παρὰ
1137 4859 1248 4896 τισι
1297 4843 1756 4912 συγχωρήσομεν,
1821 4842 1855 4913 ἢ

272 4938 712 5009 περιαιρεθῆναι
768 4935 869 5008 τὴν
931 4935 1037 4989 τῶν
1085 4935 1261 5004 ἁγίων
1313 4934 1495 4987 αὐτῶν
1568 4935 1860 5003 τεσσάρων

268 5034 435 5087 ὁσίαν
471 5032 696 5102 μνήμην
726 5033 789 5083 ὲκ
837 5028 948 5082 τῶν
1009 5028 1319 5099 εἰρημένων
1371 5026 1474 5096 τῆς
1518 5026 1852 5094 Ἐκιιληςίας

272 5125 559 5197 διπτύχων
605 5121 933 5194 ἀνεξόμεθα.
966 5122 1188 5186 Πάντας
1219 5120 1329 5191 γὰρ
1361 5123 1486 5184 τοὺς
1520 5120 1656 5190 παρ’
1680 5118 1862 5172 αὐτῶν

1963 3275 2324 3333 conﬁrmavit.
2381 3272 2648 3329 Nimirum
2703 3273 2746 3328 si
2799 3283 2953 3329 extra
2998 3283 3234 3342 quatuor
3286 3272 3553 3327 iudicatas

1961 3379 2181 3424 sanctas
2232 3368 2488 3438 synodos,
2527 3366 2612 3420 vel
2664 3365 2730 3419 ab
2777 3366 2859 3420 eis
2892 3366 3118 3429 sancita,
3165 3362 3545 3428 deﬂectimus,

1962 3461 2235 3517 licentiam
2268 3458 2561 3523 haereticis,
2590 3473 2726 3526 quos
2760 3457 2864 3511 illae
2888 3455 3297 3520 destruxernut,
3337 3464 3388 3510 et
3420 3456 3553 3524 dog-

1963 3556 2197 3611 matibus
2222 3566 2413 3608 eorum
2449 3549 2795 3606 concedimus
2819 3587 2834 3614 ,
2872 3558 3077 3617 pestem
3130 3562 3285 3604 suam
3338 3545 3551 3602 sanctis

1965 3649 2058 3704 Dei
2116 3647 2372 3703 Ecclesiis
2399 3643 2730 3700 ostentandi.
2783 3642 2937 3709 Quod
2981 3642 3144 3705 absit,
3199 3649 3259 3695 ut
3310 3654 3550 3711 unquam

1967 3741 2081 3796 ﬂeri
2113 3740 2294 3794 liceat.
2329 3736 2774 3806 Quandoquidem
2811 3735 3063 3789 indicata)
3094 3743 3328 3804 quatuor
3359 3732 3555 3805 synodi

1964 3831 2200 3889 decretis
2231 3830 2347 3885 suis
2380 3840 2487 3882 tam
2533 3828 2681 3897 ipsos
2710 3826 3017 3889 haereticos,
3045 3840 3207 3894 quam
3233 3838 3420 3879 eorum
3459 3824 3554 3877 do-

1965 3932 2143 3994 gmata
2173 3919 2496 3987 expulerunt
2529 3934 2543 3971 :
2585 3933 2649 3972 ac
2682 3918 2727 3973 si
2753 3917 2876 3987 quis
2906 3917 2973 3971 de
3006 3931 3113 3971 uno
3148 3916 3415 3971 dictorum
3464 3930 3557 3969 sa-

1965 4031 2190 4070 crorum
2225 4012 2587 4069 conciliorum
2620 4010 2857 4072 dubitet,
2891 4009 2940 4065 is
2971 4007 3259 4063 manifesto
3282 4021 3341 4062 se
3375 4006 3554 4075 prodit

1965 4107 2215 4178 amplecti
2255 4121 2317 4162 ea
2350 4105 2623 4176 dogmata,
2654 4119 2774 4174 quae
2820 4104 2891 4157 ab
2937 4102 3042 4157 illis
3078 4102 3276 4168 reiecta
3313 4107 3463 4160 sunt.
3499 4108 3554 4153 et

1964 4201 2309 4254 anathemate
2358 4198 2630 4251 damnata.
2684 4196 2853 4251 Nemo
2903 4195 3067 4266 igitur
3124 4193 3401 4248 incassum
3448 4206 3549 4246 nos

1967 4293 2165 4356 llll'llel,
2195 4305 2293 4360 spe
2319 4304 2456 4343 vana
2488 4287 2773 4351 subnixus,
2806 4287 2960 4357 quasi
2995 4300 3094 4340 nos
3122 4284 3325 4354 aliquid
3357 4283 3555 4338 adver-

1964 4402 2056 4443 sus
2088 4384 2355 4440 iudicatas
2383 4390 2613 4447 quatuor
2637 4381 2872 4453 synodos
2905 4378 3314 4443 admiserimus,
3343 4375 3426 4432 vel
3452 4376 3557 4431 ad-

1965 4478 2178 4534 missuri
2205 4476 2395 4539 simus,
2436 4474 2522 4529 vel
2560 4464 2871 4529 concessuri
2900 4513 2916 4538 ,
2959 4480 3021 4526 ut
3059 4469 3417 4536 admittatur;
3469 4468 3557 4521 vel

1969 4568 2273 4631 toleraturi,
2308 4575 2367 4620 ut
2397 4565 2714 4621 earumdem
2761 4573 3076 4619 sanctarum
3107 4572 3345 4632 quatuor
3386 4573 3557 4632 synoo

1967 4663 2158 4719 dorum
2191 4658 2444 4727 religiosa
2481 4655 2738 4711 memoria
2767 4656 2833 4710 de
2865 4654 3119 4710 indicatis
3162 4651 3415 4707 Ecclesiae
3458 4665 3555 4705 co-

1969 4752 2181 4809 dicibus
2205 4747 2860 4820 tollatur(15).llnivcrsos
2880 4748 3026 4803 enim
3056 4747 3125 4801 ab
3148 4747 3229 4802 eis
3254 4743 3562 4816 depositas,

1969 4854 2024 4900 et
2075 4844 2423 4899 anathemate
2479 4824 2785 4911 damnatos,
2843 4855 2946 4894 una
3000 4854 3123 4893 cum
3176 4838 3551 4907 depositorum

1970 4936 2339 5001 dogmatibus,
2383 4945 2438 4989 et
2468 4935 2555 4998 iis,
2588 4934 2678 5002 qui
2709 4932 2998 5003 opiniones
3027 4931 3271 5000 ipsorum
3316 4927 3560 4999 amplexi

1968 5042 2115 5098 sunt,
2167 5030 2251 5086 vel
2314 5029 2735 5099 amplectuntur,
2798 5022 3130 5079 anathemati
3189 5021 3551 5076 devovemus.

1972 5120 2337 5189 Quamobrem
2394 5127 2514 5173 oret
2560 5131 2661 5188 pro
2705 5115 2888 5182 nobis,
2922 5123 2978 5168 et
3010 5111 3293 5183 republica
3323 5119 3557 5172 nostra.

1484 5284 1817 5348 Annibalis
1850 5282 2104 5348 Fahroti
2132 5286 2325 5343 nota).

353 5442 468 5513 (14)
516 5440 715 5513 Eodem
741 5456 895 5494 sacra
926 5438 1178 5513 Chatced.
1204 5437 1350 5513 Idem
1386 5436 1862 5513 Facundaiiadent

276 5506 402 5568 vero
432 5506 617 5567 sancta
652 5510 1088 5565 Chalcedonensis
1110 5510 1362 5576 synodus,
1388 5520 1434 5562 el
1466 5510 1645 5579 magni
1679 5506 1860 5560 Procli

274 5584 353 5637 ad
392 5583 666 5636 Armenios
696 5583 945 5649 scriptam
970 5583 1267 5644 epistolam,
1301 5582 1365 5632 de
1402 5595 1460 5649 eo
1491 5581 1628 5645 quod
1651 5589 1857 5649 gaportet

273 5655 459 5708 dicere
506 5647 1024 5706 Dominum'lesum
1067 5651 1336 5706 Christum
1390 5648 1591 5702 Fiiium
1642 5647 1753 5713 Dei,
1805 5660 1854 5701 et

276 5725 451 5778 Deum
488 5732 750 5785 nostrum,
778 5737 942 5777 unum
974 5732 1172 5775 sancta
1226 5718 1519 5780 Trinitatis,
1560 5734 1651 5787 per
1698 5734 1851 5772 suam

271 5794 593 5849 relationem
622 5793 837 5857 ειιςοιινει
877 5802 924 5845 et
970 5791 1319 5856 eouﬁrmarit.
1374 5789 1432 5844 Si
1467 5792 1605 5842 enim
1660 5788 1854 5852 praedi-

274 5878 400 5920 ctas
423 5872 638 5918 sanctas
677 5871 906 5924 quatuor
934 5863 1159 5923 simodo;
1181 5860 1646 5927 egrediamur,aut
1675 5859 1740 5912 ab
1768 5859 1849 5913 Itis

1970 5435 2250 5498 disposita.
2290 5434 2480 5497 damus
2519 5429 2831 5499 facultatem
2870 5427 3154 5493 Itmreticis,
3194 5426 3286 5493 qui
3317 5424 3558 5499 depositi

1968 5508 2033 5557 ab
2058 5494 2135 5556 eis
2184 5512 2330 5561 s‘uut.‘
2367 5512 2416 5554 et
2442 5494 2622 5556 eorum
2648 5499 2980 5566 dogmatibus
3011 5514 3161 5551 suam
3194 5494 3563 5565 pestilentiam

1965 5575 2153 5628 iterum
2186 5575 2240 5626 in
2268 5582 2480 5627 sanctas
2514 5571 2611 5625 Dei
2642 5569 2902 5624 Ecclesias
2933 5579 3227 5627 ostentare.

2037 5644 2150 5712 (i5)
2195 5643 2479 5699 (Iudicibus
2512 5641 2755 5712 tollatur.
2791 5637 2955 5712 sexta
2991 5640 3231 5712 synodus
3258 5635 3439 5712 colla}.
3470 5633 3558 5712 ‘2;

1964 5703 2192 5789 Salinas
2220 5724 2450 5789 quatuor
2484 5710 2715 5789 synodos
2756 5703 3216 5789 majestas'ips‘ius
3249 5707 3337 5789 {de
3379 5703 3555 5789 gusti:-

1962 5785 2145 5844 nizino)
2184 5774 2351 5837 sacris
2381 5774 2640 5851 diptychis
2690 5774 2853 5836 inseri
2907 5791 2954 5834 et
2996 5774 3265 5847 publicari
3297 5775 3441 5845 fecit.
3485 5774 3556 5830 ν.

1962 5854 2156 5923 Evagr.
2180 5854 2274 5909 lib.
2305 5869 2377 5920 tv,
2413 5869 2461 5908 c.
2495 5852 2577 5906 tl.
