4016 6400
318 324 459 392 1105

1360 328 1695 390 CONSTIT.
1735 329 2028 390 ECCLES.
2067 330 2501 392 COLLECTlO.

3434 327 3569 387 1106

315 439 750 509 ἀρχιεπισκόπου
797 439 989 509 αὐτῆς,
1031 439 1161 493 ὅταν
1209 432 1383 509 ᾖτῶν
1424 434 1557 510 παρ’
1588 439 1754 494 αὑτοῦ
1785 456 1897 508 χει-

2020 453 2100 493 ιοο
2135 438 2458 494 ordinantur
2488 437 2627 507 (55),
2680 446 2734 492 et
2784 451 2995 500 eorum,
3030 435 3122 505 qui
3181 433 3502 489 ordinantur
3540 447 3569 486 ι

319 530 731 599 ροτονουμένων
792 529 1228 601 μητροπολιτῶν,
1288 530 1523 583 καὶτῶν
1574 530 1632 596 ἐξ
1669 530 1893 582 ἐκείνων

315 623 815 692 χειροτονουμένων
852 624 1116 693 ἀκηητον
1149 620 1181 691 ἢ
1219 620 1503 690 πολιτικὴν
1558 622 1769 689 σίτησιν
1792 620 1895 673 οὐκ

317 713 743 768 ἐκποιοῦσινηεί
775 715 848 785 μὴ
876 715 1162 783 ἐπωφελὴς
1190 715 1276 783 εῐη
1310 715 1343 781 ἡ
1375 715 1597 782 πρᾶσις,
1633 713 1667 783 ἢ
1700 712 1897 783 ήὺπο-

321 804 488 874 θήκη,
519 804 553 874 ἦ
594 807 626 871 ἡ
656 804 988 876 ἁνταλλαγὴ,
1024 805 1058 877 ἦ
1101 804 1363 875 διηνεκὴς
1388 803 1742 872 ἐμφύτευσις·
1773 818 1897 855 του·

318 898 525 960 τέστιν,
563 898 652 949 ὅτε
677 897 747 965 to,
770 897 991 967 τίμημα
1018 896 1112 950 τοῦ
1149 896 1624 967 πιπρασκομένου,
1653 894 1687 965 ἢ
1717 892 1778 945 τὸ
1798 893 1895 946 δα-

319 987 536 1041 νεισθὲν
563 989 659 1040 ἐπὶ
682 988 935 1058 ὑποθήκῃ
968 988 1157 1057 μέλλει
1179 990 1488 1057 προχωρεῖν
1512 986 1593 1048 είς
1622 984 1897 1053 λύτρωσιν

319 1080 539 1149 χρέους,
592 1079 657 1132 ὲκ
717 1078 1043 1149 διαδοχῆςῆ
1096 1079 1289 1150 χρείας
1340 1078 1535 1146 ἐτέρας
1593 1074 1898 1143 ἀναγκαίας

321 1169 681 1240 ἐπικειμένου
706 1169 783 1239 τῷ
806 1163 996 1238 εὐαγεῖ
1030 1170 1188 1237 οῐκῳ,
1238 1169 1271 1239 ἢ
1306 1169 1392 1238 ἐφ’
1425 1163 1469 1236 ᾧ
1504 1169 1695 1238 ἓτερον
1729 1167 1897 1233 ἀναγ-

316 1261 602 1331 καιότερον
658 1260 968 1331 κτήσασθαι
1024 1262 1286 1331 πρᾶγμα,
1333 1260 1367 1331 ἢ
1423 1262 1504 1322 εἰς
1537 1257 1899 1325 κατεπείγου-

326 1368 429 1406 σαν
451 1352 544 1406 τοῦ
577 1352 812 1420 εὐαγοῢς
865 1352 1020 1405 οίκου
1074 1351 1375 1404 ἀνανέωσιν
1426 1350 1522 1404 καὶ
1556 1348 1900 1414 ἁνταλλαγὴν

321 1444 568 1500 ποιοῦσιν
595 1445 689 1499 ἐπὶ
726 1445 1142 1516 ἀναγκαιοτέρῳ
1187 1422 1499 1514 πράγματι,
1518 1444 1614 1496 καὶ
1640 1441 1903 1509 πρόσοδον

327 1526 435 1589 οὐκ
448 1535 712 1588 ἐλάττονα
733 1534 827 1588 τοῦ
850 1535 1143 1604 διδομένου
1159 1535 1365 1605 ἔχοντι,
1390 1534 1487 1588 καὶ
1511 1531 1903 1602 ὲμφυτεύσεις,

331 1626 408 1697 μὴ
465 1627 797 1696 μειουμένης
854 1629 955 1696 τῆς
1002 1623 1262 1697 πρὸςόδου
1295 1666 1311 1691 ,
1350 1626 1383 1697 ἢ
1439 1625 1722 1688 παντελῶς
1771 1626 1906 1677 ἀπο-

330 1718 557 1789 ροῦντος
578 1718 676 1772 τοῦ
711 1719 1060 1788 πράγματος,
1099 1720 1179 1771 Τὰ
1229 1718 1340 1791 γὰρ
1386 1718 1476 1771 διὰ
1510 1717 1608 1787 τὴν
1667 1715 1905 1785 ἀπορίαν

2002 531 2457 601 metrOpolitanis,
2489 543 2603 584 rem
2637 528 2870 596 aliquam
2891 528 3016 591 soli,
3045 526 3125 581 vel
3152 539 3421 580 annonam
3443 524 3575 577 civi-

2000 621 2128 686 lem,
2158 639 2263 678 non
2312 623 2571 687 alienant,
2605 621 2711 676 nisi
2754 621 2826 675 sit
2883 619 3032 675 utilis
3062 634 3124 675 ea
3172 617 3437 684 venditio,
3490 615 3573 672 vei

2000 691 2325 785 h3'p0tbeca.,
2358 715 2441 768 Vel
2476 714 2817 784 permutatio,
2857 713 2939 768 vel
2975 711 3343 781 empbyteusis
3379 722 3571 778 perpe-

2003 816 2091 860 tua
2124 821 2140 859 :
2174 806 2279 861 hoc
2310 816 2414 873 εει,
2447 821 2566 860 cum
2601 806 2829 874 pretium
2850 804 2925 860 rei
2945 803 3196 868 venditas,
3218 802 3298 856 vel
3328 811 3570 855 mutuum

2001 897 2100 953 sub
2133 898 2433 968 bypotbeca
2465 906 2761 966 sumptum,
2793 910 3073 950 cessurum
3112 902 3196 949 est
3228 893 3293 947 ad
3341 892 3575 946 dissolu-

2002 989 2204 1044 tionem
2237 989 2361 1044 atris
2387 988 2567 1052 alieni,
2602 989 2744 1057 quod
2799 1002 2866 1043 ex
2921 986 3288 1046 Successione.
3343 982 3427 1037 vel
3472 982 3577 1035 alio

2002 1081 2253 1151 quopiam
2285 1095 2384 1135 usu
2414 1080 2723 1135 necessario
2751 1078 3049 1133 venerabili
3103 1078 3263 1134 domo
3290 1075 3575 1137 incumbit,

2002 1172 2085 1226 vel
2111 1172 2177 1226 ad
2208 1172 2627 1242 comparandam
2660 1171 2818 1224 aliam
2849 1184 2963 1224 rem
2995 1168 3165 1239 magis
3192 1167 3577 1227 necessariam,

2001 1263 2087 1319 vel
2126 1264 2191 1317 ad
2225 1275 2504 1333 urgentem
2528 1263 2719 1317 domus
2749 1261 3069 1315 venerabilis
3097 1260 3576 1321 instaurationem;

2005 1355 2297 1426 itidemque
2326 1357 2370 1410 si
2405 1355 2730 1423 permutatio
2765 1354 2853 1407 fiat
2882 1369 3003 1408 cum
3043 1367 3100 1407 re
3135 1354 3307 1420 magis
3334 1363 3584 1405 necessa-

2006 1447 2107 1510 ria,
2138 1463 2361 1517 quaeque
2383 1448 2613 1502 reditum
2649 1459 2737 1510 eo,
2767 1446 2908 1513 quod
2959 1446 3137 1509 datur,
3168 1458 3271 1497 non
3320 1427 3580 1497 minorem

2008 1537 2225 1603 habeat,
2280 1553 2334 1593 et
2379 1538 2421 1592 si
2472 1537 2853 1609 empbyteuses
2904 1536 3324 1600 constituantur,
3384 1534 3585 1603 absque

2007 1628 2375 1683 deminutione
2406 1628 2630 1692 reditus,
2674 1636 2765 1682 aut
2793 1643 2917 1682 cum
2954 1626 3177 1681 omnino
3212 1640 3299 1682 res
3327 1626 3440 1695 ipsa
3476 1633 3586 1680 ste—

2010 1721 2126 1776 rilis
2155 1731 2258 1777 est.
2320 1721 2452 1776 Nam
2485 1735 2604 1789 qua:
2635 1721 2703 1775 ob
2735 1720 3074 1775 sterilitatem
3135 1719 3391 1773 damnosa
3438 1725 3584 1782 sunt,

326 1812 601 1882 ἐπιζήμια
627 1812 920 1881 δωρεῖσθαι
992 1809 1088 1864 καὶ
1136 1813 1404 1882 ἐκχωρεῖν
1449 1810 1695 1864 δύναται.
1730 1808 1804 1863 Τὸ
1851 1807 1906 1861 δὲ

2020 1813 2214 1868 donare
2244 1821 2408 1883 atque
2433 1813 2553 1867 aliis
2580 1810 2877 1867 concedere
2909 1810 3156 1880 possunt.
3207 1808 3358 1876 Quod
3405 1818 3584 1864 autem

325 1903 614 1972 γινόμενον
641 1902 741 1956 οὐκ
792 1903 970 1965 ἄλλως
1006 1901 1203 1971 ἰσχύει,
1237 1903 1285 1955 εί
1330 1902 1404 1972 μὴ
1458 1902 1557 1971 μία
1597 1900 1706 1953 τῶν
1749 1899 1905 1969 είρη-

328 1994 510 2065 μένων
559 1995 751 2047 αἰτιῶν
800 1995 858 2048 ἐν
921 1994 1280 2064 ὑπομνήμασι
1332 1992 1624 2063 φανερωθῇ
1683 1992 1741 2044 ὲν
1807 1989 1906 2059 μὲν

330 2084 621 2156 Βυζαντίῳ
642 2087 796 2155 παρὰ
816 2086 895 2158 τῷ
927 2086 1404 2155 μαγιστροκήνσῳ,
1434 2086 1492 2137 ὲν
1510 2083 1569 2136 δὲ
1593 2082 1713 2146 ταῖς
1737 2083 1909 2153 ἐπαρ-

328 2179 481 2248 χίαις
509 2180 663 2249 παρά
709 2180 821 2241 τοῖς
843 2178 1098 2244 ὲκδίκοις,
1144 2177 1521 2248 προκειμένων
1566 2174 1673 2228 τῶν
1734 2173 1906 2242 ἁγίων

334 2270 593 2342 Γραφῶψ
642 2270 740 2324 καὶ
793 2271 887 2323 ἐπὶ
949 2270 1048 2339 μὲν
1099 2269 1210 2322 τῶν
1261 2267 1573 2338 ἐκκλησιῶν
1621 2266 1906 2337 παρόντων

337 2363 444 2440 τῶν
479 2362 785 2431 οἰκονόμων
812 2361 922 2416 τῶν
955 2362 1340 2431 ἑκδημούντων
1387 2361 1693 2434 κληρικῶν,
1723 2362 1817 2414 ἐπὶ
1847 2362 1907 2417 δὲ

333 2452 447 2504 τῶν
495 2451 878 2520 μοναστηρίων
937 2453 1022 2506 δεῖ
1072 2454 1329 2523 παρεῖναι
1400 2454 1527 2517 τοὺς
1572 2453 1910 2523 ἡγουμένους

332 2543 429 2596 καὶ
461 2542 657 2604 ἄλλους
698 2541 1007 2612 μοναχούςο
1045 2543 1139 2595 ἐπὶ
1188 2542 1246 2595 δὲ
1307 2542 1418 2595 τῶν
1467 2545 1754 2612 πτωχείων
1810 2540 1915 2596 τοῦ.

332 2612 609 2700 διοδκητοῢ
634 2636 730 2688 καὶ
754 2634 865 2688 τῶν
890 2635 1333 2706 ὑπουργούντων,
1372 2636 1467 2689 καὶ
1492 2635 1604 2689 τῶν
1633 2635 1865 2705 πτωχῶν
1892 2651 1909 2666 ο

339 2727 437 2778 ἐπὶ
466 2726 524 2779 δὲ
552 2725 663 2780 τῶν
693 2726 938 2790 ξενώνων
960 2726 1056 2781 τοῦ
1090 2728 1365 2798 διοικητοῦ
1398 2728 1490 2782 καὶ
1542 2727 1762 2782 πάντων
1799 2728 1908 2782 τῶν

331 2836 353 2872 ε
367 2819 750 2887 ὐρισκομένων
766 2819 1059 2889 ὑπουργῶν
1070 2820 1167 2888 τῆς
1191 2819 1516 2889 διοικήσεως
1546 2836 1562 2852 ο
1588 2818 1684 2873 καὶ
1702 2820 1906 2889 ὁμοίως

332 2912 429 2963 hri
452 2911 564 2962 τῶν
603 2910 1029 2982 ὀρφανοτρόφων
1087 2910 1200 2983 [ῖσ.
1236 2911 1346 2964 τῶν
1379 2909 1906 2981 ὀρφανοτροφείων],

334 3000 480 3055 ὥστε
515 3003 743 3071 κρατεῖν
767 3002 828 3054 τὸ
850 3003 964 3064 τοῖς
997 3000 1242 3054 πλείοσιν
1281 3001 1541 3072 ἀρέσκον,
1595 3001 1909 3056 συναινοῦν-

332 3109 428 3155 τος
461 3094 558 3147 καλ⁸
578 3095 669 3146 τοῦ
702 3092 1004 3146 ἐπισκόπου
1035 3092 1143 3145 τῶν
1166 3093 1372 3158 τόπων,
1397 3094 1456 3147 ὲν
1495 3088 1575 3156 οἷς
1601 3095 1759 3148 τοῦτο
1785 3095 1913 3148 σύν-

2014 1906 2211 1976 agitur,
2236 1921 2342 1959 non
2367 1905 2524 1961 aliter
2549 1905 2712 1967 valet,
2764 1903 2869 1958 nisi
2907 1917 3193 1958 causarum
3226 1902 3585 1955 iudicatarum

2015 2012 2120 2052 una
2157 1997 2210 2052 in
2248 2005 2595 2053 monumento
2645 2010 2901 2066 expressa
2952 1994 3136 2057 fuerit,
3181 1994 3425 2065 Byzantii
3467 1994 3589 2061 qui-

2015 2091 2160 2155 dem,
2199 2089 2341 2159 apud
2398 2089 2714 2159 magistrum
2766 2101 2964 2144 census
2993 2085 3146 2158 (56);
3198 2085 3249 2139 in
3298 2083 3588 2155 provinciis

2014 2197 2164 2246 vero,
2195 2182 2336 2251 apud
2363 2179 2694 2244 defensores.
2725 2179 3015 2250 propositis
3047 2179 3218 2233 sacris
3239 2176 3534 2247 Scripturis
3571 2194 3584 2229 :

2014 2284 2071 2330 et
2101 2274 2153 2327 in
2187 2274 2414 2344 negotiis
2439 2274 2815 2337 ecclesiarum,
2847 2275 3146 2326 oeconomis
3176 2281 3228 2325 et
3254 2269 3464 2325 clericis
3497 2269 3588 2338 qui

2015 2370 2084 2422 ad
2116 2368 2303 2422 urbem
2336 2375 2462 2421 sunt
2508 2366 2886 2436 prmsentibus,
2918 2364 2971 2419 in
3010 2364 3459 2419 monasteriorum
3493 2378 3588 2415 ne-

2017 2461 2196 2532 gotiis,
2222 2460 2447 2515 abbates
2477 2469 2531 2515 et
2558 2458 2740 2514 caeteri
2781 2457 3030 2512 monachi
3057 2457 3244 2511 adesse
3272 2456 3465 2510 debent
3490 2470 3504 2519 ;
3534 2454 3586 2506 iu

2017 2552 2375 2623 ptochiorum,
2406 2550 2808 2605 administrator
2842 2550 3062 2617 ejusque
3095 2546 3348 2611 ministri,
3394 2556 3450 2600 et
3489 2544 3590 2612 ipsi

2017 2640 2411 2714 pauperes;in
2443 2655 2735 2708 xenonum,
2783 2639 3191 2694 administrator
3238 2648 3294 2692 et
3350 2636 3586 2691 uuivcrsi

2017 2735 2108 2805 qui
2142 2733 2600 2789 administrationi
2646 2732 2993 2802 reperiuntur
3026 2729 3401 2795 insert/iantes,
3429 2743 3492 2782 ac
3520 2728 3597 2783 si-

2016 2829 2222 2882 militer
2246 2826 2297 2880 in
2322 2826 2549 2899 nogotiis
2579 2824 3181 2895 orphanotropbiorum,
3216 2823 3305 2875 ita-
3322 2829 3380 2875 ut
3411 2828 3586 2875 ratu-u

2018 2918 2108 2983 sit,
2138 2916 2278 2987 quod
2315 2916 2555 2986 pluribus
2596 2916 2792 2987 placet,
2844 2914 3006 2969 etiam
3073 2912 3339 2981 episcopo
3371 2909 3589 2963 illorum

2018 3009 2284 3074 locorum,
2315 3007 2513 3079 quibus
2533 3009 2584 3063 in
2626 3007 2762 3062 locis
2791 3020 2882 3061 res
2916 3004 3032 3061 ﬁeri
3076 3001 3377 3063 consuevit,
3405 3015 3595 3055 assen-

2022 3101 2232 3156 tiente:
2264 3116 2365 3157 nec
2413 3099 2583 3171 possit
2612 3097 2870 3169 magister
2922 3111 3139 3160 census,
3176 3102 3268 3148 aut
3317 3093 3591 3156 defensor,

333 3184 468 3259 ηθες
519 3186 900 3254 ἐπιγίνεσθαιο
969 3184 1048 3256 μὴ
1098 3185 1400 3255 δυναμένου
1463 3186 1559 3239 τοῦ
1623 3203 1912 3256 μαγιστρο-

2022 3206 2286 3248 excusare
2330 3204 2424 3269 se,
2493 3190 2783 3261 quominus
2832 3188 3195 3245 venerabilem
3252 3188 3490 3252 domum,
3539 3185 3597 3240 in

338 3277 548 3346 κήνσου
576 3277 610 3346 ἢ
634 3277 728 3331 τοῦ
759 3277 977 3330 ὲκδίκου
1012 3277 1424 3349 παραιτεῖσθαι,
1468 3280 1916 3349 καταλαμϐάνειν

338 3367 437 3420 τὸν
495 3369 795 3438 σεϐάσμιον
852 3365 1021 3434 οἷκον,
1063 3370 1123 3422 ἐν
1155 3362 1199 3436 ᾧ
1253 3371 1286 3439 ἡ
1333 3370 1562 3440 τοιαύτη
1598 3371 1919 3424 συνίσταται

341 3461 552 3527 πρᾶξις
594 3462 872 3532 ἀζημίως,
928 3463 1025 3515 καὶ⁴
1089 3463 1455 3518 ὲκδικούντων
1506 3463 1701 3534 αὐτήν.
1750 3463 1918 3515 ’Υπό-

344 3574 561 3614 κεινται
613 3557 727 3627 γὰρ
763 3558 827 3609 ἐκ
854 3556 1208 3626 παραϐασίας
1240 3559 1399 3628 ποινῇ
1458 3556 1685 3628 χρυσίου
1721 3555 1920 3626 λιτρῶν

339 3652 558 3705 εἴκοσι’
586 3648 679 3701 καλ⁸
709 3647 849 3715 μετά
877 3646 1055 3700 ταῦτα
1095 3648 1306 3715 γίνεται
1362 3646 1667 3718 συμϐόλαια
1714 3663 1924 3717 μνημο-

345 3741 574 3794 νεύοντα
632 3739 744 3791 τῶν
811 3738 1022 3801 αἰτιῶν,
1070 3740 1161 3792 καὶ
1204 3739 1304 3807 τῆς
1349 3738 1458 3792 τῶν
1515 3737 1922 3809 ὑπομνημάτων

343 3833 626 3903 πράξεως,
659 3833 752 3885 καὶ
778 3832 875 3900 τῆς
908 3831 1284 3902 προσηγορίας
1316 3830 1424 3884 τῶν
1442 3830 1924 3902 παραγενομένων,

346 3928 445 3980 καὶ
478 3925 609 3994 παρ’
631 3916 675 3992 ᾧ
706 3924 962 3993 συνέστη.
1001 3914 1062 3977 Εἰ
1087 3922 1146 3975 δέ
1200 3940 1252 3976 τι
1281 3921 1389 3976 τῶν
1442 3922 1751 3994 εἰρημένων
1784 3941 1927 3994 παρ·

347 4018 514 4088 οφθῇ,
550 4019 579 4070 ὁ
628 4016 730 4087 μὲν
782 4016 1065 4086 δανειστὴς
1099 4014 1196 4068 καὶ
1242 4014 1271 4066 δ
1302 4015 1617 4085 ἀγοραστής
1664 4013 1925 4067 ἐκπίπτει

346 4108 447 4164 τοῦ
497 4109 824 4180 πράγματος
880 4108 976 4161 καὶ
1033 4105 1130 4160 τοῦ
1171 4106 1387 4177 χρέους,
1438 4107 1535 4160 καὶ
1569 4105 1678 4158 τῶν
1708 4105 1925 4176 τιμῶν·

347 4206 379 4257 ὁ
409 4202 466 4254 δὲ
497 4199 679 4254 λαϐὼν
711 4201 792 4263 είς
817 4198 1180 4267 ἀνταλλαγὴν,
1211 4199 1307 4252 καὶ
1363 4191 1533 4268 οὗπερ
1585 4198 1776 4263 ἔδωκε,
1834 4200 1935 4253 καὶ

347 4287 525 4362 οὗπερ
557 4291 774 4355 ἔλαϐεν,
803 4290 1062 4344 ἐκπίπτει
1087 4305 1103 4322 ·
1138 4292 1166 4343 ὁ
1188 4289 1245 4343 δὲ
1283 4289 1364 4353 είς
1402 4289 1740 4358 ὲμφύτευσιν
1790 4291 1930 4363 ὑπὲρ

349 4386 453 4456 τὴν
484 4384 623 4438 ίδίαν
668 4383 815 4453 ζωὴν
860 4382 1043 4435 λαϐὼν
1072 4381 1106 4453 ἢ
1136 4383 1367 4453 δωρεὰν,
1397 4380 1430 4452 ἢ
1462 4382 1776 4452 ἐκχώρησιν
1790 4384 1931 4453 ἀπη-

2025 3299 2130 3354 qua
2192 3283 2456 3353 ejusmodi
2521 3280 2790 3353 negotium
2854 3278 3231 3343 contrahitur,
3290 3278 3609 3347 indemnem

2025 3374 2285 3445 suscipiat
2315 3391 2329 3429 :
2364 3373 2604 3442 adeoque
2640 3374 2691 3426 bi
2725 3387 2846 3427 eam
2895 3371 3209 3427 delendam.
3269 3369 3482 3424 Etenim
3532 3383 3596 3419 et

2028 3466 2460 3537 transgressione
2488 3466 2706 3521 obnoxii
2727 3473 2852 3520 sunt
2877 3480 3049 3533 praua:
3077 3464 3147 3517 20
3168 3464 3426 3518 librarum
3457 3461 3595 3513 auri.

2027 3558 2107 3614 Ac
2135 3559 2426 3614 secundum
2450 3559 2586 3623 tunc,
2614 3557 2974 3612 instrmneuta
3007 3556 3391 3618 coniiciuntur,
3445 3568 3596 3607 men.

2030 3651 2235 3706 tionem
2265 3650 2513 3706 facientia
2538 3664 2848 3714 causarum,
2878 3658 2933 3703 et
2964 3656 3436 3704 monumentorum
3463 3661 3597 3701 con-

2031 3743 2299 3808 fectionis,
2326 3752 2381 3798 et
2404 3734 2635 3799 nominis
2676 3757 2886 3805 eorum,
2917 3741 3008 3809 qui
3038 3740 3347 3804 adfuerunt,
3379 3749 3432 3793 ct
3461 3738 3602 3807 apud

2030 3848 2189 3903 quem
2220 3834 2466 3889 confecta
2519 3833 2648 3888 sint.
2700 3831 2757 3886 Si
2814 3847 2943 3885 vero
2977 3847 3044 3886 ex
3095 3831 3344 3885 indicatis
3398 3827 3601 3898 aliquid

2032 3925 2335 3994 neglectum
2368 3924 2552 3987 fuerit,
2586 3925 2822 3980 creditor
2864 3923 3106 3994 quidem,
3141 3931 3195 3977 et
3223 3932 3455 3990 emptor.
3487 3935 3599 3974 rem

2033 4018 2208 4089 ipsam
2260 4019 2479 4085 amittit,
2510 4028 2565 4075 et
2595 4017 2881 4081 creditura,
2923 4028 2977 4070 et
3032 4016 3203 4085 pretia
3237 4032 3252 4070 :
3285 4013 3373 4083 qui
3423 4023 3600 4066 autem

2034 4110 2241 4179 accepit
2282 4111 2499 4165 nomine
2524 4109 2955 4179 permutationis,
2989 4117 3095 4162 tam
3149 4107 3222 4173 id,
3247 4105 3389 4176 quod
3432 4103 3602 4166 dedit,

2036 4220 2198 4275 quam
2221 4206 2363 4275 quod
2391 4204 2622 4274 accepit,
2656 4204 2858 4259 amittit
2885 4220 2898 4257 :
2937 4203 3029 4271 qui
3059 4216 3172 4256 rem
3195 4200 3616 4271 empbyteuseos

2036 4299 2255 4355 nomine
2281 4314 2435 4353 suam
2459 4299 2526 4352 ad
2551 4298 2740 4361 vitam,
2779 4297 2860 4352 vel
2890 4296 3261 4359 donationem,
3295 4292 3373 4347 vel
3402 4292 3607 4346 cessio-

2037 4407 2160 4446 nem
2187 4391 2534 4460 prohibitam,
2560 4389 2802 4458 arccpit;
2837 4399 2945 4442 tum
2977 4389 3051 4454 id,
3077 4387 3216 4457 quod
3245 4384 3609 4453 accépit,_tum

350 4477 723 4547 γορευμένην,
748 4474 1070 4527 ἀναδίδωσιν
1099 4475 1236 4544 ὅπερ
1272 4472 1483 4543 εἴληφε.
1525 4474 1618 4527 καὶ
1652 4476 1913 4545 ποσότητα

2038 4480 2395 4551 quantitatem
2442 4480 2689 4542 alteram,
2723 4478 2907 4548 quanti
2964 4486 3048 4532 est
3103 4477 3176 4539 id,
3233 4478 3375 4544 quod
3424 4475 3607 4529 datum

356 4565 574 4635 ἑτέραν,
619 4558 685 4635 ᾖς
715 4563 866 4631 ἄξιόν
888 4564 1004 4617 ἐστι
1051 4562 1114 4617 τὸ
1158 4563 1333 4618 δοθέν.
1370 4564 1569 4632 Χώραν
1606 4565 1662 4618 δὲ
1696 4564 1808 4635 ἔχει
1859 4566 1928 4620 τά

353 4658 622 4728 εἰρημένα
656 4658 752 4710 καὶ
780 4657 875 4710 ἐπὶ
906 4659 1020 4719 τοῖς
1054 4655 1311 4725 μέλλουσι
1345 4659 1604 4724 γενέσθαι
1628 4658 1925 4729 ἐκκλησια-

351 4752 566 4813 στικοϊς
596 4748 692 4802 καὶ
740 4751 853 4810 τοῖς
898 4748 1181 4815 ἐσομένοις
1215 4748 1493 4817 εὐαγέσιν2
1547 4751 1684 4803 Ὑπὸ
1732 4750 1840 4804 τῶν
1871 4752 1929 4805 δὲ

300 4862 321 4878 ι
353 4843 621 4913 κινητῶν,
653 4840 853 4908 ἔξωθεν
878 4839 987 4893 τῶν
1025 4838 1189 4912 ἱερῶν
1218 4840 1453 4906 σκευῶν,
1488 4842 1581 4895 καὶ
1609 4841 1928 4912 ἀρκούντων

2035 4575 2157 4637 fuit,
2182 4571 2441 4629 restituit.
2476 4571 2686 4626 Habent
2716 4580 2893 4625 autem
2928 4570 3127 4632 locum,
3151 4586 3271 4638 quae
3291 4571 3430 4623 dicta
3462 4576 3609 4628 sunt,

2038 4672 2146 4718 tam
2190 4663 2243 4716 in
2296 4661 2363 4717 iis
2397 4676 2516 4730 quae
2558 4659 2960 4721 ecclesiastica.
2992 4675 3151 4728 quam
3187 4673 3307 4727 quae
3362 4658 3608 4723 religiosa

2036 4754 2213 4808 futura
2261 4762 2389 4808 sunt
2414 4751 2573 4823 (56‘).
2606 4750 2758 4818 Quod
2788 4750 2832 4804 si
2866 4764 2952 4804 res
2984 4750 3208 4804 mobiles
3248 4758 3487 4813 exstent,
3523 4764 3604 4803 sa-

2037 4845 2144 4901 cris
2170 4845 2313 4900 vasis
2333 4843 2599 4913 exceptis,
2632 4857 2815 4912 eaeque
2843 4842 3113 4899 sumciant
3148 4842 3214 4898 ad
3245 4856 3449 4899 causas.
3473 4842 3619 4897 indio.

1555 5006 1885 5069 Annibalis
1920 5010 2174 5073 FabrOti
2211 5019 2399 5074 nolis.
2458 5094 2461 5095 ν

431 5126 547 5191 (55)
589 5125 692 5191 Qui
722 5128 788 5180 ab
822 5128 920 5182 hoc
951 5129 1295 5183 ordinantur.
1356 5128 1758 5197 MetrOpolitani
1822 5145 1918 5185 or-

352 5197 617 5270 dinantur
671 5199 738 5251 ab
766 5199 1025 5270 Aarcbiep.
1077 5200 1709 5270 Constantinopolitano,
1781 5199 1916 5257 Nov.

351 5283 456 5328 vit.
486 5267 821 5338 c.7lconcil.
854 5267 1112 5323 Chalced.
1147 5285 1270 5323 can.
1298 5270 1389 5329 ‘28.
1428 5267 1669 5338 episcopi
1726 5284 1753 5322 a
1793 5285 1911 5326 me-

354 5336 662 5406 trapolitis,
694 5345 754 5390 ut
796 5338 905 5392 hic.
941 5339 1090 5406 Adde
1136 5355 1278 5403 can..
1302 5340 1369 5394 ιε
1406 5336 1814 5395 concibLaod.
1863 5351 1919 5396 et

355 5403 484 5477 can,
502 5405 546 5477 _6
576 5403 713 5477 ilic.
745 5422 867 5477 syu.

431 5475 545 5549 (56)
569 5475 886 5549 Magistrum
913 5494 1120 5549 census.
1153 5480 1648 5549 Μαγιστροκήνσῳ.
1677 5479 1767 5535 Sic
1826 5497 1932 5537 ms.

358 5545 527 5621 unica
557 5562 711 5621 voce.
742 5546 1155 5621 Glossa*_8asil.
1192 5545 1697 5621 μαγιστρόκηνσος,
1748 5552 1932 5621 ἄρχων

354 5617 517 5708 iii.
546 5617 909 5708 {‘Wt’f‘ﬁiia
952 5617 1155 5708 Ρέιξίιο,
1206 5620 1241 5708 ¹;
1285 5617 1459 5708 “ut:
1493 5617 1567 5708 ,έο
1621 5620 1686 5673 de
1748 5617 1933 5708 άὲνθίίιί·

361 5684 520 5756 παρὰ
550 5686 629 5756 τῷ
666 5684 915 5757 μεγίστῳ
948 5689 1058 5742 τῶν
1094 5689 1331 5759 κήνσων.
1385 5688 1455 5744 Ut
1492 5690 1526 5745 Ι.
1583 5706 1739 5754 χχιι,
1786 5692 1933 5758 infra

361 5756 429 5809 dc
461 5757 810 5826 episcop.Alii
835 5759 1248 5830 μαστρόκηνσον
1270 5760 1639 5828 scribunt,vel
1673 5761 1935 5829 μαϊοτρό⁴

2029 5157 2253 5209 κηνσον,
2296 5139 2497 5211 quibus
2532 5135 2776 5207 μάστρος
2822 5136 2904 5189 vel
2956 5134 3220 5221 μάξστρος
3273 5148 3370 5202 pro
3436 5134 3613 5214 φρει-

2029 5225 2167 5266 SII'O.
2211 5210 2622 5278 Timophanes:
2672 5207 2842 5269 ἰλλος
2874 5208 2921 5278 ό,
2963 5205 3251 5278 μάιστρος.
3315 5203 3520 5278 le_tn.
3552 5218 3606 5255 tu

2031 5281 2257 5353 Qrigin.
2285 5272 2692 5353 Constantino)».
2736 5278 2834 5353 diu
2859 5272 3227 5353 _Etpuyq7_iou
3277 5272 3607 5353 ,μαγίστρον

2032 5342 2455 5421 Με.’μαι“ἰστρονζ
2493 5342 2659 5421 Basil'.
2692 5347 2770 5421 ad
2793 5348 2830 5402 Ι.
2859 5345 2993 5421 7,-Αῇ
3028 5342 3099 5421 [ζ
3135 5344 3200 5397 Ι).
3232 5343 3317 5421 _de
3362 5342 3599 5421 institor.

2028 5413 2315 5489 Μαΐέτορκ
2340 5413 2458 5471 ’τοῦ
2488 5419 2621 5471 ἰδίου
2646 5417 2858 5489 πλοίου.
2915 5416 3017 5489 Sic_
3055 5415 3271 5489 legend.
3308 5420 3367 5466 ut
3397 5413 3449 5464 iu
3468 5484 3479 5489 _
3502 5413 3609 5489 Sy:

2050 5490 2202 5557 nupsi
2238 5481 2342 5545 uis.
2380 5504 2486 5543 non
2522 5486 2845 5557 μαγίστωρα
2874 5525 2889 5547 ,
2922 5492 2980 5538 ut
3006 5485 3058 5539 iu
3082 5484 3260 5557 _i3as_i|.
3308 5499 3413 5538 ms.
3454 5481 3613 5557 Apud

2047 5552 2370 5627 magistrum
2396 5552 2929 5612 cens'us'edebantur
2974 5554 3368 5624 professiones,
3435 5561 3492 5607 et
3527 5552 3609 5605 iu-

2045 5637 2348 5683 strumeula
2384 5628 2821 5698 publicabantur.
2952 5696 2960 5698 ἓ
3284 5692 3296 5698 _
3491 5642 3503 5653 '

2115 5699 2249 5770 (56‘)
2276 5692 2514 5763 lloc'csl,
2545 5697 2821 5769 religiosis
2864 5696 2999 5751 locis
3031 5692 3356 5750 addiceuda.
