4016 6434
371 367 513 436 1113

1424 368 1763 436 CONSTIT.
1807 369 2590 447 ECCLES.‘COLLECTIO,

3501 379 3638 445 1114

369 485 611 555 σκρινίον
662 480 764 555 τῆς
817 483 1111 558 Ἀνατολῆς
1161 486 1549 560 χαρτοῡλάριοι
1605 498 1686 551 ιε’,
1739 492 1821 555 είς
1872 490 1930 544 τδ

2053 485 2102 541 ιιι
2128 488 2389 549 scrinium
2423 486 2691 554 Orientis,
2749 487 3065 543 chartularii
3108 491 3197 553 15,
3232 490 3297 545 ad
3324 490 3629 548 dimceseos

382 576 640 647 Ἀσιανῆς
669 575 769 642 ις’,
810 578 893 641 είς
916 577 978 631 τὸ
1009 578 1215 632 Πόντου
1255 578 1339 644 ιε’,
1383 583 1463 645 εἰς
1490 580 1553 636 τὸ
1594 582 1831 637 ἐνοίκιον
1864 590 1951 647 ιε’,

374 673 455 735 εἰς
484 670 546 724 τδ
574 671 801 744 Θράκης
847 666 922 742 η’,
978 673 1058 735 είς
1089 674 1152 724 τὸ
1194 673 1475 744 Ἀντιόχου
1525 681 1602 742 ς’,
1635 679 1718 739 εἰς
1763 677 1824 728 τὸ
1856 674 1951 729 τοῦ

371 765 721 821 Καλαπτιδίου
749 765 822 832 ς’,
854 767 936 830 είς
958 767 1020 820 τὸ
1043 767 1138 820 τοῦ
1167 767 1526 836 ἀναλώματος
1559 769 1613 835 ι’,
1645 769 1726 832 είς
1755 769 1816 823 τὸ
1843 770 1953 823 τῶν

370 859 630 929 ληγόιτων
664 859 730 913 θ’·
766 860 862 914 καὶ
892 859 1231 929 λαμϐάνουσι
1266 860 1568 931 συνηθειιῖΝ
1588 863 1682 916 ἐπὶ
1708 862 1809 932 μὲν
1837 864 1954 924 τοῖς

373 954 797 1022 ὲμφυτευτικοῖς
823 954 1175 1022 συμϐολαίοις
1203 959 1598 1026 πεντηκοστὰς,
1632 957 1725 1010 ἐπὶ
1757 956 1812 1010 δὲ
1838 958 1953 1021 τοῖς

374 1043 736 1114 μισθωτικοῖς
768 1047 861 1099 καὶ
889 1048 1001 1110 τοῖς
1028 1046 1240 1113 λοιποῖς
1277 1048 1725 1118 συναλλάγμασιν
1755 1049 1953 1104 ἑκατο-

373 1139 530 1209 στήν.
575 1138 641 1191 El
671 1138 735 1205 δὲ
785 1139 925 1208 ὑπὲρ
981 1141 1072 1194 τὸν
1124 1143 1417 1214 εἰρημένον
1452 1143 1687 1214 ἀριθμὸν
1721 1145 1951 1213 γένηται

370 1232 794 1303 χαρτουλάριος,
842 1235 1120 1301 ἐκπίπτει,
1174 1236 1272 1289 καὶ
1322 1236 1507 1290 δίδωτι
1540 1240 1605 1309 τῇ
1650 1237 1950 1307 Ἐκκλησία

372 1340 419 1375 ιε
464 1323 680 1394 λίτρας,
708 1325 803 1378 καὶ
852 1327 880 1378 6
908 1326 1146 1395 ποιήσας
1177 1327 1340 1381 αὐτὸν
1375 1336 1446 1382 κ’.
1478 1328 1636 1383 Μετὰ
1663 1329 1950 1400 ζητήσεως

368 1415 636 1486 ἀκριϐοῦς
693 1418 742 1469 oi
800 1418 1081 1489 οἰκονόμοι
1130 1419 1539 1489 λογιζέσθωσαν
1599 1424 1796 1494 γνώμῃ
1848 1421 1946 1475 τοῦ

368 1505 715 1576 πατριάρχου
744 1505 844 1575 τὴν
893 1507 1195 1578 γινομένην
1235 1510 1484 1581 δαπάνην
1514 1512 1632 1572 τοῖς
1665 1511 1947 1579 ἐμφυτευ-

366 1596 507 1671 ταῖς,
543 1595 638 1649 καὶ
688 1596 1005 1665 μισθωτοῖς,
1055 1598 1150 1653 καὶ
1201 1599 1527 1669 διοικηταῖς,
1566 1600 1801 1655 ἑκάστου
1849 1602 1951 1672 μὲν

365 1686 657 1756 οἰκονόμου
688 1687 982 1758 ζητοῦντος
1026 1690 1095 1743 τὰ
1147 1692 1250 1760 τῆς
1296 1692 1389 1763 ὑφ’
1446 1694 1662 1763 ἑαυτῶν
1711 1693 1822 1766 Ιῖσ.
1857 1694 1949 1766 ὑφ’

365 1778 586 1851 ἑαυτὸν]
618 1781 965 1850 διοικήσεως,
991 1782 1102 1836 τῶν
1138 1782 1196 1838 δὲ
1243 1784 1448 1839 λοιπῶν
1476 1786 1620 1841 κατὰ
1649 1788 1949 1858 πρόσταξιν

371 1872 508 1942 ἇφον
548 1873 631 1945 [in
657 1874 793 1929 Cod.
827 1875 975 1932 Just.
1023 1876 1298 1949 ἄγραφον]
1324 1879 1419 1932 τοῦ
1452 1882 1792 1951 πατριάρχου
1837 1884 1951 1945 τοῖς

367 1967 655 2037 λογισμοῖς
713 1968 1128 2039 ὕπογράφοντος
1169 1969 1486 2039 Ἀνέγνων.
1520 1974 1631 2026 Καὶ
1678 1974 1739 2026 τὸ
1784 1973 1952 2045 χωρὶς

362 2061 627 2131 τοιαύτης
692 2063 1138 2132 παρατηρήσεως
1219 2063 1572 2133 λογιζόμενον
1632 2066 1843 2120 οἴκοθεν
1901 2068 1949 2120 οι

362 2154 638 2222 οἰκονόμοι
666 2153 894 2208 διδόασι.
931 2150 1043 2224 Τῆς
1077 2155 1134 2208 δὲ
1169 2155 1530 2226 λογιζομένης
1557 2159 1805 2228 δαπάνης
1854 2159 1950 2212 καὶ

364 2246 477 2300 τῶν
505 2245 973 2317 εἰσκομιζομένων
1003 2248 1306 2318 χρημάτων
1326 2250 1701 2319 λαμϐάνουσιν
1728 2253 1778 2303 oi
1808 2269 1950 2320 χαρ-

370 2340 646 2410 τουλάριοι
681 2341 1015 2403 ἑκατοστάς·
1049 2342 1077 2393 6
1102 2343 1159 2394 δὲ
1184 2343 1345 2396 πλέον
1370 2343 1689 2413 λαμϐάνων,
1726 2346 1820 2398 καὶ
1851 2344 1949 2412 τῆς

368 2434 675 2503 ὑπουργίας
722 2430 817 2484 τοῦ
874 2432 1296 2504 χαρτουλαρίου,
1355 2435 1452 2487 καὶ
1506 2437 1604 2504 τῆς
1667 2435 1948 2505 ἱερατικῆς

270 2595 275 2601 Ι
366 2524 529 2589 ἀξίας
578 2527 833 2578 ἐκπίπτει
888 2527 1254 2595 παραχρῆμα.
1309 2527 1402 2579 Δεῖ
1452 2528 1579 2589 τοὺς
1629 2528 1948 2597 οἰκονόμους

363 2619 506 2671 κατὰ
555 2619 724 2685 μῆνα,
760 2616 793 2688 ἢ
824 2618 885 2670 τὸ
917 2618 1185 2688 μήκιστον
1231 2618 1373 2687 ὑπὲρ
1417 2619 1532 2685 δύο,
1583 2619 1739 2689 λόγον
1773 2623 1948 2675 πηιεῖν

362 2708 503 2779 πρὸς
534 2710 660 2772 τοὺς
685 2710 1013 2781 ἀρκαρίους·
1049 2710 1172 2764 ἐπεὶ
1199 2711 1625 2766 κινδυνεύουσιν.

432 2800 593 2884 κε’..
624 2801 751 2855 Ἐάν
800 2820 883 2865 τις
912 2802 1100 2874 γράψῃ
1152 2803 1493 2875 κληρονόμον
1528 2805 1620 2859 τὸν
1663 2804 1947 2874 Δεσπότην

363 2894 621 2965 Χριστὸν,
662 2894 736 2965 μὴ
792 2894 1057 2966 προσθεὶς
1110 2890 1401 2968 εὐκτηρίου
1457 2899 1855 2969 προσηγορίαν,
1911 2900 1943 2969 ή

373 2987 675 3056 Ἐκκλησία
703 2986 797 3040 τοῦ
828 2989 998 3041 τόπου
1024 2988 1151 3042 καθ’
1180 2989 1240 3043 ὃν
1261 2984 1328 3060 ἦν
1351 2990 1379 3041 6
1406 2991 1765 3062 τελευτήσας,
1796 2991 1946 3044 δοκεῖ

361 3078 700 3148 γεγράφθαι.
731 3080 804 3132 Τὸ
835 3079 968 3134 αὐτὸ
997 3082 1089 3134 ἐπὶ
1113 3081 1352 3151 ληγάτου
1377 3082 1470 3135 καὶ
1500 3081 1941 3152 φιδεῖκομίσσου,

2052 573 2286 640 Asiana,
2315 575 2404 642 16,
2436 578 2498 632 ad
2530 576 2709 643 Ponti,
2736 578 2760 631 1
2784 577 2838 641 5,
2860 580 2927 632 ad
2952 580 3271 647 pensionum
3290 582 3427 653 (78),
3454 584 3544 650 15,
3568 585 3635 639 ad

2055 662 2324 733 Thraciae,
2357 668 2412 732 8,
2454 670 2520 721 ad
2552 670 2832 733 Antiochi,
2878 670 2936 734 6,
2989 673 3054 725 ad
3116 672 3417 740 Calopodii,
3462 675 3518 739 6,
3569 674 3638 730 ad

2052 759 2440 828 expensarum,
2474 763 2560 825 10,
2590 764 2654 816 ad
2692 767 3018 832 legatorum,
3053 764 3109 827 9,
3155 775 3210 819 et
3253 766 3462 829 ratione
3504 780 3638 821 con-

2052 852 2402 908 suetudinum
2428 855 2540 926 (79)
2563 856 2841 923 accipiunt
2876 872 2974 924 pro
2998 857 3378 913 instrumentis
3408 858 3637 929 empby-

2053 947 2299 1011 teuticis,
2330 949 2859 1019 quinquagesimas:
2898 964 2998 1017 pro
3041 951 3345 1014 locatoriis,
3402 960 3458 1005 et
3508 951 3640 1006 reli-

2052 1040 2175 1109 quis
2208 1042 2605 1107 contractibus,
2639 1044 3024 1096 centesimam.
3059 1042 3212 1110 Quod
3242 1044 3287 1099 si
3327 1045 3450 1114 quis
3491 1045 3635 1097 ultra

2057 1150 2343 1188 numerum
2372 1135 2672 1190 indicatum
2710 1135 2894 1191 factus
2921 1136 3487 1204 fueritchartularius,
3518 1137 3637 1192 loco

2053 1212 2332 1290 meretur,
2391 1238 2446 1282 et
2502 1229 2757 1287 ecclesiae
2789 1231 2881 1282 dat
2926 1230 3096 1284 libras
3129 1231 3219 1295 15,
3259 1233 3459 1300 quique
3508 1229 3639 1285 fecit

2050 1333 2175 1372 eum
2205 1317 2625 1385 chartularium,
2669 1319 2835 1374 libras
2859 1318 2952 1374 20.
2981 1319 3276 1376 (Economi
3319 1322 3385 1376 de
3416 1331 3638 1378 senten-

2053 1410 2125 1463 tia
2162 1412 2487 1480 patriarchae
2528 1428 2651 1467 cum
2704 1423 2961 1468 accurato
3014 1415 3275 1470 scrutinio
3318 1422 3636 1485 computent

2049 1501 2378 1571 impensam,
2414 1519 2575 1573 quam
2632 1507 3019 1577 emphytentae,
3060 1508 3428 1563 conductores
3447 1517 3501 1561 et
3532 1507 3635 1563 ad-

2050 1596 2454 1651 ministratores
2479 1597 2684 1651 faciunt
2711 1615 2723 1652 :
2760 1599 3002 1667 quolibet
3032 1615 3318 1656 meonomo
3349 1601 3418 1655 dc
3449 1601 3513 1655 iis
3544 1599 3634 1654 in-

2050 1690 2324 1759 quirente,
2350 1704 2470 1760 quae
2497 1691 2563 1744 ad
2595 1692 2941 1745 commissam
2974 1692 3074 1748 sibi
3102 1694 3630 1761 administrationem

2051 1782 2369 1850 pertinent;
2404 1782 2646 1850 reliquis,
2702 1798 2766 1837 ex
2813 1783 3019 1852 scripto
3074 1785 3402 1852 patriarchae
3456 1786 3632 1855 jnSSu,

2054 1876 2147 1946 qui
2205 1877 2428 1930 verbum
2483 1875 2612 1938 hoc,
2664 1874 2876 1944 Relegt’,
2938 1875 3251 1931 ratiociniis
3317 1876 3632 1932 subscribzt.

2053 1967 2326 2036 Quidquid
2353 1968 2559 2035 absque
2588 1966 2896 2036 hujusmodi
2931 1967 3318 2023 observatione
3346 1979 3635 2038 computa-

2053 2072 2161 2125 tur,
2182 2059 2451 2116 aeconomi
2477 2060 2543 2114 de
2560 2068 2963 2128 suoprmstant.
2992 2059 3119 2128 Ejus
3144 2068 3321 2115 autem
3351 2061 3634 2130 impensa),

2050 2170 2170 2223 qua:
2195 2162 2562 2223 computatur,
2590 2163 2644 2206 et
2694 2153 3079 2221 pecuniarum,
3129 2168 3251 2223 qua:
3298 2153 3633 2218 inferuntur,

2049 2245 2368 2300 chartularii
2400 2245 2728 2299 centesimas
2754 2244 3047 2313 accipiunt.
3083 2246 3182 2311 Qui
3228 2261 3356 2300 vero
3395 2248 3519 2315 plus
3543 2262 3636 2301 ca-

2049 2338 2148 2407 pit,
2184 2347 2240 2391 et
2278 2337 2453 2391 oﬂicio
2505 2337 2845 2403 chartularii,
2882 2345 2939 2391 et
2994 2338 3257 2408 dignitate
3308 2340 3635 2395 sacerdotali

2050 2429 2338 2484 confestim
2379 2430 2606 2485 excidit.
2643 2429 2846 2484 Debent
2882 2431 3149 2486 ccconomi
3202 2431 3431 2501 singulis
3481 2448 3635 2486 men—

2050 2524 2222 2588 sibus,
2246 2532 2339 2578 aut
2370 2525 2437 2576 ad
2470 2538 2744 2578 summum
2786 2539 2883 2592 pro
2928 2524 3069 2578 binis
3114 2526 3355 2579 ratio-es
3405 2527 3634 2582 arcariis

2051 2616 2306 2672 reddere.
2336 2614 2471 2670 Nam
2502 2615 2706 2685 alioqui
2736 2616 3036 2686 periculum
3070 2616 3382 2673 incurrunt.

2118 2817 2312 2873 XXVI.
2368 2819 2609 2886 Si'quis
2668 2818 2938 2873 haeredem
3011 2819 3293 2887 scripserit
3344 2820 3632 2875 Dominum
3692 2874 3699 2881 ,

2045 2908 2351 2978 Christum,
2399 2909 2621 2963 oratorii
2680 2910 2897 2962 nomine
2927 2925 3030 2963 non
3077 2910 3288 2978 adjecto
3327 2928 3342 2965 :
3378 2910 3496 2981 ejus
3532 2910 3638 2966 loci

2048 3002 2301 3062 ecclesia.
2358 3017 2468 3070 quo
2535 3002 2588 3054 in
2643 3000 2762 3056 loco
2821 3001 3047 3071 degebat
3105 3000 3411 3065 defunctus,
3466 3003 3638 3058 haeres

2048 3093 2246 3162 scripta
2288 3092 2520 3146 videtur.
2549 3090 2693 3147 Idem
2729 3092 2784 3145 in
2812 3092 2987 3161 legato
3016 3103 3069 3147 et
3105 3092 3534 3148 ﬁdeicommisso
3559 3093 3640 3147 lo-

361 3170 464 3222 xal.
492 3174 771 3241 προχωρεῖ
794 3173 876 3235 εἰς
904 3171 1222 3243 ἀποτροφὴν
1250 3175 1504 3245 πτωχῶν.
1534 3176 1594 3229 Ei
1619 3176 1676 3230 δέ
1705 3194 1812 3230 τινι
1836 3175 1945 3230 τῶν

2053 3160 2172 3259 cum
2194 3183 2441 3247 hal)et,et
2459 3183 2527 3237 ad
2551 3197 2811 3252 pauperes
2828 3160 3048 3238 alendos
3071 3183 3370 3239 confertur.
3388 3185 3483 3239 Sin
3508 3186 3638 3254 quid

360 3263 537 3329 ἁγίων
577 3263 829 3331 ἀγγέλων
863 3264 895 3336 ἦ
932 3267 1232 3337 μαρτύρων
1268 3268 1581 3334 καταλίποι,
1618 3268 1693 3341 μὴ
1729 3285 1944 3340 μνημο⁴

360 3356 562 3419 νεύσας
591 3356 768 3416 οἴκου.
806 3358 855 3409 εί
887 3357 988 3427 μέν
1022 3359 1262 3412 ὲστιν·ὲν
1294 3359 1479 3432 ἐκείνῃ
1516 3363 1579 3432 τῇ
1614 3361 1788 3427 πόλει,
1823 3363 1856 3434 ἢ
1889 3366 1948 3417 ἐν

363 3454 433 3522 τῇ
473 3454 658 3525 ἐνορίᾳ
693 3453 1141 3523 αύτῆςποτοῦτος
1167 3453 1336 3521 οἵκος,
1371 3458 1535 3521 αὐτὸς
1562 3458 1865 3521 λαμϐάνει’
1899 3464 1949 3516 εί

356 3543 416 3596 δὲ
461 3544 535 3614 μή
586 3544 755 3606 ἔστιν,
804 3547 831 3597 ό
862 3546 919 3598 ὲν
965 3548 1032 3615 τῇ
1085 3545 1422 3617 μητροπόλει
1471 3547 1761 3619 λαμϐάνει.
1796 3550 1860 3603 El
1893 3551 1950 3603 δὲ
1998 3578 2001 3581 -

366 3635 508 3704 μήτε
545 3637 665 3688 ἐκεῖ
689 3634 934 3699 τοιοῦτός
963 3638 1112 3690 ἐστιν
1160 3636 1332 3703 οἶκος,
1380 3642 1437 3693 αί
1469 3641 1615 3695 κατά
1662 3644 1828 3697 τόπον
1854 3643 1948 3697 ὲκ-

358 3727 584 3797 κλησίαι
613 3727 990 3797 λαμϐάνουσιν
1021 3727 1172 3793 αὐτὸ,
1212 3730 1322 3783 τῶν
1352 3731 1530 3785 ἄλλων
1564 3733 1734 3787 οἴκων
1772 3751 1951 3804 παρα-

360 3822 691 3890 χωρούντων
722 3820 940 3886 αύταῖς,
987 3823 1035 3874 εἰ
1065 3821 1146 3899 μὴ
1172 3822 1358 3895 δειχθῇ
1389 3826 1417 3877 6
1448 3825 1782 3899 τελευτήσας
1826 3828 1950 3882 ’ἑτε-

361 3927 458 3980 ρον
497 3909 850 3981 ἐνθυμηθεὶς,
910 3912 1006 3965 xatl.
1054 3911 1245 3983 ἕτερον
1298 3914 1491 3974 εἰπών.
1547 3918 1681 3972 Τότε
1736 3919 1848 3990 γὰρ
1889 3920 1951 3973 τὸ

359 4001 563 4073 ἀληθὲς
592 4004 689 4056 καὶ
726 4003 787 4056 ού
821 4003 883 4056 τὸ
914 4007 1311 4076 γεγραμμένον
1342 4011 1553 4079 κρατεῖ.
1588 4010 1653 4064 Et
1685 4010 1743 4065 δὲ
1787 4013 1951 4066 τόπον

359 4092 495 4166 εἴπῃ
530 4095 717 4165 ῥητὸν,
748 4094 1021 4166 εὑρεθῶσι
1048 4096 1103 4149 δὲ
1138 4097 1327 4151 πολλοὶ
1359 4098 1454 4152 τοῦ
1492 4101 1659 4154 αὐτοῦ
1689 4102 1952 4173 ὀνόματος

359 4188 420 4239 ἐν
444 4189 510 4256 τῇ
545 4187 722 4251 πόλει,
757 4187 790 4258 ἢ
821 4190 887 4259 τῇ
923 4191 1248 4260 περιοικίδι,
1278 4193 1326 4245 εί
1364 4194 1464 4262 μὲν
1496 4195 1633 4265 πρός
1672 4213 1797 4249 τινα
1829 4196 1953 4250 τού·

357 4295 471 4331 των
500 4272 616 4347 εἶχε
667 4279 893 4348 μείζονα
941 4283 1417 4355 προσπάθειαν,ῆ
1474 4287 1716 4357 συνεχῶς
1765 4289 1949 4342 ἐκεῖσε

248 4432 255 4441 ⁸
357 4368 578 4437 ἐφοίτα,
609 4370 759 4441 αὐτῷ
781 4370 932 4424 δοκεῖ
957 4372 1401 4442 καταλελεῖφθαι.
1438 4376 1698 4439 Τοιούτου
1728 4377 1786 4431 δέ
1809 4397 1953 4444 τινος

2055 3275 2215 3330 alicui
2240 3285 2559 3329 sanctorum
2592 3274 2931 3343 angelorum,
2959 3284 3051 3328 aut
3072 3283 3371 3346 martyrum
3395 3276 3637 3344 relique-

2052 3370 2144 3434 rit,
2164 3368 2308 3423 nulla
2329 3369 2520 3422 domus
2549 3367 2826 3423 mentione
2858 3367 3022 3432 facta,
3045 3369 3088 3423 si
3116 3369 3338 3437 quidem
3364 3367 3631 3440 ejusmodi

2054 3462 2248 3517 domus
2277 3469 2362 3515 est
2393 3459 2443 3513 in
2479 3459 2565 3512 illa
2589 3459 2829 3523 civitate,
2867 3459 2950 3513 vel
2991 3459 3108 3527 ejus
3172 3459 3464 3524 territorio,
3507 3459 3636 3514 reli-

2052 3561 2199 3606 ctum
2231 3550 2468 3618 accipit:
2505 3551 2588 3604 sin
2615 3560 2819 3615 autem,
2860 3551 3052 3604 domus
3092 3549 3152 3603 in
3195 3549 3475 3619 metropoli
3506 3562 3639 3603 con-

2052 3647 2241 3699 stituta
2272 3641 2438 3712 capit.
2467 3640 2620 3708 Quod
2653 3643 2697 3696 si
2725 3658 2795 3696 ne
2820 3641 2940 3696 istic
2971 3641 3185 3708 quidem
3235 3631 3500 3712 ejusmodi
3543 3640 3642 3695 do-

2056 3750 2176 3790 mns
2207 3746 2314 3799 est,
2373 3734 2545 3802 ipsius
2596 3733 2697 3787 loci
2758 3733 3001 3788 ecclesia
3051 3748 3163 3786 rem
3210 3740 3637 3802 consequuntur,

2054 3828 2252 3897 quibus
2282 3837 2490 3881 caetera:
2511 3824 2702 3878 domus
2736 3824 2941 3878 cedunt
2975 3840 2991 3877 :
3028 3833 3182 3878 extra
3226 3838 3385 3885 quam
3414 3822 3462 3875 si
3504 3836 3633 3889 pro-

2053 3924 2237 3976 batum
2269 3921 2452 3983 fuerit,
2486 3918 2797 3973 defunctum
2820 3917 2963 3972 aliud
2994 3917 3246 3972 habuisse
3269 3916 3319 3970 in
3350 3916 3557 3983 animo,
3583 3923 3642 3971 et
3700 3919 3707 3928 ’

2053 4013 2198 4068 aliud
2229 4012 2453 4066 dixisse.
2483 4009 2637 4065 Tunc
2667 4010 2811 4065 enim
2852 4009 2965 4078 ipsa
2998 4010 3074 4063 rei
3108 4008 3308 4064 veritas
3354 4011 3530 4079 potior
3554 4016 3642 4062 est

2053 4122 2139 4172 eo,
2171 4104 2314 4175 quod
2347 4103 2605 4172 scriptum
2643 4101 2764 4158 fuit.
2795 4102 2888 4155 Sin
2924 4115 3132 4155 certum
3188 4102 3363 4154 locum
3417 4103 3642 4168 expres-

2054 4197 2187 4252 serit
2229 4192 2364 4265 (80),
2415 4200 2469 4246 et
2501 4192 2551 4245 in
2609 4191 2850 4258 civitate,
2903 4190 2986 4245 vel
3035 4189 3154 4259 ejus
3212 4188 3639 4253 continentibus,

2057 4287 2246 4356 plures
2274 4283 2516 4349 eiusdem
2568 4281 2805 4335 nominis
2854 4281 3048 4335 domus
3106 4281 3337 4333 inventas
3393 4277 3637 4332 fuerint:

2056 4375 2322 4445 Siquidem
2372 4374 2438 4426 ad
2483 4371 2720 4441 aliquam
2750 4370 2946 4423 harum
2980 4366 3244 4435 majorem
3298 4365 3635 4422 aﬂectionem

362 4460 441 4532 μὴ
467 4462 892 4533 εὑρισκομένου,
930 4466 957 4517 6
991 4466 1196 4536 μᾶλλον
1244 4469 1310 4521 ἐκ
1359 4467 1470 4522 τῶν
1498 4468 1760 4526 τοιούτων
1788 4473 1948 4528 οῐκων

2057 4466 2309 4531 habebat,
2343 4470 2439 4517 aut.
2468 4464 2783 4532 frequenter
2817 4460 2943 4515 illuc
2978 4460 3168 4523 itabat,
3201 4457 3288 4526 illi
3320 4457 3421 4529 ipsi
3452 4457 3635 4512 relicta

356 4552 544 4625 ἔνδεὴς
569 4555 839 4626 λαμϐάνει
871 4557 934 4611 τὸ
959 4559 1342 4635 καταλειφθέν.

819 4824 929 4881 Kal
957 4825 1078 4879 ὅσα
1102 4824 1478 4894 ,παράτιτλω

431 4941 553 4995 Βιϐ.
589 4948 658 5004 α’,
695 4941 802 4995 τίτ.
834 4945 903 5007 α’,
934 4939 1076 4995 διάτ.
1104 4939 1174 5010 β’,
1204 4936 1273 5014 ἧς
1299 4943 1331 5012 ἡ
1362 4942 1529 5013 ἁρχὴ,
1572 4941 1792 4998 Nullus.
1831 4949 1947 5001 Οὐ·

356 5033 507 5099 δείς.
543 5034 743 5095 Μόνοις
773 5035 887 5094 τοῖς
914 5031 1012 5102 τὴν
1045 5032 1328 5103 όρθόδοξον
1356 5033 1563 5104 τιμῶσι
1599 5035 1785 5097 πίστιν
1820 5039 1945 5094 ἐπι-

358 5126 586 5189 σκόποις
610 5127 666 5179 αἱ
704 5124 993 5195 ἐκκλησίαι
1020 5125 1427 5196 παραδίδονται.

2040 4556 2232 4609 'l'uisse
2262 4567 2349 4607 res
2383 4552 2618 4605 videtur.
2652 4550 2719 4604 At
2748 4553 2792 4605 si
2847 4551 2993 4605 nulla
3025 4551 3147 4605 talis
3200 4551 3521 4619 reperiatur,
3574 4562 3637 4602 ea

2059 4646 2254 4699 domus
2284 4644 2425 4697 inter
2461 4642 2556 4697 has
2588 4641 2831 4695 relictum
2866 4641 3085 4710 accipit,
3112 4655 3231 4710 quze
3257 4641 3428 4710 magis
3453 4640 3640 4698 estin—

2059 4738 2204 4806 diga.

2574 4824 2742 4879 Tituli
2773 4823 2832 4878 II
2867 4822 3158 4880 Paralitla.

2128 4940 2275 4995 Libri
2310 4955 2349 5006 I,
2382 4939 2463 4993 tit.
2496 4939 2548 5004 1,
2575 4938 2796 4992 constit.
2822 4936 2880 5001 2,
2927 4936 3084 5005 cujus
3127 4937 3363 5005 initium,
3417 4935 3640 4993 Nullus.

2054 5033 2201 5091 Solis
2227 5032 2584 5086 orthodoxam
2618 5029 2778 5084 ﬁdem
2814 5027 3120 5086 colentibus
3162 5031 3433 5102 episcopis
3466 5032 3643 5087 eccle-

2053 5127 2148 5181 sia:
2179 5124 2492 5177 traduntur.

1563 5270 1907 5333 Annibalis
1947 5268 2203 5332 Fabroti
2240 5274 2433 5329 notas.

434 5415 552 5488 (⁸18)
581 5416 1019 5484 Ad'pensionum.
1076 5417 1133 5474 In
1184 5424 1561 5488 manuscripto
1612 5424 1833 5480 Leuncl.
1873 5435 1929 5480 et

360 5485 425 5562 ζ).
446 5485 723 5562 ἰξεὶηεοὶἰ
754 5488 972 5562 legitur,
997 5492 1077 5552 εἰς
1108 5490 1167 5542 τδ
1189 5491 1436 5545 ἐνοίκιον.
1463 5485 1724 5562 anacius
1747 5510 1932 5550 emen-

359 5557 600 5610 dandum
633 5564 805 5635 piltat,
867 5561 948 5622 είς
1008 5562 1406 5635 τδ-Αίγύπτου,
1440 5574 1498 5617 ιιι
1543 5557 1622 5619 sit
1683 5566 1928 5635 perfecta

358 5629 706 5698 enumeratio
733 5629 1032 5684 dimcesum
1071 5630 1334 5698 Orientis,
1375 5635 1494 5689 obs.
1520 5637 1602 5698 i2,
1624 5629 1715 5690 ‘28.

412 5696 551 5777 .179)
599 5696 1459 5777 gemuetufiiuum._2uvq0stti')v,
1508 5696 1767 5777 συνήθεια
1831 5722 1933 5777 pro

361 5767 584 5846 salario.
619 5769 825 5846 Glossae
861 5768 1156 5846 Latino-‘0.
1192 5767 1480 5846 salarium,
1536 5767 1787 5846 ὀψώνιον,
1825 5767 1934 5831 ποι-

363 5838 522 5908 ροχὴ,
556 5837 835 5911 συνήθεια,
869 5841 1125 5896 άλατικόν
1148 5858 1161 5910 ;
1188 5843 1396 5900 Concil.
1431 5837 1618 5903 Chalé.
1664 5864 1713 5917 ῃ.
1748 5837 1845 5903 ’581
1880 5859 1934 5905 et

2031 5424 2158 5489 583,
2185 5440 2262 5478 a.:
2299 5422 2408 5476 Leo
2440 5421 2596 5476 Tact.
2627 5436 2751 5492 cap.
2794 5423 2883 5484 19,
2911 5435 3066 5476 num.
3112 5421 3179 5476 18
3209 5439 3222 5476 :
3268 5421 3492 5492 Μηδένα
3512 5420 3636 5492 τῶν

2029 5495 2122 5547 ὑπ’
2154 5495 2339 5554 αὐτοῖς
2369 5493 2722 5562 στρατιωτῶν
2760 5493 3017 5563 ἀδικεῖν,
3044 5492 3076 5563 ἢ
3135 5494 3195 5544 τὸ
3231 5491 3441 5544 οἱονοῦν
3466 5491 3641 5563 δῶρον

2033 5578 2161 5634 παρ’
2220 5563 2400 5616 αὐτῶν
2431 5560 2753 5634 λαμϐάνειν,
2784 5564 2817 5634 ἢ
2847 5565 2946 5634 τὰς
3007 5560 3304 5632 λεγομένας
3332 5562 3642 5634 συνηθείας.

2107 5631 2218 5706 (80)
2254 5633 2448 5687 Locum
2492 5631 2843 5702 expresserit.
2911 5631 3148 5706 {iegatio
3189 5635 3363 5706 igitur
3411 5632 3644 5706 delenda

2032 5703 2088 5761 in
2116 5700 2513 5760 cht’tst'ttutione
2541 5700 2748 5773 integra
2776 5720 2824 5757 c.
2852 5705 2974 5756 eod.
3000 5700 3088 5756 'ibi
3124 5719 3137 5755 :
3188 5700 3383 5773 Ῥητὸν
3421 5700 3497 5772 μὴ
3522 5701 3640 5772 θείη

2032 5776 2220 5837 τόπον,
2282 5785 2341 5828 ιιι
2392 5776 2557 5828 etiam
2597 5784 2821 5830 constat
2872 5788 2937 5827 ex
2975 5774 3059 5844 his
3100 5774 3283 5829 verbis
3319 5787 3442 5844 qua
3509 5786 3646 5843 pra)-

2036 5845 2260 5916 Ceduut,
2301 5847 2450 5901 nulla
2488 5847 2687 5903 domus
2721 5844 3001 5900 mentione
3029 5843 3193 5900 facta.
