4016 6410
307 362 447 427 1117

1361 368 1700 437 CONSTIT.
1732 368 2037 429 ECCLES.
2064 370 2496 438 COLLECTIO.

3426 353 3560 420 1118

305 458 569 551 σχεθέντα
608 477 730 539 ταῖς
768 477 1086 547 ἐκκλησίαις
1149 479 1439 550 προνόμια.
1507 479 1708 542 Μόνοις
1772 477 1882 548 γάρ

2013 481 2287 536 indicent.
2350 480 2489 537 Nam
2547 480 2682 538 solis
2737 476 3056 535 orthodoxis
3115 488 3177 527 ea
3251 467 3565 525 concedun~

300 570 482 624 ταῦτα
506 571 619 633 τοῖς
646 566 950 639 ὀρθοδόξοις
982 569 1359 640 ἐπιτρέπεται.

377 659 502 714 Bt6.
543 656 613 724 α’,
664 658 843 720 τίτλος
894 656 956 721 ε’,
1009 660 1252 725 διάταξις
1283 668 1354 732 η’,
1382 657 1450 734 ἦς
1483 664 1515 730 ἡ
1548 662 1718 732 ἀρχὴ,
1761 663 1886 728 Qui-

306 768 533 823 cunque.
580 752 662 804 Τά
705 752 818 805 τῶν
851 752 1307 822 Εὐτυχίανιστῶν,
1337 757 1456 827 ἤτοι
1501 756 1886 824 Ἀπολλιναρι-

312 842 461 895 στῶν
505 832 947 915 μοναστήρια’τῇ
998 845 1096 914 τῆς
1153 847 1371 917 ἐνορίας
1417 847 1683 918 ἐκκλησίᾳ
1715 864 1887 907 προσ·

307 934 755 1004 κυρωθήσονται.

378 1026 500 1081 B:6.
530 1026 600 1091 α’,
631 1029 735 1081 τίτ.
769 1034 832 1088 ε’.
861 1028 999 1084 διάτ.
1036 1030 1090 1095 ι’,
1129 1024 1196 1102 ἧς
1229 1032 1262 1100 ἡ
1285 1032 1453 1102 ἀρχὴ,
1502 1030 1563 1086 Si
1589 1031 1728 1099 quis.
1764 1033 1886 1100 Μη-

306 1116 423 1180 δεὶς
465 1119 576 1170 τῶν
609 1119 909 1188 ὀρθοδόξων
949 1120 1158 1191 κτῆμα,
1195 1124 1253 1176 ἐν
1295 1117 1339 1190 ᾧ
1386 1125 1539 1175 ἐστιν
1580 1122 1885 1189 ὀρθοδόξων

306 1207 603 1276 ἐκκλησία,
662 1209 694 1280 ἢ
751 1210 1064 1280 εὐκτήριον,
1112 1214 1171 1264 ὲν
1211 1212 1447 1283 διαθήκῃ
1476 1212 1510 1282 ἢ
1542 1212 1740 1282 δωρεᾷ,
1766 1211 1800 1283 ἢ
1829 1214 1886 1264 ἐν

304 1297 603 1370 τελευταίᾳ
635 1299 889 1371 βουλήσει
914 1300 946 1372 ἢ
976 1302 1121 1374 ἄλλῳ
1150 1298 1339 1374 τρόπῳ
1376 1303 1689 1368 ἐκποιείτω,
1803 1304 1886 1357 δι-

303 1388 447 1445 δότω
470 1392 764 1462 αίρετικῷ.
1190 1424 1197 1435 ο

377 1482 500 1535 Βιδ.
555 1482 626 1548 α’,
664 1485 770 1539 τίτ.
802 1485 883 1553 θ’,⁵
911 1488 1056 1542 διάτ.
1104 1488 1192 1557 ιβ’,
1222 1484 1291 1560 ἧς
1326 1491 1358 1560 ἡ
1406 1491 1572 1562 ἀρχὴ,
1607 1490 1889 1545 Εωίίεοία-

305 1588 450 1625 rum.
481 1574 544 1627 Οί
573 1575 731 1628 τόποι
767 1579 814 1630 οί
857 1579 937 1640 είς
961 1579 1059 1641 τὰς
1089 1580 1340 1643 συνόδους
1370 1581 1751 1651 άφωρισμένοι
1780 1581 1890 1634 τῶν

310 1664 586 1718 σεϐόντων
625 1667 718 1719 τὸν
756 1666 985 1740 οὐρανὸν
1025 1670 1142 1733 ταῖς
1184 1671 1509 1741 ἐκκλησίαις
1537 1671 1889 1742 προσκυρού-

310 1756 552 1811 σθωσαν.

1988 582 2100 629 ῑυΐο

2059 664 2176 719 Lib.
2206 681 2242 729 ι,
2275 665 2357 720 tit.
2387 666 2442 731 5,
2469 665 2689 720 constit.
2714 663 2768 726 8,
2792 661 2949 729 cujus
2978 659 3215 721 initium,
3241 654 3573 722 Quicunque.

1988 755 2520 829 Eutycbiauistarum
2543 757 2656 810 sive
2679 753 3189 822 Apollinaristarum
3245 744 3574 802 monasteria

1987 848 2234 902 ecclesiae
2271 845 2548 902 territorio
2579 846 2926 900 addicentur.

2062 1024 2182 1079 Lib.
2216 1041 2255 1091 t,
2286 1026 2372 1079 tit.
2408 1026 2463 1090 5,
2526 1032 2704 1079 consl.
2742 1023 2830 1088 10,
2872 1021 3028 1090 cujus
3069 1021 3283 1074 initium
3334 1019 3395 1073 St
3435 1019 3576 1085 quis.

1989 1117 2156 1171 Nemo
2190 1118 2452 1188 praedium
2500 1117 2929 1171 ortltodoxorum
2964 1116 3017 1170 in
3050 1130 3162 1183 quo
3195 1121 3280 1167 est
3309 1111 3577 1166 orthodo-

1988 1222 2183 1262 xorum
2213 1209 2465 1269 ecclesia.
2511 1208 2593 1263 vel
2640 1208 2963 1269 oratorium,
2998 1206 3051 1259 in
3083 1214 3429 1271 testamento,
3490 1203 3577 1257 vel

1990 1298 2299 1359 donatione,
2326 1298 2406 1351 vel
2443 1300 2493 1350 in
2524 1312 2774 1366 suprema
2820 1295 3120 1358 voluntate,
3156 1293 3237 1347 vel
3259 1292 3385 1376 .alio
3417 1291 3581 1345 modo

1992 1391 2208 1454 alienet,
2244 1401 2334 1444 aut
2368 1391 2449 1444 det
2483 1391 2738 1443 ltmretico
2775 1387 2910 1455 (81).

2062 1481 2186 1536 Lib.
2216 1496 2253 1543 ι,
2287 1482 2371 1535 tit.
2404 1479 2461 1542 9,
2498 1480 2721 1535 constit.
2758 1481 2845 1542 1‘2,
2885 1477 3037 1546 cujus
3074 1476 3313 1539 initium,
3353 1472 3582 1528 Caelico-

1993 1574 2188 1628 larum.
2216 1572 2354 1627 Loca
2381 1572 2747 1627 creticolarum
2781 1570 3137 1626 conventibus
3158 1568 3453 1636 assignate,
3486 1579 3579 1619 ec-

1992 1668 2173 1723 clesiis
2202 1668 2542 1722 addicuntur.

380 1810 504 1902 B:6.
539 1847 741 1913 α’,τίτ.
785 1850 850 1916 θ’,
892 1853 1034 1909 διάτ.
1071 1861 1163 1925 ιη’,
1194 1850 1262 1927 ἦς
1304 1857 1336 1926 ἡ
1385 1857 1551 1927 ἀρχὴ,
1609 1855 1722 1910 Hac
1752 1855 1880 1910 vali-

2060 1847 2178 1902 Lib.
2212 1863 2251 1912 t.
2288 1848 2371 1903 tit.
2395 1849 2450 1914 9,
2480 1849 2699 1902 constit.
2731 1848 2820 1911 18,
2856 1848 3008 1917 cujus
3032 1844 3425 1910 initium,‘ﬂac
3444 1845 3583 1900 vatio

306 1949 457 2001 tura.
498 1944 643 1998 Νέου
679 1947 1195 2003 κατασκευασθεῖσα
1228 1952 1520 2021 συναγωγὴ
1552 1950 1823 2003 Ἰουδαίων

307 2035 675 2104 Σαμαρειτῶν
702 2041 768 2110 τῇ
803 2041 1073 2113 ἐκκλησίᾳ
1120 2044 1580 2113 προσκυροὺσθω.

383 2124 504 2178 B:6.
534 2131 605 2189 α’,
636 2126 743 2181 τίτ.
776 2126 868 2191 ια’,
900 2128 1042 2183 διάτ.
1074 2136 1136 2196 ε’,
1168 2126 1236 2202 ἦς
1262 2132 1293 2201 ἡ
1322 2130 1486 2202 ἁρχὴ,
1517 2130 1709 2185 Omnia
1752 2130 1887 2185 loca.

308 2216 373 2270 Οἱ
400 2216 457 2269 ἐν
484 2214 817 2290 Καρθαγένῃ
846 2221 1114 2289 ίερατικοὶ
1137 2224 1320 2288 τόποι,
1349 2224 1397 2276 oi
1424 2222 1577 2292 παρὰ
1613 2222 1706 2274 τοῦ
1736 2221 1892 2291 βασι-

311 2307 446 2370 λέως
499 2312 623 2374 ταῖς
679 2311 1006 2380 ἐκκλησίαις
1057 2313 1434 2386 δωρηθέντες,
1505 2316 1892 2384 άναφαιρέτως

311 2400 627 2468 μενέτωσαν
652 2404 783 2473 παρ’
824 2404 1040 2468 αὐταῖς.

380 2491 502 2546 8:6.
539 2493 613 2559 α’,
652 2495 760 2548 τίτ.
808 2494 894 2566 ιβ’,
924 2497 1066 2550 διάτ.
1112 2503 1174 2563 ε’,
1209 2492 1274 2569 ἦς
1306 2499 1338 2568 ἠ
1373 2498 1537 2571 ἀρχὴ,
1600 2499 1894 2555 Deuuntia-

308 2598 452 2638 mus.
474 2585 683 2654 Μηδεὶς
722 2590 780 2640 ἐν
828 2591 949 2651 ταῖς
984 2590 1323 2658 ἁγιωτάταις
1368 2591 1708 2661 ἐκκλησίαις,
1760 2593 1792 2662 ἣ
1830 2595 1888 2646 ὲν

307 2675 495 2741 ἄλλοις
528 2684 954 2749 προσκυνητοῖς,
983 2682 1041 2735 ἐν
1089 2680 1172 2746 οἷς
1211 2687 1268 2738 αἱ
1295 2685 1454 2754 εὐχαὶ
1489 2686 1891 2753 ἐπιτελοῦνται,

305 2769 565 2839 ἐκὸοήσει
590 2773 906 2843 κεχρήσθω,
939 2774 971 2847 ἢ
1008 2778 1200 2831 στάσιν
1246 2779 1493 2843 κινείτω,
1530 2780 1769 2852 ἐσχάτην
1802 2781 1891 2834 ὲν-

303 2861 500 2917 τεῦθεν
529 2864 886 2934 ὑφορώμενος
917 2869 1216 2937 τιμωρίαν.

382 2952 500 3007 Βιό.
529 2951 601 3017 α’,
627 2955 732 3011 τίτ.
766 2964 854 3024 ιγ’.
881 2959 1021 3016 διὰτ.
1069 2961 1131 3027 δ’,
1161 2957 1284 3035 ἦςή
1318 2963 1482 3035 ἀρχὴ,
1532 2964 1887 3022 Jamdudum.

318 3043 382 3098 Ὀ
410 3046 467 3097 ἐν
490 3047 762 3117 ἐκκλησίᾳ
796 3047 1183 3120 ἐλευθερωθεὶς
1209 3055 1300 3107 ἐπὶ
1325 3054 1419 3108 τοῦ
1441 3055 1613 3127 δήμου
1646 3058 1741 3110 καὶ
1766 3058 1891 3109 ἐπι-

306 3132 517 3191 σκόπου
555 3137 779 3209 βεϐαίαν
810 3142 1008 3196 κτᾶται
1037 3143 1135 3215 τὴν
1171 3145 1508 3219 ἐλευθερίαν.

377 3319 498 3376 Βι6.
532 3328 602 3388 α’,
628 3320 735 3376 τίτ.
773 3329 865 3390 ιγ’,
896 3323 1037 3381 διάτ.
1069 3324 1135 3396 β’,
1166 3322 1233 3400 ἦς
1264 3329 1297 3396 ἡ
1324 3329 1491 3399 ἀρχὴ,
1550 3328 1655 3395 Qui
1681 3330 1894 3400 religio-

304 3430 389 3471 sa.
418 3414 591 3468 Ὅταν
626 3417 683 3469 ἐν
708 3417 973 3487 ἐκκλησίᾳ
1003 3436 1108 3483 τις,
1157 3421 1426 3488 παρόντος
1455 3422 1546 3475 τοῦ
1568 3422 1889 3486 ἐπισκόπου,

304 3506 670 3578 ἐλευθερωθῇ.
709 3509 855 3562 οὕτω
902 3511 1146 3577 γενέσθω
1196 3514 1518 3584 ἐλεύθερος,
1562 3515 1638 3578 ὡς
1670 3515 1893 3568 πάντων

306 3599 418 3653 τῶν
441 3602 848 3669 νενομισμένων
874 3602 964 3653 ἐπὶ
991 3605 1056 3673 τῇ
1090 3603 1377 3673 ἐλευθερίᾳ
1410 3605 1743 3673 γενομένων.

380 3690 500 3746 Βιὸ.
526 3689 597 3759 γ’,
629 3693 736 3747 τίτ.
789 3692 879 3762 ιβ’,
928 3693 1070 3746 διάτ.
1124 3693 1189 3763 β’,
1221 3689 1339 3766 ἦςή
1369 3697 1535 3767 ἁρχὴ.
1572 3696 1789 3751 Omnes.
1828 3695 1892 3748 Οί

305 3778 580 3844 δικασταὶ,
615 3780 711 3833 καὶ
734 3781 796 3834 τὸ
823 3781 932 3834 τῶν
954 3783 1177 3860 πόλεων.
1195 3784 1423 3853 πλῆθος,
1475 3786 1568 3838 καὶ
1595 3786 1662 3839 τὰ
1693 3788 1891 3855 συστή-

314 3886 464 3940 ματα
514 3872 624 3924 τῶν
662 3872 892 3943 τεχνῶν,
934 3877 1116 3929 πᾶσαν
1158 3874 1257 3942 τὴν
1294 3878 1579 3947 Κυριακὴν
1619 3880 1892 3947 άργείτω-

311 3980 452 4021 σαν*
510 3969 776 4037 γεωργοῖς
829 3967 886 4020 δὲ
917 3967 1123 4033 ἐξέστω
1174 3973 1297 4035 ταῖς
1342 3973 1577 4035 οἰκείαις
1606 3972 1893 4043 ἐργασίαις

311 4062 772 4131 προσκαρτερεῖν.

383 4149 503 4203 Βιϐ.
537 4113 607 4217 γ’,
636 4113 769 4205 ιτίτ.
806 4151 892 4221 ιβ’,
948 4153 1090 4209 διάτ.
1143 4153 1209 4222 β’,
1257 4148 1325 4225 ἧς
1371 4156 1404 4225 ἡ
1446 4155 1609 4225 ἀρχὴ,
1647 4154 1893 4222 Quadra-
1970 4113 1977 4117 1

310 4245 484 4313 ginta.
528 4244 617 4297 Ἐν
665 4248 727 4316 τῇ
760 4250 1174 4318 τεσσαρακοστῇ
1208 4248 1317 4301 τῶν
1347 4248 1614 4317 νηστειῶν
1646 4250 1893 4321 μηδεμία

308 4334 606 4401 διάγνωσις
635 4335 1001 4405 ἐγκλημάτων
1037 4339 1406 4408 προϐαινέτω.

381 4424 502 4481 Βιὸ.
534 4422 605 4495 γ’,
636 4427 742 4481 τίτ.
773 4426 866 4498 ιβ’,
926 4428 1065 4485 διάτ.
1120 4435 1195 4494 ς’.
1239 4425 1307 4503 ἦς
1349 4431 1382 4500 ή
1449 4432 1616 4502 ἀρχὴ,
1673 4431 1889 4489 Omnes.

1992 1952 2142 1995 tura.
2166 1941 2451 1996 Exstructa
2478 1939 2786 1995 Judteorutn
2817 1942 2900 1995 vel
2933 1942 3404 1997 Samaritanorum
3440 1953 3577 1994 nova

1991 2048 2287 2103 synagoga,
2321 2032 2563 2087 ecclesia:
2596 2034 2888 2092 addicitor.

2065 2124 2243 2188 Lib.l,
2285 2125 2365 2180 tit.
2394 2125 2480 2190 11,
2514 2127 2731 2180 constit.
2765 2126 2821 2190 5,
2878 2126 3034 2194 cujus
3089 2126 3328 2192 initium,
3383 2123 3581 2181 Omnia

1994 2218 2133 2272 loca.
2167 2217 2332 2272 Sacra
2366 2217 2697 2287 Carthagine
2733 2220 2848 2273 loca
2880 2220 3018 2288 (85),
3053 2220 3303 2274 ecclesiis
3345 2219 3413 2274 ab
3462 2219 3582 2289 ipso

1992 2309 2318 2379 imperatore
2344 2311 2560 2375 donata,
2590 2322 2840 2366 maneant
2869 2314 2948 2367 eis
2972 2313 3305 2382 inadempta.

2062 2492 2185 2549 Lib.
2214 2510 2253 2557 ι,
2288 2492 2375 2546 tit.
2418 2493 2506 2560 i2,
2545 2493 2766 2549 constit.
2798 2492 2852 2556 5,
2882 2494 3039 2559 cujus
3066 2492 3305 2555 initium,
3362 2491 3577 2547 Damm-

1996 2586 2213 2641 liamus.
2246 2584 2418 2639 Nemo
2444 2586 2809 2640 sanctissimis
2838 2584 2890 2638 itt
2915 2586 3187 2649 ecclesiis,
3234 2586 3317 2638 vel
3359 2587 3412 2640 in
3461 2584 3584 2640 aliis

1994 2678 2400 2733 venerabilibus
2454 2679 2602 2744 locis,
2637 2679 2691 2731 in
2738 2680 2935 2748 quibus
2989 2687 3113 2731 vota
3171 2677 3581 2745 concipiuntur,

1994 2770 2523 2825 conclamationibus
2563 2771 2749 2834 utitor,
2811 2770 2893 2824 vel
2940 2769 3263 2823 seditionem
3321 2776 3578 2834 moveto;

1994 2862 2248 2917 ultimum
2285 2861 2410 2915 inde
2442 2861 2765 2929 supplicium
2805 2861 3124 2915 formidans.

2065 2955 2185 3010 Lib.
2210 2972 2250 3020 t,
2290 2953 2374 3008 tit.
2408 2956 2497 3017 i5,
2534 2955 2752 3009 constit.
2786 2955 2841 3017 ι,
2883 2955 3039 3023 cujus
3071 2954 3304 3019 initium,
3350 2952 3584 3008 Iamdu-

1992 3045 2119 3101 dum
2171 3045 2306 3116 (86).
2362 3044 2462 3111 Qni
2521 3043 2885 3097 manumissus
2920 3044 3081 3098 estin
3106 3044 3360 3109 ecclesia,
3398 3058 3581 3098 coram

1918 3152 1964 3214 ς
1997 3139 2155 3208 plebe
2193 3152 2256 3192 ac
2283 3137 2553 3206 episc0pis
2586 3137 2720 3208 (87),
2770 3135 3077 3191 libertatem
3125 3147 3330 3193 certam
3391 3151 3588 3192 conse-

1995 3230 2198 3299 quitur.

2071 3322 2187 3377 Lib.
2228 3339 2267 3386 t,
2304 3323 2385 3377 tit.
2418 3323 2504 3385 15,
2531 3325 2750 3378 constit.
2782 3321 2838 3386 2,
2873 3321 3029 3388 cujus
3058 3322 3295 3381 initium.
3326 3320 3433 3388 Qui
3462 3320 3586 3374 reii-

1995 3416 2162 3486 giosa.
2229 3417 2362 3473 Cum
2401 3418 2456 3471 in
2511 3418 2739 3471 ecclesia
2789 3417 2932 3487 quis,
2979 3419 3237 3485 episcopo
3293 3423 3583 3484 prasente,

1997 3510 2360 3564 manumissus
2398 3509 2578 3573 fuerit,
2618 3510 2689 3562 ita
2723 3509 2858 3562 liber
2891 3510 3003 3573 iiat,
3031 3518 3193 3578 atque
3226 3508 3270 3561 si
3304 3507 3490 3560 omnia
3525 3506 3580 3560 iu

1996 3602 2431 3657 manutuissione
2461 3602 2724 3655 solemnia
2756 3612 2973 3655 servata
3003 3601 3258 3654 fuissent.

2070 3695 2191 3749 Lib.
2222 3711 2302 3754 ιιι,
2338 3694 2422 3749 tit.
2468 3694 2550 3754 12.
2582 3694 2804 3748 constit.
2826 3695 2880 3759 2.
2926 3693 3336 3763 cujusinitittm,
3359 3690 3580 3748 Omnes.

1995 3789 2092 3843 Die
2128 3787 2407 3842 Dominico
2440 3787 2551 3857 (88)
2581 3786 2792 3853 judices
2819 3802 3032 3851 omnes,
3065 3797 3119 3841 et
3148 3786 3431 3839 civitatum
3461 3784 3581 3853 pie-

1996 3881 2130 3941 bes,
2176 3889 2229 3932 et
2268 3881 2466 3932 artium
2529 3888 2848 3933 cunctarum
2904 3879 3127 3947 collegia
3159 3917 3175 3942 ,
3238 3875 3523 3945 quiescant
3562 3891 3582 3929 :

1996 3972 2249 4043 agricolis
2289 3986 2418 4026 vero
2453 3972 2615 4026 liceat
2642 3981 2700 4025 ut
2732 3970 2914 4041 Operis
2939 3970 3053 4025 suis
3084 3968 3275 4024 intenti
3303 3966 3434 4021 sint.

2063 4151 2183 4208 Lib.
2222 4169 2302 4215 ut.
2339 4152 2422 4207 tit.
2455 4152 2544 4219 12,
2570 4154 2792 4206 t-onstit.
2818 4152 2871 4217 5,
2898 4151 3051 4221 cujus
3071 4149 3306 4213 initium,
3328 4146 3589 4212 Quadrao-

1996 4248 2144 4323 ginta
2180 4246 2317 4317 (89).
2344 4247 2397 4299 lu
2425 4246 2757 4317 jejuniorum
2802 4247 3244 4317 quadragesima,
3298 4241 3442 4297 nulla
3491 4254 3580 4296 co-

1996 4343 2167 4415 gnitio
2199 4339 2497 4395 crintiualis
2528 4339 2701 4394 locum
2732 4340 2950 4394 habeat.

2067 4433 2186 4488 Lib.
2218 4432 2412 4498 tlt,til.
2462 4431 2549 4496 12,
2597 4431 2818 4486 emtslit.
2865 4431 2920 4497 6,
2975 4431 3088 4500 (90)
3144 4429 3297 4497 cujus
3336 4426 3572 4490 initium,

312 4520 429 4583 τάς
480 4519 671 4590 ιε’τῆς
706 4522 1022 4590 Πασχαλίας
1057 4523 1295 4593 ἡμέρας,
1353 4524 1448 4577 κα)⁸
1496 4524 1593 4596 τὴν
1647 4524 1889 4596 Χριστοῦ

2013 4531 2212 4582 Omnes.
2258 4526 2581 4592 Quindecim
2611 4524 2800 4579 diebus
2825 4523 3190 4593 paschalibus,
3221 4532 3275 4576 et
3303 4521 3390 4574 die
3415 4520 3585 4573 natali

308 4612 536 4676 Γένναν,
573 4613 664 4667 καὶ
693 4611 761 4666 τὰ
791 4614 1115 4680 Θεοφάνεια,
1166 4615 1262 4667 καὶ
1302 4614 1544 4685 ἑκάστης
1595 4617 1895 4687 ἑϐδομάδος

307 4704 624 4778 Κυριακὴν,
677 4708 774 4760 καὶ
823 4707 882 4760 ἐν
914 4709 981 4777 τῇ
1037 4709 1226 4779 μνήμῃ
1259 4707 1354 4761 τοῦ
1387 4709 1596 4773 πάθους
1623 4709 1733 4763 τῶν
1765 4713 1897 4765 ἀπο-

1998 4620 2228 4684 Christi,
2263 4631 2315 4674 et
2346 4618 2752 4688 TheOphaniis,
2803 4626 2857 4671 et
2904 4616 3197 4683 cujuslibet
3259 4615 3587 4682 septimame

2001 4712 2303 4777 Donuiuica,
2339 4711 2478 4767 etin
2539 4712 2803 4767 memoria
2860 4709 3136 4780 passiOnis
3184 4707 3579 4776 apostolorum,

1468 4807 1807 4870 Annibalis
1846 4810 2106 4872 Fabroti
2138 4817 2324 4872 notas.

383 4910 498 4983 (8i)
556 4910 848 4967 eretico.
914 4908 1050 4964 Nam
1114 4924 1214 4965 nec
1266 4909 1558 4966 haereticus
1589 4912 1886 4979 'ejusmodi

609 4995 931 5104 tingit-rare
962 4989 1165 5050 potest.
1193 4979 1483 5050 The0pbil.
1510 4983 1577 5037 ad
1608 4982 1712 5056 §2.
1749 4984 1885 5041 Inst.

308 5057 377 5110 de
409 5057 590 5109 inutil.
621 5057 807 5116 stipat.

387 5125 500 5194 (85)
524 5121 847 5192 Carthagine
876 5123 1013 5179 loca.
1063 5123 1401 5181 Constitutio
1462 5124 1630 5185 missa
1683 5136 1769 5181 est
1819 5126 1889 5185 ad

1144 5278 1154 5281 -
1304 5277 1314 5281 -
1355 5267 1391 5281 ΙΙ
1534 5264 1571 5281 Π
1684 5275 1694 5281 .
1781 5275 1791 5281 .
1804 5267 1816 5279 ⁸
1868 5267 1880 5281 ο

317 5262 331 5268 ’
386 5264 500 5336 (86)
531 5262 881 5318 Iamdudum.
926 5263 1040 5320 Una
1077 5278 1251 5325 estex
1302 5267 1478 5323 tribus
1530 5264 1881 5321 Constantini

316 5334 832 5391 constitutionibus.
865 5333 1156 5399 Nicephor.
1196 5340 1290 5393 lib.
1318 5353 1412 5399 νη.
1436 5351 1487 5392 c.
1524 5335 1611 5391 16.

391 5406 502 5479 (87)
536 5405 611 5457 Ac
639 5406 917 5474 episcopis.
986 5395 1124 5462 ’Υπδ
1189 5395 1426 5480 μάρτυσι
1458 5409 1573 5470 τοῖς
1629 5405 1882 5476 ίερεῦσι,,

316 5477 682 5532 Suzomenus.
720 5493 759 5532 ι.
801 5477 959 5531 ο.19.
1019 5478 1182 5532 Addit
1228 5477 1624 5532 Constantinus
1658 5479 1710 5530 in
1774 5478 1810 5532 l.
1865 5496 1878 5532 t

364 5491 682 5535 uzomenus.
720 5493 759 5537 ι,
801 5478 959 5531 c.i9.
1019 5478 1200 5534 Atidit‘
1228 5478 1624 5534 Constantinus
1658 5479 1710 5530 in
1774 5478 1810 5534 l.
1865 5496 1878 5532 t

364 5549 446 5603 uti.
489 5544 563 5617 De
593 5544 672 5599 his
703 5547 794 5617 qui
840 5547 896 5601 in
945 5545 1092 5602 Eccl.
1148 5549 1435 5604 manumit.
1489 5556 1545 5601 et
1599 5562 1739 5615 seq.:
1802 5548 1885 5603 Ab

316 5549 446 5603 cod.
489 5549 563 5600 De
593 5549 672 5599 his
703 5549 794 5617 qui
840 5549 896 5601 in
945 5549 1092 5602 Eccl.
1148 5549 1435 5604 manumit.
1489 5556 1545 5601 et
1599 5562 1739 5615 seq.:
1802 5549 1885 5603 Ab

316 5616 596 5699 episcopis
629 5630 846 5685 qnoque
886 5626 941 5699 et
990 5618 1208 5674 clericis
1259 5617 1885 5699 m‘anutnissos‘justam

314 5684 627 5770 libertatein
660 5684 954 5770 consequi;
997 5704 1230 5770 quorum
1299 5689 1487 5769 favore
1535 5684 1884 5770 Justiniauus

317 5772 540 5827 quoque
579 5756 834 5828 pleraque
865 5757 1158 5827 singularia
1188 5761 1567 5822 constituerat,
1600 5768 1659 5811 ut
1687 5758 1881 5813 scribit

317 5828 609 5884 Balsamou
643 5826 711 5884 ad
740 5840 864 5884 can.
896 5827 985 5895 85,
1052 5829 1243 5895 synodi
1288 5828 1546 5896 Cannas.
1586 5843 1693 5896 quo
1752 5828 1876 5897 jure

1990 4931 2112 4970 cum
2148 4916 2298 4969 Italia
2323 4914 2529 4968 dudum
2564 4923 2833 4982 uteretur,
2869 4913 3077 4984 placuit
3147 4909 3423 4984 Africanis
3478 4907 3584 4961 Pa-

1995 4986 2173 5041 tribus
2242 4984 2535 5056 Augustini
2580 4983 2883 5055 suggestio,
2954 4999 3062 5051 qua
3128 4983 3465 5044 suadebatur
3517 4988 3576 5033 ut

1992 5056 2137 5109 idem
2164 5056 2314 5122 jusa
2344 5055 2611 5124 principe
2666 5057 3070 5122 postularetur,
3117 5063 3176 5109 ut
3233 5058 3451 5107 constat
3507 5067 3577 5104 cx

1994 5141 2200 5180 canon.
2229 5128 2296 5180 64
2330 5137 2378 5179 et
2414 5125 2483 5179 82
2523 5125 2731 5181 Eccles.
2763 5125 2933 5179 Ait'ic.

2064 5195 2175 5261 (88)
2190 5197 2283 5249 Die
2313 5196 2609 5249 Dominico.
2638 5197 2771 5250 Vide
2802 5213 2925 5262 sup.
2952 5195 3134 5255 Parat.
3182 5197 3266 5251 tit.
3304 5194 3353 5250 1.

2063 5267 2174 5331 (89)
2204 5267 2592 5336 Quadraginta.
2629 5265 2761 5322 Vide
2791 5282 2913 5334 sup.
2951 5267 3075 5323 σού.
3113 5266 3295 5319 l’arat.

2060 5338 2173 5409 (90)
2233 5337 2356 5391 Lib.
2400 5353 2508 5409 AlllA,
2569 5337 2649 5409 tit.
2690 5336 2775 5409 12,
2805 5336 3026 5409 ΑΟοηει.
3080 5336 3153 5409 6_.
3196 5336 3571 5409 Thcophaniis.

1987 5406 2046 5460 In
2089 5409 2125 5461 l.
2157 5405 2239 5473 ’7,
2270 5425 2321 5462 c.
2377 5407 2440 5463 de
2473 5405 2572 5476 fer.
2611 5406 3046 5476 Brodmi‘codcx,
3114 5406 3571 5476 Epipttattiarum,

1992 5477 2223 5549 quidam
2260 5474 2729 5549 Epipttanioruut.
2758 5474 3196 5549 utc._Menagii,
3257 5478 3346 5549 alii
3395 5478 3582 5532 Theo-

1999 5546 2378 5620 phaniurutri.
2414 5548 2579 5620 Bal_s._
2606 5548 2699 5620 ad:
2751 5546 3414 5620 Qeogadwsta:__nctttralitcr
3450 5588 3478 5620 ,_
3517 5558 3578 5605 ut

1994 5619 2481 5686 Tlteopltaniorum
2502 5615 2715 5686 "legisse
2748 5619 3022 5677 videatur.
3052 5615 3168 5671 ΙΙοο
3198 5616 3409 5686 festum,
3456 5616 3572 5673 La-

1995 5689 2092 5745 tini
2145 5685 2312 5751 etiam
2366 5698 2593 5758 veteres
2614 5685 2976 5758 Epiphaniam
3037 5687 3327 5758 vocabant,
3386 5685 3568 5745 Amm.

1991 5758 2297 5825 Marcellin.
2336 5756 2538 5816 “LV.
2571 5756 2736 5831 (ἶνες.
2779 5757 2914 5822 Naz.
2948 5773 3032 5814 or.
3068 5757 3161 5827 58,
3187 5757 3310 5812 init.
