4016 6406
297 353 435 420 1133

1314 353 1662 418 CONSTIT.
1698 356 2000 417 ECCLES,
2058 328 2493 412 COLLECTIO.

3433 339 3570 406 1134

293 470 615 539 ἐναγύμενοι
649 469 789 541 ὑπὲρ
827 470 1011 524 lautth
1042 471 1136 525 ml.
1163 472 1635 543 ἐκκλησιαστικῶν
1670 488 1886 541 χρημα-

2015 470 2091 529 ei.
2120 478 2230 522 tam
2259 469 2327 522 de
2352 467 2490 532 suis,
2511 478 2669 533 quam
2688 461 3077 519 ecclesiasticis
3104 458 3334 533 negotiis
3359 467 3414 515 et
3437 460 3572 516 civi-

293 563 462 624 τικῶς
497 563 588 615 καὶ
620 564 1065 633 ἐγῇηματικῶς.
1092 565 1203 618 Καὶ
1240 567 1291 619 οἱ
1352 567 1451 636 μὲν
1497 566 1748 635 κληρικοὶ
1791 564 1883 616 τὸν

293 653 661 725 οἱκονόμον,ἢ
701 655 793 708 τὸν
822 655 1272 724 ὲκκλησιέκδικον
1330 658 1666 729 παρέχουσιν
1722 658 1884 724 ὲγγυ-

293 744 455 814 ητὴν,
486 746 578 798 καὶ
601 746 701 815 οὐχ
734 746 920 819 ἓτερον
952 747 1058 812 ἕως
1086 747 1129 801 ν’
1155 747 1369 820 λίτρας.
1419 751 1529 804 Καὶ
1561 750 1657 802 ἐὰν
1711 749 1883 818 ὕπερ-

297 835 459 906 ϐαίνῃ
491 837 551 891 τὸ
572 842 828 911 πρᾶγμα,
849 842 1141 910 ὁμολογίαν
1175 842 1457 911 ἀνώμοτον
1486 843 1583 895 ἐπὶ
1604 841 1682 910 τῷ
1709 842 1883 912 ὑπερ-

298 927 537 983 ϐαίνοντι
573 931 727 1000 ποσῷ
751 933 988 987 ποιοῦσι.
1021 933 1131 987 Καὶ
1159 927 1395 1004 οἰνόμοι
1424 934 1537 1004 γάρ
1569 936 1665 988 καὶ
1704 935 1753 986 οί
1784 951 1883 985 κα-

297 1019 447 1083 νόνες
471 1020 747 1076 κωλύουσι
774 1023 1043 1094 κληρικὸν
1080 1025 1332 1095 ὀμνύναι.
1378 1026 1439 1078 Ὀ
1484 1026 1542 1078 δὲ
1605 1025 1886 1095 οἰκονόμος

298 1100 625 1182 ὲναγόμενος
654 1115 715 1165 οὐ
749 1114 964 1168 δίδωσιν
989 1115 1286 1188 ἐγγυητήν.
1321 1119 1431 1171 Καὶ
1486 1114 1649 1180 αὐτὸς
1694 1116 1751 1169 δὲ
1793 1118 1887 1169 καὶ

300 1207 351 1259 οἱ
400 1205 659 1277 κληρικοὶ
689 1207 784 1261 δύο
831 1209 1146 1281 νομίσματα
1202 1211 1345 1283 ὑπὲρ
1390 1212 1752 1281 ὑπομνήσεως
1794 1211 1911 1265 κα).

303 1297 577 1369 προϐολῆς
604 1301 1045 1375 προκουράτορος
1071 1303 1276 1357 διδόασι
1311 1321 1326 1335 ·
1362 1303 1554 1357 καὶτὰ
1587 1304 1750 1357 λοιπά
1786 1303 1885 1372 τῆς

298 1391 455 1462 δίκης
476 1391 841 1464 δαπανήματα
860 1394 1148 1462 φειδωλότε
1157 1410 1249 1466 ρον
1281 1394 1549 1449 ποιοῦσιν.

382 1571 524 1639 κε’.
559 1573 771 1643 Μηδεὶς
806 1576 888 1638 εἰς
949 1574 1211 1646 δημόσιον
1265 1576 1432 1631 τόπον
1493 1572 1528 1649 ἢ
1581 1573 1888 1648 δημώδεσιν

299 1662 685 1735 ἀφωρισμένον
743 1666 893 1729 θέαις
948 1669 1185 1737 σταυρὸν
1233 1668 1556 1738 ἢλείψανον
1595 1668 1892 1740 μαρτύρων

301 1755 592 1823 εἰσαγέτω,
626 1756 740 1810 ἀλλ’
762 1758 819 1811 ὲν
841 1760 960 1822 ταῖς
1008 1759 1335 1831 ἐκκλησίαις
1364 1760 1561 1832 γνώμῃ
1590 1759 1699 1815 τῶν
1756 1763 1883 1813 ἐπι-

305 1848 547 1903 σκόπων.
1747 1862 1754 1869 ’

339 1943 468 1996 KZ'.
510 1940 569 1994 '0
602 1940 901 2013 πληρώσας
933 1943 1246 2014 στρατείαν,
1280 1944 1313 2015 ἢ
1367 1946 1644 2016 ὀφφίκιον,
1691 1948 1725 2018 ἢ
1781 1948 1890 2004 λει-

300 2035 583 2107 τουργίαν,
614 2035 797 2100 καλῶς
832 2039 1048 2105 γίνεται
1092 2037 1378 2109 κληρικὺς,
1422 2040 1714 2111 οἱᾳδήποτε
1752 2042 1891 2115 τύχῃ

300 2127 592 2181 ὑπόκειται
618 2144 633 2158 θ
660 2129 981 2198 σωζομένων
1008 2130 1119 2184 τῶν
1143 2131 1279 2185 κατ’
1298 2133 1489 2200 αὐτοῦ,
1512 2133 1607 2188 καὶ
1641 2133 1751 2187 τῶν
1786 2135 1889 2187 αὺ-

301 2218 399 2272 τοῦ
432 2220 775 2290 πραγμάτων
812 2222 1067 2290 ἀγωγῶν.
1109 2223 1434 2295 Ἐξῄρηνται
1476 2224 1887 2295 οἱπριμιπιλά-

294 2327 421 2382 Δριοι
441 2326 456 2341 ·
496 2310 763 2381 διηνεκως
785 2315 894 2384 γὰρ
912 2314 1250 2370 ὑπόκεινται.

374 2492 514 2545 ΚΗ’.
550 2492 623 2545 Τὸ
650 2492 1201 2564 καταλιμπανόμενον
1227 2497 1309 2559 εἰς
1337 2496 1646 2569 ἀνάρρυσιν
1686 2500 1892 2569 αἰχμα-

302 2579 491 2637 λώτων
520 2584 621 2637 οὐκ
651 2582 953 2653 ἀκυροῦται
996 2585 1076 2656 τῷ
1111 2587 1257 2659 λόγῳ
1286 2587 1395 2640 τῶν
1446 2589 1726 2659 ίνκέρτων.
1783 2592 1897 2644 Καὶ

306 2676 358 2727 εἰ
401 2674 499 2745 μὲν
531 2668 685 2728 εἶπεν
710 2676 739 2728 6
770 2678 1053 2750 τεστάτωρ
1100 2678 1192 2732 τὸν
1220 2679 1504 2747 ὀφείλοντα
1548 2681 1896 2752 ὑπουργῆσαι

305 2763 384 2835 τῷ
413 2765 723 2835 πράγματι,
756 2767 917 2831 αὐτὸς
959 2768 1205 2833 ἀπαιτεῖ,
1240 2770 1501 2824 καὶκατὰ
1558 2772 1659 2844 τὴν
1688 2774 1898 2828 οἰκείαν

307 2856 616 2928 συνείδησιν
667 2856 868 2928 πληροῖ
902 2858 1003 2931 τὴν
1051 2861 1417 2915 διατύπωσιν⁶
1470 2863 1523 2916 εί
1569 2863 1627 2916 δὲ
1660 2865 1737 2936 μὴ
1772 2861 1897 2919 εἷπε

307 2949 372 3001 τὸ
402 2948 697 3019 πρόσωπον
725 2949 753 3001 6
784 2950 884 3019 τῆς
918 2951 1253 3020 ὀριγινάλιος
1306 2952 1402 3008 τοῦ
1459 2954 1809 3027 διαθεμένου,
1868 2959 1897 3011 6

310 3039 610 3105 ἐπίσκοπος
658 3042 955 3113 λαμϐάνων
999 3045 1061 3099 τὸ
1112 3046 1478 3117 καταλειφθὲν
1531 3050 1765 3120 φανερὸν
1805 3050 1900 3103 ἐπὶ

1990 562 2139 625 liter,
2160 572 2221 615 ct
2243 555 2715 614 criminaliter.Et
2742 556 2926 611 clerici
2956 555 3172 625 quidem
3200 566 3570 617 mconomum,

1987 654 2070 708 vel
2094 653 2436 709 defensorem
2468 654 2735 718 ecclesim,
2794 666 2901 705 nou
2953 648 3141 710 alium,
3193 646 3567 714 fldejltssoretu

1987 744 2255 815 praebent,
2288 759 2461 813 usque
2488 747 2553 800 ad
2576 746 2645 800 50
2670 744 2839 799 llbras
2877 740 3019 805 auri.
3071 739 3243 805 Quam
3297 749 3568 790 summam

1994 836 2039 889 si
2101 835 2168 889 lis
2200 837 2451 901 excedat,
2485 852 2586 907 pro
2612 837 2827 893 residua
2884 834 3185 903 quantitate
3236 828 3571 889 cautionem.

1989 929 3186 998 nullointervenientejuramento,przcstant:
3212 937 3337 977 nam
3363 920 3576 990 etleges

1988 1032 2042 1075 ct
2064 1036 2305 1077 canones
2332 1021 2590 1076 clericum
2620 1030 2807 1075 vetant
2829 1019 3016 1088 jurare
3037 1018 3173 1088 (6i).
3204 1017 3338 1071 Cum
3365 1029 3579 1070 mcono-

1993 1128 2116 1169 tnus
2181 1098 2530 1178 convenitur,
2588 1112 2794 1166 nullum
2853 1110 2947 1165 dat
3006 1111 3110 1164 lide
3169 1108 3479 1177 jussorem;
3514 1120 3581 1160 ac

1991 1214 2098 1259 tam
2131 1206 2272 1275 ipse,
2301 1216 2468 1278 quam
2495 1205 2677 1261 caeteri
2701 1204 2912 1267 clerici,
2971 1203 3107 1257 duos
3161 1214 3411 1257 nummos
3460 1195 3574 1269 (ϐῆ)

1988 1314 2089 1370 pro
2138 1299 2576 1356 'commonitione
2637 1314 2702 1354 ac
2755 1297 3131 1367 procuratoris
3203 1293 3571 1353 institutione.

1990 1392 2146 1459 dant,
2176 1400 2232 1447 et
2262 1392 2505 1462 reliquas
2532 1393 2697 1448 etiam
2758 1388 2869 1445 litis
2900 1401 3169 1459 expensas
3218 1387 3433 1457 parcius
3460 1386 3576 1458 (6'5)

1993 1494 2247 1555 erogaut.

2063 1572 2262 1646 XXVI,
2291 1571 2484 1635 Nullus
2528 1578 2581 1634 in
2615 1575 2796 1634 locum
2852 1572 3155 1649 publicum,
3204 1569 3289 1631 vel
3351 1573 3580 1645 publicis

1999 1673 2319 1742 deputatum
2358 1670 2684 1740 spectaculis
2712 1667 2849 1742 (64),
2883 1683 3104 1725 erucem
3147 1668 3232 1726 vel
3274 1676 3575 1735 martyrum

1994 1759 2257 1835 reliquias
2320 1756 2436 1835 (63)
2468 1763 2697 1830 inferat;
2730 1762 2824 1819 sed
2859 1763 2913 1818 in
2940 1761 3222 1827 ecclesias,
3257 1776 3325 1815 ex
3371 1756 3581 1830 episco-

1920 1832 1964 1892 Β
1992 1832 2186 1927 porum
2225 1832 2475 1912 arbitrio.

2062 1942 2280 2003 XXVII.
2310 1947 2411 2015 Qui
2438 1944 2686 2003 militiam
2718 1944 2857 2021 (66),
2917 1948 3002 2003 vel
3033 1937 3293 2008 ollicium,
3328 1938 3410 1999 vel
3466 1959 3583 1997 ntu-

1993 2054 2095 2094 nus
2127 2038 2341 2110 aliquod
2370 2038 2633 2111 implevit,
2663 2050 2811 2096 recte
2838 2041 2898 2095 fit
2949 2040 3200 2102 clericus,
3277 2034 3583 2106 enicunque

1994 2129 2292 2184 conditioni
2359 2127 2637 2197 subjectus
2659 2130 2752 2198 sit,
2814 2128 3121 2186 actionibus
3166 2142 3285 2197 qu'e
3321 2122 3584 2182 adversus

1996 2219 2196 2289 ipsum,
2245 2228 2300 2275 et
2346 2219 2633 2276 facultates
2694 2221 2863 2290 ipsius
2906 2229 3245 2288 competunt,
3298 2233 3584 2273 reservan-

1997 2313 2103 2366 tlis.
2147 2311 2513 2382 Excipiuntur
2564 2312 2933 2382 primipilares
2980 2299 3118 2379 ((37),
3178 2311 3267 2379 qui
3324 2318 3582 2381 perpetuo

2001 2401 2330 2471 obligantur.

2069 2490 2314 2547 XXVIII.
2349 2489 2508 2559 Quod
2544 2494 2597 2546 in
2627 2492 3058 2564 redemptionem
3107 2496 3447 2563 captivorum
3500 2508 3585 2547 re-

1999 2584 2286 2655 linquitur,
2315 2584 2535 2640 ratione
2591 2584 2924 2640 incertorum
2985 2596 3090 2641 non
3137 2588 3194 2638 tit
3232 2586 3468 2640 irritum.
3505 2586 3583 2638 Ae

2000 2679 2043 2733 si
2066 2677 2282 2747 quidem
2318 2686 2547 2732 testator
2574 2678 2850 2746 expressit
2882 2690 3029 2743 eum,
3063 2679 3151 2745 qui
3205 2681 3419 2749 negotio
3451 2679 3584 2733 sub-

2000 2769 2209 2826 servire
2240 2770 2427 2835 debet,
2482 2769 2530 2824 is
2553 2770 2666 2837 ipse
2688 2770 2933 2825 relictum
2968 2770 3163 2839 exigit,
3208 2779 3262 2824 et
3308 2785 3405 2840 pro
3455 2785 3587 2825 con—

2003 2859 2230 2914 scientia
2270 2872 2369 2914 sua
2405 2857 2517 2929 (.68)
2538 2859 2681 2928 quod
2717 2858 3028 2913 ordinatum
3057 2868 3161 2923 est,
3225 2860 3433 2928 implet.
3489 2859 3584 2913 Sin

2002 2965 2291 3019 personam
2325 2966 2430 3006 non
2458 2951 2749 3021 expressit,
2782 2950 3070 3019 episcopus
3129 2951 3369 3006 civitatis
3424 2952 3585 3020 origi-

2003 3043 2142 3098 nalis
2166 3044 2438 3108 testatori,
2471 3042 2820 3098 donationem
2850 3042 3098 3099 relictam
3128 3044 3419 3111 accipit,et
3442 3044 3584 3112 apud

310 3130 562 3201 πράξεως
594 3133 769 3203 δῶρον
798 3135 946 3206 παρὰ
976 3136 1056 3208 τῷ
1098 3137 1320 3209 ἄρχοντι
1388 3141 1787 3212 συνισταμένης
1840 3142 1898 3194 τδ

2015 3137 2294 3207 praesidem
2331 3137 2468 3191 actis
2498 3134 2992 3192 intervenientibus
3022 3139 3384 3206 quantitatem
3420 3135 3582 3189 data-

312 3226 480 3278 ποσὸν
512 3226 621 3280 τῶν
649 3226 912 3282 δοθέντων
940 3229 1091 3300 αύτῷ
1130 3231 1449 3300 χρημάτων,
1506 3232 1602 3286 καὶ
1647 3234 1765 3302 μετ’
1817 3236 1903 3287 ὲν-

314 3318 498 3372 ιαυτὸν
515 3318 607 3372 τὸν
637 3318 871 3391 άριθμδν
891 3322 1002 3374 τῶν
1031 3323 1477 3396 άναρῤυσθέντων
1502 3327 1598 3380 καὶ
1643 3328 1753 3381 τῶν
1810 3328 1901 3380 ὑπ’

308 3409 494 3464 αὐτῶν
520 3410 807 3466 δοθέντων.
836 3412 974 3466 Είδὲ
1029 3412 1308 3485 βάρϐαρος
1355 3411 1424 3487 ἦν
1481 3418 1510 3468 6
1558 3417 1900 3488 διαθέμενος,

310 3503 409 3556 καὶ
436 3504 565 3575 περὶ
591 3506 692 3573 τῆς
717 3503 887 3558 αὐτοῦ
913 3505 1122 3570 πόλεως
1147 3507 1576 3577 ἀμφιϐάλλεται,
1617 3511 1646 3563 6
1676 3510 1902 3563 ἐπίσκο-

310 3611 415 3657 πος
438 3595 533 3649 τοῦ
562 3596 729 3650 τόπου
763 3596 884 3651 καθ’
913 3598 973 3651 ὃν
1002 3598 1344 3671 ἐτελεύτησε,
1374 3600 1647 3670 λαμϐάνει
1670 3602 1738 3655 τά
1769 3603 1904 3675 χρή-

315 3703 485 3757 ματα,
523 3689 621 3741 καὶ
648 3689 853 3758 πληροῖ
878 3690 941 3742 τὸ
964 3689 1325 3745 διατυπωθέν.
1370 3691 1431 3745 ὐ
1463 3690 1520 3744 δὲ
1539 3691 1821 3760 γινώσκων
1848 3693 1910 3746 τὸ

309 3779 672 3850 καταλειφθὲν
706 3782 884 3845 καλῶς
908 3785 1052 3836 ποιεῖ
1077 3782 1251 3852 λέγων
1278 3784 1356 3854 τῷ
1401 3784 1621 3855 ἄρχοντι
1678 3785 1776 3838 καὶ⁸
1828 3787 1907 3856 τῷ

313 3873 624 3943 ὲπισκόπῳ,
680 3878 777 3927 καὶ
806 3873 907 3927 οὐκ
937 3874 1057 3927 ἔστι
1087 3874 1358 3946 δηλάτωρ.

386 3962 515 4019 ΚΘ’.
577 3965 747 4018 Μόνοι
789 3966 840 4018 οἱ
887 3967 1297 4037 άποκρισιάριοι
1357 3966 1466 4019 τῶν
1530 3968 1907 4038 μοναστηρίων

314 4057 521 4122 ἱξιέναι
548 4056 827 4123 δύνανται,
859 4058 956 4111 καὶ
986 4059 1045 4110 ὲν
1083 4061 1206 4122 ταῖς
1257 4058 1474 4113 πόλεσιν
1528 4062 1777 4115 εἰσιέναι.
1843 4064 1905 4117 El

315 4149 375 4204 δὲ
405 4150 620 4220 φανῶσι
650 4152 744 4206 διὰ
773 4151 1062 4222 δογμάτων
1096 4152 1129 4222 ἢ
1166 4150 1488 4221 συμϐουλῆς
1521 4153 1650 4217 τοὺς
1701 4146 1906 4209 άπλουὲ

318 4242 542 4313 στέρους
563 4243 950 4314 ταράσσοντες,
982 4243 1228 4313 νομίμως
1256 4242 1702 4312 σωφρονίζονται.

2010 3244 2130 3283 rum
2191 3228 2292 3284 sibi
2350 3229 2700 3298 pecuniarum
2745 3227 3101 3293 manifestat,
3148 3226 3388 3295 itemque
3442 3242 3587 3280 anno

2013 3336 2207 3380 exacto
2233 3333 2339 3378 tam
2365 3322 2772 3393 redemptorum
2800 3335 3109 3389 numerum,
3134 3336 3295 3391 quam
3323 3337 3351 3373 a
3374 3336 3431 3375 se
3465 3323 3588 3374 data

2012 3416 2212 3487 pretia.
2268 3414 2427 3479 Quod
2497 3414 2542 3469 si
2576 3421 2804 3468 testator
2860 3410 3082 3466 natione
3134 3411 3403 3467 barbarus
3448 3423 3589 3475 erat,

2022 3526 2087 3565 ac
2112 3510 2178 3566 de
2209 3509 2382 3578 ipsius
2404 3506 2624 3563 civitate
2649 3503 2953 3571 dubitatur,
2984 3506 3277 3577 episcopus
3324 3507 3440 3577 ejus
3462 3505 3588 3568 loci,

2008 3616 2121 3670 quo
2152 3599 2353 3654 inloco
2388 3598 2530 3653 diem
2559 3597 2719 3663 obiit,
2751 3595 2952 3666 accipit
3008 3596 3292 3664 pecunias,
3332 3606 3390 3651 et
3440 3598 3586 3667 quod

2010 3690 2324 3745 ordinatum
2356 3687 2480 3750 fuit,
2508 3686 2719 3755 implet.
2789 3684 2846 3740 Si
2903 3684 2989 3739 cui
3027 3684 3096 3739 de
3154 3685 3334 3754 legato
3390 3687 3581 3739 relicto

2012 3789 2249 3847 constat,
2278 3788 2426 3834 recte
2457 3778 2610 3841 facit,
2646 3778 2690 3832 si
2734 3776 2949 3848 praesidi
2981 3788 3036 3832 et
3084 3777 3337 3848 episcopo
3372 3794 3483 3832 rem
3520 3779 3596 3833 in-

2015 3876 2179 3936 tlicat,
2209 3888 2309 3929 nec
2342 3881 2627 3943 propterea
2654 3870 2866 3925 delator
2897 3880 3007 3926 est.-
3068 3856 3075 3865 ’

2048 3964 2051 3965 ν
2083 3954 2256 4021 XXIX
2290 3966 2429 4039 (ὅδ’)
2464 3964 2826 4036 Aprocrisarii
2857 3962 2971 4033 (69)
3014 3964 3278 4018 duntaxat
3333 3979 3361 4015 ρ
3406 3979 3595 4017 mona-

2016 4062 2200 4117 steriis
2233 4060 2454 4131 prodire
2482 4068 2733 4129 possunt,
2767 4068 2822 4113 et
2855 4057 3105 4113 civitates
3131 4057 3358 4125 ingredi.
3397 4057 3590 4112 Verum

2018 4154 2061 4206 si
2090 4152 2400 4208 constiterit
2428 4166 2524 4207 eos
2553 4165 2648 4220 per
2670 4151 2942 4219 dogmata,
3004 4148 3090 4203 vel
3120 4148 3302 4217 aliquo
3365 4148 3595 4203 consilio

2023 4246 2386 4316 simpliciores
2450 4243 2791 4313 perturbare,
2865 4240 3161 4295 secundum
3222 4240 3368 4310 leges
3428 4242 3595 4294 casti-

2014 4350 2227 4407 gantur.

1512 4451 1851 4514 Annibalis
1882 4454 2136 4517 Fabroti
2165 4462 2357 4518 notet.

399 4578 538 4651 (6|),
575 4576 807 4651 Jurare.
831 4572 1036 4651 Clerici
1090 4572 1707 4651 Constantinopolitani
1760 4575 1911 4651 nullo
1943 4582 1988 4638 ο
2015 4577 2209 4651 Cong:
2240 4579 2379 4633 Gall.
2411 4588 2451 4632 t.
2485 4577 2522 4632 Ι.
2574 4594 2627 4646 p.
2671 4576 2740 4630 40
2770 4581 2823 4630 et
2876 4589 2990 4650 seq.
3031 4573 3090 4627 ν.
3114 4572 3366 4643 Gregor.,
3423 4591 3456 4629 ιι
3496 4573 3597 4646 Ep.

319 4647 749 4719 medo'jurant:
800 4650 910 4700 imo
954 4648 1627 4719 episc0pis,presbyteris,
1662 4647 1906 4709 clericis,

322 4717 581 4773 Omnibus
624 4719 930 4779 monachis,
961 4730 1011 4770 et
1044 4717 1554 4785 satftctintonial'tbus
1576 4718 1766 4785 jurare
1800 4730 1907 4767 non

324 4791 684 4856 permittitur,
721 4788 813 4841 lib.
848 4803 883 4841 ιι
935 4786 1065 4855 lrgjs
1118 4784 1624 4854 Langobardorum,
1651 4795 1850 4856 εει-οη).
1878 4790 1902 4837 1

323 4852 535 4922 Extra,
592 4860 663 4912 De
714 4858 921 4926 juram.
948 4852 1155 4914 telum.
1291 4859 1528 4926 lialsam.
1570 4857 1645 4919 ad
1680 4852 1905 4926 Nonjoc.

320 4946 362 4990 t.
402 4936 455 4985 9.
508 4945 559 4984 ο.
625 4924 737 4994 ἳτς
786 4935 828 4981 t.
859 4925 922 4979 ιιι
971 4927 1180 4980 Uoucil.
1218 4924 1355 4978 Gall.
1387 4940 1437 4993 p.
1464 4925 1570 4988 42;
1612 4926 1737 4985 add.
1772 4925 1907 4993 Cap.

319 5003 460 5060 Lud.
499 5002 631 5067 imp.
662 5008 700 5052 t.
732 5012 886 5058 thtt,
913 5014 966 5051 c.
989 4996 1042 5067 1,
1066 4996 1122 5061 2,
1147 5014 1202 5065 q.
1233 4996 1285 5048 5.

394 5072 506 5145 (ϐξ)
546 5064 698 5145 pnas
722 5083 993 5145 nutantes.
1022 5064 1173 5119 Duos
1196 5066 1422 5145 solidos,
1460 5065 1578 5119 (1.1.
1606 5064 1697 5120 25.

395 5134 507 5213 (65)
540 5139 786 5213 Parcius.
806 5137 1028 5213 _Ul-|iti§
1060 5144 1308 5203 sumplus
1338 5137 1423 5191 vel
1452 5150 1704 5213 expenszg

321 5205 460 5268 ric'is
491 5205 779 5280 pauciores
806 5207 1632 5280 huntaltioresqucprmteutur,
1665 5205 1720 5259 d.
1748 5205 1786 5258 Ι.
1814 5206 1906 5271 ‘25,

321 5274 544 5355 quidam
577 5277 737 5355 codd.
767 5274 1388 5355 parciores.Bro’d_aai,ltt
1416 5276 1507 5355 ού.

397 5352 512 5423 (64)
582 5344 899 5423 Deputdtuut
943 5348 1273 5423 spectaculis.
1315 5345 1505 5423 Pup_uli
1545 5344 1913 5423 voluptatibus

323 5434 381 5480 et
407 5416 850 5488 'obleCtatuentis,
887 5418 930 5488 Ι.
950 5418 1044 5479 ‘26,
1074 5431 1131 5488 c.
1153 5417 1301 5488 eod.,
1329 5416 1727 5488 ut’Symtnachi
1746 5416 1907 5488 epist.

320 5497 419 5556 49,
463 5491 557 5544 lib.
606 5485 733 5540 tl'et
786 5486 1015 5556 passim.
1062 5484 1204 5550 Quid
1227 5484 1470 5556 causam
1515 5487 1728 5539 dederit
1765 5484 1911 5556 huic

323 5554 612 5620 constitut.
645 5554 804 5612 docet
850 5558 1169 5611 scholiastes
1219 5554 1433 5613 Basilic.
1483 5557 1577 5609 lib.
1639 5572 1681 5619 ι,
1738 5555 1823 5608 tit.
1859 5556 1911 5619 l,

324 5631 578 5689 cau.10.

398 5652 832 5774 ftiiiiufleliquias.
878 5697 1096 5774 Synod.
1128 5713 1224 5774 vti,
1257 5712 1306 5751 c.
1346 5695 1756 5774 _i7_.__Bals_avnqr_1
1783 5696 1915 5749 ibid.

325 5766 589 5829 Paulinus
614 5766 830 5833 Nolam,
856 5771 1015 5837 epist.
1043 5770 1129 5822 ll.
1163 5767 1398 5822 Heraclii
1420 5768 1557 5821 Nov.
1576 5766 1920 5821 λιιι-,ϐιωοο-

335 5845 380 5898 R
419 5860 491 5896 ut.
516 5857 570 5898 υ.
598 5840 687 5892 73.

408 5857 946 5982 {tibrbtii’ntifitiam
990 5907 1185 5965 Milites
1212 5910 1457 5965 ordinari
1510 5923 1617 5962 non
1655 5916 1908 5978 possunt.

2013 4662 2065 4700 c.
2109 4648 2235 4702 103.

2084 4716 2194 4786 (67)
2241 4716 2629 4785 Primipilares.
2678 4713 3100 4786 Πριμιπιλᾲριοι
3135 4710 3288 4766 Suid.
3330 4715 3604 4786 Πριμοπι-

2011 4784 2223 4858 mpm;
2269 4789 2297 4840 6
2338 4790 2399 4840 τὸ
2433 4787 2620 4858 μεῖζον
2652 4787 2890 4858 ἀξίωμά-
2913 4784 3022 4858 τίὲν
3059 4785 3416 4858 στρατιωτῶν
3444 4784 3602 4858 ἔχων

2012 4852 2495 4927 ποίρὰῬωμαίοίς.
2520 4857 2727 4911 Glossze
2749 4853 2915 4927 Basil.
2952 4852 3395 4927 np_tptittla'ploc,
3452 4852 3604 4927 πρῶ-

2011 4922 2107 4988 τος
2127 4926 2236 4978 τῶν
2261 4922 2621 5001 ἀκοντιστῶν,
2652 4923 2957 5001 πρωτεύων
2983 4923 3091 5001 τῷν
3126 4922 3479 5001 δορυφόρων-.-
3496 4922 3606 4977 Pa-

2013 4999 2130 5065 pias
2158 5012 2176 5050 :
2204 4996 2625 5065 Primipilarius,
2658 4991 2949 5065 vexillifer,
2975 4993 3068 5065 qui
3121 4991 3356 5065 primum
3408 4995 3602 5062 pilutn,

2014 5062 2067 5119 id
2098 5062 2201 5132 est,
2236 5062 2453 5135 signum
2489 5076 2691 5135 portat.
2722 5064 3005 5133 Spartian.
3043 5063 3095 5115 iu
3125 5062 3431 5117 Pescennio
3452 5064 3604 5134 Nig.:

2014 5140 2059 5189 A
2088 5137 2442 5203 primipilario
2463 5147 2633 5206 posset
2660 5135 2848 5189 occidi.

2087 5194 2333 5275 (68),Pro
2377 5194 2475 5260 διιὰ
2515 5206 2858 5260 conscientia.
2902 5201 3115 5260 Brodtci
3169 5204 3305 5259 Cod.
3352 5221 3447 5272 pro
3507 5221 3607 5259 sua
3683 5194 3691 5206 “

2015 5279 2260 5330 scientia.
3146 5306 3149 5309 η

2087 5348 2225 5417 (68')
2248 5346 2510 5418 Integrior
2536 5348 2858 5402 constitutio
2874 5358 3050 5403 exstat
3067 5349 3120 5401 in
3144 5345 3488 5418 llbl'iSABaSil.
3510 5346 3607 5399 lib.

2015 5419 2161 5477 t,tit.
2185 5416 2213 5470 1
2242 5416 2731 5486 c:Ip.'9.Monachis
2767 5420 3000 5473 exeundi
3039 5418 3258 5472 licentia
3281 5416 3605 5487 denegatur.

2018 5488 2324 5541 Concilium
2366 5488 2699 5542 Chalcedon.
2755 5505 2806 5543 (Β.
2850 5489 2885 5540 4
2921 5508 2934 5543 :
2964 5490 3050 5541 Τά
3103 5488 3211 5540 ῐδια
3267 5488 3606 5556 μοναστήρια

2024 5558 2098 5626 μὴ
2131 5558 2670 5626 καταλιμπάνοντας.

2075 5627 2187 5698 (69)
2220 5628 2587 5693 Apocrisiarit'.
2637 5629 3097 5698 Ἀποκρισιάριοι,
3146 5626 3461 5680 Ferranalus
3491 5626 3612 5679 dia-

2022 5714 2193 5753 conus
2229 5700 2474 5765 Epistola
2517 5700 2583 5751 ad
2636 5702 2952 5753 Anatolium
2989 5718 3000 5752 :
3036 5700 3351 5768 Eutychetis
3396 5700 3613 5764 apocri-

2020 5772 2215 5822 siario:
2256 5768 2701 5837 Ἀποκρισιαριος
2730 5772 2826 5821 τοῦ
2867 5770 3162 5840 Εὐτυχοῦς.
3188 5768 3415 5822 Ουιιριιιι
3447 5768 3613 5819 Chal-

2022 5841 2297 5893 cedonens
2324 5908 2327 5909 ν
2354 5850 2461 5891 act.
2493 5843 2544 5898 1,
2603 5841 2870 5903 ἐντολευς,
2902 5858 2996 5893 seu
3031 5848 3354 5909 procurator
3394 5841 3446 5889 iu
3483 5844 3609 5887 eod.

2026 5908 2675 5965 cunt-ilio.\’td.'Glossar.
2719 5924 2965 5969 nostrqu
3006 5908 3069 5964 ad
3091 5910 3294 5963 Julian.
3321 5911 3606 5961 Antecess.
