4016 6406
328 334 353 399 1
370 334 465 399 149

1355 342 1703 405 CONSTIT.
1747 342 2050 405 ECCIES.
2093 345 2530 409 COLLELTlO.

3459 354 3598 420 1150

322 451 520 506 τούτου
551 453 846 524 κληρικόςο
882 455 980 509 καὶ
1001 455 1289 525 γινόμενος
1320 457 1561 530 ἰδιώτης,
1595 459 1906 513 ἀποδίδοται

2019 462 2249 518 clericus
2283 474 2430 519 esset
2465 482 2479 518 :
2512 472 2568 521 et
2603 466 2778 521 factus
2822 467 3084 535 privatus,
3130 470 3340 525 muneri
3387 486 3489 527 suo
3517 485 3604 526 re-

324 548 393 614 τῇ
443 546 626 616 οἰκεία
664 547 1006 621 λειτουργία.
1059 550 1123 602 Εἰ
1162 550 1219 604 δὲ
1266 551 1376 604 ἀπὸ
1422 551 1628 620 ἀνήϐου
1690 553 1913 621 ἡλικίας

326 638 588 715 ἐμόνασε,
630 639 727 691 καὶ
767 639 1030 710 διέμεινε,
1081 640 1299 710 γίνεται
1360 644 1763 715 πρεσϐύτερος,
1816 645 1913 697 καὶ

327 714 632 795 initiatam;
701 733 798 786 καὶ
857 735 1320 806 ἀρχιμανδρίτης,
1387 714 1486 792 καὶ
1560 737 1914 808 λειτουργίας

327 808 744 880 ἀλιταλλάσσεται
764 840 780 856 ·
816 825 914 880 τοῦ
952 828 1051 897 μὲν
1094 827 1388 899 βουλευτοῦ
1419 830 1652 894 διδόντος
1680 831 1781 901 τὴν
1807 848 1899 882 τεο

296 920 542 991 ταρτην
584 922 784 991 μοῖραν
807 921 910 990 τῆς
971 921 1158 986 οὐσίας
1204 923 1371 976 αὑτοῦ
1414 925 1482 992 τῇ
1513 923 1678 995 βουλῇ
1712 924 1809 978 καὶ
1837 922 1915 991 τῷ

328 1010 603 1082 δημοσίῳ,
631 1012 726 1066 τοῦ
763 1013 821 1066 δὲ
852 1012 1125 1078 ταξεώτου
1177 1014 1256 1085 τῷ
1290 1014 1537 1086 δημοσίῳ
1575 1016 1723 1085 μόνῳ
1749 1031 1764 1046 ο
1798 1018 1826 1069 ὁ
1855 1015 1911 1068 δὲ

278 1104 301 1161 ³.
330 1106 674 1174 παρανόμως
701 1106 1108 1178 χειροτονηθεὶς
1138 1108 1512 1179 καθαιρεῖται.
1561 1108 1690 1162 Ἐάν
1726 1127 1812 1173 τις
1839 1107 1915 1161 ὣν

332 1194 602 1266 κληρικὺς
650 1197 683 1268 ἢ
723 1198 967 1262 ὲνόπλως
1029 1199 1418 1270 στρατεύηται,
1470 1199 1502 1269 ἢ
1562 1197 1915 1268 καθαιρεθεὶς

340 1288 577 1359 μετέλθῃ
607 1290 918 1360 στρατείαν,
947 1290 1242 1362 βουλευτὴς
1298 1293 1647 1362 παραχρῆμα
1702 1290 1917 1360 γίνεται

329 1382 435 1452 τῆς
470 1382 607 1444 ίδίας
648 1381 878 1447 πόλεως,
905 1383 939 1454 ἢ
963 1383 1182 1453 ἐτέρας,
1230 1384 1395 1454 μέχρι
1451 1385 1588 1454 μιᾶς
1619 1385 1912 1456 ἐπαρχίας,

332 1474 432 1527 ἐὰν
458 1476 492 1544 ἡ
532 1472 693 1537 πόλις
739 1472 909 1528 αὐτοῦ
955 1475 1190 1540 πολλοὺς
1240 1475 1341 1549 ἔχῃ
1402 1474 1721 1546 βουλευτάς.
1758 1476 1823 1531 Ei
1857 1476 1915 1530 δὲ

226 1602 239 1609 κ
331 1567 609 1632 λανθάνει,
641 1568 1187 1637 ἐπιλαμϐάνονταιοὶ
1238 1568 1525 1640 βουλευταὶ
1568 1568 1678 1622 τῶν
1720 1584 1917 1640 πραγ-

332 1662 521 1726 μάτων
559 1658 751 1723 αὐτοῦ,
784 1661 880 1712 καὶ
913 1660 976 1713 τὸ
1013 1661 1114 1730 μὲν
1143 1661 1321 1733 ἥμισυ
1357 1664 1416 1716 ἐν
1452 1662 1728 1734 προσόδῳ,
1752 1661 1915 1732 οὔσῃ,

324 1750 360 1818 ἢ
391 1749 702 1822 ὠνουμένη.
759 1750 1042 1821 λαμϐάνου
1055 1768 1105 1805 σι
1125 1769 1141 1784 ’
1173 1751 1236 1804 τδ
1264 1751 1322 1807 δὲ
1360 1752 1538 1823 ἥμισυ
1566 1753 1634 1823 τῇ
1662 1749 1916 1825 τραπέζῃ

321 1841 436 1893 τῶν
459 1841 724 1913 ὖτπάρχων
747 1842 1152 1913 εἰσκομίζεται.
1185 1844 1259 1897 Τὸ
1290 1844 1424 1898 αὐτὸ
1462 1845 1558 1898 καὶ
1606 1844 1701 1898 ἐπὶ
1745 1861 1912 1914 μονα·-

319 1930 423 2003 χοῦ
456 1932 605 1994 ὅπως
637 1929 732 1987 οὖν
767 1933 1226 2004 στρατευομένου,
1286 1933 1319 2005 ἢ
1368 1934 1532 2001 ἀξίαν
1562 1933 1846 1998 λασόντοςν
1874 1933 1908 2004 ἢ

318 2026 419 2078 τὸν
448 2027 507 2078 ὲν
546 2026 928 2098 δικαστηρίοις
986 2026 1101 2098 βίον
1147 2025 1604 2099 μεταδιώκοντας.
1648 2027 1778 2083 Ἐάν
1823 2043 1910 2090 τις

322 2118 539 2188 βαρηοῇ
582 2119 1107 2190 ἀποκαταστάσει,ῆ
1151 2119 1599 2174 ὑποκαταστὰσει
1631 2120 1690 2187 ἐξ
1740 2120 1911 2174 ἁπαι-

319 2209 465 2274 δξας,
498 2209 596 2264 καὶ
633 2210 872 2282 βουληθῇ
909 2213 1161 2282 γαμῆσαι
1192 2211 1510 2283 διάσκησιν,
1550 2212 1707 2282 ’μένει
1770 2212 1911 2283 ἔχων

322 2304 393 2357 τὰ
427 2302 732 2373 πράγματα
754 2342 770 2367 ,
803 2303 899 2357 καὶ
931 2303 1147 2375 δαπανᾷ
1175 2302 1319 2357 αὑτά
1378 2303 1610 2373 περιὼν,
1649 2304 1683 2374 ἢ
1733 2321 1911 2359 κατα-

319 2396 590 2465 λιμπάνει
616 2396 696 2459 ὡς
730 2395 899 2461 θέλει,
934 2395 1175 2459 εὐσεϐῶς
1210 2397 1422 2466 μέντοι.
1453 2394 1516 2450 Ei
1544 2394 1603 2451 δὲ
1653 2396 1750 2452 καὶ
1803 2396 1912 2451 ὑπὸ

322 2490 540 2561 αἵρεσιν
597 2489 947 2551 παιδοποιίας
1008 2487 1352 2560 καταλειφθῇ
1420 2488 1633 2552 αὐτοῖς,
1685 2488 1905 2558 ἔχουσιν

323 2580 460 2635 αὐτο
498 2578 595 2633 καὶ
627 2578 703 2651 μὴ
727 2579 1196 2643 παιδοποιοῦντες.
1231 2580 1307 2632 Τὸ
1350 2576 1488 2633 αὐτὸ
1518 2581 1621 2633 καὶ
1650 2581 1748 2634 ἐπὶ
1769 2596 1915 2650 παρ-

324 2672 702 2737 θενευοὺσαις,
731 2674 826 2726 καὶ
857 2671 951 2726 ἐπὶ
979 2675 1095 2735 τοῖς
1138 2674 1345 2741 γαμεῖν
1400 2670 1751 2742 βουλομένοις
1800 2690 1915 2725 κω-

322 2764 612 2836 λυομένοις
643 2765 949 2836 κληρικοῖς.
994 2764 1123 2819 Ἐὰν
1157 2767 1186 2819 ὁ
1226 2760 1312 2829 οἷς
1352 2765 1463 2819 τῶν
1513 2765 1914 2819 συνοικούντων

325 2842 563 2923 μονάσῃ,
602 2852 814 2921 πέμπει
851 2854 1142 2924 ῥεπούδιον
1177 2856 1205 2908 ὁ
1239 2853 1422 2919 ἄλλος,
1464 2853 1561 2908 καὶ
1588 2854 1776 2924 χώραν
1799 2855 1915 2917 τοῖς

224 2991 231 2995 .
320 2943 436 2997 ἀπὸ
474 2944 738 3014 τελευτῆς
769 2944 1126 3015 συμφώνοις’
1176 2945 1360 3000 καὶτὸ
1415 2945 1670 3000 ἐντεῦθεν
1723 2944 1913 3015 κέρδος

321 3037 674 3105 φυλάττεται,
705 3037 782 3101 ὡς
817 3038 984 3102 είκδς,
1023 3038 1212 3092 ἔχ’τοῢ
1268 3037 1434 3094 αὑτοῦ
1471 3038 1660 3108 γάμου
1690 3037 1907 3103 παισὶν,

322 3129 376 3183 εἰ
415 3129 512 3181 καὶ
540 3129 603 3181 τὸ
642 3129 915 3196 κερδᾶναν
950 3129 1248 3200 πρόσωπον
1270 3129 1346 3203 μὴ
1369 3128 1501 3203 ἔλθῃ
1536 3129 1677 3200 πρὸς
1720 3128 1912 3198 ἕτερον

2012 556 2405 626 stituituril3).
2432 556 2527 611 Sin
2548 559 2619 614 ab
2643 559 2910 629 impuberi
2927 571 3088 618 aetate
3106 563 3384 619 solitarius
3404 564 3603 627 fuit;ac

2019 647 2072 699 in
2105 663 2170 700 eo
2202 649 2590 717 perseveravit,
2640 661 2693 706 et
2727 654 3015 725 presbyter
3037 654 3187 720 lit,et
3216 656 3522 727 episcopus.
3549 665 3605 711 et

2018 738 2466 808 arcliimaudrita,
2503 752 2557 797 et
2581 758 2613 798 a
2640 759 2864 800 munere
2896 761 2997 801 suo
3039 747 3342 803 liberatur:
3381 749 3452 801 ita
3482 748 3606 816 qui-

2019 830 2166 897 dem,
2199 842 2257 887 ut
2282 833 2506 888 curialis
2522 845 2773 904 quartam
2803 837 2920 907 (14)
2954 839 3261 907 patrimonii
3290 839 3375 894 sui
3396 850 3604 908 partem

2018 924 2109 978 det
2140 927 2346 991 curiaa,
2394 941 2457 982 ac
2521 928 2654 981 fisco
2705 945 2720 983 :
2758 929 3035 999 apparitor
3082 944 3233 995 vero,
3269 931 3605 987 tantumdem

2021 1016 2152 1071 liseo
2186 1017 2470 1072 duntaxat.
2502 1020 2603 1085 Qui
2649 1028 2827 1075 autent
2880 1032 3078 1091 praeter
3125 1021 3269 1092 leges
3323 1022 3609 1078 ordinatus

2020 1108 2206 1174 fuerit,
2243 1108 2552 1178 deponitur.
2584 1110 2640 1166 Si
2676 1112 2818 1177 quis,
2851 1129 2973 1167 cum
3003 1114 3240 1169 clericus
3270 1115 3336 1169 sit
3360 1155 3377 1181 ,
3407 1114 3490 1168 vel
3520 1129 3608 1169 ar-

2022 1209 2186 1252 mata:
2217 1199 2428 1254 militiae
2473 1217 2533 1255 se
2576 1202 2809 1268 dederit,
2841 1203 2927 1258 vel
2962 1222 2990 1257 a
3027 1205 3289 1260 clericatu
3340 1215 3605 1268 remotus,

2021 1288 2356 1353 militaverit,
2397 1293 2666 1361 extemplo
2708 1293 2770 1349 lit
2795 1294 3021 1351 curialis
3051 1296 3293 1351 civitatis
3331 1311 3446 1351 suae
3472 1333 3487 1357 ,
3524 1296 3608 1348 Vel

2019 1379 2250 1449 alicujus
2277 1381 2524 1448 alterius,
2547 1385 2616 1437 ad
2641 1399 2805 1439 unam
2834 1400 3006 1454 usque
3035 1385 3396 1453 provinciam,
3428 1384 3607 1453 siqui-

2018 1474 2142 1528 dem
2184 1473 2353 1538 ipsius
2399 1476 2574 1545 patria
2626 1476 2827 1554 multos
2875 1478 3073 1532 habeat
3114 1477 3454 1533 decuriones.
3509 1476 3607 1532 Sin

2021 1564 2216 1627 latitat,
2265 1564 2551 1621 facultates
2600 1564 2720 1634 ejus
2777 1567 3099 1623 decuriones
3149 1568 3604 1637 apprehemlunt,

2018 1670 2321 1728 earumque
2346 1659 2630 1713 semissem
2682 1658 2781 1728 ipsi
2829 1660 3125 1729 accipiunt,
3180 1661 3233 1715 iu
3279 1660 3487 1726 reditu,
3522 1660 3609 1716 vel

2022 1747 2352 1811 exsislente,
2378 1748 2460 1803 vel
2487 1751 2856 1819 comparando
2886 1766 2902 1805 :
2936 1750 3104 1805 altera
3139 1751 3382 1806 sentissis
3404 1766 3607 1807 mensa:

2018 1837 2400 1908 prml'ectorum
2434 1840 2688 1909 praxtorio
2731 1839 2986 1896 infertur.
3018 1839 3162 1896 idem
3195 1840 3359 1898 etiam
3405 1841 3456 1895 in
3491 1857 3607 1896 meo

2016 1933 2189 1987 nacho
2217 1934 2394 1987 locum
2426 1932 2607 1997 habet,
2639 1934 2683 1988 si
2713 1934 3203 2005 quomodocunqne
3266 1934 3601 2001 militaverit,
3670 1940 3677 1948 '

2019 2030 2115 2077 aut
2153 2020 2471 2091 dignitatem
2504 2022 2733 2090 adeptus
2757 2022 2848 2087 sit,
2877 2032 2968 2078 aut
3000 2023 3056 2078 in
3083 2022 3306 2093 iudiciis
3333 2032 3599 2078 versetur.

2016 2113 2071 2169 Si
2108 2114 2231 2184 quis
2272 2124 2532 2185 gravatus
2557 2114 2721 2170 fuerit
2742 2116 3165 2172 ﬁdeicommisso
3195 2115 3337 2186 (l5),
3369 2115 3452 2171 vel
3474 2116 3605 2169 sub-

2014 2204 2317 2270 stitutione,
2358 2220 2424 2261 ex
2471 2220 2634 2261 causa
2671 2221 2777 2282 non
2808 2206 3137 2261 exstantium
3173 2206 3506 2265 liberorum.
3537 2219 3609 2261 ac

2015 2309 2237 2369 propter
2279 2298 2722 2354 exercitationem
2782 2297 3163 2365 monasticam,
3193 2297 3603 2353 matrimonium

2015 2392 2340 2445 contrahere
2368 2405 2473 2445 non
2506 2388 2759 2456 voluerit,
2812 2403 2994 2446 manet
3023 2390 3077 2446 in
3102 2391 3291 2447 eodem
3345 2398 3487 2443 statu
3538 2403 3605 2443 ac

2018 2499 2109 2540 res
2154 2484 2300 2552 ipsas
2350 2483 2570 2550 retinet,
2621 2497 2826 2553 easque
2872 2492 3150 2553 superstes
3191 2480 3473 2551 expendit,
3518 2482 3603 2536 vel

2018 2586 2347 2632 testa-mento
2378 2577 2658 2646 relinquit,
2712 2591 2811 2643 pro
2841 2575 2995 2632 libitu
3026 2590 3148 2638 suo,
3181 2575 3299 2645 pias
3333 2584 3512 2629 tamen
3535 2574 3605 2628 ad

2016 2684 2232 2724 causas.
2256 2668 2409 2735 Quod
2446 2667 2491 2724 si
2539 2670 2704 2723 etiam
2736 2667 2841 2724 sub
2872 2667 3186 2724 conditione
3230 2666 3605 2737 procreando-

2020 2776 2139 2815 rum
2190 2759 2490 2815 liberorum
2541 2760 2623 2815 eis
2670 2759 2847 2829 aliqua
2881 2759 3057 2828 legata
3088 2761 3329 2824 fuerunt,
3358 2759 3607 2816 retinent

2014 2869 2101 2918 ea,
2140 2854 2354 2910 tametsi
2393 2854 2571 2909 nullos
2602 2864 2894 2922 procreant
2922 2851 3143 2909 liberos.
3193 2852 3338 2908 Idem
3388 2852 3602 2907 obtinet

2015 2948 2181 3003 etiam
2232 2947 2282 3001 in
2326 2945 2546 3001 feminis
2571 2945 2943 3015 virginitatem
2979 2944 3403 3014 proﬁtentibus,
3448 2953 3505 3000 et
3548 2947 3604 3000 in

2014 3037 2252 3102 clericis,
2286 3037 2379 3107 qui
2408 3035 2816 3092 matrimonium
2847 3036 3172 3092 contrahere
3219 3036 3595 3104 prohibentur.

2018 3128 2077 3185 Si
2106 3127 2395 3199 coniugum
2422 3128 2684 3183 alteruter
2698 3124 2815 3198 (16)
2842 3125 3102 3181 solitaria:
3126 3124 3248 3180 vita:
3274 3139 3334 3179 se
3365 3124 3598 3192 dederit,

322 3221 505 3297 γάμον
534 3224 630 3284 καὶ
662 3221 797 3294 μένῃ
836 3223 870 3295 ἡ
898 3220 1038 3293 γυνὴ
1068 3224 1395 3295 γαμουμένη
1440 3223 1617 3292 ἑτέρῳ
1665 3220 1906 3276 ἐνιαυτὸν

2019 3221 2161 3278 alter
2187 3222 2477 3293 repudium
2504 3220 2554 3276 ei
2583 3219 2775 3287 mittit,
2809 3227 2862 3274 et
2895 3218 3045 3274 locus
3072 3227 3154 3274 est
3195 3219 3369 3288 pactis
3404 3219 3460 3272 iu
3507 3234 3600 3273 ca-

320 3313 449 3369 ἕνα.

318 3405 703 3461 communibus
752 3422 818 3461 ex
854 3407 1042 3462 eodem
1089 3406 1436 3463 matrimonio
1470 3406 1680 3471 liberis,
1716 3407 1760 3461 si
1797 3407 2017 3476 quidem
2051 3423 2115 3461 ea
2142 3420 2400 3475 persona,
2434 3419 2559 3475 quae
2590 3404 2799 3459 lucrum
2826 3403 2959 3460 illud
3013 3402 3309 3472 acceperit,
3376 3402 3444 3456 ad
3516 3416 3604 3458 se-
3656 3412 3661 3415 ·
3750 3402 3767 3417 ⁹

2012 3328 2133 3371 sum
2165 3314 2382 3381 mortis,
2413 3328 2477 3368 ac
2502 3312 2713 3368 lucrum
2741 3312 2866 3367 inde
2899 3309 3228 3380 proveni‘ens
3277 3319 3593 3366 reservatur

317 3502 528 3557 condas
565 3502 780 3568 nuptias
811 3516 915 3556 neu
949 3500 1274 3564 accesserit,
1320 3508 1377 3554 et
1420 3499 1536 3567 ipsa
1562 3500 1785 3583 .mulier
1817 3517 2019 3556 annum
2053 3516 2219 3555 unum
2258 3501 2478 3569 innupta
2506 3508 2747 3555 maneat.

396 3594 520 3647 NA'.
562 3594 690 3658 Ταῖς
718 3595 940 3662 γονεῦσι
964 3595 1060 3649 καὶ
1087 3597 1202 3657 τοῖς
1231 3593 1507 3663 ἀδελφοῖς,
1551 3595 1781 3659 καὶτοῖς
1811 3611 1913 3663 κη-

316 3685 374 3739 δε
385 3686 509 3753 μόσι
538 3685 651 3738 τῶν
680 3685 967 3756 παρθένων
995 3686 1090 3739 καὶ
1110 3685 1490 3750 διακονισσῶν,
1518 3683 1744 3740 καὶτῶν
1769 3687 1917 3740 ἀνει-

321 3776 506 3850 μένων
561 3779 638 3849 τῷ
671 3779 794 3850 Θεῷ
833 3770 1043 3850 χηρῶν,
1078 3779 1255 3846 ἔξεστι
1292 3781 1422 3844 τοὺς
1482 3782 1746 3854 ἅρπαγας
1808 3784 1909 3837 αὐ-

316 3871 573 3934 τῶν,λαὶ
612 3872 741 3935 τοὺς
793 3876 854 3926 ἐν
916 3874 1095 3944 καιρῷ
1156 3874 1256 3943 τῆς
1325 3874 1518 3943 ἐφόδου
1580 3874 1911 3947 βοηθοῦντας

316 3963 506 4025 αὐτοῖς
538 3963 627 4027 ὲπῖ
649 3964 1007 4034 αὐτοφρόνως
1046 3964 1401 4037 [αὐτοφώρῳ]
1435 3966 1708 4035 φονεύειν.
1735 3966 1801 4020 Ei
1850 3965 1906 4020 δὲ

314 4054 680 4127 διαφύγωσιν,
736 4057 1106 4129 ἀναζητοῦσιν
1166 4058 1389 4123 αὐτοὺς,
1446 4057 1506 4111 ἐν
1558 4059 1909 4111 Κωνσταντι-

317 4147 580 4205 νουπόλει
607 4149 713 4218 μὲν
749 4150 797 4203 οἱ
827 4149 1067 4220 ὕπαρχοι
1098 4150 1195 4205 καὶ
1231 4150 1259 4203 ό
1293 4149 1554 4222 ἔπαρχος,
1581 4150 1640 4203 ὲν
1667 4150 1724 4203 δὲ
1782 4151 1903 4213 ταῖς

314 4242 613 4311 επαρχιαις
643 4243 847 4306 πάντες
862 4243 913 4296 οἱ
942 4242 1205 4314 ἄρχοντες
1229 4243 1500 4297 πολιτικοί
1518 4262 1577 4297 τε
1612 4245 1709 4298 καὶ
1732 4262 1903 4316 στρα-

312 4336 563 4389 τιωτικοί
591 4352 606 4367 τ
647 4336 743 4389 καὶ
777 4335 917 4405 μετὰ
943 4336 1220 4402 ἀπόδειξιν
1253 4335 1330 4407 μὴ
1357 4336 1679 4407 χρωμένους
1724 4336 1895 4407 φόρου

2011 3624 2019 3632 -
2088 3594 2378 3663 LlVHﬁ‘).
2406 3593 2553 3650 Licet
2576 3593 2920 3662 parentibus,
2950 3603 3006 3649 et
3032 3591 3292 3647 fratribus
3309 3602 3364 3647 et
3384 3600 3605 3647 curato-

2028 3686 2183 3741 ribus
2214 3685 2507 3756 virginum,
2542 3685 2994 3751 diaronissartnn,
3038 3694 3093 3739 ct
3129 3684 3413 3739 viduarum
3492 3682 3605 3738 Deo

2023 3785 2502 3840 consectatarum,
2540 3788 2598 3832 ut
2656 3794 2841 3832 earum
2900 3787 3166 3847 raptores,
3219 3785 3271 3830 et
3330 3775 3468 3841 illos,
3508 3777 3601 3846 qui

2009 3880 2250 3939 tempore
2316 3870 2611 3926 invasiouis
2671 3864 2938 3925 auxilium
3013 3870 3094 3925 eis
3171 3851 3455 3936 praebent,
3542 3870 3595 3922 in

2010 3954 2404 4034 ipsorlacinore
2437 3965 2787 4020 interliciant.
2816 3965 2911 4020 Sin
2941 3966 3200 4037 ell‘ugiunt
3224 4012 3238 4025 .
3271 3969 3600 4039 perquirunt

2008 4073 2125 4119 eos.
2164 4055 2633 4125 Constantinopoli
2669 4058 2914 4128 quidem,
2942 4059 3180 4128 prazlceti
3213 4063 3469 4133 pra-torio
3492 4102 3506 4124 ,
3538 4071 3589 4114 et

2013 4148 2303 4221 prml‘ectus
2346 4151 2465 4206 urbi
2504 4169 2517 4217 ;
2557 4152 2610 4206 in
2642 4153 2942 4222 provinciis
2980 4164 3197 4219 autem,
3251 4157 3599 4226 magistratus

2014 4243 2279 4310 universi,
2310 4253 2419 4297 tam
2447 4244 2658 4311 civiles,
2684 4261 2847 4315 quam
2877 4246 3137 4301 militares
3163 4264 3177 4299 :
3203 4257 3255 4302 et
3281 4248 3598 4319 probatione

2012 4344 2198 4391 secuta
2225 4374 2241 4399 ,
2274 4334 2420 4389 nulla
2465 4334 2569 4390 fori
2624 4337 3035 4408 prmscriptioue
3088 4348 3303 4395 utentes
3351 4348 3597 4395 extremo

1514 4450 1855 4513 Annibalis
1892 4450 2144 4513 Fabroti
2172 4458 2361 4514 noue.
2632 4489 2649 4506 ο
2770 4516 2775 4523 ,

388 4557 501 4626 (15)
538 4559 868 4619 Munerisuo
899 4560 1216 4614 restituitur.
1277 4558 1458 4615 Curia:
1490 4560 1574 4614 vel
1632 4559 1880 4616 cohorti:

2012 4557 2119 4627 ίείᾳ
2149 4558 2512 4629 διακόπτεται
2537 4571 2553 4588 ⁸
2588 4558 2699 4614 Hoc
2728 4576 3043 4627 persuasum
3097 4562 3302 4624 Imbete,
3363 4565 3596 4629 exceptis

312 4629 538 4683 utinl'ra
600 4646 826 4683 munere
849 4646 951 4685 suo
981 4631 1269 4695 liberatur,
1326 4629 1381 4684 id
1436 4638 1540 4695 cst,
1578 4632 1773 4692 curia,_
1808 4632 1888 4684 vel

312 4700 516 4755 ollicio.
556 4700 635 4754 Ad
671 4702 882 4755 curiam
915 4702 1235 4755 retrahitur.

388 4770 502 4838 (l4)
558 4771 844 4836 Quartam.
904 4770 1237 4825 Dodrautrm
1292 4782 1356 4823 ex
1411 4771 1547 4826 Nov.
1589 4786 1782 4834 cvxnt,
1829 4787 1895 4826 ex

311 4855 423 4909 qua
458 4843 767 4896 monachus
800 4854 922 4912 post
955 4857 1130 4895 annos
1159 4839 1247 4905 15,
1275 4841 1430 4894 curia
1489 4842 1776 4908 liberatur,
1808 4853 1898 4900 at-

312 4926 424 4982 que
452 4912 523 4982 ita
550 4913 840 4980 ριιὶειθοβιις
876 4914 1057 4967 creari
1086 4921 1285 4980 potest.

388 4981 503 5053 αὗ)
563 4981 623 5037 Si
676 4979 792 5053 quis
836 4979 1094 5053 gravatus
1152 4982 1311 5050 fuerit
1359 4979 1682 5050 ﬁdeicomm.
1750 4981 1886 5038 Vide

311 5051 370 5105 d.
400 5049 534 5106 Nov.
566 5049 765 5114 cui”.
797 5049 852 5107 νζ
878 5054 967 5106 57.

388 5122 497 5192 (16)
531 5122 589 5178 Si
644 5124 942 5193 conjugium
992 5122 1263 5176 alteru'er.
1314 5121 1447 5176 Jun:
1512 5123 1659 5177 civili
1693 5126 1782 5178 uni
1821 5143 1890 5180 ex

313 5194 646 5263 conjugibus
700 5198 864 5248 etiam
933 5195 1108 5248 invito
1166 5196 1341 5248 altero
1390 5194 1674 5262 religionis
1715 5200 1894 5263 gratia

314 5263 444 5318 licet
506 5266 811 5327 divertere,
874 5274 928 5318 et
985 5264 1282 5319 divortium
1358 5264 1632 5331 ejusmodi
1694 5266 1900 5321 dicitur

314 5334 433 5387 ﬁeri
470 5333 611 5391 bona
655 5336 854 5403 gratia,
883 5333 935 5387 id
971 5345 1077 5393 est.
1140 5334 1277 5388 citra
1328 5336 1484 5403 culpa
1511 5353 1539 5385 ιι
1576 5337 1897 5392 alterutrius

313 5410 372 5456 et
402 5406 1001 5459 COtlllltlJlllCOllSCllSll.
1037 5406 1101 5459 Et
1152 5405 1448 5459 divortium
1516 5405 1648 5459 illud
1713 5407 1890 5468 legn'n

315 5475 493 5541 poenis
514 5476 750 5528 solutu-n
783 5487 888 5538 eat,
924 5476 957 5528 Ι.
984 5477 1073 5537 5‘2,
1100 5492 1150 5531 c.
1187 5475 1262 5529 De
1290 5479 1449 5543 episc.
1476 5485 1526 5529 et
1550 5477 1887 5543 cleric.Nov.

220 5594 225 5595 ,
314 5560 456 5607 χχιι,
481 5560 530 5600 c.
550 5546 1005 5611 5,Nov.t:xvn,c.
1033 5547 1118 5599 12.
1139 5545 1289 5611 Quod
1317 5542 1496 5599 tamru
1529 5542 1619 5613 jus
1647 5546 1887 5601 Ερυιεδιι

312 5629 422 5668 non
458 5616 744 5681 probavit;
802 5618 1205 5670 matrimonium
1233 5619 1379 5671 enim
1414 5618 1526 5671 sola
1560 5631 1733 5670 mone
1758 5619 1892 5671 diri-

314 5699 368 5756 m
394 5691 505 5740 tur.
528 5688 778 5741 Asterius
810 5686 864 5741 in
890 5687 1133 5752 homilia,
1162 5687 1212 5740 in
1240 5702 1345 5756 qua
1377 5688 1622 5749 disserit,
1642 5705 1708 5742 an
1732 5690 1891 5743 liccat

316 5755 525 5827 homini
579 5757 859 5827 dimittere
921 5772 1144 5812 uxorem
1196 5755 1350 5812 suam
1424 5776 1759 5827 qliacuniue
1820 5777 1884 5813 ex

319 5826 524 5883 causa:
563 5826 831 5899 Πείσθητε
871 5830 953 5882 ὅτι
1005 5828 1184 5899 γάμος
1218 5826 1608 5901 θκκιάτεειειόνιρ
1643 5832 1739 5885 καὶ
1775 5849 1889 5902 μοι·

2001 4626 2170 4683 ntorte
2222 4645 2285 4680 nc
2336 4626 2623 4689 adulterio.
2674 4626 2825 4684 nulla
2881 4647 2948 4684 rx
2975 4636 3138 4686 causa
3189 4626 3593 4689 matrimonium

2002 4699 2205 4752 dirimi.
2228 4698 2296 4753 Et
2329 4700 2525 4773 eimqui
2591 4702 2762 4754 semel
2800 4701 3143 4773 coniugalem
3180 4704 3355 4773 vitam
3393 4704 3586 4773 elegit,

2006 4780 2213 4823 temere
2235 4769 2539 4841 consilium
2566 4782 2781 4841 mutare
2815 4769 2927 4824 nou
2958 4772 3105 4836 licet,
3138 4772 3243 4826 nisi
3306 4769 3591 4841 religionis

2004 4838 2375 4914 assumpserit
2418 4840 2709 4914 habitum;
2755 4840 2845 4914 Dei
2882 4845 3029 4914 enim
3081 4856 3250 4914 causa
3309 4838 3587 4914 prteCipna

2004 4916 2201 4982 est,qet
2239 4910 2437 4982 merito
2473 4910 2692 4965 auditur
2719 4913 2812 4982 qui
2839 4928 2869 4966 a
2893 4911 3166 4982 coniugali
3202 4910 3492 4968 consortio
3519 4916 3586 4969 ad

2005 4980 2294 5052 cultiorem
2334 4989 2389 5033 ct
2423 4980 2532 5052 lleo
2561 4980 2750 5052 magis
2803 4980 3087 5050 acceptam
3138 4984 3304 5037 vitam
3348 4986 3591 5040 transire

2002 5050 2143 5125 velle
2170 5050 2397 5125 dicitur.
2458 5050 2701 5125 Alterius
2729 5062 2907 5125 tamen
2935 5054 3185 5125 conjugis
3247 5055 3587 5109 voluntatem

2004 5123 2162 5188 prius
2194 5122 2587 5190 explorandam
2621 5139 2745 5178 esse
2779 5123 2940 5177 docet
2974 5122 3055 5179 tit.
3118 5123 3194 5177 De
3247 5126 3588 5180 conuersione

2002 5192 2433 5260 ronjugatorum.
2487 5192 2550 5248 D.
2603 5195 2837 5261 August.
2874 5194 2925 5247 in
2958 5198 3125 5262 epist.
3166 5196 3274 5250 45:
3343 5194 3486 5248 Nam
3538 5205 3590 5249 et

2004 5264 2231 5316 cavenda
2274 5262 2407 5316 talia
2433 5280 2537 5317 non
2586 5274 2709 5317 sunt
2742 5281 2774 5317 a
2827 5264 3152 5332 carrjngntis.
3189 5268 3294 5320 nisi
3355 5281 3421 5321 ea:
3458 5282 3589 5320 cono

2001 5348 2161 5385 sensu
2184 5343 2232 5385 ct
2264 5334 2534 5387 voluntate
2561 5336 2848 5389 communi.
2898 5334 3179 5390 Videndus
3232 5337 3586 5403 llincmarus,

2006 5403 2074 5456 De
2091 5405 2319 5457 divortio
2342 5404 2558 5458 Lothar.
2580 5415 2628 5458 ct
2651 5404 2935 5473 'l'stbergre,
2967 5408 3020 5460 in
3052 5422 3197 5472 rrSp.
3225 5408 3291 5461 ad
3320 5408 3584 5472 interrog.

1999 5474 2105 5531 25:
2148 5483 2201 5527 vl
2240 5474 2301 5528 Ι).
2332 5476 2625 5544 Augus‘tiu.
2653 5476 2818 5546 epist,
2854 5479 2958 5541 7t);
2984 5488 3039 5533 et
3093 5478 3358 5533 Paulinus
3416 5476 3585 5531 Nola»

2005 5561 2128 5605 nos,
2158 5546 2212 5598 in
2262 5548 2426 5613 epist.
2458 5547 2528 5600 50
2590 5547 2657 5600 ad
2729 5547 3078 5614 Cclantiam;
3138 5550 3580 5610 Cantacuzcnus,

2001 5617 2092 5667 lib.
2133 5633 2207 5676 tv,
2241 5632 2361 5686 cap.
2390 5617 2479 5671 ἀεὶ.

2071 5686 2208 5755 (ιδ’)
2250 5691 2517 5755 llaptorcs
2547 5690 3028 5744 sanctinmnalium
3052 5707 3113 5744 ac
3136 5690 3572 5744 diaconissarnm

1996 5758 2219 5823 impune
2244 5760 2579 5813 occrduntur
2613 5778 2640 5811 υ
2670 5763 3011 5828 parentibus,
3051 5761 3339 5823 fratribus,
3377 5761 3457 5813 vel
3497 5770 3582 5811 tu-

1997 5829 2209 5885 toribus
2243 5844 2339 5886 seu
2376 5832 2728 5887 curatoribus
2758 5846 2973 5888 earum.
