4016 6408
307 310 440 374 1157

1331 300 1669 361 CONSTIT.
1710 298 2005 358 ECCLES.
2053 297 2485 360 COLLEC‘TIO.

3421 301 3556 366 1158

305 419 534 490 προνοίᾳ
598 418 705 471 τῶν
758 414 1187 484 Θεοφιλεστάτων
1239 413 1556 466 ἐπισκόπων
1625 411 1873 479 ἁφιέσῦω

2000 409 2505 477 'eligiosissimormn
2535 409 2906 480 episcoporum
2939 425 3065 463 cura
3103 426 3298 480 extent;
3323 422 3374 467 to
3404 429 3434 464 e.
3459 433 3553 466 cn-

310 513 653 583 παραχρῆμα
679 511 776 579 τῆς
803 509 1074 578 φυλακῆς.
1121 506 1430 576 Σημείιοσαι
1461 505 1562 569 ὅτι,
1600 506 1875 574 ῥᾳθυμου-

313 609 476 677 μένου
494 607 684 658 τούτου
708 604 800 656 τοῦ
829 603 1170 673 πράγματος,
1200 601 1280 652 δεῖ
1307 601 1397 652 τὸν
1427 597 1724 650 ἐπίσκοπον
1745 596 1877 648 ἀνα-

311 699 502 768 φέρειν
523 697 596 766 τῷ
623 696 764 748 κατὰ
796 693 988 764 καιρὸν
1025 691 1326 761 προεστῶτι
1363 690 1473 742 τῶν
1529 688 1689 741 θείων
1745 704 1878 758 πρι-

313 789 512 842 ϐἀτων.
550 785 719 840 Τοῦτο
739 787 867 856 γὰρ,
898 784 1049 855 φησὶ,
1093 785 1166 853 μὴ
1223 784 1584 852 ποιήσαντες,
1636 782 1697 833 οὐ
1747 780 1876 851 περὶ

316 879 488 950 μόνην
518 880 618 948 τὴν
641 877 845 933 οὐσίαν.
889 877 1024 929 ἀλλὰ
1045 878 1141 928 καὶ
1179 863 1307 943 περὶ
1339 875 1436 942 τὴν
1465 873 1740 942 σωτηρίαν
1777 872 1877 926 αὖ·

313 969 412 1041 τὴν
441 970 836 1039 ὑποστήσονται
861 968 1129 1021 κίνδυνον.
1393 1040 1396 1043 _

388 1061 506 1116 8-.6.
546 1059 616 1126 α’,
650 1063 762 1138 τίτ..
795 1061 856 1122 ε’,
881 1060 1024 1114 διάτ.
1059 1057 1122 1128 β’,
1149 1052 1216 1128 ἧς
1267 1059 1302 1128 ἠ
1339 1057 1501 1128 ἀρχὴ,
1555 1060 1766 1111 Omnes.
1817 1057 1879 1111 Οί

312 1157 604 1209 ἐπίσκοποι
631 1155 739 1207 τῶν
769 1153 1062 1223 αίρετικῶν
1099 1152 1376 1222 μηδεμίαν
1429 1150 1641 1215 πίστιν,
1667 1149 1733 1220 ἢν
1777 1149 1879 1202 οὐκ

311 1248 514 1317 ἔχουσι,
547 1245 912 1300 εἰκασθωσαν.

383 1339 500 1392 Βιϐ.
535 1338 609 1404 α’,
629 1339 713 1392 τίτ
744 1345 805 1405 ε’,
836 1338 975 1391 διάτ.
1007 1343 1077 1408 η’,
1104 1332 1168 1405 ἦς
1191 1338 1223 1406 ἡ
1249 1336 1394 1406 ἀρχὴ
1435 1335 1763 1406 Quicunque.
1815 1335 1879 1388 Οἱ

311 1430 602 1484 ἐπίσκοποι
621 1429 672 1480 οἱ
705 1428 774 1480 τὰ
808 1426 1081 1496 Εὑτυχοῦς
1143 1427 1236 1479 καὶ
1278 1426 1686 1495 Ἀπολλιναρίου
1744 1442 1879 1496 φροο

312 1523 534 1584 νοῦντες
595 1520 729 1590 μηδὲ
793 1519 1062 1582 διάκονον,
1127 1518 1261 1588 μηδὲ
1319 1517 1713 1588 πρεσϐύτερον,
1786 1517 1884 1569 καὶ

314 1614 501 1676 ἅπλῶς
529 1614 730 1676 εἰπεῖν,
779 1610 1060 1681 μηδεμίαν
1094 1611 1430 1679 χειροτονίαν
1461 1610 1808 1663 ποιείτωσαν.

1985 503 2160 555 stodia
2191 503 2494 556 dimittitur.
2532 502 2688 568 Nota,
2725 517 2842 556 rum
2877 505 2977 558 hoc
3010 507 3279 574 negotium
3316 509 3557 575 segniter

1993 592 2254 658 procedit,
2289 593 2600 660 episcopum
2653 608 2763 647 rem
2800 595 2971 663 ipsam
3005 595 3219 650 deferre
3247 599 3442 652 debere
3491 602 3556 653 a.l

1988 700 2133 748 eum,
2163 685 2251 754 qui
2287 701 2384 754 pro
2409 696 2649 755 temporc
2677 688 2995 757 prmpositus
3023 689 3182 743 fuerit
3205 691 3364 746 rebus
3386 693 3558 746 sacris

1991 779 2234 848 privatis.
2263 779 2469 848 Quippe
2506 780 2559 833 ni
2590 780 2835 844 fecerint,
2869 782 3062 851 inquit,
3097 800 3200 836 nou
3226 785 3382 839 modo
3413 786 3556 839 circa

1991 871 2162 924 solum
2234 871 2657 940 patrimonimn,
2723 888 2903 926 verum
2933 874 3096 928 etiam
3129 875 3272 930 circa
3329 879 3558 930 salutem

1997 962 2168 1032 ipsam
2202 963 2502 1032 periculum
2535 965 2833 1018 incurrent.
3121 971 3124 974 ’

2062 1055 2180 1109 Lib.
2215 1071 2253 1119 ι,
2296 1055 2378 1109 tit.
2413 1056 2448 1111 5
2472 1098 2486 1121 ,
2516 1056 2730 1111 constit.
2763 1057 2798 1109 ‘2
2822 1097 2837 1122 ,
2870 1058 3022 1124 cujus
3054 1057 3264 1112 initium
3287 1099 3302 1126 ,
3349 1058 3561 1115 Omnes.

1993 1145 2381 1201 [hereticorum
2415 1147 2656 1218 episcopi
2688 1148 2888 1206 nullam
2926 1150 3106 1214 fidem,
3145 1165 3306 1219 quam
3335 1166 3439 1204 non
3468 1153 3565 1204 ba-

1994 1238 2146 1298 bent.
2179 1237 2435 1294 doceant.

2067 1328 2184 1384 Lib.
2212 1345 2250 1394 t,
2275 1330 2359 1384 tit.
2384 1331 2438 1396 5,
2460 1330 2679 1384 constit.
2704 1329 2760 1396 8,
2789 1331 2945 1396 cujus
2972 1331 3210 1395 initium,
3234 1332 3564 1403 Quicunque.

1996 1419 2268 1490 Episcopi,
2299 1422 2389 1492 qui
2447 1421 2707 1493 Eutycbis
2741 1431 2794 1477 et
2838 1422 3166 1492 Apollinaris
3199 1425 3446 1492 dogmata
3479 1439 3565 1476 se-

1996 1519 2234 1574 ctantur,
2256 1529 2428 1582 neque
2453 1515 2762 1580 diaconum,
2785 1530 2961 1587 neque
2979 1519 3372 1587 presbyterum,
3392 1533 3568 1586 neque

1998 1603 2342 1675 (simpliciter
2399 1605 2705 1678 loquendo)
2752 1607 2916 1663 ullam
2967 1606 3363 1662 ordinationem
3407 1607 3568 1662 insti-

1996 1706 2169 1751 tuant.

386 1791 506 1845 Βιϐ.
540 1796 609 1854 α’,
642 1788 748 1842 τίτ.
772 1794 834 1852 ε’,
867 1787 1006 1841 διάτ.
1039 1785 1126 1854 ιβ’,
1147 1779 1214 1858 ἦς
1239 1788 1272 1857 ἠ
1302 1786 1480 1857 -ἀρχὴ,
1531 1787 1677 1854 Τοὺς
1728 1790 1885 1856 alpe-

2059 1789 2178 1847 Lib.
2209 1807 2248 1857 l,
2279 1791 2359 1846 tit.
2410 1791 2462 1852 5.
2527 1792 2750 1848 constit.
2785 1791 2875 1857 i8,
2919 1792 3070 1861 cujus
3124 1791 3374 1856 initium,
3429 1787 3570 1851 Τοὺς

314 1888 548 1952 τικοῠς.
585 1883 774 1945 Ὅπως
799 1880 959 1934 ἂντὰ
999 1881 1139 1933 κατὰ
1184 1879 1294 1933 τῶν
1323 1881 1619 1951 αίρετικῶν
1659 1884 1888 1946 νομοοε-

319 1978 559 2047 τηθέντα
582 1973 906 2045 φυλαχθείη,
965 1972 1369 2041 προνοείτωσαν
1394 1975 1440 2025 οἱ
1469 1973 1779 2028 ἐπίσκοποι.

329 2133 332 2138 _
390 2066 512 2122 Βιϐ.
543 2065 614 2131 α’,
642 2065 747 2119 τίτ.
779 2063 856 2130 ς’,
888 2065 1030 2120 διάτ.
1058 2070 1130 2128 α’,
1168 2059 1234 2134 ἧς
1264 2066 1298 2134 ἠ
1343 2064 1507 2135 ἀρχὴ,
1565 2066 1886 2121 Antistitem.

332 2159 393 2212 '0
447 2151 746 2221 ἐπίσκοπος
796 2157 889 2209 τὸν
935 2157 1040 2224 ἤδη
1098 2155 1462 2222 βαπτισθέντα
1519 2157 1891 2211 ἀναϐαπτίσαι

326 2251 605 2318 τολμήσας
635 2243 1183 2317 ἀποχειροτονείσθω.
1226 2245 1396 2299 Τοῦτο
1449 2245 1559 2316 γὰρ
1607 2249 1719 2310 τοῖς
1762 2248 1897 2302 ἁπο-

328 2342 596 2403 στολικςῖς
627 2338 862 2411 μάχεται
907 2337 1394 2407 παραγγέλμασιν.

393 2434 513 2488 Βιϐ.
545 2438 618 2497 α’,
650 2431 756 2484 eis.
783 2428 849 2496 ζ’,
881 2430 1024 2482 stes.
1058 2429 1136 2495 ς’,
1167 2423 1235 2500 ἦς
1261 2431 1294 2498 ἡ
1325 2431 1490 2500 ἀρχὴ,
1524 2429 1628 2485 Eos
1673 2435 1779 2502 qui.
1831 2434 1894 2486 Οἱ

327 2527 427 2596 τῆς
455 2524 738 2595 ὀρθοδόξου
769 2513 1070 2593 θρησκείας
1109 2521 1360 2591 κληρικοὶ
1394 2521 1427 2592 ἢ
1492 2527 1739 2594 μοναχοὶ,
1799 2527 1895 2579 ἐὰν

328 2621 413 2682 είς
437 2619 498 2671 τὸ
531 2615 937 2686 ’Δπολλιναρίου
967 2615 998 2685 ἦ
1027 2615 1302 2684 Εὐτυχοῦς
1357 2616 1658 2686 μετέλθωσι
1691 2618 1892 2689 δόγμα,

327 2710 541 2782 πικρῶς
570 2707 964 2779 τιμωροῦνται,
995 2707 1092 2759 καὶ
1141 2707 1234 2760 τοῦ
1297 2707 1606 2777 Ῥωμαῖκοῦ
1663 2709 1896 2781 ἐδάφους

322 2801 682 2872 ἐξορίζονται.

411 2893 530 2946 Βιϐ.
557 2899 627 2959 α’,
651 2894 758 2948 τίτ.
792 2892 857 2956 θ’,
885 2894 1024 2948 δτάτ.
1052 2900 1141 2964 ιη’,
1176 2889 1242 2966 ἧς
1278 2897 1311 2964 ἠ
1342 2895 1508 2964 ἀρχὴ,
1530 2897 1646 2949 Hac
1666 2895 1892 2950 uictura.

334 2987 394 3037 '0
433 2986 535 3054 τῆς
579 2986 788 3049 πόλεως
811 2989 1112 3049 ἐπίσκοπος
1145 2989 1220 3056 μὴ
1250 2985 1567 3051 ἀπαξιούτω
1598 2985 1752 3057 παρὰ
1784 2988 1897 3049 τοῖς

326 3077 560 3137 ἐκδίκοις
594 3075 932 3139 δικάζεσθαι.
962 3079 1188 3146 Ἔχουσι
1232 3078 1342 3147 γὰρ
1381 3077 1596 3130 δίκαιον
1655 3077 1751 3130 τοῦ
1821 3078 1896 3130 δι-

325 3166 516 3230 κάζειν
573 3167 666 3220 καὶ
697 3171 806 3230 τοῖς
837 3171 1180 3233 ἐπισκόποις.
1227 3169 1544 3239 Σημείωσαι
1571 3167 1631 3234 ἐξ
1653 3171 1900 3224 ἀντιστο-

326 3275 447 3327 Αης.

401 3437 521 3492 Βιϐ.
545 3443 615 3504 α’,
642 3437 750 3490 τίτ.
793 3434 883 3503 ια’,
916 3417 1170 3502 έιάτ.’ῧ’,
1207 3433 1272 3508 ἧς
1312 3441 1344 3508 ἡ
1389 3439 1562 3511 ἀρχὴ,
1595 3442 1902 3510 Προστιίτ-

323 3546 530 3598 tatur.
559 3527 684 3605 Χρὴ
711 3527 810 3603 τὴν
877 3533 984 3584 τῶν
1047 3531 1312 3601 Ἑλλήνων
1370 3530 1543 3600 ἀσεϐῆ
1605 3532 1902 3604 (θρησκείαν

326 3623 660 3683 ἀνακόπτειν
688 3626 814 3688 τοὺς
852 3626 1201 3687 ἐπισκόπους,
1237 3623 1328 3676 καὶ
1371 3622 1597 3694 μηνύειν
1628 3624 1800 3677 ταῦτα
1825 3625 1904 3696 τῷ

325 3723 428 3792 τῆς
452 3720 716 3790 ἐπαρχίας
737 3705 982 3788 ἄρχοντι.

402 3813 518 3866 Βιϐ.
560 3809 631 3875 α’,
655 3811 762 3864 τίτ.
814 3807 903 3870 ιϐ’,
933 3809 1074 3862 διὰτ.
1107 3814 1176 3874 γ’,
1209 3804 1276 3878 ἧς
1337 3809 1370 3876 ἡ
1424 3807 1590 3878 ἁρχὴ,
1641 3807 1892 3861 Palermt.

341 3904 777 3973 Ἀνεῴχθεσαν.
801 3901 940 3962 Τοὺς
969 3899 1230 3963 ἐνόπλους
1259 3899 1581 3968 πρόσφυγας
1600 3900 1900 3952 ἀποθέσθαι

334 3997 408 4048 τὰ
441 3995 582 4048 ὅπλα
612 3993 687 4064 μὴ
723 3992 1067 4058 πεισθέντας,
1112 3994 1247 4061 μήτε
1281 3990 1531 4053 εἴξαντας
1582 3993 1647 4061 τῇ
1696 4008 1904 4059 παραι-

331 4088 486 4154 νέσει
511 4085 606 4138 τοῦ
656 4084 960 4137 ἐπισκόπου
1010 4084 1106 4136 καὶ
1161 4083 1268 4134 τῶν
1326 4083 1624 4152 κληρικῶν,
1684 4081 1782 4134 καὶ
1834 4083 1902 4152 τῇ

331 4175 740 4249 ἐπαγγελθείσῃ
765 4175 1054 4244 ἀσφαλείᾳ,
1090 4173 1208 4244 μεθ’
1263 4162 1426 4244 ὅρκου
1491 4173 1722 4237 δόσεως’
1785 4171 1904 4224 οὐδὲ

330 4271 505 4334 οὕτως
535 4269 662 4324 ἄνευ
694 4267 788 4320 τοῦ
822 4267 1129 4320 ἐπισκόπου
1157 4264 1383 4336 γνώμης
1407 4265 1615 4330 ἔξεστιν
1650 4267 1902 4319 ἀποσπᾶ-

333 4382 449 4417 σαι.

406 4457 616 4510 Βιϐλίον
649 4452 719 4518 α’,
753 4451 928 4514 τίτλος
985 4449 1073 4514 ιδ’,
1107 4447 1350 4513 διάταξις
1400 4445 1475 4512 ς’.
1532 4442 1596 4520 ἦς
1642 4450 1676 4516 ἢ
1735 4449 1904 4518 ἀρχὴν

344 4550 626 4608 Praesenti.
695 4546 756 4601 Ὁ
785 4545 1178 4614 ὑπονοούμενος
1227 4542 1486 4610 κληρικὸς
1543 4544 1687 4612 ἔχειν
1731 4543 1909 4612 πράγῆ

337 4661 484 4715 ματα
510 4641 606 4694 τοῦ
639 4636 1082 4709 προσφεύγοντος
1132 4634 1290 4703 λόγον
1319 4635 1508 4688 διδότω
1549 4635 1648 4702 τῆς
1703 4635 1907 4696 οἰκείας

335 4735 703 4806 συνειδήσεως
739 4731 818 4800 τῷ
840 4729 1146 4798 ἐπισκόπῳ.

409 4826 528 4880 Βιϐ.
564 4826 636 4889 α’,
665 4825 769 4877 τίτ.
807 4820 899 4890 ιγ’,
921 4821 1063 4874 διάτ.
1087 4816 1158 4882 α’,
1179 4813 1245 4890 ἧς
1274 4820 1305 4888 ἡ
1353 4816 1520 4887 ἀρχὴ,
1556 4816 1907 4870 Iamdudum.

333 4921 400 4974 οι
438 4918 729 4972 ἐπίσκοποι
753 4915 811 4965 ἐν
841 4911 995 4977 τάξει
1029 4911 1324 4981 μαρτύρων
1346 4908 1817 4977 ὑπογραφέτωσαν
1853 4911 1910 4958 ὲν

337 5016 455 5076 τοῖς
513 5007 865 5080 συμϐολαίοις
900 5006 1010 5058 τῶν
1070 5005 1128 5056 ἐν
1167 5001 1487 5070 ἐκκλησίαις
1519 5002 1914 5073 ἐλευθερουμέ-

418 5124 446 5156 ν
453 5144 468 5158 ο

368 5123 468 5158 ων.

339 5125 366 5159 ν
412 5195 530 5248 Βιϐ.
550 5199 621 5270 α’,
655 5193 757 5246 τίτ.
794 5189 1044 5258 ιγ’,διάτ.
1074 5189 1140 5258 β’,
1170 5181 1289 5257 ἦςὴ
1320 5186 1484 5258 ἁρχὴ,
1504 5186 1606 5251 Qui
1640 5184 1906 5254 religiosa.

347 5289 414 5344 '0
451 5287 737 5358 κληρικὸς,
773 5285 878 5337 κᾶν
919 5285 975 5335 ἐν
1004 5281 1294 5349 ἐκκλησίᾳ,
1336 5279 1438 5332 κᾶν
1471 5283 1526 5332 ἐν
1571 5279 1806 5349 διαθήκῃ
1843 5277 1909 5332 δι’

341 5382 664 5452 οίωνδήποτε
696 5377 954 5449 ῥημάτιον
994 5373 1334 5443 ἐλευθερώσῃ
1378 5373 1468 5423 τὸν
1514 5372 1752 5440 οἰκέτην,
1809 5389 1909 5422 πο-

1933 4347 1980 4402 1)

1993 1884 2328 1954 αἱρετικούς.
2357 1883 2428 1939 Ut
2460 1885 2721 1940 adversus
2766 1885 3049 1941 haereticos
3077 1885 3410 1956 promulgata
3452 1898 3571 1939 ser-

1991 1985 2206 2038 ventur,
2241 1973 2514 2044 episcopis
2549 1989 2692 2030 ουτω
2727 1985 2868 2030 esto.

2064 2063 2180 2118 Lib.
2202 2080 2237 2117 I.
2266 2065 2352 2126 tit,
2377 2065 2430 2127 6,
2456 2070 2677 2120 constit.
2708 2065 2759 2133 1,
2787 2065 2942 2136 cujus
2973 2065 3205 2129 initium,
3232 2065 3563 2120 Autistitem.

1994 2157 2314 2226 Episcopus,
2349 2157 2438 2226 qui
2469 2157 2578 2226 jam
2627 2158 2963 2228 baptizatum
3015 2159 3358 2227 rebaptizare
3407 2157 3572 2213 fuerit

1992 2263 2176 2312 ausus,
2203 2248 2545 2303 ordinatione
2576 2265 2670 2304 sua
2704 2251 2943 2306 excidat.
2977 2251 3089 2305 Hoc
3116 2249 3259 2305 enim
3284 2265 3404 2304 cum
3430 2265 3572 2319 prae-

1993 2343 2166 2410 ceptis
2197 2341 2515 2410 apostolicis
2550 2349 2769 2412 pugnat.

2079 2433 2197 2486 |.ib.
2229 2450 2269 2500 ι,
2301 2435 2384 2489 tit.
2417 2434 2472 2500 7,
2505 2437 2726 2489 constit.
2755 2435 2810 2498 6,
2851 2433 3006 2503 cujus
3041 2435 3274 2498 initium,
3309 2431 3415 2488 Eos
3449 2435 3562 2505 qui.

1995 2527 2193 2582 Clerici
2246 2527 2327 2582 vel
2375 2528 2628 2582 monachi
2680 2527 2996 2583 orthodoxae
3052 2527 3349 2596 religionis,
3405 2528 3450 2582 si
3503 2529 3578 2581 ad

1996 2619 2318 2687 Apollinaris
2343 2619 2424 2673 vel
2449 2617 2704 2688 Eutychis
2727 2618 2977 2688 dogmata
3013 2618 3352 2682 transierint,
3375 2619 3571 2671 acerbe

1998 2712 2313 2780 puniuntur,
2346 2720 2399 2767 et
2452 2711 2506 2764 in
2557 2709 2805 2764 exsilium
2853 2719 3008 2766 extra
3059 2711 3234 2764 solum
3269 2708 3572 2765 Romanum

1997 2802 2295 2872 pelluntur.

2069 2895 2186 2948 Lib.
2218 2912 2273 2961 ι,
2312 2894 2394 2949 tit.
2433 2895 2467 2950 9
2491 2935 2507 2961 ,
2541 2894 2760 2950 constit.
2805 2893 2871 2946 18
2894 2933 2910 2957 ,
2941 2893 3094 2962 cujus
3123 2892 3332 2945 initium
3363 2930 3380 2956 ,
3437 2890 3554 2945 "ac

1999 2991 2224 3044 uictura.
2273 2988 2574 3056 Episcopus
2626 2986 2863 3041 civitatis
2904 3000 3011 3039 non
3061 2985 3380 3054 dedignetur
3432 2981 3575 3051 apud

2005 3083 2316 3137 defensores
2345 3081 2622 3136 civitatum
2654 3079 2891 3150 litigare.
2925 3076 3056 3130 Nam
3100 3079 3203 3130 hoc
3238 3075 3312 3129 illi
3353 3075 3442 3144 jus
3474 3075 3574 3127 ha-

2009 3180 2155 3242 bent,
2192 3187 2249 3228 ut
2294 3175 2359 3230 de
2395 3172 2778 3228 controversiis
2817 3173 3195 3242 episcoporum
3245 3180 3578 3237 cognosrere

2003 3271 2235 3338 possint.
2269 3264 2447 3332 Nota,
2490 3265 2592 3320 hoc
2623 3263 2801 3335 colligi
2849 3279 2917 3318 ex
2958 3261 3307 3317 distinctione
3351 3269 3574 3312 contra-

2006 3363 2083 3416 ria
2123 3362 2282 3431 (εῖν).

2075 3453 2194 3508 Lib.
2223 3471 2262 3515 ι.
2298 3453 2382 3508 ιῑι.
2410 3454 2497 3516 ll,
2525 3451 2746 3507 constit.
2777 3449 2832 3514 5,
2853 3449 3008 3519 cujus
3035 3448 3269 3510 initium,
3299 3445 3576 3514 Προστάτο

2002 3562 2189 3614 τομεν.
2225 3546 2242 3565 ‘
2275 3543 2527 3612 Episcopi
2589 3555 2922 3610 paganorum
2953 3541 3301 3608 impietatem
3333 3548 3580 3589 resecare

2005 3642 2221 3703 debent,
2251 3647 2305 3692 et
2329 3639 2395 3693 de
2423 3638 2504 3692 his
2533 3637 2747 3706 praesidi
2781 3635 3076 3706 provincia:
3114 3633 3370 3687 indicare.

2076 3819 2192 3873 Lib.
2229 3833 2266 3879 t,
2309 3818 2391 3872 til.
2421 3816 2504 3879 12,
2533 3815 2754 3871 constit.
2788 3817 2842 3880 5,
2866 3815 3020 3883 cujus
3060 3813 3296 3876 initium,
3328 3809 3579 3863 Pateanl.

2006 3911 2262 3966 Arm’atus
2314 3907 2575 3976 confngas
2617 3919 2838 3960 necesse
2879 3915 2961 3958 est
3003 3919 3155 3957 arma
3207 3903 3492 3968 deponere.
3531 3898 3576 3950 ri

2007 4015 2111 4054 non
2140 3998 2658 4066 obtemperaveriut,
2693 4011 2870 4064 neque
2907 3995 3172 4049 cesserint
3205 3993 3583 4046 exhortatione

2005 4085 2266 4154 episcopi,
2289 4095 2340 4138 et
2368 4085 2712 4144 clericorum,
2739 4093 2792 4137 et
2821 4085 3100 4153 promissae
3128 4083 3428 4146 securitati,
3451 4095 3576 4132 cuin

2008 4175 2356 4244 prtestatioue
2380 4173 2762 4244 jurisjurandi,
2805 4189 2871 4228 ne
2902 4175 2981 4228 sic
3009 4175 3224 4243 quidem
3257 4187 3350 4226 eos
3383 4173 3575 4224 incon-

2013 4269 2166 4322 sulto
2197 4270 2449 4337 tpiscopo
2489 4267 2617 4322 licet
2647 4267 2980 4321 abstrahere.

2077 4447 2196 4501 Lib.
2227 4465 2267 4510 ι,
2291 4449 2374 4502 tit.
2400 4446 2488 4509 15,
2515 4447 2736 4500 constit.
2767 4443 2822 4508 ϐ,
2847 4443 3004 4513 cujus
3037 4441 3277 4502 initium,
3305 4438 3580 4494 Prwsenti.

2008 4539 2269 4601 Clericus,
2301 4554 2460 4608 quem
2492 4537 2728 4607 suspicio
2758 4547 2842 4589 est
2872 4537 3072 4599 habere
3105 4549 3189 4586 res
3220 4531 3360 4600 ejus,
3399 4532 3490 4600 qui
3513 4531 3583 4586 ad

2007 4630 2292 4684 ecclesiam
2327 4630 2588 4698 confugit,
2634 4629 2884 4697 episcopo
2923 4627 3188 4679 rationem
3239 4625 3584 4679 conscientiae

2011 4736 2122 4774 Sua:
2161 4723 2372 4775 reddat.

2079 4810 2198 4865 Lib.
2221 4812 2358 4878 1.ξιί1.
2382 4812 2468 4875 15,
2483 4814 2700 4868 consul.
2721 4813 2774 4875 1,
2791 4813 2945 4881 cuius
2971 4811 3206 4874 initium,
3224 4807 3580 4863 Jamdudum.

2009 4897 2261 4966 Epierpi
2307 4899 2422 4952 vice
2453 4903 2668 4954 testium
2703 4901 3050 4956 subscribant
3079 4899 3454 4954 instrmnentis
3487 4913 3580 4950 eo-

2013 5007 2128 5043 rum
2163 5030 2178 5054 ,
2217 4992 2306 5060 qui
2349 4992 2399 5045 in
2429 4993 2678 5047 ccclesiis
2709 4994 3182 5047 manumittuntnr.

2088 5188 2206 5241 Lib.
2245 5205 2282 5252 ι,
2321 5188 2404 5244 tit.
2442 5191 2529 5253 15,
2564 5191 2780 5243 constit.
2806 5191 2862 5252 2,
2895 5193 3050 5260 cujus
3083 5192 3318 5256 initium,
3363 5193 3467 5258 Qui
3509 5209 3586 5245 re—

2019 5281 2225 5348 ligiosa.
2251 5282 2492 5334 Clericus
2512 5282 2625 5334 sive
2657 5283 2705 5334 in
2729 5285 2979 5348 ecclesia,
3009 5287 3123 5337 sive
3155 5289 3206 5339 in
3241 5295 3588 5350 testamento,

2018 5373 2431 5441 qnimtsrunque
2464 5375 2640 5426 verbis
2674 5391 2886 5428 serv.nu
2938 5380 3311 5432 malmmiserit
3339 5420 3352 5442 ,
3417 5381 3588 5432 cirum

1536 5495 1870 5576 Annibalis
1908 5516 2165 5579 Fabroli
2207 5525 2389 5579 noue.

414 5671 547 5740 (95')
579 5669 842 5746 Nimirum
888 5669 985 5722 hoc
1025 5671 1216 5746 modo:
1264 5670 1488 5728 .ludmus
1523 5691 1628 5727 non
1684 5684 1858 5743 potest
1903 5676 2013 5729 li-ri
2058 5676 2334 5740 dfensor,
2381 5691 2447 5729 ne
2475 5675 2640 5744 judes
2683 5677 2752 5730 sit
2794 5677 3214 5746 episcoporum;
3267 5691 3398 5743 ergo
3451 5676 3589 5730 alius

345 5744 602 5798 detensor
628 5741 871 5810 judicare
906 5752 1080 5810 potest
1125 5745 1434 5812 episcopos.
