4016 6400
324 314 458 385 tam

778 434 885 489 Kal
932 436 1048 488 ὅσα
1080 436 1436 503 πιτιριίτιτιῑα.

394 532 508 584 8:6.
548 528 615 592 α’,
645 531 749 584 τίτ.
786 536 853 594 α’,
890 529 1134 592 διάταξις
1166 528 1234 592 α’,
1261 524 1327 598 ἧς
1364 531 1392 599 ἡ
1426 530 1594 603 ἀρχὴ,
1640 531 1889 587 Cunctos.

318 625 381 676 0!
415 624 682 691 αἰρετικοὶ
712 624 913 685 πάντες
950 624 1134 693 ἄτιμοί
1167 624 1325 677 εἰσιν.

390 716 511 770 Βι6.
543 714 610 781 α’,
638 716 741 769 τίτ.
780 722 849 782 α’,
882 719 1017 769 διάτ.
1054 715 1120 781 β’,
1153 714 1221 789 ἧς
1260 716 1292 789 ἡ
1324 717 1491 788 ἀρχὴ,
1532 716 1750 789 Nullus.
1797 719 1896 771 Οὑ-

318 810 432 873 δεὶς
479 810 788 878 ἁψώρισται
832 813 996 873 τόπος
1046 812 1184 881 πρὸς
1235 812 1294 865 τὸ
1345 814 1670 880 συναγωγὰς
1717 814 1896 865 ἐκεῖσε

321 908 517 959 ποιεῖν.
544 906 653 958 Καί
682 923 846 975 φησιν
877 907 910 975 ή
941 905 1186 969 διάταξις
1212 906 1292 958 ὅτι
1324 906 1370 958 οἱ
1403 903 1675 976 αἱρετικοὶ
1707 901 1896 972 ἄτιμοί

319 1000 478 1054 εἰσιν.
520 1000 632 1060 Πᾶς
671 998 727 1052 δὲ
776 999 805 1051 ὁ
843 997 917 1067 μὴ
961 1001 1025 1067 τῇ
1051 992 1319 1067 ὀρθοδὸξῳ
1350 998 1529 1052 πίστει
1559 997 1669 1050 τῶν
1695 997 1755 1049 ὲν
1796 994 1896 1048 Νι-

325 1091 459 1162 καία
490 1090 804 1143 ἀκολουθῶν
836 1091 1112 1159 αἰρετικός
1141 1092 1311 1143 ἐστιν.
1778 1091 1784 1096 ’

409 1184 530 1238 Βιὸ.
563 1193 632 1247 α’,
663 1184 769 1238 τίτ.
806 1183 873 1251 α’,
907 1184 1046 1238 διάτ.
1088 1185 1151 1249 ε’,
1187 1180 1255 1258 ἦς
1284 1187 1317 1256 ἡ
1345 1186 1511 1255 ἁρχὴ,
1544 1185 1666 1255 Τῆς
1692 1182 1897 1253 ὀρθῆς.

334 1276 401 1329 'll
437 1276 682 1342 διάταξις
713 1277 838 1345 ὅρον
866 1276 1145 1330 ἐκτίθεται
1185 1279 1283 1349 τῆς
1310 1277 1593 1347 ὁρθοδόξου
1629 1278 1897 1342 πίστεως·

322 1369 382 1423 ὃν
414 1370 463 1422 oi
509 1362 961 1438 παραϐαίνοντες,
1015 1370 1091 1433 ὡς
1136 1371 1402 1440 αἱρετικοὶ
1451 1372 1902 1442 ὁμολογούμενα,

324 1464 395 1516 τὰ
420 1462 627 1516 τούτων
671 1464 922 1533 ἐπιτίμια
956 1463 1310 1533 ὑπομένουσι.
1346 1459 1427 1518 Τὰ
1472 1465 1611 1517 αὑτά
1644 1481 1778 1533 φησι
1809 1465 1904 1517 καὶ

323 1558 356 1622 ἡ
415 1554 619 1625 ὲὸδὸμη
674 1556 918 1622 διάταξις
972 1554 1063 1610 τοῦ
1126 1556 1292 1610 αὑτοῦ
1349 1554 1903 1631 τίτλου,ἧςὴάρχὴ,

327 1650 686 1704 Fin-Bauer.

398 1738 520 1797 Βιό.
554 1741 625 1805 α’,
655 1738 761 1797 τίτ.
794 1740 866 1811 γ’,
901 1740 1042 1799 διὰτ.
1070 1743 1172 1814 λβ’,
1205 1740 1275 1817 ἦς
1317 1747 1349 1814 ἡ
1399 1743 1563 1814 ἀρχὴ,
1594 1745 1809 1800 Omnes.
1841 1744 1901 1798 Ὃ

1343 317 1690 395 CONSTIT.
1720 320 2025 384 ECCLES.
2066 322 2499 389 COLLECTlO.

1926 444 1974 493 Α

3439 326 3591 391 ιιιυεν

2514 436 2676 493 Tituli
2716 438 2757 491 V
2799 439 3087 493 Paralitla.

2070 531 2217 587 Libri
2251 547 2289 599 ι,
2326 533 2409 586 tit.
2445 532 2498 595 l,
2525 531 2744 587 constit.
2778 533 2829 597 l,
2860 531 3016 599 cujus
3051 532 3283 598 initium,
3317 531 3567 587 Cancros.

2000 625 2251 681 llaeretici
2278 641 2468 680 omnes
2496 622 2725 680 infames
2754 635 2898 679 sunt.

2074 717 2191 775 Lib.
2231 735 2269 783 t,
2305 718 2389 772 tit.
2441 720 2494 782 1,
2538 719 2758 775 constit.
2789 719 2846 787 2,
2883 718 3039 784 Cujus
3088 720 3323 777 initium.
3363 719 3578 773 Nullus.

1999 810 2188 865 Nullus
2209 811 2499 880 deputatus
2526 821 2608 866 est
2637 812 2784 867 locus
2807 812 3098 877 luereticis,
3123 814 3186 865 ad
3215 812 3490 866 laciundas
3528 814 3579 864 in

1998 917 2064 956 eo
2082 899 2545 975 congregationes.
2568 905 2705 960 Dicit
2719 906 2881 961 etiam
2906 907 3019 961 hzec
3036 894 3348 960 constitutio
3375 905 3587 959 lucreti-

1999 1010 2093 1050 cos
2124 1011 2244 1051 esse
2272 996 2524 1063 infames,
2558 1006 2615 1052 et
2643 999 2950 1068 quicunque
2981 1013 3086 1052 non
3119 1006 3380 1066 sequatur
3400 996 3590 1049 orthm

2001 1090 2196 1143 doxam
2242 1088 2583 1145 Niczenorum
2617 1087 2838 1144 Patrum
2871 1089 3055 1155 iidem,
3091 1090 3406 1144 hznreticum
3439 1103 3607 1144 csso-

2075 1183 2190 1237 Lib.
2216 1199 2253 1246 t,
2292 1185 2373 1237 tit.
2403 1185 2671 1249 l,constit
2697 1182 2751 1248 5,
2781 1182 2932 1249 Cujus
2955 1184 3192 1245 initium,
3225 1181 3339 1251 Τῆς
3367 1178 3574 1249 ὀρθῆς.

2004 1274 2130 1331 llaec
2157 1275 2472 1330 constitutio
2503 1275 2671 1329 tradit
2695 1277 3009 1329 orthodoxa:
3037 1274 3158 1327 ﬁdei
3187 1274 3582 1332 deﬁnitionem.

2005 1384 2164 1438 quam
2206 1370 2295 1438 qui
2332 1369 2822 1437 transgrediuntur,
2861 1378 3122 1437 tanquam
3171 1367 3405 1421 hrerctici
3448 1382 3581 1421 con-

2007 1463 2133 1519 fessi
2185 1463 2361 1531 legum
2399 1462 2660 1531 supplicia
2714 1461 3105 1530 perpetiuntur.
3160 1459 3362 1514 Eadem
3397 1459 3583 1512 statuit

2005 1558 2242 1623 ejusdem
2300 1555 2441 1610 tituli
2488 1550 2718 1623 septima
2771 1569 2986 1624 quoque
3035 1552 3378 1614 constitutio,
3432 1550 3585 1619 cujus

2009 1646 2245 1710 initium,
2279 1627 2655 1699 Γινώσκεινῖ

2082 1737 2201 1792 Lib.
2242 1752 2281 1802 t,
2318 1739 2400 1791 tit.
2458 1740 2513 1803 5,
2562 1736 2783 1790 constit.
2830 1735 2901 1789 59.
2953 1733 3089 1807 (50),
3143 1734 3295 1804 cujus
3351 1734 3585 1796 initium,

329 1798 660 1904 ueremni;
700 1798 976 1906 ὀρθδδοξος
1014 1798 1174 1890 gelo:
1213 1798 1459 1890 eaeis...)
1476 1798 1906 1908 ξέῥαιρετικδν

2031 1832 2226 1889 )mues.
2271 1831 2571 1886 Exsecutor
2621 1827 2956 1881 orthodoxus
3004 1828 3124 1881 erit.
3183 1826 3238 1880 lu
3277 1828 3586 1881 universum

328 1931 391 1982 οὐ
419 1928 577 1998 Θέμις
617 1929 1038 1998 στρατεύεσθαι.

404 2019 522 2075 Βι6.
550 2020 621 2084 α’,
652 2022 757 2078 τίτ.
786 2022 857 2090 γ’,
893 2022 1037 2078 διὰτ.
1076 2022 1171 2089 νδ’,
1205 2016 1273 2093 ἧς
1314 2023 1348 2094 ἡ
1381 2024 1547 2093 ἀρχὴ,
1578 2021 1685 2076 Deo
1727 2021 1898 2077 nobis.

344 2110 433 2165 Ἐν
463 2114 540 2183 τῷ
571 2113 618 2181 γ’
659 2115 941 2183 κεφαλαίῳ
992 2118 1156 2183 φησὶν
1215 2117 1247 2186 ἡ
1310 2115 1554 2178 διάταξις
1598 2115 1680 2167 ὅτι
1734 2114 1910 2177 οὐδεὶς

334 2206 610 2276 αἱρετικδς
641 2207 1209 2278 δύναταιΧριστιανὸν
1236 2206 1566 2280 ἀνδράποδον
1601 2209 1767 2276 ἔχειν.

414 2299 534 2352 Βιό.
564 2296 632 2364 α’,
665 2300 773 2355 τίτ.
802 2307 872 2364 α’,
902 2300 1043 2354 διάτ.
1073 2297 1139 2366 γ’.
1161 2295 1229 2371 ἧς
1256 2303 1288 2370 ἡ
1328 2300 1491 2372 ἁρχὴ,
1518 2300 1907 2369 Θεσπίζομεν.

336 2392 401 2444 Oi
455 2393 750 2447 ἐπίσκοποι
796 2394 889 2446 καὶ
938 2396 986 2447 οἱ
1042 2392 1319 2465 κληρικοὶ,
1349 2393 1703 2464 Νεστοριανοὶ
1736 2392 1911 2459 ὄντες,

334 2487 442 2539 τῶν
472 2487 779 2558 ἐκκλησιῶν
802 2487 1180 2542 ἐκϐάλλον-σαι.
1267 2528 1277 2537 .

401 2579 521 2633 Βι6.
564 2577 632 2646 α’,
669 2580 774 2635 τίτ.
802 2578 864 2643 δ’,
895 2581 1040 2634 διάτ.
1080 2589 1143 2642 ε’,
1173 2575 1241 2652 ἧς
1269 2584 1301 2653 ἡ
1334 2580 1496 2653 ἁρχὴ,
1544 2582 1912 2650 Ἀρχιγέρον-

334 2686 457 2734 τες.
494 2670 703 2739 Μηδεὶς
753 2672 1029 2740 αίρετικὸς
1078 2673 1449 2743 ἀρχιγέρωνῆ
1488 2672 1770 2744 διοικητὴς
1806 2691 1914 2726 σω-

341 2765 587 2831 ματείου,
634 2764 664 2832 ἢ
714 2764 825 2816 τῶν
858 2767 1240 2832 ὲργασιωτῶν,
1296 2767 1353 2817 ὲν
1401 2766 1788 2839 Ἀλεξανδρείᾳ
1830 2785 1917 2835 γι-

335 2856 549 2923 νέσθω,
608 2856 743 2910 ἀλλὰ
830 2860 1051 2921 πάντως
1129 2860 1459 2927 Χριστιανὸς
1534 2860 1765 2930 προνοίᾳ
1821 2860 1916 2916 τοῦ

337 2949 763 3017 Αὐγουστειλίου,
797 2950 1011 3019 καὶτῆς
1052 2952 1384 3021 πειΟομένης
1417 2951 1566 3021 αὐτῷ
1600 2950 1836 3017 τάξεως.

2014 1941 2120 1980 non
2158 1925 2238 1980 fas
2271 1934 2372 1988 est,
2400 1934 2458 1977 ut
2487 1923 2775 1978 haereticus
2805 1922 3021 1976 militet.

2084 2017 2206 2074 Lib.
2238 2034 2277 2083 ι,
2299 2019 2382 2072 tit.
2406 2017 2460 2080 5,
2483 2017 2701 2073 constit.
2728 2017 2818 2079 54,
2838 2015 2993 2086 cujus
3016 2015 3252 2080 initium,
3280 2014 3384 2069 Deo
3415 2015 3589 2069 uob.s.

2014 2106 2072 2161 ln
2102 2108 2258 2162 tertio
2286 2107 2462 2175 capite
2500 2107 2634 2160 dicit
2676 2106 3013 2170 constitutio,
3055 2108 3323 2162 neminem
3376 2108 3594 2162 haereti-

2016 2217 2137 2255 cum
2171 2216 2328 2269 posse
2355 2199 2722 2255 Christianum
2761 2200 3090 2269 mancipium
3131 2201 3349 2255 habere.

2086 2290 2206 2348 Lib.
2239 2307 2276 2354 ι,
2327 2291 2411 2345 ιὶι.
2456 2291 2507 2356 ‘l,
2534 2292 2751 2346 constit.
2794 2292 2850 2358 5,
2902 2289 3056 2359 cujus
3105 2292 3342 2357 initium,
3374 2293 3592 2346 Θεσπί-

2018 2381 2211 2455 (oper.
2246 2383 2496 2453 Episcopi
2538 2392 2591 2438 et
2633 2385 2839 2450 clerici,
2874 2385 2964 2452 qui
2991 2383 3302 2439 Nestoriaui
3333 2395 3482 2448 sunt,
3526 2387 3594 2436 ah

2017 2477 2271 2534 ecclesiis
2301 2477 2620 2548 ejiciuntur.

2092 2569 2213 2625 Lib.
2266 2580 2314 2634 t,
2354 2570 2441 2625 tit.
2488 2570 2558 2633 4,
2611 2570 2835 2625 constit.
2882 2570 2916 2624 5
2968 2569 3102 2641 (5i),
3152 2570 3310 2639 cujus
3359 2570 3594 2630 initium.

1987 2652 2452 2735 .Archigerontes.
2519 2662 2709 2719 Nullus
2773 2665 3056 2719 harrelicus
3110 2664 3452 2718 Alexandria:
3505 2665 3596 2718 ﬁat

2021 2759 2374 2826 archigeron,
2439 2755 2520 2810 vel
2586 2755 2842 2824 collegii,
2892 2757 2976 2809 vel
3026 2758 3418 2827 ergasiotarum
3485 2756 3599 2823 (52)

2022 2850 2469 2911 administrator;
2501 2850 2592 2903 sed
2617 2849 2836 2903 omnino
2866 2850 2936 2903 sit
2971 2850 3335 2916 Christianus,
3369 2851 3596 2902 interve-

2024 2946 2206 2999 niente
2258 2958 2386 2997 cura
2434 2940 2675 3013 praefecti
2727 2943 2837 3013 (55)
2874 2943 3208 3022 Augustalis,
3257 2951 3311 2997 et
3356 2942 3601 3013 parentis

2026 3036 2170 3094 illius
2200 3037 2381 3093 olIicii.

414 3124 534 3180 Bt6.
558 3123 626 3191 α’,
661 3126 764 3179 τίτ.
795 3125 857 3191 δ’,
893 3124 1033 3182 διάτ.
1073 3132 1155 3186 ιε’,
1185 3119 1304 3198 ἦςὴ
1341 3125 1502 3197 ἀρχὴ,
1538 3125 1728 3182 Nemo.
1766 3126 1916 3195 Μηδὲ

2096 3129 2213 3183 Lib.
2257 3144 2295 3193 l,
2339 3129 2422 3182 ιῑι.
2461 3126 2518 3193 4,
2551 3127 2773 3183 constit.
2822 3130 2909 3194 15,
2939 3125 3095 3196 cujus
3137 3124 3370 3193 initium,
3407 3126 3595 3181 Nemo.

340 3218 494 3286 παρὰ
551 3219 630 3286 τῷ
678 3219 904 3289 ἐπάρχῳ
957 3219 1065 3270 τῶν
1132 3220 1513 3290 πραιτωρίων,
1570 3221 1703 3292 μηδὲ
1781 3221 1914 3293 παρ’

343 3310 488 3381 ἄλλῳ
510 3300 816 3382 οίῳδήποτε
857 3312 1080 3383 ἄρχοντι
1125 3313 1646 3381 δικαιολογείτωσαν
1676 3315 1735 3376 ⁴οί
1766 3315 1921 3384 αἱρε-

341 3405 504 3459 τικοί.

416 3499 537 3553 Βιϐ.
578 3505 648 3557 α’.
680 3498 786 3555 τίτ.
822 3500 884 3563 δ’,
928 3499 1072 3555 διάτ.
1105 3509 1201 3567 ις’,
1234 3496 1300 3576 ἧς
1333 3504 1363 3573 ή
1396 3505 1560 3575 ἀρχὴ,
1592 3502 1651 3560 Si
1697 3504 1920 3573 legibus.

357 3593 415 3644 ’0
445 3588 726 3661 ὲνεξδήτει
769 3592 1034 3664 αἱρετικῴ
1079 3593 1357 3665 προσὼπιε)
1411 3596 1790 3665 μνηστευθεὶς,
1827 3597 1923 3649 ἐὰν

343 3681 607 3751 βούληται
642 3682 806 3734 λῦσαι
849 3682 947 3752 τὴν
998 3685 1319 3750 μνηστείαν,
1353 3684 1576 3749 διπλοῦς
1622 3684 1920 3739 ἀναδίδωσι

341 3774 469 3833 τοὺς
500 3774 850 3846 ἀρραϐῶνας.
887 3775 944 3827 Ei
976 3775 1031 3827 δὲ
1061 3776 1267 3845 ἠγνόει,
1295 3777 1761 3845 συγγινώσκεται.

432 3868 550 3920 Βιϐ.
582 3866 653 3933 α’,
696 3867 800 3921 τίτ.
843 3866 917 3934 ς’,
958 3870 1096 3922 διάτ.
1139 3869 1214 3937 γ’,
1246 3864 1314 3941 ἧς
1349 3871 1381 3939 ἡ
1427 3871 1595 3940 ἀρχὴ,
1644 3869 1817 3923 Nulli.
1862 3870 1924 3923 Ὀ

343 3963 638 4032 αἰρετικδς,
710 3962 1082 4015 ἀναϐαπτίσαι
1163 3963 1284 4015 ’τινὰ
1356 3962 1675 4032 πειραθεὶς,
1735 3961 1924 4030 ἐξορίᾳ

343 4056 582 4123 διηνεκεῖ
625 4054 1014 4117 ὑποϐάλλεται,
1046 4054 1140 4109 καὶ
1180 4056 1240 4107 οὐ
1271 4054 1498 4108 δύναται
1533 4056 1561 4106 ὁ
1602 4054 1786 4124 ἄρχων
1823 4053 1923 4121 τὴν

345 4146 467 4200 κατ’
498 4146 664 4200 αὐτοῦ
698 4147 1011 4216 ὡρισμένην
1040 4146 1311 4215 τιμωρίαν
1342 4144 1681 4215 σμικρύνειν.

420 4241 540 4293 Βιὸ.
570 4239 641 4303 α’,
670 4240 775 4294 τίτ.
806 4236 870 4304 ζ’,
898 4240 1039 4294 διάτ.
1080 4236 1155 4302 ς’,
1183 4232 1250 4309 ἧς
1281 4241 1312 4308 ἡ
1345 4237 1510 4307 ἀρχὴ,
1542 4236 1670 4290 Eos.
1711 4236 1924 4307 Κληρι-

346 4334 434 4385 κοὶ
466 4333 559 4384 καὶ
605 4331 832 4400 μοναχοὶ
881 4331 989 4388 ἀπὸ
1040 4329 1362 4399 ὀρῦοδὸξων,
1417 4330 1842 4398 Εὑτυχιανισταὶ
1884 4329 1917 4399 ἢ

360 4423 833 4493 Ἀπολλιναρισταὶ
889 4423 1208 4492 γενόμενοι,
1269 4422 1374 4488 ἔξω
1427 4425 1527 4492 τῆς
1605 4425 1929 4490 Ῥωμαϊκῆς

345 4516 759 4568 ὲλαυνέσϐωσαν
788 4514 1085 4582 πολιτείας,
1107 4519 1201 4569 καὶ
1236 4516 1312 4578 ὡς
1344 4516 1640 4587 αἱρετικοὶ,
1663 4517 1782 4579 ταῖς
1812 4514 1924 4567 τῶν

345 4610 467 4673 αἶρε
479 4608 643 4678 τικῶν
673 4608 1089 4661 ὑποκείσθωσαν
1116 4611 1438 4676 τιμωρίαις.

428 4700 547 4754 Βιΰ.
587 4708 654 4765 α’,
693 4703 795 4755 τίτ.
837 4702 904 4764 θ’,
949 4701 1089 4754 διάτ.
1141 4699 1227 4768 ιβ’,
1260 4694 1388 4772 ἧςὴ
1430 4703 1595 4772 ἀρχὴ,
1627 4701 1917 4758 Cwllcola-

348 4809 486 4846 rum.
524 4794 585 4846 Οἱ
633 4793 929 4857 κελικ-ὕλαι,
974 4794 1069 4845 ἐὰν
1134 4794 1207 4864 μὴ
1260 4795 1360 4863 τὴν
1401 4794 1685 4862 ὀρθόδοξον
1740 4795 1930 4848 πίστιν

352 4887 781 4958 μεταδιώξωσιν,
817 4890 891 4952 ὡς
921 4889 1190 4958 αἱρετικο¹ι
1218 4888 1612 4958 τιμωροῦνται.

430 4984 550 5042 Βιὸ,
587 4984 652 5052 β’,
693 4984 797 5039 τίτ.
834 4990 908 5050 ς’,
945 4985 1084 5037 διὰτ.
1114 4981 1183 5052 η’,
1216 4979 1283 5057 ἦς
1313 4984 1344 5053 ἡ
1371 4985 1537 5055 ἀρχὴ,
1574 4982 1767 5037 Nemo.
1804 4984 1928 5054 Μη·

350 5077 465 5137 δεὶς
519 5076 802 5145 ἀλλότριος
865 5075 962 5146 τῆς
1044 5076 1153 5130 τῶν
1203 5076 1561 5146 ,Χριστιανῶν
1625 5075 1930 5147 θρησκείας

351 5168 639 5237 τυγχάνων
665 5169 744 5229 εἰς
790 5168 1101 5238 δικολόγους
1152 5168 1426 5238 χωρείτω,
1463 5169 1526 5220 ἐκ
1573 5166 1929 5236 παραϐασίας

2024 3222 2136 3280 Nec
2187 3222 2327 3292 apud
2376 3221 2691 3291 prtel'cctum
2742 3223 3033 3291 praetorio,
3092 3236 3190 3276 nec
3251 3222 3389 3290 apud
3439 3222 3604 3274 alium

2026 3333 2403 3391 quemcunque
2432 3318 2737 3388 praesidem,
2760 3319 3145 3371 advocatorum
3166 3314 3345 3370 ollicio
3373 3313 3605 3384 rilllgilil-

2029 3420 2113 3465 tor
2139 3409 2403 3463 lueretici.

2097 3500 2219 3558 Lib.
2250 3519 2287 3567 t,
2317 3501 2399 3559 tit.
2425 3502 2479 3569 4,
2519 3502 2736 3557 constit.
2776 3500 2864 3564 16,
2899 3499 3052 3569 cujus
3089 3500 3298 3554 initium
3329 3541 3343 3565 ,
3387 3500 3446 3555 Si
3480 3501 3604 3569 legi-

2028 3596 2143 3649 bus.
2175 3597 2275 3662 Qui
2300 3595 2482 3650 sciens
2508 3594 2816 3650 haereticam
2843 3593 2943 3648 sibi
2970 3609 3258 3662 personam
3284 3596 3615 3662 tlespondet,,

2028 3689 2071 3742 si
2101 3686 2374 3756 sponsalia
2420 3686 2630 3741 solvere
2666 3685 2836 3752 velit,
2875 3686 3067 3741 arrhas
3116 3686 3305 3754 duplas
3351 3686 3606 3743 restituit.

2029 3780 2122 3836 Sin
2152 3789 2332 3835 autem
2361 3779 2663 3847 ignorabat,
2695 3780 2905 3833 veniam
2939 3787 3194 3832 meretur.

2103 3873 2222 3929 Lib.
2265 3890 2316 3937 t,
2356 3874 2438 3929 lit.
2472 3871 2529 3938 6,
2564 3873 2785 3928 constit.
2836 3873 2904 3938 5,
2934 3872 3094 3941 cujus
3142 3872 3376 3938 initium,
3430 3870 3608 3924 Nulli.

2030 3967 2350 4030 Haereticus,
2378 3966 2468 4036 qui
2492 3966 2728 4035 aliquem
2760 3967 3095 4032 rebaptizare
3126 3964 3436 4029 tentaverit,
3465 3965 3612 4017 exsi-

2032 4059 2103 4112 lio
2133 4066 2393 4127 perpetuo
2425 4057 2737 4126 subjicitur,
2765 4072 2869 4112 nec
2903 4066 3080 4128 potest
3118 4072 3316 4125 praeses
3350 4042 3606 4111 statutam

2032 4154 2083 4207 in
2112 4152 2261 4205 illum
2296 4166 2510 4219 pinnam
2536 4150 2834 4206 remittere.
3535 4151 3543 4158 ’

2103 4245 2221 4300 Lib.
2252 4260 2291 4310 ι,
2325 4245 2408 4300 tit.
2447 4244 2500 4309 7,
2528 4244 2746 4298 constit.
2773 4243 2829 4308 6,
2864 4243 3018 4309 cujus
3053 4242 3290 4306 initium,
3333 4242 3458 4296 [ξοδ.
3487 4243 3610 4297 Cle-

2032 4339 2129 4391 rici
2159 4348 2212 4393 ct
2242 4337 2517 4404 monachi,
2547 4336 2638 4406 qui
2665 4335 2731 4389 ab
2774 4334 3093 4389 orthodoxis
3122 4334 3464 4396 deﬁcientes.
3499 4334 3607 4386 Eu-

2037 4431 2376 4500 tychianistae
2413 4429 2538 4483 facti
2584 4428 2805 4490 fuerint,
2841 4437 2994 4483 extra
3040 4426 3341 4481 Romanam
3389 4441 3609 4494 rempu-

2038 4521 2232 4574 hlicam
2266 4521 2551 4589 pelluntur,
2580 4530 2634 4573 et
2664 4529 2923 4588 tanquam
2952 4518 3193 4573 haeretici
3226 4519 3402 4586 pinnis
3443 4520 3618 4572 lucre-

2034 4612 2262 4665 ticorum
2299 4612 2680 4680 subjiciuntur.
3632 4594 3637 4597 ⁸

2103 4703 2221 4756 Lib.
2259 4719 2313 4760 t.
2345 4702 2431 4756 lit.
2469 4702 2520 4766 9,
2557 4702 2777 4756 constit.
2813 4702 2900 4766 12,
2933 4703 3091 4770 Cujus
3124 4702 3358 4765 initium,
3388 4703 3612 4758 Coelico-

2028 4797 2224 4850 larum.
2294 4793 2602 4856 Ctelicohc,
2635 4793 2736 4847 nisi
2793 4793 2949 4847 [idem
3004 4793 3363 4849 orthodoxam
3423 4796 3613 4850 sectati

2044 4887 2265 4950 fuerint,
2298 4897 2552 4955 tanquam
2586 4884 2826 4939 haeretici
2857 4885 3173 4953 pllllllllllur.

2116 4979 2231 5033 Lib.
2268 4990 2328 5041 ιι,
2363 4979 2445 5031 tit.
2496 4978 2552 5041 6,
2586 4978 2808 5032 constit.
2844 4980 2899 5041 8,
2949 4977 3105 5042 cujus
3156 4978 3389 5040 initium,
3430 4978 3621 5033 Nemo.

2042 5071 2232 5139 Nemo,
2268 5072 2356 5139 qui
2407 5086 2435 5123 a
2464 5071 2723 5140 religione
2752 5068 3205 5125 tChristianormn
3253 5078 3337 5123 est
3385 5070 3616 5134 alienus,

2040 5167 2185 5219 inter
2220 5165 2510 5219 advocatos
2553 5162 2805 5228 refertur,
2843 5178 2910 5215 ex
2943 5162 3231 5216 violatione
3272 5161 3404 5232 legis
3453 5162 3616 5216 amis-

1516 5303 1842 5367 Annibalis
1880 5299 2134 5365 Fabroti
2172 5304 2363 5361 notae.

432 5448 545 5522 (50)
578 5448 698 5505 Lib.
735 5469 771 5513 ι,
810 5452 894 5508 tit.
949 5454 1001 5517 5,
1035 5464 1209 5510 const.
1261 5455 1348 5510 52.
1400 5453 1559 5520 Quod
1603 5455 1691 5509 hic
1725 5454 1928 5509 dicitur

357 5522 427 5575 de
483 5530 803 5577 exsecuture
859 5526 1187 5589 orthodoxa,
1224 5540 1331 5579 non
1361 5533 1493 5593 puto
1532 5536 1747 5580 exstare
1775 5526 1831 5579 in
1872 5525 1928 5593 ιι.

357 5601 533 5665 quirat.
586 5592 674 5655 '52,
727 5594 827 5665 nisi
878 5596 949 5647 ita
993 5597 1261 5649 voluerint
1308 5595 1656 5665 interpretari
1693 5595 1855 5649 verba
1908 5592 1934 5663 ᾗ

362 5660 652 5724 Prtelerea,
685 5679 746 5715 ne
774 5662 898 5717 dum
926 5668 1249 5720 exsecutoris
1279 5660 1522 5732 pertinax
1552 5675 1600 5720 et
1624 5682 1785 5720 auara
1813 5660 1938 5731 pro;

358 5733 594 5809 territas,
627 5744 730 5787 ctc.
769 5733 826 5789 in
859 5737 1107 5791 versione
1136 5746 1321 5792 autem
1358 5739 1504 5805 lege:
1532 5735 1598 5790 lu
1629 5737 1931 5791 universum

362 5817 523 5867 cmm,
554 5814 658 5856 etc.

2113 5443 2222 5513 (Si)
2262 5441 2380 5513 Lib.
2419 5458 2455 5505 ι,
2482 5451 2521 5495 ι.
2549 5444 2602 5504 4,
2634 5450 2812 5496 const.
2862 5444 2916 5497 5.
2949 5441 3081 5496 Vide
3113 5443 3177 5513 ad
3217 5442 3272 5496 d.
3306 5444 3529 5497 constit.
3561 5441 3616 5513 5.

2104 5511 2218 5588 (5:2)
2257 5512 2344 5568 Vel
2373 5514 2574 5585 collegii
2593 5515 2666 5568 vel
2687 5515 3094 5583 ergasiotarum.
3118 5511 3278 5582 Lege,
3299 5513 3382 5567 vel
3411 5512 3621 5582 collegii

2031 5605 2217 5725 8.95535)
2251 5656 2632 5713 lutei-veniente
2687 5673 2818 5711 cura
2861 5656 3012 5725 μηρί’.
3068 5656 3145 5709 Ad
3198 5671 3358 5724 quem
3418 5657 3471 5709 d.
3509 5655 3542 5709 Ι.
3588 5659 3624 5722 6

2040 5730 2245 5796 scripta
2283 5738 2404 5794 est;
2444 5743 2731 5798 perperam
2780 5730 2924 5780 enim
2959 5731 3010 5780 in
3044 5727 3368 5795 quibusdam
3420 5727 3619 5796 legitur

2042 5799 2312 5853 Cennadio
2346 5799 2410 5854 Ρ.
2454 5796 2509 5854 γ.
2548 5796 2644 5870 pro
2682 5799 2923 5866 orrrfccto
2959 5798 3262 5868 Augustali.
