4066 6378
214 395 359 458 ῙΞἸἹ

1269 388 1410 448 CON
1422 387 1611 447 STIT.
1646 384 1946 447 ECCIJSS.
1985 381 2423 443 COLLECTIO.

3329 372 3471 437 1:273

301 508 628 570 Ἐπίσκοπος
680 506 711 578 ἦ
762 504 1165 576 πρεσϐύτερος,
1210 502 1572 571 ἀκοινώνητον
1623 497 1791 553 ποιῶν

1967 495 2271 566 Episcopus
2304 500 2399 546 aut
2434 491 2716 562 presbyter
2746 485 2884 559 (99),
2933 485 3025 556 qui
3057 485 3288 555 aliquem
3320 487 3473 554 prius

210 621 341 657 τινα
377 600 483 671 πρὸ
515 599 606 653 τοῦ
642 595 996 664 ἐξετασθῆναι
1030 594 1127 666 τὴν
1162 595 1343 647 αἰτίαν
1378 590 1473 662 τὴν
1510 589 1669 643 τοῦτο
1700 604 1795 655 γε-

214 694 407 757 νέσθαι
455 693 595 746 κατὰ
644 691 872 753 κανόνας
922 686 1279 758 βουλομένην,
1330 684 1434 737 ὑπὸ
1478 682 1579 753 τὴν
1626 678 1797 749 αὐτὴν

212 788 374 843 ἔσται
411 786 601 855 ποινήν
632 799 646 812 ·
681 782 776 837 τοῦ
818 780 1067 852 μείζονος
1107 777 1410 833 ἐπισκόπου
1443 775 1535 827 τὸν
1569 772 1794 827 δεθέντα

212 879 458 942 λύοντος,
492 875 587 935 xci.
617 874 709 933 τὸν
738 875 1034 927 ἐπίσκοπον
1063 875 1129 943 τῇ
1164 873 1320 941 ποινῇ
1356 865 1798 929 καθυποϐἅλλον-

215 990 336 1043 τος,
367 971 455 1045 ἐφ’
477 970 600 1023 ὅσον
631 966 832 1023 συνίδοι
863 965 1073 1040 χρόνον.
1656 966 1661 969 “

303 1151 640 1212 Ἐπίσκοπος
671 1145 873 1218 μηδένα
902 1142 1171 1209 τυπτέτω,
1205 1141 1338 1212 μηδέ
1369 1138 1701 1194 ἐπιϐαινέτω
1729 1132 1797 1209 ἧς

220 1246 449 1310 ἐξέπεσε
492 1240 718 1300 πόλεως.
760 1240 823 1292 El
866 1239 974 1307 γὰρ
1018 1235 1308 1306 πειραθείη
1353 1230 1666 1297 ὑπεξελθεῖν
1702 1228 1796 1285 τοῦ

215 1342 391 1394 τόπου
428 1337 507 1399 είς
541 1334 601 1387 ὃν
629 1336 801 1387 οἰκεῖν
833 1329 1167 1400 κατεκρίθη,
1202 1330 1260 1393 ἐν
1296 1326 1490 1403 ἐτέρας
1525 1323 1795 1394 ἐπαρχίας

216 1429 553 1499 ἐμϐάλλεται
589 1424 958 1498 μοναστηρίῳ.

294 1628 362 1681 Ol
406 1625 663 1697 κληρικοὶ
709 1623 1056 1696 γραμμάτων
1101 1620 1344 1675 ἔστωσαν
1389 1608 1823 1689 ἐπιστήμονεςθν

220 1719 508 1790 παλλακὴν
534 1720 566 1790 ἢ
599 1718 864 1788 φυσικοὺς
894 1715 1091 1778 παῖδας
1123 1714 1196 1785 μὴ
1227 1711 1499 1783 ἐχέτωσαν
1518 1725 1532 1739 ·
1569 1709 1709 1780 μήτε
1739 1707 1797 1761 δὲ

218 1812 517 1882 ἐσῃκότες
569 1807 1117 1880 χειροτονείσθωσαν.
1166 1803 1400 1873 Νομίμῳ
1458 1802 1675 1882 γαμετῇ
1730 1800 1796 1854 ἐκ

216 1902 522 1975 παρθενίας
560 1898 921 1971 συζευχθείσῃ
956 1895 1395 1952 συνοικείτωσαν.
1470 1879 1474 1883 ⁸

270 2087 515 2147 .’Ἦττων
567 2084 864 2157 τριάκοντα
922 2077 1187 2133 ἐνιαυτῶν
1244 2077 1320 2148 μὴ
1380 2069 1800 2146 χειροτονείσθω

216 2179 612 2250 πρεσϐύτερος,
633 2180 768 2247 μήτε
786 2175 1031 2235 διάκονος
1060 2169 1294 2223 ἐλάττων
1307 2165 1643 2220 είκοσιπέντε
1666 2178 1682 2193 °
1705 2160 1809 2232 μή.

214 2285 277 2322 τε
294 2264 668 2336 ἀναγνώστης,
694 2263 766 2335 μὴ
794 2262 988 2324 ἐπιϐὰς
1009 2258 1101 2314 τοῦ
1117 2255 1393 2330 [δεκάτου]
1416 2255 1602 2323 όγδόου
1627 2254 1800 2313 Erat):

219 2361 360 2432 μήτε
400 2357 718 2412 διακόνισσα
756 2358 788 2426 ἡ
842 2355 916 2425 μὴ
952 2352 1242 2423 ὑπερϐἆσα
1276 2350 1403 2411 τοὺς
1442 2354 1493 2418 μ’
1518 2346 1805 2409 ἐνιαυτοὺς

214 2448 655 2522 χειροτονείσθω,
686 2448 870 2500 Ἔστω
904 2445 960 2503 δὲ
996 2441 1286 2515 παρθένος,
1323 2440 1358 2512 ἢ
1399 2441 1467 2493 ἐκ
1505 2436 1805 2509 παρθενίας

213 2543 373 2613 ἀνδρὶ
408 2542 802 2612 συνοικήσασα.

291 2720 358 2775 Εἴ
381 2739 469 2785 τις
502 2716 991 2790 χειροτονουμένου
1018 2714 1281 2787 κληρικου
1316 2710 1643 2780 κατηγορεῖν
1674 2707 1800 2778 βού-

215 2816 392 2878 λεται,
432 2815 493 2868 τὸ
539 2813 670 2883 περὶ
707 2811 816 2866 τῶν
855 2809 1178 2865 ἐπισκόπων
1218 2807 1313 2863 καὶ
1358 2805 1446 2860 ἐπ’
1471 2804 1620 2877 αὑτῷ
1665 2820 1802 2874 κραα

215 2909 382 2961 τείτω
411 2906 736 2977 τρακτᾶτον.

300 2998 361 3051 '0
388 2999 600 3067 ἄγαμος
629 2996 838 3067 μέλλων
862 2992 1287 3066 χειροτονεῖσθαι
1313 2991 1582 3055 διάκονος,
1610 2988 1643 3060 ἢ
1672 2989 1804 3043 ὕπο-

215 3094 490 3152 διάκονος,
524 3090 855 3158 όμολογείτω
894 3088 1079 3158 μένειν
1112 3086 1347 3156 ἄγαμος,
1388 3083 1466 3154 μὴ
1499 3081 1801 3148 δυναμένου

1900 587 2367 650 excommunicat,
2396 597 2560 654 quam
2610 579 2923 636 examinata
2985 592 3152 631 causa
3207 576 3300 640 sit,
3353 593 3475 647 quae

1898 680 2198 737 secundum
2231 692 2474 733 canones
2506 677 2609 730 hoc
2639 674 2752 727 fieri
2783 672 2915 731 vult,
2974 668 3221 723 eamdem
3257 683 3473 737 pmnam

1899 773 2171 837 incurret,
2208 772 2470 841 episcopo
2505 767 2715 836 majore
2770 764 2995 833 ligatum
3029 760 3278 819 solvente
3314 769 3477 829 atque

1904 866 2084 935 ipsum
2120 864 2440 935 episcopum
2497 862 2573 916 illi
2635 872 2811 929 poena:
2861 853 3214 925 subjicieute,
3267 860 3475 905 tantum

1899 960 1965 1012 ad
2022 957 2284 1029 temporis
2356 952 2630 1025 spatium,
2703 955 2967 1022 quantum
3026 946 3076 1001 ei
3127 945 3307 1000 visum
3360 941 3478 997 fue-

1902 1055 1994 1113 rit.

1972 1147 2276 1216 Episcopus
2306 1138 2576 1194 neminem
2613 1132 2882 1206 percutito
2902 1173 2917 1197 ,
2952 1144 3053 1185 nec
3085 1143 3179 1199 per
3210 1126 3317 1180 vim
3354 1139 3473 1179 eam

1899 1241 2179 1298 civitatem
2247 1246 2356 1302 qua
2407 1229 2619 1299 eiectus
2678 1232 2785 1291 est,
2850 1222 3113 1277 invadito.
3169 1218 3381 1289 Quippe
3430 1219 3474 1271 si
3574 1262 3581 1269 .

1898 1341 2133 1389 conatus
2170 1326 2336 1381 fuerit
2366 1339 2430 1378 ex
2464 1337 2530 1377 eo
2566 1336 2625 1377 se.
2675 1319 2794 1374 loco
2831 1316 3135 1387 proripere,
3189 1327 3298 1382 quo
3331 1319 3392 1365 ut
3423 1311 3477 1363 in

1901 1429 2025 1482 loco
2056 1424 2239 1491 degat,
2271 1417 2673 1474 condemnatus
2700 1421 2805 1477 est,
2841 1412 2896 1463 in
2928 1408 3152 1462 alterius
3185 1404 3479 1476 provinciae

1902 1518 2304 1573 monasterium
2344 1508 2630 1578 redigitur.

1968 1607 2170 1664 Clerici
2226 1604 2532 1659 litterarum
2602 1597 2764 1668 periti
2823 1604 3011 1655 sunto.
3075 1589 3477 1649 Concubinam,

1899 1709 1994 1756 aut
2023 1700 2227 1754 liberos
2277 1691 2560 1749 naturales
2594 1703 2663 1742 ue
2714 1686 2994 1741 habento:
3035 1698 3138 1738 nec
3176 1681 3221 1736 si
3274 1677 3484 1733 habue-

1898 1796 2034 1857 rint,
2066 1789 2413 1847 ordiuantor.
2442 1782 2583 1838 Cum
2639 1793 2812 1834 uxore
2843 1777 3107 1845 legitima,
3156 1772 3282 1828 inde.
3312 1786 3484 1832 usque

1829 1856 1873 1909 Β
1905 1903 1934 1942 a
1966 1883 2284 1954 virginitate
2319 1893 2440 1933 cum
2476 1874 2558 1931 eis
2590 1874 2863 1941 copulata.
2920 1867 3342 1923 contubernium
3389 1862 3482 1915 hu-

1906 1982 2087 2037 bento.

1974 2065 2263 2135 Presbyter
2316 2076 2423 2115 non
2474 2057 2784 2120 ordinator,
2834 2053 2927 2120 qui
2980 2052 3160 2106 minor
3196 2056 3281 2103 est
3322 2061 3483 2100 amns

1906 2160 2131 2231 triginta
2161 2156 2262 2228 (l),
2298 2168 2401 2210 nec
2434 2150 2725 2213 diaconus,
2765 2144 2859 2215 qui
2896 2144 3078 2198 minor
3109 2142 3267 2196 annis
3303 2140 3484 2210 vigin.

1865 2258 1874 2265 ’
1906 2253 1945 2310 ti
1981 2252 2258 2323 quinque:
2310 2260 2413 2300 nec
2447 2244 2635 2303 lector,
2678 2238 2766 2308 qui
2804 2251 3001 2290 annum
3039 2234 3309 2289 decimum
3340 2239 3489 2284 orta—

1905 2360 2036 2398 vum
2094 2355 2202 2395 non
2256 2336 2419 2392 fuerit
2471 2336 2787 2403 ingressus:
2848 2316 2946 2382 nec
2999 2324 3332 2387 diaconissa,
3368 2339 3487 2391 qua:

1905 2450 2081 2491 annos
2118 2429 2482 2501 quadraginta
2512 2440 2618 2480 non
2665 2420 2988 2483 excesserit,
3044 2417 3353 2472 orlliuator.
3405 2413 3488 2468 Sit

1905 2534 2087 2583 autem
2121 2523 2293 2590 virgo,
2322 2516 2407 2571 vel
2452 2528 2573 2585 quae
2608 2528 2638 2567 a
2670 2511 2985 2581 virginitate
3022 2506 3186 2561 fuerit
3219 2505 3275 2560 in
3306 2504 3484 2559 mariti

1905 2612 2296 2672 contubernio.

1976 2706 2034 2761 Si
2066 2705 2190 2775 quis
2242 2701 2504 2757 clericum
2540 2695 2631 2766 qui
2668 2693 2980 2754 ordinatur,
3024 2701 3290 2743 accusare
3344 2686 3482 2747 vult,

1905 2800 2080 2853 valeat
2110 2797 2272 2851 etiam
2306 2795 2360 2847 in
2394 2791 2508 2855 illo,
2538 2786 2684 2859 quod
2721 2800 2749 2839 a
2778 2781 2939 2839 nobis
2967 2780 3035 2834 de
3081 2778 3338 2849 episcopo
3376 2786 3489 2831 trav

1903 2901 2109 2947 ctatum
2140 2896 2241 2944 est.

1973 2982 2184 3039 Caalcbs
2240 2976 2578 3033 ordinandus
2621 2973 2910 3031 diaconus,
2965 2978 3059 3022 aut
3117 2952 3487 3022 subdiaconus

1903 3077 2167 3150 spondeat
2220 3089 2279 3127 se
2328 3082 2645 3125 mansurum
2680 3063 2949 3123 caelibem,
2991 3075 3087 3114 nec
3137 3067 3319 3129 potest
3371 3060 3489 3125 epi-

216 3183 315 3241 τοῦ
352 3149 654 3251 ἐπισκόπου
691 3149 1009 3250 ἐπιτρέπειν
1042 3149 1192 3247 αὐτῶ
1225 3149 1465 3246 γαμεῖν,
1494 3176 1544 3231 εί
1582 3173 1658 3247 μὴ
1691 3171 1799 3244 ἄρα

1906 3149 2081 3239 copus
2128 3167 2174 3222 ei
2213 3163 2556 3236 permittere,
2614 3154 3023 3212 matrimonium
3062 3161 3122 3205 ut
3176 3149 3488 3209 contrahat,

221 3278 473 3355 βούλεται
497 3274 598 3344 τῆς
629 3272 936 3343 ἐπισκοπῆς
966 3272 1246 3326 ἐκπεσεῖν.

223 3367 227 3371 ’
297 3368 677 3438 Πρεσϐύτερος
721 3365 755 3436 ἢ
800 3365 1049 3426 διάκονος
1090 3362 1290 3432 γαμῶν
1331 3363 1398 3433 τῇ
1447 3361 1611 3430 βουλῇ
1667 3356 1806 3428 μετὰ

216 3463 319 3533 τῆς
357 3460 545 3522 οὐσίας
587 3455 989 3529 παραδιδόσθω.
1023 3452 1405 3523 ’Δναγνὼστης
1446 3453 1503 3506 δὲ
1546 3452 1621 3522 μὴ
1662 3450 1808 3504 κατὰ

220 3555 292 3607 τὰ
324 3549 775 3620 ἐπιτετραμμένα
809 3548 1044 3619 γαμῶν,
1079 3546 1113 3618 ἢ
1147 3546 1423 3617 δευτέροις
1457 3544 1665 3614 ὁμιλῶν
1700 3544 1805 3611 γά-

224 3662 369 3721 μοις,
405 3643 481 3714 μὴ
512 3639 892 3712 προκοπτέτω.

296 3823 509 3892 Μηκέτι
560 3818 856 3891 βουλευτὴς
903 3818 936 3891 ἥ
981 3813 1256 3886 ταξεώτης
1303 3813 1666 3886 κληρούσθω,
1709 3814 1809 3881 τῆς

224 3914 421 3989 βουλῆς
469 3914 564 3965 καὶ
614 3911 715 3982 τῆς
760 3911 968 3975 τάξεως
1022 3908 1399 3978 διεκδικούσης
1442 3906 1534 3959 τὸν
1584 3907 1807 3975 κληρω-

222 4005 422 4059 θέντα·
473 4003 613 4073 πλὴν
658 4003 727 4055 εί
759 4000 834 4074 μὴ
880 4008 941 4053 ιε’
968 3998 1062 4069 ἔτη
1117 3999 1354 4072 μονάσας
1401 3996 1613 4066 ἔτυχεν.
1652 3996 1708 4050 '0
1753 3993 1810 4049 δὲ

221 4094 465 4158 τοιοῦτος
510 4095 605 4146 καὶ
648 4092 758 4146 ἀπὸ
802 4091 1053 4162 μοναχῶν
1091 4090 1388 4159 γενόμενος
1427 4087 1689 4156 κληρικὸς
1735 4082 1809 4154 μὴ

221 4186 497 4255 γαμείτω,
540 4185 675 4255 μηδέ
719 4185 799 4246 είς
843 4183 1050 4254 βαθμὸν
1093 4183 1338 4254 μέτεισιν
1380 4178 1687 4251 ἱερωσύνης
1734 4177 1810 4249 μὴ

224 4277 508 4331 κωλύοντα
540 4278 665 4339 τοὺς
699 4275 934 4346 γάμους.

305 4460 366 4515 ’0
396 4459 503 4514 ἀπὸ
532 4458 812 4530 κληρικῶν
840 4457 1133 4529 γενόμενος
1162 4455 1351 4521 λαῖκδς
1377 4453 1704 4509 ἐπιδιδόσθω
1722 4455 1803 4523 ,τῇ

225 4549 416 4622 βουλῇ.

296 4640 598 4711 Βουλευτὴς
630 4640 737 4711 πρὸ
766 4639 863 4708 τῆς
895 4637 1194 4706 διατάξεως
1225 4636 1307 4702 εἰς
1339 4636 1543 4708 κλῆρον
1574 4637 1809 4692 καταλε-

222 4737 344 4803 γεὶς
373 4734 440 4787 δι’
462 4731 928 4787 ὑποκαταστάτων
956 4730 1341 4801 λειτουργείτω
1366 4729 1435 4785 τὰ
1464 4729 1810 4801 χρηματικὰ,

220 4826 336 4883 τῶν
368 4824 698 4896 σωματικῶν
728 4822 1173 4894 ἀπηλλαγμένος.

311 5005 369 5058 '0
400 5004 481 5067 είς
514 5001 718 5072 κλῆρον
747 5002 1227 5070 καταταττόμενος
1260 5000 1334 5073 μὴ
1364 5002 1529 5056 πλέον
1556 5003 1665 5057 τῶν
1692 5002 1805 5057 δια-

227 5099 362 5174 ρίων
394 5097 484 5150 τοῦ
515 5097 635 5159 ἐνὸς
668 5095 919 5153 ἐνιαυτοῦ
954 5095 1244 5166 συνηθείας
1276 5097 1601 5168 παρέχεται.

1911 3259 2015 3315 nisi
2049 3259 2426 3329 epise0patum
2465 3252 2591 3305 velit
2625 3250 2900 3308 amittere.

1985 3350 2302 3420 Presbyter,
2337 3353 2432 3400 aut
2463 3343 2753 3404 diaconus,
2785 3338 2878 3407 qui
2918 3335 3328 3390 matrimonium
3359 3345 3491 3386 con-

1909 3445 2116 3510 trahit;
2171 3440 2339 3497 curia:
2385 3452 2509 3493 cum
2546 3432 2875 3505 patrimonio
2912 3444 3014 3484 suo
3072 3427 3323 3481 traditor.
3363 3424 3495 3479 Lec-

1913 3551 1998 3596 tor
2027 3546 2230 3599 autem,
2266 3533 2359 3604 qui
2407 3527 2705 3586 secundum
2773 3540 2836 3580 ea
2884 3538 3004 3592 quae
3035 3530 3305 3591 praecepta
3336 3531 3491 3581 sum,

1910 3628 2329 3687 matrimonium
2385 3641 2494 3679 non
2557 3620 2853 3682 contrahit,
2906 3626 2999 3670 aut
3049 3616 3320 3671 secundas
3377 3618 3493 3670 adit

1872 3748 1881 3767 ε
1910 3725 2157 3794 nuptias,
2187 3721 2419 3777 ulterius
2451 3733 2518 3773 ne
2546 3714 2885 3784 provehitur.

1983 3815 2219 3873 Curialis
2250 3813 2350 3885 (2).
2386 3821 2478 3864 aut
2508 3807 2777 3872 ollicialis,
2822 3806 3053 3873 posthac
3084 3821 3152 3859 ne
3206 3804 3296 3857 fiat
3327 3805 3491 3858 cleri-

1910 3925 2032 3975 cus,
2063 3918 2173 3963 tam
2206 3907 2323 3976 ipsa
2349 3904 2525 3968 curia,
2560 3915 2721 3972 quam
2752 3899 2930 3951 ollit-io
2965 3897 3278 3951 vintlicante
3313 3898 3489 3963 illum,

1907 3999 1997 4070 qui
2041 4002 2273 4055 clericus
2322 3996 2498 4050 factus
2522 3993 2688 4049 fuerit
2719 4007 2733 4045 :
2763 4000 3078 4058 extraquam
3107 3988 3150 4043 si
3181 3988 3491 4058 quindecim

1911 4094 2072 4149 annis
2128 4088 2430 4149 solitariam
2470 4087 2637 4142 vitam
2687 4083 2880 4152 egerit.
2922 4080 3023 4147 Qui
3077 4080 3199 4134 talis
3249 4079 3414 4135 fuerit
3442 4094 3494 4135 et

1907 4200 1973 4240 ex
2004 4184 2271 4239 monacho
2306 4182 2483 4235 factus
2511 4181 2581 4234 sit
2620 4176 2887 4238 clericus;
2947 4173 3354 4228 matrimonium
3387 4190 3492 4229 non

1909 4276 2246 4337 contrahito,
2307 4288 2407 4328 nec
2446 4273 2511 4326 ad
2564 4270 2794 4340 gradum
2852 4266 3145 4321 sacerdotii
3203 4269 3489 4338 pervenito

1911 4370 2004 4440 qui
2035 4369 2259 4438 nuptias
2289 4382 2400 4421 non
2428 4366 2744 4436 prohibeat.
2827 4420 2831 4429 ,

1980 4461 2083 4529 Qui
2114 4476 2180 4517 ex
2230 4460 2435 4516 clerico
2468 4458 2644 4515 factus
2701 4458 2866 4516 fuerit
2904 4459 3101 4523 laicus,
3156 4456 3326 4511 curia:
3385 4465 3519 4533 ινα-λ

1843 4546 1887 4600 Ῑ)
1915 4555 2082 4609 ditur.

1986 4643 2249 4705 Curialis,
2282 4643 2374 4709 qui
2411 4654 2536 4696 ante
2569 4642 2732 4696 latam
2774 4641 2913 4696 hanc
2947 4638 3399 4697 constitutionem
3439 4643 3490 4695 in

1919 4735 2127 4801 clerum
2200 4733 2363 4790 fuerit
2406 4734 2661 4799 allectus,
2722 4748 2820 4803 per
2881 4731 3213 4788 substitutos
3266 4715 3543 4786 munera.

1927 4826 2248 4896 pecuniaria
2280 4836 2561 4898 praestato,
2597 4826 2863 4882 liberatus
2890 4839 2919 4879 a
2951 4824 3272 4879 muneribus
3304 4838 3501 4894 corpo-

1918 4918 2151 4971 raﬁhus.

1986 5009 2091 5076 Qui
2129 5010 2456 5066 clericorum
2493 5009 2548 5063 in
2600 5024 2891 5063 numerum
2928 5007 3191 5074 refertur,
3233 5023 3342 5063 non
3381 5024 3497 5060 am-

1911 5099 2078 5169 plius,
2106 5115 2270 5170 quam
2313 5102 2477 5155 unius
2525 5099 2651 5153 anni
2685 5100 2882 5165 diaria,
2925 5099 3149 5156 nomine
3199 5111 3500 5156 consuetu-

1908 5191 2099 5245 dinum
2134 5192 2396 5260 praebeto.

1487 5299 1823 5363 Annibalis
1855 5303 2120 5367 Fabroti
2156 5312 2350 5367 noue.

223 5402 735 5529 v.(23)dl:2p‘§soc‘opus
759 5409 853 5456 aut
874 5400 1162 5473 presbyter.
1223 5402 1560 5459 Patriarchaa
1606 5401 1786 5460 Nicol.

278 5513 295 5529 ο
324 5491 389 5527 :Itl
421 5491 475 5528 Π.
506 5491 644 5528 δον.

301 5546 374 5612 (l)
415 5544 580 5597 Annis
612 5544 851 5613 triginta.
884 5542 973 5599 Sic
1006 5544 1200 5612 legitur
1256 5543 1309 5596 in
1363 5543 1417 5598 d.
1472 5541 1607 5597 Nov.
1662 5556 1787 5610 cap.

224 5616 319 5695 43,
373 5626 427 5668 et
487 5630 767 5695 perperam
821 5626 976 5695 vetus
1011 5614 1318 5695 interpres”
1355 5615 1518 5695 habet
1565 5613 1791 5695 triginta

220 5682 615 5753 quinque,'qua
637 5684 704 5738 de
730 5698 789 5737 re
813 5684 926 5737 dixi
956 5686 1021 5736 ad
1052 5682 1415 5751 Theophilum
1452 5685 1536 5738 tit.
1581 5682 1656 5736 De
1671 5684 1786 5750 jur.

224 5764 339 5810 nat.
370 5753 489 5808 th.
520 5754 726 5808 Julian.
773 5756 1127 5813 Antecess'or.
1159 5756 1252 5821 qui
1284 5756 1521 5808 refertur
1575 5754 1628 5806 in
1659 5770 1785 5809 can.

220 5826 281 5889 2,
316 5824 447 5878 dist.
486 5824 585 5895 78;
619 5823 962 5895 synodusin
1015 5822 1226 5882 Trullo.
1280 5840 1331 5877 c.
1375 5824 1476 5889 H;
1514 5825 1790 5894 Agathon-

225 5896 329 5959 εἰς,
359 5910 409 5948 c.
456 5894 535 5948 l7.
568 5893 702 5946 Nam
741 5893 1002 5946 Dominus
1062 5893 1786 5947 uoster-triccsunouitatis

228 5980 345 6025 suae
372 5980 516 6021 anno
576 5966 887 6034 baptizatus
940 5974 1044 6027 est,
1099 5971 1151 6016 et
1200 5964 1281 6016 sic
1337 5965 1503 6018 cocnit
1563 5965 1780 6018 docere.

1890 5402 2034 5461 Can.
2092 5407 2149 5459 ll
2192 5407 2412 5461 concilii
2456 5405 2956 5473 Neocmsariensis;
3017 5404 3316 5474 Gregorius
3380 5405 3502 5465 Na.

1899 5478 2404 5545 zianzenustorat.
2441 5477 2509 5531 39
2534 5495 2547 5543 ;
2575 5476 2968 5545 Theophvlact.
3006 5476 3059 5527 in
3088 5474 3310 5539 Lucam,
3359 5492 3486 5544 cap.

1893 5546 1962 5609 5;
2020 5548 2170 5627 eluit:
2222 5544 2489 5627 Joannem
2549 5561 2671 5627 cap.
2709 5544 2745 5600 ιζ
2781 5545 3009 5627 _Nove|la
3065 5562 3308 5608 cxxxvn,
3355 5562 3407 5600 c.
3441 5548 3497 5611 2,

1904 5615 2129 5669 anui50
2163 5620 2525 5683 requiruntur
2562 5615 2969 5685 inpresbytero
3018 5617 3346 5670 ordinando.
3421 5618 3491 5670 liv

1903 5686 2148 5741 llecretis
2180 5686 2389 5739 Nicolai
2426 5691 2532 5741 hoc
2560 5687 2834 5739 refertur:
2879 5686 3034 5739 Sacri
3076 5703 3304 5739 canones
3365 5703 3498 5739 sau-

1900 5766 2113 5821 xerunt,
2147 5769 2200 5809 ut
2233 5759 2727 5811 subdiacouusnou
2778 5757 3057 5810 ordinetur
3107 5767 3225 5809 ante
3275 5756 3337 5809 Μ
3391 5774 3492 5810 au-

1900 5842 2045 5886 num.
2072 5844 2162 5897 nec
2193 5828 2450 5881 diaconus
2485 5837 2606 5880 ante
2629 5829 2719 5890 25,
2751 5844 2840 5880 nec
2874 5828 3144 5897 presbyMr
3172 5835 3291 5878 ante
3313 5827 3408 5880 5t).

1914 5895 2329 6021 Γίέὶζίιωξίῖίέε.
2386 5899 2735 5952 Innocentius
2804 5901 2857 5950 in
2918 5895 3126 5951 canone
3179 5898 3484 5964 Dcsignalu,

1937 5982 1978 6018 ts
2009 5983 2094 6021 Inc
2129 6007 2142 6021 .
2179 5988 2209 6021 ο
2254 6006 2267 6021 .

1897 5968 2142 6022 distinct.
2179 5968 2267 6022 5|.
