4066 6398
555 344 686 406 ῙΞἾΞ)
1775 336 2052 398 ΤΙΙΕΟΙ).
2099 335 2160 392 Βι

2211 335 2328 393 l.S;\
2341 333 2577 392 MONlS
3228 344 3235 351 '
3681 332 3817 398 1380

621 455 720 519 Qui
743 453 1050 522 religiosam
1082 466 1264 505 curam
1301 450 1552 520 suscipit,
1584 448 1752 518 gratis
1780 449 1878 502 hoc
1911 447 2074 500 facito
2109 463 2122 499 :
2159 430 2207 482 Α

2315 443 2374 496 '0
2410 443 2606 510 εὐαγὲς
2642 446 2844 514 μετιὼν
2875 447 3182 514 φρόντισμα
3219 446 3415 516 προῖκα
3447 445 3606 499 τοῦτο
3643 463 3820 518 πρατ-

551 558 602 598 et
644 546 736 614 qui
771 547 864 600 dat
903 543 1130 614 aliquid,
1169 544 1251 597 rel
1285 543 1506 610 accipit,
1566 543 1648 596 vel
1684 539 2000 600 intervenit,
2039 553 2127 592 sa—

2325 552 2370 588 ω
2396 550 2409 564 ⁸
2443 534 2535 591 τοῦ
2564 535 2798 598 διδόντος
2827 555 2879 589 τι
2911 537 2944 608 ἢ
2975 537 3343 606 λαμϐάνοντος
3363 578 3377 601 .
3413 539 3444 608 ἦ
3481 539 3820 608 μεσάξοντος
3915 608 3929 614 _

553 635 855 688 t't't‘dlllilllll
935 635 1204 698 amittito,
1271 643 1630 702 praeterquam
1683 633 1834 702 quod
1885 631 1935 686 id
1983 630 2127 700 quod

2231 627 2326 689 τῆς
2360 623 2662 693 ἱερωσύνης
2694 626 3052 690 ἐκπίπτοντος
3083 625 3219 697 πρὸς
3249 628 3309 679 τὸ
3343 629 3435 680 καὶ
3461 628 3524 680 τὸ
3551 629 3709 682 δοθὲν
3741 629 3821 700 τῷ

553 729 740 778 datum
778 725 963 788 fuerit,
1002 726 1258 794 religioso
1297 725 1416 778 loco
1463 726 1531 778 sit
1562 723 1974 792 applicandum.
2031 721 2127 774 Sin

2230 717 2418 784 εὐοιγεί
2453 717 2602 787 τόπῳ
2645 717 3130 788 προσκυρωθῆνοιι.
3175 719 3239 771 Ei
3277 720 3331 771 δὲ
3369 719 3559 784 λαῖκός
3599 723 3755 774 ἐστιν
3793 724 3823 776 6

553 821 722 872 laicus
759 818 864 889 es",
899 819 991 887 qui
1029 820 1258 887 aetepit,
1304 827 1395 870 aut
1433 817 1699 872 mediator
1750 817 1868 884 fuit,
1905 816 2126 885 duplum

2229 807 2432 874 λαϐὼν,
2461 808 2492 879 ἢ
2530 809 2756 880 μεσίτης
2785 810 3094 878 γενόμενος,
3129 813 3188 863 τὸ
3217 810 3370 864 δοθὲν
3401 813 3624 866 διπλοῦν
3652 817 3824 868 ἀπαι-

551 909 694 974 c'jus,
727 909 870 978 quod
909 911 1099 963 datum
1134 917 1236 970 est,
1267 909 1514 977 exigetur
1541 924 1568 961 a
1599 909 1950 964 curatoribus
1980 909 2128 974 ejus-

2229 901 2522 972 τηθήτεται
2571 903 2674 954 ὑπὸ
2715 902 2822 954 τῶν
2869 903 3182 972 προνοητῶν
3226 903 3321 964 τοῦ
3369 905 3534 958 αὐτοῦ
3577 906 3824 975 εὐαγοῦς

549 1001 671 1052 dum
709 1001 973 1069 religiosae
1003 1002 1222 1056 domus.
1257 1001 1362 1055 Sed
1399 1000 1601 1056 habent
1635 1010 1817 1055 tamen
1852 1000 2126 1054 licentiam

2227 993 2398 1047 οἴκου.
2431 993 2654 1046 Ἀδειαν
2685 995 2743 1046 δὲ
2786 989 3000 1063 ἔχουσιν
3033 998 3080 1049 οἱ
3113 997 3178 1049 τὰ
3219 999 3488 1066 εἰρημένα
3532 1002 3825 1068 μετιόντες

549 1095 582 1143 ii
617 1093 704 1160 qui
758 1093 1050 1160 prmdietas
1080 1107 1243 1146 curas
1273 1102 1495 1162 gerunt,
1550 1101 1610 1146 ut
1639 1093 1818 1163 prius,
1855 1108 2016 1162 quam
2047 1093 2128 1147 eis

2228 1085 2602 1154 φροντίσματα
2645 1087 2753 1153 πρὸ
2793 1086 2888 1139 τοῦ
2932 1087 3103 1144 ταῦτα
3146 1089 3332 1153 αὐτοῖς
3378 1093 3818 1162 ἐγχειρισθῆναι,

553 1184 1036 1253 hzeinjungantur,
1097 1185 1288 1240 iisdem
1361 1186 1628 1253 religiosis
1675 1186 1928 1240 domibus
1993 1185 2126 1238 offe-

2229 1177 2563 1248 προσφέρειν
2589 1181 2700 1241 τοῖς
2728 1179 2914 1242 αὐτοῖς
2941 1179 3196 1246 εὐαγέσιν
3220 1183 3411 1252 οἴκοις,
3437 1186 3490 1238 εί
3514 1203 3565 1237 τι
3596 1185 3666 1239 ἂν
3692 1186 3819 1258 βον-

552 1285 694 1337 rant,
764 1276 810 1329 si
869 1275 1000 1344 quid
1070 1278 1361 1342 voluerint,
1432 1293 1530 1349 pro
1583 1279 1779 1332 animae
1849 1293 1962 1334 sua:
2036 1292 2127 1331 sa-

1863 1293 1962 1334 ςυω
2036 1292 2127 1331 sa-
2226 1267 2464 1344 ληθῶσιν
2497 1269 2636 1341 ὑπὲρ
2667 1271 2946 1342 σωτηρίας
2975 1271 3071 1340 τῆς
3104 1272 3240 1337 ἰδίας
3268 1274 3469 1348 ψυχῆς.

551 1367 684 1420 Itt'c.

629 1457 834 1512 Saevus
865 1461 1096 1526 sciente,
1149 1477 1250 1517 nec
1283 1463 1693 1518 contradicente
1728 1461 1950 1518 domino
1987 1463 2128 1516 inter

2298 1451 2516 1515 Δοῦλος,
2545 1453 2748 1516 εἰδότος
2777 1454 2872 1506 καὶ
2903 1455 3002 1511 οὐκ
3033 1454 3408 1522 ἀντιλέγοντος
3432 1455 3524 1510 τοῦ
3549 1458 3822 1514 δεσπότου

550 1550 781 1604 r-lericos
818 1553 1044 1619 relatus,
1099 1554 1662 1610 manumittitur.-Sin
1691 1554 1944 1610 dominus
1973 1553 2128 1624 igno-

2224 1545 2306 1604 εἰς
2336 1544 2537 1616 κλῆρον
2567 1545 2922 1613 καταλεγεὶς,
2954 1546 3358 1618 ἐλευθεροῦται.
3391 1550 3454 1602 El
3484 1551 3542 1604 δέ
3570 1552 3768 1618 ἀγνοεί
3796 1555 3825 1606 6

552 1649 655 1702 rat,
692 1651 870 1711 potest
903 1661 1026 1700 enm
1079 1645 1223 1702 intra
1271 1646 1507 1716 spatium
1549 1647 1676 1700 anni
1731 1647 2012 1702 retrahere
2071 1647 2124 1700 in

2224 1635 2489 1702 δεσπότης
2514 1677 2530 1701 ,
2565 1636 2790 1690 δύναται
2831 1638 2981 1701 ἐντὸς
3026 1639 3276 1692 ἐνιαυτοῦ
3308 1640 3499 1694 τοῦτον
3535 1641 3822 1712 δουλαγω-

551 1731 886 1797 servitutem,
921 1743 1042 1803 post
1093 1749 1295 1788 annum
1332 1750 1479 1800 vero,
1513 1751 1620 1790 non
1656 1737 1910 1805 amplius,
1940 1746 2120 1790 extra-
2152 1767 2157 1774 -

2225 1729 2374 1794 γεῖν,
2409 1727 2547 1794 μετὰ
2579 1725 2635 1780 δὲ
2663 1727 2755 1781 τὸν
2781 1729 3026 1783 ἐνιαυτὸν
3059 1730 3244 1784 οὐκέτι
3275 1772 3289 1794 ,
3321 1731 3463 1802 πλὴν
3493 1733 3544 1786 εί
3579 1733 3660 1804 μή
3693 1735 3824 1788 ἐτε-

551 1838 717 1891 quam
772 1825 817 1880 si
869 1827 936 1880 ad
989 1826 1152 1880 aliam
1203 1827 1364 1882 vitam
1423 1827 1722 1882 transierit.
1779 1818 2157 1896 Ascriptitius'

2230 1836 2324 1889 ρον
2377 1818 2625 1890 μετέλθοι
2677 1819 2810 1890 βίον.
2850 1819 2910 1874 Ὀ
2965 1821 3020 1874 δέ
3073 1823 3462 1893 ἐναπόγραφος
3513 1828 3607 1880 καὶ
3661 1829 3825 1898 παρὰ

551 1925 730 1968 autem
797 1917 958 1970 etiam
1029 1930 1222 1984 praeter
1278 1919 1630 1976 voluntatem
1662 1919 1866 1974 domini
1923 1935 2023 1974 suo
2072 1919 2125 1975 in

2227 1909 2455 1982 γνώμην
2479 1910 2738 1966 δεσπότου
2771 1913 2829 1965 ἐν
2855 1911 2933 1982 τῷ
2968 1913 3082 1984 ἰδίῳ
3111 1913 3296 1984 χωρίῳ
3323 1914 3829 1990 δύναταικληροῦ-

555 2006 762 2073 praedio
793 2007 1031 2064 clericus
1063 2009 1177 2063 ﬁeri
1221 2016 1425 2080 potest.

2230 2002 2354 2056 σθαι
2373 2041 2387 2068 ,
2419 2001 2782 2074 ὑποκείμενος
2812 2007 2878 2074 τῇ
2910 2004 3176 2075 γεωργίᾳ.

621 2097 722 2163 Qui
760 2099 1068 2169 religiosam
1103 2101 1323 2156 domum
1360 2103 1611 2164 :ediiicat,
1653 2104 1854 2174 deligat
1887 2119 1984 2159 eos
2032 2105 2124 2172 qui

2307 2095 2368 2146 ’0
2410 2094 2609 2159 κτίζων
2642 2095 2814 2165 εὐαγῆ
2854 2092 3004 2148 οἷκον
3039 2097 3378 2166 ἐπιλεγέσθω
3409 2099 3538 2164 τοὺς
3573 2103 3633 2156 ἐν
3669 2104 3821 2175 αὐτῷ

550 2204 580 2240 e
608 2190 759 2244 .ltmn
791 2207 1006 2248 sacrum
1042 2195 1094 2248 in
1125 2210 1184 2248 ea
1218 2210 1477 2265 peragere
1523 2194 1742 2258 debent.
1801 2200 1876 2250 uti
1915 2197 2127 2251 scilicet

2226 2184 2566 2258 λειτουργεῖν
2591 2189 2926 2256 ὀφείλοντας,
2953 2187 3091 2243 ὥστε
3121 2191 3216 2244 τὸν
3241 2192 3542 2246 ἐπίσκοπον
3569 2212 3816 2265 χειροτο-

553 2283 845 2355 episcopus
873 2301 970 2341 eos
1021 2287 1258 2353 ordinet,
1301 2289 1346 2344 si
1383 2291 1528 2360 digni
1563 2302 1716 2346 sunt.
1771 2291 1865 2345 Sin
1916 2299 2124 2356 autem,

2227 2280 2386 2349 νῆσαι
2419 2281 2618 2344 αὐτοὺς
2639 2319 2653 2344 ,
2688 2279 2847 2352 εἴπερ
2881 2282 3021 2334 εἰσὶν
3051 2281 3195 2349 ἄξιοι
3221 2300 3234 2313 ’
3265 2285 3314 2337 εί
3348 2284 3407 2340 δέ
3442 2286 3516 2357 μή
3557 2304 3656 2355 γε,
3691 2292 3814 2352 τοὺς

558 2373 812 2428 meliores
837 2377 1027 2446 eligat.

2229 2369 2518 2435 καλλίονας
2546 2372 2909 2439 ἐπιλεξάσθω.

627 2465 846 2528 Clerici,
885 2469 951 2523 ad
1005 2470 1154 2538 ipsos
1203 2486 1378 2536 usque
1407 2481 1684 2534 cantores,
1715 2481 1768 2528 et
1797 2475 2043 2530 eccleslis
2071 2484 2124 2528 et

2298 2465 2361 2517 Οἱ
2395 2465 2651 2534 κληρικοὶ
2683 2465 2846 2534 μέχρι
2875 2463 3096 2534 ψαλτῶν
3126 2466 3222 2518 καὶ
3253 2467 3435 2520 αὐτῶν
3464 2471 3586 2532 ταῖς
3617 2471 3810 2542 ἐκκλη-

553 2574 580 2612 s
617 2559 729 2613 eris
761 2559 1080 2616 ministeriis
1131 2564 1377 2617 studiose
1411 2565 1522 2618 sint
1575 2563 1791 2628 intenti,
1841 2574 2124 2622 castrense

2229 2556 2375 2618 σίαις
2423 2556 2517 2608 καὶ
2561 2557 2682 2619 ταῖς
2729 2555 2946 2620 λοιπαῖς
2997 2557 3168 2626 ἱεραῖς
3219 2561 3817 2630 προσκαρτερείτωσαν

551 2652 822 2714 peculium
854 2654 972 2708 sive
1002 2669 1090 2710 res
1123 2654 1190 2708 ab
1216 2670 1276 2709 se
1307 2656 1606 2724 acquisitas
1654 2657 1936 2721 habentes,
1995 2658 2124 2712 licet

2225 2648 2412 2716 εὐχαῖς
2445 2647 2540 2698 καὶ
2573 2647 2937 2727 ὑπηρεσίαις,
2975 2648 3024 2700 εἰ
3059 2650 3151 2700 καὶ
3186 2649 3506 2714 ὑπεξούσιοί
3541 2653 3725 2719 εἰσιν,
3761 2659 3819 2708 ἐν

552 2741 604 2794 in
641 2743 867 2798 alterius
902 2751 1176 2813 potestate
1207 2745 1338 2808 sint,
1371 2760 1436 2800 ac
1464 2747 1652 2800 testari
1687 2746 1754 2801 de
1787 2747 1856 2802 iis
1889 2749 2121 2818 possint,

2226 2737 2584 2806 καυστρενσίο
2614 2735 2871 2790 πεκουλίο
2894 2738 2962 2792 τὰ
2991 2738 3376 2812 ἐπικτηθέντα,
3406 2745 3498 2793 καὶ
3527 2741 3813 2814 δυνάμενα

551 2834 820 2887 servando
853 2843 962 2888 tam
988 2835 1630 2918 ascendentibttskquam
1665 2841 2122 2896 descendentibus

2223 2829 2302 2891 εἰς
2339 2829 2479 2881 αὐτὰ
2519 2827 2870 2894 διατίθεσθαι,
2915 2829 3270 2898 φυλάττοντες
3303 2834 3416 2894 τοῖς
3457 2835 3675 2888 ἀνιοῦσι
3717 2840 3815 2894 καὶ

553 2925 852 2993 Ιιιεςὶιίηιαηι
887 2934 1116 2995 partem.
1173 2928 1308 2982 Nota
1343 2917 1488 3000 quod
1529 2933 1855 2987 constitutio
1893 2933 2124 2989 clerico-

2225 2917 2472 2970 κατιοῦσι
2505 2917 2566 2970 τὸ
2609 2918 2838 2987 νόμιμον
2877 2919 3061 2993 μέρος.
3100 2921 3365 2992 Σημείον,
3403 2922 3485 2976 ὅτι
3517 2927 3646 2990 τοὺς
3683 2928 3823 2998 ἄχρι

553 3032 693 3076 nun.
735 3033 906 3086 usque
941 3018 1008 3072 ad
1043 3029 1316 3082 cantores.
1361 3021 1694 3077 mentionem
1730 3023 1940 3081 fecerit.

1495 3021 1694 3077 πίοηρω
1730 3023 1940 3081 ream.
2221 3007 2439 3078 ψαλτῶν
2468 3008 2750 3078 ὠνόμασεν
2781 3011 2814 3080 ή
2843 3010 3101 3076 διάταξις.

629 3107 936 3181 Presbyter,
969 3122 1062 3168 aut
1083 3113 1372 3180 diaconus,
1403 3117 1493 3184 qui
1527 3115 1722 3170 falsum
1749 3119 2120 3173 testimonium
2149 3113 2191 3170 C

2299 3101 2674 3172 Πρεσϐύτερος
2715 3103 2748 3174 ἢ
2797 3103 3076 3169 διάκονος,
3119 3104 3684 3179 ψευδομαρτυρήσας,
3727 3113 3824 3165 ἐπὶ

548 3196 706 3263 dixit,
764 3200 830 3253 ad
871 3201 1164 3256 triennium
1205 3219 1233 3256 a
1269 3205 1577 3260 ministerio
1621 3222 1780 3262 sacro
1837 3218 2124 3277 separator

2224 3195 2462 3262 τριετίαν
2495 3195 2816 3264 χωριζέσθω
2847 3196 2945 3266 τῆς
2984 3196 3361 3270 λειτουργίας,
3397 3203 3490 3255 καὶ
3533 3207 3825 3274 μονοιστὴ-

549 3299 604 3342 et
641 3291 1028 3348 monasterium
1060 3293 1387 3350 inhabitato.
1416 3295 1571 3361 Quod
1621 3297 1667 3352 si
1716 3297 1909 3353 falsum
1955 3300 2120 3354 testi-

2227 3301 2340 3355 ριον
2365 3285 2602 3340 οἰκείτω.
2629 3287 2692 3339 El
2711 3287 2776 3339 δέ
2803 3288 2891 3340 ἐπὶ
2919 3289 3300 3362 ἐγκληματικῇ
3328 3293 3476 3363 αἰτίᾳ
3500 3295 3825 3367 ψευδομαρ-

556 3379 800 3433 niortium
840 3380 1040 3436 dixerit
1089 3383 1142 3436 in
1176 3397 1340 3438 causa
1375 3385 1671 3450 eriminali,
1707 3387 1966 3441 clericatu
1997 3405 2122 3458 spo-

2223 3379 2458 3451 τυρὴσῃ,
2491 3379 2816 3450 γυμνούσθω
2845 3380 2938 3434 τοῦ
2973 3383 3203 3454 κλήρου,
3224 3379 3331 3440 ’καὶ
3362 3389 3613 3460 νομίμως
3643 3409 3827 3462 τιμω-

551 3469 710 3522 liator
745 3479 799 3525 et
831 3471 1127 3526 secundum
1163 3474 1309 3544 leges
1359 3475 1601 3543 punitor,
1653 3477 1795 3532 sicut
1823 3487 1877 3532 et
1931 3479 2122 3548 reliqui

2228 3473 2460 3544 ρείσοω,
2496 3473 2555 3526 ὃν
2586 3475 2786 3546 τρόπον
2823 3476 2915 3529 καὶ
2957 3477 3006 3530 οί
3045 3477 3226 3533 λοιποί⁵
3271 3480 3527 3552 κληρικοὶ
3568 3486 3632 3538 ἐν
3665 3488 3830 3566 πάσῃ

549 3558 759 3626 clerici,
825 3561 919 3632 qui
987 3563 1180 3632 quavis
1243 3565 1298 3620 in
1369 3581 1538 3620 causa
1607 3566 1730 3622 falsi
1801 3577 1968 3625 testes
2002 3567 2120 3624 fue-

2225 3562 2376 3635 αίτίςι
2403 3562 3045 3636 ψευδομαρτυρήσαντες.

552 3647 682 3701 rittt.

621 3737 694 3793 De
728 3740 917 3798 litibus
947 3744 1210 3802 adversus
1259 3747 1492 3803 clericos
1549 3750 1882 3820 pecuniariis
1915 3766 2124 3822 cogno-

2295 3748 2406 3812 Τὰς
2453 3748 2592 3802 κατὰ
2636 3748 2744 3803 τῶν
2797 3749 3077 3820 κληρικῶν
3122 3753 3472 3823 χρηματικὰς
3521 3755 3825 3824 ὑποθέσεις

547 3838 668 3882 seat
703 3833 996 3904 episcopus
1028 3844 1082 3892 et
1123 3837 1368 3908 judicata
1406 3858 1605 3912 prmses
1639 3854 1994 3913 exsequatur,
2046 3847 2123 3900 si-

2226 3843 2458 3912 κρινέτω
2502 3843 2529 3894 6
2573 3827 2892 3904 ἐπίσκοπος,¹
2933 3841 3028 3894 καὶ
3071 3844 3100 3896 6
3143 3843 3328 3913 ἄρχων
3369 3844 3717 3910 ἐκδιὸαζέτω
3757 3852 3828 3905 τὰ

547 3921 767 3986 quidem
837 3925 1116 3996 litigantes
1184 3931 1238 3986 in
1294 3932 1399 3988 hoc
1463 3936 1969 4006 corresponderint.
2025 3937 2123 3992 Sin

2225 3933 2518 4002 κριθέντα,
2557 3933 2610 3984 ετ
2643 3949 2704 4001 γε
2744 3933 3091 4002 στοιχήσαιεν
3123 3937 3223 3988 καὶ
3256 3935 3306 3988 ot
3342 3937 3720 4007 δικαζόμενοι.
3763 3945 3829 3998 Et

547 4015 808 4070 alteruter
859 4033 1048 4074 eorum
1099 4021 1243 4076 intra
1293 4023 1481 4080 decem
1541 4017 1665 4083 dies.
1705 4029 2121 4094 contradixerit,

2225 4025 2283 4077 δέ
2317 4021 2545 4104 θάτερος
2577 4021 2758 4076 αὐτῶν
2785 4025 2916 4076 εἴσω
2947 4023 3084 4078 δέκα
3116 4025 3340 4095 ἡμερῶν
3371 4027 3624 4080 ἀντείποι
3646 4069 3663 4096 ,
3727 4033 3830 4099 ἐξ.

549 4107 874 4164 sententiam
899 4127 1102 4181 praeses
1135 4117 1426 4177 examinet,
1464 4134 1528 4172 ac
1563 4119 1608 4174 si
1662 4129 1808 4174 recte
1860 4134 2121 4193 concepta

2225 4115 2466 4180 εταζέτω
2507 4117 2606 4185 τὴν
2643 4115 2824 4189 ψῆφον
2867 4117 2895 4168 6
2938 4115 3124 4186 ἄρχων
3164 4119 3259 4170 καὶ
3289 4117 3322 4188 ἢ
3357 4119 3652 4189 κουροῦτου
3701 4124 3826 4193 lla.

549 4195 643 4260 sit,
672 4211 792 4251 eam
822 4201 1076 4266 ratificet,
1111 4207 1260 4258 omni
1313 4207 1573 4276 deinceps
1606 4211 1973 4278 appellatione
2005 4229 2122 4268 ces-

2227 4207 2499 4280 κυρούτω]
2536 4207 2705 4277 αὐτὴν
2739 4207 2916 4276 ὀρθῶς
2950 4207 3218 4278 ἔχουσαν,
3256 4211 3436 4281 πάσης
3467 4211 3655 4268 λοιπὸν
3687 4234 3826 4288 σχο-

548 4297 736 4351 sante;
793 4292 873 4345 vel
926 4296 1071 4362 quod
1135 4296 1236 4350 sibi
1293 4297 1528 4364 videtur,
1585 4302 1946 4368 pronuntiet:
2011 4319 2120 4373 quo

2225 4301 2494 4370 λαζούσης
2527 4299 2794 4370 ἐκκλήτου
2817 4316 2832 4330 ο
2868 4300 2900 4371 ἢ
2938 4300 2998 4352 τὸ
3031 4299 3223 4354 δοκοῦν
3255 4303 3684 4372 ἀποφαινέσθω,
3723 4311 3828 4365 ἐκ·

549 4395 679 4432 ιῐῑι811
715 4381 783 4433 ab
814 4381 935 4452 ejus
974 4385 1246 4438 sententia
1277 4396 1450 4442 restat
1479 4389 1796 4458 appellatio.

1788 4431 1796 4444 .
2159 4453 2194 4464 ﬁ
2226 4391 2424 4462 κλήτου
2456 4391 2826 4463 ὑποκειμένης
2855 4393 2953 4458 τῆς
2983 4394 3158 4464 αὐτῆς
3189 4393 3394 4464 ψήφου.

622 4469 947 4542 Ιερίεςοριιε,
989 4475 1081 4542 qui
1133 4474 1292 4544 jussu
1330 4477 1683 4548 imperatorio
1713 4483 1794 4536 vel
1850 4484 2118 4553 praesidali
2159 4453 2200 4506 Β

2308 4453 2670 4547 Ἐπίσκοπος,
2711 4453 3125 4553 ἐκβασιλικῆς.
3155 4453 3472 4556 ἢιὰίρχικῆς
3511 4488 3826 4557 κελεῦσεως

547 4577 770 4615 causam
801 4563 951 4629 adit,
1010 4567 1432 4636 appellationem
1487 4571 1843 4629 subsecutam
1891 4576 1958 4631 ad
1995 4593 2118 4632 eum

2223 4579 2574 4649 ἀκροώμενος
2601 4577 2938 4642 ὑποθέσεως,
2965 4577 3045 4647 τῷ
3075 4580 3510 4650 παραπέμψαντι
3541 4584 3694 4655 αὐτῷ
3717 4589 3823 4659 τὴν

550 4656 769 4719 referat,
802 4659 893 4726 qui
927 4674 1150 4714 causam
1184 4661 1250 4715 ad
1285 4661 1462 4733 ipsum
1491 4667 1818 4722 transmisit.

2223 4671 2378 4740 δίκην
2407 4669 2507 4742 τὴν
2536 4669 2877 4724 ἐπιδοθεῖσαν
2909 4668 3173 4740 ἔκκλητον
3203 4671 3545 4740 ἀναφερέτω.

623 4749 678 4800 Si
713 4750 948 4807 clericus
994 4755 1138 4823 apud
1188 4756 1504 4826 episcopum
1568 4775 1727 4815 suum
1765 4763 2122 4819 eriminalitcr

2309 4763 2430 4815 Ἐὰν
2461 4761 2720 4832 κληρικδς
2753 4761 2903 4832 παρὰ
2931 4759 3006 4830 τῷ
3043 4762 3158 4830 ἰδίῳ
3193 4763 3484 4832 ἐπισκόπῳ
3517 4767 3813 4838 ἐκκλησια-

549 4851 858 4909 arcuscltlt‘,
919 4854 1043 4915 post
1091 4847 1339 4903 criminis
1393 4852 1770 4918 prohationem
1817 4849 2116 4926 ’depooitor

2227 4855 2425 4918 στικῶς
2461 4855 2853 4924 κατηγορῆται,
2889 4852 3262 4922 καθαιρείσθω
3296 4854 3416 4922 μετ’
3439 4853 3690 4926 ἔλεγχον,
3726 4861 3819 4912 κού⁵

549 4944 602 4988 et
629 4933 799 5001 judiri
839 4941 1164 5007 competenti
1213 4942 1276 4996 ad
1311 4959 1500 5012 pmnas
1532 4948 1784 5000 traditor.
1825 4948 1883 5002 Si
1918 4965 2118 5018 praeses

2224 4947 2302 5018 τῷ
2334 4947 2631 5019 προσφόρῳ
2663 4945 2888 5015 δικαστῇ
2927 4944 3305 5016 παραδιδόσθω
3341 4946 3481 5016 πρὸς
3511 4949 3816 5020 τιμωρίαν.

548 5029 757 5083 crimen
790 5032 1065 5086 examinat
1117 5045 1170 5088 et
1217 5033 1478 5090 clericum
1534 5054 1684 5092 reum
1720 5039 2118 5108 deprehendit;

2225 5043 2285 5094 Ei
2312 5042 2366 5093 δὲ
2395 5042 2424 5093 6
2448 5040 2630 5110 ἄρχων
2657 5037 2901 5112 ἐξετάζει
2929 5038 2990 5091 τὸ
3020 5037 3295 5109 ἔγκλημα,
3323 5039 3509 5110 ἔνοχον
3534 5042 3704 5096 αὐτὸν
3730 5045 3822 5096 εὑ-

547 5129 664 5172 aeta
733 5121 914 5175 mittat
945 5122 1228 5196 episcopo,
1285 5128 1443 5184 ut'is
1473 5145 1598 5183 eum
1653 5130 1893 5200 deponat
1947 5143 2001 5188 et
2056 5137 2119 5187 ad

2226 5135 2448 5200 ρίσκων,
2481 5133 2747 5202 πεμπέτω
2774 5129 2852 5200 τῷ
2882 5131 3168 5200 ἐπισκόπει)
3199 5131 3268 5184 τὰ
3298 5134 3702 5202 πεπραγμένα,
3730 5136 3819 5204 ἐφ’

549 5231 762 5279 pinnam
795 5217 994 5272 tradat.
1034 5219 1304 5288 Episcopo
1353 5222 1784 5288 contradicente,
1840 5241 1948 5278 una
1994 5242 2118 5278 eum

2222 5221 2266 5294 ᾧ
2305 5226 2551 5279 καθελεῖν
2585 5225 2750 5278 αὑτὸν
2814 5223 2910 5276 καὶ
2949 5223 3292 5293 παραδοῦναι
3337 5224 3476 5295 πρὸς
3515 5229 3819 5298 τιμωρίαν.

547 5323 665 5370 σίοεο
699 5308 762 5362 ad
796 5310 1179 5378 imperatorem
1216 5323 1338 5366 acta
1395 5315 1618 5378 referat,
1652 5316 1880 5384 ejusque
1915 5317 2120 5386 juSsio-

2236 5317 2638 5383 Ἀντιλέγοντος
2687 5315 2743 5368 δέ
2793 5314 2888 5368 τοῦ
2940 5317 3244 5368 ἐπισκόπου
3268 5356 3284 5379 ,
3339 5317 3666 5384 ἀναφερέτω
3720 5319 3819 5372 σὺν

549 5413 667 5449 nem
721 5399 786 5452 de
822 5399 954 5460 ipsis
988 5411 1290 5472 etSpeetet.
1329 5403 1537 5458 Interea
1575 5405 1812 5461 clericus
1846 5407 1950 5462 sub
1986 5409 2122 5475 legi-

2222 5411 2371 5478 αὑτῷ
2407 5409 2615 5480 βασιλεῖ
2644 5410 2712 5462 τὰ
2749 5407 3143 5480 πεπραγμένα,
3179 5407 3274 5460 καὶ
3307 5408 3408 5476 τὴν
3441 5409 3572 5477 περὶ
3605 5410 3822 5464 τούτων

552 5491 584 5538 ti
613 5508 676 5541 un
714 5493 926 5544 cautela
961 5495 1048 5545 sit.

2223 5498 2540 5569 ἀναμενέτω
2569 5498 2840 5563 κέλευσιν.
2877 5498 2938 5550 '0
2970 5497 3028 5551 δὲ
3061 5496 3321 5567 κληρικδς
3355 5497 3460 5551 ὑπὸ
3489 5500 3731 5569 νομικὴν
3760 5503 3821 5554 ἐν

2222 5593 2298 5660 τῷ
2333 5591 2535 5658 μεταξὺ
2564 5589 2807 5657 γενέσθω
2838 5591 3164 5658 ἀσφάλειαν.

620 5675 672 5724 Si
707 5675 994 5742 t'pisctqttts
1051 5688 1268 5730 recuset
1325 5687 1419 5731 aut
1480 5679 1697 5734 differat
1751 5681 2118 5750 cognitionem

2307 5683 2430 5733 Ἐὰν
2451 5681 2478 5734 6
2509 5681 2806 5740 ἐπίσκοπος
2833 5683 3186 5747 παραιτεῖται
3211 5679 3245 5748 ἢ
3281 5679 3634 5750 ὑπερτίθεται
3661 5683 3818 5734 δικά-

551 5769 877 5832 ι›‹ιιίιειί;ιιί.ιι
930 5771 1060 5834 litis,
1116 5771 1378 5826 adversus
1421 5775 1684 5826 clericum
1719 5793 1877 5829 suum
1935 5785 2116 5838 metm,

2231 5790 2313 5825 σαι
2350 5773 2416 5840 τῇ
2449 5771 2584 5831 κατᾶ
2615 5769 2707 5822 τοῦ
2739 5768 2940 5821 οἰκείου
2973 5768 3238 5836 κληρικοῦ
3271 5769 3562 5840 κινουμένῃ
3592 5787 3814 5841 χρημα-
