4066 6384
259 322 390 388 1281

1299 318 1637 383 CONSTIT.
1683 318 1981 383 ECCLES.
2025 324 2455 384 COLLECTiO.

3386 324 3521 386 1389

249 442 380 507 τικῆ
415 438 687 500 ὑποθέσει,
719 439 747 489 6
779 436 963 507 ἄρχων
991 435 1191 504 ταύτης
1225 436 1538 505 ἀκροάσθω,
1571 434 1831 499 ἐνυπὸθη·

1944 450 2146 504 praeses
2176 451 2293 488 eam
2327 435 2539 499 audiat,
2592 442 2887 502 przrstante
2942 433 3255 488 cautionem
3316 435 3520 488 clerico

248 549 346 585 κον
369 530 657 600 ὁμολογίαν
677 532 841 601 ὅρκου
865 530 1031 600 χωρὶς
1059 528 1410 597 ἐκτιθεμένου
1433 529 1523 579 τοῦ
1549 526 1830 598 κληρικοῦ.

251 626 313 676 Η
344 624 399 676 δὲ
432 624 863 693 ἐκκλησιαστικὴ
898 622 1045 693 αὐτῷ
1078 621 1307 692 ζήτησις
1341 621 1640 688 ἐπάγεται,
1678 620 1836 689 μόνος

247 721 275 771 6
307 717 608 779 ἐπίσκοπος
636 719 842 788 ταύτην
876 718 1126 787 κρινέτω.

338 808 659 861 Ἑπίσκοποί
688 825 839 870 τινας
869 808 989 860 κατ’
1016 807 1262 877 ἀλλήλων
1290 807 1440 859 κινού
1458 824 1585 858 ίτων
1614 803 1723 878 [ἵσ.
1755 821 1836 856 κι-

247 900 493 972 νοῦντες]
527 902 707 963 αἰτίας
742 900 892 970 παρὰ
924 898 1003 968 τῷ
1042 898 1154 969 ἰδίῳ
1188 899 1595 963 δικαζέσθωσαν
1632 912 1837 967 μητρο-

250 995 467 1066 πολίτῃ,
499 991 968 1063 συνακροωμένων
995 992 1086 1045 δύο
1114 992 1429 1045 ἐπισκόπων
1456 990 1557 1058 τῆς
1589 990 1830 1042 συνόδου.

249 1084 497 1156 Θατέρου
529 1085 583 1137 δὲ
619 1085 695 1154 μὴ
726 1085 1066 1153 στοιχοῦντος
1094 1087 1159 1154 τῇ
1190 1085 1395 1136 τούτων
1427 1085 1607 1155 κρῖσει
1628 1124 1639 1142 ,
1673 1083 1701 1135 6
1734 1084 1838 1151 ἀρ’

254 1177 437 1245 μόδιος
478 1176 820 1246 πατριάρχης
861 1175 1104 1240 ἐξετάσει
1144 1178 1241 1246 τὴν
1276 1175 1477 1244 ψῆφον,
1524 1175 1597 1244 μὴ
1642 1174 1834 1236 δεδιὼς

249 1268 532 1337 ἔκκλητον.

322 1359 740 1430 Μητροπολίτης
784 1358 838 1412 δὲ
878 1360 1204 1428 ὲναγόμενος
1250 1360 1403 1428 παρὰ
1440 1357 1517 1424 τῷ
1561 1358 1673 1426 ἰδίῳ
1718 1374 1837 1422 κρι-

249 1447 425 1501 νέσθω
463 1449 794 1519 πατριάρχῃ.
834 1449 891 1500 Ὀ
927 1449 1087 1508 αὐτὸς
1118 1447 1175 1499 δὲ
1210 1446 1563 1513 φυλαττέσθω
1585 1446 1833 1514 τρακτᾶ-

210 1558 223 1571 κ
249 1559 337 1603 τος
368 1542 462 1594 καὶ
490 1541 582 1593 ἐπὶ
608 1540 891 1611 κληρικοῦ,
918 1542 994 1609 τῷ
1028 1539 1141 1610 ἰδίῳ
1170 1539 1454 1605 ἐνάγοντος
1484 1538 1769 1606 ἐπισκόπῳ
1799 1537 1830 1605 ἢ

254 1632 647 1703 μητροπολίτῃ.
678 1634 759 1685 Τὰ
784 1633 837 1686 δὲ
871 1632 1131 1702 εἰρημένα
1160 1631 1378 1685 ἅπαντα
1409 1631 1695 1698 πρόσωπα,
1726 1630 1834 1682 εἴτε

251 1726 404 1794 παρὰ
425 1727 535 1787 τοῖς
568 1724 720 1787 ἰδίοις
748 1726 1092 1788 ἐπισκόποις,
1121 1724 1153 1792 ἢ
1190 1722 1638 1794 μητροπολίτκις,
1668 1722 1699 1788 ἧ
1743 1738 1836 1772 πα·

250 1816 538 1886 τριάρχαις
571 1815 911 1880 δικάζονται,
949 1816 1060 1868 εἴτε
1098 1815 1227 1885 παρ’
1255 1817 1463 1884 ἑτέροις
1495 1813 1638 1865 τισίν
1665 1831 1677 1842 ·
1714 1813 1836 1863 οὗτε

250 1908 307 1960 δὲ
340 1908 568 1976 ἐγγύην,
595 1908 719 1961 οὔτε
751 1907 1056 1977 ἑξωμοσίαν
1084 1908 1224 1976 ὑπὲρ
1253 1908 1351 1977 τῆς
1378 1907 1533 1976 δίκης
1568 1904 1836 1975 παρέχον-

254 2016 360 2066 σιν,
392 2000 529 2052 ἀλλὰ
564 2001 725 2071 μόνον
756 2001 1030 2069 ύπόθηκον
1058 2001 1334 2055 cautiona.

324 2177 438 2239 ῐιᾶς
467 2175 752 2247 κληρικος,
786 2160 1003 2245 εὐαγῶν
1029 2178 1210 2230 τόπων
1235 2177 1514 2249 διοικητὴς
1539 2176 1637 2242 ὢν,
1669 2178 1837 2231 ἁπαι-

251 2267 454 2321 τείσθω
500 2269 601 2320 ὅσα
646 2268 712 2320 ἂν
756 2267 1216 2336 λογοθετούμενος
1266 2270 1460 2337 φανείη
1509 2269 1837 2339 χρεωστῶν,

256 2360 349 2413 καὶ
401 2361 538 2428 μετὰ
585 2360 915 2431 καταϐολὴν,
965 2361 1013 2412 εἰ
1062 2361 1210 2430 λέγει
1260 2362 1459 2425 ἀδίκως
1506 2363 1837 2430 εύθυνθῆναι

256 2451 360 2503 ὑπὸ
383 2450 478 2504 τοῦ
509 2450 637 2504 ἰδίου
668 2452 989 2516 ἐπισκόπου,
1019 2453 1109 2505 τὸν
1139 2453 1362 2523 μείζονα
1390 2454 1689 2507 ἐπίσκοπον
1720 2458 1839 2507 ἐπι-

251 2541 523 2595 καλείσθω
543 2556 557 2570 ⁸
587 2541 1053 2614 τούτωνδὲχόντων
1081 2548 1264 2615 χώραν
1292 2547 1386 2598 καὶ
1422 2546 1515 2598 ἐπὶ
1542 2546 1648 2600 τῶν
1673 2548 1837 2599 αὐτοῦ

209 2685 215 2689 .
253 2634 627 2704 κληρονόμων.

331 2813 390 2864 '0
417 2810 678 2882 κληρικὶς
707 2812 858 2883 παρὰ
887 2813 1114 2884 γνώμην
1138 2812 1233 2867 τοῦ
1265 2814 1397 2868 ίδίου
1425 2816 1726 2868 ἐπισκόπου
1760 2814 1833 2884 μὴ

248 2904 622 2974 ἀποδημείτω,
648 2904 743 2967 τὰς
768 2906 1176 2976 προειρημένας
1198 2907 1392 2969 ποινὰς
1414 2906 1643 2960 εὐλαϐού
1652 2924 1833 2977 μενος,

247 2994 313 3058 ἃς
341 2995 483 3048 κατὰ
509 2994 616 3047 τῶν
642 2996 960 3049 ἐπισκόπων
992 2998 1272 3067 ἐπήγαγεν
1304 2999 1336 3067 ἡ
1364 2996 1635 3065 διάταξις.

321 3087 434 3150 Πᾶς
495 3086 554 3138 δὲ
601 3086 934 3153 ἐπίσκοπος,
985 3088 1376 3160 εὑρισκόμενος
1419 3091 1477 3144 ὲν
1523 3091 1834 3161 Βυζαντίῳ,

248 3181 401 3249 παρὰ
444 3180 627 3250 μόνοις
660 3183 774 3243 τοῖς
816 3180 1077 3250 ἐπάρχοις
1117 3180 1150 3252 ἢ
1186 3184 1298 3245 τοῖς
1340 3182 1504 3244 θείοις
1544 3182 1828 3246 δικασταῖς

247 3273 527 3340 ἐναγέσθω
548 3313 562 3337 ,
597 3274 655 3324 ὲν
683 3265 728 3340 ᾧ
755 3273 947 3342 γέγονε
981 3275 1358 3344 προκάταρξις
1386 3275 1444 3326 ἐν
1471 3277 1537 3345 τῇ
1573 3274 1794 3344 πατρίδι
1821 3292 1833 3305 ·

243 3367 382 3419 ὅπου
424 3366 534 3436 γὰρ
573 3368 607 3436 ὴ
650 3365 1059 3437 προκάταρξις,
1096 3369 1188 3420 καὶ
1233 3370 1292 3419 “rb
1332 3368 1508 3437 πέρας
1547 3368 1645 3437 τῆς
1681 3368 1836 3438 δίκης

243 3460 610 3527 γυμνάζεται.

330 3553 388 3606 '0
421 3553 838 3626 ἁποκρισιάριος
868 3552 943 3623 μὴ
974 3552 1253 3621 ὲναγέσθω
1284 3553 1424 3622 ὑπὲρ
1448 3553 1558 3605 τῶν
1585 3554 1836 3605 ἀποστει-

242 3648 451 3701 λάντων
482 3648 666 3699 αὐτόν.
701 3646 762 3699 Εἰ
796 3645 852 3697 δὲ
892 3647 986 3697 καὶ
1024 3645 1248 3707 ἐντολὰς
1282 3645 1465 3712 ἐνάγει
1494 3649 1622 3708 τινἰ,
1652 3647 1835 3698 ἁντενυ

243 3739 488 3809 αγέσθω.
532 3739 766 3810 Ὁμοίως
810 3739 867 3791 δὲ
917 3739 1015 3792 καὶ
1065 3738 1204 3809 ὑπὲρ
1255 3733 1329 3792 ὧν
1375 3739 1672 3809 συνήλλαξε
1715 3743 1834 3803 ταῖς

243 3834 572 3902 ἀποκρίσεσι
614 3830 900 3885 διακονῶν.
938 3831 1124 3885 Ταῦτα
1164 3833 1258 3885 καὶ
1302 3833 1433 3899 περὶ
1466 3832 1576 3885 τῶν
1610 3834 1834 3884 ἐπισκό-

243 3939 364 3975 πων
401 3924 628 3994 κρατεῖ,
666 3922 755 3974 διὰ
790 3924 1133 3993 χειροτονίαν
1169 3922 1202 3993 ἢ
1245 3924 1544 3993 πρεσϐείαν
1581 3923 1833 3975 ἀνελθόν-

240 4034 355 4067 των
388 4017 445 4068 ὲν
482 4017 1051 4069 Κωνσταντινουπὸλει
1081 4057 1095 4082 ,
1128 4016 1238 4069 τῶν
1273 4016 1502 4086 χρονίων
1543 4033 1831 4086 παραγρα-

241 4108 363 4177 φῶν
392 4111 455 4160 ἐκ
483 4107 584 4177 τῆς
613 4108 798 4161 αὐτῶν
825 4108 1153 4178 ἁπολὴψεως
1188 4107 1263 4179 μὴ
1298 4102 1709 4177 βλαπτομένων.

331 4200 389 4251 '0
426 4200 687 4270 κληρικδς
722 4201 816 4253 καὶ
849 4203 875 4253 ὁ
912 4202 1147 4271 μοναχὸς
1182 4201 1276 4254 καὶ
1307 4200 1372 4253 δι’
1398 4200 1609 4253 ἑαυτῶν
1642 4202 1732 4253 καὶ
1765 4202 1832 4255 δι’

239 4292 504 4344 ιντο).έων
537 4292 869 4361 ὲνυϐρίστως
906 4294 1274 4360 ὲναγέτωσαν.
1308 4292 1631 4363 Μονάστρια
1664 4293 1722 4345 δὲ
1756 4292 1832 4361 μὴ

232 4376 567 4452 νάφελκέσθω
599 4386 691 4436 τού
737 4386 1136 4455 μοναστηρίου,
1181 4386 1317 4439 ἀλλὰ
1351 4385 1419 4438 δι’
1451 4386 1709 4449 ἐντολέως
1740 4389 1830 4438 ὲν-

236 4471 465 4540 αγέσθω
487 4511 503 4538 ,
543 4473 638 4525 τοῦ
675 4475 1106 4543 παραόαίνοντος
1140 4475 1394 4529 δικαστοῦ
1413 4476 1509 4546 τῆς
1545 4476 1719 4547 ζώνης
1737 4495 1829 4545 γυο

241 4567 549 4637 μνουμένου
565 4581 580 4597 ⁸
602 4564 695 4619 τοῦ
720 4565 776 4619 δὲ
801 4567 1129 4621 ὲκδιὸαστοῦ
1154 4571 1287 4639 πρὸς
1310 4567 1385 4641 [in
1404 4571 1513 4623 alio
1531 4587 1633 4624 ms.
1656 4570 1829 4641 παρὰ]

236 4660 354 4720 τοῖς
407 4661 718 4728 εἰρημένοις
773 4657 1203 4729 βασανιζομένου
1256 4664 1351 4715 καὶ
1402 4662 1781 4733 ἐξοριζομένου
1813 4680 1828 4693 ·

232 4752 429 4805 ἄδειαν
462 4750 679 4816 ἔχοντος
710 4751 804 4804 τοῦ
848 4752 1149 4805 ἐπισκόπου
1190 4753 1419 4822 μηνύειν
1455 4753 1669 4823 βασιλεῖ
1703 4756 1831 4825 περὶ

234 4860 453 4896 τουτου.

316 5122 592 5192 Κληρικὺς
627 5120 895 5184 αἰτιαθεὶς
924 5122 1165 5192 τέσσαρα
1204 5123 1437 5192 κεράτια
1478 5124 1621 5194 λόγῳ
1661 5141 1829 5196 σπορο

233 5212 446 5264 τούλων
488 5213 793 5282 παρεχέτω.
840 5214 901 5264 Εἰ
945 5211 1001 5264 δὲ
1048 5214 1106 5265 ὲν
1150 5214 1444 5283 ἐπαρχίαις
1488 5214 1630 5267 κατὰ
1677 5213 1827 5271 θείαν

240 5306 493 5361 κέλευσιν
542 5306 574 5375 ἢ
628 5306 1068 5375 πατριαρχικὴν,
1118 5305 1150 5375 ἢ
1208 5305 1467 5374 ἄρχοντος
1524 5308 1827 5377 ἐπιτροπὴν

238 5400 411 5470 σταλῇ
444 5399 579 5469 πρὸς
610 5398 808 5459 αὐτοὺς
841 5397 1192 5467 ἐκϐιὸαστὴς,
1223 5398 1478 5467 χρύσινον
1505 5406 1573 5454 α’.
1611 5402 1824 5456 Πολλῶν

234 5496 298 5549 δὲ
331 5494 472 5563 ὑπὲρ
509 5492 637 5562 μιᾶς
672 5492 847 5554 αἰτίας
885 5492 1363 5561 ύπομνησθέντων,
1399 5491 1458 5544 ἓν
1492 5494 1825 5563 σπόρτουλον

235 5586 384 5654 ὑπὲρ
413 5587 630 5640 πάντων
657 5585 901 5641 διδόσθω.
937 5585 1265 5646 Ἐπίσκοπος
1294 5586 1349 5638 δὲ
1381 5586 1648 5650 αἰτιαθεὶς
1682 5589 1822 5659 ὑπὲρ

241 5679 382 5737 ἰδίας
418 5680 596 5743 αἰτίας
631 5678 822 5732 διδότω
858 5679 1185 5749 σπόρτουλα.
1223 5679 1506 5751 Μηδαμῶς
1539 5681 1597 5734 δὲ
1630 5684 1823 5750 ἐναγέ-

241 5774 354 5826 σθω
387 5773 527 5842 ὑπὲρ
558 5775 654 5843 τῆς
689 5772 821 5834 ἰδίας
851 5774 1177 5842 ἐκκλησίας,
1212 5774 1327 5828 ἀλλ’
1350 5777 1377 5828 6
1408 5778 1689 5846 οἰκονόμος
1723 5780 1819 5831 αύ-

1947 529 2050 582 sub
2082 527 2405 581 facultatum
2461 541 2683 582 suarum
2733 526 3091 597 obligatione,
3147 527 3285 581 citra
3337 527 3522 597 jusju-

1944 622 2197 675 randum.
2226 620 2321 675 Sin
2358 620 2735 675 ccclesiastica
2770 620 2835 675 lis
2889 620 2939 674 ei
2991 619 3318 683 intentatur,
3370 626 3521 673 solus

1942 708 2233 777 episcopus
2265 709 2318 760 in
2356 709 2445 760 illa
2473 709 2639 775 judex
2673 719 2815 763 esto.

2012 799 2148 853 Cum
2181 801 2425 871 episcopi
2460 802 2587 857 lites
2621 802 2889 857 adversus
2922 817 2982 856 se
3016 803 3250 857 invicem
3280 813 3520 866 movent,

1943 891 2086 960 apud
2126 895 2608 963 metropolitanum
2644 910 2803 949 suum
2839 895 3221 964 experiantur,
3262 911 3367 949 una
3394 911 3518 948 cum

1944 986 2035 1038 illo
2060 985 2277 1041 duohus
2303 988 2581 1056 episcopis
2603 1002 2632 1041 e
2664 988 2899 1041 concilio
2927 1001 3125 1041 causas
3150 987 3521 1041 audientibus.

1942 1074 2097 1140 Quod
2133 1078 2176 1129 si
2216 1075 2412 1129 horum
2448 1078 2714 1131 alteruter
2772 1091 2878 1129 non
2922 1076 3253 1130 assentiatur
3307 1075 3520 1129 illorum

1939 1168 2173 1235 judicio,
2208 1168 2517 1235 patriarcha
2550 1179 2868 1237 competens
2923 1168 3258 1223 scntmtiam
3316 1181 3525 1220 exami-

1943 1259 2111 1319 nabit,
2148 1259 2352 1311 nullam
2394 1259 2605 1313 veritus
2639 1259 3095 1328 appellationem.

2012 1350 2168 1415 Quod
2249 1349 2293 1405 si
2354 1351 2808 1416 lttelt'opolilutltls
2880 1352 2969 1412 sit,
3031 1348 3125 1419 qui
3179 1351 3518 1407 convenitur.

1943 1441 2089 1510 apud
2126 1441 2499 1509 patriarcham
2542 1457 2701 1495 suum
2729 1441 3031 1511 jndicator.
3068 1443 3215 1496 Idem
3253 1448 3523 1494 tractatus

1943 1538 2193 1584 servator
2218 1530 2382 1585 etiam
2419 1530 2472 1583 in
2507 1530 2730 1593 clerico,
2771 1531 2863 1600 qui
2898 1547 3058 1585 suum
3093 1530 3351 1584 convenit
3402 1530 3526 1597 epi-

1942 1637 2193 1692 scopum,
2268 1632 2364 1677 aut
2433 1624 2940 1691 metropolitanum.
2997 1623 3268 1677 (la-terum
3331 1638 3523 1677 omnes

1944 1715 2199 1769 iudicatae
2230 1730 2504 1784 personae,
2561 1717 2675 1770 sive
2707 1716 2847 1785 apud
2900 1715 3185 1784 episcopos
3237 1729 3393 1780 suos,
3430 1727 3524 1769 aut

1877 1801 1917 1853 Β
1948 1809 2425 1876 ntetropolitanos,
2448 1818 2541 1861 aut
2576 1807 2919 1877 patriarchas
2943 1808 3181 1876 litigant.
3219 1806 3335 1862 sive
3360 1808 3522 1861 etiam

1943 1900 2087 1966 apud
2121 1899 2260 1953 alios
2289 1901 2597 1969 quosdam;
2653 1914 2753 1953 nec
2793 1898 3223 1969 ﬁllejttssionetrt,
3259 1899 3343 1951 vel
3369 1898 3526 1966 jura-

1943 1988 2137 2041 toriam
2175 1988 2484 2042 cautionem
2518 1988 2631 2041 litis
2682 1988 2907 2042 nomine
2965 1994 3254 2057 praestant,
3301 1990 3397 2041 sed
3438 2004 3527 2042 so-

1945 2081 2050 2134 lam
2097 2080 2450 2134 securitatem
2484 2080 2588 2133 sub
2616 2079 2880 2133 bonorum
2914 2079 3268 2147 obligatione.

2013 2173 2093 2227 Ab
2117 2172 2263 2227 onmi
2288 2174 2507 2235 clerico,
2537 2172 2629 2241 qui
2656 2154 3036 2241 religiosorum
3072 2170 3316 2223 locorum
3352 2167 3525 2222 aimi-

1942 2276 2207 2321 utstrator
2245 2276 2346 2327 est.
2380 2264 2671 2334 cxiguntor
2701 2279 2763 2316 ea
2824 2277 3169 2332 qiuecunque
3208 2256 3527 2316 constiterit

1943 2372 2067 2410 eum
2126 2356 2349 2415 debere.
2385 2371 2508 2409 cum
2550 2357 2792 2409 rationes
2831 2354 2898 2408 ad
2947 2355 3068 2422 ipso
3101 2355 3428 2419 redduntur,
3462 2371 3525 2408 ae

1944 2447 2222 2503 solutione
2254 2448 2427 2511 facta,
2462 2448 2509 2502 si
2553 2446 2699 2501 dicat
2734 2448 2939 2516 injuste
2969 2450 3212 2503 rationes
3245 2459 3466 2503 exactas
3498 2466 3525 2501 a

1942 2556 2003 2596 se
2032 2556 2129 2610 per
2160 2542 2479 2611 episcopum
2516 2556 2703 2607 suum,
2748 2542 3068 2610 episcopum
3123 2542 3386 2612 majorem
3426 2544 3527 2597 itu-

1944 2635 2116 2702 ploret
2147 2650 2162 2688 :
2203 2634 2287 2688 his
2320 2635 2459 2703 ipsis
2497 2634 2677 2688 locmu
2732 2633 3068 2688 habentibus
3119 2634 3284 2688 etiam
3324 2634 3377 2688 in
3409 2634 3520 2688 ha:-

1943 2725 2168 2779 redibus
2200 2724 2345 2794 ejus.

2014 2840 2261 2895 Clericus
2297 2850 2493 2908 praeter
2529 2839 3144 2911 voluntatem‘episcopi
3175 2843 3255 2895 sui
3296 2858 3524 2914 peregre

1943 2947 2011 2987 ne
2059 2933 2451 3001 proﬁciscitur,
2505 2933 2795 3001 praedictas
2854 2948 3044 3000 poenas
3098 2936 3327 2999 veritus,
3385 2952 3527 3005 quas

1944 3024 2208 3080 adversus
2244 3027 2529 3094 episcopos
2571 3026 2686 3078 haec
2720 3026 3051 3080 constitutio
3084 3028 3301 3081 statuit.

1865 3150 1910 3215 Ο
2015 3117 2207 3173 Omnis
2261 3118 2571 3187 cpiscopus,
2613 3118 2703 3188 qui
2741 3118 2984 3189 Byzantii
3037 3120 3328 3187 reperitur,
3379 3123 3522 3190 apud

1944 3210 2092 3265 solos
2124 3211 2410 3281 praefectos
2444 3212 2721 3279 praetorio,
2780 3213 2865 3266 vel
2900 3212 3115 3265 divinos
3140 3211 3356 3278 judices
3388 3230 3523 3268 con-

1941 3309 2175 3371 venitor,
2230 3307 2298 3361 de
2332 3324 2441 3378 quo
2478 3309 2713 3378 primum
2750 3308 2892 3361 facta
2926 3316 3010 3363 est
3046 3308 3154 3362 litis
3186 3311 3515 3364 contestatio

1941 3400 1996 3454 in
2041 3399 2238 3469 patria.
2274 3398 2375 3454 Ubi
2428 3402 2571 3455 enim
2607 3401 2716 3455 litis
2748 3403 3076 3455 contestatio
3126 3400 3266 3455 facta
3301 3410 3407 3468 est,
3448 3403 3520 3456 ibi

1941 3492 2065 3544 linis
2101 3491 2260 3544 etiam
2294 3492 2407 3547 litis
2433 3505 2741 3546 exercetur.

2009 3585 2415 3652 Apocrisiarius
2448 3599 2637 3638 eorum
2676 3585 2920 3648 nomine,
2973 3584 3066 3653 qui
3123 3584 3391 3639 miserunt
3434 3585 3518 3652 ip-

1940 3686 2085 3739 sum,
2145 3690 2213 3729 ne
2261 3678 2607 3729 convenitor.
2663 3674 2719 3729 Si
2776 3691 2904 3728 vero
2957 3676 3232 3728 mandatis
3281 3677 3520 3744 acceptis

1939 3768 2171 3837 aliquem
2207 3767 2482 3832 convenit,
2518 3767 2869 3822 reconventio
2902 3767 3077 3820 locum
3107 3765 3324 3818 iiabt‘lt).
3357 3764 3394 3817 S
3424 3765 3521 3814 uti.

1936 3859 2063 3913 liter
2132 3868 2186 3913 et
2241 3859 2458 3913 illorum
2536 3859 2757 3913 nomine
2816 3859 3158 3922 convenitor,
3229 3874 3348 3925 qua:
3388 3861 3513 3909 dum

1937 3951 2284 4019 apocrisiarii
2316 3967 2545 4007 munere
2579 3951 2851 4023 fungitur,
2890 3951 3185 4006 contraxit.
3224 3950 3424 4003 Eadm)
3463 3953 3511 4001 in

1936 4044 2212 4113 episc0pis
2265 4058 2481 4112 quoque
2519 4044 2698 4097 locum
2757 4043 2980 4107 habent,
3035 4042 3124 4111 qui
3169 4051 3389 4111 propter
3425 4056 3517 4094 or-

1935 4134 2297 4195 dinationem,
2330 4143 2425 4189 aut
2458 4135 2784 4205 legationem
2818 4135 3085 4203 aliquam,
3127 4134 3521 4186 Constantinu—

1937 4227 2104 4296 polim
2136 4226 2428 4281 venerint:
2475 4227 2984 4296 prmscriptionibus
3024 4226 3169 4295 longi
3232 4226 3517 4294 temporis,

1937 4333 2004 4373 ex
2042 4317 2289 4387 ipsorum
2322 4316 2597 4382 absentia,
2635 4318 2786 4369 nullo
2822 4330 2983 4369 moue
3015 4314 3300 4369 laedendis.

2006 4405 2250 4461 Clericus
2276 4417 2331 4461 et
2357 4408 2684 4473 monachus,
2708 4415 2818 4459 tam
2851 4407 2903 4458 in
2935 4421 3033 4460 sua
3066 4422 3323 4477 persona,
3351 4421 3513 4475 quam

1862 4508 2038 4568 Dper
2094 4507 2504 4569 procuratores,
2562 4500 2769 4569 absque
2820 4499 3037 4569 injuriis
3095 4501 3516 4554 convenienter.

1940 4589 2236 4646 Monastria
2277 4606 2404 4645 vero
2466 4607 2535 4646 ne
2588 4593 2927 4646 abstrahitor
2961 4608 2991 4646 e
3023 4595 3381 4656 monasterio,
3419 4594 3512 4644 sed

1934 4693 2032 4747 per
2083 4676 2498 4749 procuratorem
2559 4681 2904 4744 convenitur,
2968 4682 3174 4751 judice,
3259 4683 3350 4751 qui
3412 4681 3515 4734 hoc

1935 4772 2361 4837 transgreditur,
2385 4772 2607 4841 cingulo
2636 4772 2959 4841 spoliando;
2998 4785 3321 4826 exscentore
3358 4789 3505 4833 vero,

1934 4870 2132 4931 praeter
2185 4862 2445 4927 iudicata,
2501 4865 2789 4917 tormentis
2844 4865 3009 4917 etiam
3065 4865 3406 4933 subjirirndo
3458 4877 3512 4918 o-t

1934 4953 2225 5022 t'elegando
2254 4972 2266 5008 :
2298 4955 2558 5023 episcopo
2590 4954 2867 5009 licentiam
2906 4956 3159 5020 habente,
3193 4965 3249 5008 ut
3302 4961 3364 5009 de
3411 4956 3514 5009 hac

1934 5062 1993 5101 re
2027 5048 2300 5117 signiﬁcet
2330 5050 2670 5120 imperatori.

2006 5139 2253 5195 Clericus
2327 5152 2640 5204 accusatus,
2720 5152 2960 5206 quatuor
3015 5143 3245 5213 siliquas
3306 5145 3516 5199 ratione

1933 5235 2306 5302 sportularum
2341 5234 2600 5303 praebeto.
2641 5233 2697 5286 Si
2731 5250 2858 5288 vero
2898 5236 2948 5287 in
3004 5235 3303 5304 provinciis
3354 5235 3514 5302 jussu

1933 5322 2304 5393 imperatorio,
2362 5325 2443 5379 vel
2485 5324 2855 5395 patriarrhali,
2890 5328 2971 5379 vel
3007 5330 3277 5394 permissu
3312 5328 3515 5395 praui-

1930 5414 2015 5469 dis
2049 5428 2342 5470 exsecutor
2370 5416 2436 5471 ad
2470 5434 2564 5473 eos
2593 5420 2798 5473 miSsus
2858 5418 3041 5483 lnet'it,
3080 5420 3313 5473 solidum
3343 5436 3510 5473 unum

1930 5518 2208 5579 praestent.
2276 5509 2430 5575 Quod
2498 5513 2542 5565 si
2603 5514 2785 5582 plures
2817 5512 2984 5565 unius
3037 5526 3221 5565 causa:
3294 5514 3517 5566 nomine

1928 5603 2251 5656 commoniti
2283 5603 2504 5667 fuerint,
2541 5620 2665 5658 una:
2696 5606 2966 5659 duntaxat
2996 5605 3239 5657 omnium
3288 5605 3512 5658 nomine

1928 5695 2236 5763 praebentur
2276 5697 2554 5765 sportulte.
2600 5696 2904 5767 Episcopus
2940 5705 3234 5752 accusatus
3262 5697 3371 5750 litis
3400 5715 3514 5751 sua:

1929 5803 2093 5844 causa
2129 5790 2310 5843 nullas
2344 5790 2434 5847 det
2467 5791 2763 5861 sportulas.
2807 5791 2953 5846 Idem
2991 5792 3141 5846 nullo
3186 5791 3346 5846 mole
3380 5805 3513 5846 con—
