4066 6406
562 309 696 372 1283

1790 308 2065 371 TIIEOD.
2107 311 2585 372 BALSAMDNIS

3686 316 3827 381 1284

553 436 763 479 vemtor
794 423 1044 478 ecclesiae
1077 438 1189 477 sure
1225 420 1470 482 nomine,
1526 421 1616 476 sed
1674 422 1847 490 ip~ius
1897 435 2112 474 oecono-

2222 418 2315 470 τοῦ
2338 463 2352 483 ,
2390 421 2483 474 τοῦ
2521 422 2894 491 λαμϐάνοντος
2931 428 3237 496 σπορτουλα
3275 427 3417 497 ὑπὲρ
3450 428 3509 480 τὸ
3543 428 3824 499 διορισθὲν

552 532 693 571 mus.
747 516 850 581 Qui
901 528 1029 569 vero
1085 515 1363 581 sportulas
1415 514 1616 583 accipit
1674 514 1816 566 ultra
1867 521 2127 566 smtntam

550 607 935 677 quantitatem,
968 605 1191 674 duplum
1221 606 1362 672 ejus,
1395 605 1541 674 quod
1575 606 1807 673 accepit,
1843 604 2080 658 restituit
2111 617 2127 656 :

551 710 604 755 et
631 702 972 772 dignitatem,
1003 716 1163 770 quam
1192 699 1447 765 habebat,
1481 698 1700 752 amittit.

619 792 871 847 Clericus
898 794 952 845 in
985 790 1350 846 contubernio
1380 790 1647 845 duntaxat
1669 791 1867 844 habeat
1896 800 2122 844 matrem

550 894 605 939 et
640 886 804 938 tiliam
835 893 891 938 et
927 899 1146 938 sorores
1173 893 1228 936 et
1259 883 1393 937 alias
1428 897 1458 936 a
1493 881 1636 952 turpi
1690 882 2006 951 suspicione
2037 897 2125 936 re-

553 985 749 1030 motas.
787 976 889 1040 Qui
927 990 1054 1030 vero
1094 991 1217 1029 cum
1251 976 1358 1030 alia
1388 975 1696 1040 cohabitat,
1734 975 1839 1029 nisi
1867 976 2124 1029 cohorta-

551 1071 699 1123 tione
729 1068 1121 1123 interveniente
1170 1066 1465 1131 deStiterit,
1517 1075 1610 1122 aut
1659 1069 1705 1122 si
1767 1066 1939 1134 stupri
1989 1080 2125 1120 con-

549 1161 891 1215 suetudinem
926 1161 1181 1214 habuisse
1213 1176 1336 1214 cum
1373 1176 1434 1213 ea
1460 1160 1752 1213 convictus
1796 1158 1985 1219 fuerit,
2019 1172 2119 1211 cu-

550 1253 641 1304 ria:
673 1251 931 1306 traditur.
966 1252 1270 1320 Episcopus
1319 1252 1545 1304 omnino
1574 1251 1774 1305 nullam
1823 1250 1876 1302 in
1927 1258 2123 1304 contu-

547 1343 739 1396 bernio
766 1344 1051 1396 mulierem
1084 1344 1303 1397 habeto.

618 1435 936 1493 Diaconissa
975 1453 1083 1491 non
1107 1438 1263 1507 degat
1302 1438 1355 1491 in
1385 1436 1752 1491 contubernio
1785 1437 1885 1490 viri
1920 1436 2117 1489 malam

482 1516 488 1535 ¹
547 1531 838 1598 ρτωῠρηιὶε
866 1530 1255 1597 suspicionem.
1290 1528 1348 1581 In
1377 1543 1487 1598 quo
1522 1530 1566 1581 si
1605 1543 1710 1581 non
1752 1528 2117 1597 obtemperet,

544 1631 805 1688 perpetuo
840 1619 1008 1673 vitam
1063 1620 1244 1686 exigat
1305 1620 1359 1672 in
1410 1617 1766 1680 monasterio,
1827 1617 2118 1676 facultates

545 1724 674 1765 suas
704 1726 829 1762 cum
883 1709 1071 1763 liberis
1107 1709 1348 1777 partiens
1381 1709 1436 1763 in
1492 1711 1698 1780 capita,
1752 1726 1861 1779 quo
1901 1713 2118 1766 scilicet

546 1804 661 1871 ipsa
695 1803 762 1857 de
790 1816 890 1856 sua
919 1809 1074 1871 parte
1114 1803 1169 1855 in
1212 1802 1551 1857 monasterio
1587 1804 1785 1857 habeat
1835 1804 2116 1861 alimenta.

542 1896 639 1948 Sin
673 1895 967 1949 liberorum
1005 1896 1077 1949 sit
1106 1910 1323 1963 expers,
1361 1895 1598 1951 ecclesia
1629 1905 1682 1951 et
1717 1880 2116 1954 monasterium

541 1986 921 2041 haereditatem
957 1985 1079 2055 ejus
1115 1986 1374 2055 accipiet.

613 2073 717 2140 Qui
779 2077 1126 2146 episcopum,
1203 2077 1289 2131 vel
1344 2077 1750 2145 clericum,.in
1813 2080 2119 2135 ministerio

539 2180 721 2235 sacro,
746 2170 830 2223 vel
865 2170 1080 2236 litania,
1113 2172 1462 2227 contumeliis
1482 2170 1670 2237 allicit,
1711 2181 1837 2240 post
1873 2172 2119 2227 adhibita

541 2271 815 2314 tormenta
849 2263 1141 2333 relegatur.
1194 2263 1300 2328 Qui
1349 2278 1481 2318 vero
1512 2263 1692 2332 ipsum
1752 2263 2116 2318 ministerium

537 2366 777 2416 sacrum,
815 2362 911 2404 aut
941 2352 1189 2406 litaniam
1227 2353 1595 2421 impediveiit,
1647 2352 1868 2422 capitali
1903 2354 2115 2422 suppli-

536 2442 627 2496 cio
658 2444 934 2510 plectitur.

608 2537 781 2591 Nemo
813 2540 1072 2592 laicorum
1115 2538 1324 2606 absque
1372 2539 1632 2607 episcopo
1663 2544 1716 2591 et
1747 2537 1961 2592 clericis
1997 2538 2120 2590 lita-

426 2627 448 2645 ‘
535 2631 658 2685 nias
704 2638 945 2699 peragat.
1005 2627 1067 2682 Et
1095 2643 1288 2684 cruces
1322 2628 1637 2683 litaniarum
1669 2630 1722 2681 iu
1753 2628 2003 2682 ccclesiis
2028 2643 2119 2683 re-

534 2722 800 2792 ponenda:
833 2730 982 2774 sunt.

607 2815 712 2880 Qui
754 2815 977 2870 futurus
1006 2822 1091 2869 est
1132 2814 1302 2907 abbas
1323 2814 1674 2878 monasterii,
1718 2812 2115 2868 monachorum

532 2908 813 2981 suﬂi‘agiis
867 2909 1109 2979 eligitor,
1146 2922 1257 2963 non
1308 2908 1531 2963 omnino
1559 2909 1770 2978 primus
1794 2907 1991 2979 gradu,
2019 2907 2113 2962 sed

535 3003 657 3056 vita!
684 3001 926 3056 bonitate
955 3012 1243 3073 praestans.

585 3091 662 3146 .Si
732 3092 1107 3147 conditionem
1179 3094 1322 3163 ejus.
1373 3092 1468 3163 qui
1526 3093 1888 3148 monasticam
1943 3094 2181 3183 vitamC

534 3182 891 3251 amplexurus
924 3191 1034 3248 est,
1077 3183 1246 3237 abbas
1307 3183 1544 3253 ignoret,
1599 3183 1842 3238 habitum
1898 3184 1946 3237 ei
2004 3198 2112 3236 non

532 3274 878 3341 impertiatur
908 3281 1036 3327 ante
1067 3272 1383 3327 triennium.
1440 3271 1573 3327 Post
1626 3272 1924 3327 triennium
1962 3287 2110 3337 vero,

531 3365 751 3420 tametsi
774 3379 970 3420 servus
1004 3374 1113 3428 est,
1140 3365 1357 3419 tametsi
1388 3364 1646 3427 colonus,
1683 3365 1904 3418 tametsi
1937 3365 2111 3419 ascri-

533 3458 740 3527 ptitins,
794 3457 1043 3511 habitum
1100 3458 1149 3511 ei
1210 3457 1502 3512 concedat.
1545 3456 1758 3525 Quippe
1812 3456 1949 3511 liber
1983 3458 2109 3519 erit,

530 3551 598 3606 iis
628 3553 851 3605 domino
886 3550 1161 3606 restitmis
1214 3551 1402 3616 rebus,
1436 3564 1578 3620 quas
1618 3550 1673 3604 in
1710 3550 2109 3604 monasterium

529 3641 734 3696 attulit.
790 3640 885 3696 Sin
926 3656 1052 3697 erro
1090 3641 1268 3696 factus
1305 3640 1494 3707 luerit,
1546 3650 1640 3696 aut
1675 3641 1840 3696 vitam
1881 3641 2105 3696 munda.

530 3750 654 3791 nam
689 3735 941 3807 elegerit,
1012 3733 1314 3789 conditioni
1364 3733 1529 3804 priori
1561 3736 1889 3789 restituitur.

600 3829 827 3892 Omnes,
859 3829 951 3897 qui
1004 3831 1214 3897 degunt
1247 3827 1303 3882 in
1359 3828 1643 3892 cuinobio,
1702 3827 1998 3896 separatim
2055 3827 2108 3879 in

530 3932 636 3973 una
666 3919 750 3975 vel
780 3919 948 3974 altera
981 3918 1145 3974 domo
1175 3919 1414 3975 cubante
1444 3956 1460 3979 .
1501 3920 1742 3990 exceptis
1792 3917 2025 3973 inﬁrmis
2060 3928 2112 3973 et

527 4013 904 4069 anachoretis.

596 4105 852 4160 Monaclii
886 4113 940 4160 et
987 4106 1303 4161 monastria:
1336 4119 1441 4159 non
1478 4103 1682 4172 degant
1717 4104 1862 4158 inter
1897 4118 1958 4159 se
1985 4118 2114 4173 pro-

530 4199 758 4265 tniscue,
822 4197 917 4252 sed
947 4197 1271 4252 aboleantur
1304 4196 1637 4251 monasteria
1665 4195 1926 4264 duplicia,
1977 4193 2113 4249 viris

530 4289 655 4344 inde
683 4288 972 4359 separatis,
1003 4294 1058 4344 et
1084 4289 1139 4342 in
1174 4288 1281 4341 alia
1316 4288 1435 4342 loca
1466 4286 1726 4339 redactis.

2236 512 2400 594 ποσὸν
2433 512 2652 567 διπλοῦν
2687 517 3027 580 ἀναδιδόντος
3059 517 3120 571 τὸ
3161 517 3396 589 ληφθὲν,
3434 520 3531 573 καὶ
3568 514 3636 593 ἦς
3678 520 3828 592 εἶχεν

2231 597 2389 661 ἀξίας
2420 602 2778 667 ἐκπίπτοντος
2791 643 2804 657 .

2313 786 2372 838 ’0
2402 787 2666 856 κληρικὺς
2698 791 3015 844 συνοικείτω
3048 793 3185 863 μόνῃ
3220 796 3389 863 μητρὶ
3426 794 3522 847 καὶ
3554 794 3829 865 θυγατρὶ,

2229 880 2324 932 καὶ
2354 878 2641 947 ἀδελφαῖς,
2677 881 2769 932 καὶ
2799 884 2917 943 ταῖς
2946 882 3133 947 ἄλλαις
3167 887 3290 948 ταῖς
3315 888 3551 956 αίσχρὲν
3584 889 3833 955 φευγού-

2230 988 2350 1034 σαις
2389 972 2642 1040 ὑποψίαν.
2687 972 2744 1026 Ὀ
2780 973 2835 1025 δὲ
2874 974 3009 1045 ἄλλῃ
3057 978 3347 1042 συνοικῶν,
3390 981 3442 1030 εί
3485 980 3563 1049 μὴ
3605 981 3826 1050 ἀποστῇ

2229 1066 2587 1133 προτραπεὶς,
2619 1064 2649 1135 ἢ
2683 1066 2913 1136 ἐλεγχθῇ
2948 1067 3121 1141 ταύτῃ
3154 1069 3519 1140 συμφθαρεὶς,
3549 1074 3615 1143 τῇ
3647 1071 3824 1142 ’βουλῇ

2227 1156 2627 1226 παραδιδόσθω.
2663 1158 2722 1211 Ὀ
2762 1160 2820 1212 δὲ
2861 1159 3161 1224 ἐπίσκοπος
3215 1161 3456 1235 μηδεμιᾷ
3500 1164 3822 1216 συνοικείτω

2225 1265 2468 1315 γυναικί.

2303 1427 2369 1479 Ἡ
2399 1425 2713 1480 διακόνισσα
2747 1427 2821 1500 μὴ
2853 1434 3172 1485 συνοικείτω
3203 1434 3361 1505 ἀνδρὶ
3421 1434 3824 1509 ὑποψίανείσ-

2222 1517 2410 1587 ἀγοντι
2441 1521 2703 1590 πονηράν.
2734 1522 3055 1576 Ἀπειθοῦσα
3083 1525 3140 1578 δὲ
3173 1527 3309 1598 πρὸς
3327 1526 3505 1591 τοῦτο,
3538 1530 3825 1600 μοναστή-

2225 1626 2340 1680 ριον
2368 1611 2583 1665 οἰκείτω
2610 1613 2894 1683 διηνεκῶς,
2929 1618 3264 1689 μεριζομένη
3299 1621 3440 1689 μετὰ
3468 1620 3580 1674 τῶν
3605 1621 3824 1675 τέκνων

2222 1700 2279 1755 in
2313 1703 2489 1772 capita
2523 1707 2591 1757 τὰ
2625 1706 2798 1759 οἰκεῖα
2834 1709 3174 1781 πράγματα,
3209 1711 3295 1781 ἐφ’
3321 1704 3366 1781 ᾧ
3399 1712 3571 1784 αὐτὴν
3605 1716 3673 1767 ἐκ
3720 1714 3823 1769 τοῦ

2221 1795 2423 1847 οἰκείου
2472 1795 2671 1866 μέρους
2719 1800 3160 1871 ἀποστρέφεσθαι
3209 1806 3266 1857 ὲν
3309 1806 3387 1873 τῷ
3435 1808 3819 1876 μοναστηρίῳ.

2226 1889 2429 1951 ’Δπαις
2462 1891 2519 1945 δὲ
2557 1886 2711 1956 οὖσα,
2752 1892 2857 1947 ὑπὸ
2888 1894 2984 1960 τῆς
3026 1895 3327 1967 ἐκκλησίας
3366 1897 3460 1950 καὶ
3496 1896 3591 1949 τοῦ
3641 1915 3823 1967 μονα-

2223 1986 2448 2055 στηρίου
2477 1988 3040 2059 κληρονομηθήσεται.

2303 2077 2363 2131 Ὀ
2393 2081 2451 2131 ὲν
2476 2058 2790 2153 λειτουργία
2817 2081 2848 2151 ἢ
2878 2058 3001 2151 λιτῇ
3031 2079 3271 2150 ὑϐρίζων
3297 2082 3593 2135 ἐπίσκοπον
3620 2082 3653 2152 ἢ
3686 2084 3823 2153 κλη-

2222 2168 2372 2240 ρικὸν
2404 2170 2541 2239 μετὰ
2568 2171 2840 2242 βασάνους
2872 2172 3221 2243 ὲξοριζέσθω.
3280 2173 3463 2244 Αὐτὴν
3490 2174 3546 2227 δὲ
3576 2176 3675 2245 τὴν
3706 2176 3823 2229 λει-

2218 2267 2480 2336 τουργίαν
2527 2266 2561 2337 ἢ
2612 2267 2713 2337 τὴν
2762 2267 2912 2339 λιτὴν
2963 2267 3217 2330 κωλύσας
3267 2267 3584 2336 κεφαλικῶς
3634 2286 3816 2338 τιμω-

2223 2360 2443 2431 ρείσθω.

2290 2540 2496 2608 Μηδεὶς
2528 2539 2637 2591 τῶν
2672 2539 2799 2591 λαῖκ
2815 2539 2878 2590 ὒν
2913 2538 3080 2608 χωρὶς
3120 2537 3423 2590 ἐπισκόπου
3462 2535 3495 2606 ἢ
3539 2535 3812 2606 κληρικοῦ

2218 2634 2564 2687 λιτανευέτω.
2595 2634 2686 2684 Δεῖ
2713 2631 2769 2685 δὲ
2800 2631 2925 2692 τοὺς
2957 2631 3226 2700 σταυροὺς
3257 2628 3368 2681 τῶν
3402 2627 3566 2680 λιτῶν
3599 2628 3660 2681 ὲν
3692 2630 3817 2691 ταῖς

2219 2727 2544 2798 ἐκκλησίαις
2572 2723 2952 2778 ἀποτίθεσθαι.

2300 2824 2359 2874 ’0
2400 2820 2608 2890 μέλλων
2641 2818 2892 2891 ἡγεῖσθαι
2933 2814 3297 2886 μοναστηρίου
3328 2812 3662 2884 ψηφιξὲσθω
3700 2811 3817 2865 ὑπὸ

2216 2912 2323 2965 τῶν
2363 2912 2635 2981 μοναχῶς),
2674 2913 2748 2980 μὴ
2790 2912 3009 2972 πάντως
3048 2910 3078 2963 ὁ
3116 2910 3330 2980 πρῶτος
3370 2911 3514 2962 κατὰ
3546 2910 3642 2962 τὸν
3679 2907 3824 2978 50.9-

2220 3005 2344 3074 μὸν,
2375 3002 2492 3056 ἀλλ’
2516 3007 2543 3057 ὁ
2576 3003 2808 3073 χρηστὸς
2842 3001 2934 3055 τὸν
2968 3001 3105 3069 βίον.

2288 3095 2348 3146 ΕΞ
2395 3095 2580 3161 ἀγνοεῖ
2623 3091 2722 3161 τὴν
2768 3091 2935 3160 τύχην
2982 3089 3077 3142 τοῦ
3133 3089 3417 3161 μέλλοντος
3470 3088 3740 3159 μονάζειν
3789 3092 3820 3143 ὁ

2214 3179 2536 3248 ἡγούμενος,
2586 3179 2692 3248 πρὸ
2740 3181 2980 3249 τριετίας
3031 3178 3108 3250 μὴ
3156 3179 3345 3232 διδότω
3393 3179 3541 3249 αὐτῷ
3590 3182 3817 3251 σχῆμα.

2213 3273 2368 3325 Μετὰ
2397 3272 2453 3325 δὲ
2480 3272 2577 3341 τὴν
2602 3272 2864 3341 τριετίαν,
2895 3273 2998 3325 κᾶν
3024 3271 3212 3334 δοῦλός
3237 3274 3376 3339 ἐστι,
3410 3273 3517 3326 κᾶν
3541 3274 3695 3327 xci-1o
3710 3275 3815 3338 κὸς,

2215 3364 2319 3415 κᾶν
2352 3361 2733 3432 ἑναπόγραφος
2754 3401 2770 3425 ,
2804 3363 3117 3433 παρεχέτω.
3147 3362 3343 3416 Ἔσται
3377 3363 3486 3433 γὰρ
3520 3363 3822 3434 ἐλεύθερος

2214 3454 2499 3515 ἀποδιδοὺς
2540 3454 2617 3525 τῷ
2656 3456 2892 3527 δεσπότῃ
2932 3457 3032 3508 ὅσα
3076 3456 3374 3526 εισήγαγεν
3415 3458 3471 3509 ὲν
3512 3458 3591 3527 τῷ
3639 3476 3820 3527 μονα-

2214 3547 2422 3615 στηρίῳ
2465 3549 2784 3618 πράγματα.
2828 3548 2890 3600 Εἰ
2928 3547 2984 3601 δὲ
3023 3549 3300 3619 πλανήτης
3340 3548 3593 3620 γένηται,
3639 3549 3674 3617 ἦ
3723 3567 3819 3603 κο-

2215 3626 2415 3707 σμικὺν
2439 3639 2627 3708 ἕληται
2659 3641 2795 3710 βίον,
2822 3643 2888 3712 τῇ
2921 3642 3163 3712 προτέρα
3194 3641 3504 3695 ἀποδίδοται
3531 3640 3700 3713 τύχῃ.

2285 3822 2494 3889 Πάντες
2518 3828 2571 3879 οε
2601 3828 2659 3879 ἐν
2683 3827 2945 3894 κοινοὸίῳ
2974 3822 3253 3895 διάγοντες
3281 3824 3338 3880 ἐν
3369 3826 3450 3880 ἑνὶ
3476 3828 3618 3897 οἴκῳ
3647 3826 3679 3897 ἦ
3716 3827 3820 3880 δύο

2214 3920 2611 3988 κεχωρισμένοι
2630 3920 3061 3987 καθευδέτωσαν,
3086 3923 3256 3991 χωρὶς
3286 3919 3530 3975 ἀσθενῶν
3555 3921 3651 3974 καὶ
3676 3923 3823 3975 dar.»

2214 4026 2291 4079 χω
2300 4009 2499 4079 ρητῶν.

2286 4102 2531 4173 Μοναχοὶ
2555 4105 2649 4157 καὶ
2678 4104 3005 4173 μονάστριαι
3030 4103 3226 4173 κοινῶς
3254 4103 3328 4176 μὴ
3354 4105 3770 4160 διαιτάσθωααν
3793 4127 3812 4142 ε

2212 4197 2349 4250 ἀλλὰ
2382 4198 2814 4269 ἅναιρείσθωσαν
2848 4199 2916 4251 τὰ
2949 4199 3115 4253 διπλᾶ
3152 4200 3519 4270 μοναστήρια,
3552 4199 3662 4250 τῶν
3699 4202 3809 4252 ἀν-

2211 4290 2352 4360 δρῶν
2381 4292 2447 4343 ὲκ
2470 4289 2676 4343 τούτων
2706 4291 3114 4362 χωριζομένων,
3143 4294 3238 4346 καὶ
3267 4294 3326 4345 ὲν
3350 4292 3566 4361 ἑτέρας
3593 4292 3816 4361 ἐμϐαλ-

2214 4381 2477 4452 λομένων,

600 4467 908 4523 Μοηιιειιίαι
956 4467 1059 4521 sibi
1112 4466 1537 4535 apocrisiarium
1601 4465 1866 4535 deligant,
1923 4466 2020 4535 qui
2054 4478 2109 4521 ct

2281 4475 2352 4529 Αί
2387 4476 2714 4545 μονάστριαι
2746 4476 3187 4545 ἐπιλεγὲσθωσαν
3217 4478 3441 4540 ἑαυταῖς
3470 4478 3814 4547 ἀποκρισιώ-

528 4560 820 4617 tondeatur
883 4566 940 4614 et
990 4560 1275 4614 ordinetur
1343 4561 1413 4615 ab
1476 4559 1778 4630 episcopo;
1834 4560 2102 4629 siquidem

527 4666 652 4708 eum
720 4658 775 4707 et
840 4650 1133 4707 honestum
1197 4660 1251 4706 et
1323 4651 1583 4707 idoneum
1650 4666 1775 4708 esse
1838 4652 2105 4707 constite-

527 4748 621 4799 rit.

597 4837 981 4909 Exstinguitur
1037 4838 1216 4892 omnis
1265 4835 1581 4890 substitutio
1629 4844 1683 4890 et
1735 4852 1897 4892 omne
1947 4837 2103 4891 ﬁdei-

524 4931 904 4994 commissum,
944 4930 1048 4984 sub
1077 4928 1393 4983 conditione
1441 4931 1779 4998 nuptiarum,
1833 4940 1929 4983 ant
1963 4930 2100 4985 Iibe-

525 5036 710 5075 rorum
740 5020 1141 5091 procreationis
1205 5016 1438 5082 factum,
1475 5028 1581 5071 tam
1615 5019 1670 5071 in
1705 5034 1936 5088 persona
1987 5035 2103 5073 ma-

522 5112 696 5178 sCula,
735 5127 896 5181 quam
930 5110 1158 5176 femina,
1197 5110 1312 5164 sive
1343 5118 1559 5179 spectet
1610 5112 1819 5174 dotem,
1858 5112 1978 5167 sive
2005 5114 2102 5166 do-

521 5207 797 5260 nationem
829 5204 1115 5270 directam,
1144 5203 1261 5258 sive
1298 5204 1674 5259 hazreditatem
1703 5220 1718 5268 ;
1746 5219 1873 5259 cum
1914 5205 1972 5270 ii,
2006 5208 2098 5274 qui

522 5297 845 5368 prmstandis
888 5297 1036 5349 hisce
1069 5294 1282 5361 gravati
1320 5305 1472 5359 sunt,
1537 5298 1617 5349 vel
1651 5298 1715 5349 ad
1753 5297 2096 5362 clericatum,

519 5394 599 5446 Vel
633 5392 699 5445 ad
737 5389 1037 5443 solitariam
1070 5391 1237 5442 vitam
1269 5404 1391 5444 sese
1431 5389 1724 5442 conferunt
1751 5400 1805 5443 et
1833 5404 2007 5460 usque
2027 5390 2095 5443 ad

519 5500 750 5538 mortem
790 5484 843 5535 in
882 5482 968 5537 his
1023 5489 1398 5550 perseverant.
1440 5480 1771 5551 Extraquum
1809 5484 1857 5536 si
1886 5484 2100 5537 contin-

514 5591 605 5647 gat
637 5589 695 5634 ut
723 5577 996 5647 ejusmodi
1032 5580 1174 5630 bona
1212 5576 1406 5630 cedere
1450 5573 1751 5644 jubeantur
1782 5576 1849 5631 ad
1882 5578 2098 5631 redem-

514 5672 754 5737 ptionem
786 5668 1151 5737 captivorum,
1182 5676 1274 5721 aut
1299 5665 1562 5721 alimenta
1600 5683 1927 5737 pauperum.
1957 5667 2093 5721 Nam

515 5761 648 5828 ipsis
688 5776 751 5814 ea
792 5774 901 5812 non
937 5758 1371 5829 expcndcnlibus
1415 5765 1508 5811 aut
1539 5759 1971 5827 relinquentibus
2025 5760 2094 5814 ad

2210 4574 2360 4639 ριον,
2401 4569 2721 4638 κειρόμενον
2758 4571 2853 4623 καὶ
2885 4570 3366 4641 χειροτονούμενον
3402 4569 3511 4622 ὑπὸ
3546 4571 3642 4623 τοῦ
3679 4574 3811 4625 ἐπι-

2208 4661 2435 4726 σκόπου,
2465 4664 2513 4715 εί
2548 4665 2744 4731 σεμνὸς
2773 4662 2870 4715 καὶ
2899 4664 3124 4734 δόκιμος
3150 4664 3475 4735 ἀποδειχθῇ.

2278 4842 2575 4897 Σόἐννυται
2612 4847 2764 4899 πᾶσα
2801 4847 3246 4913 ὑποκατάστασις
3277 4851 3373 4904 καὶ
3406 4854 3802 4908 αποκατάστα-

2206 4950 2290 4996 σις
2335 4935 2437 4987 ὑπὸ
2475 4936 2689 5006 αἵρεσιν
2724 4939 2904 5007 γάμου
2943 4939 2975 5009 ἢ
3013 4939 3356 5003 παιδοποιίας
3389 4943 3661 5013 γινομένη
3707 4944 3802 4997 ἐπί

2202 5042 2260 5077 τε
2293 5026 2521 5097 ἄρρενος
2554 5030 2644 5080 καὶ
2674 5029 2865 5100 θήλεος
2899 5030 3191 5097 προσώπου
3215 5070 3229 5095 ,
3262 5032 3357 5084 ὲπί
3383 5048 3443 5085 τε
3476 5035 3669 5102 προικὶ
3704 5038 3805 5088 καὶ

2202 5116 2379 5187 δωρεᾷ
2406 5119 2497 5170 καὶ
2523 5118 2764 5190 ληγάτῳ,
2797 5122 2889 5174 καὶ
2920 5121 3280 5193 κληρονομία,
3308 5123 3420 5177 τῶν
3444 5124 3677 5188 ταύταις
3709 5126 3804 5195 βε.

2203 5205 2564 5277 ϐαρημὲνων,
2597 5209 2629 5279 ἡ
2661 5209 2741 5271 είς
2774 5210 3012 5278 κλῆρον,
3041 5212 3074 5280 ἢ
3106 5213 3186 5275 εις
3219 5213 3590 5283 μοναστήριον
3620 5231 3802 5267 κατα-

2201 5302 2560 5371 ταττομένων,
2607 5304 2701 5355 καὶ
2746 5304 2907 5374 μέχρι
2952 5303 3212 5374 τελευτῆς
3256 5304 3469 5366 τούτοις
3514 5308 3801 5375 ἐναπομε-

2200 5393 2421 5459 νὸντων,
2465 5395 2605 5463 πλὴν
2643 5397 2691 5447 εί
2740 5397 2815 5465 μὴ
2856 5396 2937 5456 είς
2977 5394 3345 5465 αἰχμαλώτων
3382 5396 3717 5468 ἀνάρρυσιν,
3760 5401 3796 5470 ἢ

2202 5485 2432 5553 πτωχῶν
2456 5488 2772 5556 ἁποτροφὴν
2797 5486 3065 5558 κελευσθῇ
3091 5489 3447 5559 προχωρῆσαι
3472 5495 3539 5543 τα
3561 5492 3800 5544 τοιαῦτα

2199 5578 2522 5647 πράγματα.
2550 5577 2613 5631 Et
2645 5579 2703 5630 δὲ
2734 5579 2900 5649 μέχρι
2927 5582 3186 5647 τελευτῆς
3215 5580 3283 5633 τὰ
3314 5582 3585 5650 εἰρημένα
3614 5584 3667 5635 οἱ
3704 5583 3800 5651 βε-

2199 5670 2501 5740 ϐαρημένοι
2525 5674 2590 5741 τῇ
2622 5672 3061 5726 ὑποκαταστάσει
3092 5675 3123 5744 ἦ
3160 5675 3608 5728 ἁποκαταστάσει
3638 5675 3799 5744 ἕχον-

2198 5779 2287 5827 τες
2324 5763 2625 5832 πράγματα
2662 5763 2737 5834 μὴ
2772 5764 3159 5836 δαπανήσωσιν
3194 5767 3226 5835 ἢ
3270 5766 3674 5835 κατθάψωσιν
3712 5772 3793 5831 εὶς
