4066 6410
375 360 519 423 1297

1416 355 1760 419 CONSTIT.
1815 355 2120 416 ECCLES.
2164 355 2600 433 COLLECTIO.

3477 349 3619 416 1298

367 475 456 523 γα·
506 484 631 530 τους
686 467 867 539 ἱεροὺς
912 467 1187 531 κανόνας’
1238 466 1349 520 τῶν
1395 469 1493 537 μὲν
1538 470 1840 540 ἀρχοντων,
1898 469 1946 521 ει

2052 471 2349 526 secundum
2390 474 2533 541 leges
2557 488 2621 526 ac
2649 486 2836 528 sacros
2857 484 3097 526 canones
3133 468 3382 523 decidant
3417 488 3429 523 :
3471 485 3616 539 prsc-

365 558 539 611 ταύτα
573 560 646 626 μὴ
678 558 977 627 φυλάξωσι,
1012 561 1109 628 τῆς
1152 557 1328 629 ἀρχῆς
1368 560 1766 620 ἐκπιπτόντων,
1786 564 1878 612 καὶ
1910 558 1942 614 ι’

366 651 593 719 χρυσίου
628 650 815 720 λίτρας
846 654 1036 720 ποινὴν
1073 650 1150 717 τῷ
1171 651 1417 722 δημοσίῳ
1448 652 1899 707 καταϐαλλόντων
1923 667 1942 686 ⁶

365 742 474 794 τῶν
496 742 553 795 δὲ
582 742 971 815 θαρῥηςάντων
1003 741 1348 813 ἐκδιδαστῶν
1376 744 1475 798 ἕνα
1494 744 1603 797 τῶν
1630 744 1939 816 εἰρημένων

367 834 714 903 ὑπομνῆσαι,
771 836 855 896 εἰς
900 835 1000 905 τὴν
1054 835 1521 906 ὲκκλησιαστικὴν
1580 836 1944 908 ἑγκλείστραν

363 925 821 997 ἐμϐαλλομένων,
869 928 963 981 καὶ
1017 927 1125 980 ὑπὸ
1171 926 1266 980 τοῦ
1320 928 1626 982 ἐπισκόπου
1670 947 1942 1001 σωφρονι-

365 1018 634 1087 ζομένων.
1557 1017 1564 1023 ’

452 1110 700 1181 Ἐγράφη
720 1104 1132 1180 εἰδοῖςίΜαῒαις,
1161 1113 1436 1185 βασιλείας
1472 1114 1854 1169 ’ῐουστινιανοῦ
1882 1116 1942 1168 τὸ

368 1204 455 1271 ιβ’.
483 1203 719 1275 ὑπατείᾳ.
760 1204 1087 1269 ’Δππῖωνος.

370 1297 486 1363 ις’.
523 1295 590 1349 Ἦ
635 1294 909 1363 διάταξις
951 1298 1267 1366 ἐρμηνεὺει
1312 1298 1427 1367 τὴν
1478 1299 1778 1367 προτέραν
1811 1298 1940 1354 διά-

436 1386 611 1449 ταξιν
641 1387 753 1453 τὴν
777 1389 910 1457 περὶ
937 1387 1053 1442 τῶν
1084 1390 1396 1443 εἰσιόντων
1423 1391 1509 1457 εἷς
1532 1389 1937 1458 μοναστήρια,

437 1478 534 1531 καὶ
564 1478 637 1531 τὰ
663 1477 832 1545 ἑξῆς.
1308 1552 1319 1559 ν

378 1570 441 1623 ὐ
463 1572 648 1636 αὐτὸς
665 1572 969 1639 βασιλεὺς
1003 1572 1256 1642 Ἰωάννῃ
1278 1574 1522 1645 ἐπάρχῳ
1545 1577 1940 1645 πραιτωρίων.

715 1663 964 1734 Πρᾶγμα
1002 1667 1278 1721 τοιοῦτον
1303 1671 1392 1734 εὶς
1426 1667 1604 1738 ἡμᾶς.

444 1755 557 1825 Τὴν
598 1755 932 1827 βουλομένην
962 1757 1205 1822 διάταξιν
1233 1758 1437 1832 τὰτῶν
1476 1760 1944 1831 ἀποτασσομένων

366 1848 672 1917 πράγματα
704 1845 788 1911 οἷς
839 1850 1113 1919 ἐμόνασαν
1139 1850 1577 1923 προσκυρούσθω
1618 1851 1732 1923 [τσ.
1774 1869 1946 1924 προσ-

364 1938 691 2013 κυροῦσθαι]
730 1941 1141 2012 μοναστηρίοις,
1175 1941 1392 1996 κελεύει
1448 1946 1480 2013 ἡ
1523 1944 1777 2015 παροῦσα
1828 1946 1947 2000 διά-

363 2031 523 2097 ταξις
567 2032 648 2095 είς
701 2034 770 2085 τὰ
811 2032 915 2104 πρὸ
967 2033 1138 2101 αὐτῆς
1212 2034 1289 2105 μὴ
1330 2034 1672 2091 ἑκτείνεσθαι
1742 2036 1945 2106 φάκτα,

364 2126 485 2188 τοῖς
542 2124 834 2197 προτέροις
880 2123 1071 2195 νόμοις
1116 2125 1215 2197 τὴν
1271 2125 1478 2180 τούτων
1539 2126 1947 2197 παραδιδοῦσαν

363 2215 566 2286 τομήν.

450 2305 700 2380 Ἐγράφη
732 2308 894 2372 εἰδοῖς
933 2309 1290 2379 ’οκτω6ρίου,
1321 2310 1596 2378 βασιλείας
1635 2314 1950 2366 Ἰούστινια-

361 2399 460 2452 νοῦ
490 2399 551 2451 τὸ
583 2398 671 2467 ιβ’,
710 2400 949 2471 ὑπατείᾳ
989 2400 1269 2456 Ἰωάννου.

363 2493 467 2547 IZ'.
497 2491 635 2559 Περί
676 2492 1052 2561 χειροτονίας
1092 2493 1446 2548 ἐπισκόπων
1480 2497 1575 2548 καὶ
1622 2493 1947 2563 κληρικῶν,

565 2586 664 2640 και
691 2585 824 2654 περὶ
852 2586 1160 2658 συνόδων,
1187 2586 1285 2640 καί
1310 2586 1749 2656 προσκομιδῆς.

374 2678 440 2731 '0
466 2677 652 2744 αὐτὸς
690 2679 998 2745 ,βασιλεὺς
1053 2679 1256 2749 Πέτρῳ
1294 2682 1623 2749 μαγίστρῳ.
1664 2684 1765 2747 Εἰς
1807 2683 1949 2747 τοὺς

821 2767 1181 2834 πολιτικοὺς
1234 2769 1486 2838 νόμους.

436 2858 562 2927 Χρὴ
590 2858 923 2928 ψηφίσματα
964 2858 1075 2911 τῶν
1105 2859 1605 2931 χειροτονουμένων
1634 2862 1950 2917 ἐπισκόπων

361 2952 476 3005 ὑπ’)
520 2951 631 3003 τῶν
676 2950 958 3020 κληρικῶν
1002 2951 1101 3005 καὶ
1144 2950 1252 3004 τῶν
1304 2952 1695 3022 πρωτευόντων
1727 2955 1785 3006 ὲν
1830 2957 1949 3018 ταῖς

362 3043 559 3097 πόλεσι
607 3042 874 3111 γίνεσθαι,
908 3044 1287 3113 προκειμένων
1321 3042 1431 3096 τῶν
1482 3043 1654 3110 ἁγίων
1705 3046 1950 3115 Εὑαγγε-

2044 561 2275 622 sidibus.
2324 563 2367 614 si
2400 563 2514 616 haec
2567 578 2676 615 non
2725 562 3160 621 observaverint,
3223 560 3603 631 magistratum

2046 667 2206 707 suum
2232 650 2629 715 amittentibus,
2658 666 2721 705 ac
2743 652 2927 706 decem
2958 651 3219 704 librarum
3245 648 3363 703 auri
3397 664 3614 719 pinnam

2048 742 2183 797 ﬁsco
2244 742 2629 797 solventibus:
2667 742 3087 797 exsecutorihus
3136 749 3338 801 autem.
3396 739 3487 808 qui
3532 741 3615 795 vel

2050 851 2213 889 unam
2254 850 2317 889 ex
2361 835 2608 905 personis
2647 835 2905 889 indicatis
2946 835 3065 890 ausi
3121 833 3326 888 fuerint
3371 849 3616 889 commo-
3710 847 3718 854 '

2050 942 2197 991 nere,
2229 927 2591 996 conjiciendis
2634 926 2688 980 in
2745 928 3049 981 claustrum
3092 926 3530 981 ecclesiasticum
3563 939 3617 982 ct

2051 1018 2121 1072 ab
2149 1018 2409 1087 episcopo
2445 1017 2806 1088 castigandis.

2121 1109 2236 1164 Dat.
2282 1107 2359 1164 Id.
2408 1107 2586 1174 Maiis,
2632 1109 2844 1179 imperii
2880 1107 3174 1162 Iustiniani
3234 1122 3380 1161 anno
3405 1107 3619 1163 decimo

2045 1204 2227 1267 tertio,
2254 1203 2461 1272 Apione
2490 1218 2607 1258 cos.
2706 1252 2710 1257 .
3364 1256 3367 1259 .

2046 1293 2182 1349 XVI.
2229 1293 2359 1350 Haec
2388 1296 2693 1350 constitutio
2736 1297 2959 1362 priorem
3006 1294 3389 1361 interpretatur
3418 1293 3616 1345 consti-

2115 1388 2391 1451 tutionem,
2419 1388 2483 1441 de
2508 1388 2611 1450 his.
2647 1388 2737 1456 qui
2764 1386 3136 1457 ingrediuntur
3180 1386 3235 1438 in
3269 1384 3618 1447 monasteria,

2115 1493 2160 1534 et
2193 1490 2404 1534 cetera.

2047 1569 2194 1623 Idem
2233 1570 2361 1639 imp.
2407 1567 2611 1625 Joanni
2644 1568 2707 1625 P.
2748 1569 2815 1625 P.
2859 1569 2959 1625 Res
2985 1569 3250 1638 ejusmodi
3291 1568 3360 1622 ad
3408 1581 3529 1629 nos,
3564 1574 3611 1620 et

2595 1675 2713 1728 qua!
2742 1670 3055 1730 sequuntur.
3254 1716 3257 1717 ν

2118 1749 2575 1804 Constitutionem
2612 1749 2758 1804 illam
2810 1765 2930 1819 quae
2975 1751 3110 1816 vult,
3148 1758 3205 1803 ut
3254 1762 3339 1802 res
3402 1761 3619 1809 eorum,

2051 1842 2141 1911 qui
2181 1847 2380 1896 tnundo
2412 1844 2748 1907 renuntiant,
2780 1844 3105 1897 addicantur
3132 1843 3199 1898 iis
3231 1840 3618 1905 monasteriis,

2049 1939 2102 1993 in
2151 1936 2354 2005 quibus
2401 1936 2660 1990 solitariae
2708 1936 2835 1990 vita:
2870 1952 2929 1991 se
2969 1937 3263 2003 dederunt,
3305 1935 3461 2005 jubet
3499 1935 3613 1989 hanc

2049 2029 2373 2084 consututio
2420 2043 2528 2081 non
2573 2026 2792 2082 extendi
2840 2030 2908 2082 ad
2951 2042 3037 2093 ea,
3088 2042 3213 2099 quae
3279 2038 3403 2082 ante
3446 2026 3619 2095 ipsam

2050 2117 2191 2173 facta
2241 2119 2479 2186 fuerunt,
2514 2122 2845 2179 decisioncm
2870 2137 3063 2179 eorum
3091 2120 3306 2193 legibus
3344 2119 3619 2190 prioribus

2049 2208 2372 2264 atlribucns.

2123 2300 2239 2356 Dat.
2272 2303 2348 2357 Id.
2386 2302 2587 2358 Octobr
2616 2344 2629 2368 ,
2661 2305 2872 2375 imperii
2904 2303 3202 2362 Iustiniani
3236 2317 3379 2357 anno
3407 2302 3615 2356 duode-

2050 2396 2214 2455 cimo.
2247 2394 2457 2450 Joanne
2490 2412 2605 2454 eos.
3308 2420 3313 2423 ·

2053 2484 2212 2540 XVII.
2259 2488 2333 2541 De
2381 2490 2719 2545 ordinatione
2750 2506 3136 2560 episcoporum,
3187 2500 3237 2544 et
3276 2491 3348 2559 de
3381 2491 3623 2560 synotlis,

2037 2566 2050 2580 ’
2641 2590 2691 2637 et
2720 2581 3003 2637 oblatione.

2053 2671 2199 2726 Idem
2235 2675 2359 2740 imp.
2398 2672 2555 2727 Petro
2589 2674 2841 2745 magiser
2869 2675 3180 2745 officiorum.
3218 2673 3278 2728 Si
3327 2675 3460 2744 leges
3491 2675 3622 2729 ciri-

2637 2767 2732 2833 les,
2762 2776 2813 2822 et
2838 2777 3051 2824 caetera.

2120 2853 2343 2924 Oportet
2373 2856 2439 2911 de
2471 2855 2560 2922 iis,
2597 2858 2691 2927 qui
2732 2857 3062 2913 ordinantur
3106 2856 3373 2926 episcOpi.
3427 2857 3623 2913 deerco

2053 2957 2166 3003 tum
2197 2964 2226 3002 a
2269 2949 2414 3004 clero
2461 2956 2517 3003 et
2562 2948 2841 3003 civitatum
2885 2949 3210 3019 primatibus
3258 2948 3395 3013 ﬁeri,
3426 2963 3623 3019 propo-

2052 3041 2171 3096 sitis
2232 3043 2437 3097 sanctis
2520 3039 2871 3110 Evangeliis,
2938 3042 2992 3095 in
3055 3051 3165 3097 tres
3228 3056 3526 3110 personas,
3569 3050 3624 3097 et

362 3134 618 3188 λίωνὲπὶ
666 3135 815 3202 τρισὶ
867 3134 1215 3204 προσώποις’
1273 3134 1370 3188 καὶ
1432 3134 1666 3187 ἕκαστον
1719 3135 1942 3205 ὀμνύειν

2052 3133 2345 3203 quemlbct
2380 3133 2447 3189 de
2469 3133 2538 3189 iis
2560 3134 2773 3204 jurare,
2807 3134 2952 3203 quod
2982 3149 3088 3189 non
3124 3149 3219 3205 pcr
3247 3134 3622 3206 largitionem,

364 3225 492 3282 κατ’
516 3225 676 3280 αύτδν
703 3226 787 3279 ὃτι
826 3226 888 3279 ού
914 3226 1003 3280 διὰ
1037 3225 1212 3293 δόσιν,
1242 3227 1276 3298 ἢ
1322 3228 1640 3298 ὑπόσχεσιν,
1668 3230 1698 3300 ἢ
1735 3232 1946 3300 φιλίαν,

364 3319 398 3390 ἢ
438 3318 625 3388 χάριν,
681 3317 715 3388 ἢ
770 3317 939 3389 ἄλλην
997 3318 1322 3390 οἱανδήποτε
1369 3322 1784 3391 προσπὰθειαν,
1828 3324 1948 3378 ἀλλ’

366 3410 577 3473 ειδότες
609 3411 736 3472 τοὺς
767 3409 1139 3480 ψηφισθέντας
1169 3412 1337 3484 ὀρθῆς
1368 3414 1604 3479 πίστεως
1626 3418 1717 3469 ita".
1747 3417 1950 3487 σεμνοῦ

366 3501 514 3571 βίου,
540 3502 636 3554 καὶ
677 3502 820 3574 ὑπὲρ
861 3504 925 3556 τὸ
962 3504 1290 3574 τριακοστὸν
1340 3505 1461 3571 lto;
1510 3502 1677 3572 εἶναι,
1727 3509 1951 3575 τούτους

367 3591 737 3660 ἑπελέξαντο’
786 3594 883 3648 καὶ
945 3594 1018 3660 ὡς
1072 3595 1195 3651 οὐδὲ
1245 3598 1527 3669 γαμετὴν,
1568 3598 1689 3653 οὐδὲ
1751 3602 1951 3665 παῖδας

365 3686 556 3739 ἴσασιν
583 3684 781 3748 αὐτοὺς
804 3684 1031 3756 ἔχοντας
1056 3687 1323 3756 νομίμους
1347 3689 1381 3761 ἢ
1415 3694 1701 3756 φυσικοὺς,
1739 3692 1771 3763 ἢ
1810 3695 1948 3746 παλ-

364 3775 547 3846 λακὴν
585 3778 874 3848 ἐσχηκέναι
902 3776 935 3848 ἢ
971 3779 1117 3851 ἔχειν
1139 3793 1158 3812 ⁸
1196 3780 1317 3835 ἀλλ’
1344 3783 1393 3835 εξ
1442 3783 1538 3836 καὶ
1569 3785 1835 3857 πρότερόν
1868 3804 1951 3850 τις

366 3865 557 3920 αὐτῶν
619 3868 869 3941 γαμετὴν
925 3868 1212 3940 ἔσχεν,ὡς
1272 3872 1406 3942 μίαν
1453 3862 1683 3945 ταύτην,
1735 3877 1829 3930 καὶ
1885 3879 1949 3930 ὲκ

366 3956 671 4030 παρθενίας
732 3960 882 4030 αὒτῷ
973 3963 1398 4034 συνοικήσασαν.
1465 3966 1826 4037 Προστιθέναι
1893 3969 1951 4022 δὲ

366 4055 484 4117 τοῖς
523 4051 872 4124 ψηφίσμασιν
902 4053 978 4120 ὡς
1009 4054 1129 4110 οὐδὲ
1159 4055 1579 4126 πολιτευόμενον
1611 4057 1643 4128 ἢ
1668 4057 1951 4129 ταξεώτην

368 4143 495 4197 τινὰ
533 4142 626 4197 τὸν
661 4143 1033 4217 ψηφιζόμενον
1064 4140 1208 4199 εἶναι
1257 4146 1661 4218 γινώσκουσιν·
1709 4150 1850 4222 πλὴν
1902 4154 1949 4205 εί

371 4234 449 4306 μὴ
487 4235 547 4289 ὲν
591 4237 945 4308 μοναστηρίῳ
983 4237 1081 4292 οὐκ
1114 4236 1339 4292 ἔλαττον
1369 4239 1401 4309 ἢ
1428 4239 1729 4295 δεκαπέντε
1770 4242 1950 4296 ἐνιαυ-

368 4327 480 4381 τῶν
532 4327 807 4399 μοναδικῷ
854 4328 1006 4401 νόμῳ
1056 4331 1085 4383 ὁ
1136 4328 1566 4401 πολιτευόμενος
1602 4331 1635 4403 ἢ
1674 4334 1950 4399 ταξεώτης

2050 3226 2136 3279 γιει
2174 3226 2613 3294 promissionem,
2660 3226 2743 3281 vel
2774 3241 3041 3292 amorem,
3097 3228 3181 3283 vel
3241 3228 3497 3300 gratiam,
3537 3229 3622 3285 vel

2052 3316 2213 3371 aliam
2256 3329 2642 3388 quamcunque
2675 3317 3056 3384 adactionem.
3096 3320 3190 3376 sed
3238 3322 3382 3390 quod
3412 3321 3622 3376 scirent

2053 3407 2153 3463 hos
2182 3406 2459 3479 suﬂ‘ragiis
2485 3409 2759 3474 decretos,
2782 3424 2905 3465 esse
2933 3419 3095 3465 rectae
3123 3410 3242 3466 ﬁdei
3291 3420 3346 3467 et
3378 3412 3623 3468 honestae

2053 3499 2294 3563 vitae,‘et
2338 3501 2501 3556 annis
2530 3501 2753 3570 triginta
2787 3502 3044 3571 majores,
3081 3502 3292 3563 idcirco
3334 3510 3432 3561 eos
3473 3505 3620 3561 deice

2050 3593 2227 3661 gerint
2259 3610 2273 3647 :
2317 3592 2469 3658 item,
2503 3594 2648 3663 quod
2700 3594 2877 3649 sciant
2915 3609 3011 3649 eos
3047 3610 3149 3651 nec
3197 3612 3465 3663 uxorem,
3522 3613 3624 3653 nec

2053 3683 2255 3738 liberos
2288 3684 2508 3750 habere,
2555 3685 2829 3759 legitimos
2863 3695 2959 3740 aut
2996 3688 3316 3752 naturales;
3367 3690 3449 3745 vel
3480 3705 3616 3746 con-

2052 3776 2308 3830 cubinam
2358 3775 2633 3843 habuisse,
2672 3776 2753 3832 vel
2783 3777 3023 3846 habere;
3054 3779 3187 3849 quin
3217 3782 3384 3835 etiam
3425 3781 3470 3837 si
3499 3785 3623 3853 quis

2052 3882 2238 3923 eorum
2272 3867 2424 3947 prius
2457 3860 2685 3923 uxorem
2716 3868 2987 3936 habuerit,
3024 3871 3172 3941 quod
3207 3887 3328 3927 eam
3366 3873 3619 3955 habuerit

2054 3958 2247 4018 solam.
2277 3965 2331 4012 et
2350 3974 2469 4027 qua:
2489 3974 2517 4011 a
2549 3960 2861 4031 virginitate
2889 3974 2989 4016 sua
3030 3960 3083 4017 in
3119 3963 3239 4032 ejus
3264 3964 3626 4021 contubernio

2057 4047 2238 4101 fuerit.
2273 4047 2479 4102 Debent
2505 4049 2670 4103 etiam
2700 4049 2939 4106 decretis
2969 4052 3229 4122 adjicere,
3268 4056 3414 4126 quod
3448 4072 3626 4127 neque

2053 4141 2314 4196 curt..lem
2348 4151 2440 4195 aut
2494 4143 2859 4213 apparitorem
2889 4161 2953 4202 ex
2986 4146 3074 4215 iis,
3116 4150 3316 4220 quibus
3363 4151 3624 4223 suffragia

2057 4231 2389 4297 tribuuntur,
2440 4234 2675 4305 aliquem
2720 4252 2842 4292 esse
2875 4242 3124 4296 noverint
3156 4258 3170 4295 :
3202 4252 3525 4315 extraquam
3578 4248 3624 4303 si

2056 4320 2108 4374 in
2144 4324 2476 4377 monasterio
2525 4338 2632 4378 non
2684 4326 2865 4383 minus
2917 4330 3231 4399 quindecim
3293 4336 3455 4393 annis
3508 4337 3625 4409 lege

368 4418 492 4488 βίον
547 4417 873 4489 ἀδιάϐλητον
941 4420 1293 4485 ἐξετέλεσεν·
1348 4420 1438 4475 ἵνα
1497 4421 1561 4475 ἐκ
1632 4422 1740 4476 τῶν
1805 4423 1948 4480 οὕτω

2055 4411 2301 4466 solitaria
2328 4413 2547 4468 curialis
2571 4422 2666 4468 aut
2692 4418 2969 4486 apparitor
2990 4421 3156 4499 vitam
3186 4423 3627 4493 reprehensionis

369 4508 769 4580 ψηφιζομένων
806 4511 976 4582 τριῶν
1008 4511 1322 4583 προσώπων
1366 4513 1665 4578 ἐπίσκοπος
1712 4532 1948 4588 χειροτο-

2057 4512 2331 4574 expertem
2352 4507 2552 4572 egerit;
2574 4516 2629 4560 ut
2650 4522 2714 4562 ex
2744 4510 2921 4567 tribus
2938 4496 3109 4569 hisce
3127 4518 3398 4583 personis,
3425 4520 3628 4589 quibus

368 4605 565 4675 νηθείη
626 4608 690 4679 τῇ
744 4606 972 4679 ἐπιλογῇ
1024 4608 1119 4662 καὶ
1151 4607 1229 4679 τῷ
1263 4607 1495 4681 κρίματι
1554 4608 1650 4663 τοῦ
1708 4626 1953 4681 χειροτο-

368 4697 748 4771 νοῦντος.Χρή
766 4698 824 4753 δὲ
844 4698 934 4753 τὸν
961 4699 1226 4770 μέλλοντα
1258 4697 1686 4774 χειροτονεῖσθαι
1709 4700 1950 4756 λίὸελλον

366 4790 724 4846 ἀπαιτεῖσθαι
764 4790 921 4861 παρὰ
948 4791 1041 4845 τοῦ
1071 4791 1364 4863 μέλλοντος
1404 4792 1568 4847 αὐτὸν
1595 4793 1948 4866 χειροτονεῖν,

370 4885 471 4954 τὴν
500 4883 665 4939 αὑτοῦ
698 4884 1062 4957 πιστούμενος
1108 4885 1508 4958 πληροφορίαν.
1551 4882 1949 4956 Ἀπαγγὲλὶειν

366 4977 425 5030 δὲ
446 4975 545 5029 καὶ
568 4976 667 5049 τὴν
694 4975 860 5045 ἁγίαν
888 4976 1262 5049 προσκομιδὴν
1294 4978 1395 5049 τὴν
1434 4978 1527 5033 ἐπὶ
1562 4980 1628 5049 τῇ
1670 4978 1805 5050 ἁγίᾳ.
1834 4996 1948 5033 κοι-

366 5065 543 5136 νωνίᾳ
604 5067 921 5138 γινομένην,
970 5064 1066 5121 καὶ
1129 5065 1223 5120 ἐπὶ
1276 5066 1354 5139 τῷ
1418 5065 1561 5137 ἁγιῳ
1613 5066 1952 5138 βαπτίσματι

370 5156 679 5229 προϊοῦσαν
744 5159 934 5231 εὐχὴν,
969 5157 1065 5214 καὶ
1108 5157 1209 5224 τὰς
1258 5157 1451 5225 λοιπὰς
1511 5160 1859 5231 προσευχάς·
1902 5161 1957 5212 ὀ-

371 5250 576 5322 μνύναι
632 5249 689 5304 δὲ
722 5251 816 5307 καὶ
849 5251 1012 5307 αὐτὸν
1058 5250 1149 5306 τὸν
1181 5252 1676 5324 χειροτονούμενον,
1709 5252 1784 5315 ὡς
1831 5253 1955 5305 οὔτε

366 5342 440 5397 δι’
466 5341 658 5413 ἐτέρου
686 5340 796 5414 [ῑσ.
824 5341 950 5396 οὔτε
986 5342 1055 5397 δι’
1089 5341 1282 5416 αὐτοῦ]
1304 5343 1602 5413 προσώπου
1635 5342 1837 5396 δέδωκέ
1871 5359 1948 5408 τι,

370 5435 400 5505 ἢ
436 5432 730 5503 ὑπέσχετο,
757 5434 790 5505 ἦ
822 5434 961 5505 μετὰ
1001 5432 1175 5488 ταῦτα
1200 5433 1435 5503 δώσει,ἢ
1465 5434 1541 5504 τῷ
1581 5433 1950 5505 χειροτονοῦν-

375 5542 423 5578 τι
461 5521 649 5590 αὐτὸν,
683 5526 715 5597 ἢ
759 5527 868 5588 τοῖς
909 5525 976 5581 τὰ
1004 5525 1336 5597 ψηφίσματα
1376 5527 1456 5589 είς
1500 5526 1664 5579 αὑτὸν
1717 5542 1951 5594 πεποιηο

370 5617 564 5688 μένοις
613 5616 715 5688 τῆς
762 5620 1119 5691 χειροτονίας.
1152 5618 1371 5674 Τούτων
1408 5619 1465 5673 δὲ
1500 5620 1575 5691 μὴ
1606 5620 1951 5690 φυλαττομέ-

380 5726 507 5774 δων,
536 5710 629 5764 καὶ
649 5710 740 5765 τὸν
780 5712 1258 5785 χειροτονούμενον
1292 5712 1387 5765 καὶ
1422 5711 1514 5765 τὸν
1542 5710 1952 5782 χειροτονοῠντα

374 5796 480 5865 τῆς
542 5798 850 5873 ἐπισκοπῆς
908 5801 1285 5859 ἐκϐάλλεσθαι.
1348 5803 1835 5875 Κατηγορηθέντος
1896 5803 1953 5856 δὲ

2055 4597 2310 4668 suffragia
2344 4598 2425 4652 sic
2462 4599 2803 4666 tribuuntur,
2833 4604 3126 4674 episcopus
3173 4608 3477 4677 ordinetur,
3532 4613 3619 4667 id-

2054 4705 2160 4758 quc
2184 4705 2281 4759 per
2300 4691 2620 4747 electionem
2643 4701 2695 4748 et
2718 4693 2988 4764 judicium
3031 4688 3338 4758 ordinantis
3361 4705 3624 4777 episcopi.

2056 4778 2228 4836 Debet
2278 4781 2405 4835 item
2456 4781 2525 4836 ab
2585 4783 2712 4848 illo,
2762 4785 2853 4854 qui
2911 4788 3256 4847 ordinandus
3314 4805 3430 4858 est,
3481 4799 3625 4869 exigi

2056 4868 2272 4927 libellus
2294 4884 2391 4941 per
2422 4886 2568 4941 eum,
2588 4875 2681 4944 qui
2712 4877 3068 4936 ordinaturus
3092 4888 3197 4946 est,
3222 4900 3331 4954 quo
3355 4885 3423 4943 de
3452 4868 3625 4959 ipsius

2057 4962 2111 5018 in
2156 4964 2405 5020 doctrina
2454 4965 2767 5037 integritate
2827 4979 3110 5028 caveatur.
3166 4973 3424 5035 Enuntiet
3461 4985 3627 5038 etiam

2055 5066 2462 5116 sacrosanctam
2498 5061 2851 5133 oblationem,
2880 5081 3004 5135 quae
3050 5067 3107 5123 iit
3141 5067 3195 5123 in
3235 5071 3623 5128 communione

2052 5167 2230 5221 sacra,
2255 5163 2309 5208 et
2339 5154 2725 5224 precationem.
2758 5170 2881 5228 qua:
2917 5158 2972 5214 in
3019 5168 3373 5217 sacrosancto
3417 5160 3623 5234 baptis-

2056 5255 2200 5300 mate
2245 5246 2460 5317 concipi
2511 5247 2680 5311 solet,
2735 5263 2858 5304 cum
2916 5254 3331 5322 precationibus
3383 5258 3622 5315 caeteris.

2055 5338 2175 5407 Ipse
2216 5346 2511 5410 praetcrea,
2540 5341 2634 5413 qui
2685 5342 2995 5414 ordinatur,
3026 5351 3209 5418 juret,
3261 5350 3406 5419 quod
3450 5366 3625 5421 neque

2053 5443 2145 5498 per
2177 5445 2252 5491 sc,
2291 5444 2467 5501 neque
2493 5446 2591 5501 per
2616 5432 2776 5487 aliam
2819 5450 3108 5504 personam
3139 5437 3349 5493 dederit
3392 5437 3622 5509 aliquid,

2051 5522 2135 5575 vel
2171 5522 2501 5591 promiserit,
2548 5524 2631 5579 vel
2677 5523 2933 5596 deinceps
2967 5527 3196 5584 daturus
3230 5531 3303 5584 sit
3346 5529 3624 5587 ordinanti

2053 5615 2332 5684 episcopo,
2364 5615 2446 5669 vel
2482 5615 2567 5678 iis,
2600 5617 2693 5685 qui
2741 5618 3105 5675 ordinationis
3150 5620 3373 5677 decreta
3398 5620 3467 5678 de
3502 5622 3624 5691 ipso

2055 5706 2325 5761 fecerunt.
2359 5706 2492 5773 Quae
2551 5708 2595 5763 si
2634 5724 2742 5763 non
2781 5719 3089 5777 serventur,
3126 5723 3233 5767 tam
3282 5714 3326 5767 is
3366 5714 3457 5785 qui
3483 5718 3630 5771 ordi-

2060 5813 2244 5867 natur,
2299 5817 2461 5872 quam
2515 5801 2606 5872 qui
2659 5802 2913 5869 ordinat,
2959 5804 3278 5876 episcopatu
3338 5806 3627 5878 spoliatur.
