4066 6388
416 339 556 403 1999

1638 349 1916 413 THEOD.
1963 351 2445 415 BALRAMONIS

3536 343 3672 409 1300

415 456 551 509 Cum
588 467 883 514 accusatus
921 460 1107 527 fuerit,
1151 459 1243 530 qui
1276 460 1620 517 ordinandus
1651 472 1737 519 est
1765 464 1979 533 episco-

2089 468 2183 520 τοῦ
2225 468 2514 538 μέλλοντος
2540 465 2966 539 χειροτονεῖσθαι
3007 464 3331 527 ἐπισκόπου,
3367 463 3399 532 ἢ
3433 463 3676 532 πρεσϐυ-

419 565 544 618 pus,
570 551 657 606 vel
692 554 1003 625 presbyter,
1040 555 1123 610 vel
1151 553 1440 621 diaconus,
1470 555 1684 613 aliusve
1725 556 1985 625 clericus,
2025 583 2033 592 -

414 652 507 699 ant
540 645 736 712 abbas,
772 654 905 702 tunc
939 648 1008 713 is,
1057 648 1149 720 qui
1177 649 1576 706 ordinationem
1623 650 1708 706 vel
1750 650 1986 706 creatio-

412 750 534 789 nem
595 738 876 808 perficiet,
910 750 1179 809 prasente
1249 749 1436 797 actore
1482 756 1547 797 ac
1597 741 1744 797 litem
1799 755 1988 811 perse-

412 834 642 894 quente,
673 833 1079 885 accusationem
1131 833 1427 889 examinet.
1451 831 1607 899 Quod
1646 831 1690 887 si
1716 829 1983 899 judicium

413 926 568 972 actor
597 919 822 985 deserit,
848 922 1011 975 etiam
1042 921 1116 976 ita
1145 922 1586 994 disquisitionem
1617 922 1987 979 accusationis

408 1011 887 1066 accuratissimam
945 1013 1197 1068 instituat
1249 1015 1390 1069 intra
1438 1022 1553 1069 tres
1598 1028 1817 1070 menses
1848 1012 1927 1085 (8)
1968 1032 1982 1067 :

411 1114 476 1154 ac
516 1100 562 1156 si
592 1102 811 1172 quidem
847 1120 997 1159 reum
1027 1105 1270 1162 inveniat
1300 1106 1477 1172 illum,
1503 1107 1595 1177 qui
1645 1106 1986 1161 ordinandus

412 1199 518 1257 est,
547 1193 665 1248 sive
696 1196 1000 1250 secundum
1045 1211 1287 1254 canones
1328 1200 1445 1253 sive
1492 1196 1794 1254 secundum
1840 1198 1986 1265 leges

415 1285 627 1350 civiles,
661 1286 1065 1342 ordinationem
1108 1288 1343 1345 dill‘erat.
1386 1289 1694 1346 Accusator
1722 1297 1905 1343 autem
1937 1289 1982 1343 si

410 1393 518 1430 non
546 1380 902 1447 probaverit,
952 1380 1036 1434 vel
1091 1380 1390 1451 aufugerit,
1412 1381 1455 1435 si
1493 1379 1715 1450 quidem
1749 1379 1985 1433 clericus

409 1479 514 1535 est,
562 1470 734 1540 gradu
802 1487 905 1527 suo
949 1470 1222 1538 dejicitor,
1288 1472 1373 1527 sin
1424 1471 1618 1536 laicus,
1667 1472 1984 1541 castigatio-

409 1576 533 1616 nem
566 1570 966 1632 competentem
994 1563 1285 1617 sustineto.
1310 1563 1441 1629 Quae
1460 1561 1506 1617 si
1534 1577 1641 1616 non
1672 1569 1981 1622 serventur,

408 1651 773 1707 consimiliter
814 1659 924 1706 tam
967 1652 1036 1717 is,
1074 1652 1165 1720 qui
1195 1653 1439 1718 ordinat,
1490 1665 1654 1721 quam
1689 1651 1783 1719 qui
1832 1648 1983 1704 ordi-

2060 590 2063 593 η
2088 558 2276 628 τέρου,
2301 558 2336 630 ἢ
2366 558 2641 625 διακόνου,
2681 557 2713 628 ἢ
2739 557 2903 611 ἄλλου
2932 551 3223 627 κληρικοῦ,
3254 552 3287 624 ἢ
3328 552 3667 623 ἡγουμένου,

2089 651 2116 701 ό
2146 649 2356 720 μέλλων
2388 650 2489 721 τὴν
2522 648 2920 722 χειροτονίανῆ
2954 648 3054 718 τὴν
3085 643 3361 717 προϐολὴν
3392 643 3673 697 ποιεῖσθαι

2091 742 2361 812 παρόντος
2389 742 2484 797 τοῦ
2527 743 2837 813 κατηγόρου
2881 742 2975 795 καὶ
3006 738 3319 806 ἐπεξιόντος
3363 737 3673 804 ἐξεταζέτω

2088 833 2187 904 τὴν
2215 833 2570 905 κατηγορίαν.
2602 834 2665 887 El
2692 833 2748 886 δὲ
2782 832 3244 903 ἀπολιμπάνεται,
3275 830 3541 885 ποιείσθω
3570 828 3678 881 καὶ

2088 922 2234 976 οὕτω
2287 923 2516 992 ζήτησιν
2549 922 2959 995 ἀκριϐεστάτην
2998 922 3099 991 τῆς
3142 919 3488 991 κατηγορίας
3531 918 3671 970 εἵσω

2093 1014 2279 1086 μηνῶν
2309 1016 2516 1088 τριῶν·
2566 1016 2662 1069 καὶ
2710 1015 2987 1085 εὑρίσκων
3034 1015 3211 1067 αίτιον
3261 1013 3354 1066 τὸν
3402 1011 3710 1080 μέλλοντα’

2090 1106 2544 1178 χειροτονεῖσθαι,
2572 1107 2685 1160 εἴτε
2737 1106 2880 1160 κατὰ
2916 1108 3045 1169 τοὺς
3082 1104 3347 1173 κανόνας,
3375 1103 3487 1157 εἴτε
3524 1103 3674 1156 κατὰ

2087 1200 2217 1261 τοὺς
2248 1196 2564 1260 πολιτικοὺς
2604 1196 2834 1260 τύπους,
2881 1196 3261 1266 ὐπερτιθέσθω
3293 1195 3394 1263 τὴν
3434 1209 3679 1264 χειροτο·

2089 1291 2233 1343 νὶαν.
2267 1289 2328 1343 '0
2356 1288 2414 1342 δέ
2452 1288 2784 1358 κατήγορος,
2819 1287 2895 1356 μὴ
2934 1286 3136 1347 συστὰς
3182 1284 3216 1356 ἢ
3260 1282 3589 1353 ἀποφυγὼν,
3624 1281 3679 1333 εί

2091 1382 2187 1450 μὲν
2218 1379 2479 1450 κληρικός
2511 1383 2679 1442 ἐστιν,
2712 1379 3022 1443 ἐξωθείσθω
3060 1377 3155 1431 τοῦ
3186 1375 3394 1431 οίκείου
3423 1371 3670 1446 βαθμοῦ·

2088 1473 2137 1523 εἰ
2166 1470 2459 1539 δέελαῖκδς,
2483 1469 2575 1522 τὸν
2622 1467 2972 1536 προσήκοντα
3026 1452 3408 1538 σωφρονισμὸν
3463 1464 3679 1531 ὑπομε-

2086 1563 2248 1616 νέτω.
2282 1561 2505 1616 Τούτων
2541 1562 2599 1615 δὲ
2638 1562 2714 1632 μὴ
2764 1559 3373 1631 παραφυλαττομένων,
3402 1556 3678 1619 ὡσαύτως

2087 1656 2117 1707 ὁ
2145 1652 2471 1724 χειροτονῶν
2512 1652 2608 1709 καὶ
2649 1654 2677 1705 ό
2712 1649 3121 1722 χειροτονηθεὶς
3168 1646 3547 1703 ἐκδαλλέσθω.
3590 1644 3681 1701 Τὰ

411 1751 572 1798 natus
616 1752 740 1807 est,
793 1716 1106 1814 expellitor:
1147 1716 1435 1799 Caeterum
1467 1716 1589 1812 qua:
1631 1716 1778 1796 dicta
1827 1749 1979 1807 sunt,

2085 1716 2445 1818 ssnslpmtéva
2479 1747 2574 1800 καὶ
2607 1716 3005 1814 ἐπὶξπροδολῆς
3037 1741 3357 1814 ἡγουμένων
3383 1742 3605 1811 κρατεῖ.

406 1834 570 1891 etiam
602 1834 656 1889 in
680 1834 902 1890 abbatis
932 1835 1210 1890 creatione
1240 1835 1421 1888 locum
1457 1834 1680 1888 habent.

477 1919 1194 2005 Synodummplscoporutn
1245 1921 1433 1976 haberi
1481 1928 1701 1990 oportet
1751 1917 1979 1975 Octobri

406 2027 595 2067 mense
649 2012 968 2081 quotannis,
1001 2021 1056 2066 et
1094 2010 1392 2068 convenire
1440 2011 1583 2076 illos,
1619 2011 1712 2080 qui
1743 2012 1835 2081 jus
1869 2026 1983 2065 me-

402 2106 774 2175 tr0politicum
823 2105 1051 2171 habent,
1102 2103 1245 2173 apud
1295 2110 1696 2172 competentem
1750 2100 1985 2171 patriar-

405 2199 585 2260 cbnm,
617 2197 910 2269 episcopos
951 2211 1080 2251 vero
1136 2196 1279 2265 apud
1321 2210 1452 2252 suos
1482 2194 1977 2264 metropolitanos:

402 2302 463 2347 ut
484 2291 627 2361 apud
656 2305 752 2347 eos
787 2290 1138 2361 perquiratur
1166 2288 1235 2344 de
1266 2287 1452 2344 causis
1491 2288 1795 2352 canonicis,
1828 2296 1883 2341 et
1912 2286 1979 2341 de

403 2385 489 2447 iis,
522 2396 865 2453 quaecunque
910 2379 1158 2455 nonnulli
1189 2395 1253 2435 ex
1289 2379 1427 2448 ipsis
1457 2379 1754 2449 episcopis,
1785 2386 1841 2434 ct
1863 2378 1977 2434 cle-

402 2476 555 2539 ricis,
603 2484 657 2530 et
688 2474 1013 2538 'monacbis,
1043 2483 1096 2528 et
1147 2471 1435 2526 abbatibus
1472 2472 1525 2525 in
1563 2471 1804 2526 medium
1847 2484 1978 2539 pro-

402 2567 607 2634 ferunt,
640 2566 805 2622 veluti
831 2582 953 2635 quae
1002 2572 1198 2634 praeter
1242 2563 1457 2618 divinos
1486 2576 1728 2618 canones
1772 2561 1976 2616 admit-

403 2668 607 2721 tantur,
641 2658 942 2716 secundum
974 2656 1221 2713 ordinem
1245 2653 1651 2725 iurisdietionis
1680 2668 1812 2707 sum.
1844 2649 1977 2717 Quae

399 2752 618 2821 quidem
670 2750 743 2806 ita
792 2748 1191 2811 servabuntur,
1239 2762 1349 2801 non
1401 2746 1650 2825 ipsorum
1701 2742 1977 2797 duntaxat

399 2844 785 2914 episcoporum
817 2857 973 2914 cura,
998 2856 1184 2899 verum
1218 2840 1385 2897 etiam
1423 2837 1844 2908 magistratuum
1900 2837 1977 2890 ri-

401 2937 610 2990 vilium.

2154 1928 2276 2000 Χρὴ
2304 1928 2361 1982 δέ
2393 1928 2612 1982 σύνοδον
2634 1927 2884 1997 γίνεσθαι
2907 1927 3016 1980 τῶν
3045 1925 3368 1980 ἐπισκόπων
3406 1924 3549 1978 κατᾶ
3578 1923 3676 1977 τὸν

2081 2020 2230 2075 ὀκτὼ
2261 2021 2409 2092 μῆνα
2438 2019 2835 2093 [Ὄκτώδριον]
2872 2020 3107 2075 ἑκάστου
3139 2018 3320 2084 ἔτους,
3360 2019 3456 2074 καὶ
3486 2019 3674 2072 συνιέ-

2083 2131 2171 2167 ναι
2199 2112 2324 2176 τοὺς
2385 2113 2484 2178 μὲν
2532 2111 2992 2183 μητροπολιτικὸν
3018 2110 3246 2180 ἔχοντας
3276 2109 3488 2165 δίκαιον
3515 2109 3677 2179 παρὰ

2080 2204 2159 2276 τῷ
2191 2205 2489 2276 προσφόρῳ
2518 2203 2861 2275 πατριάρχῃ,
2890 2203 3017 2266 τοὺς
3054 2202 3111 2255 δέ
3142 2200 3481 2263 ἐπισκόπους
3515 2201 3673 2271 παρᾶ

2079 2300 2194 2362 τοῖς
2218 2298 2443 2360 οἰκείοις
2477 2296 2927 2367 μητροπολίταις,
2970 2295 3056 2361 ἐφ’
3082 2287 3127 2363 ᾧ
3155 2295 3287 2363 παρ’
3320 2293 3506 2357 αὐτοῖς
3547 2291 3674 2346 δια-

2080 2388 2369 2458 ζητεῖσθαι
2400 2388 2499 2452 τάς
2535 2405 2595 2441 τε
2630 2387 2929 2451 κανονικὰς
2981 2386 3186 2450 αίτίας,
3219 2385 3318 2440 καὶ
3367 2384 3472 2438 ὅσα
3518 2384 3675 2447 τινὲς

2080 2482 2263 2536 αὐτῶν
2309 2498 2369 2534 τε
2419 2480 2529 2534 τῶν
2564 2479 2904 2540 ἐπισκόπων,
2941 2478 3034 2532 καὶ
3077 2477 3190 2532 τῶν
3233 2476 3543 2547 κληρικῶν,
3577 2475 3679 2528 καὶ

2078 2573 2188 2626 τῶν
2226 2571 2501 2642 μοναχῶν,
2555 2572 2650 2625 καὶ
2680 2586 2788 2624 των
2838 2570 3162 2639 ἡγουμένων
3184 2608 3200 2635 ,
3242 2567 3676 2634 καταλέγουσιν,

2078 2663 2156 2726 ὡς
2207 2661 2359 2732 παρὰ
2407 2663 2535 2725 τοὺς
2582 2660 2760 2723 θείους
2797 2661 3031 2726 κανόνας
3062 2678 3116 2715 τι
3144 2658 3670 2730 διαπραττομένων,

2081 2755 2223 2806 κατὰ
2274 2753 2371 2825 τὴν
2415 2753 2569 2818 τάξιν
2626 2755 2724 2822 τῆς
2776 2753 2986 2815 οἰκείας
3009 2750 3401 2816 δικαιοδοσίας,
3457 2750 3674 2803 τούτων

2080 2844 2503 2916 φυλαττομένων
2533 2846 2595 2900 οὐ
2634 2845 2793 2915 μόνον
2818 2845 2945 2916 παρ’
2974 2845 3154 2898 αὐτῶν
3181 2843 3292 2898 τῶν
3320 2844 3668 2904 ἐπισκόπων,

2080 2937 2217 2991 ἀλλὰ
2248 2938 2340 2991 καὶ
2371 2937 2521 3007 παρᾶ
2547 2937 2657 2989 τῶν
2686 2936 2981 2990 πολιτικῶν
3007 2936 3314 3007 ἀρχόντων.

471 3027 675 3084 Debent
722 3027 823 3092 illi,
851 3027 944 3098 qui
985 3025 1317 3108 oblationem
1367 3024 1597 3087 faciunt,
1649 3022 1733 3076 vel
1782 3034 1972 3089 proca»

2088 3057 2097 3061 η
2151 3030 2278 3086 Ὀτι
2309 3029 2415 3101 χρὴ
2458 3032 2588 3091 τοὺς
2620 3026 3095 3099 προσκομίζοντας
3128 3029 3162 3099 ἢ
3191 3027 3293 3099 τὴν
3342 3024 3514 3097 εὐχὴν
3564 3026 3665 3079 τοῦ

398 3120 602 3177 tionem
651 3120 986 3176 sacrosancti
1036 3118 1390 3188 baptismatis
1430 3115 1769 3185 concipiunt,
1819 3112 1972 3167 clara

398 3229 532 3269 voce
563 3226 752 3283 preces
777 3212 925 3280 ipsas
959 3220 1013 3265 et
1034 3210 1370 3267 oblationem
1417 3207 1797 3277 pronuntiare.
1829 3202 1972 3256 Nam

399 3308 504 3361 bno
538 3315 590 3360 et
621 3320 649 3357 a
679 3305 859 3359 Paulo'
879 3301 1130 3372 principe
1159 3299 1554 3370 apostolorum,
1602 3305 1655 3351 et
1706 3310 1733 3349 a
1770 3295 1978 3351 sanctis

399 3396 655 3452 Patribus
688 3392 1022 3466 praecipitur.
1055 3389 1385 3446 Sacerdotes
1417 3403 1567 3451 vero,
1610 3387 1704 3456 qui
1733 3385 1836 3440 hoc
1862 3399 1975 3439 non

399 3489 629 3550 faciunt,
657 3483 927 3541 obnoxios
952 3496 1073 3538 esse
1100 3480 1234 3537 dicit
1261 3480 1376 3534 btec
1409 3476 1739 3534 constitutio
1791 3476 1975 3548 magni

401 3580 491 3634 Ι)ρὶ
520 3577 751 3649 judicio,
777 3590 877 3631 nec
902 3577 1143 3645 vigorem
1178 3563 1593 3640 imperatorium
1625 3568 1881 3641 ell‘ugere.

474 3696 594 3749 Dat.
634 3711 664 3748 χ
698 3693 815 3748 Kal.
851 3690 1025 3761 April.
1062 3686 1538 3763 Constantinopoli
1562 3730 1579 3750 ,
1620 3684 1973 3755 imperatoris

402 3782 696 3839 Justiniani
747 3795 891 3836 anno
935 3779 1217 3835 tricesimo
1256 3792 1426 3843 nono,
1475 3786 1601 3847 post
1627 3775 1974 3831 consulatum

405 3875 585 3933 Basilii
620 3872 882 3931 vicesimo
906 3880 1125 3944 quarto.

924 3986 1088 4040 Tituli
1124 3986 1151 4041 1
1186 3983 1477 4042 Paratitla.

470 4083 574 4137 'fit.
606 4080 661 4149 2,
692 4082 859 4151 hujus
905 4080 1077 4135 tertias
1114 4079 1315 4148 partis’,
1346 4075 1667 4132 constitutio
1712 4077 1765 4130 5.
1792 4073 1976 4129 Prima

404 4174 694 4232 sacerdotii
729 4172 904 4245 (9-10)
945 4171 1109 4237 sedes
1138 4180 1220 4225 est
1242 4160 1779 4235 Romana,secunda
1829 4165 1973 4224 Con-

400 4267 911 4334 stantinopolitana.

470 4354 936 4427 Arcbiepiscopns
985 4351 1173 4420 prima:
1231 4347 1555 4413 Justinianw
1611 4348 1667 4402 in
1712 4348 1977 4419 subjectis

2079 3121 2239 3188 ἁγίου
2273 3120 2650 3189 βαπτίσματος
2689 3117 2979 3181 ποιοῦντας
3024 3120 3294 3188 ἐκφωνείν
3348 3120 3448 3184 τὰς
3500 3121 3673 3192 εὐχὰς

2079 3212 2179 3266 καὶ
2212 3212 2313 3281 τὴν
2342 3210 2747 3281 προσκομιδήν.
2794 3209 3018 3283 Ἐπειδὴ
3041 3210 3201 3266 τοῦτο
3229 3216 3328 3268 καὶ
3355 3214 3557 3288 Παύλῳ
3584 3218 3668 3288 τῷ

2080 3301 2364 3373 κορυφαίῳ
2414 3299 2524 3353 τῶν
2569 3301 2890 3356 ἀποστόλων
2952 3305 3046 3355 καί
3100 3303 3215 3366 τοῖς
3261 3304 3443 3374 ἁγίοις
3472 3306 3672 3375 διαγο-

2081 3396 2301 3465 ρεύεται
2334 3393 2601 3461 Πατράσι.
2618 3394 2758 3455 Τοὺς
2782 3393 2837 3453 δὲ
2880 3393 2955 3464 μὴ
2979 3394 3137 3448 τοῦτο
3164 3394 3456 3462 ποιοῦντας
3488 3399 3667 3469 lapsi;

2078 3484 2417 3548 ὑπευθύνους
2447 3479 2590 3537 εἶναι
2623 3486 2691 3556 τῇ
2724 3486 2906 3552 κρίσει
2938 3484 3034 3539 τοῦ
3083 3487 3324 3557 μεγάλου
3360 3488 3523 3557 Θεοῦ,
3564 3494 3665 3545 καὶ

2081 3577 2158 3647 μὴ
2195 3576 2491 3645 ἐκφεύγειν
2515 3576 2740 3647 κίνησιν
2772 3577 3088 3649 βασιλικήν.
3546 3569 3557 3579 ’

2151 3697 2281 3749 Δατ.
2310 3694 2529 3749 καλενδ.
2579 3695 2765 3766 Ἀπρ.,
2795 3695 3114 3751 Κωνσταντ.
3147 3692 3401 3767 βασιλείᾳ
3421 3693 3664 3752 Ἰουστι-

2078 3786 2258 3841 νιανοῦ
2289 3784 2387 3853 λθ¹,
2424 3785 2563 3857 μετά
2590 3788 2691 3858 τὴν
2723 3785 3090 3843 ύπατείανθθ

2458 3989 2539 4045 Τὰ
2567 3990 2898 4061 «apeiria/la
2927 3989 3036 4047 τοῦ
3059 3991 3173 4049 τιτ.
3209 3995 3294 4048 Δ’.

2151 4081 2346 4135 Τίτλου
2401 4080 2447 4150 β’
2494 4080 2742 4148 διάταξις
2796 4078 2867 4147 γ’.
2908 4080 3137 4152 Πρῶτός
3173 4082 3322 4136 ἐστιν
3362 4079 3672 4151 ἱερωσύνης

2079 4172 2266 4244 θρόνος
2298 4174 2325 4225 ό
2361 4172 2604 4244 Ῥώμης,
2647 4171 2904 4243 δεύτερος
2937 4170 2967 4225 6
2999 4171 3666 4234 Κωνσταντινουπόλεως.

2162 4351 2222 4408 '0
2265 4351 2699 4424 ἀρχιεπίακοπυς
2743 4326 2847 4422 τῆς
2888 4352 3111 4424 πρώτης
3162 4354 3555 4426 Ἰουστινιανῆς
3606 4357 3669 4413 ἐν

402 4449 503 4504 sibi
543 4445 838 4518 provinciis
878 4443 1058 4498 locum
1094 4440 1307 4496 obtinet
1333 4438 1649 4509 apostolicae
1682 4437 1832 4495 sedis
1859 4437 1973 4493 Ro-

2082 4446 2200 4508 ταίς
2235 4445 2330 4500 ὕπ’
2383 4445 2549 4499 αὐτὸν
2607 4445 2905 4523 ἐπαρχίαις
2975 4447 3068 4513 τὸν
3115 4448 3281 4501 τόπον
3335 4449 3526 4518 ἐπέχει
3566 4450 3667 4501 τοῦ

338 4560 361 4570 -
403 4554 597 4603 mante,
648 4546 702 4592 et
751 4534 982 4591 similem
1027 4533 1185 4597 habet
1239 4530 1533 4595 sacerdotii
1585 4531 1816 4602 gradum
1858 4533 1977 4604 epi-

408 4648 609 4704 scapus
636 4629 981 4700 Carthaginis
1022 4630 1075 4682 in
1117 4627 1325 4689 Africa.

478 4814 705 4886 Oportet
741 4815 1054 4884 episcopos,
1092 4813 1186 4884 qui
1233 4812 1326 4883 jus
1378 4810 1837 4882 metropoliticum
1868 4809 1971 4867 lia-

407 4912 560 4974 bcnt,
588 4909 776 4969 eodem
810 4917 1074 4981 perpetuo
1106 4906 1234 4961 frui.

479 5001 731 5073 Episcopi
782 5003 980 5063 debent
1012 5000 1521 5065 administrationes
1558 5012 1752 5053 eorum
1782 4996 1977 5064 .inspi-

404 5109 549 5160 cere,
601 5093 693 5164 qui
736 5093 1049 5167 provisorcs
1092 5094 1145 5148 in
1189 5092 1521 5163 quibusdam
1562 5088 1975 5145 venerabilibus

402 5185 655 5241 domibus
683 5186 971 5240 constituti
1011 5196 1139 5240 sunt
1184 5187 1253 5239 ab
1286 5185 1353 5239 iis
1408 5184 1498 5252 qui
1549 5181 1771 5237 easdem
1807 5195 1969 5234 vene-

405 5280 597 5335 rabiles
637 5281 829 5335 domos
851 5288 1261 5336 exstruxerunt.

2078 4535 2442 4592 ἀποστολικοῦ
2500 4536 2694 4615 θρόνου
2764 4536 3006 4608 Ῥώμης,
3037 4538 3131 4597 καὶ
3184 4536 3281 4592 τὸν
3320 4537 3513 4608 ὅμοιον
3557 4539 3667 4610 τῆς

2081 4629 2380 4700 ἱερωσύνης
2420 4627 2628 4699 βαθμὸν
2659 4628 2754 4681 τοῦ
2781 4628 3089 4683 ἐπισκόπου
3121 4626 3238 4701 [Ian
3271 4628 3300 4681 ὸ
3329 4627 3667 4704 ἐπίσκοπος]

2081 4719 2450 4791 Καρθαγένης
2489 4719 2592 4791 τῆς
2636 4720 2931 4793 ’Διρρικῆς.

2150 4811 2275 4884 Χρὴ
2300 4811 2430 4874 τοὺς
2463 4812 2804 4875 ἐπισκόπους
2825 4812 2955 4875 τοὺς
2985 4810 3216 4883 ἔχοντας
3264 4814 3668 4884 μητροπολιτι-

2085 4902 2181 4955 κον
2210 4902 2420 4956 δίκαιον
2452 4900 2748 4956 ἀπολαύειν
2782 4902 2978 4961 τούτου
3012 4901 3299 4968 διηνεκῶς.

2152 4996 2279 5066 Χρὴ
2320 4996 2446 5057 τοὺς
2504 4995 2839 5055 ἐπισκόπους
2870 4993 3199 5048 ἐποπτεύειν
3237 4993 3336 5061 τὰς
3366 4992 3671 5065 διοικήσεις

2084 5088 2193 5141 τῶν
2230 5089 2287 5140 ἐν
2346 5104 2494 5139 τισιν
2544 5086 2806 5155 εύαγέσιν
2856 5087 3027 5149 οίκοις
3079 5085 3475 5140 καταστάντων
3521 5101 3668 5156 προ-

2082 5179 2290 5250 νοητῶν
2344 5180 2472 5245 τοὺς
2517 5177 2691 5259 αὐτῆς
2742 5178 2965 5247 εὐαγεῖς
3015 5177 3203 5244 οἴκους
3259 5170 3668 5248 οίκοδομησᾲν-

2080 5290 2204 5325 των.

1547 5432 1874 5497 Annibalis
1908 5433 2156 5493 Fabroli
2204 5444 2396 5495 notas.

473 5583 549 5649 (8)
590 5579 740 5636 Intra
797 5592 897 5635 tres
956 5598 1171 5635 menses.
1226 5580 1515 5635 Balsanton
1555 5580 1618 5633 ad
1671 5581 1962 5636 Nomocan.

407 5652 584 5705 l’botii
619 5654 705 5705 tit.
741 5655 790 5715 l,
830 5669 880 5706 c.
923 5652 976 5715 8,
1031 5652 1226 5706 scribit
1276 5652 1560 5720 singulare
1606 5668 1728 5706 esse
1761 5662 1821 5704 ut
1862 5653 1958 5706 ab-

404 5731 556 5779 sente
588 5730 907 5777 accusatore
932 5723 1051 5788 ejus
1098 5724 1187 5789 qui
1245 5724 1308 5776 ad
1346 5723 1723 5790 ρρίειιιψειιιιιιι
1755 5723 1961 5778 electus

403 5802 503 5846 est.
533 5808 628 5846 nec
674 5793 1079 5846 accusationem
1146 5793 1425 5849 implente.
1470 5790 1609 5845 intra
1649 5802 1759 5847 trcs
1807 5811 1958 5848 tncn-

2076 5598 2163 5654 sos
2197 5599 2308 5637 rem
2345 5583 2568 5639 definiat
2595 5583 2640 5637 is
2669 5584 2762 5651 qui
2796 5583 3115 5654 episcopum
3149 5584 3512 5640 ordinaturus
3532 5593 3646 5642 cst:

2087 5652 2273 5726 ’l6t_x'iv
2311 5658 2425 5726 ἐστι
2450 5654 2538 5707 διά
2569 5656 2630 5707 τὸ
2663 5652 2936 5726 χρήσιμον
2980 5652 3081 5726 τῆς
3114 5655 3476 5726 χειροτονίας.

2143 5724 2311 5793 (9-10)
2344 5723 2523 5777 Prima
2556 5723 3000 5779 sacerdotii.Vide
3037 5723 3235 5778 Zniiar.
3272 5727 3337 5777 ad
3373 5742 3578 5779 canon.
3616 5727 3651 5780 ’5

2072 5796 2268 5849 annuli
2295 5797 2717 5859 Constantinop.
2752 5813 2790 5862 ι,
2822 5805 2873 5851 et
2908 5797 2973 5849 ad
2996 5810 3043 5849 c.
3084 5795 3116 5850 8
3147 5797 3341 5851 concil.
3375 5796 3645 5851 lihalced.
