4066 6404
350 389 481 455 1301

1407 397 1748 462 CONSTIT.
1797 400 1932 464 ECC
1945 401 2099 462 LES.
2134 401 2571 465 COLLECTIO.

3460 401 3608 466 i302

416 509 681 562 Διατυποῖ
705 509 737 577 ἡ
759 508 1003 574 διάταξις
1037 509 1091 563 τί
1134 511 1244 584 χρὴ
1271 512 1543 584 πράττειν
1572 517 1666 568 τὸν
1694 513 1920 568 ἐπίσκοι

2106 515 2312 570 Statuit
2346 517 2536 572 eadem
2565 517 2907 582 conStitutio,
2941 517 3072 585 quid
3101 532 3391 586 episcopus
3416 516 3598 572 facere

346 619 448 654 πον
489 601 621 669 περὶ
665 603 774 655 τῶν
824 603 906 667 εἰς
960 602 1202 658 διάδοσιν
1255 607 1572 678 πτωχῶν,ἢ
1614 608 1918 679 ἅνάρῥυσιν

345 693 452 745 τῶν
500 693 892 762 αἰχμαλώτων,
939 694 1292 767 ἀπροσώπως
1347 715 1405 750 τε
1466 698 1563 752 καῖ
1617 698 1920 766 ἀνωνύμως

345 786 837 854 καταλειφθέντων.
945 791 950 798 ’

416 874 527 937 Τὰς
550 876 658 928 τῶν
685 876 943 948 διαδόχων
975 880 1068 934 καὶ
1105 881 1406 935 ἀδιαθέτων
1440 882 1786 944 ἐπισκόπων,
1828 884 1920 936 καὶ

345 965 549 1019 λοιπῶν
588 969 882 1038 ἱερατικῶν
953 972 1265 1040 προσώπων
1329 973 1645 1042 περιουσίας
1697 974 1754 1025 αἱ
1801 973 1920 1026 κατ’

345 1058 543 1123 αὐτοὺς
581 1059 866 1131 ἐκκλησίαι
903 1061 1266 1132 διαδέχονται.

417 1239 610 1294 Τίτλου
645 1241 739 1294 τοῦ
765 1243 932 1296 αὐτοῦ
957 1245 1202 1311 διάταξις
1226 1245 1291 1300 θ’.
1324 1249 1418 1299 Δεῖ
1444 1249 1569 1311 τοὺς
1603 1249 1923 1320 οἰκονόμους

344 1331 455 1385 τῶν
482 1334 792 1404 ἐκκλησιῶν
817 1336 987 1400 ἀδεῶς
1031 1338 1268 1391 ἐκδικεῖν
1317 1340 1384 1391 τὰ
1434 1339 1792 1409 περιελθόντα
1841 1342 1920 1405 είς

344 1421 445 1491 τὴν
476 1421 753 1493 βασιλείαν
781 1427 892 1481 τῶν
922 1429 1141 1496 εύαγῶν
1179 1430 1348 1483 οίκων
1385 1432 1622 1501 ἀκίνητα
1653 1434 1924 1502 πράγμα-

345 1531 438 1583 τα,
485 1516 580 1569 καὶ
631 1517 915 1588 ἀμεῖψεως
960 1524 1166 1590 τρόπον
1218 1521 1330 1594 [ἷσ.
1384 1523 1619 1596 τρόπῳ],
1657 1527 1752 1580 ἐὰν
1786 1527 1926 1597 πρὸς

345 1601 539 1676 ἕτερον
570 1606 872 1674 μετέλθωσι
906 1611 1223 1678 πρόσωπον.
1257 1615 1574 1682 Σημείωσαι
1626 1615 1682 1668 δὲ
1739 1618 1822 1670 ὅτι
1865 1616 1927 1670 τὸ

347 1698 592 1804 ἐναντίον
620 1702 784 1772 φησὶν
807 1705 840 1774 ὴ
871 1704 1118 1773 διάταξις
1145 1708 1240 1761 τοῦ
1263 1709 1444 1763 τίτλου
1478 1713 1926 1784 μεταγενεστέρα

345 1803 508 1844 ουσα.

2025 607 2219 662 debeat
2253 608 2320 663 de
2351 609 2440 673 iis,
2469 625 2589 680 qua:
2619 612 2950 681 pauperibus
2976 610 3375 674 distribuenda,
3407 611 3493 665 vel
3525 609 3593 664 ad

2026 701 2456 771 redemptionem
2492 704 2855 772 captivorum.
2887 703 3093 772 absque
3124 715 3483 772 personarum
3529 715 3592 756 ac

2025 796 2308 848 nominum
2341 796 2694 866 expressiouc
2723 797 2909 867 relicta
2950 803 3101 852 sunt.

2095 888 2154 942 in
2198 888 2622 958 episcoporum,
2673 897 2726 944 et
2770 890 3108 958 reliquarum
3163 886 3592 945 sacerdotalium

2025 995 2418 1048 personarum,
2477 980 2596 1036 sine
2648 972 3061 1036 successoribus
3107 988 3161 1035 et
3216 979 3336 1035 sine
3399 976 3600 1032 tabulis

2023 1072 2402 1130 decedentium
2450 1075 2823 1139 facultatibus,
2887 1074 3128 1144 ipsorum
3184 1071 3436 1128 ecclesia:
3489 1069 3599 1125 sint
3661 1104 3666 1115 ε

2027 1167 2299 1222 hrercdes.

2098 1258 2354 1327 Ejusdem
2389 1258 2530 1313 tituli
2562 1258 2887 1314 constitutio
2917 1258 2971 1314 9.
3012 1257 3242 1325 Oportet
3281 1271 3603 1310 meonomos

2025 1353 2383 1408 ecclesiarum
2413 1353 2634 1422 impune
2665 1351 2945 1408 vindicare
2972 1367 3058 1407 res
3090 1351 3398 1406 immobiles
3431 1365 3605 1404 rene-

2026 1446 2279 1499 rabilium
2313 1444 2620 1510 domorum,
2658 1460 2780 1516 quae
2807 1445 2872 1499 ad
2899 1444 3308 1514 imperatoriam
3345 1443 3605 1511 majesta-

2029 1547 2134 1592 tem
2169 1539 2325 1593 titulo
2355 1537 2772 1607 permutationis
2805 1544 3192 1607 pervenerunt,
3235 1536 3280 1591 si
3344 1534 3408 1589 ad
3441 1535 3604 1588 aliam

2030 1645 2320 1699 personam
2349 1631 2637 1686 translatae
2677 1630 2902 1685 fuerint.
2938 1629 3167 1684 Notabis
3204 1637 3411 1691 autem,
3458 1623 3604 1696 quod

2029 1722 2367 1777 contrarium
2399 1721 2548 1778 dicat
2569 1720 2888 1778 constitutio
2922 1720 3011 1786 55,
3043 1728 3287 1791 tempore
3317 1718 3609 1790 posterior.

415 1881 608 1936 Τίτλου
654 1884 696 1938 δ’
746 1887 1014 1972 διάταξις.
1043 1899 1090 1944 α’
1147 1894 1295 1948 ἐστὶν
1359 1896 1418 1949 ἐν
1465 1897 1546 1967 τῷ
1598 1899 1746 1970 ῥητῷ
1792 1898 1924 1970 ριη’.

2105 1899 2221 1955 Tit.
2271 1899 2324 1964 5,
2369 1897 2696 1954 constitutio
2744 1899 2814 1961 i,
2874 1910 2994 1966 quae
3048 1895 3103 1949 in
3153 1904 3300 1948 textu
3349 1902 3428 1947 est
3487 1889 3610 1945 H8.

347 1973 471 2042 Χρὴ
502 1977 629 2039 τοὺς
658 1978 992 2043 ἐπισκόπους
1013 1981 1130 2051 ἅμα
1165 1987 1277 2047 τοῖς
1306 1987 1568 2058 κτήτορσι
1589 1989 1685 2052 τὰς
1709 1989 1928 2054 ἀδικίας

345 2063 457 2117 τῶν
476 2066 756 2136 ἀρχόντων
792 2070 868 2140 τῷ
899 2071 1111 2140 βασιλεῖ
1143 2081 1608 2147 προσαναφέρειν.

418 2155 541 2228 Χρὴ
584 2159 712 2221 τοὺς
753 2161 1094 2226 ἐπισκόπους
1149 2167 1249 2228 τὰς
1307 2172 1603 2234 κανονικὰς
1659 2171 1925 2243 ζητήσεις

347 2248 468 2318 ἅμα
497 2251 608 2313 τοῖς
630 2250 856 2323 ἄρχουσι
882 2254 993 2307 τῶν
1023 2256 1310 2327 ἐπαρχιῶν
1336 2259 1634 2325 ἐξετάζειν.

429 2340 732 2410 Ἀνάγνωθι
773 2345 875 2414 τὴν
928 2347 970 2400 δ’
998 2347 1247 2416 διάταξιν
1291 2351 1385 2405 τοῦ
1430 2355 1699 2425 παρόντος
1721 2356 1926 2412 τίτλου.

349 2432 568 2487 Κωλύει
616 2435 724 2506 γὰρ
770 2436 863 2490 τὸν
916 2439 1156 2509 ἄρχοντα
1203 2442 1282 2506 είς
1318 2446 1616 2518 κανονικὴν
1661 2447 1932 2520 ἀκρόασιν

350 2527 724 2597 παραϐάλλειν
762 2531 982 2586 ἑαυτόν.
1018 2534 1175 2587 Ἔστι
1202 2535 1261 2590 δὲ
1293 2538 1351 2591 ἐν
1390 2539 1469 2610 τῷ
1497 2543 1649 2610 ῥητῷ
1677 2543 1788 2613 πβν.

418 2618 682 2686 Διάταξις
715 2621 978 2692 κβ¹ἐστὶν
1031 2626 1087 2678 ὲν
1121 2626 1198 2697 τῷ
1241 2629 1391 2700 ῥητῷ
1441 2639 1537 2701 ρν’.
1573 2634 1646 2686 Οὐ
1688 2635 1796 2706 χρὴ
1837 2637 1932 2688 τὸν

351 2714 654 2768 ἐπίσκοπον
704 2721 1010 2788 συγχωρεῖν
1053 2719 1392 2796 βιοκωλυτὴν
1437 2724 1467 2795 ἧ
1525 2727 1932 2801 λῃστοδιώκτην

351 2806 720 2875 χρηματίζειν
751 2811 810 2862 ἐν
838 2813 1009 2880 τόπῳ.

426 2899 553 2952 Ὅτι
580 2900 640 2953 ού
670 2899 753 2954 δεῖ
774 2902 864 2956 τὸν
885 2903 1188 2961 ἐπίσκοπον
1225 2911 1530 2980 συγχωρεῖν
1556 2913 1668 2974 τοῖς
1700 2913 1932 2984 ἄρχουσι

352 2993 471 3056 τοῖς
520 2992 820 3056 πολιτικοῖς
877 2996 907 3064 ἦ
966 3003 1470 3074 στρατιωτικοῖς,’ἢ
1532 3006 1656 3068 ταῖς
1715 3008 1936 3073 τάξεσιν

354 3083 540 3136 αὐτῶν
599 3084 832 3138 κωλύειν
887 3087 1153 3160 διαθήκας
1202 3094 1480 3160 γενέσθαι,
1543 3097 1575 3168 ἢ
1629 3098 1935 3167 ἐμφανείας

353 3175 564 3240 αὐτῶν,
616 3177 649 3247 ἢ
709 3179 1008 3252 γάμους,ἢ
1060 3186 1310 3255 γαμικὰς
1355 3187 1587 3258 δωρεὰς,
1618 3191 1653 3260 ἦ,
1696 3192 1818 3253 τοὺς
1849 3209 1937 3243 τε-

355 3269 725 3341 λευτήσαντας
764 3277 944 3346 ταφῆς
976 3277 1368 3351 ἀξιωθῆναι,,ῆ
1406 3282 1586 3334 ἐλθεῖν
1624 3282 1655 3353 ἢ
1688 3282 1800 3355 [τσο
1827 3283 1932 3355 εἰς]
1967 3269 2027 3292 ν’

354 3361 547 3434 ἕτερόν
579 3382 630 3418 τι
660 3369 774 3431 τοῖς
803 3367 991 3440 νόμοις
1018 3372 1121 3425 οὐκ
1147 3372 1664 3446 ἁπαγορευόμενον.

427 3549 557 3604 Ὀτι
608 3551 670 3604 οὐ
720 3551 804 3606 δεῖ
849 3555 1186 3628 μονὰστριαν
1235 3560 1342 3613 τῶν
1404 3559 1551 3614 ἰδίων
1597 3560 1937 3629 ἀφέλκεσθαςι

355 3643 559 3699 τόπων.
1659 3672 1663 3676 ί

426 3735 942 3813 Παρακελεύεταιὴ
971 3743 1221 3810 διάταξις
1259 3747 1359 3809 τὰς
1411 3748 1802 3818 μοιχευ-θείσας
1838 3765 1939 3817 γυ·

357 3829 555 3892 νατκας
610 3834 1089 3902 σωφρονιζομένας
1154 3839 1234 3900 είς
1294 3840 1668 3910 μοναστήριον
1731 3839 1940 3910 ἐμϐάλ-

358 3917 571 3982 λεσοαι,
598 3921 932 3978 διατυποῦσα
981 3929 1053 3979 τὰ
1101 3929 1238 4000 περὶ
1273 3930 1373 3998 τῆς
1429 3932 1791 3997 ὑποστάσεως
1844 3932 1943 3988 αύ-

357 4009 492 4077 τῶν,
533 4011 647 4066 εἴτε
681 4015 879 4078 παῖδας
909 4017 1019 4074 εἴτε
1047 4021 1228 4085 γονεῖς
1263 4019 1459 4089 ἔχοιεν,
1495 4023 1604 4075 εἴτε
1640 4024 1735 4075 καὶ
1771 4023 1868 4092 μή.

429 4195 630 4250 Τίτλου
662 4196 758 4250 τοῦ
812 4197 979 4252 αὐτοῦ
1009 4199 1148 4255 διάτ.
1185 4199 1264 4254 κδ’
1296 4203 1445 4255 ἐστὶν
1484 4205 1541 4256 ὲν
1578 4203 1658 4273 τῷ
1690 4205 1838 4275 ῥητῷ
1861 4204 1940 4262 ιε’.

362 4286 523 4342 Κατὰ
560 4287 821 4358 ψήφισμα
866 4289 960 4344 τοῦ
1002 4292 1304 4346 ἐπισκόπου
1357 4294 1452 4346 καὶ
1501 4295 1611 4346 τῶν
1656 4297 1941 4365 κτητόρων

365 4381 750 4450 προκειμένων
779 4383 888 4437 τῶν
919 4385 1094 4452 ἁγίων
1126 4385 1480 4456 Εὑαγγελίων
1508 4388 1554 4440 οἱ
1593 4386 1801 4441 ἔκδικοι
1835 4388 1944 4442 τῶν

365 4470 576 4526 πόλεων
605 4475 1158 4546 προχειριζέσθωσαν.
1235 4497 1242 4503 ’

2035 1999 2261 2069 Oportet
2340 1995 2629 2064 episcopos
2694 2007 2798 2046 una
2856 2006 2980 2046 cum
3064 1987 3475 2058 possessoribus
3522 1985 3609 2039 iu-

2034 2088 2275 2158 justitias
2310 2083 2608 2157 pratsidum
2645 2083 2712 2138 ad
2747 2083 3140 2153 imperatorem
3173 2078 3404 2136 referre.
3483 2094 3486 2096 ‘

2108 2176 2331 2246 Oportet
2353 2173 2644 2244 episcopos
2669 2173 3000 2244 quaestiones
3024 2170 3318 2228 canonicas
3348 2183 3455 2223 una
3485 2182 3612 2224 cum

2037 2269 2444 2340 provinciarum
2476 2265 2803 2337 praesidibus
2831 2266 3171 2328 examinare,

2109 2361 2298 2430 Legite
2327 2356 2854 2415 constitutionem"
2904 2357 3194 2427 praesentis
3248 2353 3413 2410 tituli.
3468 2352 3610 2408 Pro;

2043 2452 2188 2508 hibet
2235 2451 2381 2506 enim
2433 2465 2499 2505 ne
2559 2463 2760 2520 praeses
2793 2447 3086 2503 audientiae
3123 2447 3407 2502 canonica:
3443 2453 3616 2502 semet

2043 2544 2272 2613 ingerat.
2307 2543 2371 2596 Et
2403 2555 2482 2598 eSI
2503 2543 2567 2598 in
2598 2550 2749 2596 textu
2785 2540 3102 2598 constitutio
3130 2539 3223 2595 82.

2111 2633 2444 2689 Constitutio
2489 2632 2562 2687 22
2592 2634 2754 2688 est'in
2790 2639 2941 2687 textu
2984 2629 3104 2686 150.
3130 2629 3460 2700 Episcopum
3487 2644 3614 2700 per-

2041 2726 2259 2779 mittere
2291 2739 2400 2779 uon
2429 2731 2644 2792 oportet
2679 2732 2738 2777 ttt
2763 2723 2968 2794 aliquis
2993 2722 3049 2776 iu
3083 2722 3192 2778 ullo
3222 2723 3296 2778 sit
3339 2721 3460 2776 loco
3493 2721 3613 2776 vio-

2043 2818 2222 2874 lentiae
2253 2817 2547 2879 cohibitor,
2581 2828 2675 2872 aut
2708 2817 2983 2872 latronum
3026 2824 3367 2886 persecutor.

2116 2906 2269 2971 item,
2311 2921 2423 2960 non
2444 2905 2606 2960 debet
2646 2906 2938 2975 episcopus
2981 2903 3302 2974 permittere
3360 2900 3615 2969 praesidi-

2045 3000 2145 3055 bus
2185 2999 2460 3064 civilibus,
2501 3008 2594 3054 aut
2631 2997 2988 3061 militaribus,
3026 3003 3122 3051 aut
3165 3011 3354 3052 eorum
3397 2995 3616 3060 ofﬁciis,

2045 3101 2104 3147 ut
2151 3092 2477 3162 prohibeant
2533 3091 2648 3147 ﬁeri
2687 3089 3050 3152 testa-menta;
3088 3090 3173 3145 vel
3226 3105 3289 3145 ea
3325 3089 3617 3159 publicari,

2047 3185 2128 3238 vel
2161 3184 2381 3254 nuptias
2421 3182 2696 3250 contrahi,
2726 3183 2812 3238 vel
2841 3183 3207 3239 instrumenta
3260 3181 3615 3237 donationem

2049 3277 2368 3347 nuptialium
2408 3277 2627 3343 coniici,
2669 3276 2752 3332 vel
2780 3276 3072 3332 defunctos
3123 3275 3420 3347 sepulturae
3467 3291 3622 3329 mau-

2046 3371 2188 3435 dari,
2223 3371 2306 3425 vel
2339 3369 2404 3425 ad
2419 3369 2586 3452 .aliud
2621 3370 2902 3441 quidpiam
2938 3368 3185 3440 procedi,
3225 3369 3369 3439 quod
3411 3368 3617 3437 legibus

2046 3479 2150 3518 non
2188 3463 2260 3518 sit
2295 3463 2664 3518 interdictum.

2116 3553 2268 3622 Item,
2304 3569 2413 3608 non
2445 3553 2646 3610 debere
2675 3553 3030 3611 monastriam
3059 3553 3172 3610 suis
3215 3569 3280 3607 ex
3318 3554 3452 3608 locis
3495 3553 3618 3609 abs—

2047 3647 2212 3702 brahi.

2114 3739 2276 3796 Jubet
2299 3741 2486 3796 eadem
2521 3739 2882 3806 constitutio,
2921 3739 3128 3796 debere
3161 3738 3420 3794 mulieres
3455 3739 3616 3792 adul-

2045 3843 2215 3900 teras,
2249 3849 2371 3904 quae
2401 3833 2732 3904 castigandae
2768 3841 2921 3900 sunt,
2971 3833 3027 3889 in
3056 3832 3452 3887 monasteriqu
3507 3834 3611 3885 iut-

2046 3925 2186 3980 mitti
2237 3944 2250 3979 :
2294 3927 2572 3991 sanciens,
2603 3925 2732 3997 quid
2768 3926 2837 3982 de
2864 3926 3106 3996 ipsarum
3143 3925 3448 3979 substantia
3498 3923 3612 3976 fieri

2045 4016 2264 4080 debeat,
2319 4017 2433 4072 Sive
2478 4016 2680 4072 liberos
2722 4025 2818 4072 aut
2866 4022 3122 4088 parentes
3175 4013 3444 4077 habeant,
3499 4015 3617 4068 sive

2048 4126 2153 4166 non
2197 4111 2452 4166 habeant.

2118 4202 2228 4258 Tit.
2259 4203 2505 4273 ejusdem
2531 4203 2855 4260 constitutio
2875 4202 2966 4267 24,
2991 4217 3115 4273 quae
3144 4211 3228 4258 est
3255 4204 3308 4257 in
3342 4210 3493 4256 textu
3531 4203 3614 4256 15.

2049 4297 2151 4352 Per
2176 4297 2459 4353 decretum
2487 4298 2728 4369 episcopi
2774 4304 2830 4352 et
2867 4311 3276 4367 possessorum,
3320 4296 3620 4365 propositis

2048 4393 2253 4447 sanctis
2318 4390 2662 4462 Evangeliis,
2723 4391 3041 4447 defensores
3087 4391 3367 4446 civitatum
3416 4391 3624 4444 consti-

2048 4491 2294 4538 tuuntor.

433 4563 631 4618 Τιτλου
665 4571 696 4618 ι’
725 4567 969 4632 διάταξις
1013 4569 1056 4639 βτ
1107 4571 1256 4625 ἐστὶν
1300 4573 1361 4626 ἐν
1414 4573 1491 4644 τῷ
1543 4574 1691 4644 ῥητῷ
1739 4573 1842 4643 κβ’.
1883 4572 1937 4626 ⁸0

2118 4577 2222 4631 Tit.
2259 4576 2349 4641 10,
2379 4576 2701 4632 constitutio
2729 4575 2783 4641 2,
2813 4591 2937 4645 quae
2983 4585 3066 4629 cst
3120 4575 3181 4628 in.
3215 4582 3364 4631 textu
3399 4573 3490 4629 22.
3521 4573 3625 4638 Qui

370 4649 436 4704 δι’
480 4656 717 4726 ἄσκησιν
741 4658 886 4713 λύων
925 4660 1016 4714 τὸν
1051 4662 1185 4716 ῐδιον
1213 4664 1395 4735 γάμον
1429 4665 1508 4737 τῷ
1535 4666 1644 4721 ἀπὸ
1678 4665 1945 4736 τελευτῆς

367 4742 397 4792 ὑ
408 4745 535 4799 πόκε
546 4764 651 4800 ιται
675 4749 848 4820 κάσῳ.

435 4837 629 4896 Τίτλου
687 4839 753 4912 ιβ’
791 4843 930 4899 διάτ.
968 4847 1014 4912 β’
1049 4845 1200 4898 ἐστὶν
1242 4847 1302 4900 ἐν
1351 4849 1429 4916 τῷ
1466 4848 1619 4918 ῥητῷ
1681 4857 1794 4920 μη’.
1825 4851 1947 4904 ’Ὀτι

364 4931 474 4998 χρὴ
527 4931 624 4987 τὸν
669 4934 971 4990 ἐπίσκοπον
1044 4942 1298 5010 προνοεῖν
1359 4940 1454 4995 τοῦ
1503 4941 1578 5014 μὴ
1635 4942 1947 4997 κωλύεσθαι

365 5018 465 5082 τὰς
530 5025 799 5095 σκηνικᾶις
861 5028 1197 5100 βουλομένας
1254 5035 1354 5104 τῆς
1414 5035 1621 5104 σκηνῆς
1676 5033 1948 5090 ἀταλλάτ-

364 5124 421 5162 τε
432 5112 552 5168 σθαι
590 5116 1101 5196 [ἅπαλλάττεσθαι].
1417 5135 1421 5140 ’

436 5201 628 5258 Τίτλου
693 5214 760 5277 ιη’
791 5209 1036 5280 διάταξις
1082 5221 1130 5282 η’
1173 5217 1354 5270 κεῖται
1399 5218 1458 5271 ἐν
1508 5216 1586 5287 τῷ
1643 5217 1794 5290 ῥητῷ
1840 5217 1945 5272 να’.

370 5287 494 5396 "91t-
522 5298 628 5368 χρὴ
659 5300 789 5363 τοὺς
833 5303 1170 5371 ἐπισκόπους
1218 5287 1682 5378 παραφυλᾶττεῖν
1813 5309 1945 5380 περὶ

368 5392 476 5440 τῶν
505 5392 991 5466 εὐνουχιζομένων.

2045 4679 2270 4740 propter
2313 4669 2764 4724 exercitationem
2834 4667 3138 4722 solitariam
3201 4665 3619 4720 matrimonium

2045 4779 2204 4820 suum
2237 4763 2420 4827 solvit,
2450 4778 2515 4817 ex
2561 4761 2752 4816 mortis
2791 4773 2924 4815 casu
2953 4766 3198 4816 tenetur.

2119 4853 2228 4910 Tit.
2262 4853 2351 4919 i2,
2402 4852 2628 4908 constit.
2673 4851 2729 4915 2,
2775 4868 2896 4923 quia
2930 4851 2988 4906 in
3019 4859 3177 4908 textu
3203 4858 3288 4908 est
3322 4851 3411 4907 48.
3460 4850 3616 4918 Quod

2049 4947 2339 5019 episcopus
2369 4960 2564 5000 curare
2593 4946 2809 5009 debeat,
2844 4959 2912 5000 nc
2937 4943 3338 5015 prohibeantur
3387 4942 3622 4998 scenica:

2051 5039 2323 5103 mulieres,
2367 5037 2634 5106 siquidem
2666 5039 2738 5090 ita
2765 5037 2956 5102 velint,
2990 5052 3021 5092 a
3049 5051 3212 5093 scena
3240 5036 3547 5091 discedere.

2122 5130 2232 5185 Tit.
2273 5128 2360 5196 18,
2383 5128 2705 5184 constitutio
2730 5130 2784 5192 8,
2809 5143 2930 5198 quae
2957 5128 3009 5182 in
3038 5134 3190 5183 textu
3216 5127 3394 5198 posita
3419 5134 3503 5182 est
3528 5124 3619 5180 5i.

2049 5221 2206 5289 Quod
2253 5221 2550 5275 observare
2597 5220 2831 5276 debeant
2869 5220 3112 5291 episcopi
3166 5219 3382 5276 sancita
3447 5219 3513 5273 de
3557 5217 3624 5272 iis

2048 5314 2142 5385 qui
2176 5321 2507 5370 castrantur.
