4066 6404
288 403 422 465 1305

1341 392 1679 455 CONSTlT.
1723 389 2025 452 ECCLES.
2067 390 2506 453 COLLECTlO.

3421 389 3555 452 1306

366 525 426 576 Ὀ
475 517 908 589 οὖσούφρουκτον
960 513 1235 585 ἱερατικὸν
1287 511 1584 589 λαμϐάνων
1633 510 1867 579 πρᾶγμα

2047 505 2153 572 Qui
2211 508 2405 562 utendi
2460 508 2679 562 fruendi
2729 524 2895 565 causa
2945 525 3057 564 rem
3112 507 3548 563 ecclesiasticam

282 613 508 680 εὔπορος
542 611 705 670 ἔστω,
744 611 838 662 καὶ
867 609 1054 676 ἕτερον
1089 604 1274 675 ὅμοιον
1304 605 1537 674 πρᾶγμα
1582 599 1866 670 δωρείσθω

281 706 361 776 τῷ
406 705 596 771 εὐαγεῖ
627 702 796 772 οἴκῳ·
846 701 989 753 ὥστε
1043 697 1307 767 ἑκάτερον
1359 695 1498 764 μετὰ
1547 693 1648 763 τὴν
1698 689 1867 746 αὐτοῦ

282 797 535 868 τελευτὴν
567 795 706 850 κατὰ
737 793 1059 847 δεσπστείαν
1092 788 1409 843 ἐπανελθεῖν
1435 787 1515 848 είς
1541 786 1634 840 τὸν
1669 784 1866 837 σεπτὸν

285 887 453 942 οἷκον.
1244 889 1250 894 ’

365 979 426 1032 Ὀ
451 981 724 1050 τολμήσας
758 979 1016 1048 ἀκίνητον
1062 976 1338 1045 ἱερατικὸν
1377 979 1611 1043 πρᾶγμα
1657 968 1868 1038 ἀγορά-

284 1089 377 1126 σαι
421 1052 536 1124 τῶν
597 1072 922 1143 τιμημάτων
975 1069 1072 1124 καὶ
1123 1068 1218 1120 τοῦ
1269 1069 1593 1137 πράγματος
1631 1064 1868 1118 ἀποστε-

286 1169 494 1236 ρεῖται,
555 1165 840 1226 ἀναδιδοὺς
899 1164 994 1217 καὶ
1058 1164 1186 1223 τοὺς
1243 1160 1492 1230 καρποὺς
1541 1155 1636 1211 τοῦ
1699 1157 1866 1223 μέσου

288 1259 502 1328 χρόνου,
547 1257 656 1310 τῶν
688 1255 1052 1328 πεπραχότων
1085 1252 1386 1322 οἰκονόμων
1428 1268 1484 1302 τε
1532 1255 1625 1302 καὶ
1661 1248 1867 1317 διοικη-

286 1353 394 1410 τῶν
443 1356 564 1421 ταῖς
633 1355 846 1415 ποιναῖς
893 1348 1352 1419 ὑποϐαλλομένων
1408 1347 1510 1414 τῆς
1571 1343 1867 1410 διατάξεως

289 1447 541 1509 Λέοντος.

363 1538 426 1594 Ὀ
457 1539 599 1594 κατὰ
629 1538 834 1609 δωρεὰν
881 1538 1064 1591 λαϐὼν
1112 1535 1250 1604 πρὸς
1299 1532 1378 1601 τῷ
1430 1529 1504 1602 μὴ
1557 1527 1866 1582 ἀπολαῦσαι

286 1635 378 1689 τοῦ
400 1633 739 1704 δωρηθέντος
772 1631 868 1686 καὶ
914 1629 1102 1691 ἕτερον
1142 1625 1526 1697 παραπλήσιον
1570 1623 1866 1676 ἀποδώσει.

369 1819 428 1872 Ὀ
459 1819 580 1870 κατ’
608 1807 903 1883 ἓναῖλαγὴν
933 1775 1296 1884 κτησάμενος,
1337 1813 1428 1866 καὶ
1457 1813 1485 1866 ὃ
1517 1811 1709 1866 ἐλαϐεν
1733 1813 1864 1866 ἁνα-
1904 1843 1944 1900 Β

284 1910 467 1970 δώσει,
496 1911 588 1962 καὶ
620 1908 712 1961 τοῦ
745 1908 988 1968 δοθέντος
1017 1908 1354 1960 ἐκπεσεῖται.

361 2002 426 2055 ’Ὀ
461 2004 540 2065 είς
569 2001 744 2070 ίνικὴν
773 1999 1059 2069 ὑποθήκην
1084 1997 1268 2051 λαϐὼν
1294 1997 1388 2051 τοῦ
1419 1997 1616 2068 χρέους
1645 1998 1738 2052 καὶ
1767 1998 1868 2067 τῆς

285 2091 564 2162 ὑποθήκης
592 2091 868 2144 ἐκπίπτει.

363 2184 427 2237 Oi
461 2183 520 2236 δὲ
547 2182 933 2252 προειρημένοι
967 2182 1169 2244 πάντες
1201 2181 1299 2244 τὰς
1333 2182 1680 2253 προσφόρους
1718 2196 1866 2249 αγω-

283 2275 382 2342 γὰς
410 2275 556 2330 κατὰ
576 2271 684 2326 τῶν
715 2271 1162 2336 συναλλαξάντων
1205 2273 1392 2337 αὐτοῖς
1429 2274 1728 2343 οἰκονίμων
1770 2271 1866 2325 καὶ

282 2366 573 2436 δοικητῶν
600 2365 859 2420 δύνανται
889 2367 1080 2431 κινεῖν,
1119 2365 1215 2418 καὶ
1267 2366 1328 2418 τὸ
1371 2365 1607 2436 ἀζήμιον
1654 2367 1868 2429 ἑαυτοῖς

283 2460 608 2530 περιποιεῖν.
1584 2450 1626 2520 ,κ

351 2554 424 2606 Οὐ
459 2551 728 2606 κωλύεται
760 2552 788 2604 ό
815 2551 1024 2622 εὐαγής
1061 2548 1208 2615 οἶκος
1247 2551 1337 2604 ἐπὶ
1386 2554 1578 2623 γενικῇ
1614 2552 1868 2623 ὑποθήκῃ

282 2646 646 2711 δανείζεσθαι.

365 2739 421 2794 ’0
504 2739 773 2810 διηνεκῶς
844 2739 1365 2810 ἐμφυτευσάτιενος,
1423 2737 1706 2791 ἐκπίπτων
1772 2736 1867 2792 τοῦ

282 2831 631 2901 πράγματος,
671 2833 824 2902 μένει
875 2833 952 2903 τῷ
980 2831 1164 2886 κανόνι
1201 2834 1302 2902 τῆς
1327 2833 1718 2902 ἐμφυτεύσεως
1749 2833 1867 2901 διη-

282 2923 448 2982 νεκῶς
489 2924 870 2992 ὑποκείμενος.

362 3014 420 3066 Ὀ
473 3014 771 3067 ταςελλίων
829 3017 942 3080 τοῖς
972 3013 1286 3084 εἰρημένοις
1329 3010 1686 3083 ὑπουργήσας
1735 3029 1870 3067 συν-

283 3105 632 3174 αλλάγμασιν
689 3107 952 3177 ἀειφυγίᾳ
1027 3104 1360 3174 ζημιοῦται,
1415 3105 1550 3175 μηδὲ
1596 3107 1660 3158 ἐκ
1709 3106 1870 3160 θείων

283 3197 467 3250 τύπων
505 3195 820 3266 προσδοκῶν
853 3196 1134 3250 ἐπάνοδον.

347 3288 408 3341 Oi
433 3289 704 3358 ἄρχοντες
729 3273 972 3342 τοιαῦτα.
1001 3291 1445 3362 ύπαγορευθῆναι
1485 3290 1518 3362 ἢ
1555 3288 1868 3361 πραχθῆναι

280 3382 404 3450 παρ’
453 3380 650 3443 αὐτοῖς
701 3381 1026 3451 ἀνεχόμενοι
1075 3382 1384 3451 συμϐόλαια
1443 3380 1622 3452 ἀρχῆς
1667 3397 1725 3433 τι.
1775 3380 1869 3434 καὶ

277 3473 536 3538 ἐξουσίας
593 3473 959 3537 ἐκπίπτουσι,
1021 3473 1119 3528 καὶ
1184 3473 1452 3544 δημεύσει
1522 3474 1872 3549 καθυποϐάλ-

279 3581 452 3620 Λονται
461 3607 489 3622 ρ

343 3659 430 3713 Τὰ
463 3659 596 3730 εερὰ
626 3659 795 3731 σκεύη
829 3661 922 3714 ἐπὶ
971 3660 1108 3734 μόνῃ
1142 3640 1444 3732 ἀναρρύσει
1498 3660 1869 3731 αἰχμαλώτων

285 3750 636 3816 ἐκποιηείσθω,
662 3752 772 3804 τῶν
813 3752 1266 3823 παραϐαινόντων
1315 3755 1432 3816 ταῖς
1487 3754 1703 3816 ποιναῖς
1734 3754 1869 3806 ὑπο-

285 3835 629 3914 ϐαλλομένων
656 3845 756 3912 τῆς
789 3846 1014 3909 Λεοντος
1039 3845 1362 3913 διατάξεως.

350 3933 428 3986 Τὰ
455 3937 519 3989 ἐκ
551 3935 651 4003 τῆς
680 3924 978 3999 διατᾶξεως
1007 3937 1368 3991 κεκωλυνένα
1408 3939 1526 3992 οὐδὲ
1555 3939 1646 3992 διὰ
1681 3957 1866 4008 πραγ-

289 4027 515 4097 ματικοῦ
566 4027 741 4080 τύπου
790 4027 1016 4081 δύναταί
1067 4047 1152 4092 τις
1213 4031 1575 4101 κατορθῶσαι,
1599 4029 1695 4084 τοῦ
1731 4033 1870 4084 ὑπα-

285 4117 608 4185 γορεύοντος
682 4125 1024 4184 quaasloros,
1080 4117 1175 4168 acati
1244 4117 1353 4171 τῶν
1414 4118 1867 4188 προσδεχομένων

283 4206 582 4280 ἀρχόντων
609 4211 802 4278 ποινὴν
853 4210 955 4263 ἀνὰ
1001 4209 1043 4264 ν’
1076 4211 1304 4280 χρυσίου
1348 4211 1562 4279 ξλιτρῶν
1604 4215 1869 4267 ἀπαιτου-

287 4300 480 4367 μένων,
505 4301 604 4357 τοῦ
629 4303 1076 4372 ὑπουργήσαντος
1106 4302 1468 4366 ταϐελλίωνος
1493 4306 1614 4368 ταῖς
1647 4304 1866 4367 ποιναῖς

283 4391 571 4461 ὕποϐαλλο,
603 4397 725 4449 ένου
802 4395 903 4462 τῆς
978 4380 1286 4459 διατάξεως
1326 4396 1576 4460 Λέοντος,
1642 4397 1751 4448 τῶν
1805 4412 1864 4448 τε

284 4484 602 4539 ἐπισκόπων
646 4487 1090 4564 καὶίδιοικητῶν
1140 4487 1235 4541 καὶ
1293 4488 1618 4555 οἰκονόμων,
1671 4490 1719 4540 εί
1772 4489 1865 4541 τὸν

281 4577 520 4632 τοιοῦτον
560 4577 804 4644 δέξονται
855 4577 1049 4640 τύπον,
1099 4581 1227 4651 περὶ
1267 4579 1370 4651 τὴν
1416 4581 1717 4650 ἱερωσύνην
1751 4598 1865 4634 κιν-

282 4664 630 4723 δυνευόντων.

353 4760 416 4810 ()ί
448 4760 718 4830 διοικηταὶ
750 4761 842 4814 καὶ
873 4763 1151 4831 οἰκονόμοι
1185 4762 1294 4815 τῶν
1338 4764 1556 4832 εύαγῶν
1597 4767 1764 4820 οἴκων
1800 4785 1857 4820 τε

284 4847 379 4898 καὶ
442 4849 807 4922 συστημάτων
837 4852 1061 4916 ἄκοντες
1094 4852 1392 4924 μισθώσεις
1428 4855 1460 4924 ἢ
1503 4857 1864 4925 ἐμφυτεύσεις

282 4936 387 4989 τῶν
443 4943 738 5011 ἱερατικῶν
785 4945 1058 5016 ἀκινήτων
1135 4946 1480 5014 πραγμάτων
1553 4950 1628 5018 μὴ
1685 4968 1861 5019 πραιτ-

279 5028 578 5102 τέσθωσαν,
619 5037 752 5108 μηδὲ
804 5039 946 5103 θεῖός
992 5057 1100 5092 τινι
1156 5041 1286 5109 περὶ
1339 5041 1528 5095 τούτου
1567 5043 1858 5114 πορισθείη

279 5135 463 5188 τυπος,

353 5215 438 5289 Μὴ
491 5223 823 5277 ἑκποιείσθω
872 5226 1256 5297 μοναστήριον,
1290 5228 1348 5279 ἐν
1467 5230 1861 5300 θυσιαστήριόν

283 5307 513 5384 ἔστιν,ἦ
573 5317 890 5386 λειτουργία
939 5319 1182 5386 γέγονεν,
1225 5322 1311 5390 ἐφ’
1362 5316 1406 5390 ᾧ
1455 5325 1537 5385 εἰς
1591 5319 1861 5377 ἰδιωτικὸν

283 5405 648 5466 μετατιθέναι.
695 5410 962 5463 Ἐπείτοί
1031 5427 1095 5479 γε
1161 5413 1188 5464 ό
1251 5413 1535 5482 ἀγοράσας
1602 5413 1858 5467 ἐκπίπτει

278 5489 384 5542 τῶν
423 5502 885 5571 τιμημάτων,τῆς
912 5503 1208 5572 ἐκκλησίας
1237 5502 1316 5572 τῷ
1345 5504 1559 5574 ἀρχαίῳ
1614 5505 1855 5573 σχήματι

279 5576 635 5664 ἀποδιδούσης
681 5595 742 5648 τὸ
784 5595 1081 5666 ὲκποιηθὲν
1127 5597 1522 5666 μοναστήριον³
1569 5597 1850 5666 ἀργούστις

281 5669 577 5751 ὑποθήκηξ-

359 5767 591 5841 ’Λπορον
651 5779 844 5847 κτῆσιν
902 5779 1032 5847 μηδὲ
1087 5778 1230 5832 κατὰ
1270 5779 1480 5849 δωρεὰν
1531 5778 1857 5849 λαμϐανέτω

285 5853 677 5935 εὐαγῆςοῖκος.
733 5872 792 5926 Et
839 5871 892 5928 δὲ
942 5871 1154 5938 ἔλαϐεν,
1203 5871 1458 5944 ἀζημίως
1511 5873 1856 5946 ἀφιστάσθω,

1973 595 2193 664 accipit,
2233 597 2644 665 locuplesesw,
2687 605 2742 650 et
2781 597 2944 651 aliam
2992 612 3104 650 rem
3152 595 3385 651 similem
3426 595 3550 649 reli-

1971 690 2136 758 giosaa
2165 688 2350 744 domui
2379 689 2626 742 donato:
2663 689 2735 742 ita
2773 697 2834 742 ut
2877 697 3136 758 utraque,
3170 698 3294 756 post
3315 695 3547 740 mortem

1969 781 2114 849 ejus,
2151 781 2363 834 ratione
2410 782 2764 850 proprietatis
2796 783 2864 834 ad
2911 775 3288 835 venerabilem
3325 777 3547 832 domum

1972 871 2180 927 redeat.
2743 850 2749 860 ί

2041 964 2148 1030 Qui
2171 965 2610 1020 ecclesiasticam
2650 983 2784 1020 rem-
2807 964 3146 1020 immobilem
3184 978 3352 1019 ausus
3382 962 3550 1016 inerit

1967 1072 2176 1121 enuere,
2223 1069 2332 1112 tam
2385 1059 2655 1126 pretium,
2712 1073 2876 1126 quam
2925 1059 3100 1128 ipsam
3153 1071 3272 1111 rem
3313 1056 3551 1119 amittit,

1969 1149 2133 1204 (tiam
2181 1151 2345 1204 medii
2387 1151 2651 1219 temporis
2690 1149 2905 1205 fructus
2939 1151 3261 1210 restituens,
3311 1161 3538 1203 oecono-

1974 1242 2078 1294 mis
2133 1249 2184 1293 et
2227 1240 2797 1304 administratoribns,
2853 1242 2950 1308 qui
2994 1239 3315 1304 vendidere,
3370 1241 3552 1308 poenis

1971 1331 2381 1388 constitutionis
2413 1331 2708 1386 Leonianas
2732 1331 3122 1400 subjiciendis.

2044 1511 2345 1579 Qui‘titulo
2382 1510 2698 1566 donationis
2731 1511 2975 1580 accepit,
3012 1519 3377 1582 praterquam
3404 1513 3549 1583 quod

1973 1624 2033 1663 re
2059 1608 2262 1662 donata
2303 1619 2414 1660 non
2443 1603 2675 1668 fruetur,
2707 1606 2876 1660 etiam
2909 1605 3139 1659 alteram
3189 1605 3270 1659 illi
3304 1605 3543 1661 similem

1973 1700 2275 1771 praestabit.

2048 1792 2152 1857 Qui
2200 1793 2360 1848 titulo
2404 1795 2836 1865 permutationis
2876 1791 3193 1863 acquisivit,
3243 1797 3355 1844 tam
3404 1788 3550 1859 quod

1974 1883 2209 1953 accepit,
2239 1886 2514 1952 restituet,
2542 1901 2705 1957 quam
2732 1886 2878 1957 quod
2912 1883 3088 1948 dedit,
3130 1883 3370 1948 amittet.

2042 1972 2146 2039 Qui
2177 1975 2433 2045 specialis
2462 1975 2781 2046 hypothecze
2809 1973 2968 2029 titulo
2997 1973 3238 2042 accepit,
3275 1979 3387 2024 tam
3421 1983 3547 2026 cre-

1973 2066 2109 2130 dito,
2149 2082 2312 2137 quam
2347 2068 2650 2139 liypotlieca
2682 2067 2921 2123 excidet.
3155 2059 3160 2065 ’

2043 2157 2311 2213 Czeterum
2343 2174 2535 2214 omnes
2589 2158 2662 2223 bi,
2693 2163 2786 2228 qui
2835 2158 3084 2228 prmdicti
3115 2173 3264 2222 sunt,
3304 2155 3554 2208 actiones

1975 2259 2350 2322 competentes
2392 2253 2658 2307 adversus
2708 2265 3030 2306 moonomos
3081 2260 3139 2303 ct
3193 2248 3553 2303 administra-

1975 2351 2144 2411 tores,
2178 2345 2270 2414 qui
2308 2359 2432 2399 cum
2470 2345 2551 2400 eis
2583 2352 3004 2407 contraxerunt,
3040 2355 3259 2397 movere
3288 2348 3545 2410 possunt,

1974 2445 2030 2491 et
2063 2436 2408 2492 indemnitati
2443 2451 2558 2490 suae
2591 2435 2902 2490 consulere.

2045 2528 2392 2586 Venerabilis
2433 2530 2632 2584 domus
2666 2527 2770 2584 sub
2817 2527 3121 2598 hypotbeca
3155 2523 3398 2596 generali
3435 2538 3554 2577 mu-

1975 2625 2131 2673 tuum
2167 2635 2387 2692 sumere
2419 2633 2528 2672 non
2561 2617 2908 2688 prohibetur.

2045 2711 2150 2776 Qui
2185 2711 2564 2782 emphyteusin
2629 2709 2844 2776 accepit
2893 2709 2946 2762 in
2997 2715 3346 2778 perpetuum,
3377 2706 3552 2774 ipsam

1975 2821 2090 2860 rem
2125 2803 2372 2866 amittit,
2417 2813 2473 2857 et
2505 2802 2705 2857 canoni
2735 2803 3158 2872 cmpliyteuseos
3183 2797 3468 2866 subjectus
3501 2795 3556 2849 in

1978 2903 2296 2967 perpetuum
2331 2904 2538 2970 manet.

2047 2989 2330 3052 Tabellio,
2375 2989 2470 3059 qui
2525 2988 2590 3042 ad
2638 2993 2957 3042 contractus
3005 2987 3282 3042 indicatos
3334 3000 3555 3057 cperam

1979 3096 2137 3135 suam
2185 3079 2414 3142 locavit,
2451 3079 2955 3148 exsilioperpetuo
3009 3079 3302 3142 multatur,
3336 3094 3405 3132 ne
3435 3078 3559 3148 qui—

1900 3199 1945 3257 α
1977 3173 2100 3229 dem
2139 3188 2204 3227 ex
2225 3172 2398 3227 sacris
2433 3170 2813 3225 sanctionibus
2851 3169 3086 3224 reditum
3122 3184 3376 3239 sperans.

2049 3265 2337 3329 Praasides,
2385 3265 2479 3334 qui
2526 3264 2810 3334 ejusmodi
2868 3264 3011 3334 apud
3077 3279 3137 3318 se
3183 3264 3547 3318 instrumenta

1974 3358 2194 3424 dictari,
2243 3361 2328 3414 vel
2362 3359 2502 3414 actis
2541 3357 2710 3412 inseri
2748 3357 3056 3428 patiuntur,
3095 3366 3205 3410 tam
3264 3357 3558 3427 magistra-

1975 3462 2112 3520 tum,
2146 3467 2308 3523 quam
2360 3451 2683 3523 dignitatem
2733 3451 2992 3504 amittunt
3066 3458 3121 3504 et
3152 3451 3417 3504 bonorum
3459 3465 3558 3520 pu-

1973 3548 2257 3604 blicationi
2289 3547 2688 3616 subjiciuntur.

2049 3641 2187 3696 Vasa
2224 3656 2381 3696 sacra
2417 3640 2683 3694 duntaxat
2715 3637 2781 3693 ad
2816 3636 3166 3708 captivorum
3216 3635 3552 3704 redemptio-

1972 3749 2098 3790 nem
2123 3716 2455 3800 alienantur,
2490 3732 2626 3801 legis
2668 3729 3032 3785 violatoribus
3059 3729 3237 3799 pcenis
3263 3728 3557 3783 Leonianzn

1972 3825 2390 3882 constitutionis
2419 3822 2810 3894 subiiciendis.

2049 3920 2182 3986 Quae
2231 3919 2335 3973 hac
2377 3918 2668 3974 constitut.
2727 3918 3008 3989 prohibita
3051 3923 3204 3981 sunt,
3237 3931 3303 3971 ne
3333 3915 3555 3986 quidem

1975 4029 2073 4084 per
2097 4011 2440 4068 sanctionem
2467 4011 2862 4082 pragmaticam
2890 4010 3095 4080 aliquis
3129 4010 3310 4064 facere
3337 4016 3511 4079 potest
3541 4027 3554 4062 :

1973 4114 2251 4174 quzcstore
2299 4105 2639 4159 sanctionem
2696 4103 2960 4167 dictante,
3015 4112 3179 4170 atque
3230 4101 3554 4170 praesidibus

1974 4200 2064 4268 qui
2100 4213 2240 4251 eam
2266 4196 2538 4267 recipiunt
2573 4210 2794 4265 pmnam
2850 4195 2919 4249 50
2961 4195 3062 4248 lib.
3097 4192 3468 4254 solventibus,
3496 4200 3553 4244 et

1972 4293 2290 4355 tabellione,
2321 4291 2414 4360 qui
2437 4305 2658 4360 operam
2680 4305 2832 4344 suam
2862 4287 3387 4350 accommodaverit,
3421 4299 3558 4338 con-

1972 4386 2150 4442 stitut.
2183 4383 2475 4439 Leoniana‘s
2508 4381 2686 4451 poenis
2716 4381 3085 4450 subjicienda,
3137 4378 3411 4447 episcopis
3459 4392 3558 4429 au-

1973 4485 2107 4542 tem,
2144 4487 2196 4531 et
2233 4469 2812 4536 administratoribus,
2859 4485 2912 4526 et
2961 4471 3288 4533 (economis,
3337 4469 3383 4523 si
3425 4483 3558 4523 san-

1975 4570 2211 4624 ctionem
2252 4567 2522 4638 ejusmodi
2560 4565 2892 4634 receperint,
2929 4561 3214 4616 amittendi
3261 4559 3555 4616 sacerdotii

1975 4663 2274 4733 periculum
2311 4660 2743 4715 incurrentibus.

2046 4755 2533 4827 Administratores
2584 4762 2637 4806 et
2683 4751 2952 4806 (ecououti
3009 4750 3407 4804 venerabilium
3453 4749 3552 4802 d0-

1971 4863 2187 4904 morum
2245 4856 2301 4902 et
2347 4835 2700 4913 collegiorum
2753 4843 2910 4896 inviti
2951 4842 3254 4895 locationes
3303 4851 3399 4894 aut
3427 4855 3547 4893 em-

1970 4941 2266 5010 plryteuscs
2290 4936 2798 4993 ecclesiasticarum
2831 4948 3017 4987 rerum
3052 4931 3418 4985 immobilium
3447 4947 3556 4984 non

1972 5033 2203 5092 faciant,
2251 5046 2318 5086 ne
2359 5030 2577 5100 quidem
2623 5029 2669 5082 si
2713 5027 2781 5081 de
2833 5026 2918 5080 his
2948 5025 3109 5079 alicui
3155 5039 3311 5079 sacra
3340 5025 3555 5080 sanctio

1971 5131 2232 5178 concesSa
2270 5121 2455 5176 fuerit.

2039 5215 2431 5270 Monasterium
2468 5228 2534 5266 ne
2561 5205 2857 5277 alicnator,
2889 5209 2944 5264 in
2977 5224 3084 5279 quo
3116 5219 3200 5262 cst
3229 5210 3427 5271 altare,
3460 5206 3544 5259 vel

1973 5311 2028 5364 in
2057 5325 2168 5378 quo
2194 5323 2419 5362 sacrum
2456 5307 2823 5360 ministerium
2865 5303 3069 5356 factum
3102 5311 3208 5361 est,
3243 5311 3308 5354 ut
3345 5301 3396 5352 in
3447 5299 3557 5352 for-

1971 5418 2112 5456 main
2147 5401 2413 5469 privatam
2443 5397 2742 5469 redigatur.
2781 5395 2918 5449 Nam
2975 5394 3219 5462 alioquin
3249 5400 3306 5446 et
3357 5392 3426 5456 is,
3460 5393 3552 5460 qui

1969 5497 2326 5566 comparavit,
2375 5495 2608 5565 pretium
2657 5493 2842 5547 datum
2890 5490 3112 5554 amittit,
3151 5489 3268 5557 ipsa
3321 5487 3554 5539 ecclesia

1973 5593 2159 5644 forum:
2187 5588 2434 5655 prislittrc
2460 5586 2854 5641 monasterium
2881 5584 3178 5638 alienatum
3209 5580 3556 5641 restituente,

1977 5694 2027 5734 et
2066 5683 2370 5750 liypotlicca
2404 5685 2606 5732 cessat.

2049 5775 2317 5828 Pmnlinm
2380 5774 2565 5826 sterile
2634 5788 2700 5824 ne
2758 5771 2977 5840 quidem
3047 5785 3140 5836 per
3194 5767 3548 5820 donationem

1976 5871 2211 5943 accipiat
2274 5869 2531 5938 religiosa
2585 5865 2798 5922 domus.
2859 5865 2956 5917 Sin
3006 5868 3300 5930 πρίνινοι-ιι,
3352 5863 3556 5926 alisque
