4066 6392
598 344 728 408 1397

1800 367 2076 427 ΤΗΕΟΒ.
2116 367 2590 450 ΒΑΙιδΑΜΟΝἱΞ

3671 385 3782 448 1308

590 459 790 512 damno
837 463 1128 534 relinquat.
1183 484 1289 523 non
1336 474 1566 530 redditis
1601 474 1688 539 iis,
1721 491 1841 547 qua:
1876 480 1997 550 (ceu
2026 495 2152 536 eou-

2267 481 2342 552 μὴ
2373 484 2653 547 ἀναδιδοὺς
2689 484 2756 537 τὰ
2787 487 2861 550 ὡς
2892 487 3039 551 εἰκὸς
3082 487 3224 557 ὑπὲρ
3255 505 3436 542 τουτου
3467 491 3601 561 αὐτῷ
3626 509 3774 561 παρα-

587 561 908 608 sentaneum
942 558 1045 628 cst)
1076 575 1173 629 pro
1200 577 1267 616 eo
1297 575 1426 620 sunt
1457 567 1554 634 ipsi
1587 569 1733 624 data.
1773 569 1907 625 Nam
1942 573 2035 643 qui
2065 577 2162 628 dc-

588 643 740 710 dere,
775 658 1148 718 competentes
1173 655 1415 711 actiones
1441 669 1660 716 movent
1694 664 1965 720 adversus
1989 681 2158 721 cura-

591 746 737 790 tores
767 745 821 790 et
845 740 1344 806 administratores.
1383 751 1477 819 qui
1535 767 1658 807 cum
1695 755 1828 824 ipsis
1861 766 2156 814 contraxe-

589 837 736 882 runt.

657 919 774 976 Non
805 926 970 981 modo
1010 931 1384 1000 pontilicibus,
1409 951 1599 992 verum
1629 939 1796 994 etiam
1819 941 2077 999 civilibus
2107 953 2162 1000 et

589 1012 923 1071 militaribus
956 1021 1364 1088 magistratibus
1406 1030 1819 1089 constitutionis
1854 1034 2015 1102 hujus
2055 1038 2159 1092 ob-

589 1107 824 1160 serv.itio
867 1114 1162 1169 commissa
1211 1127 1313 1183 est,
1353 1122 1600 1187 quolibet
1649 1125 1884 1182 habente
1919 1138 2164 1198 potesta-

587 1204 692 1250 tem
718 1199 1009 1260 violatores
1037 1207 1155 1276 ejus
1183 1215 1500 1268 accusandi.

655 1287 791 1346 Nota
837 1296 1099 1363 regulam,
1134 1302 1282 1369 quod
1325 1319 1413 1368 ea,
1469 1321 1590 1372 quas
1640 1309 1693 1362 in
1741 1324 2058 1380 commune,
2106 1325 2161 1369 et

586 1380 860 1451 religiose,
909 1397 966 1440 et
1019 1389 1085 1442 ad
1134 1395 1381 1447 omnium
1427 1398 1714 1455 utilitatem
1754 1414 1883 1458 sunt
1913 1411 2160 1474 promul-

583 1479 738 1540 gata,
800 1477 984 1544 potius
1031 1483 1212 1537 valere
1258 1485 1526 1556 debeant,
1570 1507 1734 1561 quam
1794 1511 1919 1565 quae
1971 1501 2160 1556 studio

583 1567 949 1630 quorumdam
1009 1570 1074 1624 ad
1152 1574 1491 1641 publicarum
1546 1582 1725 1652 legum
1785 1590 2156 1658 corruptelam

584 1652 917 1723 facta‘sunt;
955 1676 1019 1715 ac
1052 1673 1334 1731 praeterea.
1369 1672 1514 1739 quod
1548 1674 1662 1741 ipsa
1704 1652 2025 1735 constitutio
2059 1697 2154 1736 cu-

585 1746 728 1800 riose
767 1764 875 1802 non
919 1750 1162 1822 inquirat
1199 1757 1250 1810 iu
1279 1774 1364 1825 ea,
1401 1778 1522 1830 quae
1568 1767 1879 1833 specialiter
1932 1772 1980 1824 ei
2029 1789 2156 1842 pro-

587 1839 762 1906 posita
804 1857 910 1896 non
939 1855 1108 1912 sunt;
1138 1858 1191 1904 et
1217 1853 1358 1918 quod
1409 1854 1502 1908 illa
1533 1859 1682 1912 nullo
1723 1862 1883 1916 modo
1909 1839 2153 1921 innovet.

656 1931 774 1985 Dat.
805 1951 856 1988 a.
883 1935 938 1990 d.
974 1954 1079 1993 xm
1106 1941 1374 2001 Kalendas
1413 1946 1605 2014 Maias,
1641 1965 1762 2020 post
1798 1957 2150 2013 consulatum

587 2022 832 2081 Belisarii
864 2043 1008 2083 anno
1035 2036 1300 2092 secundo.

801 2119 864 2172 ll.
913 2121 985 2175 De
1017 2124 1234 2181 diversis
1267 2131 1516 2198 capitulis
1547 2136 1939 2196 ecclesiasticis.

583 2208 728 2262 Idem
758 2211 886 2280 imp.
919 2212 1074 2268 Petro
1105 2215 1169 2271 P.
1213 2218 1282 2273 P.
1311 2220 1444 2282 Cum
1468 2225 1642 2292 plures
1671 2239 1719 2282 et
1743 2231 1964 2289 diversa:
1997 2236 2154 2307 leges,

1215 2318 1266 2363 et
1304 2323 1516 2368 caetera.

661 2390 832 2447 Nemo
875 2395 1123 2453 ecclesiae
1179 2400 1838 2477 Constantinopolitanze,
1894 2422 1974 2472 vel
2044 2429 2153 2476 tam

583 2483 1085 2557 Constantinopoli,
1117 2506 1280 2560 quam
1330 2495 1383 2548 in
1435 2497 1555 2566 ejus
1600 2503 1875 2561 territorio
1924 2509 2154 2566 sitarum

587 2575 976 2634 venerabilium
1023 2580 1350 2649 domorum,
1407 2590 1487 2643 vel
1546 2607 1822 2650 xenonum
1874 2599 2155 2672 (exceptis

585 2675 988 2733 venerabilibus
1021 2681 1406 2752 monasteriis)
1461 2702 1570 2742 rem
1637 2690 2157 2764 immobilem,.aut

580 2766 794 2821 civilem
836 2785 1135 2837 annonam,
1179 2785 1276 2828 aut
1330 2778 1598 2834 rusticum
1658 2787 1994 2854 mancipium
2042 2790 2155 2844 dis-

583 2858 782 2922 trahat,
819 2867 915 2914 aut
954 2862 1143 2929 donet,
1210 2874 1304 2920 aut
1355 2877 1889 2948 quocunque.m‘odo
1930 2879 2152 2948 alieuet,

582 2952 696 3005 snia
747 2956 1148 3021 permutatione
1207 2959 1274 3013 ad
1327 2960 1550 3017 domum
1619 2971 1964 3037 augustalem
2027 2988 2154 3042 per-

582 3043 770 3109 missa,
808 3047 1100 3114 prohibitis
1133 3050 1221 3116 iis,
1253 3068 1375 3121 quae
1397 3053 1519 3122 jura
1550 3059 1826 3115 colonaria
1864 3073 2149 3125 vocantur.

654 3137 1035 3209 Einphyteusis
1086 3143 1153 3196 ab
1197 3147 1385 3200 eadem
1433 3151 1783 3206 sanctissima
1813 3157 2068 3221 ecclesia,
2098 3169 2150 3212 et
2181 3168 2224 3228 ς

581 3225 848 3294 subjectis
897 3231 947 3285 ei
1003 3236 1409 3293 venerabilihus
1465 3242 1724 3298 domibus
1765 3244 2034 3300 duntaxat
2098 3251 2153 3304 in

582 3334 872 3388 personam
919 3325 1262 3393 accipientis,
1296 3338 1350 3383 et
1396 3321 1532 3388 alios
1562 3335 1823 3404 deinceps
1860 3339 2000 3392 duos
2033 3339 2155 3410 ejus

582 3428 938 3470 succeswres
982 3415 1096 3484 fiat,
1130 3429 1285 3476 sexta
1320 3425 1550 3480 canonis
1602 3429 1957 3488 subsistentis
2002 3444 2158 3503 parte

582 3504 896 3560 rclevanda.

653 3596 710 3652 Si
743 3614 873 3654 vero
902 3601 1280 3658 suburbanum
1333 3613 1436 3669 est,
1475 3610 1622 3676 quod
1675 3611 1728 3665 in
1775 3615 2154 3686 emphyteusin

579 3686 761 3754 datur,
805 3697 859 3743 et
914 3691 1148 3745 reditum
1201 3693 1390 3758 habet,
1431 3698 1533 3748 sub
1586 3703 1940 3766 praestatione
1981 3705 2150 3761 solidi

578 3783 827 3848 canonis,
877 3793 970 3837 aut
1018 3786 1180 3840 etiam
1217 3803 1340 3841 cum
1383 3791 1708 3846 accessione
1763 3793 1993 3852 locator.
2057 3799 2152 3854 Sin

579 3873 786 3932 reditus
837 3875 1019 3932 nullus
1068 3888 1172 3943 est,
1221 3882 1538 3937 earumdem
1596 3888 1994 3944 venerabilium
2055 3892 2157 3946 d0-

580 3980 794 4020 morum
834 3968 1312 4028 administratores
1359 3974 1462 4030 sub
1520 3985 1668 4032 certa
1714 3981 2045 4048 quantitate,
2103 3986 2150 4040 si

575 4059 762 4124 velint,
803 4063 1132 4117 concedant.

647 4153 780 4208 Cum
815 4154 890 4218 id,
927 4157 1070 4225 quod
1125 4158 1176 4212 in
1250 4162 1630 4233 emphyteusin
1671 4166 1854 4232 datur,
1895 4185 1993 4238 per
2033 4187 2150 4227 mo-

574 4243 702 4297 dum
749 4246 983 4316 aliquem
1038 4248 1103 4302 ad
1169 4266 1462 4318 personam
1522 4258 1898 4326 imperatoris.
1960 4265 2040 4318 vel
2079 4265 2148 4320 ad

575 4336 812 4404 aliquam
842 4340 1144 4408 civitatem,
1198 4345 1280 4398 vel
1336 4349 1402 4399 ad
1431 4349 1660 4413 iiscum,
1687 4354 1769 4407 vel
1797 4356 1862 4408 ad
1903 4359 2142 4421 curiam,

551 4430 655 4482 xei
695 4429 760 4483 ad
803 4431 963 4484 aliam
1001 4432 1223 4488 domum
1267 4437 1580 4510 religiosam
1613 4449 1889 4513 pervenit,
1939 4451 2144 4505 licitum

576 4522 642 4575 iis
669 4533 810 4588 esto,
847 4525 938 4592 qui
970 4540 1366 4584 concesserunt
1402 4532 1452 4587 in
1502 4538 1914 4607 emphyteusin,
1952 4543 2027 4595 uti
2063 4544 2144 4598 vel

575 4618 710 4686 ipsis
761 4635 877 4674 rem
935 4622 1283 4692 relinquant,
1342 4627 1422 4682 vel
1491 4631 1874 4701 emphyteusin
1934 4637 2147 4692 τεθείη-

575 4710 726 4763 dant.

642 4802 934 4869 Semiruta,
993 4821 1114 4875 quae
1163 4809 1429 4881 religiosa:
1475 4814 1669 4871 domus
1720 4819 1988 4877 aediﬁcare
2039 4805 2147 4880 non

574 4904 821 4962 possunt,
859 4896 908 4948 in
945 4909 1256 4966 perpetuam
1289 4906 1668 4976 emphyteusin
1708 4914 2009 4966 concedant
2055 4932 2142 4971 re.

569 4985 749 5052 cipere
773 4987 1096 5053 volentibus,
1125 4992 1227 5044 sub
1252 4997 1600 5060 praestatione
1621 5002 1792 5055 tertiae
1815 5006 2141 5070 pensionum

573 5075 763 5140 partis,
795 5091 914 5145 quae
947 5077 1172 5148 integris
1195 5082 1372 5136 adhuc
1405 5085 1670 5151 aediﬁciis,
1703 5087 1769 5142 de
1801 5091 1990 5143 iisdem
2028 5095 2144 5147 col-

577 5168 911 5238 ligebantur;
951 5187 1125 5242 caque
1159 5193 1283 5246 pars
1317 5180 1474 5233 tertia
1507 5179 1691 5234 statim
1736 5182 1804 5236 ab
1837 5183 1988 5239 initio
2016 5200 2146 5240 cono

571 5271 777 5317 tractus
828 5265 1004 5321 cedat.
1049 5266 1144 5322 Sin
1199 5273 1403 5325 mavult
1459 5271 1806 5343 emphyleuta
1858 5285 2140 5344 postquam

565 5351 921 5411 aediﬁcaverit
948 5357 1079 5427 ipse,
1122 5362 1286 5414 statui
1319 5362 1536 5416 nomine
1569 5364 1797 5417 canonis
1824 5366 2144 5436 emphyleu-

572 5446 658 5499 tEci
695 5457 899 5516 paitem
935 5452 1213 5506 dimidiati)
1244 5456 1584 5522 peusiouum,
1610 5471 1730 5524 quae
1763 5467 1883 5525 post
1920 5459 2140 5512 absolu-

571 5546 682 5590 tum
731 5541 1021 5595 aedificium
1073 5544 1447 5614 colliguntur:
1483 5562 1614 5601 sane
1666 5548 1974 5617 hocipsum
2024 5567 2142 5604 cm-

572 5629 898 5696 phyteuscos
934 5633 1150 5690 nomine
1185 5635 1379 5701 solvat,
1425 5646 1478 5691 et
1527 5645 1711 5692 utatur
1742 5642 1806 5691 ad
1847 5640 2136 5695 azdiﬁcium

571 5720 676 5772 illis
709 5723 971 5787 materiis,
1001 5740 1119 5792 qua:
1157 5727 1208 5779 in
1247 5729 1522 5783 semirutis
1556 5731 1924 5797 reperiuntur.

641 5812 742 5876 Qui
809 5830 918 5868 rem
989 5817 1315 5877 immobilem
1377 5822 1762 5877 veucruliilium
1852 5824 2134 5879 dumorum

2267 576 2548 644 σχεθέντα.
2584 578 2808 632 Κινοῦσι
2839 579 2948 650 γὰρ
2979 581 3030 634 οἱ
3059 580 3345 646 δεδωκότες
3368 582 3459 644 τὰς
3487 585 3778 655 προσφόρους

2263 658 2489 738 ἀγωγὰς
2544 671 2687 726 κατὰ
2735 673 2842 727 τῶν
2899 673 3345 739 συναλλαεάντων
3389 677 3676 746 προνοητῶν
3704 679 3780 731 καὶ

2262 764 2568 834 διοικητῶν.

2336 947 2410 1000 Οὐ
2450 948 2609 1016 μόνον
2639 950 2752 1010 τοῖς
2784 945 3038 1017 ἱερεῦσιν,
3076 948 3212 1002 ἀλλὰ
3257 949 3350 1002 καὶ
3386 950 3493 1013 τοῖς
3529 949 3785 1014 πολιτικοῖς

2263 1041 2358 1094 καὶ
2393 1041 2810 1111 στρατιωτικοῖς
2851 1041 3111 1110 ἄρχουσιν
3125 1042 3178 1110 ,ἡ
3211 1042 3566 1110 παραφυλακὴ
3602 1042 3780 1094 δέδοται

2262 1131 2358 1199 τῆς
2393 1131 2709 1197 διατάξεως,
2737 1130 2938 1191 παντὸς
2967 1130 3272 1200 δυναμένου
3317 1129 3422 1182 τῶν
3463 1130 3786 1200 παραϐαινόν-

2262 1239 2371 1275 των
2403 1223 2571 1293 αὐτὴν
2603 1226 2959 1294 κατηγορεῖν.

2333 1314 2651 1383 Σημεὶωσαι
2698 1316 2921 1381 κανόνα,
2954 1315 3038 1368 ὅτι
3067 1314 3138 1368 τὰ
3171 1317 3322 1384 κοινῇ
3367 1314 3460 1367 καὶ
3502 1314 3681 1384 εὐαγῆ,
3711 1316 3788 1370 καὶ

2261 1406 2354 1458 ἐπὶ
2369 1406 2466 1472 τῆς
2488 1406 2707 1461 πάντων
2726 1406 2990 1477 ὠφελείας
3022 1406 3450 1479 νομοθετηθέντα
3466 1406 3648 1475 μᾶλλον
3673 1425 3786 1478 κρα-

2261 1497 2374 1549 τεῖν
2409 1500 2513 1568 χρή
2539 1513 2553 1527 ο
2588 1499 2638 1550 εἰ
2672 1501 2782 1568 γὰρ
2812 1497 2885 1551 τὰ
2931 1498 3072 1552 κατά
3115 1515 3280 1552 τινων
3336 1498 3560 1569 σπουδὴν
3588 1497 3670 1549 ἐπὶ
3696 1514 3783 1549 πα-

2267 1587 2516 1660 ραφθορᾷ
2567 1588 2675 1643 τῶν
2718 1591 2915 1644 κοινῶν
2963 1590 3228 1661 γενόμενα
3270 1589 3468 1659 νόμων,
3502 1590 3587 1642 καὶ
3625 1589 3697 1642 ὅτι
3733 1589 3787 1640 τὰ

2265 1681 2449 1744 ιδικῶς
2491 1674 2836 1753 προκείμενα
2871 1683 3008 1752 αὐτῇ
3057 1682 3117 1735 οὐ
3161 1681 3585 1752 περιεργάζηται
3628 1681 3658 1752 ἡ
3697 1680 3787 1734 διά-

2189 1811 2236 1869 B
2268 1776 2438 1840 ταξις,
2474 1775 2596 1830 οὐδὲ
2625 1775 2770 1829 κατά
2795 1793 2915 1828 τινα
2939 1773 3174 1839 καινιζει
3201 1775 3426 1843 τρόπον.

2344 1958 2589 2027 Ἐγράφη
2623 1957 2729 2028 πρὸ
2769 1957 2831 2021 ιζ’
2869 1954 3146 2010 καλανδῶν
3194 1954 3412 2018 Μιῖων,
3450 1952 3666 2021 ὑπατείᾳ
3701 1951 3784 2003 Βε-

2261 2050 2508 2120 λισαρῑου
2542 2053 2601 2102 τὸ
2637 2050 2725 2119 ιβ’.
2769 2072 2771 2075 ν
3083 2112 3085 2115 ι

2261 2139 2334 2194 B'.
2372 2141 2508 2207 Περὶ
2557 2140 2858 2210 διαφόρων
2898 2137 3424 2208 ἐκκλησιαστικῶν
3463 2138 3781 2206 κεφαλαίων.

2270 2232 2334 2286 ὐ
2367 2233 2550 2299 αὐτὸς
2579 2232 2881 2299 ,ϐασιλεὺς
2926 2231 3126 2300 Πέτρῳ
3167 2230 3409 2302 ἐπάρχῳ
3439 2228 3778 2297 πραιτωρίων.

2558 2327 2814 2382 Πολλῶν
2843 2327 2943 2380 καὶ
2978 2325 3280 2395 διαφόρων
3303 2327 3516 2394 νόμων.
3712 2375 3717 2386 ,

2339 2421 2544 2491 Μηδεὶς
2599 2421 2694 2490 τῆς
2760 2419 3060 2490 ἐκκλησίας
3109 2419 3716 2480 Κωνσταντινουπὸλεως
3759 2415 3785 2483 ἦ

2257 2513 2366 2567 τῶν
2390 2515 2445 2566 ὲν
2467 2513 2605 2584 αὐτῇ
2641 2515 2732 2566 καὶ
2758 2514 2824 2582 τῇ
2859 2512 3028 2582 αὐτῆς
3064 2511 3254 2582 ὲνορίᾳ
3286 2512 3580 2582 ἱδρυμένων
3607 2512 3784 2565 σεπτῶν

2258 2608 2420 2660 οτκων
2451 2607 2484 2678 ἢ
2509 2605 2776 2672 ξενώνων,
2805 2604 3162 2676 ἐξῃρημένων
3190 2604 3303 2656 τῶν
3321 2606 3530 2674 εὐαγῶν
3558 2623 3785 2677 μοναστη.

2261 2699 2412 2770 Ρίωνο
2460 2699 2697 2768 πρᾶγμα
2746 2698 3022 2769 ἀκίνητον,
3077 2700 3110 2770 ἢ
3162 2701 3450 2771 πολιτικὴν
3513 2696 3784 2768 dicamini]

2255 2793 2562 2866 γεωργικὸν
2607 2791 2942 2865 ἀνδράποδον
2993 2796 3360 2868 Μπρασκέτω
3393 2795 3426 2870 ἢ
3460 2788 3782 2867 δωρείσθω,ἦ

2255 2885 2507 2940 ὁπωσοῦν
2555 2885 2906 2951 ὲκποιείσθω,
2953 2887 3123 2958 μόνης
3160 2888 3265 2958 τῆς
3305 2887 3632 2955 ἀνταλλαγῆς
3674 2882 3787 2952 πρὸς
3868 2963 3870 2967 _

2257 2977 2542 3048 βασιλικὴν
2564 2979 2742 3031 οἰκίαν
2767 2979 3272 3052 ὲπιτετραμμένης,
3303 2979 3678 3050 κεκωλυμένων
3703 2975 3789 3029 τῶν

2255 3067 2562 3138 λεγομένων
2594 3068 2956 3134 παροικικῶν.

2337 3159 2699 3228 Ἐμςρύτευσις
2731 3161 2883 3230 παρὰ
2924 3162 3024 3230 τῆς
3061 3161 3233 3232 αὐτῆς
3270 3160 3574 3231 ἁγιωτάτης
3624 3154 3790 3222 ἐκκλη-

2263 3251 2384 3312 σίας
2436 3255 2532 3303 καὶ
2586 3250 2694 3301 τῶν
2742 3251 2836 3302 ὑπ’
2889 3252 3061 3320 αὐτὴν
3110 3253 3332 3305 σεπτῶν
3380 3251 3541 3305 οἴκων
3573 3245 3788 3317 γινέσθω,

2262 3340 2422 3410 μόνον
2456 3342 2536 3403 εἰς
2571 3342 2632 3394 τὸ
2663 3343 2958 3412 πρόσωπον
2983 3342 3078 3397 τοῦ
3111 3343 3485 3414 λαμόόινοντος
3525 3343 3614 3396 καὶ
3637 3338 3787 3394 ἄλλων

2257 3434 2350 3488 δύο
2383 3433 2580 3504 ἐφεξῆς
2613 3435 2776 3489 αὑτοῦ
2806 3436 3088 3507 διαδόχων,
3115 3438 3221 3508 τῆς
3269 3439 3437 3509 ἕκτης
3479 3435 3663 3507 μοίρας
3686 3448 3792 3484 κους

2258 3523 2556 3596 φιζομένης
2599 3525 2692 3578 τοῦ
2733 3526 3044 3594 ὑφεστῶτος
3073 3527 3320 3591 κανόνος.

2330 3615 2391 3667 Εἰ
2424 3615 2482 3669 δὲ
2529 3617 2857 3685 προάστειόν
2887 3620 3005 3671 ἐστι
3053 3619 3115 3672 τὸ
3159 3621 3244 3684 εἰς
3295 3616 3618 3691 ἐμφύτευσιν
3650 3633 3793 3684 παρε-

2258 3698 2505 3776 χόμενον,
2533 3710 2789 3780 πρόσοδον
2811 3710 2933 3780 ἔχον
2955 3725 2971 3740 ⁸
2994 3713 3086 3764 ἐπὶ
3113 3712 3397 3784 ὁλοκλήρῳ
3424 3711 3500 3781 τῷ
3531 3709 3731 3772 κανόνι,
3766 3706 3790 3774 ἦ

2260 3801 2356 3853 καὶ
2423 3803 2560 3872 μετᾶ
2633 3805 2954 3875 προσθήκης
3012 3806 3332 3863 ὲκδιδὸσθω.
3392 3809 3481 3877 Μὴ
3549 3804 3701 3872 οὔσης
3747 3800 3794 3852 δὲ

2259 3895 2564 3964 προσόδου,
2615 3897 2662 3947 oi
2706 3895 2976 3965 διοικηταὶ
3023 3895 3142 3951 τῶν.
3174 3897 3360 3952 αὐτῶν
3412 3896 3614 3952 σεπτῶν
3655 3892 3793 3946 οἴκων

2257 3988 2350 4040 ἐπὶ
2381 3988 2517 4058 ῥητῇ
2549 3987 2832 4059 ποσότητι,
2871 3990 2919 4041 εἰ
2951 3987 3260 4058 βούλονται,
3284 3991 3679 4045 έπιδιδότωσαν.

2327 4165 2432 4218 Τοῦ
2465 4166 2521 4218 δὲ
2569 4168 2648 4230 εἰς
2694 4168 3030 4236 ὲμφύτευσιν
3075 4168 3325 4236 δοθέντος
3370 4171 3509 4226 κατὰ
3542 4183 3653 4220 τινα
3683 4161 3790 4232 τρό-

2255 4277 2356 4314 πον
2391 4261 2469 4325 εξς
2523 4259 2801 4328 βασιλικὸν
2849 4262 3165 4333 πρόσωπον,
3225 4265 3258 4336 ἢ
3309 4267 3388 4329 εἰς
3445 4262 3610 4324 πόλιν,
3651 4259 3680 4329 ἢ
3723 4255 3790 4317 εἰς

2252 4355 2519 4424 ταμιεῖον,
2555 4354 2586 4424 ἢ
2629 4356 2708 4418 εἰς
2759 4355 3164 4426 βουλευτήριον,
3203 4357 3235 4427 ἢ
3270 4358 3431 4410 ἄλλον
3470 4355 3632 4422 εὐαγῆ
3663 4345 3789 4452 ρῖκίξν

2257 4448 2710 4519 περιερχόμενον,
2765 4447 2972 4511 ἐξέστω
3045 4451 3160 4511 τοῖς
3224 4449 3516 4504 δεδωκόσιν
3564 4443 3685 4499 αὐτὸ
3724 4443 3790 4498 εἰς

2255 4541 2615 4610 ἐμφύτευσιν,
2649 4541 2682 4610 ἢ
2715 4541 3036 4606 προσίεσθαι
3069 4543 3164 4596 καὶ
3225 4543 3317 4594 ἐπ’
3367 4541 3549 4604 αὐτοῖς
3579 4537 3668 4607 τὴν
3701 4535 3783 4601 ἔμ’

2252 4633 2588 4704 φύτευσιν,ἢ
2621 4635 2950 4704 ἀνατρέπειν
2983 4636 3176 4703 αὑτήν.

2321 4815 2400 4869 Τὰ
2430 4815 2486 4869 δὲ
2507 4815 2724 4884 ἐρείπια
2751 4814 2787 4868 ἃ.
2817 4815 2891 4884 μὴ
2918 4815 3168 4868 δύνανται
3198 4813 3632 4883 ἀνοικοδομῆσαι.
3668 4821 3786 4872 παρ’

2249 4909 2522 4978 εχέτωσαν
2558 4912 2668 4971 τοῖς
2724 4909 3068 4979 βουλομένοις
3117 4909 3197 4971 εἰς
3235 4905 3464 4976 διηνεκῆ
3501 4901 3792 5004 ὲμιρύτευσιν

2248 5005 2341 5057 ἐπὶ
2365 5003 2489 5075 τρία
2514 5004 2654 5074 μέρη
2687 5005 2796 5058 τῶν
2823 5003 3201 5073 στεγονομῖων,
3257 5002 3425 5056 ἅτινα
3457 4997 3686 5052 ἑστώτων
3715 4992 3791 5041 ἐπὶ

2246 5099 2356 5158 τοῖς
2391 5097 2571 5159 αὐτοῖς
2617 5097 2881 5166 οἰκήμασι
2942 5096 3206 5167 συνήγετο
3238 5111 3252 5124 °
3309 5095 3370 5160 ἐξ
3412 5091 3581 5163 ἀρχῆς
3633 5085 3790 5156 μέντοι

2246 5187 2338 5242 τοῦ
2371 5188 2839 5258 συναλλάγματος.
2868 5187 2931 5240 Εἰ
2971 5187 3028 5241 δὲ
3071 5187 3322 5258 βούλεται
3376 5186 3404 5238 ὁ
3456 5174 3785 5252 έμφυτευτὴςν

2249 5281 2385 5350 μετὰ
2423 5281 2482 5333 τὸ
2509 5280 2713 5345 κτίσαι,
2743 5269 3027 5350 ὁρισθῆναι
3056 5282 3147 5332 τὸν
3175 5279 3570 5350 ἐμφυτευτικὸν
3617 5269 3785 5373 κανόνςι

2244 5375 2412 5442 ἥμισυ
2441 5373 2602 5443 μέρος
2627 5372 2734 5426 τῶν
2779 5373 2919 5442 μετὰ
2955 5373 3016 5426 τὸ
3057 5377 3236 5426 κτίσαι
3291 5368 3676 5442 ἁθροιζομένων
3726 5368 3788 5411 οἰ-

2245 5467 2400 5528 κιῶν,
2423 5464 2710 5535 παρεχέτω
2738 5452 2882 5534 λόγῳ
2906 5465 3316 5534 ξμφυτεύσεως,
3371 5467 3642 5533 χρώμενος
3670 5450 3784 5553 πρξί

2243 5557 2545 5626 οῖκθδοξλοὴν,
2599 5557 2854 5626 ἀκίνητον
2909 5559 3160 5626 πρᾶγμα,
3226 5557 3336 5608 τῶν
3399 5553 3573 5607 αὐτῶν
3601 5549 3784 5609 stistwa

2243 5648 2402 5700 οἴκων
2433 5652 2549 5710 ταῖς
2570 5649 2981 5717 εὑρισκομέναις
3010 5653 3065 5701 ἐν
3111 5650 3300 5709 αὐταῖς
3333 5646 3501 5709 ὕλαις.

2334 5828 2390 5879 ’ὓ
2425 5831 2500 5892 εἰς
2544 5829 2737 5900 χρῆσιν
2771 5829 3059 5898 λαμϐάνον)
3117 5828 3370 5896 ἁκὶιητυν
3431 5823 3647 5893 πςισῖϊμα
3695 5824 3781 5862 των
