4066 6402
282 375 414 438 13ἰι9

1322 377 1673 439 CONSTl'l‘.
1706 377 2006 438 ECCLES.
2049 376 2483 438 COLLECTIO.

3378 370 3533 435 1310

274 495 449 549 αὐτῶν
515 493 727 564 εύαγῶν
791 495 956 549 οἴκων
999 495 1308 565 παρὀαὐτὰ
1365 495 1476 568 [ῖσ.
1510 492 1845 566 παραυτίκα]

1964 497 2204 551 ttendam
2238 496 2524 551 fruendam
2555 492 2775 564 accipit,
2806 490 2994 548 statim
3023 489 3117 545 det
3145 489 3373 559 eisjure
3406 505 3532 559 pro-

272 588 459 642 διδότω
491 588 770 651 αὐτοῖςείς
798 587 1117 641 δεσποτείαν
1145 587 1378 659 πρᾶγμα
1431 587 1625 658 ὁμοίας
1675 603 1846 657 προσ-

272 681 392 734 όδου
419 697 480 733 τε
513 680 608 732 καὶ
649 680 982 745 συντελείας,
1012 680 1098 749 ἐφ’
1233 679 1369 755 μετά
1410 678 1510 747 τὴν
1556 677 1718 731 αὐτοῦ
1764 695 1851 730 τε-

273 772 523 843 λευτὴνῆ
551 772 643 825 τὸν
684 771 999 843 ὁριζόμενον
1048 773 1251 843 ιχρόνον
1305 772 1379 842 μὴ
1449 770 1851 839 ὑπερϐαίνοντα

275 863 375 932 τὴν
399 863 591 917 τούτου
616 863 763 935 ζωὴν
816 866 911 917 καὶ
938 864 1000 918 τδ
1028 863 1180 918 δοθὲν
1225 862 1375 933 αὑτῷ
1430 860 1736 932 περιελθεῖν
1772 864 1853 926 εἰς

274 954 758 1026 τὺνυεύαγέστατον
782 952 951 1010 οἰκον.
1388 984 1395 989 -

342 1048 408 1100 Δί
450 1046 744 1116 μισθώσεις
797 1047 906 1100 τῶν
942 1047 1251 1119 εἰρημένων
1309 1047 1522 1102 σεπτῶν
1568 1049 1734 1101 οἰκων
1780 1046 1854 1118 μὴ

277 1138 758 1210 ὑπερϐαινέτωσαν
788 1140 1256 1208 τριακονταετίαν.

346 1233 412 1288 Εἰ
445 1235 615 1288 δεῖται
653 1235 953 1305 χρημάτων
992 1233 1075 1299 εἷς
1129 1223 1238 1289 τῶν
1298 1235 1511 1303 εὐαγῶν
1564 1234 1734 1288 οἴκων
1776 1235 1858 1297 εἰς

273 1325 591 1396 δημοσίανῆ
620 1327 702 1389 εἰς
720 1326 886 1397 ἄλλην
907 1327 1118 1399 χρείαν,
1142 1326 1368 1380 διδόσθω
1393 1326 1647 1396 ἀκίνητον
1665 1327 1857 1396 πρᾶγ-

276 1434 357 1484 μα
403 1419 482 1480 εἰς
541 1415 708 1470 ίδικδν
770 1419 1021 1487 ἐνέχυρον
1048 1417 1174 1483 ,ἵνα
1206 1419 1234 1470 ὁ
1263 1416 1569 1485 δανειστὴς,
1629 1414 1860 1485 πληρού-

277 1524 440 1575 μενος
468 1508 525 1574 EE
552 1507 715 1563 αὐτοῦ
753 1510 813 1564 τὸ
839 1509 1134 1577 κεφάλαιον
1173 1508 1264 1561 καὶ
1293 1509 1421 1571 τοὺς
1455 1506 1564 1563 ἀπὸ
1594 1505 1858 1577 τετάρτου

275 1602 579 1674 ἑκατοστῆς
607 1604 822 1669 τόκους,
853 1602 1116 1659 ἀναδώσει
1142 1604 1203 1657 τὸ
1229 1606 1499 1675 ἐνέχυρον.

347 1783 413 1836 Αἱ
445 1784 805 1853 ἑμφυτεύσεις
832 1786 930 1849 καὶ
964 1787 1019 1838 αἰ
1056 1786 1195 1854 ὑπὲρ
1250 1787 1577 1861 πενταετίαν
1647 1771 1855 1856 mea;

276 1893 396 1940 σεις
423 1878 575 1948 παρὰ
601 1876 828 1948 γνώμην
854 1877 949 1932 τοῦ
976 1857 1405 1949 ἀρχιεπισκόπου
1461 1878 1494 1948 ἢ
1553 1870 1663 1931 τῶν
1694 1895 1856 1946 προε-
1886 1857 1929 1912 Β

276 1967 502 2021 στώτων
521 1968 631 2021 τῶν
660 1968 871 2036 εὐαγῶν
914 1968 1078 2022 οἴκων
1125 1969 1199 2037 μὴ
1254 1969 1721 2038 προϐαινέτωσαν.
1767 1972 1858 2022 Δεῖ

272 2056 388 2126 γάρ
413 2055 634 2126 ὀμνύειν
663 2057 789 2120 τοὺς
815 2057 1130 2136 οἰκονόμους
1150 2060 1244 2112 καὶ
1290 2058 1724 2131 χᾶρτουλαρίους
1775 2058 1853 2120 ὡς

271 2147 535 2217 οὐδεμίαν
559 2149 908 2222 περιγραφὴν
942 2147 1055 2219 ἔχει
1080 2148 1144 2202 τὸ
1201 2149 1575 2218 συνάλλαγμα.
1637 2150 1859 2203 Τοίτων

272 2241 336 2294 δὲ
375 2240 450 2311 μὴ
473 2240 664 2307 ὄντων,
696 2243 822 2304 τοὺς
868 2242 1220 2311 προεστῶτας
1267 2242 1379 2317 τῷν
1433 2241 1648 2311 εὒαγῶν
1692 2242 1859 2295 οῐκων

166 2354 171 2363 ν
274 2333 658 2404 προκειμένων
724 2335 829 2386 τῶν
881 2336 1054 2399 ἁγίων
1102 2334 1448 2403 Εὐαγγελίων
1487 2334 1760 2390 ποιεῖσθαι
1799 2336 1861 2387 τὸ

274 2423 653 2495 συνάλλαγμα,
673 2427 768 2479 τοῦ
789 2426 955 2481 αὐτοῦ
985 2427 1397 2500 ἐγγραφομένου
1428 2425 1614 2491 ἐντοῖς
1641 2428 1862 2500 προϊοῦ-

276 2531 337 2568 σι
371 2515 740 2587 συμϐολαίοις.

355 2699 556 2768 Μηδεὶς
584 2699 692 2752 τῶν
719 2701 1064 2770 τρακτευτῶν
1102 2701 1136 2770 ἢ
1166 2698 1513 2753 διοικούντων
1548 2700 1619 2753 τὰ
1685 2700 1863 2773 πράγ-

240 2816 245 2821 ~
278 2807 430 2860 ματα
456 2790 564 2844 τῶν
593 2792 807 2844 σεπτῶν
846 2791 1031 2856 οἴκων,
1088 2791 1121 2862 ἢ
1159 2784 1426 2863 συγγενὴς
1469 2792 1648 2845 αὐτῶν
1691 2793 1723 2862 ἣ
1761 2795 1862 2861 ἀγ-

240 2906 244 2912 ·
272 2881 491 2959 χιστὴς,
527 2882 886 2951 έμφυτεύσεις
918 2883 950 2950 ἢ
988 2883 1270 2953 ὑποθήκας
1296 2883 1407 2936 τῶν
1426 2883 1607 2937 αὐτῶν
1640 2885 1859 2937 σεπτῶν

272 2976 444 3029 οἴκων
473 2974 794 3046 λαμϐανέτω
808 2976 874 3030 δι’
900 2975 1092 3028 ἑαυτοῦ
1122 2975 1508 3048 ἢπσρενθέτου
1540 2975 1859 3046 προσώπου.

275 3067 438 3122 Ἐπεί
468 3067 551 3121 τοί
575 3084 662 3135 γε,
704 3067 869 3121 αὐτοῦ
897 3067 1269 3138 λαμϐάνοντος
1294 3069 1389 3121 καὶ
1418 3067 1526 3121 τῶν
1558 3069 1859 3136 οἰκονόμων

273 3160 378 3212 καὶ
400 3160 834 3231 χαρτουλαρίων,
858 3160 957 3222 τὰς
994 3161 1182 3223 οὐσίας
1221 3162 1270 3213 οἱ
1315 3162 1503 3214 σεπτοί
1554 3160 1861 3215 ὲκδικοῦσιν

273 3248 442 3306 οἶκοι.

363 3436 487 3492 Ἐπί
506 3438 619 3503 τοίς
642 3437 920 3507 ἀκινήτοις
984 3435 1275 3507 πράγμασι
1326 3435 1435 3490 τῶν
1470 3436 1529 3488 ὲν
1574 3436 1864 3505 ἐπαρχίαις

272 3529 638 3600 διακειμένων
675 3526 1002 3597 ἐκκλησιῶν,
1030 3528 1125 3581 καὶ
1161 3527 1374 3581 σεπτῶν
1406 3527 1647 3581 εὐσεϐῶν
1674 3528 1862 3590 οἴκων,

279 3618 515 3675 καὶτῶν
549 3619 606 3672 ὲν
639 3610 1209 3671 Κωνσταντινουπόλει
1268 3617 1364 3670 καὶ
1407 3615 1687 3686 πανταχοῦ
1721 3618 1866 3687 ίδρυ-

280 3713 464 3784 μένων
497 3710 898 3783 μοναστηρίων,
934 3710 1218 3779 προϐαίνει
1269 3708 1527 3779 διηνεκὴς
1590 3708 1867 3779 ὲμφύτευ-

278 3823 390 3870 σις,
424 3802 768 3876 κρατούντων
796 3805 883 3856 ἐπ’
934 3803 1070 3873 αὐτῇ
1116 3801 1337 3854 πάντων
1386 3801 1496 3854 τῶν
1555 3801 1864 3872 εἰρημένων

240 3896 378 3949 ’ἐπὶ
433 3894 553 3956 ταῖς
599 3891 964 3965 ὲμφυτεύσέσι
1014 3893 1133 3953 ταῖς
1186 3892 1250 3943 ὲκ
1287 3890 1399 3943 τῶν
1439 3890 1742 3962 ἐκκλησιῶν
1766 3890 1865 3960 τῆς

282 3983 682 4059 βασιλευούσης
713 3981 923 4046 πόλεως
974 3984 999 4034 ἐ
1039 3981 1370 4051 διδομέναις.
1421 3983 1723 4051 ’Δνάγνωθι
1777 3999 1868 4034 κε-

280 4082 514 4153 φάλαιον
549 4076 595 4152 β’
626 4080 793 4149 τῆσδε
822 4079 919 4149 τῆς
946 4075 1265 4143 διατάξεως.

357 4176 483 4229 Ἐὰν
510 4174 609 4245 μία
627 4172 738 4226 τῶν
767 4171 1075 4242 εἰρημένων
1111 4168 1419 4239 ἐκκλησιῶν
1456 4168 1490 4241 ἦ
1532 4169 1746 4222 σεπτῶν
1774 4166 1857 4222 ot"

281 4286 398 4323 κων
426 4267 597 4321 δεῖται
628 4263 926 4336 χρημάτων
984 4262 1065 4326 εἰς
1126 4260 1434 4331 καταϐολὴν
1484 4246 1779 4331 δημοσίων,
1830 4261 1864 4332 ἢ

285 4356 626 4428 εὐλύρτωσιν
664 4356 882 4427 χρέους,
916 4353 1016 4407 καὶ¹
1042 4353 1117 4423 μὴ
1151 4352 1267 4423 ἔχει
1316 4346 1512 4421 κινητὰ
1542 4351 1865 4422 πράγματα,

235 4439 245 4448 ’
279 4451 378 4519 ἀφ’
406 4444 481 4504 ὧν
503 4450 728 4503 δυνατὸν
765 4448 989 4518 λυθῆναι
1012 4448 1071 4500 τὸ
1093 4446 1335 4517 ὄφλημα,
1363 4444 1584 4498 διδόσθω
1611 4445 1866 4515 ἀκίνητον

1951 590 2195 659 prietatis
2243 603 2358 643 rem
2404 587 2707 644 consimilis
2762 586 2970 642 reditus
3008 591 3062 639 et
3107 582 3436 644 collationis,
3473 589 3533 635 ut

1946 690 2069 749 post
2105 680 2226 749 ejus
2255 690 2506 745 mortem,
2533 678 2617 734 vel
2650 685 2775 747 post
2795 676 3082 731 deﬁnitum
3113 682 3350 742 tempus,
3382 672 3529 742 quod

1953 779 2141 828 tamen
2178 771 2299 841 ejus
2335 771 2499 824 vitam
2537 785 2645 825 non
2677 768 2917 830 excedit,
2949 756 3113 823 etiam
3137 765 3255 836 ipsa
3291 779 3380 820 res
3411 764 3535 818 data

1953 863 2237 933 perveniat
2274 863 2343 918 ad
2382 863 2603 918 domum
2636 861 2977 932 religiosam.

2025 1043 2352 1100 Locationes
2385 1042 2454 1098 ab
2486 1041 2739 1098 indicatis
2767 1040 3041 1111 religiosis
3067 1038 3324 1093 domibus
3361 1037 3535 1101 factae,

1957 1137 2194 1207 Spatium
2236 1140 2504 1191 annorum
2541 1136 2766 1205 triginta
2796 1150 2907 1191 non
2937 1135 3226 1189 excedant.

2029 1230 2085 1285 Si
2120 1230 2210 1285 cui
2237 1228 2423 1284 domui
2456 1228 2724 1298 religiosae
2754 1228 3000 1295 pecuniis
3036 1240 3175 1294 opus
3209 1232 3313 1287 est,
3348 1223 3417 1277 ad
3456 1221 3488 1275 ti
3510 1250 3527 1262 -

1957 1324 2180 1385 scalem,
2218 1322 2303 1377 vel
2345 1322 2507 1375 aliam
2561 1321 2941 1375 necessitatem
2970 1357 2984 1381 ,
3016 1319 3109 1373 det
3142 1325 3255 1371 rem
3292 1317 3539 1386 aliquam

1958 1415 2288 1471 immobilem
2321 1417 2375 1469 in
2409 1413 2648 1483 speciale
2674 1414 2901 1483 pignus,
2930 1420 2992 1482 ut
3029 1426 3151 1465 cum
3185 1396 3248 1463 ex
3280 1422 3342 1462 ea
3362 1408 3544 1475 credi-

1961 1505 2062 1558 tori
2111 1501 2450 1559 satisfactum
2500 1501 2668 1557 fuerit
2715 1513 2823 1556 tam
2874 1500 3096 1555 nomine
3137 1499 3325 1561 sortis,
3376 1512 3541 1565 quam

1960 1613 2164 1662 usurae,
2195 1605 2346 1667 parte
2367 1596 2682 1652 centesimae
2706 1603 2902 1665 quarta
2926 1593 3186 1659 delluitze,
3221 1592 3417 1663 pignus
3451 1592 3542 1646 ille

1967 1689 2244 1745 restituat.

2035 1781 2431 1853 Emphyteuses
2483 1789 2539 1835 et
2568 1780 2889 1843 locationes,
2923 1794 3043 1849 qua:
3065 1789 3205 1833 uttra
3234 1778 3548 1846 quinquen—

1963 1875 2038 1929 nii
2073 1875 2309 1943 spatium
2339 1873 2731 1935 extenduntur,
2763 1871 2973 1941 absque
3004 1870 3287 1924 voluntate
3316 1868 3539 1923 archie-

1961 1967 2189 2039 piscopi.
2216 1965 2298 2020 vel
2322 1974 2534 2029 eorum,
2567 1965 2656 2033 qui
2680 1964 2953 2033 religiosis
2986 1962 3245 2016 domibus
3275 1969 3542 2026 praesunt,

1962 2078 2069 2118 non
2106 2059 2428 2131 procedant.
2466 2057 2599 2111 Nam
2637 2059 2827 2126 jurare
2856 2066 2966 2111 tam
3003 2071 3347 2120 (ecouomos,
3377 2070 3540 2125 quam

1965 2152 2329 2210 chartularios
2366 2157 2604 2221 oportet,
2640 2149 2848 2203 nullam
2882 2149 3064 2204 inesse
3093 2147 3402 2202 contractui
3437 2147 3547 2201 cir-
3640 2144 3641 2147 “

1961 2244 2468 2318 cumscriptionem.
2518 2240 2674 2308 Quod
2724 2243 2770 2297 si
2830 2242 2964 2297 nulli
3017 2241 3128 2296 sint
3183 2241 3547 2308 chartularii,

1963 2350 2284 2397 contractus
2317 2339 2386 2392 ab
2447 2338 2536 2402 iis,
2561 2335 2654 2406 qui
2685 2334 2953 2406 religiosis
2986 2334 3242 2389 domibus
3282 2341 3548 2402 prmsunt,

1961 2431 2329 2489 sacrosanctis
2379 2427 2694 2497 Evangeliis
2752 2426 3071 2496 propositis,
3142 2425 3254 2491 ﬁat,
3288 2425 3392 2479 hoc
3431 2423 3552 2492 ipso

1963 2523 2364 2587 instrumentis,
2397 2537 2518 2592 qua:
2563 2535 2728 2592 super
2774 2535 2840 2575 eo
2884 2518 3294 2585 coniiciuntur,
3346 2516 3551 2572 inscri-

1965 2616 2183 2673 bendo;

2035 2708 2228 2764 Nullus
2260 2716 2434 2774 actor,
2478 2714 2572 2761 aut
2603 2702 3029 2760 administrator
3060 2719 3287 2773 rerum,
3319 2717 3439 2773 quae
3483 2701 3550 2755 ad

1963 2797 2297 2852 venerabiles
2328 2796 2519 2853 domos
2569 2797 2888 2866 pertinent,
2921 2810 3017 2850 nec
3046 2810 3234 2851 eorum
3263 2804 3551 2865 cognatus,

1928 2897 2057 2943 ‘aut
2103 2888 2470 2959 propinquus,
2500 2887 2901 2960 emphyteuses
2956 2886 3038 2940 vel
3083 2884 3419 2956 bypothecas
3460 2898 3554 2939 ea-
3612 2921 3617 2925 ρ

1938 2981 2216 3035 'rumdem
2253 2978 2649 3033 venerabilium
2691 2978 2980 3032 domorum
3044 2975 3279 3045 accipiat
3321 2988 3416 3055 per
3463 2989 3552 3029 se-

1952 3070 2166 3139 ‘ipsnm,
2197 3079 2290 3125 aut
2319 3085 2412 3140 per
2436 3071 2742 3140 subjectam
2803 3083 3115 3139 personam.
3164 3065 3297 3122 Nam
3350 3066 3553 3136 alioqui

1971 3170 2082 3216 tam
2149 3163 2324 3232 ipsius
2358 3161 2701 3232 accipientis
2732 3202 2748 3227 ,
2799 3175 2965 3230 quam
3028 3173 3440 3214 mconomorum
3497 3166 3556 3212 et

1969 3254 2444 3310 ehartulariorum
2476 3254 2789 3322 facultates,
2833 3252 2965 3323 ipsa:
2990 3250 3183 3308 domus
3214 3251 3451 3306 venerab
3477 3252 3555 3306 les

1967 3348 2070 3403 sibi
2102 3347 2405 3415 vindicant.
2501 3340 2511 3348 ”

2038 3439 2098 3494 ln
2154 3436 2753 3496 rebus'imm'obilibus
2832 3440 3076 3502 sitarum,
3114 3439 3170 3494 in
3243 3437 3544 3507 provinciis

1965 3530 2342 3597 ecclesiarum,
2381 3544 2445 3586 ac
2476 3531 2864 3585 venerabilium
2898 3532 3220 3602 piarumque
3259 3530 3551 3592 domuum,

1966 3632 2020 3678 et
2046 3627 2468 3679 constitutorum
2513 3636 2621 3679 tam
2658 3624 2712 3679 in
2747 3625 2884 3680 urbe
2911 3623 3544 3692 Constantinopolitana,

1966 3732 2127 3786 quam
2157 3717 2360 3788 ubique
2390 3718 2871 3783 monasteriorum,
2910 3718 3097 3774 locum
3134 3718 3296 3771 habet
3322 3716 3553 3785 ertipby—

1967 3811 2137 3865 teusis
2194 3817 2503 3880 perpetua:
2543 3810 2622 3866 sic
2669 3821 2872 3874 tamen,
2913 3820 2973 3864 ut
3036 3810 3323 3864 obtineant
3371 3808 3427 3861 in
3483 3823 3545 3862 ea

1968 3908 2167 3954 cuncta
2215 3901 2468 3970 superius
2516 3901 2664 3956 dicta
2698 3902 2764 3956 de
2807 3902 3280 3973 emphyteusibus,
3329 3916 3452 3971 qua:
3485 3902 3551 3956 ah

1969 3993 2217 4049 ecclesiis
2250 3994 2404 4050 urbis
2440 3996 2808 4065 imperatoria:
2840 3997 3248 4053 conceduntur.
3285 3994 3428 4068 Lege
3459 4012 3552 4050 ca-

1970 4095 2064 4154 put
2095 4088 2396 4141 secundum
2432 4088 2598 4157 hujus
2638 4089 3081 4145 constitutionis.

2043 4177 2097 4231 Si
2129 4195 2236 4248 qua
2268 4180 2541 4241 dictarum
2589 4181 2951 4236 ceclesiarum
2972 4222 2988 4247 ,
3020 4189 3114 4235 aut
3156 4181 3551 4236 venerabilium

1970 4269 2279 4335 domorum,
2315 4271 2566 4340 pecuniis
2601 4270 2811 4340 indiget
2849 4270 2916 4325 ad
2947 4272 3547 4327 solutionem-tributo-

1972 4378 2090 4417 rum
2125 4360 2414 4428 ﬁscalium,
2439 4371 2534 4417 aut
2567 4362 2968 4433 expeditionem
2998 4363 3125 4420 teris
3153 4365 3338 4427 alieni,
3367 4380 3548 4435 neque

1977 4454 2347 4521 reslmobiles
2407 4455 2608 4520 habet,
2668 4470 2733 4509 ex
2787 4455 2988 4525 quibus
3033 4456 3257 4512 dissolvi
3312 4456 3553 4511 debitum

271 4545 520 4614 πρᾶγμα
550 4543 629 4605 εἰς
660 4540 828 4596 ἰδικδν
857 4539 1113 4610 ἐνέχυρον
1139 4537 1216 4610 τῷ
1236 4537 1510 4608 ὼνειστῇ,
1549 4536 1635 4590 ἵνα
1671 4537 1730 4603 ἐξ
1762 4536 1859 4590 αύ-

1976 4545 2168 4614 possit,
2216 4559 2304 4599 res
2334 4544 2630 4601 immobilis
2667 4546 2721 4600 in
2779 4547 3016 4616 speciale
3048 4548 3243 4619 pignus
3293 4548 3553 4603 creditori

280 4635 378 4690 τοῦ
403 4635 464 4689 τὸ
490 4635 671 4705 χρέος,
715 4633 808 4686 καὶ
837 4632 964 4694 τοὺς
993 4631 1101 4684 άπδ
1127 4632 1387 4702 τετάρτου
1421 4631 1719 4700 ἑκατοστῆς
1745 4629 1872 4701 κλη-

287 4731 437 4804 ρωθῇ
470 4730 685 4792 τόκους.
725 4728 786 4781 Ei
806 4727 861 4780 δὲ
882 4726 1123 4780 τοιοῦτον
1169 4727 1431 4797 ἐνέχυρον
1464 4730 1536 4796 μή
1570 4729 1718 4779 ἐστιν
1751 4727 1871 4779 ἱκα-

285 4825 377 4875 νὸν
403 4821 659 4875 ἐπιλῦσαι
684 4819 745 4873 τὸ
794 4820 974 4891 χρέος,
1004 4820 1257 4888 πράσεως
1311 4818 1562 4888 ἀζημίως
1600 4835 1867 4872 ’συνιστα-

287 4914 455 4986 μένης
496 4913 648 4982 παρὰ
711 4899 825 4974 τοῖς
866 4910 1196 4983 προσφόροις
1249 4909 1615 4980 πατριάρχαις
1678 4926 1739 4962 τε
1772 4912 1866 4964 καὶ

289 4999 734 5072 μητροπολίταις,
768 5000 864 5053 καὶ
890 4999 1230 5063 ἐπισκόποις,
1282 4998 1611 5069 ὀμνύτωσαν
1654 5000 1704 5053 οἰ
1754 5001 1864 5053 τῶν

284 5082 500 5160 εὐαγῶν
526 5091 690 5144 οἴκων
712 5090 1004 5159 διοικηταὶ,
1038 5091 1112 5154 ὡς
1145 5091 1246 5144 οὐκ
1273 5090 1419 5145 ἔστιν
1447 5091 1635 5163 ἕτερος
1663 5093 1865 5165 τρόπος

284 5183 519 5243 διαλύων
539 5184 600 5236 τὸ
638 5181 797 5252 χρέος
821 5197 836 5210 ·
864 5183 955 5245 καὶ
997 5182 1420 5254 φανερούτωσαν
1452 5182 1553 5263 τὴν
1592 5185 1868 5255 ποσότητα

287 5280 392 5330 τῶν
420 5277 808 5345 ὀφειλομένων,
835 5277 929 5328 καὶ
966 5275 1111 5329 οὕτω
1172 5276 1515 5344 προϐαινέτω
1560 5278 1594 5345 ἡ
1663 5280 1867 5349 πρᾶσις

285 5372 546 5439 ἀκινήτου
575 5369 919 5439 πράγματος,
963 5368 1244 5438 δημοσίων
1296 5370 1751 5442 προγραμμάτων
1774 5374 1866 5427 ἐπὶ

284 5467 332 5513 κ’
361 5462 572 5532 ἡμέρας
621 5460 1047 5531 προτιθεμένων,
1102 5461 1195 5513 καὶ
1252 5463 1674 5535 προτρεπόντων
1730 5463 1861 5530 τοὺς

284 5554 575 5625 ἀγοράζειν
621 5538 1003 5621 βουλομένους,
1044 5552 1130 5606 ἴνα
1154 5555 1181 5606 ὀ
1221 5553 1381 5608 πλέον
1411 5554 1672 5627 παρέχων
1724 5573 1860 5628 προ·

281 5645 506 5715 τιμηθῇ.
542 5644 762 5698 Τούτων
797 5644 850 5697 δὲ
880 5644 1200 5715 προϊόντων,
1231 5647 1466 5714 γινέσθω
1522 5651 1555 5719 ἠ
1620 5650 1822 5719 πρᾶσις
1843 5664 1887 5723 ⁸,

288 5741 379 5787 καὶ
407 5740 466 5789 τὸ
488 5736 704 5807 τίμημα
731 5737 759 5787 ὁ
788 5736 1098 5807 άγοραστὴς
1130 5739 1518 5793 καταϐαλλέτω
1546 5741 1625 5811 τῷ
1681 5742 1859 5795 δανει-

285 5829 383 5898 στῇ
442 5828 533 5883 καὶ
565 5827 723 5881 τοῦτο
751 5827 926 5896 ῥητῶς
959 5828 1239 5899 ἐγγράφου
1306 5830 1426 5901 μεθ’
1478 5832 1641 5903 ὅρκου
1691 5833 1748 5887 ὲν
1791 5838 1855 5905 τῇ

1969 4636 2151 4703 detur,
2184 4644 2244 4690 ut
2267 4636 2440 4690 eidem
2470 4652 2533 4690 ex
2583 4652 2646 4692 ea
2680 4646 2791 4690 tam
2823 4639 3012 4704 sortis,
3058 4654 3222 4708 quam
3263 4654 3553 4693 usurarum

1968 4727 2210 4792 nomine,
2244 4726 2313 4780 ad
2343 4735 2596 4795 quartam
2637 4742 2807 4797 usque
2837 4729 3153 4784 centesimae
3178 4743 3386 4798 partem
3416 4774 3429 4795 ,
3465 4746 3555 4786 sa-

1972 4822 2161 4876 tisliat.
2211 4819 2366 4886 Quod
2401 4821 2448 4877 si
2497 4820 2696 4890 pignus
2749 4819 3021 4890 ejusmodi
3076 4837 3185 4876 non
3242 4821 3443 4877 suiIicit
3486 4827 3552 4877 ad

1969 4913 2376 4969 dissolvendqu
2407 4929 2481 4968 ars
2512 4913 2773 4980 alienum,
2830 4929 2924 4983 per
2980 4904 3132 4986 gesta
3171 4925 3555 4972 monumento-

1973 5023 2118 5071 rum,
2158 5023 2279 5077 qoas
2307 5006 2429 5062 sine
2460 5008 2706 5078 impensa
2742 5010 3110 5064 cordicientur
3148 5011 3292 5079 apud
3329 5025 3554 5079 compe-

1974 5106 2153 5155 tentes
2184 5099 2556 5168 patriarchas,
2591 5111 2647 5157 et
2676 5102 3155 5173 metropolitanos,
3183 5112 3239 5158 et
3265 5104 3554 5174 episcopos

1971 5191 2362 5262 jusjurandum
2406 5202 2671 5263 prmateut
2720 5196 3113 5252 venerabilium
3141 5196 3429 5253 domorum
3458 5199 3557 5253 ad-

1975 5282 2403 5351 tninistratores,
2428 5287 2577 5356 quod
2613 5302 2717 5341 non
2752 5287 2824 5344 sit
2854 5289 2996 5344 alios
3019 5291 3215 5345 modus
3236 5290 3359 5344 aeris
3391 5290 3554 5345 aiieni

1970 5377 2329 5442 dissolvendi,
2372 5389 2428 5435 et
2461 5383 2820 5451 quantitatem
2848 5399 3040 5438 eorum
3064 5425 3079 5451 ,
3106 5400 3228 5456 qua)
3258 5384 3549 5448 debentur,

1971 5471 2319 5541 patefaciant,
2349 5487 2515 5546 atque
2559 5476 2632 5530 ita
2688 5477 3016 5545 procedatur
3066 5478 3132 5532 ad
3186 5476 3550 5534 venditionem

1971 5564 2266 5620 immobilis
2312 5567 2408 5632 rei,
2460 5567 2958 5636 proscriptionibus
2988 5568 3054 5622 ad
3089 5566 3279 5637 viginti
3307 5565 3424 5622 dies
3454 5583 3551 5620 cx-

1963 5655 2174 5723 positis,
2202 5673 2323 5727 qum
2369 5661 2727 5713 cohortentur
2757 5675 2939 5715 emere
2999 5660 3279 5723 volentes,
3337 5669 3397 5711 ut
3453 5658 3546 5726 qui

1968 5748 2086 5816 plus
2123 5749 2302 5814 solvit,
2333 5750 2542 5806 caeteris
2566 5751 2639 5804 sit
2676 5753 2872 5821 potior.
2898 5751 3107 5817 Quibus
3142 5751 3211 5805 ita
3245 5749 3546 5806 succeden-

1967 5840 2139 5907 tibus,
2188 5841 2431 5898 venditio
2474 5845 2612 5910 liat;
2668 5852 2723 5898 et
2758 5830 2971 5914 cmptOr
3016 5844 3249 5913 pretium
3283 5843 3542 5899 creditori
