4066 6392
599 333 734 398 1315

589 540 779 595 eodem
817 548 1079 610 perpetuo
1108 539 1377 592 l‘rnuntor.
1881 597 1890 605 _

665 629 927 686 Ecclesiis
970 639 1023 684 et
1082 626 1352 696 religiosis
1425 627 1674 681 domibus
1721 637 1829 680 tam
1879 626 2158 695 privilegia

595 737 694 777 sua
723 763 737 787 ,
769 737 930 790 quam
967 736 1087 789 quae
1119 721 1250 790 ipsis
1281 719 1430 774 varie
1458 733 1714 773 concessa
1758 729 1885 774 sunt
1917 719 2155 787 impera-

593 823 771 871 torum
811 815 1159 880 liberalitate,
1194 820 1500 868 servantor.

663 907 920 962 Ecclesiaa
949 906 1016 960 ab
1043 905 1189 961 omni
1225 918 1450 958 munere
1484 902 1707 958 sordido
1756 911 1812 957 et
1854 904 2158 958 extraordi-

593 999 766 1060 nario,
801 1007 854 1053 et
883 999 950 1053 ab
987 997 1272 1052 exactione
1321 1005 1486 1065 atque
1535 1010 1701 1050 onere
1726 996 2115 1050 lucrativornm
2142 1035 2158 1062 ,

591 1095 862 1146 immunes
929 1099 1111 1150 sunto.
1177 1090 1444 1144 duntaxat
1493 1088 1745 1143 itinerum
1807 1087 2161 1158 pontiuqu

592 1182 889 1237 structuris
921 1181 1190 1235 obnoxiae.

659 1275 917 1344 Cujusvis
947 1274 1378 1344 prmscriptionis
1411 1272 1556 1342 longi
1586 1271 1852 1340 temporis
1883 1271 2021 1330 loco.
2048 1271 2161 1327 sola

590 1367 944 1438 quadraginta
974 1381 1244 1422 annorum
1291 1367 1540 1436 exceptio
1587 1363 1862 1435 reli‘giosis
1904 1363 2162 1418 domibus

589 1468 918 1527 opponatur.

661 1551 764 1616 Qui
793 1551 1156 1605 venerabilem
1195 1549 1420 1604 domum
1461 1549 1732 1603 aediﬁcare
1765 1547 1914 1609 vult,
1946 1553 2039 1598 aut
2073 1560 2163 1599 ve-

593 1653 791 1696 tuslate
816 1642 1185 1696 labascentem
1215 1640 1544 1702 instaurare,
1570 1649 1678 1692 tam
1709 1638 1968 1706 seipsum,
2003 1650 2162 1704 quam

593 1734 860 1789 haeredcm
895 1748 1051 1788 suum
1087 1733 1151 1787 ad
1180 1733 1364 1802 operis
1393 1731 1780 1802 perfectionem
1811 1730 2037 1799 obligat,
2071 1743 2164 1782 ve-

591 1825 818 1878 nerabili
851 1838 1015 1879 cruce
1049 1824 1200 1892 prius
1221 1824 1290 1878 ab
1311 1826 1566 1894 episcopo
1598 1824 1650 1877 in
1673 1823 1842 1878 domo
1862 1821 2164 1892 defigenda,

589 1928 712 1980 qua:
745 1911 906 1965 debet
940 1911 1172 1966 exstrui.

659 2001 764 2067 Qui
790 2003 967 2056 suain
1000 2002 1186 2066 domo,
1214 2002 1296 2056 vel
1325 2001 1662 2066 suburbano,
1698 2001 1779 2056 vel
1813 2001 2001 2064 fundo,
2035 2017 2166 2056 con-

597 2095 874 2149 venticula
912 2105 1124 2150 secreta
1161 2095 1390 2164 peragit,
1435 2097 1820 2164 proprietatem
1851 2096 1970 2163 ejus
2006 2096 2168 2148 amit-

589 2190 678 2254 tit,
708 2189 938 2243 ecclesia
971 2189 1076 2242 loci
1111 2203 1224 2242 rem
1254 2188 1576 2257 accipiente.
1616 2189 1672 2242 Si
1702 2205 1828 2244 vero
1870 2198 2037 2254 tutor,
2073 2200 2168 2243 aut

589 2289 866 2348 exceptor,
889 2291 983 2334 aut
1010 2279 1752 2350 etnphyteuta,conductorve
1798 2281 2031 2350 coegerit
2067 2282 2168 2336 hu-

587 2371 824 2441 jusmodi
853 2369 1258 2433 conventicula,
1291 2370 1514 2424 domino
1551 2370 1858 2440 ignorante,
1885 2372 2166 2437 provincia

587 2462 890 2532 eXpellitor,
945 2454 1002 2517 et
1053 2461 1299 2516 ecclesiae
1337 2459 1624 2517 facultates
1659 2460 1780 2528 ejus
1816 2461 2164 2516 addicuntor.

660 2643 922 2714 Legatum
950 2643 1170 2698 Christo
1225 2641 1332 2698 Deo
1367 2650 1558 2698 nostro
1619 2641 1869 2696 relictum
1927 2640 2166 2708 ipsorum

587 2736 832 2790 locorum
871 2734 1106 2792 ecclesia
1142 2735 1245 2790 sibi
1277 2735 1555 2802 vindicet,
1588 2734 1789 2804 quibus
1817 2732 1872 2787 in
1904 2732 2036 2787 locis
2066 2731 2166 2786 do-

593 2827 856 2882 micilium
895 2827 1190 2883 defunctus
1227 2828 1436 2882 habuit.
1491 2827 1586 2881 Sin
1634 2827 1796 2881 alicui
1850 2833 2164 2882 sanctorum

590 2918 906 2972 nominatim
941 2920 1173 2989 legatum
1208 2919 1458 2974 relictum
1485 2918 1669 2983 fuerit,
1694 2934 1815 2973 cum
1841 2918 2024 2974 "mlta:
2049 2916 2162 2971 sint

590 3008 859 3079 religiosas
887 3011 1083 3065 domus
1118 3008 1241 3078 ejus
1287 3009 1693 3079 appellationis,
1729 3007 2036 3078 pauperiori
2067 3007 2162 3061 de-

593 3111 680 3156 tur
709 3103 966 3171 legatum.
1003 3100 1061 3154 Si
1094 3112 1274 3155 autem
1307 3101 1457 3174 nulla
1484 3101 1557 3155 sit
1594 3101 1791 3156 domus
1827 3113 1981 3155 sacra
2008 3098 2158 3168 ejus-

591 3194 715 3249 dem
753 3193 1135 3264 appellationis
1172 3193 1223 3247 in
1262 3201 1371 3247 tota
1406 3194 1626 3248 civitate
1661 3193 1740 3248 vel
1799 3192 1915 3259 ejus
1943 3193 2161 3247 territo-

594 3287 697 3353 rio,
728 3285 812 3339 vel
844 3285 896 3338 in
928 3285 1212 3354 provincia
1237 3325 1252 3350 ,
1287 3284 1530 3338 locorum
1567 3283 1783 3337 illorunt
1832 3283 2062 3336 ecclesia
2091 3282 2165 3335 le-

593 3389 775 3448 gntum
830 3377 931 3432 sibi
983 3376 1222 3431 vindicat
1263 3376 1446 3430 :idem
1501 3375 1554 3428 in
1591 3375 1905 3430 haereditate
1939 3373 2165 3429 obtinet.

593 3471 692 3524 Est
725 3469 888 3524 etiam
919 3469 1047 3524 ﬁsco
1084 3469 1261 3538 potior
1299 3467 1525 3522 ecclesia
1558 3466 1714 3537 (Μ’).

663 3558 847 3614 [lares
873 3558 1062 3628 jussus
1088 3555 1376 3621 ardiﬁcare,
1407 3555 1450 3609 si
1480 3555 1699 3624 quidem
1730 3554 1950 3609 domum
1989 3561 2172 3607 orato-

596 3654 754 3712 riam.
787 3667 924 3722 Opus
956 3651 1058 3705 hoc
1087 3649 1230 3703 intra
1273 3649 1707 3718 quinquennium
1760 3647 2043 3708 absolvat;
2081 3643 2166 3698 sin

594 3744 674 3798 vel
708 3742 1108 3808 nosocomium,
1143 3741 1228 3794 vel
1260 3740 1418 3793 aliam
1457 3737 1795 3792 consimilem
1827 3737 2046 3791 domum
2078 3750 2172 3788 ex-

595 3845 807 3891 struere
835 3835 1050 3903 jussus,
1080 3831 1367 3888 aedilicium
1421 3819 1562 3884 intra
1613 3829 1848 3898 spatium
1885 3828 2010 3882 anni
2061 3842 2169 3880 non

593 3926 908 3988 absoltet'il,
966 3925 1170 3978 interea
1231 3923 1495 3991 temporis
1557 3937 1739 3975 emere
1783 3921 2015 3990 cogitur,
2079 3933 2172 3974 aut

593 4021 898 4074 conducere
932 4019 1177 4082 domum,
1210 4025 1374 4085 atque
1409 4016 1500 4075 ita.
1527 4014 1674 4084 quod
1721 4015 1768 4068 ei
1819 4014 1903 4082 pie
1945 4013 2171 4064 manda-

597 4121 708 4164 tum
745 4123 845 4175 est,
881 4116 946 4162 ad
977 4111 1134 4164 linem
1165 4108 1478 4176 perducere.
1507 4107 1775 4161 Caeterum
1807 4120 1923 4167 eos.
1957 4104 2049 4174 qui
2077 4121 2172 4157 cu—

595 4219 718 4256 rare
763 4204 954 4256 domos
987 4201 1210 4256 easdem
1263 4199 1570 4269 religiosas,
1622 4198 1775 4267 juxta
1833 4199 2169 4250 voluntatem

599 4294 874 4346 testatoris
909 4293 1124 4350 debent,
1165 4291 1340 4344 haeres
1373 4290 1557 4357 eligat,
1586 4298 1906 4358 potestatem
1937 4288 2168 4341 habente

600 4383 848 4434 locorum
885 4380 1096 4432 illnt'ntn
1121 4379 1397 4447 episcopo,
1427 4379 1950 4432 administrationem
1981 4393 2170 4431 eorum

1823 331 2102 390 TIIEOD.
2139 332 2226 388 BA
2239 331 2620 390 LSAMUNlS

665 449 939 517 Quotquot
975 445 1216 516 episcopi
1271 443 1729 513 metropoliticum
1797 445 1884 512 jus
1918 443 2158 506 habent,
2190 444 2235 501 Α

2336 446 2488 497 Ὅσοι
2516 444 2621 496 τῶν
2656 445 2968 497 ἐπισκόπων
3027 445 3466 515 μητροπολιτικὸν
3508 445 3667 514 έχουσι
3716 452 3780 503 δί-

2267 550 2435 598 καιον,
2465 532 2886 586 ἀπολαυέτωσαν
2907 535 3070 588 αὑτοῦ
3091 535 3368 606 διηνεκῶς.

2333 612 2788 679 Φυλαὲτέσθωσαν
2815 627 2934 689 ταῖς
2980 626 3295 690 ἐκκλησίαις
3337 629 3426 681 καὶ
3481 631 3671 692 σεπτοίς
3719 632 3784 684 ol-

2264 735 2378 780 κοις
2405 717 2471 770 τόι
2491 719 2664 771 οἰκεῖα
2689 717 2958 789 προνόμια
2989 721 3128 772 κατὰ
3155 720 3225 772 τὰ
3252 721 3513 791 διαφόρως
3539 721 3696 786 αὐτοῖς
3735 724 3786 775 ὲκ

2267 809 2531 880 βασιλέων
2562 809 3008 880 φιλοτιμηθέντα.

2340 901 2526 970 Πάσης
2563 902 2816 969 ῥυπαρᾶς
2832 900 3192 972 λειτουργίας,
3207 903 3685 974 ἐκστραορδιναρίας
3702 907 3792 960 διαί

2264 991 2508 1064 γραφῆς,
2539 993 2633 1046 καὶ
2665 991 3038 1062 λουκρατίὸων
3086 992 3288 1063 βάρους
3332 993 3563 1048 ἔστωσαν
3612 995 3791 1060 ἀτελεῖς

2265 1083 2648 1153 αίὲκκλησίαι,
2682 1083 2871 1154 μόναις
2903 1081 3268 1153 ὑποκείμεναι
3312 1083 3672 1154 όδοστρωσίαις
3717 1089 3794 1140 καὶ

2265 1177 2698 1247 γεφυροποιίαις.

2348 1267 2496 1318 Ἀντὶ
2547 1267 2727 1335 πάσης
2792 1267 3010 1338 χρονίας
3075 1266 3445 1338 παραγραφῆς
3479 1266 3606 1336 μόνη
3634 1267 3728 1318 τῶν
3752 1269 3794 1334 μ’

2266 1358 2530 1412 ἐνιαυτῶν
2562 1357 2888 1412 ἀντικείσθω
2913 1357 3253 1430 παραγραφὴ
3296 1360 3412 1429 τοῖς,
3463 1358 3696 1425 εὐαγέσιν
3735 1358 3795 1410 οῖ-

2266 1467 2401 1514 κοις.
2705 1511 2710 1516 ,

2347 1544 2406 1597 '0
2435 1543 2757 1614 βουλόμενος
2792 1542 2998 1607 κτίζειν
3032 1543 3229 1596 σεπτὸν
3266 1545 3299 1612 ἦ
3363 1544 3454 1596 τὸν
3494 1539 3796 1611 σαθρωθέντα

2268 1636 2642 1704 ἐποικοδομεῖν
2693 1633 2893 1688 ἑαυτὸν
2918 1633 3125 1688 καὶτὸν
3173 1633 3305 1687 ῐδιον
3344 1633 3657 1703 κληρονόμον
3691 1636 3796 1684 61:0-

2269 1725 2456 1778 σάλλει
2482 1729 2546 1797 τῇ
2577 1724 2854 1797 πληρώσει
2881 1725 2974 1778 τοῦ
3009 1725 3194 1795 ἔργου,
3239 1725 3499 1794 πρότερον
3555 1723 3796 1793 πηγνυμέ-

2270 1836 2361 1871 νου
2419 1818 2514 1872 τοῦ
2559 1819 2745 1887 τιμίου
2807 1817 3046 1888 σταυροῦ
3085 1817 3187 1870 ὑπὸ
3215 1817 3310 1870 τοῦ
3363 1818 3645 1870 ἐπισκόπου
3664 1817 3714 1868 ἐν
3736 1815 3798 1884 τῷ

2274 1912 2522 1982 μέλλοντι
2547 1910 2828 1974 κτίζεσθαι
2858 1911 3012 1980 οἴκῳ.

2352 2004 2414 2058 Ὅ
2447 2005 2506 2056 ἐν
2537 2003 2650 2072 ἰδίῳ
2679 2004 2812 2072 οίκῳ
2845 2003 2878 2073 ἢ
2911 2004 3218 2072 προαστείῳ
3241 2003 3276 2073 ἢ
3301 2003 3536 2073 κτήματι
3565 2016 3799 2070 παρασυνο

2269 2097 2419 2161 άξεις
2457 2097 2625 2149 ποιῶν
2677 2095 2934 2148 ἐκπίπτει
2968 2095 3068 2162 τῆς
3111 2095 3304 2147 τούτου
3367 2093 3680 2155 δεσποτείας,
3707 2091 3798 2163 ,τῆς

2269 2191 2515 2247 ἐντοπίου
2545 2188 2836 2258 ἐκκλησίας
2855 2186 3010 2240 τοῦτο
3031 2185 3436 2257 λαμϐανούσης.
3468 2184 3528 2239 El
3545 2185 3598 2239 δὲ
3620 2183 3799 2250 ἐπίτρο-

2270 2301 2391 2347 πος,
2422 2283 2454 2353 ἢ
2493 2282 2806 2351 ἐκλὴπτωρ,
2832 2279 2864 2349 ἢ
2893 2278 3254 2348 ἐμφυτευτὴς,
3293 2277 3327 2348 ἦ
3357 2277 3619 2348 μισθωτὴς
3650 2291 3797 2343 παραι-

2271 2376 2489 2446 συνῆξε,
2517 2375 2614 2426 τοῦ
2643 2371 2904 2426 δεσπότου
2939 2372 3014 2442 μὴ
3064 2371 3447 2439 γινώσκοντος,
3501 2366 3800 2422 ἐκϐαλλέσθω

2269 2470 2366 2537 τῆς
2393 2468 2686 2538 ἐπαρχίας,
2716 2464 2825 2519 τῶν
2858 2465 3023 2518 αὑτοῦ
3075 2466 3420 2536 πραγμάτων
3468 2467 3532 2536 τῇ
3575 2459 3800 2532 ἐκκλησίᾳ

2270 2557 2482 2633 προσκυ
2492 2579 2584 2632 ρου
2593 2561 2790 2630 μένων.

2339 2655 2412 2708 Τὸ
2434 2653 2792 2723 καταλειφθὲν
2821 2653 3054 2723 ληγάτον
3087 2648 3314 2721 Χριστῷ
3347 2651 3424 2720 τῷ
3457 2651 3572 2720 Θεῷ
3613 2647 3797 2719 ἡμῶνή

2269 2744 2534 2814 ἐκκλησία
2570 2742 2853 2796 ἐκδικείτω
2877 2741 2986 2793 τῶν
3030 2742 3235 2806 τόπων,
3275 2743 3335 2794 ἐν
3363 2736 3442 2804 οἷς
3466 2742 3492 2792 ὁ
3517 2739 3802 2808 τελευτήσας

2267 2837 2366 2909 τὴν
2414 2837 2626 2907 οἴκησιν
2679 2831 2843 2904 εἶχεν.
2909 2831 2970 2886 Ei
3029 2835 3086 2888 δέ
3141 2821 3250 2888 τινι
3283 2835 3392 2886 τῶν
3417 2833 3584 2900 ἁγίων
3617 2830 3803 2897 ὀνόματι

2268 2936 2600 3008 κατελείφθη
2637 2935 2894 3007 ληγᾶτον,
2949 2929 3162 2986 πολλῶν
3205 2929 3378 2982 ὄντων
3433 2925 3632 2992 εὐαγῶν
3667 2922 3803 2975 οἴκων

2273 3027 2373 3096 τῆς
2400 3025 2566 3079 αὑτοῦ
2593 3025 2984 3096 προσηγορίας,
3015 3023 3092 3092 τῷ
3153 3017 3464 3088 πενεστέρφ
3511 3009 3714 3103 διδόσθω
3756 3008 3806 3103 τὸ

2273 3116 2528 3184 ληγάτον.
2557 3115 2620 3168 Εἰ
2657 3115 2716 3168 δέ
2751 3114 2940 3184 μηδείς
2967 3115 3116 3164 ἐστιν
3140 3110 3348 3179 εὐαγής
3379 3103 3520 3166 οἶκος
3546 3102 3636 3171 τῆς
3665 3102 3804 3162 αὐτῆς

2269 3207 2634 3279 προσηγορίας
2667 3209 2722 3259 ἐν
2744 3207 2836 3276 ὅλῃ
2867 3208 2929 3273 τῇ
2961 3203 3134 3268 πόλει,
3159 3203 3190 3261 ἢ
3220 3204 3288 3272 τῇ
3319 3197 3683 3269 ὲνορίᾳαῦτῆς,
3706 3191 3732 3260 ἢ
3754 3189 3804 3254 τῇ

2269 3297 2528 3367 ἐπαρχίᾳ,
2558 3298 2592 3365 ἡ
2624 3294 2884 3364 ἐκκλησία
2913 3295 3023 3347 τῶν
3051 3295 3232 3345 τόπων
3260 3291 3468 3344 ἐκδικεῖ
3497 3290 3554 3339 τὸ
3571 3284 3774 3353 ληγάτον
3792 3294 3803 3305 ·

2269 3389 2329 3442 τό
2365 3389 2496 3440 αὐτὸ
2541 3387 2636 3438 καὶ
2675 3388 2766 3438 ἐπὶ
2799 3383 3162 3456 κληρονομίας
3203 3383 3299 3436 καὶ
3334 3382 3526 3451 φίσκου
3561 3375 3742 3447 κρατεῖ.

2351 3569 2412 3622 ’0
2443 3569 2776 3637 κληρονόμος
2835 3562 3200 3632 προσταχθεὶς
3237 3561 3607 3630 οἰκοδομῆσαι,
3639 3553 3682 3606 εί
3729 3550 3810 3620 μὲν

2273 3661 2564 3730 εὖκτήριον
2595 3655 2763 3721 οἶκον,
2797 3657 2930 3709 εἴσω
2962 3658 3289 3717 πενταετίας
3327 3651 3608 3722 πληροῦτω
3643 3649 3696 3700 τὸ
3741 3646 3810 3713 ἕρ-

2271 3764 2395 3814 γον·
2426 3749 2472 3797 εί
2498 3746 2554 3798 δὲ
2585 3745 2927 3812 νοσοκομεῖον
2956 3745 2988 3814 ἢ
3015 3742 3144 3798 ἄλλο
3185 3743 3584 3814 παραπλήσιον,
3613 3737 3678 3806 μὴ
3705 3736 3813 3788 εἵσω

2274 3839 2522 3892 ἐνιαυτοῦ
2547 3838 2807 3907 τελειώσῃ
2842 3837 2940 3908 τὴν
2989 3839 3303 3907 οἰκοδομὴν,
3358 3835 3710 3902 ἀναγκάζεται
3766 3830 3809 3877 ἐν

2272 3933 2348 4002 τῷ
2380 3931 2583 4001 μεταξὺ
2618 3929 2765 3984 οἶκον
2799 3931 3066 4002 ἀγοράσαι
3096 3930 3128 3999 ἢ
3200 3928 3596 3998 μισθώσασθαι,
3640 3924 3721 3976 καὶ
3765 3921 3813 3969 τὸ

2274 4001 2511 4087 εὐσεϐῶς
2537 4023 2874 4093 προσταχθὲν
2908 4001 3104 4093 πέρατι
3130 4022 3337 4076 δοῦναι.
3367 4023 3501 4083 Τοὺς
3522 4019 3577 4070 δὲ
3603 4013 3812 4084 ὀφείλον-

2273 4135 2370 4179 τας
2405 4119 2652 4188 προνοεῖν
2681 4116 2789 4167 τῶν
2819 4114 2998 4167 αὐτῶν
3056 4114 3272 4180 εὐαγῶν
3331 4114 3516 4176 οἴκων,
3567 4108 3693 4162 κατὰ
3733 4101 3812 4172 τὴν

2274 4208 2365 4258 τοῦ
2405 4206 2727 4273 τεστὰτορος
2755 4204 2981 4274 γνώμην
3011 4203 3348 4270 ἐπιλεγέσθω
3412 4205 3440 4254 ὁ
3491 4195 3811 4267 κληρονόμος,

2275 4299 2458 4353 ἄδειαν
2489 4298 2702 4368 ἔχοντος
2736 4297 2827 4350 τοῦ
2855 4298 3152 4349 ἐπισκόπου
3175 4299 3287 4349 τῶν
3313 4297 3498 4350 τόπων
3527 4287 3814 4348 ἐποπτεύειν

2274 4393 2373 4457 τὴν
2393 4391 2572 4445 αὐτῶν
2609 4392 2871 4461 διοίκησιν
2899 4409 2913 4423 ο
2942 4391 3034 4444 καὶ
3071 4391 3162 4444 ἐὰν
3202 4379 3315 4463 [ἴον.
3519 4380 3812 4454 ἐπιτηδείως

600 4470 967 4541 inspiciendi;
1003 4486 1066 4525 ac
1103 4471 1146 4524 si
1193 4471 1410 4539 quidem
1445 4486 1551 4524 non
1608 4469 1834 4523 idoneos
1885 4469 2166 4539 repererit,

2277 4483 2448 4553 εὖροι,
2487 4484 2676 4544 ἄλλους
2705 4481 3111 4552 ἀντικαθιστᾷν.

599 4564 734 4617 alios
771 4579 959 4617 eorum
993 4564 1116 4618 loco
1151 4562 1540 4626 substituendi.

671 4656 800 4719 Qua:
825 4642 1158 4725 pauperibus
1186 4654 1585 4720 distribuenda,
1620 4653 1698 4707 vel
1729 4652 1794 4705 ad
1829 4651 2172 4709 redimendos

599 4746 843 4815 Captivos
895 4748 1079 4800 relicta
1114 4756 1262 4812 sunt,
1315 4746 1468 4815 juxta
1519 4748 1796 4801 testatur-is
1844 4747 2168 4800 voluntatem

599 4839 1070 4894 atlministranzor.
1110 4840 1210 4893 Ubi
1241 4852 1369 4892 vero
1393 4847 1620 4892 testator
1649 4854 1755 4892 non
1798 4851 1984 4906 aperte
2027 4853 2166 4906 prae-

597 4934 760 4998 cepit,
792 4933 976 5000 quales
1009 4947 1272 5001 pauperes
1299 4931 1444 4985 alere
1472 4931 1540 4985 de
1581 4939 1909 4986 testamento
1961 4931 2167 4986 relictis

603 5024 752 5088 velit,
787 5039 908 5076 eum
941 5025 1086 5076 omni
1139 5023 1494 5088 discretione,
1536 5039 1653 5092 qua:
1696 5026 1951 5077 mandata
2002 5034 2168 5087 sunt,

601 5115 910 5184 implentur.
939 5115 1032 5168 Sin
1075 5117 1139 5178 is,
1175 5115 1266 5182 qui
1313 5114 1500 5183 jussus
1533 5124 1616 5169 est
1663 5114 1879 5179 facere,
1916 5117 2082 5170 semel
2118 5125 2172 5170 ct

603 5209 686 5260 his
723 5222 816 5274 per
847 5208 1090 5276 publicas
1129 5222 1390 5276 personas
1441 5209 1755 5262 admonitus
1798 5215 1865 5262 ab
1892 5211 2170 5277 episcopo,

601 5296 812 5352 diﬂ‘erat
841 5297 1094 5352 effectum
1142 5299 1294 5365 dare,
1336 5299 1481 5367 quod
1507 5299 1698 5366 jussus
1726 5310 1829 5363 est,
1895 5301 2008 5367 ipse
2039 5299 2128 5364 qui
2158 5328 2171 5336 -

602 5389 720 5442 dem
762 5388 975 5443 lucrum
1009 5404 1193 5454 omne,
1232 5389 1375 5458 quod
1425 5391 1490 5444 ad
1544 5406 1666 5444 eum
1701 5405 1729 5442 a
1769 5400 2026 5444 testatore
2058 5405 2178 5458 per-

609 5482 841 5545 venerit,
898 5483 1123 5544 amittit,
1187 5497 1374 5534 eorum
1416 5499 1544 5536 vero
1581 5483 1820 5537 locorum
1865 5485 2175 5552 cpiscopus,

605 5575 918 5642 praedictum
956 5576 1166 5628 lucrum
1202 5573 1321 5628 aliis
1351 5588 1473 5627 cum
1518 5575 1680 5629 rebus
1724 5577 1998 5644 accipiens
2024 5615 2037 5639 ,
2074 5577 2180 5630 νοεῖ

2305 4692 2308 4696 ι
2351 4661 2430 4712 Τὰ
2458 4661 2536 4722 είς
2560 4658 2792 4712 διάδοσιν
2816 4647 3116 4732 πενήτωνῆ
3147 4661 3448 4732 ἀνάρρυσιν
3491 4658 3814 4730 αἰχμαλώτων

2279 4749 2706 4818 καταλειφθέντα
2747 4752 2887 4802 κατὰ
2911 4751 3010 4820 τὴν
3056 4751 3148 4802 τοῦ
3196 4751 3574 4820 διατιθεμένου
3626 4747 3816 4800 διοικείο

2279 4841 2489 4893 σθωσαν
2523 4841 2736 4911 βουλήν.
2783 4840 2870 4892 Ἐν
2907 4837 2951 4908 ᾧ
2978 4841 3033 4893 δὲ
3081 4844 3108 4894 ό
3155 4840 3485 4912 [τεστάτωρ]
3546 4838 3616 4910 μὴ
3667 4832 3816 4909 ῥητῶς

2273 4935 2552 5000 ἐπέσκηψε
2582 4934 2768 4996 ποίους
2799 4935 3036 5002 πένητας
3068 4934 3314 5004 βούλεται
3345 4935 3415 4986 τὰ
3465 4927 3817 4996 καταλειφθέν·

2273 5043 2342 5078 τα
2369 5025 2694 5095 μεθοδεύων,
2723 5027 2858 5094 μετὰ
2886 5027 3414 5096 πάσης-διακρίσεως
3447 5024 3720 5094 πληρςύτω
3762 5017 3818 5069 τὰ

2274 5116 2692 5186 διατεταγμένα.
2729 5116 2790 5170 Εί
2821 5117 2896 5181 δὲ,
2944 5118 3255 5180 κελευσθεὶς
3301 5119 3475 5170 ταῦτα
3530 5110 3816 5181 διαπρᾶξαι,

2275 5211 2421 5274 ἅπαξ
2449 5213 2542 5264 καὶ
2567 5212 2647 5274 δὶς
2685 5211 3054 5282 ὑπομνησθεὶς
3088 5215 3235 5282 παρὰ
3280 5211 3373 5264 τοῦ
3428 5211 3710 5263 ἐπισκόπου
3745 5199 3820 5255 διὰ

2273 5301 2548 5369 δημοσίων
2579 5302 2907 5371 προσώπων,
2949 5303 3335 5373 ὑπέρθηταιτὸ
3375 5301 3701 5372 προσταχθὲν
3752 5295 3819 5353 είς

2276 5394 2437 5461 ἐργον
2467 5395 2718 5461 ἀγαγεῖν,
2770 5395 2932 5455 αὐτὸς
2967 5402 3064 5460 μέν
3095 5396 3295 5458 παντὸς
3346 5396 3568 5466 κέρδους
3631 5385 3820 5458 περιελ-

2277 5486 2458 5547 θόντος
2491 5488 2568 5546 εἰς
2600 5487 2762 5538 αὑτὸν
2795 5490 2857 5539 ἐκ
2894 5487 2987 5539 τοῦ
3023 5489 3344 5557 τεστάτορος
3379 5491 3648 5545 ἐκπίπτει,
3700 5484 3724 5533 ό
3773 5477 3818 5527 δὲ

2278 5579 2384 5629 τῶν
2412 5580 2592 5630 τόπων
2621 5579 2916 5640 ἐπίσκοπος
2942 5580 3000 5631 τὸ
3020 5582 3312 5652 εἰρημένον
3344 5581 3532 5651 κέρδος
3568 5579 3696 5646 μετὰ
3745 5571 3820 5622 καὶ

674 5739 808 5808 ΗΓ)
844 5737 1035 5802 Verba,
1070 5753 1144 5792 est
1173 5741 1410 5794 θιῑαηιο-
1433 5744 1674 5806 ccclesia,
1713 5745 1763 5797 in
1797 5747 1914 5812 ipsa
1953 5746 2166 5798 nowlla

2277 5763 2305 5798 n
2341 5752 2748 5816 exprimuntur.
