4066 6388
305 367 430 431 13εῆ

1339 357 1582 421 CUNST
1590 359 1666 418 IT
1676 404 1695 420 .
1733 347 2035 416 ECCLES.
2083 349 2519 410 COLLECTIO.

3423 346 3559 410 1318

297 483 402 534 τῶν
419 479 596 532 ἄλλων
635 476 928 548 λαμϐάνων
959 467 1324 546 πραγμάτων,
1367 473 1463 542 τὴν
1487 471 1715 539 ⁸ἐκείνου
1742 470 1880 538 πλη-

1988 464 2250 516 luutatem
2283 463 2399 530 ejus
2435 461 2699 530 implebit,
2732 461 2967 514 habente
2996 467 3319 530 potestatem
3360 470 3556 516 metro-

298 573 459 644 ρὼσει
491 569 687 642 βουλήν
717 585 731 600 ·
784 569 968 622 ἄδειαν
1033 565 1247 636 ἔχοντος
1297 562 1388 618 τοῦ
1452 563 1868 634 μητροπολίτου,

298 668 389 720 καὶ
419 667 617 729 παντὸς
640 664 855 734 ἐτέρου,
883 661 981 730 τὴν
1001 659 1259 729 τοιαύτην
1289 660 1590 726 ἐπαγαγεῖν
1626 655 1705 724 τῷ
1752 656 1873 707 ἐπι-ι

299 759 488 827 σκόπῳ
509 757 760 826 ζήτησιν,
793 753 878 823 ἐφ’
909 746 954 820 ᾧ
982 749 1250 814 παντοίως
1283 749 1639 820 πληρωθῆναι
1691 747 1758 800 τὰ
1793 747 1877 798 εὐ-

299 849 472 910 σεὸῶς
503 846 729 912 δόξαντα
755 843 832 914 τῷ
865 827 1251 911 τελευτήσαντι
1282 845 1360 904 είς
1404 839 1564 910 ἔργον
1615 838 1873 908 ἀχθῆναι.

369 939 448 992 Τὰ
475 938 728 1006 εὐαγέσιν
751 937 943 1000 οίκοις,
1081 935 1418 1003 ἐκκλησίαις,
1470 932 1504 1002 ἢ
1568 930 1875 1000 συστήμασι

297 1033 729 1103 καταλειφθέντα
757 1033 970 1103 ληγάτα
1003 1032 1135 1084 εἵσω
1159 1030 1344 1101 μηνῶν
1375 1028 1434 1096 ἓξ
1456 1029 1552 1096 τῆς
1577 1025 1876 1095 ἐμφανείας

297 1127 395 1196 τῆς
429 1125 696 1195 διαθήκης
721 1123 1167 1178 καταϐαλλέσθω.
1202 1123 1263 1176 Εί
1290 1121 1347 1174 δέ
1378 1122 1452 1192 μή
1506 1136 1590 1187 γε,
1620 1121 1646 1172 ὁ
1669 1117 1877 1180 τούτοις

301 1219 675 1290 βεϐαρημένος
699 1218 944 1288 καρποὺς
973 1216 1066 1269 καὶ
1112 1215 1304 1279 τόκους
1349 1213 1529 1268 αὐτῶν
1558 1215 1653 1266 καὶ
1704 1215 1877 1264 ἐπαυ-

302 1311 519 1382 ξήματα
545 1310 867 1383 προσδώσει.

371 1495 468 1561 Τὸ)
490 1492 851 1561 καταλειφθὲν
915 1488 1168 1559 εὐαγέσιν
1220 1490 1394 1551 οίκοις
1449 1487 1481 1556 ἢ
1540 1483 1882 1556 συστήμασιν

301 1587 552 1642 ἀννὰλιον
573 1585 809 1654 ληγὰτον
836 1583 1022 1655 μηδενὶ
1041 1582 1318 1652 προσώπῳ
1359 1578 1437 1651 [in
1467 1595 1564 1633 ms.
1589 1577 1736 1630 Just.
1755 1574 1882 1645 τρό-

301 1679 410 1751 πῳ]
435 1679 766 1732 ἐκποιείσθω
790 1693 805 1707 ’
838 1677 981 1748 πλὴν
1017 1678 1064 1730 εί
1099 1675 1175 1747 μὴ
1203 1676 1252 1728 οἱ
1284 1673 1438 1728 τόποι
1466 1674 1564 1725 καὶ
1605 1671 1673 1724 τὰ
1716 1669 1884 1740 βεϐα-

300 1772 516 1842 ρημένα
568 1769 833 1840 πρόσωπα
907 1769 1127 1840 μακρὰν
1174 1767 1511 1834 διεστήκασι.
1569 1759 1881 1832 Τηνικαῦτα

298 1864 408 1934 γὰρ
462 1862 715 1917 δύνανται
751 1865 799 1916 οἱ
835 1863 1023 1916 σεπτοὶ
1053 1859 1193 1914 οἶκοι
1232 1858 1616 1914 ἀνταλλάττειν
1651 1856 1720 1910 τὰ
1765 1871 1881 1908 τοι·

301 1955 441 2010 αὕτα
465 1956 674 2024 ληγάτα
702 1954 760 2005 ἐν
783 1952 1140 2021 πλησιάζουσι
1163 1953 1371 2016 τόποις,
1399 1949 1538 2020 μετὰ
1562 1947 1881 2019 προσθήκης

300 2047 394 2100 τοῦ
426 2045 469 2100 δ’
501 2047 700 2119 μέρους
738 2049 835 2116 τῆς
861 2043 1322 2114 καταλειφθείσης
1367 2043 1591 2112 ἐτησίας
1646 2039 1880 2107 ποσότη-

300 2159 412 2208 τος,
468 2142 501 2211 ἦ
567 2142 731 2193 εἰσέτι
779 2139 879 2209 τῆς
929 2137 1151 2208 ἐτησίας
1189 2137 1497 2208 καταδολῆς
1555 2137 1796 2188 ἐκποιεῖν
1819 2135 1881 2186 τὸ

300 2235 542 2288 τοιοῦτον
575 2223 830 2306 ληγάτον.

371 2331 438 2382 Oi
465 2328 753 2382 ἐπίσκοποι
790 2328 883 2382 καὶ
917 2328 964 2381 οἱ
996 2325 1269 2398 διοικηταὶ
1303 2323 1411 2377 τῶν
1460 2323 1676 2392 εὐαγῶν
1715 2323 1880 2375 οῐκων

298 2438 356 2474 τε
383 2422 484 2475 καὶ
513 2421 878 2492 συστημάτων
906 2422 974 2475 τὰ
1015 2419 1124 2491 πρὸ
1175 2418 1284 2472 τῶν
1327 2418 1650 2484 διοικήσεων
1703 2417 1736 2490 ἢ
1781 2418 1880 2485 τῆς

300 2515 610 2584 ἐπισκοπῆς
645 2513 935 2582 κτηθέντα,
973 2516 1067 2568 καὶ
1085 2515 1185 2567 ὃσα
1218 2515 1274 2566 ἐν
1310 2515 1431 2573 ταῖς
1463 2511 1762 2582 διοικήσεσι
1787 2512 1881 2564 καὶ

299 2607 630 2670 ἐπισκοπαῐς
652 2606 805 2671 ὄντες
833 2609 896 2660 ἐκ
923 2607 1178 2674 τελευτῆς
1205 2604 1530 2669 διεδέξαντο,
1578 2602 1686 2654 τῶν
1719 2603 1880 2673 μέχρι

301 2699 409 2772 Ῐῖσ.
445 2698 514 2772 δ’]
538 2699 747 2771 βαθμοῦ
783 2699 1080 2768 συγγενῶν,
1125 2692 1206 2760 οἷς
1237 2696 1516 2766 βούλονται
1566 2697 1879 2765 παρεχέτω-

301 2811 418 2850 σαν.
451 2795 534 2848 Td
573 2795 629 2847 δέ
649 2795 818 2866 χωρὶς
839 2793 1046 2846 τούτων
1070 2789 1358 2862 κτηθέντα,
1385 2789 1492 2841 εἴτε
1536 2789 1598 2840 ἐκ
1629 2788 1882 2859 διαδοχῆς

301 2887 606 2957 συγγενῶν,
647 2887 680 2956 ἦ
712 2887 834 2940 καθ’
863 2887 1050 2956 ἕτερον
1078 2886 1299 2956 τρόπον,
1329 2887 1385 2939 αί
1420 2884 1539 2938 κατ’
1563 2882 1759 2946 αὐτοὺς
1787 2884 1878 2934 ἐκ·

302 2975 528 3047 κλησίαι
559 2975 1014 3046 διαδεχέσθωσαν.
1041 2976 1307 3029 Δύνανται
1349 2975 1407 3029 δέ
1464 2978 1544 3039 είς
1600 2971 1882 3045 αἰχμαλώ-

298 3087 401 3123 των
427 3070 888 3142 ἀνάρρυσιν,ικα“ι
927 3068 1159 3139 πτωχῶν
1200 3069 1428 3139 τροφὰς,
1468 3067 1560 3122 καὶ
1595 3067 1676 3129 είς
1714 3063 1881 3128 ἄλλας

1977 555 2245 624 politano,
2274 563 2327 608 et
2357 553 2462 607 alio
2492 554 2687 622 quovis
2746 552 3013 620 ejusmodi
3047 551 3404 622 quaestionem
3442 553 3560 621 epi-

1979 659 2150 714 scopo
2191 645 2468 709 movendi,
2499 655 2557 699 ut
2589 645 2814 700 omnino
2847 646 2933 716 pie
2973 645 3208 700 decretis
3237 658 3265 697 a
3293 643 3557 708 defuncto

1980 733 2233 789 satisﬁat.

2052 917 2184 984 Quae
2219 916 2491 987 religiosis
2523 917 2802 984 domibus,
2840 927 2935 972 aut
2975 918 3242 983 ecclesiis,
3278 929 3370 972 aut
3396 919 3560 972 colle-

1980 1010 2082 1081 giis
2110 1049 2125 1072 ,
2159 1009 2346 1064 relicta
2391 1017 2517 1062 sunt
2543 1009 2740 1079 legata,
2773 1012 2869 1064 se‘x
2900 1009 3040 1062 intra
3073 1025 3286 1064 menses
3321 1025 3351 1064 a
3389 1009 3556 1079 publi.

1982 1101 2200 1157 catione
2251 1101 2560 1156 tabularum
2597 1103 2908 1157 testamenti
2946 1102 3255 1158 solvuntor.
3304 1100 3358 1154 Id
3397 1102 3443 1154 si
3481 1101 3563 1154 l'a-

1981 1206 2130 1250 ctum
2162 1212 2268 1249 non
2303 1195 2490 1260 luerit,
2513 1196 2560 1249 is
2583 1195 2677 1266 qui
2713 1203 2972 1264 gravatus
3003 1205 3089 1249 est
3125 1194 3189 1248 iis
3215 1195 3563 1264 prastandis,

1982 1289 2144 1343 etiam
2181 1297 2443 1358 praeterea
2483 1288 2718 1353 fructus,
2755 1295 2810 1343 et
2845 1279 3286 1352 usurascorum,
3326 1302 3450 1342 cum
3482 1303 3559 1340 ac-

1987 1383 2356 1447 cessionibus,
2400 1383 2596 1436 solvet.

2056 1472 2212 1540 Quod
2253 1473 2502 1527 relictum
2535 1481 2618 1528 est
2651 1473 2924 1540 religiosis
2952 1472 3229 1533 domibus,
3263 1483 3354 1526 aut
3393 1472 3564 1527 colle-

1985 1565 2090 1634 giis
2130 1566 2364 1632 legatum
2429 1579 2711 1627 annuum,
2747 1565 2892 1618 nullo
2925 1566 3087 1619 modo
3119 1564 3382 1617 alienator
3420 1603 3436 1627 ,
3467 1579 3567 1615 ert-

1985 1669 2235 1728 traquam
2275 1659 2318 1712 si
2353 1658 2492 1722 lora,
2524 1672 2876 1727 personaeque
2905 1665 3140 1726 gravatae
3173 1656 3332 1724 longo
3363 1655 3568 1709 distent

1985 1753 2295 1808 intervallo.
2325 1750 2481 1806 Tunc
2529 1751 2672 1804 enim
2711 1759 2942 1819 possunt
2977 1748 3314 1803 venerabiles
3362 1747 3563 1802 domus

1983 1845 2250 1916 ejusmodi
2301 1845 2470 1913 legata
2525 1855 2840 1914 permutare
2895 1843 3091 1896 vicinis
3129 1841 3182 1894 in
3235 1841 3390 1906 locis,
3435 1855 3556 1892 cum

1983 1939 2299 1993 accessione
2328 1949 2536 2006 quartae
2603 1936 2775 2006 partis
2808 1935 3012 1988 rclictaz
3044 1948 3241 1987 annua:
3290 1932 3570 2002 quantita-

1984 2033 2073 2096 tis,
2103 2040 2197 2084 aut
2237 2030 2482 2083 eamdum
2535 2043 2646 2081 rem
2685 2027 2918 2095 legatam
2967 2025 3205 2092 vendere
3239 2039 3335 2093 pro
3386 2037 3569 2077 annuo

1983 2123 2186 2194 pretio,
2216 2122 2362 2190 quod
2401 2121 2560 2176 annis
2593 2120 2661 2173 55
2700 2125 3040 2172 numeratur.

2057 2327 2308 2397 Episcopi
2341 2335 2396 2380 et
2435 2323 2915 2379 administratores
2949 2321 3348 2378 venerabilium
3377 2321 3570 2378 domo-

1983 2434 2104 2474 rum
2133 2429 2185 2473 et
2215 2417 2589 2487 collegiorum,
2617 2426 2744 2470 ante
2777 2415 3310 2476 administrationes,
3339 2423 3432 2470 aut
3451 2417 3568 2484 epi-

1986 2520 2271 2580 scopatum
2303 2509 2594 2580 acquisita,
2619 2525 2744 2564 cum
2777 2509 2864 2572 iis,
2891 2523 3010 2578 quae
3039 2507 3367 2562 durantibus
3394 2507 3566 2562 admi-

1982 2605 2398 2662 nistrationibus
2428 2611 2482 2658 et
2502 2604 2846 2672 episcopatu,
2873 2617 2940 2656 ex
2967 2609 3326 2669 cognatorum
3355 2601 3565 2658 ultimis

1981 2698 2352 2753 voluntatibus
2381 2697 2448 2752 ad
2478 2705 2731 2767 quartum
2752 2711 2922 2765 usque
2953 2694 3180 2765 gradum
3211 2693 3321 2763 (12)
3338 2709 3573 2769 accepe-

1984 2799 2115 2845 runt
2143 2831 2157 2855 ,
2189 2790 2494 2845 concedant
2525 2789 2614 2854 iis,
2646 2789 2844 2858 quibus
2868 2787 3078 2842 volunt.
3101 2787 3234 2852 Quae
3257 2801 3386 2840 vero
3415 2793 3570 2840 extra

1984 2883 2098 2938 haec
2131 2883 2397 2952 acquisita
2439 2880 2662 2945 fuerint,
2695 2880 2809 2935 sive
2838 2895 2901 2934 ex
2936 2887 3292 2948 cognatorum
3340 2891 3570 2932 succes-

1985 2975 2158 3038 sione,
2179 2975 2262 3029 vel
2293 2975 2402 3029 alio
2430 2973 2615 3042 aliquo
2649 2973 2835 3032 modo.
2867 2971 2918 3024 in
2952 2970 3018 3024 iis
3051 2971 3291 3039 ipsorum
3327 2967 3573 3022 ecclesiae

1986 3068 2306 3123 succedent.
2351 3067 2589 3123 Possunt
2637 3077 2820 3120 autem
2873 3064 2986 3117 haec
3027 3063 3080 3115 in
3137 3060 3568 3130 redemptionem

299 3164 550 3225 εὐσεϐεῖς
585 3163 760 3226 αἰτίας
792 3161 966 3216 ταῦτα
991 3163 1256 3234 δαπανᾷν,
1289 3161 1492 3215 τούτων
1538 3160 1880 3230 κρατούντων

1990 3161 2354 3230 captivorum,
2387 3167 2440 3212 et
2491 3159 2746 3213 alimenta
2799 3170 3099 3226 pauperum
3122 3195 3135 3217 ,
3177 3154 3422 3222 aliasque
3451 3151 3570 3221 pias

299 3255 393 3308 καὶ
421 3257 526 3308 ἐπὶ
549 3255 884 3324 νοσοκόμων,
917 3256 1012 3307 καὶ
1050 3255 1494 3325 όρφανοτρόφων,
1539 3256 1635 3306 καὶ
1683 3252 1886 3305 λοιπῶν

297 3347 596 3401 διοικητῶν
627 3346 722 3399 καὶ
745 3348 958 3416 εὑαγῶν
991 3347 1180 3401 οἴκων.

367 3531 489 3591 Τὰς
519 3529 626 3582 τῶν
649 3528 947 3599 ἀδιαδόχων
972 3530 1066 3583 καὶ
1087 3499 1386 3584 ἀδιαθέτων
1451 3531 1764 3584 ἐπισκόπων
1795 3531 1888 3582 καὶ

301 3616 585 3689 κληρικῶν
618 3618 712 3670 καὶ
732 3617 934 3670 λοιπῶν
967 3618 1269 3689 ίερωμένας
1305 3620 1627 3691 περιουσίας
1660 3621 1715 3672 αἱ
1767 3619 1887 3672 κατ’

303 3709 501 3774 αὐτοὺς
540 3709 827 3778 ἐκκλησίαι
867 3709 1392 3782 κληρονομείτωσαν.

374 3895 580 3967 Μηδεὶς
613 3893 816 3965 εὐαγής
841 3889 989 3957 οἶκος
1025 3894 1280 3949 ἐκδιδότω
1324 3895 1588 3967 αἱρετικῷ
1632 3897 1887 3968 ἀκίνητον

306 3988 523 4058 κτῆσιν,
564 3987 663 4049 τὰς
692 3986 1058 4057 διωρισμένας
1081 3987 1159 4056 τῷ
1180 3988 1329 4057 νόμῳ
1357 3988 1548 4050 ποινὰς
1604 3986 1744 4057 μετὰ
1791 3986 1886 4040 τοῦ

307 4079 665 4150 ἐμϐάλλοντος
691 4077 1176 4148 ὑποστελλόμενος.
1206 4078 1374 4148 Λέγει
1407 4079 1462 4132 δὲ
1505 4080 1586 4133 ὄτι
1617 4081 1644 4132 ὁ
1675 4080 1773 4150 μὲν
1800 4081 1885 4133 αί-

309 4170 544 4239 ρετικδς,
578 4169 629 4220 εί
670 4185 723 4220 τι
749 4167 999 4236 δέδωκεν,
1030 4169 1325 4222 ἀπόλλυσιν
1362 4186 1376 4201 ο
1403 4172 1429 4222 ό
1454 4169 1510 4222 δὲ
1546 4169 1737 4234 ἐκδοὺς
1779 4171 1887 4224 πάο

310 4278 406 4328 σης
464 4264 808 4317 ἀποκινεῖται
854 4261 1196 4332 διοικήσεως,
1244 4261 1338 4316 καὶ
1391 4262 1470 4324 εἷς
1521 4265 1888 4333 μοναστῆριον

307 4355 660 4423 ἐμϐάλλεται,
696 4354 789 4406 καὶ
815 4353 906 4407 ἐπὶ
953 4348 1200 4408 ἐνιαυτὸν
1237 4355 1336 4423 τῆς
1395 4353 1554 4420 ἁγίας
1602 4354 1886 4418 κοινωνίας

311 4449 604 4518 χωρίζεται
641 4463 656 4478 ο
690 4446 751 4500 τὸ
781 4446 836 4500 δέ
867 4448 1102 4518 πρᾶγμα
1131 4447 1206 4517 τῷ
1264 4447 1453 4517 εὐαγεῖ
1495 4446 1629 4516 οἴκῳ
1681 4447 1888 4502 ἀποκας

309 4543 336 4595 θ
347 4545 578 4597 ίσταται.

380 4636 454 4688 Τὸ
479 4633 773 4704 ἐκποιηθέν
812 4632 916 4686 ὑπὸ
941 4631 1037 4684 τοῦ
1082 4631 1360 4700 όρθοδόξου
1393 4633 1594 4703 χωρίον
1625 4633 1888 4704 Ἰουδαίῳ,

309 4727 342 4796 ἢ
373 4725 709 4796 Σαμαρείτῃ,
742 4724 774 4794 ἢ
807 4725 1187 4793 Μωντανιστῇ.
1227 4723 1262 4793 ἢ
1300 4723 1444 4794 ἄλλῳ
1500 4724 1884 4795 αίρετικῷ,“ἐκ·

308 4816 495 4870 διδότω
526 4817 636 4889 [ῖσ.
673 4813 979 4885 ἐκδικείτω]
1018 4817 1095 4876 είς
1127 4814 1260 4866 ίδίαν
1286 4815 1602 4868 δεσποτείαν
1632 4817 1676 4887 ἰή
1705 4821 1761 4870 ἐν
1789 4818 1887 4870 αὐ-

307 4911 386 4979 τῷ
415 4911 730 4980 διακειμένη
763 4905 1038 4977 ὀρθόδοξος
1073 4906 1357 4976 ἐκκλησία.

379 5005 520 5068 Τοὺς
540 5003 859 5064 κτισθέντας
899 5002 1002 5054 ὑπὸ
1026 5000 1132 5052 τῶν
1159 4998 1447 5068 αἱρετικῶν
1481 5000 1638 5064 ναοὺς
1676 5001 1768 5055 καὶ
1790 5001 1888 5065 τὰς

310 5094 414 5148 ὑπὸ
452 5097 718 5150 Ἰουδαίων
741 5093 1185 5164 οἱκοδομηθείσας
1211 5093 1530 5162 συναγωγὰς
1577 5096 1770 5160 καινὰς
1831 5099 1886 5151 ai

309 5187 544 5243 ἐντόπιοι
569 5188 850 5257 ἐκκλησίαι
867 5186 1326 5240 διεκδικείτωσαν.
1349 5213 1352 5218 -

391 5279 450 5332 Ὀ
473 5282 530 5332 ἐν
560 5279 760 5348 είδήσει
784 5277 974 5340 ἐκδοὺς
995 5276 1256 5346 αἱρετικῷ
1296 5277 1433 5330 ίδίαν
1481 5278 1672 5347 κτῆσιν
1728 5282 1889 5333 ἐκπιο

308 5371 487 5425 πτέτω
509 5372 616 5424 τῶν
645 5370 939 5441 προσόδων,
975 5367 1076 5438 τῆς
1131 5368 1423 5440 ἐκκλησίας
1471 5369 1642 5423 ταῦτα
1695 5371 1888 5426 διεκδι-

1989 3267 2182 3307 causas
2213 3253 2545 3320 expendere,
2580 3250 2771 3304 iisdem
2828 3249 3004 3302 locum
3041 3247 3367 3300 habentibus
3399 3245 3568 3300 etiam

1992 3346 2042 3398 in
2079 3343 2405 3400 nosocomiis
2446 3352 2499 3398 et
2534 3339 3016 3412 orphauotrophiis
3041 3381 3056 3405 ,
3090 3347 3146 3392 et
3183 3337 3304 3392 aliis
3354 3335 3574 3407 religio.

1989 3453 2177 3493 sarum
2208 3436 2468 3490 domuum
2501 3434 3061 3489 administratoribus.

2061 3529 2164 3596 Qui
2209 3545 2315 3583 non
2371 3527 2570 3582 habent
2623 3526 2900 3588 bmredes,
2945 3533 3039 3578 aut
3086 3523 3294 3594 absque
3341 3522 3568 3578 condito

1994 3628 2325 3677 testamento
2371 3621 2675 3686 decedunt,
2725 3617 2990 3689 episc0pi,
3022 3623 3075 3671 et
3106 3615 3314 3682 clerici,
3349 3625 3403 3670 et
3437 3615 3566 3668 reli-

1997 3714 2089 3783 qui
2125 3712 2446 3768 sacerdotes
2471 3752 2485 3775 ,
2519 3711 2573 3764 in
2603 3725 2792 3765 eorum
2829 3709 3178 3764 facultatibus
3205 3708 3448 3778 ipsorum
3483 3724 3571 3765 ec-

1989 3806 2167 3862 clesia:
2196 3803 2516 3861 succedant.

2066 3899 2223 3954 Nulla
2280 3900 2534 3968 religiosa
2593 3896 2791 3950 domus
2849 3896 3109 3949 hazretico
3165 3891 3569 3964 possessionem

1989 3993 2323 4050 immobilem
2358 3992 2525 4054 locet,
2558 3997 2725 4058 atque
2756 3989 2812 4042 in
2841 3989 2944 4043 hoc
2974 3995 3215 4043 statutas
3241 4001 3270 4039 a
3303 3987 3421 4057 lege
3455 3998 3569 4052 pte-

1990 4067 2230 4143 nasuuna
2281 4098 2405 4138 cum
2438 4082 2775 4137 conductore
2810 4087 3032 4134 metuat.
3069 4077 3182 4133 Hoc
3225 4078 3406 4134 dicere
3459 4077 3570 4131 vnit

1937 4227 1940 4230 .
1987 4177 2336 4241 constitutio,
2367 4176 2705 4236 haereticum,
2743 4175 2786 4227 si
2830 4173 2960 4242 quid
2995 4171 3232 4237 dederit,
3270 4171 3563 4234 antittere;

1991 4275 2259 4327 locantem
2305 4277 2437 4324 vero
2489 4268 2556 4321 ab
2595 4264 2744 4321 omni
2771 4263 3246 4318 administratione
3277 4263 3572 4336 removeri,

1989 4375 2042 4421 et
2073 4366 2125 4417 in
2157 4361 2548 4416 monasterium
2584 4358 2744 4421 mitti,
2780 4365 2835 4411 et
2867 4356 2932 4409 ad
2970 4357 3098 4410 anni
3141 4357 3374 4424 spatium
3415 4369 3444 4408 a
3481 4370 3573 4411 sa-

2002 4463 2292 4512 crosancta
2354 4449 2739 4507 communione
2775 4447 3084 4518 segregari;
3120 4461 3234 4500 rem
3266 4447 3438 4516 ipsam
3476 4445 3571 4499 dc-

1992 4552 2154 4620 nique
2182 4547 2369 4602 domui
2403 4543 2668 4614 religiosa:
2700 4541 2936 4596 restitui.

2049 4641 2370 4694 Alienatum
2409 4637 2477 4690 ab
2535 4634 2842 4689 orthodoxo
2875 4631 3100 4685 fundum
3133 4629 3434 4694 Judazo,rel
3463 4631 3568 4685 Sa-

1993 4733 2227 4793 maritae,
2261 4730 2340 4782 vel
2375 4726 2741 4784 Montanistze.
2777 4725 2857 4779 vel
2888 4724 3043 4777 alteri
3079 4724 3354 4784 haeretica,
3390 4725 3564 4776 vindi-

1991 4833 2080 4878 cet
2108 4825 2161 4875 in
2217 4818 2603 4890 proprietatem
2641 4830 2795 4869 suam
2827 4813 3130 4869 orthodoxa
3162 4813 3412 4874 ecclesia,
3446 4828 3567 4881 qua:

1998 4913 2051 4965 in
2088 4912 2183 4965 illo
2217 4909 2388 4964 fundo
2423 4909 2525 4961 sita
2563 4916 2665 4959 est.

2062 5002 2283 5070 Templa
2313 5001 2379 5054 ab
2415 4998 2682 5053 haereticis
2735 5006 3038 5057 exstructa.
3080 5011 3360 5067 novasque
3401 5011 3564 5065 syna-

1989 5083 2159 5164 gogas
2191 5109 2220 5146 a
2248 5092 2449 5147 Jndzeis
2477 5091 2796 5156 tediticatas,
2834 5092 3078 5162 ipsorum
3115 5094 3360 5149 locorum
3389 5093 3566 5147 eccle-

1985 5185 2078 5239 siae
2104 5184 2206 5239 sibi
2246 5185 2542 5237 vindicent.

2057 5278 2157 5343 Qui
2188 5277 2368 5332 sciens
2397 5275 2654 5331 haeretico
2682 5277 2943 5345 praedium
2976 5292 3136 5332 suum
3170 5276 3445 5338 locaverit,
3475 5289 3560 5330 re-

1995 5371 2142 5426 ditus
2169 5370 2405 5436 amittat,
2445 5369 2758 5424 vindieattte
2793 5372 2891 5424 hos
2926 5371 3160 5424 ecclesia
3216 5381 3268 5424 et
3309 5369 3565 5424 haeretica

1492 5484 1822 5549 Annibalis
1855 5489 2105 5552 Fabroti
2145 5498 2332 5551 notae.

379 5611 492 5680 (12)
547 5613 632 5666 Διί
689 5622 943 5684 quartum
995 5612 1241 5680 gradum.
1274 5611 1347 5667 Ex
1408 5613 1444 5666 I.
1500 5613 1563 5666 Η
1626 5631 1748 5684 sup.
1797 5616 1872 5670 De

300 5685 461 5754 episc.
492 5691 542 5736 et
571 5683 752 5737 cleric.
785 5683 1058 5751 Episcopi.
1122 5685 1173 5754 si_
1203 5700 1324 5752 qua:
1369 5693 1494 5754 post
1553 5686 1869 5740 rh-ctionem

304 5753 688 5820 acquisierint,
716 5756 768 5807 in
799 5756 964 5806 alium
997 5752 1298 5807 transferre
1322 5752 1426 5806 non
1463 5769 1718 5820 pnssunt,
1766 5758 1866 5810 nisi

304 5825 347 5877 si
403 5839 522 5892 qnzr
551 5825 633 5878 eis
668 5825 987 5878 obvenerint
1020 5837 1047 5875 ε
1079 5826 1422 5892 parentibus,
1463 5827 1726 5881 fratribus
1769 5839 1860 5881 aut

1983 5618 2214 5686 patruis.
2273 5617 2350 5671 Ex
2403 5615 2622 5672 Novella
2684 5630 2818 5669 vero
2873 5629 3061 5675 exul,
3107 5629 3176 5686 _c.
3233 5614 3316 5674 15,
3370 5615 3563 5668 dehis

1985 5684 2155 5742 libere
2223 5697 2467 5742 statuere
2510 5687 2834 5742 conceditur
2881 5701 3004 5753 quae
3054 5684 3120 5737 ad
3167 5699 3261 5738 (‘05
3301 5700 3561 5752 pervene-

1985 5768 2111 5812 runt
2143 5759 2269 5824 jure
2311 5759 2655 5828 mgnatiOnis
2688 5772 2862 5826 usque
2891 5756 2957 5810 ad
2983 5765 3235 5826 quartum
3288 5757 3513 5823 gradum
3545 5773 3560 5818 ;

1982 5838 2176 5883 celera
2212 5841 2500 5885 servantur
2533 5828 2812 5884 Ecclesize.
