4066 6406
393 328 532 398 1325

1452 332 1802 393 ans'n'r.
1840 315 2136 391 seems.
2163 314 2608 390 COLLECTIO.

3523 330 3657 393 13’26

400 451 652 506 Ἰουστιν.
702 452 763 504 τὸ
817 449 907 520 ιβ’,
965 450 1105 521 μετά
1162 448 1261 519 τήν
1313 451 1582 504 ὑπατείαν
1647 448 1967 520 Βελισαρίου

2075 464 2219 504 anno
2273 448 2597 509 undecimo,
2655 438 2777 515 post
2824 441 3173 498 consulatum
3224 440 3513 506 Belisarii,
3566 460 3652 498 sc-

386 545 446 593 τδ
476 541 543 611 γ’.

870 636 982 691 Kal
1008 636 1126 692 ὅσα
1149 636 1505 705 παρὰτιτλα.

457 728 578 783 Τίτ.
616 735 664 781 α’
732 729 874 783 διάτ.
910 727 981 782 α’.
1014 730 1298 800 Χρήματα
1352 730 1448 781 ἐπί
1482 727 1787 799 χειροτονίᾳ
1833 725 1972 779 διδό-

392 839 530 890 μενα
552 823 584 892 ἢ
609 820 1065 891 ἐπαγγελλόμενα
1092 822 1212 883 ταῖς
1250 822 1573 891 ἐκκλησίαις
1624 814 1971 888 προσκυροῦ-

389 911 503 965 σθω
525 912 671 965 κατά
704 912 797 966 τὸν
822 911 994 965 τύπον
1016 911 1336 977 διατάξεως.

462 1003 545 1056 Τὰ
577 1004 883 1073 πράγματα
912 1003 1013 1074 τῆς
1048 1003 1376 1074 φθαρείσης,
1408 1003 1441 1074 ἢ
1469 1002 1818 1074 γαμηθείσης
1846 1002 1968 1055 δια-

389 1096 570 1160 κόνου,
603 1096 636 1166 ἢ
665 1097 744 1159 είς
774 1095 963 1164 ἕτερον
989 1095 1405 1166 μεταδαλούσης
1462 1094 1608 1165 βίον,-
1635 1096 1668 1164 ή
1699 1094 1971 1165 ἐκκλησία

387 1187 422 1259 ἦ
450 1187 510 1243 τὸ
561 1184 685 1240 κατ’
717 1185 887 1255 αὐτὴν
916 1184 1221 1251 διαδέξεται
1264 1188 1649 1257 μοναστήριον.

458 1364 614 1418 Διάτ.
641 1363 706 1435 β’.
742 1364 866 1418 Ὅτι
898 1364 1004 1435 χρὴ
1023 1366 1143 1428 ταῖς
1169 1365 1493 1434 ἐκκλησίαις
1522 1366 1969 1437 προσκυροῦσθαι

384 1460 457 1512 τὰ
485 1456 627 1529 ὑπὲρ
656 1459 995 1529 χειροτονίας
1030 1460 1183 1531 παρὰ
1206 1459 1300 1513 τὸν
1333 1460 1507 1519 τόπον
1544 1463 1642 1531 τῆς
1674 1462 1972 1528 διατάξεως

385 1550 658 1620 διδόμενα.

461 1641 543 1697 Τὰ
571 1640 664 1695 τοῦ
731 1641 1037 1696 ἐπισκόπου
1081 1645 1385 1714 πράγματα
1435 1645 1530 1700 τοῦ
1594 1646 1891 1716 μισθώσεις
1937 1649 1969 1720 ἢ

387 1735 758 1806 ἐμφυτεύσεις
794 1736 1073 1808 ἀκινήτων
1104 1738 1584 1808 ἐκκλησιαστικῶν
1619 1741 1971 1811 πραγμάτων

390 1827 963 1892 καταπιστεύσαντος.
998 1828 1305 1903 διοικηταῖς
1354 1829 1388 1901 ἢ
1430 1832 1854 1902 χαρτουλαρῐοις
1871 1832 1969 1901 τῆς

392 1920 516 1975 κατ’
576 1922 760 1974 αὐτῶν
810 1921 1127 1990 ἁγιωτάτης
1185 1923 1506 1991 ἐκκλησίας,
1557 1924 1590 1995 ἢ
1649 1926 1969 1992 συγγενέσιν

386 2012 590 2080 αὐτῶν,
641 2012 676 2083 ἢ
729 2012 1068 2084 ἁγχιστεῠσι,
1114 2016 1181 2086 τῇ
1234 2015 1501 2086 ἐκκλησίᾳ
1573 1996 1971 2089 προσκυρώθή-

390 2122 600 2161 σονται.
1770 2156 1780 2167 ,

460 2199 543 2252 Τὰ
573 2199 714 2270 ὑπὲρ
746 2199 1053 2269 προσϐολῆς
1100 2199 1337 2267 εὐαγοῧς
1391 2200 1802 2270 φροντίσματος
1828 2199 1972 2254 διδό-

393 2309 531 2363 μενα
558 2294 586 2347 ὁ
611 2294 804 2346 τούτου
828 2294 1115 2359 δεσπόζων
1139 2294 1343 2363 εὐαγής
1361 2293 1646 2347 ἐκδικείτω
1661 2290 1807 2357 οἶκος
1831 2293 1971 2362 μετὰ

391 2381 503 2455 [ἵσ.
551 2383 717 2456 κατὰ]
740 2383 830 2437 τὸν
860 2383 1032 2438 τύπον
1057 2386 1158 2455 τῆς
1191 2383 1515 2449 διατάξεως.

465 2558 723 2630 Ὅτιχρὴ
779 2560 907 2622 τοὺς
948 2559 1342 2629 διοικήσαντας
1405 2557 1471 2611 τὰ
1539 2554 1968 2628 ἐκκλησιαστικὰ

391 2653 697 2725 πράγματα
730 2643 1088 2706 ἀπαιτεῖσθαι
1127 2654 1229 2705 ὅσα
1262 2651 1330 2705 ἂν
1370 2651 1571 2713 αὐτοὺς
1604 2649 1910 2717 λογοθετῶν
1941 2649 1969 2702 ὁ

390 2746 693 2804 ἐπίσκοπος
712 2745 953 2811 είθύνει,
994 2746 1095 2816 τῆς
1122 2745 1476 2815 ἀπαιτήσεως
1529 2743 1625 2796 καὶ
1652 2745 1733 2807 εἰς
1770 2742 1969 2813 κλήρο-

389 2838 588 2908 νόμους
618 2838 1033 2909 δια6αινούσης.
1135 2834 1151 2843 ’

458 2930 582 3001 Χρὴ
608 2929 677 2983 τὰ
698 2931 999 2999 πράγματα
1030 2929 1129 2999 τῆς
1152 2927 1499 2995 διακονίσσής
1520 2927 1616 2996 τῆς
1652 2926 1807 2996 ἀνδρὶ
1838 2943 1965 2979 συν-

388 3022 647 3093 οικούσης
708 3022 944 3092 ὑποψίαν
974 3021 1251 3089 είσάγοντι
1288 3021 1538 3089 πονηρὰν
1569 3019 1712 3088 μετὰ
1754 3034 1969 3087 παραγ-

388 3115 576 3183 γελίαν
606 3117 724 3175 ταῖς
755 3113 1076 3185 ἐκκλησίαις
1110 3109 1563 3183 προσκυροῦσθαι
1597 3110 1738 3164 κατὰ
1753 3110 1845 3164 τὸν
1878 3109 1971 3162 τύ-

391 3225 493 3261 πον
537 3206 638 3277 τῆς
672 3205 994 3270 διατάξεως.

456 3301 601 3352 Πότε
633 3301 704 3352 τὰ
734 3299 1044 3368 πράγματα
1071 3296 1142 3351 τὰ
1177 3296 1284 3350 ὑπὸ
1311 3297 1527 3365 αἵρεσιν
1561 3297 1746 3367 γάμου
1783 3297 1816 3367 ἦ
1845 3313 1973 3348 παι-

302 3404 307 3408 ’
387 3392 633 3454 δοποιίας
675 3389 1110 3459 καταλειφθέντα
1144 3389 1430 3462 κληρικοίς
1465 3390 1498 3459 ἢ
1560 3395 1820 3461 μοναχυίς
1851 3391 1971 3455 ταῖς

389 3484 717 3555 ἐκκλησίαις
743 3481 1181 3555 προσκυροῦται,
1206 3483 1376 3552 φησιν
1416 3482 1449 3551 ή
1479 3482 1751 3547 διάταξις.

463 3658 545 3713 Τὰ
600 3660 905 3730 πράγματα
962 3657 1071 3713 τῶν
1137 3658 1508 3728 ἁρπασάντων
1562 3658 1899 3730 μονάστριαν

387 3750 780 3804 διακόνισςσαν
808 3750 843 3822 ἣ
873 3750 1042 3820 ἄλλην
1086 3749 1292 3820 εὐλαϐῆ
1320 3752 1559 3816 γυναῖκα
1590 3752 1702 3813 τοῖς
1729 3753 1851 3805 κατ’
1877 3751 1974 3803 αὐ-

386 3845 484 3908 τὰς
514 3845 765 3911 εὐαγέσιν
800 3845 971 3907 οἴκοις
1000 3841 1471 3915 προσκυροῦσθαι.

463 3936 582 3990 Τίτ.
610 3936 689 4007 τῷ
719 3936 898 4007 αὐτῷ,
947 3934 1197 4000 διάταξις
1250 3931 1317 3999 ζ’.
1347 3934 1472 3988 Ὀτι
1529 3933 1705 3996 οὐδεὶς
1748 3934 1972 3989 δύναται

388 4031 681 4100 εὐκτήριον
714 4026 866 4084 οἷκον
931 4029 1167 4097 κτίζειν⁹
1202 4029 1251 4081 εί
1278 4029 1354 4098 μὴ
1381 4025 1581 4099 γνώμῃ
1624 4027 1719 4080 τοῦ
1750 4029 1973 4082 ἐπισκό-

391 4141 493 4177 που
527 4124 604 4194 τῷ
640 4121 754 4193 [im
786 4120 877 4195 rd}
907 4121 1036 4192 περὶ
1052 4120 1149 4192 τὴν
1178 4120 1503 4191 ἐπιμέλειαν
1528 4121 1624 4175 καὶ
1639 4120 1971 4192 λυχνοκαΐαν

388 4214 577 4282 αὑτοῦ,
610 4216 705 4268 καὶ
730 4216 974 4284 σιτήσεις
996 4214 1105 4267 τῶν
1130 4213 1437 4283 μελλόντων
1463 4214 1521 4265 ἐν
1541 4212 1691 4284 αὐτῷ
1723 4212 1779 4267 λε
1790 4231 1971 4287 ιτουρ-

388 4312 508 4374 γεῖν
538 4308 681 4361 κατὰ
712 4307 814 4378 τὴν
853 4306 1029 4379 ίδικὴν
1050 4306 1262 4376 δωρεὰν
1285 4307 1560 4377 ἀφορίσει.

1999 1794 2047 1854 Β

2073 544 2273 601 eundo.
3087 614 3093 623 ⁸

2566 633 2732 691 Tituli
2760 632 2818 688 ΙΙ
2856 632 3150 688 Paratitla.

2146 730 2318 786 Tituli
2356 730 2410 796 l,
2440 727 2836 785 constitutione
2872 725 2923 779 l.
2958 723 3233 791 Pecuniae,
3269 739 3392 794 qua:
3436 724 3659 778 ordina-

2072 825 2244 881 tionis
2286 823 2509 878 nomine
2555 819 2776 885 dantur,
2802 816 3053 873 ccclesiis
3077 816 3382 872 secundum
3410 817 3653 871 sanctio-

2073 930 2199 972 nem
2233 914 2644 971 constitutionis
2674 912 3028 968 addicuntur.

2146 1007 2254 1063 Res
2305 1014 2603 1076 stupratae,
2663 1002 2745 1058 vel
2802 1009 2990 1071 nupta!
3044 1001 3395 1062 diaconissaa.
3445 1001 3530 1056 vel
3587 1000 3654 1053 ad

2074 1098 2237 1154 aliam
2296 1096 2460 1151 vitam
2531 1104 2627 1149 aut
2679 1093 2972 1149 ecclesiam
3035 1091 3375 1147 transeuntis
3408 1131 3424 1156 ,
3478 1090 3657 1161 ipsius

2072 1187 2309 1244 ecclesia
2346 1197 2442 1241 aut
2492 1183 2888 1241 monasterium
2920 1196 3018 1253 per
3052 1181 3468 1239 successionem
3520 1196 3654 1236 con-

2076 1292 2362 1337 settttelttr.

2146 1301 2157 1334 ἔ
2183 1300 2362 1336 ιιυιιιγ.

2146 1300 2552 1423 ἑοιιιιιίιιιιῖοηο
2595 1365 2649 1419 2.
2697 1365 2852 1431 Quod
2897 1363 3147 1419 ecclesiis
3194 1363 3375 1418 addici
3423 1363 3658 1419 debeant

2074 1474 2168 1524 ea,
2197 1473 2321 1529 quae
2363 1456 2736 1513 ordinationis
2781 1458 3004 1511 nomine
3066 1465 3265 1525 praeter
3313 1457 3654 1512 sanctionem

2074 1550 2491 1607 constitutionis
2521 1549 2747 1607 dantur.

2146 1645 2253 1700 Res
2304 1644 2589 1714 episcopi,
2622 1643 2717 1713 qui
2766 1642 3074 1699 locationes
3125 1649 3221 1694 aut
3264 1638 3657 1710 emphyteuses

2075 1752 2259 1791 rerum
2344 1736 2851 1791 ecclesiasticarum
2943 1732 3305 1795 immobilium
3380 1731 3658 1787 commisit

2076 1827 2661 1893 adminislt'atoribus,
2728 1834 2823 1880 aut
2872 1823 3229 1879 chartulariis
3292 1832 3659 1880 sacrosancta:

2076 1921 2321 1978 ecclesia:
2367 1936 2505 1986 suae,
2536 1919 2621 1975 vel
2661 1933 2853 1974 eorum
2892 1918 3162 1988 cognatis,
3210 1924 3307 1972 aut
3361 1916 3654 1983 afﬁnibus,

2078 2014 2327 2070 ecclesiae
2368 2006 2570 2069 debent
2602 2009 2783 2068 addici

2148 2197 2280 2264 Quae
2309 2197 2530 2251 nomine
2561 2195 2858 2250 ereationis
2886 2194 2954 2249 ad
3000 2176 3242 2262 religiosi
3279 2191 3526 2247 muneris
3558 2205 3658 2245 cn-

2078 2308 2194 2346 ram
2253 2292 2487 2356 dantur,
2540 2291 2784 2345 vindicet
2825 2303 2889 2343 ea
2942 2288 3202 2357 religiosa
3249 2285 3445 2342 domus
3473 2324 3489 2349 ,
3535 2299 3660 2354 qua:

2079 2398 2262 2464 rerum
2294 2382 2540 2452 ipsarum
2578 2378 2965 2451 proprietatem
3003 2376 3186 2443 habet,
3211 2373 3368 2445 juxta
3414 2371 3656 2430 sanctio-

2078 2488 2202 2529 nem
2237 2473 2670 2530 conStitutionis.
3046 2484 3057 2489 ·

2153 2566 2310 2634 Quod
2354 2566 2496 2638 exigi
2531 2565 2769 2622 debeant
2811 2565 2879 2619 ab
2919 2562 3418 2619 ecclesiasticarum
3473 2570 3658 2615 rerum

2078 2658 2618 2733 administratoribus
2642 2698 2658 2723 ,
2697 2669 3039 2729 quaecunque
3086 2655 3394 2709 debitorum
3436 2651 3660 2708 nomine

2078 2754 2284 2825 ﬂagitat
2332 2752 2402 2808 ab
2440 2751 2522 2807 eis
2555 2748 2853 2821 episcOpus
2889 2765 2902 2803 :
2936 2744 3126 2803 eadem
3174 2742 3540 2801 conventione
3590 2744 3659 2798 ad

2078 2847 2231 2917 ipsos
2265 2844 2510 2900 haeredes
2550 2851 2892 2897 transeunte.

2152 2938 2261 2995 lies
2309 2935 2658 2999 diaconissae,
2714 2948 2837 3004 quae
2883 2932 2937 2986 in
2987 2929 3351 2987 contubernio
3393 2928 3500 2985 viri
3549 2936 3657 2994 est,

2080 3028 2367 3085 sinistram
2400 3025 2773 3096 suspicionem
2808 3022 3122 3092 pra-beatis,
3149 3028 3275 3092 post
3323 3019 3522 3075 factam
3567 3020 3661 3073 de-

2079 3121 2508 3186 nuntiationem,
2536 3116 2787 3174 ecclesiis
2812 3114 2993 3171 addici
3023 3116 3181 3187 juxta
3207 3113 3436 3169 formam
3458 3113 3659 3168 consti-

2018 3211 2039 3267 Ϊ
2079 3213 2307 3269 tutionis
2348 3211 2568 3266 debent'.

2156 3306 2389 3373 Quando
2434 3320 2521 3360 res
2548 3346 2563 3370 ,
2609 3318 2732 3372 qua:
2779 3301 2882 3357 sub
2924 3298 3237 3355 conditione
3292 3305 3609 3369 nuptiarum
3639 3337 3656 3362 ,

2079 3414 2173 3459 ant
2208 3405 2503 3458 liberorum
2541 3394 2967 3467 procreationis,-
3002 3391 3210 3447 relictae
3261 3399 3389 3447 sunt
3439 3390 3657 3446 clericis

2078 3507 2173 3550 aut
2222 3490 2534 3553 monachis,
2585 3484 2850 3556 applicari
2902 3482 3140 3538 debeant
3176 3481 3465 3547 ecclesiis,
3500 3481 3657 3551 juxta

2076 3578 2491 3637 constitutionis
2524 3577 2687 3645 hujus
2716 3573 2974 3628 formam.-

2149 3659 2257 3728 lles
2289 3686 2501 3734 eorum,
2556 3667 2648 3738 qni
2709 3664 3094 3729 monastriam,
3128 3663 3215 3719 vel
3258 3661 3653 3728 diaconissam,

2076 3766 2160 3821 vel
2191 3764 2353 3818 aliam
2388 3760 2701 3829 religiosam
2736 3758 3019 3812 mulierem
3054 3763 3379 3826 rapuerunt,
3408 3754 3653 3825 ipsarum

2077 3859 2365 3912 mulierum
2401 3851 2678 3922 religiosis
2709 3849 2965 3905 domibus
2992 3847 3348 3903 addicuntur.

2147 3947 2346 4002 Eodem
2399 3945 2588 4007 titulo,
2640 3941 2864 3997 constit.
2919 3940 2970 3995 7.
3008 3939 3163 4005 Quod
3214 3953 3378 3994 nemo
3428 3938 3651 3994 domum

2072 4037 2369 4095 oratoriam
2409 4033 2679 4089 aediﬁcare
2709 4032 2923 4103 possit,
2952 4031 3058 4085 nisi
3095 4029 3163 4085 de
3212 4028 3484 4084 sententia
3532 4029 3654 4099 epi-

2073 4129 2248 4199 scopi.
2296 4141 2390 4196 per
2434 4125 2783 4179 donationem
2833 4121 3125 4191 specialem
3176 4119 3519 4190 deputaverit
3562 4136 3650 4184 ea,

2073 4237 2195 4293 quae
2222 4223 2289 4274 ad
2322 4218 2657 4273 curationem
2681 4215 2839 4280 aedis,
2866 4224 2919 4269 et
2950 4213 3216 4268 luminum
3249 4204 3652 4276 accensioncm.

2074 4325 2128 4370 ct
2158 4325 2403 4367 annonas
2441 4325 2655 4374 eorum,
2685 4307 2780 4378 qui
2806 4305 3012 4363 cultum
3051 4306 3105 4360 in
3137 4318 3201 4359 ea
3253 4319 3473 4360 sacrum
3502 4305 3656 4361 exhi—

2074 4406 2241 4463 bituri
2270 4417 2420 4469 sunt,
2455 4409 2724 4472 spectant.

462 4482 723 4549 Διάταξις
757 4486 849 4548 ιγ’.
881 4482 962 4537 Τὰ
991 4482 1299 4553 πράγματα
1350 4483 1459 4537 τῶν
1487 4485 1566 4547 είς
1611 4486 1803 4554 ἕτερον
1852 4486 1969 4557 βίον

2146 4498 2444 4553 Constitut.
2483 4496 2568 4551 l5.
2613 4494 2723 4551 Res
2774 4508 2963 4548 eorum
2998 4489 3414 4555 monachorum,
3444 4491 3536 4562 qui
3586 4494 3654 4545 ad

393 4575 765 4645 μετελθόντων
803 4574 1058 4646 μοναχῶν
1090 4575 1152 4627 τὸ
1174 4575 1296 4628 κατ’
1322 4576 1524 4639 αὐτοὺς
1553 4577 1832 4647 ἐκδικήσει
1872 4596 1968 4649 μο-

390 4672 702 4739 ναστήριον.

462 4761 584 4830 χρὴ
615 4759 704 4812 τὸν
736 4760 1004 4830 μέλλοντα
1041 4758 1298 4827 μονάζειν
1331 4760 1745 4828 προδιατιθέναι
1789 4766 1856 4820 τὰ
1883 4768 1961 4819 οἱ·

390 4856 515 4907 κεῖα
535 4870 550 4884 ’
584 4855 707 4906 ἐπεὶ
724 4852 825 4906 οὐκ
859 4852 1015 4905 ἔσται
1056 4851 1263 4905 τούτων
1291 4851 1505 4924 κύριος,
1537 4854 1676 4909 ἀλλὰ
1708 4857 1765 4909 τὸ
1805 4876 1970 4928 μονα-

392 4945 637 5015 στήριον.

451 5041 534 5094 Τὰ
567 5039 661 5094 τοῦ
694 5039 931 5108 μονοιχοῦ
962 5038 1261 5109 πράγματα
1287 5037 1380 5092 τοῦ
1415 5041 1492 5103 εἰς
1543 5039 1732 5111 ἓτερον
1786 5043 1967 5097 κονιό-

390 5133 507 5185 6ιον
549 5131 1045 5202 μεταχωρήσαντος
1076 5129 1156 5201 τῷ
1195 5130 1451 5202 προτέρῳ
1480 5130 1742 5185 διοίσουσι
1796 5150 1969 5203 μονα-

389 5224 620 5293 στήρίῳ.
1168 5226 1175 5230 ’

460 5316 579 5370 Tit.
608 5313 680 5384 γ’,
705 5314 850 5371 διάτ.
870 5311 941 5384 γ’.
977 5314 1103 5367 Ὅτι
1135 5313 1243 5385 χρὴ
1275 5315 1393 5376 ταῖς
1437 5312 1764 5383 ἐκκλησίαις
1793 5333 1968 5387 προσ-

391 5409 697 5479 κυροῦσθαι
732 5412 860 5470 τοὺς
891 5406 1097 5472 οἴκους,
1134 5408 1192 5460 ἐν
1232 5400 1314 5470 οἷς
1342 5406 1749 5477 παραωνάξεις
1780 5409 1967 5462 ποιοῦ-

390 5516 476 5554 σιν
502 5501 552 5554 οἱ
574 5500 628 5553 αἱ
639 5515 727 5569 ρετ
738 5498 866 5554 ι-κοε.

463 5589 585 5645 Τίτ.
619 5587 702 5656 ιδ’,
733 5590 874 5647 διάτ.
907 5587 1016 5660 κβ’.
1047 5588 1172 5644 Ὀτι
1205 5590 1278 5644 τὰ
1318 5592 1416 5661 τῆς
1450 5592 1833 5664 μοιχευοείσης
1866 5611 1966 5663 γυ-

388 5685 574 5747 ναικὸς
600 5684 928 5754 πράγματα,
969 5682 1081 5736 εἴτε
1119 5684 1335 5750 παῖδας,
1368 5684 1405 5755 ἢ
1443 5689 1622 5752 γονεῖς
1660 5685 1796 5756 ἔχει,
1848 5666 1963 5741 εἴτε

389 5775 485 5828 καὶ
526 5776 624 5846 μῆ,
661 5775 802 5827 κατὰ
833 5774 928 5828 τὸν
956 5774 1151 5849 τύπονς
1174 5775 1275 5844 τῆς
1323 5775 1624 5841 διατάξεως
1684 5779 1962 5851 ἐκδικήσει

2071 4593 2233 4646 aliam
2276 4592 2439 4646 vitam
2481 4599 2810 4651 transeunt,
2864 4589 2929 4642 ad
2976 4588 3221 4659 ipsorum
3257 4586 3652 4642 monasterium

2074 4684 2446 4754 pertinebunt.

2146 4777 2311 4830 Debet
2345 4776 2421 4839 is,
2462 4774 2555 4845 qui
2591 4773 2891 4829 solitariam
2926 4774 3092 4828 vitam
3145 4784 3231 4833 est
3278 4776 3650 4845 amplexurns,

2073 4868 2227 4937 prius
2258 4868 2324 4922 de
2354 4867 2520 4920 rebus
2569 4866 2688 4921 suis
2718 4865 2927 4920 testari.
2969 4863 3107 4921 Nam
3151 4867 3412 4938 deinceps
3451 4881 3546 4923 eas
3598 4867 3653 4920 in

2073 4965 2340 5027 potestate
2369 4974 2466 5013 sua
2501 4975 2606 5012 non
2640 4958 2884 5020 habebit,
2912 4959 3005 5014 sed
3043 4961 3460 5015 monasterium.

2142 5038 2562 5114 Resinonachi,
2590 5049 2682 5120 qui
2718 5050 2783 5105 ad
2815 5049 2983 5106 aliud‘
3009 5050 3325 5106 coenobium
3371 5063 3494 5108 sese
3521 5065 3656 5106 con-

2075 5140 2220 5205 tulit,
2258 5140 2324 5196 ad
2353 5143 2741 5197 monasterium
2783 5144 2936 5212 prius
2970 5143 3341 5216 pertinebunt.
3594 5150 3630 5182 ⁸

2142 5323 2473 5379 Constitutio
2503 5323 2542 5377 5
2593 5324 2735 5379 tituli
2780 5323 2839 5389 2,
2888 5339 3009 5396 cap.
3056 5325 3144 5380 l5.
3194 5324 3358 5394 Quod
3401 5325 3661 5382 ecclesiis

2073 5415 2253 5471 addici
2281 5416 2478 5471 domus
2502 5430 2581 5470 eae
2607 5415 2877 5482 debeant,
2914 5416 2967 5470 in
3002 5418 3207 5489 quibus
3234 5417 3475 5474 haeretici
3521 5433 3655 5475 con-

2071 5510 2346 5564 venticula
2381 5523 2631 5564 seorsum
2660 5509 2983 5567 instituunt.

2141 5598 2252 5655 Tit.
2282 5599 2337 5654 4.
2366 5598 2707 5655 οωιειίι.22.
2755 5601 2911 5668 Quod
2964 5618 3052 5659 res
3101 5601 3347 5660 mulieris
3381 5604 3658 5661 adulterio

2072 5692 2315 5760 pollutae,
2358 5693 2474 5748 sive
2525 5692 2750 5760 liberos,
2797 5694 2913 5750 sive
2961 5705 3218 5767 parentes
3267 5696 3487 5762 habeat,
3537 5698 3655 5756 sive

2073 5797 2183 5838 non
2237 5783 2474 5853 habeat,
2522 5782 2677 5854 juxta
2730 5785 3072 5870 sanctionem
3108 5788 3553 5870 constitutionis
3600 5789 3656 5848 id
