4066 6406
523 331 540 393 i
554 333 654 393 327

1735 326 2013 388 ΤΙ-ΙΕΟΙ).
2056 326 2453 389 BALSAMON
2463 324 2535 391 IS

3609 325 3726 392 i328

435 487 448 497 .
516 443 905 501 monasterium
949 444 1271 509 vindicabit,
1301 444 1353 498 in
1378 443 1526 514 quod
1571 442 1900 498 immittitur.
1948 441 2084 510 Lege

2191 446 2251 498 τὸ
2290 448 2652 517 μοναστήριον
2710 445 2770 498 ὲν
2798 436 2843 515 ᾧ
2896 442 3244 515 ἐμϐάλλεται.
3298 438 3585 511 ’Δνάγνωθι
3628 447 3753 499 ὅλον

517 550 688 594 totum
726 538 794 593 de
827 537 932 592 hoc
971 546 1134 607 caput
1170 555 1184 593 :
1223 536 1442 592 disserit
1486 540 1630 590 enim
1666 536 1733 590 de
1786 536 1852 589 iis
1899 536 2085 602 etiam,

514 630 608 702 qui
637 630 846 697 absque
893 628 1104 698 repudii
1142 641 1307 683 causa
1362 627 1667 683 dissolvunt
1717 625 2086 693 matrimonia,

515 723 722 778 similes
752 721 833 778 eis
863 735 1057 792 pmnas
1085 718 1348 775 inferens.

584 901 698 957 'l'it.
728 900 785 967 7,
818 897 1036 954 constit.
1075 897 1128 955 7.
1152 893 1260 951 Res
1292 894 1657 965 captivorum,
1690 893 1737 948 si
1788 892 1907 948 suis
1950 906 1980 944 a
2026 890 2090 944 li-

512 992 656 1049 beris
691 990 951 1059 redempti
983 1004 1091 1043 non
1140 986 1343 1042 fuerint
1366 1027 1381 1053 ,
1415 986 1657 1054 ipsorum
1706 983 1938 1041 ecclesia
1981 983 2087 1038 sub

511 1083 821 1142 inrentario
849 1079 1231 1151 consequitur.

580 1175 688 1230 Res
716 1175 855 1244 ejus,
884 1174 976 1244 qui
1004 1172 1252 1226 habitum
1281 1168 1466 1226 clerici
1503 1167 1762 1237 sumpsit,
1810 1167 1856 1222 si
1910 1182 2087 1237 neque

510 1268 734 1327 liberos,
774 1271 865 1318 aut
898 1271 1161 1333 cognatos
1206 1261 1563 1324 orthodoxos,
1615 1274 1795 1328 neque
1840 1272 2087 1313 commuo

506 1357 689 1412 nionis
732 1354 856 1411 lldci
906 1355 1201 1426 participes
1254 1353 1438 1418 habet,
1484 1351 1575 1422 qui
1625 1350 1675 1406 ei
1726 1351 1795 1406 ab
1827 1352 2088 1406 intestato

505 1451 825 1515 succedant,
868 1464 1041 1519 usque
1073 1447 1139 1502 ad
1168 1447 1298 1501 anui
1344 1448 1579 1516 spatium
1616 1453 1738 1510 post
1784 1444 1906 1514 ejus
1939 1457 2085 1497 mor-

507 1532 616 1601 t'em
655 1543 888 1600 ecclesia
924 1541 1185 1605 vindicat,
1223 1547 1346 1610 post
1373 1552 1577 1593 annum
1607 1550 1758 1599 vero,
1789 1537 1976 1592 ﬁscus.

578 1631 690 1688 Tit.
752 1632 845 1698 10,
894 1631 1116 1687 consm.
1181 1627 1237 1684 9.
1286 1626 1396 1684 Res
1446 1627 1568 1696 ejus
1623 1626 1915 1690 mulieris,
1968 1640 2088 1695 quae

509 1724 719 1794 absque
772 1721 920 1793 justa
978 1734 1150 1775 causa
1187 1719 1473 1790 repudium
1524 1719 1724 1774 marito
1772 1717 1940 1784 misit,
1990 1730 2086 1786 per

2190 535 2252 589 τὸ
2317 537 2450 606 περί
2507 537 2698 591 τούτου
2740 536 3060 607 κεφάλαιον.
3116 536 3477 604 Διαλαμσάνει
3513 540 3611 608 γὰρ
3652 543 3732 595 καὶ

2187 627 2250 680 τὸ
2306 629 2436 698 περὶ
2481 628 2595 683 τῶν
2647 629 2815 700 χωρὶς
2872 628 3055 693 αἰτίας
3111 628 3397 697 ῥεπουδίου
3437 628 3729 701 διαλυόντῳν

2189 721 2321 785 τοὺς
2351 722 2563 793 γάμους
2610 722 2712 785 τὰς
2766 721 2963 792 ὁμοίας
3014 720 3138 775 κατ’
3172 720 3355 775 αὐτῶν
3387 722 3603 788 ἐπάγων
3628 739 3733 776 ποι-

2188 808 2308 872 νάς.

2262 902 2454 966 Τίτλος
2484 901 2553 968 ζ’,
2575 901 2819 968 διάταξις
2850 902 2918 967 ζ’.
2949 903 3031 957 Τὰ
3056 901 3168 956 τῶν
3189 901 3547 973 αἰχμαλώτων
3576 904 3734 973 πράγα

2193 1009 2364 1060 ματα,
2393 994 2440 1046 εἰ
2473 994 2548 1064 μὴ
2608 993 2713 1047 ὑπὸ
2761 994 2871 1048 τῶν
2924 995 3144 1048 οἰκείων
3199 994 3576 1066 ἀναῤῥυσθῶσι
3625 995 3734 1049 παίι

2187 1084 2316 1148 δων,
2349 1086 2382 1157 ἡ
2421 1085 2541 1139 κατ’
2564 1085 2761 1149 αὐτοὺς
2805 1086 3072 1155 ἐκκλησία
3113 1086 3217 1139 ὑπῦ
3250 1086 3607 1159 ίμεεντάριον.

2260 1174 2341 1229 Τά
2402 1176 2703 1247 πράγματα
2756 1176 2851 1230 τοῦ
2906 1178 3093 1246 σχῆμα
3138 1178 3403 1249 κληρικοῦ
3455 1181 3670 1251 ἔχοντος,
3698 1186 3739 1238 εἰ

2197 1267 2338 1337 μήτε
2380 1268 2461 1331 εἰς
2493 1268 2778 1335 συγγενεῖς
2807 1265 3126 1336 ὀρθοδόξους
3171 1270 3445 1339 διαθῆται.
3480 1274 3609 1343 μήτε
3638 1291 3738 1327 xc:-

2191 1359 2458 1416 νωνικοὺς
2474 1358 2600 1419 τοὺς
2640 1357 2699 1424 ἐξ
2747 1357 3036 1412 άδιαδέτου
3093 1360 3564 1431 κληρονομοῦντας
3597 1366 3739 1419 αὑτὸν

2191 1450 2313 1522 ἔχῃ,
2341 1450 2793 1521 μέχριέὲνιαυτοῦ
2823 1450 2924 1520 τῆς
2955 1450 3125 1505 αὐτοῦ
3157 1452 3411 1527 τελευτῆς
3436 1458 3468 1527 ἠ
3496 1457 3732 1529 ἐκκλησία

2190 1542 2396 1595 ὲκδικεϊ
2420 1554 2436 1573 ⁸
2474 1542 2612 1608 μετὰ
2640 1543 2730 1594 τὸν
2747 1543 2995 1596 ἐνιαυτὸν
3020 1543 3077 1596 δὲ
3105 1547 3133 1598 ὁ
3150 1545 3368 1614 φίσκος.

2260 1633 2381 1687 Τίτ.
2412 1638 2446 1685 ι’
2481 1632 2625 1687 διάτ.
2650 1630 2715 1688 θ’.
2749 1634 2829 1688 Τὰ
2855 1635 3161 1706 πράγματα
3212 1639 3315 1708 τῆς
3346 1639 3514 1712 χωρὶς
3539 1641 3739 1710 εὐλόγου

2191 1722 2371 1785 αἰτίας
2386 1724 2925 1795 ρεπουδιατευσάσης
2955 1725 3046 1779 τὸν
3078 1725 3271 1800 ἄνδρα,
3301 1730 3366 1783 τὸ
3396 1733 3453 1785 ὲν
3481 1725 3524 1800 ᾧ
3553 1734 3736 1802 ὲμὸἀλ.

506 1778 915 1874 successionem
946 1814 1000 1869 id
1031 1812 1425 1868 monasterium
1455 1809 1648 1872 adibit.
1683 1809 1737 1864 in
1765 1809 1910 1879 quod
1943 1809 2084 1863 redi-

2191 1815 2343 1868 λεται
2373 1778 2744 1888 μοναστήριον
2758 1778 2922 1871 οδιαδέ
2930 1778 3112 1886 ξετιιι,⁷
3313 1778 3419 1876 ’τ’δζ
3433 1778 3739 1895 sinitis;

506 1911 675 1979 gitur,
701 1908 857 1979 juxta
884 1904 1295 1963 constitutionis
1327 1905 1693 1959 sanctionem.

578 2001 747 2058 Tituli
785 1999 844 2067 2,
875 1999 984 2055 hoc
1011 1999 1173 2066 libro,
1225 1998 1449 2053 constit.
1483 1995 1537 2050 8.
1589 1994 1829 2065 Excepta
1886 1993 2090 2064 Majore

505 2092 1115 2163 Constantinopolitana
1179 2089 1437 2154 ecclesia,
1489 2094 1721 2159 possunt
1763 2087 1960 2141 domus
2000 2101 2090 2140 ve-

506 2186 798 2251 nerabiles,
830 2183 1226 2239 interveniente
1245 2181 1490 2245 decreto,
1512 2194 1695 2233 rerum
1729 2176 2087 2232 immobilium

509 2278 895 2332 alienationem
921 2273 988 2329 ad
1015 2271 1309 2328 utilitatem
1342 2269 1614 2340 publicam
1649 2267 1957 2323 instituere.

1058 2445 1370 2502 TITULUS
1434 2445 1527 2500 III.

580 2559 1619 2689 DE.H.ERETICIS,ﬁ{T1§lD£lS
1673 2558 1768 2613 ΕΤ
1795 2557 2014 2615 SAHA-

772 2731 816 2785 ἰ.
858 2730 936 2784 De
962 2727 1220 2784 ha'reticis
1274 2736 1322 2780 et
1359 2740 1537 2780 eorum
1567 2727 1842 2780 uxoribus.

504 2827 654 2883 Idem
684 2826 813 2894 imp.
843 2820 1047 2877 Joanni
1089 2819 1453 2874 conservatori
1491 2817 1910 2886 provinciarum.
1952 2813 2086 2869 Uni-

572 2934 691 2977 cum
743 2916 923 2974 nobis
957 2913 1222 2971 auxilium
1275 2926 1387 2968 esse
1452 2911 1506 2966 in
1559 2910 1705 2965 omni
1781 2908 2087 2979 reipubtica:

574 3023 731 3085 atque
758 3010 966 3081 imperii
998 3007 1173 3063 nostri
1202 3006 1343 3073 loco,
1375 3014 1427 3059 et
1460 3014 1675 3060 cratera.

567 3189 672 3257 Qui
722 3201 830 3244 non
873 3185 1246 3243 communicat
1290 3197 1414 3238 cum
1452 3184 1703 3240 ecclesiis
1728 3221 1745 3247 ,
1795 3183 1849 3238 in
1878 3185 2077 3254 quibus

503 3280 746 3354 episcopi
786 3278 1130 3350 singulorum
1166 3277 1411 3331 locorum
1439 3275 1817 3339 conveniunt,
1867 3276 2084 3333 haereti-

503 3390 605 3432 cus
643 3382 756 3441 est,
816 3372 1025 3444 legibus
1072 3369 1338 3425 adversus
1382 3368 1670 3425 haereticos
1725 3368 1849 3424 latis
1909 3370 2079 3427 obno-

504 3467 649 3524 sius.

581 3557 717 3612 Nota
747 3553 888 3626 quod
921 3552 996 3620 ii,
1030 3553 1267 3624 quicum
1323 3551 1526 3608 Severo
1569 3554 1836 3620 sentiunt,
1881 3563 1936 3611 et
1983 3554 2080 3610 do-

507 3656 684 3723 gmata
734 3649 979 3705 Dioscori
1027 3648 1458 3717 amplectuntur,
1515 3648 1773 3718 Acepliali
1827 3633 1945 3718 (16)
1988 3664 2081 3702 νυ-

505 3749 721 3797 οιιιιιυτ.
1291 3783 1297 3789 .

580 3830 790 3888 Uxores
820 3829 1223 3896 haereticorum,
1250 3844 1372 3900 quae
1396 3837 1446 3885 et
1478 3828 1610 3899 ipsa:
1631 3837 1758 3885 sunt
1788 3829 2078 3895 haeretica,

502 3925 788 3997 privilegio
835 3924 1002 3988 datis,
1068 3932 1162 3977 aut
1211 3924 1316 3977 alio
1364 3938 1469 3976 non
1519 3924 1787 3979 fruentur.
1841 3922 1898 3976 Si
1933 3939 2086 3989 vero,

503 4027 791 4090 postquam
825 4017 1156 4085 resipucrint
1180 4055 1196 4079 ,
1232 4015 1303 4068 ad
1354 4014 1608 4069 Ερυιο›ίω
1638 4017 2077 4069 communionem

504 4109 858 4173 accesserint,
890 4116 943 4161 et
971 4122 1142 4175 usque
1185 4106 1254 4160 ad
1290 4105 1451 4159 ﬁnem
1504 4106 1925 4174 permanserint,
1983 4120 2077 4158 eo-

506 4202 752 4256 rumdctn
788 4199 1195 4270 privilegiorum
1234 4199 1417 4253 fructu
1456 4197 1758 4267 potiantttr.

580 4296 709 4347 Data
749 4308 776 4343 ν
827 4292 966 4346 Non.
1008 4291 1196 4355 Maias,
1229 4292 1437 4358 imperii
1482 4288 1775 4344 Justiniani
1812 4305 1956 4344 anno
1991 4290 2074 4355 l5,

505 4389 789 4443 consulatu
824 4384 1029 4439 Basilii.

1026 4479 1096 4530 Il.
1137 4477 1211 4532 De
1240 4477 1551 4533 Samaritis.

503 4573 645 4627 Idem
680 4573 807 4638 imp.
844 4569 1139 4624 Arcobindo
1179 4569 1246 4627 P.
1278 4569 1344 4624 P.
1393 4568 1621 4624 Nullum
1668 4574 1798 4626 adeo
1835 4587 2080 4642 magnum

782 4663 1012 4732 ah‘cujus
1045 4663 1246 4717 subditi
1278 4664 1467 4729 nostri,
1497 4674 1545 4718 et
1579 4675 1793 4721 cratera.

584 4842 707 4896 Haec
746 4840 1065 4893 constitutio
1112 4841 1379 4908 permittit
1428 4838 1716 4896 Samaritis
1769 4840 2079 4908 facultatem

509 4933 767 4998 testandi,
802 4942 854 4987 ct
887 4931 958 4987 ab
991 4932 1248 4986 intestato
1282 4931 1616 4987 succedendi
1651 4936 1897 5002 cognatis
1926 4936 2041 4991 suis
2068 4975 2085 5002 ,

507 5038 559 5079 et
591 5025 767 5096 legata
794 5020 1165 5094 relinquendi,
1195 5030 1249 5078 et
1282 5022 1546 5089 donandi,
1579 5032 1632 5078 et
1663 5026 2084 5081 manumittendi

508 5119 758 5188 aliosque
786 5118 923 5171 tales
961 5124 1280 5172 contractus
1310 5117 1532 5187 impune
1566 5119 1885 5189 peragendi.

578 5210 714 5264 Cum
772 5209 1039 5263 Samarita
1090 5208 1365 5278 quispiam
1426 5207 1578 5263 nullo
1632 5209 1857 5265 condito
1917 5218 2083 5273 testa-

510 5308 696 5356 mento
728 5298 965 5364 decedit,
1019 5297 1231 5354 relictis
1277 5298 1494 5366 liberis,
1525 5305 1619 5352 aut
1647 5300 1920 5370 cognatis,
1969 5309 2083 5357 tam

508 5389 860 5455 Christianis,
898 5403 1061 5460 quam
1104 5385 1391 5442 Samaritis
1418 5428 1435 5454 ,
1470 5387 1563 5457 qui
1598 5387 1845 5459 ejusdem
1877 5388 2082 5458 gradus

2187 1907 2511 1973 διατάξεως.
2728 1949 2734 1955 .

2260 1998 2450 2064 Τίτλος
2488 2005 2580 2073 ιη’,
2612 1999 2757 2059 διάτ.
2785 1999 2857 2056 α’.
2887 2001 3074 2075 Χωρίς
3123 2005 3224 2076 τῆς
3258 2000 3517 2077 Μεγάλης
3565 2008 3738 2076 ἔκκλη-

2193 2092 2316 2156 σίας
2341 2092 2976 2156 Κωνσταντινουπόλεως
3004 2094 3268 2151 δύνανται
3290 2099 3342 2152 οἰ
3393 2100 3577 2153 σεπτοὶ
3598 2096 3753 2163 οἶκοι,

2193 2182 2454 2255 δεκρέτου
2495 2185 2901 2255 πραττομένου,
2930 2185 3240 2256 ὲναλλαγὰς
3271 2190 3545 2261 ἀκινήτων
3586 2209 3741 2261 πραγ-

2195 2275 2382 2347 μάτων
2411 2275 2508 2328 ὲπὶ
2538 2276 2704 2348 κοινῷ
2732 2277 3072 2352 συμφέροντι
3100 2280 3240 2353 πρὸς
3299 2282 3556 2350 ἀλλήλους
3582 2285 3735 2337 ποιεῖ-

2190 2370 2335 2425 σθαι.

2475 2518 2481 2533 ,
2813 2460 3066 2519 ΤῙΤΛΟΣ
3096 2462 3168 2523 F'.

2190 2578 2369 2633 HEPI
2397 2575 3382 2704 ΑΙΡΕΤΙΚΩΝὶὶὲζῆὧῖγΟΥΔΑΙΩΝ,
3408 2587 3534 2641 ΚΑΙ
3552 2585 3743 2639 ZAMA-

2340 2742 2418 2794 A'.
2447 2740 2588 2809 Περὶ
2615 2740 2929 2810 αἱρετικῶν
2951 2743 3051 2797 καὶ
3082 2745 3359 2814 »γαμετῶν
3380 2747 3592 2803 αὐτῶν.

2197 2827 2262 2885 '0
2285 2831 2469 2898 αὐτὸς
2491 2832 2795 2898 ,βασιλεὺς
2819 2831 3000 2900 Βάσῳ
3025 2837 3409 2907 τοποτηρητῇ
3438 2837 3554 2893 τῶν
3591 2835 3744 2905 ἐπάρ-

2257 2941 2402 2994 χων.
2441 2925 2604 2979 Μίαν
2634 2924 2782 2994 ἡμῖν
2799 2921 2956 2980 εἶναι
2978 2926 3287 2994 ,βοήθειαν
3326 2931 3426 2985 ἐπὶ
3470 2930 3638 2984 παντί
3673 2927 3742 2992 τῷ

2258 3018 2369 3088 τῆς
2423 3015 2719 3089 ἡμετέρας
2786 3020 3091 3088 πολιτείας
3128 3037 3193 3075 τε
3265 3022 3368 3077 καὶ
3443 3022 3740 3088 βασιλείας

2105 3123 2151 3184 α
2251 3111 2438 3177 τόπῳ.

2274 3202 2335 3256 '0
2361 3202 2437 3274 μὴ
2477 3203 2751 3258 κοινωνῶν
2781 3202 2903 3269 ταῖς
2932 3202 3281 3279 ἐκκλησίαις,
3310 3206 3392 3260 ’ὲν
3429 3204 3513 3271 αἷς
3540 3207 3587 3259 οἰ
3612 3207 3743 3259 ὲντὸο

2194 3310 2308 3346 πιοι
2337 3294 2686 3365 συνέρχονται
2708 3295 3021 3362 ἐπίσκοποι,
3045 3298 3324 3368 αἱρετικός
3352 3299 3519 3365 ἐστιν,
3546 3297 3743 3350 ὑποκεί-

2198 3399 2358 3452 μενος
2392 3385 2505 3447 τοϊς
2530 3383 2672 3437 κατὰ
2701 3383 2810 3438 τῶν
2844 3386 3138 3455 αἰρετικῶν
3173 3387 3384 3459 νόμοις.

2263 3561 2584 3633 Σημείωσαι
2613 3562 2697 3614 ὅτι
2732 3562 2783 3614 οἰ
2809 3560 2879 3614 τὰ
2908 3560 3151 3631 Σευήρου
3214 3562 3561 3634 φρονοῦντες,
3604 3563 3632 3632 ἢ
3684 3562 3741 3614 τὰ

2178 3647 2485 3725 ’Διοσκόρου
2541 3652 2821 3723 δεχόμενοι
2876 3651 3497 3725 δόγματα,Α’Λκέφαλοι,
3545 3652 3744 3708 καλοῦνο

2190 3764 2307 3802 ται.

2262 3838 2327 3891 Αἰ
2369 3837 2627 3906 γυναῖκες
2658 3839 2765 3890 τῶν
2818 3838 3135 3908 αἱρετικων,
3175 3834 3646 3909 αἰρετικαὶόἷσαι,
3679 3838 3735 3888 ο)

2193 3930 2494 4003 χρήσονται
2530 3930 2606 3999 τῷ
2637 3929 2736 3999 τῆς
2763 3930 2990 3999 προικὸς
3024 3930 3056 4001 ἢ
3094 3931 3221 4003 ἐτέρ
3240 3952 3267 3999 ρ
3304 3933 3597 4003 προνομίῳ·
3619 3930 3738 4000 πλὴν

2195 4024 2244 4074 εἰ
2270 4021 2346 4093 μὴ
2381 4021 2849 4090 μεταμεληθεῖσαι
2878 4022 3147 4090 γένωνται
3183 4026 3501 4078 κοινωνικαί
3525 4024 3732 4076 καὶὲπι·

2194 4114 2421 4183 μείνωσι
2453 4112 2615 4184 μέχρι
2652 4113 2863 4175 τέλους.
2900 4096 2913 4114 ⁸

2274 4283 2521 4356 Έγράφη
2557 4290 2596 4336 ε’
2632 4284 2835 4336 Νωνῶν
2863 4285 3076 4349 Μαῒων,
3110 4285 3379 4355 βασιλέως
3394 4280 3733 4339 Ἰουστινιανοῦ

2192 4375 2253 4425 τ),
2289 4373 2375 4440 ιε’,
2407 4376 2643 4443 ὑπατείᾳ
2683 4376 3027 4446 Βελισαρίου.

2578 4469 2655 4523 B'.
2712 4469 2854 4536 Περί
2903 4469 3308 4538 Σαμαρειτῶν.

2200 4558 2262 4612 '0
2295 4560 2477 4625 αὐτὸς
2494 4560 2796 4625 ,βασιλεὺς
2827 4561 3079 4625 Ἀδδαίῳ
3101 4562 3345 4633 ἐπάρχῳ
3378 4561 3732 4635 πραιτωρῖων.

2262 4653 2456 4709 Οὐδὲν
2508 4654 2661 4706 οὕτω
2688 4652 2843 4723 μέγα
2907 4653 3027 4707 τῶν
3076 4656 3368 4723 ὑπηκόων
3427 4656 3583 4720 τινὸς
3630 4651 3731 4704 των

2258 4744 2581 4816 ἡμετέρων.

2273 4839 2337 4892 Ἠ
2367 4837 2610 4900 διάταξις
2647 4837 2837 4906 ἐπιτρέ
2888 4853 2936 4887 ει
2970 4837 3345 4906 Σαμαρείταις
3396 4833 3728 4892 διατίθεσθαι,

2192 4932 2283 4984 καὶ
2324 4929 2383 4995 ἐξ
2429 4928 2712 4983 ὰδιαθέτου
2769 4927 3226 4997 κληρονομείσθαι
3284 4935 3379 4984 καὶ
3421 4926 3731 5000 ληγατεύειν,

2190 5023 2283 5076 καὶ
2315 5020 2632 5093 δωρεῖσθαι,
2670 5019 2766 5073 καὶ
2795 5019 3112 5095 ἐλευθερίαν
3176 5021 3398 5088 διδόναι,
3438 5021 3529 5074 καὶ
3579 5020 3732 5073 nives.

2189 5116 2333 5169 κατὰ
2353 5113 2549 5185 νόμους
2579 5114 2843 5185 πράττειν
2866 5113 2936 5167 τὰ
2967 5114 3415 5186 συναλλάγματα.

2259 5204 2609 5276 Σαμαρείτου
2635 5202 2922 5259 άδιαθέτου
2976 5205 3401 5277 τελευτήσαντος
3429 5208 3518 5261 ὲπί
3564 5199 3731 5258 παισὶν

2187 5299 2221 5372 ἢ
2251 5300 2566 5368 συγγενέσι,
2607 5297 2962 5368 Χριστιανοϊς
3025 5316 3083 5352 τε
3120 5300 3216 5352 καὶ
3244 5301 3618 5372 Σαμαρείταις,
3651 5291 3731 5349 τοῦ

2195 5390 2360 5447 αὐτοῦ
2392 5389 2624 5461 βαθμοῦ,
2656 5390 2873 5459 καὶτῆς
2909 5392 3087 5460 αὐτῆς
3125 5391 3402 5457 τάξεως,ῢ
3434 5384 3730 5463 Χριστιαγός

507 5490 564 5534 et
591 5482 800 5537 ordinis
830 5488 980 5549 sunt,
1017 5481 1064 5537 is
1093 5480 1187 5552 qui
1220 5487 1423 5535 rectam
1478 5479 1638 5535 iidem
1681 5479 1857 5545 colit,
1889 5479 1940 5536 ei
1973 5481 2084 5537 liae-

2196 5481 2363 5539 αὑτοῦ
2395 5481 2580 5552 παϊςῆ
2609 5480 2882 5551 συγγενὴς
2909 5482 3241 5555 διαδεχέσθω
3270 5483 3453 5545 αὐτὸν,
3476 5472 3728 5550 «paranti!-

812 5580 817 5585 ’
1665 5593 1995 5657 Annibalis
2041 5597 2297 5661 Fabroti
2329 5603 2520 5659 notae.
3190 5584 3207 5597 ”
3302 5590 3321 5596 ’

581 5695 987 5768 (16)Αοεμίιαίί.
1045 5696 1343 5754 Facundus
1397 5697 1782 5768 episcopulib.
1828 5712 1849 5750 ι
1900 5697 2094 5754 :Tau-

2207 5699 2431 5763 Gra'cis,
2488 5714 2620 5769 quos
2676 5699 3067 5769 signi/irantius
3120 5717 3212 5755 nos
3273 5694 3723 5769 Semieutyrhianos

508 5781 672 5828 Win
698 5769 811 5822 sine
835 5770 1003 5824 capite
1033 5779 1386 5835 remanentcs,
1439 5767 1688 5836 Areplcaii
1750 5779 2007 5823 vocantur
2051 5787 2085 5824 a
2195 5785 2475 5840 possumus
2502 5767 2801 5842 appellare.
2841 5769 2989 5824 Idem
3023 5771 3117 5827 lib.
3147 5787 3199 5827 tv
3231 5772 3440 5829 scribit.
