4066 6418
406 411 539 481 1329

1405 416 1753 477 CONSTIT.
1802 414 2103 475 ECCLES.
2161 415 2598 478 COLLECTIO.

3509 410 3645 475 1330

404 547 566 599 μενος
647 531 740 585 τοῦ
812 531 1160 604 Σαμαρείτου
1230 532 1420 596 παιδὸς
1470 533 1504 604 ἢ
1555 532 1869 601 συγγενοῦς.
1914 532 1966 585 Ei

2079 546 2165 588 res
2192 540 2331 598 esto,
2378 532 2606 601 potioris
2659 529 2930 587 Samarita
2975 528 3331 586 conditionis.
3372 526 3468 582 Sin
3515 542 3643 597 pro-

400 620 460 673 δὲ
515 622 944 692 προσεχέστερός
1001 626 1120 678 ἐστι
1176 625 1306 694 περὶ
1361 624 1454 679 τὸν
1516 624 1725 695 βαθμὸν
1787 623 1822 695 ἢ
1876 623 1975 691 τὴν

400 711 551 779 τάξιν
580 715 608 766 ὁ
642 714 1009 787 Σαμαρείτης,
1069 715 1426 787 πῳτιμάώω
1479 715 1572 771 τοῦ
1615 713 1969 784 Χριστιανοῦ.

473 805 613 859 ’Ῑσθι
644 806 723 871 δὲ,
747 809 775 860 ό
804 807 1235 878 ἀποκλειόμενος
1265 808 1618 879 Σαμαρείτης
1649 808 1788 877 μετὰ
1802 805 1975 860 ταῦτα

403 898 734 969 Χριστιανὸς
766 899 1058 970 γενόμενος
1086 902 1148 955 τὸ
1175 901 1375 954 οἰκεῖον
1432 899 1813 970 ἀπνλαμόάνει
1879 898 1976 969 μὲ-

404 1007 500 1060 ρος
528 991 683 1061 παρὰ
713 992 813 1046 τοῦ
847 994 1184 1064 Χριστιανοῡ
1221 993 1696 1066 συγκληρονόμου,
1732 991 1856 1054 τοὺς
1914 992 1974 1046 ὲν

403 1083 558 1156 μέσῳ
589 1085 960 1159 ζημιούμενος
996 1090 1271 1160 καρπούς.

472 1272 534 1323 Οἱ
564 1271 903 1341 Σαμαρεῖται
935 1272 1018 1335 εἰς
1046 1272 1175 1335 τοὺς
1219 1272 1472 1337 ἀνιόντας
1537 1273 1631 1325 καί
1684 1273 1972 1334 κατιόντας

400 1361 580 1414 αὐτῶν
612 1362 962 1433 Σαμαρείτας
992 1362 1153 1426 ὄντας
1193 1364 1270 1426 ὡς
1306 1363 1591 1434 βούλονται
1621 1362 1974 1417 διατιθέσθω·

401 1466 522 1502 σαν.
560 1451 622 1504 Εἰ
649 1452 705 1504 δὲ
748 1453 846 1505 σὺν
867 1452 1050 1516 αὐτοῖς
1085 1454 1411 1523 Χριστιανοὶ
1442 1454 1533 1508 τοῦ
1567 1452 1729 1507 αὑτοῦ
1759 1452 1970 1522 τυγχά-

397 1559 550 1596 νουσι
582 1542 817 1614 βαθμοῦ,
853 1544 935 1608 εἰς
964 1544 1128 1612 μόνον
1164 1543 1225 1599 τὸ
1272 1545 1536 1616 τέταρτον
1623 1545 1790 1614 μέρος
1845 1544 1974 1608 τοὺς

400 1635 749 1706 Σαμαρείτας
776 1637 1145 1707 γραφέτωσαν
1209 1638 1600 1708 κληρονόμους.
1657 1638 1750 1699 Εἰς
1803 1637 1859 1690 δὲ
1912 1636 1973 1690 τὸ

399 1725 847 1795 ὑπόλοιπον’·τοὺς
890 1731 1257 1801 Χριστιανοὺς
1306 1731 1622 1799 δυναμένων
1679 1729 1882 1795 αὐτῶν,
1922 1731 1972 1783 εἰ

398 1822 530 1891 περὶ
554 1821 714 1875 τοῦτο
735 1822 1060 1894 παροφθῶσι
1077 1824 1137 1875 τδ
1171 1822 1355 1893 μέρος,
1374 1821 1475 1892 τὴν
1500 1820 1568 1874 δὲ
1593 1820 1971 1889 ίννοφικίοσο

2078 624 2198 692 pior
2266 626 2340 678 sit
2391 623 2721 690 orthodoxe,
2769 624 2982 678 ratione
3036 621 3239 695 gradus
3286 620 3370 676 vel
3409 619 3644 688 ordinis,

2078 715 2373 782 Samarita,
2434 714 2750 771 Christiano
2775 716 3086 786 praefertur.

2146 804 2303 861 Scias
2340 814 2555 871 autem,
2592 805 2940 872 Samaritam,
2969 804 3066 876 qui
3094 803 3408 860 excluditur
3451 817 3482 857 a
3521 818 3646 858 suc-

2076 898 2346 962 cessione,
2386 899 2432 951 si
2465 908 2650 966 postea
2698 898 3047 954 Christianus
3083 896 3422 952 orthodoxns
3469 894 3645 950 factus

2076 988 2240 1044 fuerit
2263 1029 2278 1053 ,
2311 1000 2516 1058 partem
2566 1005 2721 1046 suam
2756 1005 2949 1059 capere
2975 1004 3098 1046 cum
3127 989 3284 1054 aliis,
3311 988 3407 1059 qui
3441 988 3509 1043 ab
3543 987 3649 1042 ini~

2075 1082 2151 1135 tio
2187 1089 2344 1137 erant
2379 1081 2691 1148 orthodoxi,
2736 1081 3006 1138 fructibus
3050 1086 3233 1138 tamen
3280 1080 3376 1151 qui
3423 1079 3646 1136 interim

2074 1173 2320 1242 producti
2344 1178 2491 1237 sunt,
2517 1171 2857 1229 frustratum.

2145 1261 2434 1317 Samaritae
2483 1277 2616 1320 suos
2660 1264 3064 1333 ascendentes,
3119 1272 3174 1320 et
3218 1264 3646 1329 descendentes,

2074 1356 2166 1425 qui
2200 1355 2487 1411 Samaritae
2524 1364 2686 1417 sunt,
2721 1372 2820 1426 pro
2851 1357 3077 1412 arbitrio
3108 1371 3211 1414 suo
3247 1358 3500 1413 scribunt
3545 1359 3649 1413 hae-

2074 1448 2253 1503 redes.
2288 1447 2346 1502 Si
2384 1463 2513 1504 vero
2546 1464 2670 1504 cum
2695 1449 2776 1505 eis
2815 1457 2869 1505 et
2900 1449 3202 1509 Christiani
3233 1449 3479 1521 ejusdem
3524 1465 3648 1521 gra-

2074 1541 2178 1596 dus
2219 1540 2286 1596 ad
2333 1541 2740 1598 successionem
2788 1552 3076 1608 vocantur,
3122 1558 3232 1598 non
3282 1543 3510 1598 ulterius
3546 1541 3649 1596 Sa-

2075 1629 2302 1687 ntaritas
2378 1631 2624 1688 scribant
2702 1634 2985 1702 itaaredes,
3062 1649 3226 1705 quam
3291 1649 3359 1690 ex
3434 1634 3648 1689 duabus

2073 1722 2394 1778 facultatum
2466 1739 2692 1781 suarum
2756 1727 2958 1783 unciis.
3026 1727 3264 1783 Possunt
3331 1736 3512 1782 autem
3593 1736 3648 1781 et

2073 1814 2457 1881 ascendentes,
2489 1824 2544 1871 et
2576 1817 2978 1875 descendentes
3009 1818 3324 1885 orthodoxi,
3366 1818 3644 1889 querelam

396 1917 570 1970 κινεῖν
602 1915 744 1968 κατὰ
769 1915 868 1986 τῆς
905 1915 1130 1969 ἐκείνων
1175 1915 1462 1984 διαθήκης,
1520 1913 1629 1968 τῶν
1658 1914 1966 1983 εἰρημένων

2072 1907 2140 1962 de
2171 1907 2469 1965 inolﬁcioso
2520 1907 2786 1966 adversus
2831 1924 3021 1966 eorum
3072 1911 3389 1968 testamenti
3434 1911 3645 1966 tabulas

398 2008 455 2059 ἐν
488 2009 553 2076 τῇ
607 2007 852 2077 προτέρᾳ
891 2006 1156 2078 διαιρέσει
1218 2008 1347 2079 περί
1399 2007 1509 2061 τῶν
1558 2004 1965 2075 μετανοούντων

351 2156 359 2162 ,
396 2098 756 2171 Σαμαρειτῶν
782 2098 877 2161 καὶ
902 2099 1139 2154 ἐνταῦθα
1167 2098 1540 2170 κρατούντων.

459 2370 566 2423 Καὶ
605 2369 917 2440 σημείωσαι
948 2369 1032 2423 ὅτι
1057 2369 1310 2423 δύνανται
1339 2368 1388 2421 οἰ
1413 2369 1752 2438 Σαμαρεῖται
1783 2368 1847 2422 ἐκ
1873 2365 1969 2422 τοῦ

397 2462 642 2530 ἡμίσεως
673 2462 860 2532 τρίτου
918 2462 1122 2532 μέρους
1181 2463 1246 2514 ἐκ
1292 2459 1559 2529 διαθήκης
1636 2459 1972 2530 ἁρμόζοντος

394 2546 509 2616 τοῖς
575 2553 920 2623 Χριστιανῶν
956 2551 1137 2606 αὐτῶν
1169 2552 1439 2622 διαδόχοις
1478 2552 1650 2621 legata
1688 2551 1784 2604 καί⁸
1832 2567 1971 2621 πρε·-

392 2643 552 2697 σϐεῖα
615 2644 965 2713 Χριστιανοῖς
1020 2643 1455 2710 καταλιμπάνειν
1491 2683 1506 2709 ,
1571 2642 1724 2694 οὐδὲν
1786 2643 1971 2697 λοιπόν

396 2729 488 2783 τοῦ
523 2730 784 2801 δημοσίου
819 2732 883 2786 ἐκ
915 2732 1015 2802 τῆς
1039 2732 1221 2784 αὐτῶν
1248 2730 1595 2793 ἐκδικοῦντος
1625 2730 1970 2798 περιουσίας,

389 2816 485 2877 οἶα
523 2823 586 2893 δὴ
616 2823 717 2893 τῆς
746 2825 1030 2896 παρούσης
1071 2824 1370 2890 διατάξεως
1411 2823 1508 2877 καὶ
1536 2824 1617 2885 εἰς
1667 2824 1736 2875 τὰ
1762 2820 1970 2893 προλαο

394 2915 558 2968 ὁόντα
588 2916 771 2984 φάκτα
809 2918 911 2987 τὴν
965 2918 1173 2971 οἰκείαν
1250 2915 1559 2985 ἐναγούσης
1620 2913 1966 2984 νομοθεσίαν.

470 3009 719 3080 Ἐγρὰφη
772 3009 878 3080 πρὸ
937 3010 999 3073 ιζ’
1038 3008 1333 3064 Καλανδῶν
1402 3007 1656 3068 Ἰουλίων,
1707 3006 1971 3076 βασιλέως

406 3097 783 3152 ’1ουστινιανοῦ
809 3100 870 3152 τὸ
892 3098 975 3154 κε’
1011 3099 1150 3170 μετὰ
1195 3100 1293 3171 τὴν
1325 3098 1589 3152 ὑπατείαν
1637 3096 1968 3170 βελισαρίου.

748 3218 829 3271 Γ’.-
848 3216 990 3283 Περὶ
1015 3212 1138 3269 τῶν
1168 3210 1572 3284 Σαμαρειτῶν.

393 3373 775 3442 Αὐτοκράτωρ
875 3369 1310 3436 ’Ῑουστινιανὸς
1387 3370 1660 3437 Διομήδει
1731 3370 1970 3440 ἐπάρχῳ

454 3467 843 3537 πραιτωρίων.
884 3464 1003 3533 Τὴν
1031 3462 1227 3532 ἀσεϐῆ
1257 3461 1379 3516 τῶν
1425 3462 1814 3532 Σαμαρειτῶν
1872 3463 1966 3517 αἵ-

454 3575 654 3628 ρεσιν,
690 3556 788 3612 καί
816 3554 930 3625 τὴν
965 3555 1315 3623 παράλογον
1340 3555 1571 3608 τούτων
1589 3555 1836 3624 μανίαν.

473 3652 538 3705 Ἦ
563 3649 805 3714 διάταξις
830 3649 1049 3716 ἀναιρεί
1070 3648 1172 3715 τὴν
1204 3644 1247 3715 β’
1277 3645 1430 3699 τοῦδε
1460 3645 1556 3698 τοῦ
1617 3646 1801 3699 τίτλου
1851 3646 1967 3700 διάε

387 3745 562 3809 ταξιν,
595 3743 691 3796 καὶ
723 3740 1167 3811 παρακελεύεται
1194 3736 1290 3792 τοῦ
1352 3737 1548 3791 λοιποῦ
1610 3739 1969 3809 Σαμαρείτας

396 3840 470 3907 μὴ
504 3835 869 3905 κληρονομεῖν
887 3834 951 3886 ὲκ
979 3831 1261 3899 διαθηκῶν
1293 3830 1326 3901 ἢ
1358 3831 1568 3884 τούτων
1595 3832 1790 3900 χωρὶς,
1829 3829 1967 3901 μηδὲ

392 3928 690 4000 πρεσδείαν
718 3925 1039 3995 λαμὸἀνειν,
1071 3923 1104 3994 ἢ
1135 3922 1276 3977 κατὰ
1318 3923 1534 3993 δωρεᾶς
1580 3922 1696 3994 {Ion
1732 3920 1964 3992 τρόπου]

388 4020 610 4089 τρόπων
667 4015 992 4086 κομίζεσθαι
1017 4016 1275 4085 πρᾶγμα.
1324 4015 1486 4069 Ἀλλὰ
1528 4014 1667 4084 μηδὲ
1696 4014 1838 4067 κατὰ
1868 4013 1967 4083 τὴν

390 4112 449 4175 ἐξ
474 4109 760 4163 ἀδιαθέτου
785 4107 979 4176 κλῆσιν
1014 4106 1293 4176 διαδόχους
1317 4105 1462 4174 ἔχειν
1526 4103 1894 4176 Σαμαρείτας,
1929 4103 1964 4175 ἢ

390 4207 526 4268 ὅλως
566 4202 903 4275 αἱρετικοὺς,
932 4200 1071 4269 μηδὲ
1117 4199 1632 4270 σχηματιζομὲνους
1678 4198 1776 4270 τὴν
1798 4199 1965 4270 ὀρθὴν

390 4297 497 4351 τῶν
525 4294 864 4368 Χριστιανῶν
892 4292 1289 4363 προσδέχεσθαι
1322 4291 1529 4356 πίστιν,
1591 4292 1711 4353 ταῖς
1740 4290 1798 4344 δὲ
1829 4290 1966 4361 ἀλη-

390 4384 677 4453 θείαιςούχ
703 4382 849 4435 οὕτω
889 4379 1254 4450 φρονοῦντας.
1323 4378 1477 4446 Μηδὲ
1532 4378 1642 4449 μὴν
1696 4377 1964 4447 διαθήκας

389 4482 468 4541 εἰς
497 4473 1043 4545 αὐτοὺςγρὰφειν,ῆ
1116 4472 1328 4543 ληγάτα
1406 4470 1867 4539 καταλιμπάνειν,
1928 4470 1964 4542 ἢ

2073 1998 2376 2063 instituere,
2407 1998 2497 2062 iis,
2528 2013 2652 2068 qua:
2697 1998 2911 2055 sancita
2959 2005 3088 2054 sunt
3140 1999 3197 2054 in
3232 1998 3405 2069 priori
3438 1999 3648 2054 consti-

2068 2092 2280 2148 tutione
2322 2092 2391 2148 de
2422 2091 2532 2158 his,
2567 2093 2659 2163 qui
2711 2092 3085 2163 resipiscunt,
3123 2093 3202 2147 uti
3234 2092 3450 2148 scilicet
3486 2105 3646 2163 pares

2067 2183 2178 2253 sint
2203 2184 2270 2240 ab
2305 2184 2461 2241 initio
2505 2181 2861 2253 Christianis,
2911 2184 3001 2242 hic
3048 2200 3270 2257 quoque
3313 2185 3496 2242 locum
3546 2185 3647 2239 ba-

2074 2275 2351 2333 bentibus.
3027 2335 3038 2343 .

2143 2366 2303 2435 Nota,
2363 2369 2510 2441 quod
2574 2371 2863 2428 Samaritae
2942 2371 3265 2428 orthodoxis
3332 2370 3649 2446 literedibtts

2075 2460 2263 2515 relicta
2300 2472 2454 2531 parte
2493 2464 2673 2531 tertia,
2702 2478 2823 2534 qua:
2855 2464 2991 2534 ipsis
3024 2481 3089 2521 ex
3125 2473 3453 2520 testamento
3496 2480 3649 2519 com-

2073 2552 2231 2620 petit,
2267 2554 2430 2607 etiam
2464 2553 2640 2624 legata
2676 2555 3008 2611 Christianis
3054 2555 3185 2611 dare
3217 2562 3485 2626 possunt,
3525 2555 3648 2608 nul-

2074 2644 2178 2697 lam
2211 2655 2398 2714 postea
2430 2644 2744 2702 facultatem
2779 2648 3012 2704 habente
3040 2648 3204 2712 ﬁsco,
3245 2647 3543 2717 quidquam
3579 2663 3645 2701 ex

2073 2734 2316 2802 ipsorum
2357 2737 2691 2806 patrimonio
2736 2738 3062 2808 accipiendi,
3106 2752 3231 2793 cum
3273 2752 3513 2807 praesens
3544 2737 3646 2791 ista

2073 2826 2397 2882 constitutio
2429 2828 2599 2898 legem
2625 2838 2752 2886 ante
2800 2831 2940 2886 hanc
2976 2831 3375 2902 promulgatam
3407 2830 3644 2885 aboleat.

2145 3001 2363 3061 Dat.....
2395 3003 2606 3074 imperii
2635 3005 2928 3063 Iustiniani
2966 3023 3113 3063 anno
3146 3008 3408 3065 vicesimo
3452 3009 3648 3081 quinto

2072 3108 2196 3163 post
2235 3098 2584 3153 consulatum
2619 3100 2872 3156 Basilii...

1994 3237 2038 3296 ρ
2110 3208 2191 3264 ιιι.
2241 3210 2314 3264 De
2365 3210 2672 3296 Samaritis.
2705 3231 2825 3284 quis
2851 3217 3278 3296 constitutionem
3318 3226 3441 3274 ante
3469 3217 3609 3273 hanc

2636 3284 2799 3339 latam
2829 3288 3075 3357 abrogat.

2078 3374 2210 3444 Imp.
2245 3376 2449 3431 Justiti.
2482 3377 2727 3431 Diomedi
2763 3378 2822 3434 Ρ.
2860 3378 2923 3433 Ρ.
2974 3378 3204 3448 Ιηιρὶαηι
3248 3378 3646 3435 Samaritarum

2200 3467 2466 3532 hirresim,
2501 3479 2551 3522 et
2583 3469 2867 3523 absurdam
2895 3471 3184 3539 vesaniam,
3213 3484 3263 3528 et
3296 3483 3511 3530 cratera.

2142 3646 2267 3701 llaec
2303 3650 2626 3705 constitutio
2658 3653 2955 3706 secundam
2990 3651 3159 3721 hnjus
3188 3656 3334 3711 tituli
3367 3658 3644 3713 constitu—

2066 3737 2273 3791 tionem
2315 3739 2514 3803 abolet,
2569 3754 2633 3794 ac
2685 3741 2931 3810 praecipit
2985 3750 3045 3796 ut
3098 3742 3384 3799 Samaritae.
3437 3748 3642 3804 nullam

2065 3830 2438 3884 imreditatem
2493 3831 2691 3886 adeant
2742 3848 2810 3889 ex
2858 3842 3216 3904 testamento,
3271 3837 3352 3891 vel
3397 3838 3467 3895 ab
3502 3840 3642 3895 inte-

2068 3928 2233 3979 stato.
2274 3936 2449 3990 neque
2491 3921 2665 3990 legata
2717 3914 2977 3992 capiant,
3034 3926 3271 3981 ulla‘mve
3316 3943 3432 3982 rem
3482 3929 3644 3986 tituio

2067 4011 2378 4067 donationis
2422 4022 2854 4084 consequantur.
2910 4014 3178 4073 Praeterea
3234 4034 3334 4074 nec
3383 4020 3453 4081 ab
3501 4022 3641 4078 inte-

2067 4112 2210 4159 SIato
2245 4113 2508 4160 vocentur
2547 4106 2611 4160 ad
2642 4122 2832 4162 eorum
2864 4110 3272 4166 successiOnem
3309 4111 3596 4176 Samaritae
3623 4150 3642 4181 ,

2068 4197 2148 4250 vel
2173 4197 2399 4251 omnino
2447 4196 2721 4263 haeretici;
2763 4212 2832 4253 ne
2871 4200 3092 4270 quidem
3122 4201 3168 4256 si
3207 4217 3317 4272 prae
3360 4218 3420 4258 se
3461 4205 3643 4263 ierant

2066 4296 2271 4343 rectam
2317 4303 2377 4344 se
2425 4289 2864 4347 Christianorum
2932 4293 3093 4349 iidem
3166 4296 3456 4365 amplecti,
3513 4313 3640 4355 eum

2067 4395 2261 4451 reapse
2308 4396 2414 4436 non
2448 4383 2522 4437 ita
2558 4383 2823 4440 sentiant.
2869 4383 2982 4443 Nec
3026 4386 3156 4442 item
3204 4388 3331 4445 illos
3372 4391 3428 4445 in
3476 4400 3644 4448 testa-

2070 4479 2253 4525 mento
2306 4470 2550 4528 itaet-edes
2596 4473 2908 4539 instituant,
2947 4476 3031 4531 vel
3084 4477 3257 4548 legata
3304 4480 3641 4552 relinquant,

388 4568 702 4639 δωρεῖσθαι,
738 4568 880 4634 πλὴν
932 4566 981 4618 εἰ
1037 4564 1111 4636 μὴ
1160 4562 1435 4634 ὀρθόδοξοι
1477 4559 1587 4615 εἷεν
1637 4562 1732 4617 καὶ
1780 4561 1962 4627 πίστει

2071 4561 2154 4616 vel
2203 4561 2443 4630 donent;
2487 4572 2806 4634 extraquam
2859 4568 2904 4623 si
2945 4575 3051 4622 tam
3092 4569 3216 4631 ﬁde,
3270 4586 3432 4642 quam
3484 4573 3644 4631 factis

388 4664 483 4717 καί
513 4662 698 4733 ἔργοις
725 4661 775 4713 οἰ
799 4658 974 4713 ταῦτα
1002 4657 1324 4728 ληψόμενοι.
1381 4658 1441 4710 Εἰ
1474 4658 1582 4729 γὰρ
1619 4655 1809 4727 μηδεὶς
1836 4655 1962 4714 τού·

387 4772 496 4810 των
521 4753 631 4823 εἴη,
672 4750 751 4822 τῷ
783 4751 1071 4823 ἰερωτάτῳ
1097 4750 1200 4812 τὰς
1229 4748 1440 4802 τούτων
1474 4749 1798 4819 περιουσίας
1822 4748 1965 4817 μετᾲ

387 4845 646 4917 τελευτὴν
673 4845 982 4914 προσήκειν
1002 4840 1467 4912 παρακελεύεται.

438 5027 777 5097 ’Ἒξαιρετται
810 5024 867 5079 δὲ
895 5024 997 5095 τῆς
1027 5024 1240 5086 οἰκείας
1304 5023 1647 5094 νομοθεσίας
1702 5025 1834 5089 τοὺς
1896 5027 1964 5081 τὰ

384 5116 751 5188 Σαμαρειτῶν
789 5116 1197 5188 πρεσϐεύοντας
1234 5116 1516 5186 γεωρὶοὺς
1573 5117 1712 5187 πρὸς
1763 5116 1965 5171 σύστα-

391 5226 477 5261 σιν
521 5208 629 5261 τῶν
656 5208 787 5278 παρ’
844 5208 1023 5263 αὐτῶν
1081 5208 1512 5285 γεωργουμένων
1537 5209 1774 5280 χωρίων,
1828 5220 1939 5279 ’συγ

386 5299 645 5371 χωροῦσα
701 5300 933 5365 τούτοις,
995 5300 1303 5372 γεωργοῦσι
1376 5303 1562 5371 μέντοι
1637 5304 1706 5356 τὰ
1781 5305 1963 5375 γήδια,

390 5394 487 5447 καὶ
507 5393 908 5468 κληρονόμους,
929 5395 1024 5448 καὶ
1052 5394 1442 5466 ληγαταρίους,
1469 5397 1564 5449 καὶ
1581 5396 1816 5468 γράφειν
1835 5400 1962 5461 τοὺς

391 5486 571 5538 αὐτῶν
593 5487 846 5551 ἀνιόντας
878 5487 975 5541 καὶ
998 5488 1309 5552 κατιόντας,
1336 5488 1430 5541 καί
1483 5489 1615 5557 τοὺς
1657 5489 1958 5556 ὲκπλαγίου

394 5583 708 5645 συγγενεῖς,
744 5580 849 5633 κᾶν
880 5580 1223 5652 Σαμαρεῖται
1249 5582 1379 5635 εἰσι.
1436 5580 1683 5651 Μηδενὸς
1736 5582 1794 5636 δὲ
1844 5581 1964 5635 τού-

391 5685 501 5721 των
535 5668 949 5738 εὑρισκομένων
1005 5669 1097 5722 τὺν
1163 5668 1356 5739 κύριον
1399 5668 1494 5723 τοῦ
1547 5670 1748 5741 χωρίου
1800 5670 1859 5722 ὲν
1921 5662 1964 5736 ᾧ

392 5759 641 5827 γεωργὸς
666 5753 1168 5828 ἦνότελευτήσας,
1216 5759 1290 5812 τὰ
1338 5762 1471 5831 παρ’
1517 5760 1729 5813 ἐκείνου
1793 5776 1965 5815 κατα-

394 5848 689 5916 λειφθέντα
720 5848 1045 5919 κομίζεσθαι
1078 5852 1379 5923 πράγματα
1412 5851 1721 5924 ἐπιτρέπει,
1756 5857 1848 5907 καὶ
1873 5853 1965 5924 τὴν

2068 4652 2357 4709 orthodoxi
2385 4653 2528 4720 sint,
2561 4657 2654 4724 qui
2706 4669 2772 4711 ea
2824 4666 2956 4711 sunt
2989 4660 3290 4734 accepturi.
3348 4662 3558 4733 Quippe
3594 4667 3640 4721 si

2068 4736 2421 4809 nullus‘talis
2468 4754 2669 4810 exstet,
2725 4763 2918 4804 eorum
2966 4752 3293 4819 patrimonia
3345 4755 3412 4810 ad
3456 4771 3644 4815 sacra-

2070 4836 2344 4893 tissimum
2376 4839 2566 4895 tiscum
2597 4839 2796 4896 debere
2839 4850 2962 4913 post
3006 4852 3237 4900 mortem
3281 4860 3472 4905 eorum
3515 4866 3642 4921 per-

2069 4928 2265 4995 tinere,
2286 4931 2514 4987 “statuit.

2137 5023 2406 5078 Caeterum
2459 5024 2651 5079 eximit
2684 5041 2715 5079 at
2755 5027 3096 5097 Iegislatione
3129 5045 3227 5086 sua
3260 5040 3503 5088 canentes
3537 5031 3637 5087 Sa-

2068 5113 2385 5169 maritarntn
2410 5116 2724 5186 religionem
2761 5121 3030 5191 agricolas
3051 5164 3064 5184 ,
3106 5137 3163 5175 ιιι
3207 5125 3288 5179 eis
3316 5104 3478 5193 agros
3499 5164 3513 5190 ,
3545 5126 3638 5196 qui

2068 5203 2136 5258 ab
2194 5204 2328 5273 ipsis
2380 5209 2725 5272 excoluntur,
2760 5213 3128 5267 commendet.
3181 5213 3275 5271 liis
3317 5217 3464 5271 enim
3507 5232 3641 5274 con-

2069 5296 2234 5365 cedit,
2277 5300 2436 5355 modo
2468 5311 2650 5372 tamen
2699 5318 2860 5374 agros
2895 5306 3040 5374 ipsos
3082 5309 3287 5374 colant,
3322 5316 3431 5364 tam
3469 5310 3643 5365 haere-

2071 5387 2189 5454 des,
2225 5406 2385 5457 quam
2429 5392 2716 5462 legatarios
2748 5395 3033 5452 instituere
3080 5415 3209 5455 suos
3255 5401 3637 5475 ascendentes,

2070 5490 2125 5533 et
2166 5480 2576 5550 descendentes,
2614 5496 2667 5539 et
2708 5497 2972 5558 cognatos
3021 5506 3084 5545 ex
3133 5502 3466 5558 transverso,
3497 5503 3659 5553 tamo.

2072 5572 2174 5625 etsi
2222 5571 2509 5631 Samaritae
2559 5576 2688 5631 sint.
2748 5579 2902 5644 Quod
2934 5583 2977 5635 si
3014 5584 3196 5638 nntius
3246 5583 3436 5636 horum
3485 5583 3639 5638 inve—

2074 5665 2290 5726 niatur,
2323 5664 2438 5733 ejus
2483 5668 2669 5737 prandii
2717 5660 3034 5734 dontinut'n,
3091 5675 3142 5727 in
3196 5690 3305 5743 quo
3352 5672 3642 5732 defunctus

2064 5756 2315 5825 agricolae
2365 5772 2562 5814 munus
2605 5755 2942 5828 'cxcrceliat,
2989 5760 3059 5819 ab
3099 5766 3217 5833 ipso
3261 5765 3445 5819 relicta
3500 5764 3642 5819 ferre

2065 5849 2176 5907 vult
2224 5850 2585 5924 permissione
2638 5854 2897 5922 quadam,
2951 5864 3004 5911 et
3049 5856 3160 5913 ﬁsci
3206 5857 3377 5914 vicem
3433 5859 3487 5919 in
3552 5860 3636 5919 bis
