4066 6392
483 344 616 410 1347

1675 332 1951 401 THEOD.
1994 334 2476 400 BALSAMONIS

3597 323 3717 391 1-348

476 465 617 513 tates
653 455 873 512 urbium
902 455 1067 526 pulsi,
1101 423 1306 512 audeitt
1331 454 1553 509 civitate
1586 463 1860 515 carentes,
1915 464 2046 504 cou-

2168 451 2357 503 σκοπεῖ
2390 448 2615 516 Κύριος,
2646 442 2870 507 δικαίως
2914 436 3433 507 κατασπειρόμενοι,
3466 436 3560 501 καὶ
3587 435 3716 490 κατὰ

479 559 561 602 tra
608 550 1001 619 prophetarum
1055 550 1281 604 decreta
1313 547 1527 611 lacere,
1582 544 1768 615 specie
1814 550 1973 597 tenus
2005 547 2061 596 et

479 640 605 696 licte
638 642 693 695 in
719 642 941 694 modum
973 640 1271 702 larvarum,
1302 637 1642 707 jejunantes,
1708 646 1899 689 revera
1929 646 2061 685 ven-

477 734 547 786 tti
584 732 931 801 indulgentes
982 741 1037 786 et
1073 744 1323 799 pompam
1370 728 1681 798 agitantes;
1717 740 1819 780 nec
1846 723 2062 793 recogi-

481 829 660 875 tantes
697 818 902 888 justam
967 832 1123 872 suam
1171 832 1199 868 a
1262 815 1370 870 Deo
1430 813 1823 877 desertionem,
1890 819 2062 879 utque

481 910 638 965 hodie
664 910 806 964 ultra
860 917 1088 964 cunctas
1115 916 1304 978 gentes
1351 906 1633 961 imminuti
1688 904 1822 969 sint,
1886 913 2052 975 atque

480 1001 838 1070 altjectissimi
883 999 1155 1055 evaserint
1194 1013 1294 1069 per
1330 1008 1499 1052 totum
1541 996 1750 1052 orbem.

554 1290 639 1344 l5.
672 1291 747 1342 Ac
776 1297 1000 1358 propter
1022 1303 1213 1344 eorum
1248 1287 1536 1349 malitiam,
1597 1285 1738 1341 dixit
1798 1283 2060 1338 Dominus

482 1381 626 1436 Deus
657 1400 670 1435 :
704 1380 767 1434 Et
806 1376 1151 1435 Hierusalem
1195 1380 1493 1434 calcabitur
1517 1395 1549 1432 a
1577 1378 1819 1448 gentibus
1837 1375 2058 1443 multis;

478 1488 527 1527 et
562 1490 664 1527 non
697 1473 933 1526 manebit
965 1471 1105 1541 lapis
1165 1487 1323 1541 super
1352 1470 1580 1539 lapidem
1602 1470 1657 1523 in
1686 1469 1819 1523 locis
1852 1469 1969 1537 ejus
1991 1468 2058 1523 “.

482 1565 546 1619 Et
577 1565 808 1619 iterum:
842 1563 987 1619 Aure
1022 1563 1276 1626 audietis,
1308 1572 1486 1617 etnon
1512 1562 1862 1633 intelligetis;
1904 1569 1954 1615 et
1984 1559 2061 1615 vi-

479 1659 660 1710 dentes
719 1654 982 1720 videbitis,
1036 1662 1088 1709 et
1133 1670 1238 1708 non
1287 1654 1636 1723 perspicietis.
1681 1651 2060 1707 lncrassatum

2166 539 2335 602 κύνας
2367 540 2445 601 είς
2475 538 2659 608 ἀκμὰς
2683 532 3074 602 ὲκδιωκόμενοι
3107 530 3339 594 πόλεων,
3370 525 3607 597 τολμῶσι
3630 530 3716 598 τὴν

2163 629 2323 683 πόλιν
2356 629 2430 701 μὴ
2460 627 2677 699 ἔχοντες
2708 624 2860 696 παρὰ
2881 624 2950 679 τά
2977 621 3343 693 νενομισμένα
3373 619 3459 674 διὰ
3480 618 3584 672 τῶν
3605 636 3721 689 προ-

2164 722 2353 794 φητῶν
2385 718 2875 791 καταπράττεσθαι
2908 718 3150 786 σχήματι
3176 714 3274 782 μὲν
3298 713 3387 764 καὶ⁵
3408 710 3721 781 προσωπείῳ

2163 815 2535 885 νηστεύοντες,
2572 811 2802 884 ἀληθείᾳ
2859 809 2916 863 δὲ
2961 806 3392 879 γαστριζόμενοι
3437 804 3529 858 καὶ
3593 820 3723 873 πομ-

2163 912 2423 970 πεύοντες
2448 925 2467 943 ο
2501 908 2577 978 μὴ
2605 904 3052 974 ἀναλογιζόμενοι
3082 901 3181 972 τὴν
3218 901 3285 953 ἑκ
3335 898 3471 952 Θεοῦ
3521 896 3722 951 δικαίαν

2163 1002 2344 1055 αὐτῶν
2380 998 2791 1068 ἐγκατάλειψιν,
2836 996 2930 1049 καὶ
2955 994 3072 1059 πῶς
3106 992 3258 1063 παρὰ
3285 991 3463 1047 πάντα
3512 989 3578 1043 τὰ
3606 988 3723 1061 ἔθνη

2165 1094 2409 1162 σήμερον
2443 1089 2913 1161 ἐσμικρύνθησαν,
2964 1087 3058 1140 καὶ
3091 1086 3148 1139 ἑν
3178 1084 3333 1156 πάσῃ
3365 1086 3432 1154 τῇ
3470 1085 3540 1154 γῇ
3578 1083 3727 1152 γεγὸο

2165 1203 2288 1239 νασι
2318 1185 2603 1238 ταπεινότε
2615 1200 2717 1254 pet.

2237 1302 2326 1364 ιγ’.
2356 1297 2467 1350 Καὶ
2493 1297 2583 1349 διὰ
2603 1296 2703 1367 τὴν
2730 1295 2930 1349 κακίαν
2952 1293 3152 1359 αὐτῶν,
3169 1296 3288 1347 εἰπε
3306 1293 3510 1364 Κύριος
3534 1292 3562 1344 6
3578 1291 3725 1353 Θεόςι

2162 1390 2271 1445 Καὶ
2311 1389 2486 1444 ἔσται
2520 1390 2929 1459 Ἰερουσαλὴμ
2978 1389 3328 1458 πατουμένη
3387 1389 3507 1442 ὑπὸ
3554 1384 3732 1439 ἐθνῶν

2163 1478 2413 1536 πολλῶν
2432 1495 2446 1508 ·
2470 1480 2570 1534 καί
2596 1482 2669 1535 οὐ
2694 1480 2783 1551 μὴ
2814 1482 2994 1551 μείνῃ
3010 1481 3183 1547 λίθος
3211 1479 3315 1536 ἐπὶ
3331 1481 3510 1535 λίθον
3533 1479 3598 1534 ἐν
3620 1478 3732 1545 τοῖς

2164 1573 2375 1638 τόποις
2399 1572 2614 1641 αὐτῆς.
2664 1573 2775 1628 Καὶ
2831 1573 3029 1628 πάλιν*
3081 1571 3263 1640 Ἀκοῆ
3294 1571 3612 1633 ἀκούσετε,
3640 1570 3734 1623 καί

2162 1667 2235 1719 οὐ
2264 1663 2350 1734 μὴ
2384 1664 2638 1732 συνῆτε,
2665 1666 2764 1718 καὶ
2799 1662 3143 1730 ,βλέποντες
3169 1664 3461 1731 βλέψετε,
3520 1662 3619 1716 καί
3668 1661 3734 1715 οὐ

479 1757 555 1804 est
587 1750 725 1802 enim
748 1761 841 1801 cor
871 1747 1054 1817 populi
1101 1736 1286 1815 hujus.
1331 1756 1381 1802 et
1409 1747 1634 1802 auribus
1685 1747 1922 1817 grauiter
1967 1763 2059 1799 au-

2168 1756 2247 1827 μὴ
2282 1756 2470 1825 ἴδητε.
2515 1756 2857 1825 Ἐπαχύνθη
2910 1756 3021 1827 γὰρ
3062 1757 3100 1825 ἠ
3157 1755 3378 1823 καρδία
3430 1752 3539 1808 τοῦ
3592 1750 3735 1806 λαοῦ

480 1836 713 1904 (tierunt,
744 1849 790 1892 et
823 1836 1004 1893 oculos
1035 1854 1161 1894 suos
1183 1838 1494 1894 clauserunt
1536 1878 1553 1905 ,
1584 1854 1647 1893 ne
1673 1839 1807 1910 forte
1854 1838 2060 1892 rideant

482 1929 671 1993 oculis,
703 1939 750 1983 et
787 1930 1008 1983 auribus
1037 1930 1286 1996 audiant,
1341 1939 1393 1986 et
1447 1930 1606 1985 corde
1641 1928 1944 2000 intelligant
1990 1929 2058 1984 "'.

482 2017 823 2089 Quapropter
875 2029 1168 2090 postquam
1227 2019 1439 2083 lumen,
1477 2018 1624 2075 sicut
1675 2018 1937 2084 diximus,
1977 2018 2058 2074 ef-

486 2108 643 2164 fulsit
687 2127 784 2180 per
823 2110 1120 2166 adventum
1175 2114 1288 2167 veri
1339 2108 1544 2167 Christi
1610 2110 1818 2181 Deique
1864 2112 2065 2179 nostri,

491 2201 583 2268 qui
617 2202 884 2271 sanguine
940 2216 1044 2257 suo
1098 2200 1458 2256 fundamenta
1518 2201 1776 2257 Ecclesiae
1822 2200 2066 2269 gentium

485 2291 816 2346 constrinxit
844 2297 1008 2360 atque
1032 2286 1311 2357 solidavit,
1337 2306 1432 2345 nos
1450 2300 1584 2362 gens
1614 2295 1825 2354 sancta,
1858 2282 2067 2344 electus

484 2382 722 2452 populus
751 2381 979 2449 Christi,
1010 2398 1122 2437 non
1178 2382 1351 2438 instar
1413 2398 1602 2439 eorum
1659 2374 1712 2436 in
1771 2383 1861 2438 die
1923 2374 2070 2437 velut

487 2484 814 2528 nocturnum
855 2474 963 2528 iter
1006 2481 1252 2545 agentes,
1314 2472 1412 2529 sed
1463 2472 1787 2529 incedentes
1841 2474 1895 2526 in
1946 2473 2070 2529 luce

486 2568 760 2633 veritatis,
784 2581 1135 2637 nequaquam
1166 2581 1234 2622 ex
1268 2567 1532 2622 armentis
1583 2566 1749 2621 boum
1779 2572 1836 2621 et
1886 2564 2069 2636 gregi-

486 2659 589 2713 bus
620 2658 805 2713 ovium
832 2658 1144 2729 excipimus
1178 2657 1471 2712 Dominum
1507 2656 1603 2728 qui
1623 2671 1725 2712 nos
1753 2672 1783 2711 e
1805 2657 2069 2713 draconis

492 2750 698 2821 eripuit
732 2751 1017 2819 faucibus;
1065 2765 1258 2806 verum
1303 2749 1519 2821 jejunio
1569 2757 1625 2804 et
1678 2749 1928 2804 oratione
1979 2765 2071 2806 se-

485 2846 720 2900 cundam
766 2855 978 2902 naturae
1009 2844 1352 2899 nativitatem
1410 2842 1803 2903 celebramus:
1837 2839 2069 2911 Sacriﬁ-

485 2940 626 2991 cium
658 2938 828 3002 ettim,
861 2938 1061 3009 inquit,
1101 2947 1152 2992 et
1190 2937 1511 2992 oblationem
1537 2937 1946 2991 noluistimnde
1976 2939 2071 2990 hoc

452 3049 675 3102 ,corpus
706 3048 877 3087 meum
901 3031 1262 3100 sancti/icasti
1310 3039 1359 3084 et
1393 3028 1662 3099 perfecisti
1705 3045 1724 3084 :
1760 3046 1922 3100 neque
1972 3029 2071 3083 lto-

487 3124 725 3178 locausta
750 3140 843 3193 pro
867 3134 1082 3192 peccato
1114 3123 1212 3177 tibi
1244 3122 1558 3190 placuerunt
1582 3137 1601 3176 :
1634 3123 1887 3192 quocirca
1913 3123 2031 3175 dixi
2053 3137 2071 3177 :

486 3214 625 3270 Ecce
651 3217 799 3270 venio
836 3217 900 3268 ιθ.

560 3442 647 3496 14.
681 3438 750 3494 Et
778 3454 880 3512 pro
919 3439 1047 3510 agni
1107 3437 1268 3502 festo,
1292 3436 1462 3509 quod,
1498 3446 1558 3492 ut
1597 3435 1907 3503 retulimus,
1950 3435 2066 3491 lieri

487 3533 765 3590 decretum
792 3540 876 3590 est
921 3540 1145 3604 propter
1192 3529 1479 3587 Israelitici
1510 3529 1700 3599 populi
1768 3545 1835 3585 ex
1885 3528 2065 3601 Λεω-

488 3635 582 3700 pto
640 3628 696 3683 in
735 3627 1100 3683 Cltananaeam
1171 3623 1491 3689 transitttm,
1542 3622 1757 3693 agimus
1812 3636 2068 3693 magnum

489 3731 850 3790 sanctumque
878 3718 1112 3776 Pascha.
1155 3715 1362 3786 Spiritu
1393 3716 1537 3770 enim
1592 3713 1790 3769 festum
1823 3714 2069 3771 celebra-

490 3828 635 3877 mus,
674 3828 783 3868 non
813 3826 1002 3868 eorum
1036 3825 1187 3865 more
1216 3808 1480 3864 mactatis
1536 3805 1709 3862 haedis
1759 3816 1813 3863 et
1847 3807 2064 3873 ovibus,

490 3904 740 3975 postibus
764 3903 1033 3974 sanguine
1058 3900 1309 3971 pollutis,
1338 3899 1720 3970 primogenitis
1737 3900 2067 3967 somniatis;

490 3997 587 4053 scd
613 4012 709 4068 per
752 3995 1074 4065 sanguinem
1116 4001 1172 4050 et
1230 4006 1433 4062 corpus
1473 3991 1595 4060 ejus
1655 3991 1749 4061 qui
1817 3992 1888 4049 ab
1932 3992 2068 4062 ipsis

489 4101 688 4161 sponte
712 4089 995 4159 iugulatus
1023 4095 1132 4154 est,
1162 4085 1367 4142 Christi
1411 4083 1530 4149 Dei,
1581 4083 1695 4139 veri
1754 4083 1891 4153 Agni
1951 4085 2068 4151 Dei,

493 4180 618 4236 Filii
665 4177 866 4249 Patris,
906 4177 1114 4249 quique
1148 4178 1289 4232 tollit
1334 4174 1522 4230 mundi
1578 4183 1879 4242 peccatum,
1942 4192 2070 4231 δεησ-

493 4288 655 4330 suum
684 4271 954 4329 vestibula
988 4280 1254 4343 tingentes
1298 4276 1352 4321 et
1390 4265 1827 4333 sattctil‘tcantcs,
1877 4282 1943 4323 ac
1974 4283 2069 4323 ex-

494 4364 904 4420 terminatorem
935 4361 1200 4416 Satanam
1232 4358 1691 4413 exterminantes.
1722 4354 2070 4415 Sustinemus

494 4467 677 4512 autem
704 4453 974 4527 jejunium
999 4468 1106 4508 non
1128 4460 1337 4522 septem
1389 4449 1625 4513 dierum,
1682 4432 1777 4504 sed
1831 4449 2069 4519 quadra-

495 4551 679 4622 ginta;
705 4548 835 4619 quia
884 4546 1146 4602 Dominus
1174 4554 1360 4599 noster
1379 4542 1537 4598 Jesus
1583 4541 1836 4599 Christus
1869 4558 1964 4611 per
1990 4551 2074 4598 to—

504 4639 668 4693 tidem
687 4652 921 4692 numero
947 4635 1066 4689 dies
1099 4633 1399 4703 jejunavit,
1437 4642 1490 4685 et
1512 4630 1809 4687 celebravit
1842 4632 2077 4701 Pascha,

498 4742 624 4784 cum
660 4727 780 4798 ipse
811 4734 867 4781 et
917 4724 1203 4780 sact-ilicus
1254 4732 1309 4776 et
1349 4721 1570 4776 victima
1603 4735 1725 4776 esse
1785 4720 2072 4776 voluisset.

502 4821 597 4877 Sic
627 4830 789 4889 atque
822 4832 919 4887 per
976 4816 1093 4871 haec
1124 4829 1254 4869 vero
1279 4814 1399 4882 agni
1435 4811 1574 4868 festo
1602 4818 1848 4882 peracto,
1883 4813 2076 4880 ρι’ωοί-

498 4928 604 4983 pne
635 4910 871 4974 anobis,
917 4908 1166 4963 dicamus
1188 4920 1298 4976 qua
1335 4904 1547 4960 ratione
1604 4903 1803 4959 festum
1855 4903 2062 4959 hebdo-

500 5004 783 5059 madarum
824 5002 1185 5058 celebremus.

2165 1850 2407 1911 τούτου,
2431 1849 2530 1903 καὶ
2561 1849 2688 1915 τοῖς
2714 1849 2827 1903 ὠσί
2853 1848 3094 1918 ,βαρέως
3140 1846 3448 1918 ἤκουσαν,
3480 1845 3577 1899 καί
3605 1844 3737 1908 τοὺς

2165 1941 2511 2011 ὀφθαλμοὺς
2532 1939 2735 1996 αὐτῶν
2755 1941 3138 2011 ἐκάμμυσαν,
3157 1938 3396 2007 μήποτε
3430 1936 3604 1990 ἴδωσι
3625 1935 3738 2000 τοῖς

2167 2033 2520 2103 ὀφθαλμοῖς,
2583 2036 2684 2089 καί
2732 2034 2858 2101 τοῖς
2922 2034 3077 2087 ὠσίν
3129 2032 3469 2096 ἀκούσωσι,
3519 2029 3617 2084 καὶ
3671 2027 3738 2096 τῇ

2167 2126 2381 2195 καρδίᾳ
2405 2124 2663 2182 συιηῶσι.
2700 2128 2780 2179 Δι’
2813 2126 2842 2179 ὃ
2878 2126 2973 2179 καὶ
3002 2124 3098 2177 τοῦ
3147 2122 3350 2192 φωτὸς,
3390 2123 3470 2186 ὡς
3502 2124 3737 2193 εἴπομεν,

2169 2215 2485 2286 λάμψαντος
2510 2216 2597 2271 διὰ
2621 2218 2719 2287 τῆς
2752 2218 3058 2287 παρουσίας
3089 2215 3186 2270 τοῦ
3219 2213 3482 2287 ἀληθινοῦ
3511 2210 3737 2283 Χριστοῦ

2169 2309 2266 2362 καὶ
2284 2308 2418 2362 Θεοῦ
2448 2310 2628 2380 ἡμῶν,
2669 2311 2764 2364 τοῦ
2793 2310 2871 2380 τῷ
2928 2312 3115 2379 οἰκείῳ
3152 2306 3607 2377 στεγανώσαντος
3657 2305 3739 2359 αἶ·

2174 2416 2305 2469 ματι
2357 2401 2457 2469 τῆς
2493 2400 2553 2466 ἑξ
2588 2402 2761 2455 ἑθνῶν
2803 2401 3133 2471 Ἐκκλησίας
3174 2401 3244 2455 τά
3272 2398 3543 2471 θέμεθλα,
3588 2396 3738 2469 ἡμεῖς

2170 2492 2323 2556 ἔθνος
2349 2494 2410 2546 τὸ
2435 2494 2613 2563 ἅγιον,
2640 2495 2668 2547 6
2699 2494 2961 2558 ἐκλεκτὸς
3008 2493 3138 2558 λαὸς
3194 2491 3289 2546 τοῦ
3346 2489 3617 2562 Χριστοῦ,
3673 2487 3742 2557 μὴ

2170 2586 2291 2639 κατ’
2330 2585 2573 2648 ἐκείνους
2613 2587 2677 2638 ὲκ
2729 2587 2914 2659 ἡμέρᾳ
2972 2583 3463 2652 νυκτοϐατοῦντες,
3519 2581 3633 2637 ἀλλ’
3691 2582 3743 2634 ἑν

2170 2674 2430 2743 ἀληθείας
2450 2675 2592 2742 φωτὶ
2622 2675 3006 2745 πορευόμενοι,
3042 2677 3108 2728 ἑκ
3144 2672 3449 2745 βουκολίων
3501 2671 3602 2743 μὲι
3657 2671 3745 2724 καὶ

2171 2767 2440 2829 ποιμνίων
2467 2765 2793 2833 γαλαθηνῶν
2823 2766 2882 2818 οὐ
2911 2762 3236 2836 δεξιούμεθα
3263 2763 3355 2817 τὸν
3383 2764 3537 2835 ημᾶς
3568 2765 3634 2818 ὲκ
3657 2761 3742 2814 τοῦ

2172 2854 2455 2925 φάρυγγος
2503 2853 2596 2907 τοῦ
2654 2854 2952 2925 δράκοντος
3011 2853 3447 2923 λυτρωσάμενον
3510 2851 3741 2920 Κύριον·

2172 2944 2398 3015 νηστείᾳ
2446 2942 2504 2995 δὲ
2545 2942 2640 2997 καὶ
2687 2944 2969 3014 προσευχῇ
3033 2940 3132 3012 τὴν
3178 2939 3608 3010 παλιγγενεσίαν
3655 2940 3743 3007 τῆς

2174 3032 2392 3102 φύσεως
2428 3030 2781 3100 ἑορτάζομεν.
2818 3032 3052 3085 Θυσίαν
3081 3029 3213 3101 γάρ,
3250 3031 3411 3102 φησὶ,
3446 3030 3549 3085 καὶ
3576 3042 3748 3099 προσ·

2111 3134 2152 3194 C
2178 3123 2372 3193 φορὰν
2399 3121 2511 3173 οὐκ
2542 3119 2888 3189 ἠθέλησας·
2931 3121 3031 3173 ὅτε
3069 3137 3192 3188 μου
3239 3120 3307 3174 τὸ
3351 3119 3535 3190 σῶμα
3582 3118 3746 3174 τοῦτο

2172 3210 2437 3283 ήγίασας
2477 3212 2575 3266 καὶ
2637 3210 3006 3279 κατήρτισας
3033 3227 3047 3241 ·
3094 3209 3240 3264 οὐδὲ
3286 3209 3749 3281 ὁλοκαυτώματα

2174 3302 2307 3372 περὶ
2336 3300 2626 3372 ἁμαρτίας
2655 3297 3004 3368 εὐδόκησας
3033 3313 3048 3329 °
3089 3298 3189 3353 ὅτε
3221 3294 3387 3367 εἶπα,
3425 3299 3576 3355 Ἰδοὺ
3608 3299 3743 3368 ἤκω.

2255 3437 2341 3495 ιδ’.
2373 3439 2484 3492 Καὶ
2508 3436 2628 3492 ἀντὶ
2644 3438 2743 3504 τῆς
2763 3435 2956 3506 ἑορτῆς
2977 3433 3073 3489 τοῦ
3090 3435 3286 3508 Ἀμνοῦ
3305 3436 3409 3506 τῆς
3428 3436 3749 3507 ὁρισθείσπς,

2177 3531 2254 3596 ὡς
2295 3531 2544 3600 εἴπομεν,
2577 3528 2827 3598 γίνεσθαι
2851 3528 2944 3584 διὰ
2963 3528 3065 3600 τὴν
3089 3528 3149 3593 ἑξ
3178 3528 3468 3597 Αἰγύπτου
3500 3533 3633 3601 πρὸς
3657 3528 3745 3598 τὴν

2181 3625 2495 3682 Χαναναίαν
2559 3621 2863 3693 μετάϐασιν
2916 3620 3012 3675 τοῦ
3080 3622 3425 3692 Ἰσραηλίτου
3487 3622 3641 3685 λαοῦ,
3696 3620 3751 3672 τὺ

2181 3717 2327 3790 μέγα
2356 3717 2450 3772 καὶ
2480 3716 2635 3785 ἆγιον
2671 3715 2885 3785 Πάσχα.
2933 3712 3219 3784 Πνεύματι
3250 3713 3361 3782 γὰρ
3428 3713 3750 3785 ἑορτάζομεν

2180 3810 2254 3880 μὴ
2272 3809 2390 3863 κατ’
2407 3809 2673 3875 ἐκείνους,
2692 3807 2916 3878 ἐρίφους
2942 3809 3038 3862 καὶ
3063 3807 3315 3878 πρόϐατα
3334 3807 3750 3876 σφαγιάζοντες,

2176 3904 2416 3966 καὶτοῖς
2477 3902 2674 3973 αἴμαοι
2727 3901 2827 3964 τὰς
2877 3900 3039 3969 φλιὰς
3094 3899 3605 3971 καταχραίνοντες,
3660 3898 3749 3950 καὶ

2175 3995 2652 4067 ὀνειροπολοῦντες
2711 3995 3056 4063 πρωτότοκω
3115 3993 3256 4048 ἀλλὰ
3317 3992 3396 4064 τῷ
3443 3994 3635 4061 αἵματι
3663 3990 3747 4043 καὶ

2175 4091 2253 4159 τῷ
2287 4088 2497 4158 σώματι
2576 4086 2672 4142 τοῦ
2714 4088 2866 4157 παρὰ
2914 4088 3121 4141 τούτων
3154 4085 3589 4155 σφαγιασθέντος
3641 4083 3750 4135 tilia-

2175 4181 2320 4235 λοντὶ
2349 4178 2591 4252 Χριστοῦ
2632 4180 2727 4232 τοῦ
2773 4177 2937 4247 Θεοῦ,
2962 4178 3056 4232 τοῦ
3105 4178 3362 4250 ἀληθινοῦ
3424 4177 3626 4249 Ἀμυοῦ
3660 4173 3746 4229 τοῦ

2176 4273 2338 4340 Θεοῦ,
2360 4273 2456 4328 τοῦ
2497 4272 2630 4327 Υίοῦ
2652 4271 2748 4327 τοῦ
2781 4272 3014 4343 Πατρὸς,
3042 4270 3141 4325 τοῦ
3172 4273 3430 4340 αίροντος
3455 4273 3558 4342 τὴν
3578 4272 3748 4340 ἁμαρ-

2174 4370 2294 4421 τίαν
2316 4367 2410 4421 τοῦ
2443 4367 2674 4436 κόσμου,
2725 4367 2824 4429 τὰς
2876 4365 2986 4418 τῶν
3032 4364 3343 4435 αἰσθήσεων
3402 4364 3748 4435 παραθύρους

2106 4500 2150 4555 D
2178 4460 2460 4529 χριόμενοι
2478 4460 2572 4512 καὶ
2594 4458 2947 4527 ἁγιαζόμενοι
2978 4458 3074 4511 καὶ
3101 4458 3194 4511 τὸν
3216 4456 3550 4529 ὀλοθρευτὴν
3582 4453 3747 4508 Σατὰν

2177 4548 2582 4620 ὀλοθρεύοντες.
2619 4545 2973 4617 Νηστεύομεν
2996 4546 3054 4600 δὲ
3083 4548 3341 4620 νηστείαν
3401 4547 3503 4618 οὐχ
3557 4548 3749 4612 ἑπταή-

2178 4657 2372 4711 μερον,
2420 4637 2557 4691 ἀλλὰ
2587 4636 3178 4707 τεσσαρακονθήμερον
3198 4655 3212 4670 ο
3257 4640 3340 4692 ὅτι
3367 4639 3462 4693 καὶ
3488 4641 3516 4691 6
3555 4638 3748 4707 Κύριος

2176 4727 2332 4798 ἡμῶν
2364 4725 2572 4797 Ἰησοῦς
2599 4723 2837 4796 Χριστὸς
2883 4727 3359 4798 τοσαυταρίομους
3387 4727 3609 4799 ἡμέρας
3632 4725 3747 4793 ἑνή-

2176 4832 2390 4878 στευσε,
2419 4816 2514 4868 καὶ
2539 4814 2600 4866 τὸ
2627 4814 2819 4885 Πάσχα
2846 4816 3157 4881 τετέλεκεν,
3186 4816 3349 4879 αὐτὸς
3375 4816 3432 4869 δὲ
3460 4816 3630 4884 θύτης
3661 4813 3748 4865 καὶ

2182 4905 2329 4975 θῦμα
2351 4903 2606 4971 γενέσθαι
2637 4903 3096 4973 καταδεξάμενος.
3134 4903 3292 4957 Οὕτω
3323 4904 3417 4956 καὶ
3464 4906 3554 4957 διά
3581 4900 3746 4954 ταῦτα

2174 4995 2274 5063 τῆς
2309 4990 2543 5061 ἀληθοῦς
2586 4993 2787 5062 ἑορτῆς
2840 4992 2933 5044 τοῦ
2987 4990 3187 5062 ’Δμνοῦ
3211 4992 3566 5063 τελουμένης,
3594 4989 3745 5062 μάλι-

500 5121 600 5157 στα
662 5100 795 5173 παρ’
824 5098 1005 5171 ἡμῶν,
1056 5095 1285 5167 εἴπομεν
1362 5095 1516 5156 ὅπως
1557 5091 1682 5164 ..τὴν
1755 5090 1950 5161 ἑορτὴν
2031 5090 2142 5144 τῶ)
2185 5087 2497 5158 ἑϐδομάδων
2528 5086 2999 5157 πανηγυρίζομεν.

579 5239 667 5295 lii.
697 5236 985 5293 Sancitum
1012 5243 1098 5290 est
1130 5247 1160 5287 a
1185 5231 1294 5287 Deo
1335 5245 1432 5300 per
1475 5229 1679 5285 Mosem
1737 5227 1882 5281 sicut
1911 5241 2076 5296 supe-

515 5338 637 5390 rius
668 5337 1028 5387 memoratum
1057 5328 1179 5391 luit,
1211 5334 1269 5379 ut
1294 5331 1415 5393 post
1443 5321 1581 5392 Agni
1611 5320 1811 5376 festum
1841 5321 2077 5390 p0pulus

501 5444 599 5499 per
615 5433 820 5495 septem
842 5418 1211 5476 hebdomadas
1225 5415 1407 5485 quiete
1423 5414 1659 5484 degeret,
1679 5420 1842 5482 atque
1860 5411 1931 5465 ita
1953 5426 2077 5465 cum

500 5518 709 5590 jejunio
739 5523 795 5570 et
825 5511 1140 5569 humilitate
1166 5514 1446 5579 perageret
1470 5504 1840 5561 celebritatem
1866 5502 2081 5560 Hebdo-

578 5723 621 5753 “
646 5719 778 5774 Luc.
816 5715 1031 5771 ωλι.
1092 5715 1135 5747 ’⁷
1168 5712 1271 5770 lsa.
1294 5726 1371 5779 Vt,
1399 5711 1583 5780 9,10;
1627 5711 1814 5769 Matth.
1851 5728 1972 5778 xm,
2012 5712 2098 5777 Η,
2130 5711 2212 5765 lii.

2251 5230 2335 5279 ιε’.
2355 5221 2581 5295 Ὠρίσοη
2602 5222 2690 5275 διὰ
2705 5224 2950 5288 Μωσέως
2977 5223 3128 5293 παρὰ
3148 5223 3312 5292 Θεοῦ,
3337 5223 3525 5288 καθὼς
3549 5221 3747 5279 ἄνωθεν

2178 5317 2416 5387 εἴρηται,
2444 5316 2586 5382 μετὰ
2624 5314 2724 5385 τὴν
2773 5316 2973 5387 ἑορτὴν
3031 5316 3125 5370 τοῦ
3181 5316 3405 5387 ’Δμνοῖη
3460 5317 3749 5388 ἡσυχάζειν

2177 5411 2269 5462 ἑπὶ
2301 5406 2601 5477 ἑϐδομάδας
2632 5407 2771 5460 ἐπτά
2805 5408 2897 5461 τὶν
2924 5409 3069 5475 λαὸν,
3097 5412 3192 5462 καὶ
3222 5408 3367 5464 οὕτω
3397 5409 3577 5462 τελεῖν
3617 5407 3746 5479 μετὰ

2179 5500 2429 5570 νηστείας
2468 5500 2565 5554 καὶ
2607 5499 2989 5565 ταπεινώσεως
3049 5500 3394 5573 Ἐϐδομάδων
3424 5504 3745 5573 πανήγυριν.

2292 5710 2332 5753 ‘t
2356 5708 2500 5767 Psal.
2534 5729 2717 5777 χχχιχ,
2748 5711 2800 5779 7,
2826 5712 2902 5781 8;
2935 5711 3100 5769 llcbr.
3127 5730 3178 5780 ς,
3219 5714 3251 5770 5
3281 5729 3400 5784 sqq.
