4066 6384
342 420 486 488 1353

1561 416 1813 479 EPIST.
1851 416 1950 476 DE
1987 415 2361 478 JEJUNIIS.

3443 423 3583 488 1354

333 539 563 607 λέγοντα
588 537 949 606 κρύπτεσθαι·
986 537 1079 591 καὶ
1110 537 1138 590 6
1172 535 1430 600 ἐκλεκτὸς
1474 537 1602 602 λαὸς
1643 536 1739 590 τοῦ
1770 535 1901 589 Θεοῦ

2026 536 2154 590 tatis
2185 536 2372 592 lumen
2395 532 2661 591 abscondi
2701 534 2806 592 sub
2847 535 3168 608 ignorantiae
3228 537 3503 603 tenebris;
3530 550 3585 591 et

338 628 642 700 ὲορταζέτω
672 629 792 682 ἀντὶ
830 629 928 699 τῆς
955 629 1341 700 Σκηνοπηγίας
1375 628 1475 700 τῆς
1506 630 1743 700 νομικῆς
1767 629 1908 682 κατὰ

334 721 433 791 τὴν
483 727 542 773 ιε’
596 718 690 773 τοῦ
731 720 960 791 ὲὸδόμου
1005 722 1194 792 μηνὸς,
1247 720 1341 774 τοῦ
1361 719 1694 788 Αὐγούστου,
1743 720 1906 791 φημὶ,

333 815 431 883 τῆς
460 811 619 881 ἁγίας
658 812 923 866 Θεοτόκου
967 812 1065 883 τὴν
1115 812 1388 884 Κοίμησιν
1419 852 1433 877 ,
1481 812 1664 877 καθὼς
1701 814 1729 866 ὁ
1777 813 1910 877 Θεὸς

332 906 634 969 διετάξατο.

401 996 470 1050 κ’.
508 999 727 1052 Τούτων
759 998 930 1060 οὕτως
977 998 1232 1067 ἐχόντων,
1287 996 1483 1068 ῥητέον
1524 999 1618 1051 καὶ
1647 996 1907 1068 περὶτῆς

332 1087 568 1157 νομικῆς
604 1088 712 1141 τῶν
744 1087 1068 1154 Σαλπίγγων
1098 1086 1298 1157 ἑορτῆς
1320 1084 1373 1138 τί
1402 1086 1716 1156 νενόμισται
1770 1084 1907 1155 πρό-

333 1199 509 1250 τερον,
552 1181 648 1234 καὶ
672 1181 722 1232 τί
752 1161 1368 1249 τετέλεσταικδεύτερον.
1414 1176 1477 1231 Ἦ
1504 1179 1614 1233 τῶν
1669 1176 1908 1244 Σαλπίγ-

331 1291 445 1340 γων
472 1274 783 1343 πανήγυρις
817 1272 1124 1341 ἐωρτάξετο
1159 1270 1258 1339 μὲν
1291 1272 1442 1342 παρὰ
1473 1272 1585 1334 τοῖς
1628 1269 1907 1332 Ἰουδαίοις

331 1365 462 1418 ποτὲ
482 1366 621 1419 κατὰ
643 1365 929 1435 διαφόρους
946 1363 1193 1434 καιροὺς,
1219 1363 1402 1425 καθὼς
1427 1364 1454 1415 6
1468 1362 1600 1425 Θεὸς
1617 1361 1694 1433 τῷ
1718 1363 1908 1415 Μωσιί

328 1458 637 1529 διωρίσατο.
662 1460 930 1523 Ποίησον
959 1460 1086 1528 γὰρ,
1117 1459 1274 1528 φησὶ,
1298 1456 1534 1523 σεαυτῷ
1562 1455 1905 1525 σάλπιγγας

328 1550 546 1617 ἐλατὰς
596 1546 877 1621 ἀργυρᾶς·
930 1550 1028 1605 καί
1077 1552 1389 1605 σαλπιεῖτε
1446 1549 1517 1603 ἐν
1565 1549 1777 1615 αὐταῖς
1804 1547 1904 1601 ἐπὶ

328 1642 454 1707 τοῖς
504 1642 1008 1713 ὁλοκαυτώμασιν
1076 1641 1266 1712 ὑμῶν,
1324 1642 1423 1695 καί
1487 1641 1618 1709 ταῖς
1662 1641 1904 1709 θυσίαις

325 1731 447 1786 τῶν
491 1733 801 1800 σωτηρίων
828 1730 1018 1801 ὑμῶν·
1055 1732 1187 1802 παρ’
1212 1731 1371 1803 ἡμῶν
1417 1732 1475 1786 δὲ
1508 1730 1657 1797 ἅπαξ
1688 1732 1757 1786 δι’
1778 1733 1901 1786 ὅλου

328 1825 767 1895 πανηγυρίζεται
828 1825 922 1879 τοῦ
983 1818 1256 1880 ἐνιαυτοῦ.
1324 1825 1763 1897 Βλέποντες-γὰρ
1798 1828 1973 1928 τὰςΒ

325 1918 596 1983 ἐξαισίους
623 1917 993 1987 μαρμαρυγὰς
1022 1917 1115 1971 τοῦ
1146 1917 1461 1987 λάμψαντος
1491 1918 1723 1988 ἀστέρος
1751 1920 1892 1986 φάτο

325 2027 421 2076 νης
482 2008 696 2076 ἀλόγων
749 2007 1081 2079 ἐφύπερθεν,
1132 2010 1226 2062 καὶ
1261 2010 1356 2063 τοῦ
1414 2010 1616 2079 Κυρίου
1649 2012 1749 2081 τὴν
1777 2011 1902 2080 γέν-

323 2117 481 2170 νησιν
521 2099 954 2170 προμηνύοντος,
980 2099 1314 2170 πιστεύομεν
1358 2101 1574 2169 ἐκείνην
1605 2100 1704 2171 τὴν
1728 2103 1900 2171 ἀργυ-

326 2194 594 2262 ρόστομον
651 2191 931 2261 σάλπιγγα
961 2192 1088 2262 περὶ
1132 2191 1301 2263 αὐτῆς
1330 2193 1431 2264 τῆς
1468 2193 1774 2263 γεννήσεως
1803 2175 1897 2246 τοῦ

322 2285 555 2354 Χριστοῦ
590 2284 866 2339 ποιεῖσθαι
897 2285 1317 2348 τὰς’διαλαλιά;⁶
1346 2285 1644 2340 κάντεῦθεν
1664 2288 1901 2341 τὸ-σκια-

326 2380 520 2448 μαχεῖ-ι
564 2377 1000 2447 βδελυττόμενοι,
1038 2377 1455 2446 άγκαλιζόμεθα
1475 2379 1572 2449 τὴν
1604 2379 1890 2449 ἀλήθειαν.

320 2467 745 2538 Ἀστεροσκόποι
771 2466 865 2520 καὶ
898 2467 1086 2537 μάγοι,
1132 2466 1228 2520 uati.
1258 2466 1460 2536 Μήδων
1519 2467 1777 2537 ἄρχοντες
1806 2466 1899 2518 καὶ

322 2558 493 2624 mea,
549 2557 731 2611 πόσων
787 2557 1078 2627 ἀργυρέων
1156 2546 1475 2625 σαλπίγγων
1556 2557 1732 2625 φωναὶ
1797 2558 1898 2627 τὴν

321 2651 379 2718 ἐξ
405 2649 680 2703 ἀνατολῶν
705 2650 787 2712 είς
812 2649 912 2720 τὴν
952 2646 1203 2719 Βηθλεὲμ
1255 2648 1529 2721 ὑμετέραν
1579 2649 1899 2720 ὲσχεδίασαν

319 2741 542 2810 ἄφνξινς
585 2740 680 2803 Τίς
712 2735 780 2812 ἦν
840 2740 1044 2803 ἐκεῖνος
1070 2740 1098 2792 6
1128 2739 1399 2812 εύρυϐόας
1460 2740 1554 2795 καὶ
1611 2740 1899 2811 Στεντορό-

320 2853 515 2911 φωνος,
541 2838 569 2888 6
600 2833 869 2897 σαλπίσας
925 2834 1026 2903 τὴν
1078 2832 1351 2904 ὑμετέραν
1394 2834 1731 2904 μετάκλησιν
1757 2849 1770 2898 ;
1801 2832 1900 2895 Τίς

317 2925 386 2998 ἦν
420 2929 626 2990 ἐκεῖνος
655 2929 682 2981 ὁ
713 2926 928 2997 λύχνος,
963 2929 991 2980 6
1019 2925 1119 2997 τὴν
1166 2928 1388 2997 χρονίαν
1406 2927 1714 2998 ἀποδημίαν
1743 2928 1898 2998 ὑμῶν

320 3019 682 3083 καταπαύσας
708 3021 789 3082 είς
819 3018 1126 3090 σπήλαιον;
1160 3018 1381 3082 Πάντως
1404 3019 1579 3089 ἐρεῖτε
1618 3019 1712 3074 καὶ
1735 3021 1897 3076 ἄκον-

316 3130 407 3176 τες
431 3114 639 3166 ἐκεῖνον
690 3107 833 3165 εἶναι
878 3111 973 3164 τὸν
1005 3110 1214 3182 ἀστέρα
1247 3111 1342 3165 τὸν
1409 3113 1671 3182 παμφαῆ,
1717 3113 1810 3166 τὸν
1838 3113 1898 3166 ὲν

2010 633 2221 685 electus
2260 628 2355 685 Dei
2408 629 2641 699 populus
2677 630 2795 685 vice
2828 629 3020 702 legalis
3054 629 3407 702 Seenopegiae
3440 626 3586 687 Cele-

2008 720 2132 776 bret
2185 719 2274 776 die
2331 721 2744 791 quintodecimo
2805 722 3021 792 septiml
3076 724 3280 780 mensis
3331 722 3582 792 Augusti,

2012 814 2260 882 inquam,
2312 822 2522 868 sanctae
2573 813 2822 884 Deiparae
2879 812 3369 877 Obdormitinnem,
3420 813 3582 867 sicuti

2013 904 2154 961 Deus
2185 906 2460 976 praecepit.

2077 998 2169 1053 20.
2202 996 2297 1054 His
2333 999 2405 1053 ita
2430 1014 2489 1054 se
2524 999 2874 1063 habentibus,
2906 999 3198 1054 dicendum
3241 1016 3457 1071 quoque
3513 999 3580 1058 de

2009 1090 2165 1160 legali
2200 1088 2478 1146 Tubarum
2520 1091 2678 1159 festo,
2715 1090 2850 1163 quid
2889 1091 3040 1158 prius
3071 1093 3348 1147 sancitum
3392 1092 3580 1159 fuerit,

2008 1194 2061 1238 et
2093 1184 2223 1252 quid
2252 1184 2588 1240 celebratum
2625 1185 2891 1263 secundo
2922 1185 3062 1240 loco.
3096 1184 3377 1240 'l‘ubarum
3429 1188 3577 1243 cele-

2008 1277 2200 1338 britas,
2231 1290 2260 1329 a
2289 1274 2497 1331 Judazis
2560 1277 2927 1346 peragebatur
2981 1276 3110 1332 olim
3172 1277 3409 1334 diversis
3442 1287 3584 1334 tem-

2006 1365 2726 1436 poribus,quemadmndum
2749 1365 2891 1422 Deus
2916 1366 3382 1440 mandavitMoysi
3421 1387 3433 1422 :
3468 1367 3584 1424 Fac
3696 1414 3697 1417 η

2005 1456 2178 1523 enim,
2202 1455 2407 1526 inquit,
2434 1454 2530 1511 tibi
2561 1455 2716 1509 tubas
2760 1455 2983 1511 ductiles
3013 1468 3326 1526 argenteas:
3353 1468 3401 1511 et
3435 1458 3585 1512 clan-

2004 1551 2136 1620 getis
2168 1552 2223 1604 in
2247 1551 2375 1616 ipsis
2401 1563 2558 1618 super
2602 1549 2925 1604 holocaustis
2965 1551 3175 1617 vestris,
3199 1560 3245 1605 et
3294 1552 3581 1621 sacriﬁciis

2004 1643 2325 1698 salutarium
2349 1655 2637 1698 vestrorum
2679 1643 2742 1700 ".
2806 1642 2963 1711 Apud
3021 1660 3122 1699 nos
3171 1654 3354 1699 autem
3406 1646 3579 1700 semel

2003 1752 2100 1805 per
2136 1744 2317 1792 totum
2348 1751 2550 1791 annum
2582 1736 3024 1791 concelebratur.
3077 1735 3326 1808 Namque
3388 1736 3575 1793 intuiti

2002 1831 2234 1886 eximias
2257 1830 2669 1885 coruscationes
2701 1829 2892 1892 stella,
2920 1845 3040 1898 qum
3090 1831 3347 1900 apparuit
3400 1846 3569 1901 supra

2004 1908 2246 1990 praesepe
2277 1920 2594 1973 animalium
2651 1925 2706 1973 et
2765 1921 3106 1974 nativitatem
3170 1919 3386 1975 Domini
3441 1936 3579 1990 pra:—

2004 2012 2295 2075 nuutiavit,
2323 2011 2603 2066 credimus
2640 2011 2785 2065 illam
2839 2013 3082 2081 argentei
3132 2013 3246 2067 oris
3292 2014 3477 2066 tubam
3508 2013 3576 2068 de

2002 2102 2119 2172 ipsa
2146 2103 2353 2158 Christi
2387 2104 2676 2158 nativitate
2727 2119 3013 2160 sermones
3066 2106 3368 2173 evulgare:
3419 2108 3578 2160 inde-

2002 2212 2108 2264 que
2145 2195 2491 2251 umbratilem
2521 2212 2760 2267 pugnam
2802 2196 3121 2263 abmuinati,
3155 2202 3578 2267 comp'eetimur

2000 2289 2311 2344 veritatem.
2355 2290 2647 2345 Astrorum
2683 2291 3030 2360 inSpectorcs
3058 2299 3112 2343 et
3163 2293 3325 2362 magi,
3360 2300 3412 2345 rt
3468 2291 3581 2345 Me-

2001 2381 2194 2433 dorum
2233 2381 2513 2453 principes
2538 2397 2601 2435 ac
2636 2379 2798 2444 Saba,
2832 2390 3158 2450 quautarum
3192 2390 3577 2445 argentcarum

2003 2475 2259 2529 tubarum
2302 2489 2484 2539 voces,
2522 2485 2761 2529 vestram
2790 2490 2854 2528 ex
2894 2474 3118 2529 Oriente
3163 2475 3217 2527 in
3263 2473 3577 2529 Betlileliem

2001 2568 2401 2636 profectionem
2474 2567 2876 2622 concitarunt?
2930 2566 3066 2633 Quis
3137 2578 3255 2623 erat
3307 2567 3399 2622 ille
3474 2568 3581 2621 late

2007 2662 2251 2715 clamans
2284 2673 2337 2715 et
2372 2658 2661 2715 Stentorea
2696 2676 2829 2716 voce
2865 2661 3148 2733 praeditus,
3204 2661 3296 2730 qui
3333 2673 3577 2716 vestrum

2003 2755 2208 2808 clanxit
2257 2753 2536 2808 accitum?
2584 2752 2873 2819 Quodnam
2936 2752 3070 2807 illud
3136 2755 3317 2807 lumen
3351 2793 3364 2814 .
3423 2752 3573 2823 quod

2001 2847 2318 2902 diuturnam
2354 2846 2855 2916 peregrinationem
2892 2854 3132 2900 vestram
3195 2846 3335 2900 stitit
3369 2845 3424 2900 in
3456 2861 3580 2915 spe-

2003 2937 2219 2991 luncam
2245 2937 2269 2991 ’ί
2297 2934 2958 3004 Omninorespondebitis
2989 2946 3039 2989 et
3072 2933 3250 2998 inviti,
3285 2935 3426 2988 illam
3455 2949 3578 2990 esse

2001 3028 2394 3084 lucidissiinam
2447 3028 2689 3092 stellam,
2723 3044 2845 3097 qua:
2897 3027 2952 3082 in
3001 3016 3318 3081 Bethlehem
3381 3036 3579 3082 exorta

2002 3129 2111 3183 est,
2146 3130 2201 3174 et
2229 3120 2381 3176 stetit
2434 3135 2602 3188 supra
2655 3133 2919 3190 prmsepe,
2976 3118 3031 3173 in
3082 3132 3192 3187 quo
3248 3125 3576 3172 cunctorum

319 3207 570 3277 Βηθλεὲμ
630 3204 1011 3269 ἀνατείλαντα,
1071 3203 1304 3274 καὶτῆς
1358 3206 1567 3276 φάτνης
1599 3206 1889 3276 ἱστάμενον

2005 3213 2119 3269 Rex
2157 3222 2212 3268 et
2259 3212 2525 3269 Conditor
2588 3213 2643 3266 in
2689 3221 2834 3266 statu
2884 3210 3130 3267 infantiae
3194 3213 3574 3268 recumbebat.

319 3299 545 3360 ἄνωθεν,
588 3298 669 3360 είς
706 3296 775 3368 ἢν
802 3298 829 3349 ὁ
857 3296 1080 3349 πάντων
1135 3295 1389 3366 βασιλεὺς
1415 3297 1513 3350 καὶ
1565 3297 1898 3370 δημιουργὸς

320 3392 460 3460 μετὰ
523 3388 793 3460 βρεφικῆς
822 3388 1090 3441 ,ἀνέκειτο
1138 3388 1551 3452 καταστάσεως.
1590 3388 1781 3460 Ὑμεῖς
1814 3391 1895 3460 δὲ,

317 3481 578 3552 ποιμένες
622 3479 718 3533 καὶ
752 3478 1017 3549 βουκόλοι,
1054 3477 1225 3531 ποίων
1278 3481 1375 3533 καὶ
1430 3480 1615 3534 πόσων
1658 3480 1895 3550 σαλπίγ-

316 3594 429 3642 γων
452 3574 755 3643 ὴκούσατες
811 3572 905 3624 καὶ⁹
938 3571 1035 3640 τὴν
1082 3571 1192 3623 τῶν
1250 3570 1518 3642 ποιμνίων
1557 3572 1893 3642 κηδεμονίαν

318 3665 778 3737 παρελογίσασθε,
806 3664 899 3718 καὶ
933 3664 1010 3726 είς
1041 3662 1252 3733 φάτνην
1276 3664 1371 3717 καὶ
1407 3664 1672 3734 σπήλαιον
1693 3665 1887 3735 ἥκατε.

327 3757 536 3829 Ἐρεῖτε
564 3758 780 3820 πάντως
806 3755 1071 3825 ἀγγέλους
1101 3754 1230 3817 ἰδεῖν
1264 3755 1343 3819 είς
1371 3755 1619 3825 Βηθλεὲμ
1653 3757 1893 3812 καταλύ-

319 3868 538 3917 σαντας,
572 3851 667 3902 καὶ
695 3849 1173 3919 πτερυσσομένους
1206 3849 1339 3919 περὶ
1368 3848 1428 3901 τὸ
1475 3849 1760 3920 σπήλαιον,
1798 3853 1892 3904 καὶ

315 3941 620 4012 διαπρυσίῳ
656 3946 805 4010 φωνῇ
832 3939 1191 4005 σαλπίζοντάς
1240 3957 1299 3992 τε
1319 3940 1411 3994 καὶ
1436 3940 1716 4010 λέγοντας⁶
1736 3941 1892 4006 Δόξα

312 4037 385 4090 ἐν
408 4037 694 4105 ὑψίστοις
724 4031 867 4099 Θεῷ,
904 4031 1006 4086 καί
1035 4030 1135 4108 ἐπί
1162 4030 1276 4100 γῆς
1318 4030 1552 4101 εἰρήνη,
1575 4031 1647 4086 ἐν
1669 4030 1911 4104 ἀνθρώ-’

318 4145 452 4195 ποις
484 4126 747 4183 εὐδοκία.

384 4221 494 4276 κα’.
540 4222 760 4291 Ὁρᾶτε,
807 4221 970 4273 τέκνα
1026 4221 1084 4273 ἐν
1135 4219 1324 4290 Κυρίῳ
1356 4219 1797 4290 autumans;
1829 4219 1889 4288 ἐξ

2002 3304 2109 3360 Vos
2137 3313 2317 3358 autem
2350 3314 2598 3373 pastores
2619 3312 2674 3358 et
2706 3303 2939 3358 bubulci
2983 3305 3203 3373 quales,
3232 3314 3577 3372 quantasque

1997 3399 2160 3453 tubas
2202 3397 2484 3463 audiistis,
2545 3406 2603 3451 ut
2657 3397 2883 3450 ovilium
2945 3412 3133 3450 curam
3192 3398 3569 3468 uegligeretis.

1994 3507 2058 3545 ac
2080 3491 2342 3546 veniretis
2368 3489 2435 3543 ad
2470 3504 2708 3559 praesepe
2738 3496 2791 3542 ct
2822 3489 3179 3557 speluncam?
3206 3491 3378 3545 Aictis
3411 3491 3574 3560 plane

1993 3599 2023 3638 a
2053 3582 2208 3638 vobis
2238 3583 2385 3637 visos
2425 3582 2649 3652 angelos
2684 3583 2738 3636 in
2796 3580 3114 3636 Betlileliem
3175 3585 3475 3653 prolectus,
3515 3592 3572 3639 et

1994 3675 2518 3744 circa‘speluncam
2582 3673 2844 3727 alacriter
2922 3674 3257 3737 volitantes,
3324 3689 3572 3743 voceque

1995 3770 2139 3824 clara
2173 3768 2492 3835 clangentes
2520 3776 2575 3821 et
2604 3767 2850 3821 dicentes
2880 3783 2894 3820 :
2957 3765 3143 3821 Gloria
3193 3768 3246 3820 in
3288 3767 3569 3821 altissimis

1998 3859 2125 3934 Deo,
2165 3871 2215 3914 et
2263 3861 2317 3913 in
2367 3869 2509 3916 terra
2560 3875 2687 3928 pax,
2740 3860 2797 3912 in
2845 3858 3140 3914 hominibus
3193 3859 3331 3914 bona
3380 3859 3568 3914 volun-

1992 3965 2073 4007 tas
2102 3952 2169 4006 “.

2061 4221 2154 4276 21.
2194 4219 2424 4286 Videtis,
2458 4222 2552 4276 lilii
2584 4221 2639 4276 in
2681 4221 2912 4277 Domino
2943 4223 3153 4289 dilecti,
3196 4223 3477 4292 quomodo
3498 4239 3564 4278 ex

313 4315 561 4385 ἐναργῶν
605 4312 931 4389 ἀποδείξεων
984 4313 1080 4365 καὶ
1114 4296 1534 4382 Ἲλαμπροτέρων
1579 4308 1673 4363 τοῦ
1734 4310 1885 4382 ⁴ἡλίου

2002 4313 2334 4370 evidentibus
2355 4313 2946 4379 demonstrationibus,
2971 4314 3198 4385 ipsoque
3229 4314 3343 4369 sole
3361 4314 3564 4370 clario-

315 4409 483 4461 αὐτοῦ
533 4409 658 4469 τοὺς
723 4407 972 4468 εὐσεϐεῖς
1025 4405 1559 4475 ὲπληροφορήσαμεν
1592 4406 1691 4467 τὰς
1720 4403 1884 4457 πέντε

2000 4405 2176 4472 ribus,
2207 4406 2489 4477 piisplene
2514 4406 2914 4476 persuasimus,
2941 4407 3186 4476 quinque
3215 4407 3410 4462 litterae
3430 4407 3564 4463 festa

310 4500 407 4557 τοῦ
436 4500 764 4571 γράμματος
782 4500 973 4570 ἑορτάς
996 4498 1213 4560 εἰκόνας
1231 4494 1371 4550 εἶναι
1400 4496 1494 4550 καὶ
1514 4498 1761 4567 μήνυτρα
1773 4497 1883 4550 τῶν

2002 4497 2260 4569 imagines
2291 4512 2415 4553 esse
2445 4505 2609 4568 atque
2637 4498 2842 4552 indicia
2869 4499 3284 4579 splendidarum
3333 4500 3568 4554 celebri.

310 4594 443 4665 παρ’
468 4598 501 4663 ἡ
511 4595 626 4665 μῶν
647 4591 983 4661 τελουμένων
1015 4593 1108 4644 καὶ
1128 4591 1398 4661 ῥηθεισῶν
1423 4594 1582 4645 πέντε
1609 4591 1879 4663 λαμπρῶν

2007 4600 2156 4643 atum
2187 4604 2310 4659 qui?
2344 4580 2373 4642 a
2413 4589 2572 4643 nobis
2612 4598 2947 4658 peraguntur
2988 4602 3043 4644 et
3089 4591 3159 4644 de
3215 4590 3420 4660 quibus
3472 4590 3557 4644 lo-

312 4689 697 4758 πανηγύρεων.
750 4687 841 4755 Μὴ
864 4684 1043 4737 τοίνυν
1081 4684 1498 4754 ἀνρτιφερόμενοι
1528 4685 1716 4753 λέγετε
1748 4686 1891 4740 κατὰ

2002 4681 2103 4736 cuti
2127 4676 2339 4736 sumus.
2363 4677 2441 4733 Ne
2466 4680 2651 4749 'igitur
2681 4683 3053 4750 repugnantes
3113 4679 3369 4743 dixeritis
3412 4681 3561 4750 quod

309 4784 434 4844 τοὺς
457 4774 705 4842 πολλούς’
740 4780 878 4831 Ὅσα
902 4782 928 4832 6
961 4777 1141 4846 Νόμος
1164 4777 1336 4853 λαλεῖ,
1376 4778 1490 4839 τοῖς
1524 4778 1582 4829 ἐν
1613 4777 1692 4841 τῷ
1721 4779 1889 4848 Νόμῳ

2002 4773 2146 4828 multi
2175 4773 2390 4827 solent:
2426 4770 2779 4841 Quaecunque
2807 4770 2895 4824 lex
2936 4770 3209 4841 loquitur,
3273 4771 3339 4826 iis
3377 4773 3473 4842 qui
3505 4774 3563 4828 in

309 4871 500 4925 λαλεῖο
533 4872 693 4939 ἡμεῖς
714 4869 768 4922 δὲ
814 4870 950 4941 μόνῃ
1002 4866 1181 4920 πίστει
1235 4866 1542 4934 σωζόμεθα.
1593 4866 1886 4922 Ἀκούσατε

2002 4876 2108 4936 Lege
2134 4874 2264 4921 sunt
2318 4867 2569 4934 loquitur
2597 4867 2641 4897 ’⁵
2674 4882 2687 4931 ;
2735 4878 2834 4919 nos
2871 4874 3054 4919 autem
3084 4866 3226 4919 ‘sola
3270 4866 3373 4921 ﬁde
3412 4868 3564 4922 salu—

311 4962 408 5014 τοῦ
454 4963 689 5029 μεγάλου
721 4961 937 5015 Παύλου
968 4959 1329 5021 διδάσκοντος⁰
1359 4958 1576 5027 Οὐχὶοί
1597 4959 1886 5028 ἀκροαταί

2002 4974 2096 5014 .em
2125 4958 2537 5028 consequimur.
2565 4959 2763 5012 Audite
2791 4972 3048 5027 magnum
3085 4957 3316 5011 Paulqu
3354 4959 3564 5014 docen-

310 5049 419 5103 τοῦ
459 5051 683 5117 Νόμου,
720 5048 938 5103 δίκαιοι
964 5044 1131 5116 παρὰ
1190 5047 1271 5111 τῷ
1297 5045 1439 5112 Θεῷ·
1470 5048 1608 5102 ἀλλ’
1632 5051 1684 5102 οὶ
1715 5065 1884 5117 ποιη-

2002 5065 2093 5106 .em
2116 5068 2131 5106 :
2153 5046 2277 5103 Non
2307 5049 2576 5103 auditores
2601 5046 2728 5119 legis
2754 5051 2891 5117 justi
2929 5059 3050 5103 sunt
3075 5052 3216 5119 apud
3243 5051 3445 5116 Deum;
3466 5050 3561 5105 sed

309 5142 405 5195 ταί
433 5141 541 5195 τοῦ
566 5141 770 5209 Νόμου
789 5138 1313 5204 δικαιωθήσονται.
1334 5139 1402 5193 Ἢ
1435 5139 1747 5193 Ἰουδαίων
1772 5145 1884 5209 μό-

2002 5143 2210 5196 ἰιειονεε
2244 5141 2369 5211 legis
2385 5141 2850 5210 justiﬁcabuntur.
2879 5141 2959 5194 Au
2981 5139 3302 5196 Iudaeorum
3326 5142 3564 5196 solorum

306 5249 434 5286 νων
464 5235 497 5286 d
554 5234 699 5297 θεός
716 5248 736 5298 ;
794 5230 941 5299 Οὐχί
1001 5229 1195 5281 δὲκαὶ
1229 5227 1463 5296 ἐθνῶν;
1507 5229 1620 5283 Ναί
1670 5230 1738 5285 δὲ
1787 5232 1884 5286 καί

2002 5235 2175 5290 Deus?
2236 5232 2426 5287 Nonne
2464 5245 2513 5288 et
2569 5235 2846 5303 gentium?
2924 5232 3043 5288 Ima
3094 5245 3144 5288 et
3213 5236 3444 5306 gentium
3492 5236 3559 5288 ’⁸.

307 5322 523 5378 ἐθνῶν.
558 5323 832 5387 Ὡσαύτως
863 5322 957 5376 καὶ
1006 5322 1100 5374 τοῦ
1136 5322 1343 5393 Κυρίου
1411 5323 1884 5393 παραγγέλλοντος

2002 5326 2162 5381 Simili
2192 5326 2351 5381 modo
2382 5333 2437 5381 et
2477 5324 2770 5380 Dominum
2805 5327 3022 5394 leproso
3060 5341 3223 5395 quem
3257 5336 3558 5381 curaverat

309 5416 388 5485 τῷ
418 5416 524 5468 ὑπὸ
545 5417 736 5470 τούτου
771 5414 1162 5497 θεραςπευθέντι
1184 5415 1390 5485 λεπρῷ·
1428 5419 1748 5485 Πορευθείς
1768 5417 1883 5471 δεῖ-

2002 5417 2432 5486 recipientem:
2500 5415 2706 5471 Vadens
2758 5420 2971 5470 ostende
3036 5426 3085 5471 te
3141 5418 3428 5487 pontiﬁci.
3504 5426 3558 5471 et

308 5506 421 5569 εον
441 5508 704 5561 σεαυτὸν
730 5505 810 5573 τῷ
844 5506 1126 5575 ἀρχιερεῖ,
1152 5508 1247 5562 καί
1274 5507 1642 5578 προσένεγκε
1672 5509 1737 5562 τὸ
1767 5507 1879 5562 δῶ-

2002 5512 2113 5580 iﬂ'er
2148 5525 2338 5565 munus
2369 5510 2508 5579 quod
2524 5511 2767 5579 praecepit
2789 5510 2995 5580 Moyses
3020 5511 3074 5563 in
3095 5513 3456 5564 testimonium
3487 5511 3557 5564 ".

300 5615 416 5666 ρον
443 5599 474 5653 ὃ
502 5599 838 5667 προσέταξε
872 5598 1117 5668 Μωσῆς,
1158 5601 1246 5665 είς
1263 5601 1608 5669 μαρτύριον·
1659 5601 1752 5653 καὶ
1779 5602 1883 5654 πά-

2002 5597 2049 5652 Ct
2080 5598 2324 5651 iterum:
2359 5594 2522 5650 Amen
2544 5598 2664 5651 dico
2696 5599 2867 5660 vobis,
2923 5599 3034 5653 iota
3070 5615 3258 5661 unum,
3285 5608 3376 5652 aut
3416 5614 3555 5653 unus

310 5696 413 5748 λιν·
446 5694 631 5763 Ἀμὴν
653 5694 810 5763 ,λέγω
845 5693 989 5763 ὑμῖν
1023 5693 1114 5746 ὅτι
1141 5693 1280 5747 ίῶτα
1304 5691 1373 5747 ἐν
1421 5692 1460 5759 ἢ
1511 5694 1622 5761 μία
1672 5696 1882 5762 κεραιά

2002 5707 2121 5760 ipes:
2172 5706 2276 5745 non
2305 5689 2592 5758 prwteribit
2622 5707 2654 5744 a
2685 5690 2817 5762 lege,
2846 5691 3010 5745 donec
3038 5693 3217 5747 omnia
3245 5691 3353 5746 haec
3397 5690 3553 5760 ﬁant.

397 5829 443 5861 "
472 5829 632 5884 Num.
667 5846 722 5895 κ,
753 5832 808 5894 2,
836 5830 916 5884 l0.
997 5832 1042 5861 “
1066 5828 1198 5885 Luc.
1239 5847 1316 5893 xi,
1345 5829 1431 5884 M.
1509 5829 1554 5860 "
1592 5827 1754 5884 Rom.
1786 5844 1868 5894 ιιι,
1909 5828 1994 5883 19.
2073 5829 2116 5862 ³⁸
2148 5826 2309 5884 Rom.
2346 5843 2404 5892 ιι,
2440 5828 2548 5894 15;
2585 5829 2747 5884 lion).
2779 5831 2973 5896 111,29.
3047 5831 3087 5861 ³⁷
3112 5830 3300 5885 Matth.
3336 5847 3454 5897 vui,
3482 5833 3557 5899 ις

309 5902 473 5953 Marc.
504 5917 541 5969 ι,
581 5900 667 5954 44.

690 5974 935 6030 Parnm.
997 5970 1114 6030 Gn.
1152 5966 1556 6030 CXXXVIII.

3007 5971 3084 6032 43
