4066 6388
574 373 707 438 1355

1758 374 2037 433 TliEOD.
2078 372 2166 430 BA
2182 371 2559 434 LSAMONIS

3663 372 3777 439 iSSli

569 489 691 542 Non
726 487 864 541 enim
926 486 1042 540 veni
1090 486 1288 540 solvere
1342 485 1507 558 legem
1562 495 1654 540 aut
1693 489 2001 556 prophetas,
2041 486 2131 540 sed

2247 484 2423 555 οὺμὴ
2477 484 2746 553 παρέλθῃ
2780 484 2898 539 ἀπὸ
2951 485 3054 537 τοῦ
3093 485 3318 554 Νόμου,
3364 484 3471 552 ἕως
3497 486 3568 541 ἂν
3613 494 3781 545 πάντα

564 577 855 648 adimplere
882 574 951 630 ”.
976 573 1183 631 Verum
1217 591 1341 647 quae
1398 576 1622 646 quidem
1657 592 1755 648 per
1787 592 1975 632 vocem
2033 575 2142 631 Do-

566 671 845 735 minieam,
922 666 1012 722 vel
1069 667 1456 737 apostolicam,
1514 675 1606 721 aut
1663 666 1826 722 etiam
1866 682 1895 720 a
1934 666 2143 722 sanctis

560 762 822 818 Patribus
856 761 1038 817 otiosa
1070 762 1347 829 declarata
1381 768 1535 825 sunt,
1586 759 1907 817 animalium
1968 759 2145 814 sacri-

564 855 687 909 licia
718 854 1000 920 videlicet,
1054 852 1569 917 circumcisionem,
1606 849 1872 915 Sabbata,
1923 851 2141 922 aliaque

567 949 860 1011 nonnulla,
899 945 1173 1017 explodite
1213 946 1365 999 velut
1412 946 1767 1017 perniciosa:
1825 961 1947 1013 qua:
2015 959 2141 999 vero

560 1040 764 1095 sanctis
792 1040 1050 1095 Patribus
1083 1038 1432 1109 placuerunt,
1452 1052 1516 1092 ac
1557 1054 1623 1093 ex
1658 1039 1906 1092 oleastro
1933 1037 2137 1092 inserta

562 1140 691 1185 sunt
721 1130 775 1185 in
810 1131 1006 1187 bonam
1055 1131 1256 1184 olivam
1291 1133 1363 1199 ἐν,
1397 1129 1694 1187 adsciscite
1718 1139 1771 1184 et
1822 1130 2139 1200 compleui-

561 1225 728 1291 mini;
766 1223 942 1277 edocti
976 1231 1030 1278 et
1054 1223 1322 1279 docentes
1354 1239 1480 1277 cum
1516 1223 1606 1277 Dei
1647 1238 1899 1293 prtecone
1950 1221 2136 1287 Paulo,

562 1316 693 1383 legis
734 1314 953 1383 quidem
988 1313 1409 1368 translationem
1449 1313 1649 1367 factam
1703 1328 1828 1368 esse
1878 1322 2002 1382 post
2050 1327 2138 1366 sa-

560 1407 793 1460 cerdotii
850 1407 1292 1462 immutationem
1358 1406 1457 1473 ³⁶;
1524 1397 2134 1462 οσεεαιίοιιεηιόυιειιι

555 1499 695 1569 legis
727 1513 903 1568 neque
938 1498 1265 1571 contigisse,
1296 1513 1473 1569 neque
1512 1496 1820 1569 prtedicari.

624 1680 717 1734 2:2.
763 1680 839 1735 ita
907 1696 1040 1735 vero
1087 1679 1404 1759 credentes,
1474 1682 1748 1736 celebrate
1787 1694 2135 1736 commemo-

559 1779 677 1826 rata
706 1780 949 1841 quatuor
982 1771 1120 1826 festa
1147 1772 1294 1840 (nam
1328 1772 1393 1826 de
1446 1771 1587 1827 festo
1612 1773 1793 1843 magni
1822 1771 2130 1837 Paschalis,

2252 579 2443 632 ταῦτα
2472 577 2739 648 γένηται.
2792 581 2874 632 Οὺ
2936 581 3047 647 γὰρ
3088 575 3280 648 ἦλθον
3340 580 3657 635 καταλῦσαι
3694 587 3784 637 τὸν·

2254 669 2459 741 Νόμον
2485 670 2522 740 ἢ
2564 671 2706 737 τοὺς
2738 670 3078 741 προφήτας,
3120 670 3284 725 ἀλλὰ
3309 670 3783 741 πληρῶσαι.’Δλλὰ

2250 765 2318 815 τὰ
2345 762 2444 832 μὲν
2476 760 2563 815 διὰ
2612 764 2798 832 φωνῆς
2842 763 3150 832 Κυριακῆς,
3187 762 3220 830 ἧ
3252 763 3625 833 ἁποστολικῆς,
3651 765 3679 836 ἢ
3708 770 3786 821 καὶ
3830 782 3837 789 ’

2252 853 2355 907 ὑπὸ
2413 852 2523 905 τῶν
2583 852 2746 905 θείων
2791 853 3072 925 Πατέρων,
3113 855 3472 923 σχολάσαντα,
3522 856 3787 921 ζωοθυσίαν

2249 948 2471 1020 δηλαδὴ,
2505 949 2828 1019 περιτομὴν,
2864 949 2957 1000 καὶ
2991 949 3058 1002 τα
3087 947 3362 1009 Σάϐϐατα,
3395 952 3487 1001 καὶ
3508 950 3633 1004 ἄλλα
3652 953 3780 1014 τινὰ,

2247 1042 2471 1099 διώκετε
2532 1042 2607 1105 ὡς
2658 1041 2903 1111 ὀλέθρια·
2957 1039 3025 1093 τὰ
3082 1040 3138 1093 δὲ
3196 1043 3307 1105 τοῖς
3337 1041 3500 1105 θείοις
3543 1044 3787 1112 Πατράσιν

2249 1137 2548 1204 ἀρέσαντα,
2608 1134 2704 1189 καὶ
2755 1116 2814 1199 ἐξ
2879 1130 3199 1204 ἀγριελαίου
3265 1134 3790 1203 μετεγκεντρισθέντα

2250 1226 2385 1293 πρὸς
2418 1224 2782 1287 καλλιέλαιον,
2808 1225 3041 1278 ίδιοῦσθε
3077 1225 3170 1277 καὶ
3193 1224 3622 1288 κατασπάζεσθε,
3660 1225 3780 1276 διδα-

2248 1317 2503 1387 σκόμενοι
2568 1318 2662 1371 καὶ
2687 1315 3033 1379 διδάσκοντες
3064 1315 3205 1385 μετὰ
3268 1316 3483 1369 Παύλου
3512 1316 3601 1368 τοῦ
3626 1316 3792 1383 0502i;-

2246 1427 2410 1481 ρυκος
2441 1408 2609 1476 νόμου
2641 1408 2739 1478 μὲν
2774 1408 3031 1473 γενέσθαι
3074 1406 3371 1477 μετάθεσιν
3435 1406 3571 1477 μετὰ
3598 1409 3688 1477 τὴν
3708 1412 3791 1475 τῆς

2242 1502 2544 1575 ἱερωσύνης
2599 1501 2921 1571 ἐναλλαγὴν,
2968 1501 3167 1572 ἀργίαν
3194 1500 3250 1553 δὲ
3278 1499 3463 1569 Νόμου
3512 1499 3639 1571 μηδὲ
3660 1499 3793 1569 γενέ-

2246 1599 2396 1658 σθαι.
2456 1597 2593 1667 μηδὲ
2622 1595 3010 1668 κηρύττεσθαι.

2318 1682 2421 1759 νβ’.
2452 1688 2610 1743 Οὕτω
2638 1689 2696 1742 δὲ
2724 1688 3092 1753 πιστεύοντες,
3126 1686 3417 1758 ἐορτὰζετε
3438 1688 3534 1750 τὰς
3562 1685 3791 1757 ῥηθείσας

2243 1784 2509 1854 τέτταρας
2535 1782 2731 1851 ἑορτὰς
2763 1778 2919 1854 (περὶ
2959 1781 3071 1853 γὰρ
3099 1782 3197 1852 τῆς
3223 1781 3423 1852 ἑορτῆς
3454 1781 3544 1834 τοῦ
3574 1781 3788 1851 μεγάλου

554 1875 609 1919 et
638 1866 703 1919 de
730 1864 943 1936 jejunio
971 1864 1338 1933 quadraginta
1376 1865 1590 1917 dierum
1625 1841 1771 1933 quod
1806 1863 1938 1917 illud
1990 1879 2132 1933 prte-

2238 1841 2431 1945 Πὰσχα
2460 1841 2554 1929 κάξ
2595 1841 2694 1943 τῆς
2714 1841 2835 1941 *πρὸ
2864 1841 3053 1941 ἀὺὲῆξ
3082 1841 3423 1944 τελουμένης
3454 1841 3793 1942 τεσσαρακον-

552 1958 720 2020 cedit,
747 1957 876 2025 quid
911 1957 1095 2011 verbis
1124 1972 1263 2029 opus
1296 1965 1378 2011 est
1405 1956 1448 2025 ί)
1475 1972 1598 2012 cum
1643 1956 1858 2026 jejunio
1913 1966 1969 2011 et
2011 1972 2135 2010 ora-

554 2052 702 2103 tione
761 2046 1132 2120 respondente
1192 2049 1628 2103 orthodoxorum
1686 2048 2132 2103 Christianorum

554 2141 907 2214 professioni.
961 2140 1028 2194 Et
1064 2141 1191 2212 quia
1250 2142 1304 2195 in
1368 2142 1505 2197 urbe
1543 2141 1695 2211 regia
1755 2142 2013 2195 monachi
2077 2149 2134 2195 et

554 2235 801 2304 plerique
832 2235 1165 2297 incolarum,
1201 2242 1325 2302 post
1355 2232 1558 2287 festum
1592 2231 1849 2287 Omnium
1899 2231 2133 2287 Sancto-

555 2344 698 2392 rum,
733 2326 1058 2380 continuum
1081 2325 1354 2395 jejunium
1376 2326 1588 2391 colunt,
1615 2339 1791 2396 usque
1820 2324 1887 2378 ad
1931 2322 2130 2379 festum

551 2429 873 2473 sanctorum
966 2417 1590 2489 laudatissimorumque
1701 2416 2132 2486 apostolorum,

550 2512 802 2579 quamvis
840 2524 951 2563 non
981 2524 1197 2579 semper
1221 2510 1594 2579 quadraginta
1639 2507 1855 2563 dierum
1904 2508 1997 2570 sit,
2037 2522 2135 2578 per

556 2604 791 2657 solarem
823 2602 1307 2657 circumlationem
1344 2609 1579 2667 rectum,
1628 2602 1899 2671 modoque
1939 2602 2133 2671 dilata-

553 2707 694 2760 tum,
722 2694 885 2750 modo
917 2702 1311 2766 angustatum;
1348 2693 1442 2748 sed
1476 2703 1531 2749 et
1560 2702 1687 2749 ante
1708 2692 1900 2748 Natale
1924 2693 2131 2747 Christi

552 2799 606 2843 et
650 2788 766 2857 Dei,
821 2788 1323 2860 quadragenarium
1372 2787 1643 2860 jejunium
1703 2788 1977 2859 jejunaut,
2015 2801 2133 2842 me-

555 2895 766 2941 morata
816 2895 1109 2956 sequentes
1170 2886 1392 2956 typica;
1448 2884 1855 2956 proﬁciuntque
1896 2899 1993 2953 per
2037 2880 2130 2935 Dei

553 2980 785 3044 gratiam
823 2978 1087 3032 Ecclesiae
1115 2977 1210 3032 Dei
1246 2979 1300 3032 in
1333 2979 1662 3031 sanctiorem
1694 2985 1929 3042 statum;
1968 2974 2133 3029 debe-

551 3068 624 3121 tis
661 3084 758 3123 vos
797 3084 1016 3139 quoque
1073 3071 1155 3133 sic
1205 3070 1477 3141 jejunare.
1545 3068 1776 3140 Reliqua
1819 3083 1951 3124 vero
2011 3066 2122 3122 duo

2240 1966 2484 2036 θημέρου
2512 1964 2769 2035 νηστείας
2802 1963 2959 2032 λόγος
2981 1964 3179 2034 οὐδεὶς)
3237 1964 3377 2033 μετὰ
3429 1962 3673 2032 νηστείας
3712 1958 3792 2012 καὶ

2238 2056 2550 2127 προσευχῆς
2578 2055 2921 2119 καταλλήλου
2962 2056 3042 2126 τῷ
3070 2056 3179 2110 τῶν
3225 2056 3522 2127 δρθοδὸξων
3551 2056 3790 2123 Χριστια-

2236 2148 2345 2203 νῶν
2375 2146 2780 2216 ὲπαγγέλματι.
2829 2147 2954 2203 Ὅτι
2993 2146 3051 2200 δὲ
3078 2147 3157 2209 είς
3187 2146 3286 2216 τὴν
3318 2147 3431 2199 τῶν
3478 2147 3677 2200 πόλεων
3710 2143 3791 2211 βα-

2237 2237 2558 2293 σιλεύουσαν
2587 2239 2637 2292 οἱ
2681 2238 3028 2309 μονάζοντες,
3063 2238 3160 2291 καὶ
3224 2240 3273 2292 oi
3323 2237 3545 2302 πλείους
3572 2238 3676 2290 τῶν
3703 2253 3789 2290 κα-

2235 2328 2435 2383 τοίκων
2459 2328 2653 2397 αὐτῆς,
2687 2332 2826 2398 μετὰ
2853 2329 2954 2399 τὴν
2984 2329 3183 2399 ἑορτὴν
3209 2328 3320 2383 τῶν
3346 2329 3523 2398 ἁγίων
3579 2330 3789 2390 πάντων,

2238 2422 2516 2491 συναπτὴν
2544 2423 2800 2491 νηστείαν
2850 2422 3220 2490 πρεσϐεύουσι
3276 2422 3445 2493 μέχρι
3492 2422 3592 2491 τῆς
3626 2420 3794 2489 ἑορτῆς

2233 2513 2342 2567 τῶν
2366 2513 2539 2581 ἁγίων
2597 2512 2691 2566 καὶ
2734 2513 3116 2583 πανευφήμων
3168 2513 3535 2578 Ἀποστόλιυν,
3573 2514 3669 2567 κᾶν
3711 2510 3796 2563 οὐκ

2235 2605 2380 2660 ἔστιν
2405 2606 2494 2660 ἀεὶ
2519 2605 3110 2677 τεσσαρακονθήμερος
3138 2604 3229 2659 διὰ
3278 2605 3381 2673 τῆς
3439 2606 3663 2677 ἡλιακῆς
3698 2618 3791 2655 πα-

2236 2700 2746 2770 ραδυναστευομένη
2808 2700 3138 2772 περιφορᾶς,
3177 2698 3273 2753 καὶ
3312 2699 3394 2768 πῆ
3432 2700 3531 2768 μὲν
3588 2697 3795 2766 εὐρυνο-

2239 2794 2398 2867 μένη,
2452 2793 2527 2864 πῆ
2580 2792 2637 2846 δὲ
2680 2790 3191 2865 στενοχωρουμένηο
3243 2790 3378 2844 ἀλλὰ
3440 2792 3535 2845 καὶ
3562 2789 3665 2859 πρὸ
3705 2786 3796 2839 τῶν

2232 2886 2531 2942 Γενεθλίων
2589 2884 2685 2940 τοῦ
2744 2883 2983 2954 Χριστοῦ
3043 2884 3137 2939 καὶ
3170 2883 3308 2937 Θεοῦ
3379 2879 3798 2953 τεσσαρακονθή·

2238 3000 2404 3054 μερον
2429 2981 2684 3054 νηστείαν
2745 2976 3091 3059 νηστεύουσι,
3126 2977 3240 3039 τοῖς
3290 2975 3660 3045 διαληφθεῖσιν
3690 2968 3800 3023 sui.

2238 3093 2388 3147 μενοι
2415 3076 2692 3140 τοπικοῖς,
2728 3072 3103 3144 προκόπτουσι
3151 3068 3209 3122 δὲ
3247 3070 3342 3122 καὶ
3378 3071 3454 3122 τὰ
3489 3069 3598 3121 τῶν
3647 3064 3796 3131 ἁγίων

551 3159 714 3223 festa,
746 3157 1313 3228 Transﬁgurationem
1372 3162 1604 3226 scilicet,
1655 3168 1710 3213 et
1758 3169 1963 3215 sancta:
2003 3157 2130 3213 Dei-

2237 3166 2542 3236 ἒκκλησιῶν
2596 3167 2662 3234 τῇ
2726 3163 2909 3233 χάριτι
2961 3160 3054 3219 τοῦ
3115 3160 3253 3213 Θεοῦ
3286 3160 3459 3230 ξπρὸς
3518 3159 3795 3227 ἁγιωτὲραν

552 3266 699 3321 para:
735 3251 1155 3316 Dormitionem,
1192 3266 1315 3305 cum
1365 3260 1574 3321 septem
1614 3251 1828 3305 dierum
1885 3250 2122 3321 jejunio,

553 3345 798 3399 volentes
832 3344 1082 3400 nolentes
1103 3343 1400 3400 celebrate.

618 3624 709 3679 23.
753 3624 830 3678 Ac
873 3621 941 3677 de
988 3622 1138 3677 hisce
1177 3620 1398 3693 quidem
1419 3621 1667 3692 jejuniis,
1705 3632 1759 3677 et
1803 3620 1983 3676 adlmc
2028 3637 2128 3675 ex-

552 3714 913 3771 hortationem
959 3711 1339 3777 instituimus;
1374 3726 1482 3765 non
1526 3710 1710 3765 Studio
1762 3709 2125 3780 garrulitatis,

546 3817 602 3861 et
629 3816 824 3876 praeter
855 3804 1138 3867 decorum,
1187 3801 1284 3856 sed
1324 3802 1452 3873 quia
1485 3802 1764 3855 cernimus
1790 3800 2127 3870 negligentes

549 3897 865 3962 nonnullos,
893 3895 981 3964 qui
1014 3894 1190 3949 solum
1213 3893 1581 3964 quadraginta
1605 3892 1822 3948 dierum
1850 3892 2124 3962 jejunium

549 3990 771 4045 Pascha:
845 3996 1069 4042 servant
1121 3988 1510 4041 inconcussum
1545 4003 1562 4052 ;
1601 3995 1797 4039 caetera
1843 4001 1972 4038 vero
2015 3999 2126 4039 non

551 4092 762 4136 tantum
817 4080 1155 4150 depravant,
1216 4084 1310 4133 sed
1372 4079 1533 4132 etiam
1604 4078 1763 4149 quasi
1818 4077 2128 4132 nullatenus

549 4174 661 4225 sint
699 4172 1090 4241 propemodum
1127 4171 1351 4223 ducunt.
1376 4167 1509 4222 Nam
1545 4170 1590 4223 si
1628 4169 1822 4224 festum
1865 4167 2130 4223 Nativita—

552 4265 620 4315 tis
663 4262 867 4318 Christi
922 4271 977 4317 et
1036 4261 1237 4316 festum
1292 4258 1622 4315 Sanctorum
1682 4276 2128 4331 summorumque

551 4357 947 4425 apostolorum,
983 4370 1081 4425 per
1115 4354 1548 4424 quatriduanum
1588 4354 1857 4424 jejunium
1891 4355 2132 4408 echene—

550 4457 717 4507 stent,
750 4449 853 4502 sibi
898 4448 1150 4501 videntur
1186 4447 1325 4501 male
1378 4447 1561 4516 potius
1613 4462 1776 4517 agere
1801 4463 1966 4518 quant
1996 4447 2127 4502 festa

2227 3260 2581 3314 κατάστασιν
2612 3257 2853 3325 ὀφείλετε
2870 3256 2963 3308 καὶ
2989 3255 3146 3325 ὑμεῖς
3168 3252 3309 3308 οὕτω
3368 3253 3676 3323 νηστεύειν.
3700 3249 3796 3309 Τὰς

2226 3352 2285 3405 δὲ
2314 3351 2507 3414 λοιπὰς
2564 3349 2658 3403 δύο
2711 3350 2926 3418 ἑορτὰς,
2971 3348 3071 3417 τὴν
3122 3346 3571 3415 Μεταμόρφωσιν
3618 3339 3796 3409 δηλαδὴ

2229 3448 2326 3503 καὶ
2353 3444 2450 3517 τὴν
2484 3444 2756 3513 Κοίμησιν
2789 3442 2887 3513 τῆς
2915 3441 3077 3510 ἁγίας
3104 3438 3373 3493 Θεοτόκου
3396 3479 3412 3501 ,
3456 3439 3596 3511 μετὰ
3612 3437 3799 3501 ὲπταη-

2231 3540 2399 3610 μέρου
2435 3537 2687 3607 νηστείας
2711 3535 2930 3599 ἑκόντες
2956 3536 3049 3588 καὶ
3125 3534 3350 3595 ἄκοντες
3375 3533 3686 3603 έορτάιζετε.

2302 3635 2411 3697 κγ’.
2432 3627 2567 3696 Περὶ
2598 3627 2782 3694 μέντοι
2811 3625 2921 3679 τῶν
2944 3622 3200 3677 τοιούτων
3227 3623 3498 3691 νηστειῶν
3538 3623 3628 3674 καὶ
3662 3614 3799 3675 αὖθις

2229 3719 2609 3791 παραγγελίαν
2650 3715 2957 3786 ποιούμεθα
2991 3730 3005 3747 ⁸
3063 3715 3164 3785 οὐχ
3221 3714 3297 3776 ὡς
3369 3713 3657 3779 πολυλόγοι
3711 3709 3795 3761 καὶ

2231 3798 2610 3885 ἀπειρόκαλοι,
2643 3808 2762 3864 ἀλλ’
2796 3808 2877 3861 ὅτι
2913 3806 3194 3879 βλέπομεν
3248 3804 3587 3874 ἀδιαφόρους
3641 3798 3795 3859 τινάς,

2235 3902 2404 3972 μόνην
2428 3900 2527 3969 τὴν
2560 3897 3151 3970 τεσσαρακονθήμερον
3182 3894 3445 3965 νηστείαν
3484 3893 3579 3945 τοῦ
3625 3891 3798 3959 Πάσχα

2221 3991 2632 4065 -συντηροῦντας
2657 3987 3139 4059 ἁπαρασάλευτον,
3204 3990 3301 4049 τὰς
3371 3986 3430 4040 δὲ
3510 3986 3695 4045 λοιπάς
3742 3983 3796 4035 οὐ

2234 4084 2393 4152 μόνον
2424 4081 2976 4151 παραχαράττοντας,
3014 4078 3150 4130 ἀλλὰ
3180 4077 3276 4130 καὶ
3324 4078 3402 4138 ὡς
3462 4077 3597 4147 μηδὲ
3646 4073 3794 4134 οὔσας

2230 4174 2618 4242 λογιζομένους
2648 4171 2855 4240 σχεδόν.
2881 4170 2994 4239 Τὴν
3015 4169 3125 4239 γὰρ
3158 4167 3351 4239 ἑορτὴν
3375 4170 3476 4237 τῆς
3507 4169 3795 4236 Γεννήσεως

2230 4265 2324 4319 τοῦ
2352 4262 2616 4334 Χριστοῦ,
2652 4263 2746 4314 καὶ
2772 4260 2871 4331 τὴν
2904 4260 3098 4329 ἑορτὴν
3123 4258 3243 4311 τῶν
3267 4260 3444 4327 ἁγίων
3491 4257 3588 4311 καὶ
3643 4271 3795 4325 κορυ-

2232 4360 2409 4428 φαίων
2476 4355 2842 4417 “Anus-:6le,
2911 4354 3000 4407 διὰ
3083 4355 3503 4425 τετραημέρους
3568 4350 3798 4420 νηστείας

2235 4449 2730 4519 ἀποσεμνύνοντες,
2756 4446 2975 4501 δοκοῦσι
3012 4450 3379 4515 παρανομεῖν,
3408 4448 3441 4516 ἢ
3493 4446 3692 4514 μᾶλλον
3723 4458 3799 4506 φι-

553 4541 759 4594 ltonore
828 4540 1129 4610 prosequi;
1172 4537 1317 4608 quod
1361 4539 1619 4593 nimirum
1668 4555 1791 4609 quae
1836 4554 1866 4592 a
1928 4540 2132 4594 sanctis

2237 4540 2577 4610 λοτιμεῖσθαι
2611 4540 2709 4602 τὰς
2737 4540 2930 4608 ἑορτάς
2952 4555 2965 4568 ·
2990 4539 3074 4591 ὅτι
3111 4538 3180 4591 τὰ
3209 4539 3325 4600 τοῖς
3352 4536 3520 4600 θείοις
3572 4531 3798 4601 Πατράσι
3826 4539 3835 4597 ς

553 4630 809 4686 Patribus
852 4647 947 4701 per
993 4645 1232 4685 canones
1266 4631 1463 4684 tradita
1497 4646 1606 4685 non
1640 4640 1788 4697 sunt,
1831 4646 1895 4685 ea
1933 4630 2004 4685 ob
2033 4629 2129 4688 Dei

553 4737 797 4777 amorem
830 4720 1055 4777 faciant.
1077 4726 1338 4776 Atannua
1369 4719 1635 4781 duolesta
1654 4721 1857 4777 Christi
1885 4720 2129 4776 Transti-

554 4819 896 4885 gnratiouem
942 4828 994 4873 et
1030 4816 1228 4879 Matris
1261 4817 1359 4873 Dei
1400 4817 1817 4883 Dormitiouem,
1860 4819 2129 4874 honorare

568 4925 659 4985 per
688 4910 970 4981 quodlibet
1004 4910 1256 4964 absolute
1279 4909 1573 4979 jejunium,
1602 4926 1779 4978 neque
1811 4910 1892 4965 vel
1937 4910 2129 4964 audire

555 4998 856 5067 patiuntur.
916 4997 1049 5064 Quis
1102 5002 1271 5065 enim,
1298 5000 1576 5068 inquiunt,
1629 5015 1803 5053 canon
1835 5001 1950 5055 haec
1994 5016 2131 5071 prae-

551 5092 698 5143 clara
727 5104 827 5145 sua
860 5093 1136 5165 scriptura
1176 5091 1417 5146 decrevit
1439 5091 1463 5143 ‘2
1489 5091 1748 5157 Quaenam
1781 5092 1979 5161 scripta
2020 5104 2130 5148 tra-

556 5180 692 5233 mtio
733 5178 1023 5233 deﬁnivit?
1078 5180 1314 5249 Indeque
1341 5183 1680 5235 contendunt
1730 5182 1958 5250 Augusti
1986 5182 2129 5252 jeju-

551 5276 744 5338 nium,
800 5290 827 5325 ιι
880 5274 1060 5343 pusilli
1133 5274 1301 5328 animi
1370 5275 1682 5334 hominibus
1729 5262 2129 5330 inconsiderate

549 5366 768 5433 agitari,
803 5372 1024 5434 propter
1058 5369 1278 5419 morbos
1305 5367 1395 5434 qtti
1427 5366 1671 5437 grassari
1720 5365 1996 5420 interdum
2029 5381 2123 5419 so-
2178 5400 2182 5404 -

549 5460 662 5511 lent
709 5463 810 5509 sub
867 5455 1026 5509 linem
1074 5458 1274 5512 mensis
1316 5456 1468 5524 Julii,
1519 5470 1572 5512 et
1620 5474 1808 5514 mense
1856 5460 2121 5529 Augusto,

549 5563 670 5600 tum
727 5549 935 5602 medius
979 5547 1153 5601 Sirius
1207 5558 1315 5601 stat
1372 5565 1536 5617 snper
1587 5563 1747 5618 caput
1799 5554 1960 5603 morti
2032 5553 2129 5605 ob-

550 5640 837 5694 noxiorunt
865 5640 1172 5703 hominum,
1202 5657 1506 5712 zonautque
1538 5645 1807 5709 percurrit
1831 5642 2051 5698 Leonis.

605 5888 865 5958 ‘a-Jlitilh.
902 5905 953 5950 ν,
997 5888 1077 5951 18,
1124 5888 1206 5942 Π.
1282 5890 1529 5961 "ﬁlium.
1568 5890 1769 5961 ιιηὲί.

2239 4633 2316 4705 μὴ
2346 4633 2734 4704 παραδοθέντα
2753 4632 3063 4696 κανονικῶς
3088 4633 3227 4686 αὐτὰ
3274 4630 3493 4684 ποιοῦσι
3526 4631 3680 4700 δῆθεν
3701 4629 3800 4679 θεο-

2237 4725 2432 4795 φιλῶς.
2466 4725 2540 4777 Τὸ
2569 4724 2625 4778 δὲ
2658 4725 2923 4795 τιμᾶσθαι
2948 4710 3047 4788 τὰς
3082 4727 3334 4795 ἐτησίους
3385 4723 3572 4782 διττὰς
3603 4719 3797 4790 ἑορτὰς.

2235 4820 2334 4887 τὴν
2358 4817 2809 4889 Μεταμόρφωσιν
2840 4817 3046 4888 δηλαδὴ
3070 4817 3167 4870 τοῦ
3227 4815 3493 4886 Χριστοῦ,
3565 4814 3657 4867 καὶ
3712 4810 3798 4876 τὴν

2236 4914 2331 4981 τῆς
2393 4910 2739 4981 Θεομήτορος
2805 4910 3103 4980 Κοίμησιν,
3153 4910 3241 4962 διὰ
3318 4909 3575 4978 νηστείας
3631 4900 3796 4962 ἁπλῶς

2236 5002 2598 5071 οἱασδήτινος,
2622 5002 2745 5056 οὐδὲ
2782 5002 2950 5073 μέχρι
2982 5003 3173 5073 ἀκοῆς,
3203 5000 3632 5069 παραδέχονται.
3655 4996 3797 5052 ﬂcio;

2236 5094 2367 5166 γάρ,
2425 5094 2579 5164 φασὶ,
2636 5072 2819 5147 κανὼν
2865 5072 3069 5157 ταύτας
3138 5072 3626 5161 ἐκαλλιγράφησες
3678 5082 3801 5140 Ποία

2238 5185 2536 5256 παράδοσις
2567 5184 2845 5255 ἔγγραφος
2899 5184 3275 5250 ὑπετύπωσε;
3327 5180 3644 5236 Κὰντεῦθεν
3715 5175 3799 5229 καὶ

2235 5276 2712 5347 διενίστανταιτὴν
2751 5275 2845 5330 τοῦ
2912 5275 3224 5343 Αὐγούστου
3281 5274 3543 5344 νηστείαν
3588 5270 3690 5325 ὑπὸ
3719 5285 3796 5337 μι·

2240 5368 2536 5439 κροψύχων
2564 5369 2731 5422 τινῶν
2760 5351 3143 5441 σχεδιάζεσθαί
3175 5367 3267 5420 διὰ
3315 5369 3410 5428 τὰς
3462 5358 3799 5433 συμπιπτούο

2236 5477 2335 5523 σας
2379 5460 2573 5525 νόσους
2606 5461 2775 5514 ἐνίοτε
2803 5463 2932 5530 περὶ
2957 5462 3023 5514 τὰ
3050 5460 3184 5527 τέλη
3222 5458 3317 5513 τοῦ
3356 5457 3585 5511 Ἰουλίου
3644 5449 3799 5523 μηνὸς

2228 5556 2320 5604 καὶ
2352 5556 2475 5622 περὶ
2503 5555 2590 5606 τὸν
2624 5553 3056 5622 Αὖγουστον,ὅτε
3095 5554 3259 5624 μέσος
3292 5553 3322 5606 δ
3354 5550 3565 5619 Σείριος
3598 5547 3795 5599 ἵσταται

2231 5647 2372 5695 κατὰ
2425 5644 2670 5716 κεφαλῆς
2706 5647 3082 5715 κηριτρεφέων
3105 5644 3434 5714 ἀνθρώπων,
3462 5643 3561 5695 καὶ
3582 5642 3679 5708 τὴν
3699 5632 3796 5701 ξώ⁹

2231 5753 2330 5802 νην
2361 5737 2645 5807 ἀνατρέχει
2674 5736 2767 5788 τοῦ
2803 5738 3051 5799 Λέοντος.

1884 5894 1925 5921 ³ο
1965 5891 2131 5947 llcbr.
2165 5910 2263 5957 vn,
2308 5893 2389 5945 l2.
