4066 6402
341 423 480 488 1357

1582 433 1832 494 EPIST.
1857 435 1953 493 DE
1991 433 2369 497 JEJUNIIS.

3462 454 3601 520 1353

408 552 507 607 κδ’.
538 551 603 605 Οἱ
625 550 682 603 δὲ
706 551 912 604 τούτων
946 549 1246 621 σοφώτεροι
1295 550 1390 603 καὶ
1421 551 1557 618 πρὸς
1615 549 1712 621 τὴν
1755 568 1901 603 συνο-

2089 550 2179 605 ἓί.
2215 553 2389 608 Porro
2421 555 2589 624 qniex
2619 556 2727 612 illis
2755 561 3120 631 sapientiores
3155 579 3303 633 sunt,
3341 582 3602 644 tanquam

332 644 499 706 δικῶς
534 643 971 716 ὲγχαραχθεῖσαν
999 646 1297 715 ἀπόκρισιν
1327 642 1472 699 κατὰ
1534 644 1634 715 τὴν
1710 646 1922 712 ἐφημε-

336 737 462 806 ρίαν
487 737 583 790 τοῦ
611 738 925 806 ἁγιωτάτου
956 737 1169 791 ἐκείνου
1205 737 1553 808 πατριάρχου
1606 735 1777 807 κυροῦ
1820 736 1922 789 Νι-

332 829 561 893 κολάου,
609 831 705 883 καὶ
753 830 1259 899 διαλαμὸἁνουσαν,
1312 828 1389 892 ὡς
1431 828 1766 898 διείληπται,
1811 844 1912 898 με·

329 920 627 989 τατεθῆναι
657 920 759 992 τὴν
795 921 1053 989 νηστείαν
1092 919 1192 974 τοῦ
1252 918 1563 987 Αὐγούστου
1619 920 1811 989 μηνὸς,
1842 918 1920 979 ὡς

336 1015 417 1076 είς
487 1013 547 1065 τὸ
611 1012 999 1083 κρησφύγετον
1073 1011 1527 1081 καταφεύγουσι,
1596 1014 1693 1065 καὶ
1759 1011 1917 1064 ἀδια-

332 1107 554 1177 κρίτους
602 1104 948 1161 ἀποκαλοῦσι
982 1106 1075 1159 καὶ
1104 1106 1475 1175 νηπιόφρονας
1534 1108 1662 1170 τοὺς
1690 1105 1920 1174 νηστεύο

327 1218 513 1262 οντας.
545 1202 608 1253 Ei
645 1200 703 1252 δέ
740 1217 825 1262 τις
866 1199 1211 1270 ὲπιστομίσει
1257 1200 1483 1262 τούτους
1508 1240 1523 1264 ,
1578 1198 1774 1266 εἰπὼν,
1828 1199 1918 1253 Ἐν

332 1295 500 1348 παντὶ
535 1293 713 1364 καιρῷ
746 1292 811 1344 τὸ
843 1293 942 1364 τῆς
965 1294 1221 1362 νηστείας
1250 1292 1523 1362 ἡνέῳκται
1556 1290 1794 1357 στάδιον,
1823 1291 1916 1344 καὶ

326 1387 390 1440 τὸ
413 1387 477 1439 ὲκ
514 1386 720 1456 ταύτης
756 1385 1005 1457 βραϐεῖον
1032 1387 1094 1438 οὐ
1118 1383 1475 1455 μεσιτεύεται
1500 1401 1516 1416 ο
1554 1383 1748 1438 Ἀπιθι
1779 1384 1915 1454 πρὸς

327 1479 454 1540 τοὺς
499 1478 843 1542 πωλοῦντας,
875 1478 1031 1546 φασὶ,
1061 1478 1130 1531 τὰ
1150 1477 1219 1531 ἐκ
1251 1476 1570 1549 βουκολίων,
1627 1480 1722 1530 καὶ
1794 1493 1918 1531 ποι-

329 1573 527 1643 μνίων,
603 1576 699 1626 καὶ
742 1573 1029 1637 πετεινῶν,
1085 1572 1181 1626 καὶ
1261 1573 1634 1640 κατανοήσεις
1699 1570 1914 1625 ἐκεῖθεν

325 1666 537 1736 ταύτης
564 1667 663 1737 τῆς
699 1668 962 1736 νηστείας
1005 1666 1069 1720 τὸ
1114 1666 1483 1735 ἀποτέλεσμα.
1524 1666 1587 1718 Ei
1646 1667 1747 1735 μὲν
1805 1666 1913 1736 γὰρ

322 1759 674 1829 ἀπρακτοῦσι
723 1762 794 1813 τὰ
849 1759 1000 1829 παρὰ
1071 1760 1277 1813 τούτων
1342 1759 1600 1830 διδόμενα
1668 1760 1765 1814 καὶ
1814 1761 1912 1813 ἀν-

324 1851 656 1923 τιδιδόμενα,
687 1853 941 1922 νηστείας
970 1854 1090 1907 ἐστὶ
1122 1854 1318 1925 καιρός
1343 1870 1358 1884 ο
1396 1856 1444 1907 εἰ
1476 1852 1535 1907 δὲ
1575 1853 1646 1907 τὰ
1678 1854 1909 1922 κρέατος

2024 641 2090 693 ad
2119 644 2360 711 praesidii
2413 646 2678 702 latebram
2730 650 3058 722 confugiunt
3095 656 3160 711 ad
3190 641 3601 730 responsionem

2023 734 2286 803 synodicc
2340 749 2622 792 exaratam
2661 750 2910 812 tempore
2944 747 3281 804 sanctissimi
3334 752 3478 810 illius
3510 770 3607 825 pa-

2024 825 2275 881 triarchae
2317 829 2524 884 domini
2553 829 2761 887 Nicolai
2785 874 2801 900 ,
2834 850 2956 905 quae
3001 838 3180 904 docet,
3211 843 3354 899 sicut
3385 848 3603 916 exposi-

2022 925 2137 972 tum
2175 920 2289 990 jam
2344 921 2466 989 fuit,
2494 926 2815 981 translatum
2850 928 3020 985 fuisse
3048 928 3321 1003 jejunium
3369 939 3605 1010 Augusti

2022 1014 2269 1081 mensis;
2304 1025 2467 1084 atque
2514 1017 2865 1076 discernendi
2915 1023 3207 1094 imperitos
3265 1039 3321 1085 et
3374 1033 3601 1100 puerilia

2020 1104 2324 1162 sentientes
2364 1118 2566 1164 vocant
2604 1124 2702 1167 eos
2751 1115 2844 1181 qui
2874 1114 3159 1186 jejunant.
3200 1120 3355 1187 Quod
3392 1125 3439 1180 si
3475 1126 3604 1195 quis

2019 1208 2081 1249 os
2132 1195 2240 1252 illis
2284 1198 2644 1269 obturaverit,
2673 1203 2884 1269 dicens,
2942 1210 2997 1264 in
3041 1213 3192 1267 omni
3226 1222 3477 1285 tempore
3519 1216 3604 1288 je-

2012 1282 2156 1355 junii
2202 1288 2440 1344 stadium
2481 1302 2692 1363 patere,
2745 1312 2809 1353 ac
2850 1301 3136 1370 praemium
3187 1304 3237 1372 ei
3269 1282 3600 1364 destinatum

2019 1379 2367 1437 medietatem
2405 1388 2891 1461 exceptionemqne
2958 1410 3066 1450 non
3107 1398 3441 1456 admittere:
3471 1401 3598 1469 Abi,

2018 1473 2373 1543 respondent,
2419 1477 2487 1531 ad
2536 1491 2633 1533 eos
2655 1479 2751 1550 qui
2779 1494 2976 1540 carnes
3020 1480 3262 1543 bubulas
3307 1498 3361 1546 et
3403 1492 3598 1547 ovinas

2015 1574 2255 1635 avesque
2300 1566 2561 1634 vendunt,
2602 1571 2839 1642 hincque
2884 1588 3154 1645 agnosces
3200 1581 3367 1651 hujus
3398 1583 3600 1656 jejunii

2014 1658 2497 1726 complementum.
2544 1660 2680 1716 Nam
2734 1665 2780 1717 si
2830 1663 3101 1723 feriantur
3147 1685 3270 1739 quae
3305 1688 3403 1743 per
3450 1674 3602 1744 ipsos

2014 1744 2221 1801 dantur
2267 1756 2324 1802 et
2361 1750 2736 1819 accipiuntur,
2763 1752 2961 1823 jejunii
2996 1764 3212 1827 tempus
3245 1769 3348 1815 est.
3374 1760 3474 1818 Sin
3505 1779 3603 1819 au-

2015 1844 2126 1890 tem
2152 1852 2352 1895 carnes
2382 1841 2621 1905 venales,
2654 1856 2752 1911 pro
2782 1859 2933 1900 more
2966 1847 3034 1900 ad
3060 1862 3287 1903 censum
3308 1860 3598 1921 vocantur,

320 1942 460 1998 ’ὤνια
498 1916 766 2015 *συνήθως
807 1916 1313 2013 κατακηνσεύονται
1362 1945 1439 2016 μὴ
1476 1916 1907 2015 κατακιόδήλευε
1946 1916 1989 1971 Β
2018 1928 2128 1981 “0"
2174 1929 2476 1998 ἀθβνθνπθ
2495 1934 2893 2003 (εθίθῧτῖιῖίιθων
2951 1953 3055 1993 nec
3106 1941 3280 1996 θοιδηι
3320 1944 3391 1999 0b
3431 1945 3603 2017 hypo‘

321 2038 424 2106 τὴν
483 2038 825 2107 πανήγυριν,
894 2036 1028 2107 μηδὲ
1095 2037 1186 2090 διὰ
1241 2038 1410 2106 μόνην
1472 2037 1761 2108 ὑπόκρισιν
1816 2037 1915 2099 τὰς

324 2128 428 2199 ἤδη
470 2128 813 2197 σχολασάσας
842 2128 954 2181 τῶν
998 2128 1270 2183 Ἰουδαίων
1300 2128 1554 2198 νηστείας
1594 2129 1914 2199 ἐπισφαλῶς

324 2219 663 2283 ἀνακαίνιζε.
720 2220 811 2290 Μὴ
841 2219 994 2286 γοῦν,
1053 2221 1195 2275 κατὰ
1241 2222 1473 2285 τούτους
1506 2225 1808 2293 προφάσει;
1854 2220 1915 2275 ὲν

322 2313 620 2383 ἁμαρτίαις
665 2313 1151 2383 προφασιζόμενοι,
1189 2315 1299 2369 τῶν
1340 2316 1610 2385 ρηΘεισῶν
1645 2315 1912 2386 νηστειῶν

322 2406 713 2477 ἀχρειώσωμεν
740 2409 840 2475 τὴν
871 2408 1181 2479 σεμνότητα
1206 2424 1220 2437 '
1267 2410 1403 2481 μηδὲ
1427 2410 1570 2463 κατὰ
1598 2410 1690 2465 τὸν
1726 2410 1912 2464 δοῦλον

317 2500 525 2553 ἐκεῖνον
548 2501 639 2553 τὸν
666 2503 1038 2573 περιπόνηρον
1066 2504 1129 2557 τὺ
1166 2505 1267 2573 τῆς
1294 2507 1548 2574 νηστείας
1582 2504 1910 2559 ὀλϐιώτατον

316 2593 578 2649 τάλαντον
647 2598 729 2660 είς
804 2596 910 2666 γῆν
992 2598 1442 2668 γαστριμαργίας
1513 2600 1607 2653 καὶ
1656 2598 1909 2667 ἀπογνώ-

317 2704 456 2749 σεως
478 2688 920 2759 καταχώσωμεψ
959 2690 1098 2761 μηδὲ
1124 2693 1372 2761 εἴπωμεν
1405 2694 1542 2762 πρὸς
1574 2692 1665 2748 τὸν
1704 2695 1906 2749 Δεσπὸ-

282 2772 413 2847 ’την
459 2781 556 2832 καὶ
607 2778 741 2833 Θεὸν
794 2779 954 2851 ἡμῶν
988 2797 1004 2812 ·
1061 2780 1262 2852 Ἔχεις
1310 2784 1378 2838 τὸ
1427 2786 1592 2839 adv"
1645 2787 1899 2855 νηστείαν

312 2873 423 2944 γὰρ
465 2873 871 2947 ἐνηστεύσαμεν
906 2877 1507 2947 τεσσαρακονθήμερον,
1542 2879 1608 2950 ἥν
1669 2880 1762 2932 καὶ
1801 2877 1898 2931 αὐ-

310 2965 403 3028 τὸς
443 2967 781 3035 ἐνήστευσας
821 2969 902 3033 ὡς
941 2968 1297 3040 θεάνθρωπος
1326 2988 1341 2999 ·
1370 2971 1508 3024 ἀλλὰ
1577 2972 1724 3025 κατὰ
1803 2972 1898 3025 τὸν

308 3059 495 3112 δοῦλον
520 3060 610 3113 τὸν
648 3061 855 3130 ἀγαθὸν
887 3062 1491 3135 πολλαπλασιάσωμεν,
1522 3065 1610 3119 διὰ
1636 3066 1894 3136 νηστείας

310 3152 404 3203 καὶ
430 3152 740 3222 προσευχῆς
778 3152 880 3223 τὴν
916 3155 1192 3224 ἐμπορίαν
1237 3154 1339 3224 τῆς
1387 3155 1663 3226 σωτηρίας
1699 3172 1882 3226 πραγ-

312 3244 697 3313 ματευόμενοι.

2012 2019 2228 2083 crisim,
2259 2023 2370 2090 jam
2402 2025 2573 2099 desita
2594 2025 2912 2085 Iudaeorum
2938 2032 3149 2103 jejunia
3181 2050 3450 2095 renovare
3468 2055 3594 2097 cum

2015 2112 2422 2195 periculo..Ne
2466 2118 2635 2187 igitur
2699 2119 2890 2176 eorum
2950 2126 3203 2195 exemplo
3260 2142 3596 2190 excusantes

2013 2186 2402 2262 excusationes
2444 2186 2501 2263 in
2538 2214 2785 2282 peccatis
2811 2214 2881 2280 “,
2928 2214 3203 2273 dictorum
3254 2221 3593 2292 jejuniorum

2016 2292 2336 2355 aboleamns
2384 2302 2781 2372 sanctitatem;
2824 2322 3003 2378 neque
3051 2309 3209 2380 juxta
3249 2327 3473 2369 servum
3527 2315 3595 2369 il-

2017 2388 2127 2441 lum
2154 2392 2582 2461 nequissimum,
2631 2397 2827 2467 jejunii
2868 2400 3252 2458 beatissimum
3284 2405 3545 2462 talentum
3576 2445 3595 2473 ,

2011 2477 2068 2533 in
2098 2489 2301 2536 terram
2334 2486 2474 2554 gulae
2504 2495 2559 2540 et
2584 2488 2813 2559 abjectas
2851 2493 2971 2563 spei
3006 2494 3343 2564 obruamus;
3381 2512 3482 2552 nec
3517 2497 3599 2552 di-

2011 2586 2201 2628 camus
2282 2575 2349 2629 ad
2407 2578 2698 2635 Dominum
2758 2582 3042 2655 Deumque
3093 2580 3594 2646 nostrumzﬂabes

2007 2666 2148 2736 quod
2182 2676 2332 2722 tuum
2370 2682 2444 2723 est
2498 2672 2592 2723 '1':
2645 2672 3137 2746 Quadragesimam
3182 2681 3328 2736 enim
3375 2682 3593 2753 jejuna-

2010 2755 2216 2822 vlmus,
2253 2772 2422 2827 quam
2454 2760 2573 2831 ipse
2616 2771 2673 2816 tu
2702 2763 2971 2833 jejunasti
3006 2768 3154 2823 velut
3180 2766 3329 2839 Deus
3374 2772 3541 2829 homo
3575 2793 3590 2830 :

2010 2846 2106 2900 sed
2130 2846 2286 2915 juxta
2315 2860 2537 2904 Servum
2575 2851 2802 2919 bonum,
2839 2855 3290 2929 multiplicemus,
3324 2877 3423 2932 per
3448 2862 3593 2935 jeju-

2008 2937 2161 2990 nium
2196 2947 2252 2993 et
2287 2942 2592 2997 orationem
2621 2944 2689 2998 ad
2732 2947 3164 3019 negotiationem
3213 2952 3409 3009 salutis
3445 2955 3587 3025 adji-

2006 3028 2216 3086 cientes
2249 3034 2519 3088 animum.

383 3339 481 3387 κε’.
522 3301 648 3387 ἔὋτι
678 3334 735 3387 δὲ
766 3335 866 3397 τὰς
893 3334 1067 3399 Θείας,
1094 3338 1193 3389 καὶ
1252 3337 1436 3403 ἁγίοις
1489 3338 1812 3404 ἀποστόλοις
1839 3343 1897 3396 ὲν

2073 3322 2167 3382 25.
2201 3329 2471 3385 Caeterum
2508 3332 2641 3402 quia
2689 3348 2786 3403 per
2824 3343 3047 3393 sanctos
3091 3341 3377 3410 apostolos
3407 3343 3461 3398 in
3491 3358 3588 3399 ca-

309 3426 388 3506 τῷ
420 3424 495 3492 ξεν
529 3427 717 3481 κανόνι
794 3430 1243 3499 νενομοθέτηται,
1299 3434 1402 3497 τὰς
1448 3436 1896 3506 παραδεδομένας

309 3504 592 3590 νηστείας,
632 3521 721 3576 διὰ
754 3525 1088 3593 σωματικὴν
1121 3524 1414 3579 ἀσθένειαν
1478 3504 1845 3582 καταλύεσθαι
1880 3545 1895 3558 '

308 3610 422 3667 εἶεν
448 3613 506 3666 δὲ
525 3611 764 3670 αὖταιαί
790 3617 885 3668 τοῦ
918 3616 1041 3670 ὅλου
1075 3618 1272 3687 χρόνου
1331 3620 1607 3690 Τετράδες
1658 3623 1753 3674 καὶ
1788 3623 1899 3674 Πα-

312 3704 583 3773 ρασκευαί
610 3719 625 3733 ·
664 3706 1074 3776 παρεγγυῶμαι
1101 3707 1251 3776 ὑμῖν,
1296 3707 1403 3778 πρὸ
1445 3709 1544 3777 μὲν
1600 3708 1893 3777 ἑπτὰήμε-

313 3797 425 3867 ρῶν
448 3798 690 3869 ἑκάστης
730 3799 840 3853 τῶν
874 3799 1154 3872 ρηθεισῶν
1179 3801 1413 3871 ἑορτῶν,
1446 3801 1507 3866 ἐξ
1580 3801 1896 3871 ἀπαραιτή-

305 3908 402 3943 του
436 3891 723 3960 νηστεύειν
754 3893 851 3946 καὶ⁵
892 3892 1355 3962 ὲγκρατεύεσθαι,
1394 3893 1576 3956 καθὼς
1628 3895 1892 3947 καὶκατὰ

303 3982 406 4051 τὴν
466 3983 563 4035 τοῦ
604 3983 847 4052 μεγάλου
902 3983 1311 4055 θεσπαραδότου
1377 3986 1896 4056 τεσσαρακονθημέ-

304 4091 424 4144 ρου,
477 4077 572 4127 καὶ
607 4076 681 4146 μὴ
705 4074 1001 4129 καταλύειν
1040 4076 1199 4139 ὅλως,
1257 4075 1348 4130 διά
1388 4094 1511 4131 τινα
1566 4078 1891 4148 περίστασιν

304 4167 559 4237 σώματος
590 4186 605 4200 ’
631 4171 688 4223 ἐν
720 4168 777 4221 δὲ
805 4171 925 4232 ταῖς
952 4168 1168 4232 λοιπαῖς
1194 4171 1484 4241 νηστίμοις
1529 4172 1789 4242 ἡμέραις,
1814 4172 1890 4234 ὡς

301 4263 544 4331 εἴρηται,
597 4261 690 4315 δύο
746 4263 1020 4336 λαμπρῶν
1084 4263 1476 4333 πανηγύρεων,
1538 4264 1648 4318 τῶν
1715 4266 1890 4332 ἁγίων

315 4355 679 4423 Ἀποστόλων,
722 4373 795 4428 φη
806 4358 888 4425 μἰ,
931 4358 1031 4410 καὶ
1061 4360 1169 4411 τῶν
1198 4356 1498 4411 Γενεθλίων
1518 4357 1613 4411 τοῦ
1641 4358 1886 4428 Χριστοῦ

301 4445 397 4498 καὶ
420 4445 579 4509 Θεοῦ,
605 4449 729 4510 ταῖς
759 4448 868 4516 πρὸ
893 4447 1001 4501 τῶν
1020 4448 1424 4519 ὲπτὰὶὴμερῶν
1488 4450 1592 4518 τῆς
1639 4452 1885 4521 ἀπαραι-

298 4542 465 4609 τήτου
500 4539 755 4609 νηστείας
786 4541 1281 4611 παραδεδομέναις,
1331 4544 1408 4607 ὡς
1445 4544 1683 4614 εἴρηται,
1713 4546 1762 4596 εἰ
1784 4562 1884 4597 κα-

2005 3434 2150 3474 none
2197 3420 2287 3485 69,
2335 3424 2454 3492 lege
2504 3425 2781 3480 sancitum
2812 3437 2920 3494 est,
2963 3437 3022 3484 ut
3054 3430 3244 3487 divina
3282 3435 3589 3506 traditaque

1996 3507 2209 3578 jejunia
2242 3522 2468 3582 propter
2492 3520 2833 3583 corporalem
2860 3518 3235 3578 infirmitatem
3267 3528 3587 3596 solvantur;

2005 3600 2208 3656 fuerint
2232 3612 2415 3658 autem
2457 3605 2572 3670 illa,
2606 3608 2775 3663 totius
2810 3612 2940 3666 anni
2973 3624 3183 3683 quartae
3203 3628 3481 3690 sexusque
3503 3620 3589 3675 fe.-

2006 3693 2134 3760 riae;
2170 3695 2436 3751 denuntio
2463 3699 2640 3766 vobis,
2674 3710 2733 3754 nt
2764 3711 2892 3757 ante
2918 3713 3122 3776 septem
3162 3708 3281 3764 dies
3312 3713 3582 3782 cujusque

1998 3789 2296 3844 relatorum
2332 3790 2623 3862 festorum,
2654 3795 2792 3851 citra
2833 3798 3275 3869 deprecationem
3315 3805 3579 3875 jejunetis

1996 3891 2052 3936 et
2086 3881 2424 3937 abstinenter
2452 3887 2670 3954 vivatis,
2713 3902 2928 3944 necnon
2963 3906 3058 3960 per
3086 3908 3339 3965 magnam
3391 3913 3421 3952 a
3474 3899 3586 3955 Deo

2008 3974 2263 4028 traditam
2297 3973 2807 4048 Quadragesimam,
2838 3997 2941 4038 nec
2961 3985 3229 4043 ullatenus
3254 3988 3476 4047 solvatis
3499 3992 3587 4061 je-

1990 4065 2207 4136 junium
2261 4074 2491 4139 propter
2520 4072 2825 4141 quamlibet
2853 4078 3108 4145 corporis
3152 4081 3583 4150 necessitatem;

1994 4162 2049 4215 in
2072 4162 2301 4232 reliquis
2339 4179 2471 4220 vero
2506 4166 2840 4223 csurialibus
2862 4169 3088 4239 diebus,
3122 4183 3182 4228 ut
3211 4174 3421 4230 dictum
3458 4188 3583 4241 est,

1993 4253 2228 4309 duarum
2252 4244 2530 4313 clararum
2558 4260 2961 4327 celebritatum,
3006 4277 3328 4324 sanctorum
3365 4284 3589 4340 aposto-

1992 4345 2194 4416 lorum,
2224 4349 2475 4420 inquam,
2507 4361 2559 4407 et
2594 4351 2808 4410 Natalis
2839 4354 3047 4414 Christi
3089 4359 3317 4432 Deique,
3350 4379 3449 4432 per
3480 4376 3591 4420 tra-

1989 4438 2134 4495 ditos
2187 4440 2306 4497 dies
2346 4443 2437 4513 qui
2470 4445 2788 4514 praecedunt
2826 4448 2953 4505 illos
2984 4438 3322 4510 memoratos
3362 4466 3568 4522 septem

1983 4532 2175 4600 jejunii
2236 4535 2463 4589 omnino
2519 4539 2855 4606 necessarii,
2917 4541 2963 4596 si
3023 4541 3296 4613 jejunium
3357 4549 3574 4603 solvere

295 4630 533 4686 ταλῠσαι
591 4632 800 4700 δεήσει,
873 4633 965 4686 διὰ
1026 4634 1351 4703 σωματικὴν
1411 4637 1543 4699 ἴσως
1599 4635 1885 4689 ἀσθένειαν

2006 4634 2276 4693 )porteat,
2322 4628 2507 4682 forsan
2565 4630 2874 4699 corporalis
2924 4638 3271 4693 necessitatis
3315 4653 3473 4710 ergo,
3518 4645 3569 4697 id

297 4724 476 4775 ποιεῖν
536 4722 627 4775 καὶ
680 4721 864 4787 τοῦτο,
916 4722 1057 4791 μετὰ
1103 4725 1427 4794 προτροπῆς
1499 4718 1889 4796 ιπισσιοπικῆς.

297 4815 517 4880 “nam;
539 4816 862 4879 κινδυνῶδές
886 4817 1003 4869 ἐστι
1043 4817 1137 4870 καὶ
1167 4816 1440 4888 ὀλέθριον.

368 4973 485 5039 κς’.
513 4974 889 5044 Νηστεύοντες
925 4974 1005 5041 δὲ,
1035 4973 1110 5046 μὴ
1133 4975 1531 5047 νηστεύσωμεν
1559 4977 1639 5041 είς
1672 4978 1889 5050 κρίσεις

294 5070 396 5122 καὶ
427 5069 608 5139 μάχας
631 5070 727 5122 καὶ
754 5068 1161 5141 ψιθυρίσματα,
1189 5070 1328 5139 μηδὲ
1344 5069 1607 5140 τύψωμεν
1636 5075 1888 5142 πυγμαῖς

294 5161 391 5215 τὸν
423 5162 680 5215 ταπεινὸν
708 5164 804 5215 καὶ
822 5162 1192 5232 προσήλυτον.
1251 5162 1526 5235 Δύσωμεν
1584 5163 1640 5217 δὲ
1684 5165 1891 5235 μᾶλλον

300 5251 483 5305 πάντα
505 5251 807 5322 σύνδεσμον
832 5251 1072 5319 ἀδικίας,
1114 5251 1210 5306 καὶ
1243 5250 1439 5323 βιαίων
1502 5254 1892 5327 συναλλαγμά-

297 5358 407 5396 των
443 5345 785 5414 χειρόγραφα
810 5345 1204 5413 διασπάσωμιν
1234 5361 1250 5377 θ
1281 5346 1517 5401 πεινῶσι
1545 5347 1646 5417 μὲν
1695 5349 1895 5419 ἄρτους

298 5437 396 5488 καὶ
420 5438 630 5507 τροφὰς
659 5437 1111 5508 διαθρύπτοντες,
1144 5439 1402 5508 ἀστέγοις
1417 5440 1477 5493 δὲ
1508 5441 1601 5494 καὶ
1654 5444 1894 5513 πτωχοῖς

297 5528 428 5591 τοὺς
471 5529 659 5592 οἴκους
730 5532 1067 5601 ἀνοίγοντες,
1134 5534 1276 5587 κατὰ
1333 5532 1394 5587 τὸ
1456 5533 1553 5587 τοῦ
1607 5538 1891 5617 προφήτου

299 5622 698 5693 παράγγελμα.
730 5623 892 5678 Οὕτω
915 5626 1024 5695 γὰρ
1048 5626 1108 5679 τὸ
1138 5613 1268 5694 ’φῶς
1313 5628 1413 5698 τῆς
1477 5627 1625 5697 ζωῆς
1719 5613 1881 5701 ἡμῶν

309 5715 519 5785 λάμψει
555 5718 620 5771 ὲκ
642 5718 878 5788 πρωῑας,
917 5720 992 5783 ὡς
1012 5720 1349 5790 γέγραπται,
1382 5722 1476 5776 καὶ
1511 5722 1611 5793 τῆς
1635 5724 1884 5795 κραυγῆς

1992 4728 2212 4784 quoque
2255 4714 2475 4769 faciatis
2522 4732 2645 4771 cum
2695 4719 2942 4788 episcopi
2995 4725 3377 4780 concessione.
3443 4727 3572 4784 Alio

1989 4803 2195 4873 quippe
2236 4805 2420 4870 modo,
2455 4807 2761 4875 quamlibet
2788 4820 3115 4866 cunctarum
3168 4814 3314 4871 diem
3361 4818 3574 4876 violare

1990 4894 2174 4950 soluto
2207 4894 2448 4968 jejunio,
2492 4899 2868 4966 periculosum
2915 4910 3002 4958 est
3049 4914 3219 4976 atque
3252 4909 3578 4969 exitiosum.

2063 4986 2157 5043 26.
2193 4985 2330 5043 Dum
2363 4998 2541 5045 autem
2567 4991 2990 5063 jejunamus,ne
3014 4997 3070 5051 in
3095 4998 3243 5066 lites,
3274 5000 3589 5061 dimicatio-

1989 5093 2090 5133 nes
2118 5087 2173 5133 et
2224 5081 2523 5141 maledicos
2550 5099 2810 5141 susurros
2842 5086 3155 5157 jejunemus
3181 5132 3196 5157 ,
3220 5082 3355 5149 neve
3383 5099 3582 5167 pugnis

1991 5160 2349 5231 verberemus
2383 5174 2645 5231 humilem
2671 5186 2726 5232 et
2762 5181 3051 5234 advenam.
3085 5182 3228 5251 Quin
3262 5160 3587 5258 potius'sol-

1991 5277 2185 5318 vamus
2215 5266 2696 5324 omne‘vinculum
2745 5271 3079 5340 iniquitatis,
3124 5286 3180 5330 et
3212 5278 3585 5336 violentorum

1992 5366 2381 5413 contracturam
2433 5360 2797 5433 cbirOgrapha
2842 5365 3270 5437 discerpamus;
3321 5374 3582 5428 esurien-

1995 5448 2144 5504 tibus
2181 5451 2405 5520 quidem
2470 5451 2783 5525 frangentes
2808 5473 2980 5527 panes
3019 5469 3072 5515 et
3096 5463 3270 5527 cibos,
3299 5473 3444 5520 tecto
3488 5476 3589 5522 au-

2003 5550 2110 5596 tem
2152 5544 2473 5599 carentibus
2522 5554 2578 5600 et
2629 5549 2966 5618 pauperibus
3007 5553 3324 5622 aperientes
3365 5556 3585 5627 domos,

1986 5635 2141 5704 juxta
2175 5638 2452 5706 prophetat
2489 5642 2759 5696 monitum
2788 5643 2854 5697 ³³.
2903 5643 2996 5699 Sic
3029 5646 3175 5701 enim
3228 5648 3412 5706 lumen
3459 5654 3586 5709 vitae

1995 5738 2203 5784 nostrae
2260 5730 2502 5786 diluculo
2531 5731 2781 5804 fulgebit,
2812 5736 3271 5807 quemadmodum
3312 5743 3580 5815 scriptum

374 5894 417 5926 ³¹
448 5894 593 5952 Psal.
619 5910 740 5963 CXL,
770 5900 822 5952 4.
902 5901 947 5931 ³⁸
987 5899 1180 5957 Matth.
1218 5920 1348 5971 xxv,
1371 5906 1460 5960 9.5.
1541 5906 1584 5939 ³³
1613 5906 1715 5963 lsa.
1748 5926 1901 5980 Lvm,
1933 5913 1965 5968 6
1990 5921 2044 5966 et
2077 5928 2187 5983 seq.
