4066 6392
374 347 504 413 1361

1561 342 1803 404 EPIST.
1826 341 1922 400 DE
1953 338 2437 404 RASOPHORIS

3486 336 3623 400 1352

369 483 630 520 σκουσαν.
656 465 776 519 Κᾶν
809 435 917 533 γὰρ
968 465 1237 536 χρίσματι
1298 462 1639 534 χειροτονίας
1680 460 1945 532 ὲχρίσθη-

2055 459 2204 514 enim
2239 475 2337 529 per
2364 457 2802 514 misericordiam
2863 455 2954 510 Dei
2991 454 3286 510 chrismate
3319 454 3624 509 ordinatio-

370 578 471 627 μεν
496 559 632 628 ἐλέῳ
690 557 851 622 Θεοῦ,
875 557 996 611 ἀλλ’
1050 557 1213 628 ἐλαίῳ
1262 554 1622 617 διδασκαλίας
1673 554 1940 609 λιπαίνειν

366 650 491 712 τοὺς
539 649 805 719 μετόχους
827 648 1043 716 τῆςγῆς
1066 647 1274 716 ταύτης
1311 646 1754 716 ὲπετράπημεννο
1809 642 1880 698 δι’
1913 642 1943 695 ὃ

366 745 464 796 καὶ
494 744 638 797 κατά
677 745 804 806 τοὺς
835 745 893 796 ἐν
933 742 1118 795 σκότει
1148 740 1244 794 καὶ
1264 742 1393 812 σκιᾷ
1415 739 1763 810 καθημένους
1799 739 1943 804 ἀγωο

367 835 648 904 νιάζομεν.
684 836 838 888 Ἐπεὶ
869 835 928 886 δὲ
963 835 1024 887 τὸ
1049 834 1149 904 μὲν
1174 833 1448 888 διδάσκειν
1476 833 1801 903 ὑπερορίους
1825 832 1944 885 ἐπι-

372 929 616 991 σκόπους
653 929 1055 997 ἀπηγόρευται,
1090 927 1166 996 τὸ
1195 926 1250 978 δὲ
1285 923 1675 993 ἀπολογεῖσθαι
1706 926 1836 994 περὶ
1868 916 1943 976 ὧν

368 1019 680 1088 ἐρωτῶνται
706 1019 1046 1087 νενόμισται·
1077 1019 1154 1072 Τὰ
1171 1019 1349 1086 χείλη
1381 1017 1512 1089 γὰρ,
1542 1017 1732 1086 φησὶν,
1772 1014 1946 1085 ’ἡμῶν

368 1112 505 1178 παρ’
525 1112 674 1178 ἡμῖν
699 1112 861 1166 εἰσίν
892 1129 906 1143 ο
937 1112 1344 1180 ἀπεστείλαμεν
1405 1128 1490 1165 σοι
1538 1111 1632 1163 τὸν
1696 1110 1944 1179 παρόντα

370 1189 539 1257 παῖδα
568 1204 728 1271 λόγον
762 1206 794 1273 ἡ
807 1203 944 1272 μῶν,
979 1203 1462 1272 ἀπολογησόμενον
1492 1203 1629 1272 πρὸς
1676 1202 1777 1265 τάς
1815 1202 1947 1255 πεύ-

371 1312 487 1357 σεις
523 1312 642 1359 σου,
681 1295 758 1364 μὴ
778 1297 1222 1364 πεποικιλμένον,
1269 1296 1346 1358 ὡς
1388 1296 1518 1356 ἔδει,
1563 1295 1703 1364 μετά
1745 1313 1948 1364 χρυσο-

371 1388 937 1456 πάστωνίματισμῶν
997 1388 1093 1440 καὶ
1172 1387 1507 1454 σοφιστικῶν
1589 1387 1942 1457 κροσσωτῶν,

368 1480 506 1534 ἀλλά
560 1480 700 1548 μετά
770 1480 1080 1550 χλαμυδίων
1143 1479 1400 1550 ἀμούσων
1462 1479 1560 1533 καὶ
1641 1479 1942 1549 ῥυπαρῶν·

369 1573 596 1626 τοιαῦτα
629 1575 736 1642 γὰρ
770 1570 910 1626 οἶδεν
937 1573 1186 1642 ὑφαίνειν
1220 1573 1364 1637 ἱστὸς
1406 1574 1722 1643 ὑπερόριος.
1754 1573 1817 1626 Εἰ
1846 1573 1946 1639 μὲν

368 1665 464 1719 οὖν
503 1667 642 1735 πρὸς
666 1667 768 1733 τὴν
793 1667 1065 1736 ἐρώτησιν
1102 1666 1508 1735 ἀπολογήσεταί
1539 1683 1593 1719 τι
1636 1667 1946 1736 πρόσφορον

370 1757 464 1809 καὶ
499 1756 860 1826 κατάλληλον,
881 1755 1283 1827 φιλοφροσύνης
1302 1753 1592 1823 ἀξιωθήτω
1615 1770 1630 1786 ο
1664 1754 1713 1805 εί
1729 1752 1785 1809 δ’
1804 1755 1948 1824 ἀμα-

373 1847 527 1911 θείας
569 1849 786 1912 ἀπόζει,
819 1850 1241 1918 ἀντιστραφήτω
1270 1849 1406 1916 πρὸς
1438 1846 1531 1898 τὸν
1567 1845 1944 1914 γεγεννηκότα

376 1941 611 2012 πατέρα,
645 1941 745 2012 τὴν
775 1942 1002 1996 δικαίαν
1023 1941 1379 2013 ἀποστροφὴν
1418 1939 1876 2012 προαρπάσαντα.

444 2124 509 2194 β’.
574 2123 868 2194 Ἔγραψας
906 2127 1060 2196 ἡμῖν,
1094 2123 1171 2189 ὥς
1203 2142 1355 2189 τινες
1380 2127 1446 2178 ἐκ
1495 2124 1605 2178 τῶν
1629 2124 1956 2198 ρασοιρόρωνι

369 2214 628 2284 τῆςκατά
665 2216 724 2268 σὲ
771 2216 934 2284 ἁγίας
1001 2215 1192 2285 μονῆς,
1243 2218 1685 2286 ἀναγκαζόμενοι
1727 2216 1948 2270 τελειωρ

371 2307 530 2376 θῆναι
555 2308 625 2360 δι’
646 2308 1037 2378 ἀποκάρσεως,
1076 2308 1332 2376 λέγουσιν
1374 2310 1451 2371 ὡς
1507 2309 1558 2360 ὁ.
1604 2308 1786 2379 μέγας
1839 2309 1948 2362 Βα-

374 2401 575 2460 σίλειο;
607 2401 665 2453 ἕν
691 2418 807 2454 τισι
835 2401 944 2453 τῶν
977 2401 1299 2471 ἀσκητικῶν
1361 2401 1728 2455 διδασκαλιῶν
1781 2401 1946 2457 αὐτοῦ

368 2491 664 2560 διωρίσατο
693 2494 786 2546 ἐπὶ
814 2493 1030 2565 τριετίᾳ
1052 2494 1145 2546 τὸν
1186 2493 1422 2564 μονάσαι
1464 2493 1754 2563 ὀφείλοντα
1793 2495 1945 2549 δοκι-

377 2581 671 2650 μάζεσθαι,
708 2583 804 2636 καὶ
864 2583 1001 2653 μετά
1065 2584 1166 2654 τὴν
1241 2584 1448 2653 ταύτης
1501 2585 1870 2658 παραδρομὴν
1917 2586 1950 2657 ἢ

371 2673 674 2751 λαμϐάνειν
703 2677 801 2747 τὴν
828 2678 992 2746 χάριν
1038 2678 1138 2748 τῆς
1166 2678 1552 2748 ἀποκάρσεως.
1585 2679 1618 2748 ἢ
1650 2680 1953 2750 ἀναχωρεῖν

370 2767 471 2838 τῆς
508 2769 700 2848 μονῆς,
725 2771 821 2822 καὶ
849 2770 987 2838 πρὸς
1012 2769 1111 2839 τὴν
1130 2770 1409 2840 προτέραν
1477 2770 1679 2839 λαῖκὴν
1717 2772 1952 2841 μεταπί-

371 2881 529 2918 πτειν
562 2865 860 2932 διαγωγὴν,
888 2865 1244 2934 λαμϐάνοντα
1279 2867 1373 2918 καὶ
1402 2866 1438 2920 ἃ
1497 2866 1603 2934 πρὸ
1632 2865 1727 2918 τοῦ
1786 2884 1955 2936 προσ-

372 2959 549 3014 ελθεῖν
595 2962 661 3030 τῇ
721 2963 852 3031 μονῇ
909 2961 1280 3014 ἐνεδιδύσκετο
1331 2961 1513 3030 ἄμφια
1547 2979 1561 2992 ·
1626 2965 1721 3015 καὶ
1779 2963 1952 3017 ταῦτα

373 3052 482 3121 γὰρ
536 3055 593 3106 ὲν
624 3054 811 3124 ἀσύλῳ
843 3053 1225 3124 συντηρείσθαι
1267 3055 1735 3125 παρεκελεύσατο.
1786 3058 1947 3110 Ἰνατί

2051 553 2141 607 nis
2173 551 2384 606 inuncti
2419 550 2710 615 fuerimus,
2743 550 2864 604 oleo
2887 559 3069 604 tamen
3092 547 3360 602 doctrinae
3390 562 3621 602 consor—

2058 655 2139 699 tes
2167 651 2329 698 terrae
2364 642 2526 712 huius
2562 642 2906 712 impinguare
2935 641 3294 697 commissum
3327 641 3487 695 nobis
3505 650 3623 703 est;

2052 738 2194 792 unde
2251 749 2304 792 et
2346 738 2521 791 instar
2566 750 2756 790 eorum
2799 735 2892 804 qui
2937 734 2990 788 in
3047 733 3290 788 tenebris
3330 742 3403 787 et'
3430 733 3634 786 umbrae

2051 829 2242 887 sedem
2281 827 2677 884 conﬂictamur.
2727 825 2870 894 Quia
2903 840 3031 881 vero
3083 832 3142 879 ut
3187 824 3427 894 episc0pi
3471 831 3649 878 extra

2052 921 2391 992 provinciam
2444 920 2607 990 positi
2637 921 2870 975 doceant
2901 919 3127 973 vetitum
3171 926 3257 973 est
3286 959 3300 983 ,
3355 918 3626 970 rationem

2055 1024 2236 1070 autem
2284 1013 2510 1068 reddere
2559 1013 2626 1068 de
2659 1014 2726 1068 iis
2765 1012 2833 1067 de
2868 1012 3068 1082 quibus
3118 1010 3532 1080 interrogantur
3560 1008 3639 1060 li-

2053 1117 2138 1162 cet
2159 1124 2173 1172 ;
2196 1106 2521 1161 Labiaenim
2553 1114 2758 1166 nostra.
2791 1105 2991 1174 inquit,
3022 1120 3054 1156 a
3080 1103 3228 1157 nobis
3261 1111 3384 1155 sunt
3405 1103 3461 1166 ’ς
3491 1100 3557 1155 ad
3577 1107 3630 1152 te

2055 1199 2308 1254 misimus
2352 1206 2676 1267 praesentem
2707 1211 2960 1267 puerum,
2988 1208 3296 1250 sermonem
3336 1199 3586 1246 nostrum
3610 1229 3626 1254 ,

2054 1292 2146 1362 qui
2180 1289 2568 1346 satisfacturus
2615 1290 2689 1344 sit
2727 1288 2795 1343 ad
2824 1286 3162 1358 quaestiones
3211 1295 3372 1349 tuas;
3401 1298 3511 1337 non
3537 1297 3632 1336 va-

2054 1385 2134 1438 rie
2177 1393 2453 1445 ornatum,
2478 1391 2538 1435 ut
2578 1380 2784 1446 decuit,
2809 1395 2936 1434 cum
2968 1378 3170 1434 vestitu
3197 1384 3414 1440 aurato,
3447 1371 3630 1442 sophi-
3689 1425 3696 1441 ι

2057 1475 2322 1544 sticisque
2363 1473 2678 1540 limbriatis,
2733 1472 2829 1527 sed
2887 1487 3012 1526 cum
3043 1466 3408 1538 chlamydulis
3462 1464 3627 1518 insci-
3688 1459 3695 1481 '

2057 1569 2127 1622 tis
2177 1575 2234 1622 et
2287 1564 2527 1621 sordidis
2581 1582 2618 1620 :'
2655 1562 2975 1634 huiusmodi
3022 1561 3227 1631 quippe
3278 1557 3450 1612 ordiri
3489 1554 3627 1611 solet

2057 1673 2120 1712 ac
2149 1657 2302 1712 novit
2345 1658 2643 1712 textorium
2685 1662 2996 1709 externum.
3034 1650 3226 1719 Itaque
3267 1646 3312 1703 si
3347 1646 3412 1700 ad
3451 1645 3643 1698 interm

2057 1750 2394 1819 rogationem
2439 1747 2643 1819 aliquid
2696 1743 3040 1815 responderit
3087 1750 3294 1812 aptumx
3328 1748 3385 1794 et
3428 1751 3640 1792 conve--
3733 1723 3736 1726 ’

2054 1845 2236 1908 niens,
2283 1841 2548 1898 benevole
2593 1837 2943 1908 excipiatur;
3013 1834 3072 1890 si
3115 1828 3635 1899 veroimper'itiam

2049 1935 2279 1999 redolet,
2325 1934 2392 1988 ad
2439 1943 2646 2004 patrem
2690 1930 2786 2001 qui
2830 1928 3020 2001 genuit
3048 1925 3384 1988 remittatur,
3420 1920 3642 1991 quique.-

2043 2031 2250 2099 justam
2293 2025 2699 2082 aversationem
2739 2016 3163 2094 praeoccupavit.

2125 2122 2179 2175 2.
2220 2118 2502 2188 Scripsisti
2549 2116 2735 2181 nobis,
2789 2112 3057 2185 quosdam
3123 2106 3302 2165 sancti
3345 2109 3624 2160 monaste-

2047 2216 2114 2270 rii
2144 2213 2222 2268 tui
2255 2212 2635 2282 Rasopboros,
2667 2208 2795 2276 dum
2820 2221 2916 2278 per
2947 2216 3231 2261 tonsuram
3254 2194 3624 2257 consummari

2049 2315 2344 2378 coguntur,
2377 2303 2562 2358 dicere
2597 2299 2739 2372 quod
2769 2313 3002 2369 magnus
3022 2295 3260 2351 Basilius
3302 2292 3357 2345 in
3389 2289 3625 2360 quibus-

2049 2403 2176 2456 dam
2233 2398 2353 2454 suis
2405 2395 2660 2453 asceticis
2694 2389 3157 2464 praeceptionibus
3210 2383 3528 2446 deﬁnierit,
3569 2385 3630 2432 ut

2050 2492 2144 2563 qui
2169 2489 2474 2545 monachus
2505 2487 2731 2542 futurus
2754 2493 2859 2549 est,
2883 2497 2978 2552 per
3015 2477 3310 2533 triennium
3345 2473 3628 2544 probetur,

2051 2597 2163 2655 quo
2200 2587 2503 2644 transacto,
2553 2587 2651 2655 aut
2678 2574 2909 2646 gratiam
2949 2581 3208 2626 tonsurae
3249 2565 3504 2635 accipiat,
3537 2570 3633 2618 aut

2054 2651 2340 2731 recedata
2385 2651 2724 2726 monasterio
2774 2675 2827 2720 ct
2855 2664 2922 2719 ad
2960 2663 3198 2734 priorem
3231 2659 3426 2713 laicam
3460 2657 3629 2710 vitam

2055 2767 2357 2830 relabatur,
2403 2762 2642 2832 receptis
2699 2759 2865 2815 etiam
2911 2751 3252 2811 indumentis
3302 2763 3424 2819 quae
3478 2754 3634 2802 ante-

2053 2877 2218 2934 quam
2273 2859 2339 2914 ad
2383 2852 2776 2912 monasterium
2834 2847 3126 2904 accederet
3171 2843 3459 2914 gestabat:
3515 2838 3644 2894 haec

2052 2954 2197 3008 enim
2234 2953 2286 3005 in
2329 2958 2447 3003 tuto
2471 2948 2599 3002 loco
2629 2943 2945 3000 conservari
2987 2939 3176 3010 jussit.
3202 2937 3312 2991 Cur
3345 2948 3476 3004 ergo
3503 2937 3632 2986 ante

2054 3045 2350 3100 triennium
2400 3039 2653 3110 cogimur
2701 3046 2944 3094 tonsura;
2990 3047 3157 3087 onere
3188 3022 3632 3100 premi?Verisi-

371 3143 504 3214 γοῦν
563 3145 670 3212 πρὸ
727 3146 826 3217 τῆς
877 3146 1126 3214 τριετίας
1174 3124 1608 3215 ἀναγκαζόμεθα
1661 3147 1722 3202 τὸ
1783 3148 1946 3220 βάρος

2053 3137 2180 3192 mile
2224 3142 2330 3201 est,
2361 3134 2501 3189 intra
2528 3131 2662 3188 illud
2696 3144 2794 3185 nos
2825 3125 3154 3184 sententiam
3191 3129 3523 3181 mutaturos,
3571 3124 3651 3171 et:

369 3236 832 3307 ὲπιφορτισθῆναι
859 3239 959 3306 τῆς
999 3238 1364 3308 ἀποκάρσεως
1390 3254 1407 3303 ;
1471 3237 1635 3303 Εἱκός
1669 3243 1787 3295 ἐστι
1816 3242 1950 3295 ταύ-

367 3347 469 3400 της
501 3329 653 3392 ἐντὸς
679 3329 1128 3399 μεταμεληθῆναι
1153 3331 1324 3401 ἡμᾶς,
1357 3332 1453 3386 καὶ
1479 3333 1576 3404 τῆς
1606 3336 1953 3407 τραχυτέρας

370 3425 515 3492 ζωῆς
541 3424 638 3494 τὴν
671 3423 1073 3496 μαλακωτέραν
1131 3425 1610 3496 προτιμήσασθαι,
1690 3428 1786 3481 καὶ
1849 3428 1952 3497 τῆς

370 3516 630 3570 ἐπιπόνου
678 3517 777 3588 τὴν
833 3519 1057 3580 ἄπονον,
1121 3517 1220 3572 καλ⁸
1270 3518 1651 3587 ἀπεκδυθῆναι
1725 3519 1826 3588 μὲν
1880 3519 1952 3573 τὰ

377 3610 669 3680 μοναχικά,
732 3609 1023 3679 ὲνδυθῆναι
1073 3609 1131 3662 δὲ
1161 3609 1538 3680 κογχυλόχροα
1584 3609 1679 3664 καὶ
1736 3611 1952 3684 χρυσό-

380 3719 585 3757 παστα’
639 3703 776 3756 ἀλλὰ
806 3702 912 3774 μὴν
939 3702 1032 3755 καὶ
1089 3702 1512 3772 κρεωφαγῆσαι,
1567 3703 1664 3758 καὶ
1698 3703 1950 3774 νομίμως

374 3794 720 3864 συναφθῆναι
749 3793 1002 3862 γυναιξίν
1030 3811 1044 3824 ο
1079 3795 1126 3846 εί
1156 3794 1342 3864 δεήσει
1369 3793 1448 3861 δὲ,
1493 3795 1594 3847 καὶ
1654 3795 1953 3864 στρατολο-

375 3885 636 3956 γηθῆναι,
706 3887 802 3938 καὶ
881 3885 1064 3950 ζώνας
1138 3885 1536 3958 περιϐληθῆναι
1619 3885 1946 3956 ἀξιωμάτων

375 3978 700 4048 βασιλικῶν.
745 3979 922 4045 ’Ἄφες
951 3971 1046 4031 οὖν
1068 3977 1169 4046 τῆς
1202 3976 1544 4047 προθεσμίας
1575 3975 1675 4047 τὴν
1735 3975 1944 4045 δωρεὰν

369 4069 787 4140 ἁκιόδήλευτον.
835 4071 1002 4131 Ἴσως
1029 4069 1139 4139 γάρ
1169 4067 1512 4140 παραδράμῃ
1544 4067 1685 4138 μετά
1720 4068 1817 4138 τῆς
1852 4068 1948 4121 αύ-

2049 3232 2174 3286 vitaa
2217 3226 2509 3283 austeriori
2542 3239 2607 3279 ac
2655 3223 2948 3286 laboriosae
2981 3218 3293 3274 molliorem
3337 3223 3392 3269 et
3442 3213 3628 3266 labore

2049 3329 2330 3377 carentem
2360 3319 2686 3388 praelaturos
2709 3352 2726 3377 .
2768 3325 2983 3368 necnon
3023 3317 3292 3364 exuturos
3329 3300 3627 3357 monacha-

2049 3411 2156 3471 lem
2190 3412 2477 3476 vestitum,
2521 3417 2687 3477 atque
2738 3405 3028 3461 induturos
3085 3411 3419 3470 purpureum
3467 3405 3630 3446 auro-

2051 3522 2158 3578 que
2187 3504 2508 3560 distinctum
2538 3519 2551 3565 ;
2583 3497 2680 3556 sed
2717 3506 2771 3553 et
2811 3510 3032 3552 carnem
3061 3499 3408 3548 comesturus
3463 3495 3628 3554 atque

2053 3576 2295 3666 legitime
2331 3606 2559 3649 uxorem
2595 3589 2906 3650 ducturos;
2942 3586 2987 3639 si
3022 3595 3251 3638 necesse
3289 3588 3474 3634 autem
3510 3576 3628 3630 fue-

2052 3691 2148 3754 rit,
2190 3688 2354 3742 etiam
2406 3683 2768 3746 militaturos,
2801 3679 3047 3747 itemque
3075 3672 3292 3742 cingula
3329 3672 3626 3753 imperato-

2051 3782 2259 3836 riarum
2300 3777 2624 3848 dignitatum
2663 3764 3068 3840 assumpturos.
3137 3765 3406 3834 Relinque
3457 3762 3625 3830 igitur

2051 3869 2345 3943 praestituti
2389 3866 2652 3937 temporis
2673 3863 2908 3935 gratiam
2935 3859 3277 3914 inviolatam.
3302 3854 3466 3909 Forte
3480 3853 3627 3909 enim

2048 3961 2371 4036 praeteribit,
2403 3975 2526 4015 cum
2550 3957 2742 4014 eodem
2771 3952 3062 4026 proposito
3089 3960 3239 4004 recta
3269 3963 3498 4004 currens
3520 3987 3535 4008 ,
3573 3952 3632 4000 et

2050 4053 2312 4126 promissi
2339 4049 2686 4107 exactionem
2714 4042 3089 4101 conﬁrmabit.
3119 4040 3215 4094 Sin
3247 4049 3429 4093 autem
3458 4037 3630 4091 tradi-

369 4165 466 4232 τῆς
496 4130 916 4232 εὐθυδρομοῢσα
975 4130 1310 4230 προθέσεως,
1359 4130 1786 4228 ’καὶηστηρίξεί
1849 4159 1947 4230 τῆς

2052 4148 2494 4214 tionempraeter
2541 4139 2766 4194 decreta
2806 4149 3000 4206 urges,
3057 4132 3163 4204 ipsi
3212 4130 3627 4196 nobismetipsis

370 4224 704 4324 ἐπαγγελίας
868 4224 1178 4322 εἴσπραξιν.
1209 4224 1301 4304 Eii
1333 4253 1393 4306 δὲ
1442 4224 1798 4324 κατεπείγεις
1847 4224 1947 4321 την

2052 4257 2112 4298 ex
2143 4235 2528 4309 resipiscentia
2561 4231 2969 4288 absolutionem
2999 4228 3320 4300 largiemur.
3349 4224 3645 4280 Praeterea-

367 4317 698 4418 δόσιν-παρά
727 4317 1059 4412 τάΙδόξαντα,
1089 4317 1254 4397 *αὐτοὶ
1314 4345 1535 4408 ἑαυτοῖς
1597 4347 1662 4398 ὲκ
1691 4317 1947 4416 ⁷μεταμε-

2052 4333 2142 4407 qui
2186 4329 2540 4389 charismatis
2588 4323 2985 4400 perfectionem
3034 4328 3378 4385 reverentur,
3427 4317 3628 4373 debent

369 4440 462 4494 λου
491 4411 834 4510 χαρισόμεθα
866 4411 969 4503 τὴν
991 4436 1265 4491 ἀθώωσιν.
1293 4437 1504 4501 Ἀλλως
1537 4455 1596 4490 τε
1621 4411 1749 4499 τους
1782 4411 1945 4488 εὐλα-

2055 4427 2239 4497 potius
2293 4418 2669 4491 comprobari,
2705 4431 2873 4488 quam
2937 4412 3139 4484 puniri,
3181 4411 3480 4481 gratiarum
3536 4423 3630 4462 ac-

369 4501 709 4601 6ουμένους’
739 4529 844 4598 τὴν
901 4501 1222 4596 τελειότητα
1276 4528 1387 4583 τοῦ,
1428 4529 1774 4599 χαρίσματος
1824 4527 1946 4581 δέον

2052 4522 2254 4579 tionem
2282 4515 2514 4577 referre,
2549 4526 2659 4566 non
2691 4506 2964 4572 convicia,
2999 4503 3436 4575 praedicar‘i,non
3476 4501 3628 4554 abdi-

372 4591 492 4679 ἐστί
519 4591 925 4693 φιλοτιμεῖσθαι
956 4591 1158 4688 μᾶλλον
1181 4621 1275 4674 καὶ
1308 4620 1382 4690 μὴ
1410 4591 1771 4686 κολάζεσθαιι
1789 4621 1947 4691 εὐχα-

2053 4611 2198 4670 cari.
2231 4609 2291 4664 Si
2333 4606 2558 4677 quidem
2591 4615 2722 4670 erga
2759 4614 2847 4654 res
2876 4595 3118 4658 divinas,
3145 4593 3472 4656 reverentia,
3497 4591 3622 4645 ﬁdei

371 4681 675 4790 ριστείσθαι
705 4681 800 4768 καὶ
831 4712 907 4781 μὴ
953 4681 1320 4775 τωθάζεσθαιξ
1345 4681 1714 4782 κηρύττεσθαι
1741 4681 1836 4764 καὶ

2052 4701 2346 4774 puritatem
2402 4694 2788 4766 commendat;
2832 4701 2957 4740 cum
3011 4694 3205 4738 contra
3253 4687 3506 4752 prompta
3565 4681 3618 4734 in

369 4776 875 4876 ἀποκηρύττεσθαι.
896 4776 976 4854 -Ἦ
1026 4800 1124 4871 μὲν
1154 4799 1264 4866 γὰρ
1283 4776 1514 4868 περί-τάν
1549 4798 1670 4851 θεῖα
1695 4776 1947 4851 εὐλάϐεια

2052 4810 2144 4851 eas
2193 4785 2590 4850 irreverentia,
2625 4777 2975 4842 inﬁdelitatis
3018 4776 3278 4834 exhibeat
3335 4782 3622 4843 corrupte-

367 4897 652 4965 συνίστησι
686 4895 921 4956 πίστεως
935 4891 1280 4960 καθαρότητα
1302 4906 1317 4920 °
1348 4889 1380 4958 ἡ
1415 4887 1459 4940 δ’
1486 4889 1572 4941 ἐπ’
1595 4889 1778 4948 αὐτοῖς
1808 4889 1949 4956 πρό-

366 5006 546 5061 χειρος
577 4986 903 5040 ἀνευλάΰεια
932 4983 1187 5044 ἀπιστίας
1221 4984 1515 5054 παρίστησι
1555 4979 1952 5051 κιϐδηλότηται

436 5091 505 5151 γ’.
539 5079 673 5136 Εἶτά
706 5095 875 5150 φασι·
906 5077 1220 5139 Παλαιστάς
1273 5078 1370 5147 μὲν
1407 5077 1496 5130 καὶ
1560 5077 1686 5137 τοὺς
1743 5075 1939 5137 ἄλλους

369 5171 806 5243 ἀγωνιζομένους
834 5167 1173 5239 παγκράτιον
1196 5167 1284 5219 διὰ
1310 5165 1567 5237 χρονικῆς
1600 5164 1942 5234 προθεσμίας

370 5267 544 5328 θέλεις
576 5261 948 5334 γυμνάζεσθαι
971 5275 985 5290 '
1017 5259 1144 5322 τοὺς
1167 5259 1222 5312 δὲ
1269 5257 1563 5311 πένταθλον
1615 5255 1948 5326 ἀναδεχομέ-

367 5375 494 5420 νους
529 5357 837 5426 αἰσθήσεων
861 5352 1240 5412 ἀϐασανίστως
1286 5349 1618 5420 προτρέπεις
1634 5347 1712 5417 τῷ
1737 5347 1950 5412 ἐξεναν-

368 5453 490 5514 τίας
533 5445 987 5520 συμπλέκεσθαι·
1021 5445 1115 5498 καὶ
1174 5444 1280 5515 μὴν
1319 5441 1541 5502 τούτους
1591 5439 1790 5511 μᾶλλον
1839 5437 1947 5490 ἔδει

374 5543 514 5614 μετά
534 5541 861 5612 δοκιμασίας
883 5540 962 5602 είς
997 5538 1086 5591 τὸν
1107 5537 1294 5606 ἀγῶνα
1318 5537 1415 5605 τῆς
1447 5532 1735 5602 ἀσκήσεως
1760 5546 1941 5598 παρα-

366 5634 638 5705 δέχεσθαι.
666 5635 896 5687 Ἐκεῖνοι
939 5631 1035 5702 μὲν
1084 5629 1192 5700 γὰρ
1236 5629 1453 5699 ὁρατοῖς
1509 5623 1935 5693 ἀντιμάχονται,

446 5812 463 5840 ³
493 5808 633 5861 Psal.
685 5824 758 5867 XI.
782 5807 832 5860 5.

2049 4888 2178 4942 iam.

2121 5075 2175 5130 5.
2204 5066 2741 5138 ῡείηάο,,ἰη(ιυίυη-ι,
2775 5063 3075 5117 luctatores
3114 5055 3336 5127 quidem
3372 5053 3624 5122 aliosque

2055 5167 2148 5237 qui
2197 5159 2480 5235 pancratio
2528 5161 2786 5220 certant,
2847 5166 2948 5222 per
3019 5158 3238 5218 tempus
3299 5143 3653 5215 praeﬁnitum.

2052 5235 2296 5313 exerceri
2343 5251 2464 5317 vis;
2514 5263 2609 5304 eos
2641 5259 2775 5301 vero
2810 5243 2906 5314 qui
2957 5254 3224 5297 sensuum
3274 5235 3619 5307 pentatlilum

2052 5348 2165 5402 sive
2208 5339 2622 5414 quinquertium
2677 5333 3024 5403 suscipiunt,
3086 5330 3294 5399 absque
3351 5325 3622 5381 exercita-

2048 5439 2198 5493 tione
2251 5449 2374 5488 cum
2440 5427 2755 5486 adversario
2816 5422 3077 5494 congredi
3125 5419 3460 5490 compellis:
3525 5417 3623 5471 hos

2051 5537 2233 5580 tamen
2274 5521 2446 5592 magis
2472 5517 2757 5589 oportebat
2803 5529 2927 5568 cum
2972 5512 3298 5583 probatione
3329 5507 3396 5562 ad
3429 5515 3623 5562 asceti-

2045 5633 2170 5675 cum
2189 5623 2464 5673 certamen
2496 5611 2802 5667 admittere.
2823 5607 2904 5661 Illi
2935 5605 3204 5676 siquidem
3242 5618 3367 5657 cum
3399 5599 3625 5655 visibili-
