  <div class='ocr_page' id='page_1' title='image "/cluster/home/n/w/nwhite01/storage/ocr_20150623/138:no.2/coo.31924054870435/689.png"; bbox 0 0 4066 6398; ppageno 0'>
   <div class='ocr_carea' id='block_1_1' title="bbox 517 298 656 365">
    <p class='ocr_par' dir='ltr' id='par_1_1' title="bbox 517 298 656 365">
     <span class='ocr_line' id='line_1_1' title="bbox 517 298 656 365; baseline 0.029 -4"><span class='ocrx_word' id='word_1_1' title='bbox 517 298 656 365; x_wconf 78' lang='lat' dir='ltr'><strong>i363</strong></span> 
     </span>
    </p>
   </div>
   <div class='ocr_carea' id='block_1_2' title="bbox 513 519 2093 603">
    <p class='ocr_par' dir='ltr' id='par_1_2' title="bbox 513 519 2093 603">
     <span class='ocr_line' id='line_1_2' title="bbox 513 519 2093 603; baseline 0.02 -44"><span class='ocrx_word' id='word_1_2' title='bbox 513 524 820 577; x_wconf 59' lang='lat' dir='ltr'><strong>gurguantes</strong></span> <span class='ocrx_word' id='word_1_3' title='bbox 865 519 1181 585; x_wconf 83' lang='lat' dir='ltr'><strong>incurrunt,</strong></span> <span class='ocrx_word' id='word_1_4' title='bbox 1238 524 1472 593; x_wconf 82' lang='lat' dir='ltr'><strong>itupetiti</strong></span> <span class='ocrx_word' id='word_1_5' title='bbox 1524 530 1818 600; x_wconf 85' lang='lat' dir='ltr'><strong>impetunt.</strong></span> <span class='ocrx_word' id='word_1_6' title='bbox 1860 535 2093 603; x_wconf 85' lang='lat' dir='ltr'><strong>propul-</strong></span> 
     </span>
    </p>
   </div>
   <div class='ocr_carea' id='block_1_3' title="bbox 510 605 2091 693">
    <p class='ocr_par' dir='ltr' id='par_1_3' title="bbox 510 605 2091 693">
     <span class='ocr_line' id='line_1_3' title="bbox 510 605 2091 693; baseline 0.022 -41"><span class='ocrx_word' id='word_1_7' title='bbox 510 605 612 657; x_wconf 60' lang='lat' dir='ltr'><strong>Mil</strong></span> <span class='ocrx_word' id='word_1_8' title='bbox 661 610 984 678; x_wconf 83' lang='lat' dir='ltr'><strong>propulsant</strong></span> <span class='ocrx_word' id='word_1_9' title='bbox 1028 632 1043 668; x_wconf 92' lang='lat'><strong>:</strong></span> <span class='ocrx_word' id='word_1_10' title='bbox 1099 614 1153 669; x_wconf 69' lang='lat' dir='ltr'><strong>lui</strong></span> <span class='ocrx_word' id='word_1_11' title='bbox 1213 632 1343 671; x_wconf 85' lang='lat' dir='ltr'><strong>vero</strong></span> <span class='ocrx_word' id='word_1_12' title='bbox 1399 636 1524 675; x_wconf 89' lang='lat' dir='ltr'><strong>cum</strong></span> <span class='ocrx_word' id='word_1_13' title='bbox 1602 622 2091 693; x_wconf 86' lang='lat' dir='ltr'><strong>inaspectabilibus</strong></span> 
     </span>
    </p>
   </div>
   <div class='ocr_carea' id='block_1_4' title="bbox 510 694 2089 789">
    <p class='ocr_par' dir='ltr' id='par_1_4' title="bbox 510 694 2089 789">
     <span class='ocr_line' id='line_1_4' title="bbox 510 694 2089 789; baseline 0.023 -46"><span class='ocrx_word' id='word_1_14' title='bbox 510 694 764 752; x_wconf 73' lang='lat' dir='ltr'><strong>hostibus</strong></span> <span class='ocrx_word' id='word_1_15' title='bbox 812 716 1009 761; x_wconf 88' lang='lat' dir='ltr'><strong>manus</strong></span> <span class='ocrx_word' id='word_1_16' title='bbox 1048 720 1424 776; x_wconf 74' lang='lat' dir='ltr'><strong>censet-entes,</strong></span> <span class='ocrx_word' id='word_1_17' title='bbox 1457 729 1583 770; x_wconf 88' lang='lat' dir='ltr'><strong>cum</strong></span> <span class='ocrx_word' id='word_1_18' title='bbox 1616 718 1928 789; x_wconf 82' lang='lat' dir='ltr'><strong>improvisis</strong></span> <span class='ocrx_word' id='word_1_19' title='bbox 1987 724 2089 779; x_wconf 86' lang='lat' dir='ltr'><strong>ad-</strong></span> 
     </span>
    </p>
   </div>
   <div class='ocr_carea' id='block_1_5' title="bbox 508 792 2089 885">
    <p class='ocr_par' dir='ltr' id='par_1_5' title="bbox 508 792 2089 885">
     <span class='ocr_line' id='line_1_5' title="bbox 508 792 2089 885; baseline 0.025 -50"><span class='ocrx_word' id='word_1_20' title='bbox 508 792 771 848; x_wconf 64' lang='lat' dir='ltr'><strong>versariis</strong></span> <span class='ocrx_word' id='word_1_21' title='bbox 822 795 1117 866; x_wconf 76' lang='lat' dir='ltr'><strong>luctantes,</strong></span> <span class='ocrx_word' id='word_1_22' title='bbox 1167 805 1386 885; x_wconf 84' lang='lat' dir='ltr'><strong>occulte</strong></span> <span class='ocrx_word' id='word_1_23' title='bbox 1438 810 1706 879; x_wconf 82' lang='lat' dir='ltr'><strong>sagittati,</strong></span> <span class='ocrx_word' id='word_1_24' title='bbox 1765 827 1952 883; x_wconf 85' lang='lat' dir='ltr'><strong>aperte</strong></span> <span class='ocrx_word' id='word_1_25' title='bbox 1996 835 2089 875; x_wconf 82' lang='lat' dir='ltr'><strong>sa-</strong></span> 
     </span>
    </p>
   </div>
   <div class='ocr_carea' id='block_1_6' title="bbox 512 886 2087 970">
    <p class='ocr_par' dir='ltr' id='par_1_6' title="bbox 512 886 2087 970">
     <span class='ocr_line' id='line_1_6' title="bbox 512 886 2087 970; baseline 0.023 -40"><span class='ocrx_word' id='word_1_26' title='bbox 512 886 681 943; x_wconf 65' lang='lat' dir='ltr'><strong>gittas</strong></span> <span class='ocrx_word' id='word_1_27' title='bbox 712 887 960 945; x_wconf 83' lang='lat' dir='ltr'><strong>vicissim</strong></span> <span class='ocrx_word' id='word_1_28' title='bbox 993 894 1245 953; x_wconf 89' lang='lat' dir='ltr'><strong>emittere</strong></span> <span class='ocrx_word' id='word_1_29' title='bbox 1288 913 1591 970; x_wconf 83' lang='lat' dir='ltr'><strong>nequeunt,</strong></span> <span class='ocrx_word' id='word_1_30' title='bbox 1626 916 1682 961; x_wconf 88' lang='lat' dir='ltr'><strong>et</strong></span> <span class='ocrx_word' id='word_1_31' title='bbox 1720 906 1900 963; x_wconf 86' lang='lat' dir='ltr'><strong>instar</strong></span> <span class='ocrx_word' id='word_1_32' title='bbox 1949 926 2087 965; x_wconf 82' lang='lat' dir='ltr'><strong>sau-</strong></span> 
     </span>
    </p>
   </div>
   <div class='ocr_carea' id='block_1_7' title="bbox 505 973 2090 1068">
    <p class='ocr_par' dir='ltr' id='par_1_7' title="bbox 505 973 2090 1068">
     <span class='ocr_line' id='line_1_7' title="bbox 505 973 2090 1068; baseline 0.021 -44"><span class='ocrx_word' id='word_1_33' title='bbox 505 973 724 1030; x_wconf 77' lang='lat' dir='ltr'><strong>riorum</strong></span> <span class='ocrx_word' id='word_1_34' title='bbox 763 981 1033 1039; x_wconf 91' lang='lat' dir='ltr'><strong>vulnerati</strong></span> <span class='ocrx_word' id='word_1_35' title='bbox 1087 1002 1197 1043; x_wconf 90' lang='lat' dir='ltr'><strong>non</strong></span> <span class='ocrx_word' id='word_1_36' title='bbox 1256 993 1662 1060; x_wconf 81' lang='lat' dir='ltr'><strong>aggrediuntur</strong></span> <span class='ocrx_word' id='word_1_37' title='bbox 1710 1000 1922 1068; x_wconf 86' lang='lat' dir='ltr'><strong>pariter</strong></span> <span class='ocrx_word' id='word_1_38' title='bbox 1965 1004 2090 1057; x_wconf 86' lang='lat' dir='ltr'><strong>vul-</strong></span> 
     </span>
    </p>
   </div>
   <div class='ocr_carea' id='block_1_8' title="bbox 503 1076 2090 1166">
    <p class='ocr_par' dir='ltr' id='par_1_8' title="bbox 503 1076 2090 1166">
     <span class='ocr_line' id='line_1_8' title="bbox 503 1076 2090 1166; baseline 0.023 -49"><span class='ocrx_word' id='word_1_39' title='bbox 503 1080 718 1133; x_wconf 81' lang='lat' dir='ltr'><strong>nerare,</strong></span> <span class='ocrx_word' id='word_1_40' title='bbox 754 1076 895 1141; x_wconf 76' lang='lat' dir='ltr'><strong>quod</strong></span> <span class='ocrx_word' id='word_1_41' title='bbox 950 1076 1237 1136; x_wconf 81' lang='lat' dir='ltr'><strong>ferientem</strong></span> <span class='ocrx_word' id='word_1_42' title='bbox 1280 1085 1556 1155; x_wconf 77' lang='lat' dir='ltr'><strong>ignorent.</strong></span> <span class='ocrx_word' id='word_1_43' title='bbox 1589 1090 1860 1164; x_wconf 84' lang='lat' dir='ltr'><strong>Quodque</strong></span> <span class='ocrx_word' id='word_1_44' title='bbox 1911 1098 2090 1166; x_wconf 77' lang='lat' dir='ltr'><strong>majus</strong></span> 
     </span>
    </p>
   </div>
   <div class='ocr_carea' id='block_1_9' title="bbox 501 1167 2089 1258">
    <p class='ocr_par' dir='ltr' id='par_1_9' title="bbox 501 1167 2089 1258">
     <span class='ocr_line' id='line_1_9' title="bbox 501 1167 2089 1258; baseline 0.024 -53"><span class='ocrx_word' id='word_1_45' title='bbox 501 1167 608 1221; x_wconf 70' lang='lat' dir='ltr'><strong>est,</strong></span> <span class='ocrx_word' id='word_1_46' title='bbox 656 1169 710 1214; x_wconf 89' lang='lat' dir='ltr'><strong>et</strong></span> <span class='ocrx_word' id='word_1_47' title='bbox 760 1179 978 1220; x_wconf 87' lang='lat' dir='ltr'><strong>omnem</strong></span> <span class='ocrx_word' id='word_1_48' title='bbox 1024 1173 1240 1228; x_wconf 82' lang='lat' dir='ltr'><strong>excedit</strong></span> <span class='ocrx_word' id='word_1_49' title='bbox 1293 1179 1578 1246; x_wconf 70' lang='lat' dir='ltr'><strong>malitiam,</strong></span> <span class='ocrx_word' id='word_1_50' title='bbox 1634 1199 1780 1253; x_wconf 74' lang='lat' dir='ltr'><strong>saepe</strong></span> <span class='ocrx_word' id='word_1_51' title='bbox 1835 1190 2089 1258; x_wconf 90' lang='lat' dir='ltr'><strong>nequiter</strong></span> 
     </span>
    </p>
   </div>
   <div class='ocr_carea' id='block_1_10' title="bbox 499 1254 2086 1338">
    <p class='ocr_par' dir='ltr' id='par_1_10' title="bbox 499 1254 2086 1338">
     <span class='ocr_line' id='line_1_10' title="bbox 499 1254 2086 1338; baseline 0.025 -39"><span class='ocrx_word' id='word_1_52' title='bbox 499 1254 848 1323; x_wconf 84' lang='lat' dir='ltr'><strong>vapulantes,</strong></span> <span class='ocrx_word' id='word_1_53' title='bbox 899 1260 1022 1317; x_wconf 80' lang='lat' dir='ltr'><strong>sine</strong></span> <span class='ocrx_word' id='word_1_54' title='bbox 1062 1275 1210 1320; x_wconf 87' lang='lat' dir='ltr'><strong>metu</strong></span> <span class='ocrx_word' id='word_1_55' title='bbox 1277 1269 1613 1329; x_wconf 84' lang='lat' dir='ltr'><strong>incommodi</strong></span> <span class='ocrx_word' id='word_1_56' title='bbox 1669 1280 1898 1335; x_wconf 86' lang='lat' dir='ltr'><strong>verbera</strong></span> <span class='ocrx_word' id='word_1_57' title='bbox 1942 1285 2086 1338; x_wconf 86' lang='lat' dir='ltr'><strong>reci-</strong></span> 
     </span>
    </p>
   </div>
   <div class='ocr_carea' id='block_1_11' title="bbox 501 1341 2083 1442">
    <p class='ocr_par' dir='ltr' id='par_1_11' title="bbox 501 1341 2083 1442">
     <span class='ocr_line' id='line_1_11' title="bbox 501 1341 2083 1442; baseline 0.025 -48"><span class='ocrx_word' id='word_1_58' title='bbox 501 1341 680 1409; x_wconf 85' lang='lat' dir='ltr'><strong>piunt,</strong></span> <span class='ocrx_word' id='word_1_59' title='bbox 722 1358 776 1403; x_wconf 81' lang='lat' dir='ltr'><strong>et</strong></span> <span class='ocrx_word' id='word_1_60' title='bbox 825 1354 1057 1411; x_wconf 80' lang='lat' dir='ltr'><strong>vulnera</strong></span> <span class='ocrx_word' id='word_1_61' title='bbox 1105 1357 1399 1419; x_wconf 70' lang='lat' dir='ltr'><strong>luctator-ia</strong></span> <span class='ocrx_word' id='word_1_62' title='bbox 1446 1378 1707 1439; x_wconf 89' lang='lat' dir='ltr'><strong>reputant</strong></span> <span class='ocrx_word' id='word_1_63' title='bbox 1750 1389 1849 1442; x_wconf 88' lang='lat' dir='ltr'><strong>pro</strong></span> <span class='ocrx_word' id='word_1_64' title='bbox 1883 1375 2083 1434; x_wconf 83' lang='lat' dir='ltr'><strong>litteris</strong></span> 
     </span>
    </p>
   </div>
   <div class='ocr_carea' id='block_1_12' title="bbox 495 1442 2083 1537">
    <p class='ocr_par' dir='ltr' id='par_1_12' title="bbox 495 1442 2083 1537">
     <span class='ocr_line' id='line_1_12' title="bbox 495 1442 2083 1537; baseline 0.022 -47"><span class='ocrx_word' id='word_1_65' title='bbox 495 1442 998 1513; x_wconf 81' lang='lat' dir='ltr'><strong>rcconciliatoriis,</strong></span> <span class='ocrx_word' id='word_1_66' title='bbox 1036 1466 1177 1520; x_wconf 90' lang='lat' dir='ltr'><strong>opus</strong></span> <span class='ocrx_word' id='word_1_67' title='bbox 1209 1455 1521 1537; x_wconf 74' lang='lat' dir='ltr'><strong>gladiipro</strong></span> <span class='ocrx_word' id='word_1_68' title='bbox 1559 1479 1733 1534; x_wconf 87' lang='lat' dir='ltr'><strong>opere</strong></span> <span class='ocrx_word' id='word_1_69' title='bbox 1781 1468 2083 1537; x_wconf 83' lang='lat' dir='ltr'><strong>amici,ja-</strong></span> 
     </span>
    </p>
   </div>
   <div class='ocr_carea' id='block_1_13' title="bbox 494 1530 2083 1626">
    <p class='ocr_par' dir='ltr' id='par_1_13' title="bbox 494 1530 2083 1626">
     <span class='ocr_line' id='line_1_13' title="bbox 494 1530 2083 1626; baseline 0.023 -46"><span class='ocrx_word' id='word_1_70' title='bbox 494 1530 805 1589; x_wconf 81' lang='lat' dir='ltr'><strong>culatienes</strong></span> <span class='ocrx_word' id='word_1_71' title='bbox 842 1554 941 1605; x_wconf 83' lang='lat' dir='ltr'><strong>pro</strong></span> <span class='ocrx_word' id='word_1_72' title='bbox 968 1533 1464 1615; x_wconf 77' lang='lat' dir='ltr'><strong>celebrationibus,</strong></span> <span class='ocrx_word' id='word_1_73' title='bbox 1511 1530 1743 1609; x_wconf 80' lang='lat' dir='ltr'><strong>letbalia</strong></span> <span class='ocrx_word' id='word_1_74' title='bbox 1765 1571 1866 1626; x_wconf 83' lang='lat' dir='ltr'><strong>pro</strong></span> <span class='ocrx_word' id='word_1_75' title='bbox 1902 1559 2083 1615; x_wconf 76' lang='lat' dir='ltr'><strong>viviti-</strong></span> 
     </span>
    </p>
   </div>
   <div class='ocr_carea' id='block_1_14' title="bbox 480 1623 2077 1719">
    <p class='ocr_par' dir='ltr' id='par_1_14' title="bbox 480 1623 2077 1719">
     <span class='ocr_line' id='line_1_14' title="bbox 480 1623 2077 1719; baseline 0.022 -44"><span class='ocrx_word' id='word_1_76' title='bbox 480 1623 593 1700; x_wconf 52' lang='lat' dir='ltr'><strong>.cis,</strong></span> <span class='ocrx_word' id='word_1_77' title='bbox 645 1630 937 1687; x_wconf 81' lang='lat' dir='ltr'><strong>tenebrosa</strong></span> <span class='ocrx_word' id='word_1_78' title='bbox 959 1651 1060 1698; x_wconf 87' lang='lat' dir='ltr'><strong>pro</strong></span> <span class='ocrx_word' id='word_1_79' title='bbox 1096 1638 1316 1705; x_wconf 73' lang='lat' dir='ltr'><strong>lucidis,</strong></span> <span class='ocrx_word' id='word_1_80' title='bbox 1345 1643 1542 1699; x_wconf 84' lang='lat' dir='ltr'><strong>bellica</strong></span> <span class='ocrx_word' id='word_1_81' title='bbox 1567 1663 1671 1716; x_wconf 85' lang='lat' dir='ltr'><strong>pro</strong></span> <span class='ocrx_word' id='word_1_82' title='bbox 1697 1651 1964 1719; x_wconf 72' lang='lat' dir='ltr'><strong>pacificis,</strong></span> <span class='ocrx_word' id='word_1_83' title='bbox 1986 1669 2077 1710; x_wconf 86' lang='lat' dir='ltr'><strong>ve-</strong></span> 
     </span>
    </p>
   </div>
   <div class='ocr_carea' id='block_1_15' title="bbox 494 1712 2073 1805">
    <p class='ocr_par' dir='ltr' id='par_1_15' title="bbox 494 1712 2073 1805">
     <span class='ocr_line' id='line_1_15' title="bbox 494 1712 2073 1805; baseline 0.021 -41"><span class='ocrx_word' id='word_1_84' title='bbox 494 1730 632 1769; x_wconf 83' lang='lat' dir='ltr'><strong>nena</strong></span> <span class='ocrx_word' id='word_1_85' title='bbox 678 1733 776 1787; x_wconf 87' lang='lat' dir='ltr'><strong>pro</strong></span> <span class='ocrx_word' id='word_1_86' title='bbox 803 1712 1075 1789; x_wconf 80' lang='lat' dir='ltr'><strong>remediis,</strong></span> <span class='ocrx_word' id='word_1_87' title='bbox 1117 1726 1303 1784; x_wconf 70' lang='lat' dir='ltr'><strong>fwtida</strong></span> <span class='ocrx_word' id='word_1_88' title='bbox 1366 1748 1463 1802; x_wconf 88' lang='lat' dir='ltr'><strong>pro</strong></span> <span class='ocrx_word' id='word_1_89' title='bbox 1498 1737 1814 1805; x_wconf 74' lang='lat' dir='ltr'><strong>odoriferis,</strong></span> <span class='ocrx_word' id='word_1_90' title='bbox 1838 1743 2073 1799; x_wconf 67' lang='lat' dir='ltr'><strong>exitiosa</strong></span> 
     </span>
    </p>
   </div>
   <div class='ocr_carea' id='block_1_16' title="bbox 498 1809 2074 1899">
    <p class='ocr_par' dir='ltr' id='par_1_16' title="bbox 498 1809 2074 1899">
     <span class='ocr_line' id='line_1_16' title="bbox 498 1809 2074 1899; baseline 0.023 -45"><span class='ocrx_word' id='word_1_91' title='bbox 498 1820 596 1870; x_wconf 84' lang='lat' dir='ltr'><strong>pro</strong></span> <span class='ocrx_word' id='word_1_92' title='bbox 627 1809 992 1871; x_wconf 76' lang='lat' dir='ltr'><strong>salutaribus.</strong></span> <span class='ocrx_word' id='word_1_93' title='bbox 1030 1817 1160 1872; x_wconf 83' lang='lat' dir='ltr'><strong>Nam</strong></span> <span class='ocrx_word' id='word_1_94' title='bbox 1201 1824 1293 1891; x_wconf 85' lang='lat' dir='ltr'><strong>qui</strong></span> <span class='ocrx_word' id='word_1_95' title='bbox 1330 1828 1576 1883; x_wconf 80' lang='lat' dir='ltr'><strong>tenebris</strong></span> <span class='ocrx_word' id='word_1_96' title='bbox 1607 1831 1946 1899; x_wconf 74' lang='lat' dir='ltr'><strong>prtesideant</strong></span> <span class='ocrx_word' id='word_1_97' title='bbox 1977 1851 2074 1890; x_wconf 88' lang='lat' dir='ltr'><strong>eo-</strong></span> 
     </span>
    </p>
   </div>
   <div class='ocr_carea' id='block_1_17' title="bbox 492 1900 2077 1986">
    <p class='ocr_par' dir='ltr' id='par_1_17' title="bbox 492 1900 2077 1986">
     <span class='ocr_line' id='line_1_17' title="bbox 492 1900 2077 1986; baseline 0.021 -39"><span class='ocrx_word' id='word_1_98' title='bbox 492 1914 613 1952; x_wconf 88' lang='lat' dir='ltr'><strong>rum</strong></span> <span class='ocrx_word' id='word_1_99' title='bbox 650 1900 859 1967; x_wconf 77' lang='lat' dir='ltr'><strong>hostes,</strong></span> <span class='ocrx_word' id='word_1_100' title='bbox 915 1907 968 1960; x_wconf 91' lang='lat' dir='ltr'><strong>in</strong></span> <span class='ocrx_word' id='word_1_101' title='bbox 1027 1910 1267 1967; x_wconf 77' lang='lat' dir='ltr'><strong>obscuro</strong></span> <span class='ocrx_word' id='word_1_102' title='bbox 1296 1917 1606 1986; x_wconf 77' lang='lat' dir='ltr'><strong>sagittam,</strong></span> <span class='ocrx_word' id='word_1_103' title='bbox 1663 1922 1768 1976; x_wconf 87' lang='lat' dir='ltr'><strong>tela</strong></span> <span class='ocrx_word' id='word_1_104' title='bbox 1809 1926 2077 1981; x_wconf 88' lang='lat' dir='ltr'><strong>cmentito</strong></span> 
     </span>
    </p>
   </div>
   <div class='ocr_carea' id='block_1_18' title="bbox 491 1989 2075 2086">
    <p class='ocr_par' dir='ltr' id='par_1_18' title="bbox 491 1989 2075 2086">
     <span class='ocr_line' id='line_1_18' title="bbox 491 1989 2075 2086; baseline 0.021 -46"><span class='ocrx_word' id='word_1_105' title='bbox 491 1989 785 2061; x_wconf 57' lang='lat' dir='ltr'><strong>fallacique</strong></span> <span class='ocrx_word' id='word_1_106' title='bbox 818 2000 983 2054; x_wconf 81' lang='lat' dir='ltr'><strong>melle</strong></span> <span class='ocrx_word' id='word_1_107' title='bbox 1023 2016 1255 2071; x_wconf 73' lang='lat' dir='ltr'><strong>ungunt.</strong></span> <span class='ocrx_word' id='word_1_108' title='bbox 1295 2008 1523 2078; x_wconf 78' lang='lat' dir='ltr'><strong>Oportet</strong></span> <span class='ocrx_word' id='word_1_109' title='bbox 1569 2013 1739 2082; x_wconf 81' lang='lat' dir='ltr'><strong>igitur</strong></span> <span class='ocrx_word' id='word_1_110' title='bbox 1768 2024 1829 2069; x_wconf 88' lang='lat' dir='ltr'><strong>ut</strong></span> <span class='ocrx_word' id='word_1_111' title='bbox 1870 2017 1963 2086; x_wconf 88' lang='lat' dir='ltr'><strong>qui</strong></span> <span class='ocrx_word' id='word_1_112' title='bbox 2004 2018 2075 2074; x_wconf 85' lang='lat' dir='ltr'><strong>ab</strong></span> 
     </span>
    </p>
   </div>
   <div class='ocr_carea' id='block_1_19' title="bbox 488 2082 2073 2180">
    <p class='ocr_par' dir='ltr' id='par_1_19' title="bbox 488 2082 2073 2180">
     <span class='ocr_line' id='line_1_19' title="bbox 488 2082 2073 2180; baseline 0.02 -45"><span class='ocrx_word' id='word_1_113' title='bbox 488 2082 747 2141; x_wconf 80' lang='lat' dir='ltr'><strong>hostibus</strong></span> <span class='ocrx_word' id='word_1_114' title='bbox 779 2090 882 2144; x_wconf 84' lang='lat' dir='ltr'><strong>sub</strong></span> <span class='ocrx_word' id='word_1_115' title='bbox 913 2106 1200 2161; x_wconf 75' lang='lat' dir='ltr'><strong>aspectum</strong></span> <span class='ocrx_word' id='word_1_116' title='bbox 1244 2115 1352 2155; x_wconf 78' lang='lat' dir='ltr'><strong>non</strong></span> <span class='ocrx_word' id='word_1_117' title='bbox 1391 2103 1720 2162; x_wconf 84' lang='lat' dir='ltr'><strong>cadentibus</strong></span> <span class='ocrx_word' id='word_1_118' title='bbox 1748 2106 2073 2180; x_wconf 81' lang='lat' dir='ltr'><strong>impugnan-</strong></span> 
     </span>
    </p>
   </div>
   <div class='ocr_carea' id='block_1_20' title="bbox 488 2172 2063 2268">
    <p class='ocr_par' dir='ltr' id='par_1_20' title="bbox 488 2172 2063 2268">
     <span class='ocr_line' id='line_1_20' title="bbox 488 2172 2063 2268; baseline 0.02 -41"><span class='ocrx_word' id='word_1_119' title='bbox 488 2184 597 2241; x_wconf 78' lang='lat' dir='ltr'><strong>tur,</strong></span> <span class='ocrx_word' id='word_1_120' title='bbox 635 2172 879 2250; x_wconf 82' lang='lat' dir='ltr'><strong>tempore</strong></span> <span class='ocrx_word' id='word_1_121' title='bbox 909 2195 995 2240; x_wconf 81' lang='lat' dir='ltr'><strong>sat</strong></span> <span class='ocrx_word' id='word_1_122' title='bbox 1029 2192 1224 2255; x_wconf 85' lang='lat' dir='ltr'><strong>multo,</strong></span> <span class='ocrx_word' id='word_1_123' title='bbox 1274 2207 1340 2247; x_wconf 88' lang='lat' dir='ltr'><strong>ac</strong></span> <span class='ocrx_word' id='word_1_124' title='bbox 1379 2211 1474 2263; x_wconf 82' lang='lat' dir='ltr'><strong>per</strong></span> <span class='ocrx_word' id='word_1_125' title='bbox 1506 2197 1725 2268; x_wconf 79' lang='lat' dir='ltr'><strong>longam</strong></span> <span class='ocrx_word' id='word_1_126' title='bbox 1759 2202 1900 2258; x_wconf 84' lang='lat' dir='ltr'><strong>cotis</strong></span> <span class='ocrx_word' id='word_1_127' title='bbox 1932 2219 2063 2259; x_wconf 80' lang='lat' dir='ltr'><strong>exa-</strong></span> 
     </span>
    </p>
   </div>
   <div class='ocr_carea' id='block_1_21' title="bbox 484 2270 2067 2364">
    <p class='ocr_par' dir='ltr' id='par_1_21' title="bbox 484 2270 2067 2364">
     <span class='ocr_line' id='line_1_21' title="bbox 484 2270 2067 2364; baseline 0.018 -41"><span class='ocrx_word' id='word_1_128' title='bbox 484 2270 761 2327; x_wconf 77' lang='lat' dir='ltr'><strong>cutionem</strong></span> <span class='ocrx_word' id='word_1_129' title='bbox 807 2278 1137 2347; x_wconf 80' lang='lat' dir='ltr'><strong>probentur,</strong></span> <span class='ocrx_word' id='word_1_130' title='bbox 1186 2298 1363 2353; x_wconf 83' lang='lat' dir='ltr'><strong>eoque</strong></span> <span class='ocrx_word' id='word_1_131' title='bbox 1399 2290 1559 2343; x_wconf 76' lang='lat' dir='ltr'><strong>inodu</strong></span> <span class='ocrx_word' id='word_1_132' title='bbox 1590 2292 1676 2345; x_wconf 87' lang='lat' dir='ltr'><strong>vel</strong></span> <span class='ocrx_word' id='word_1_133' title='bbox 1719 2293 2067 2364; x_wconf 76' lang='lat' dir='ltr'><strong>rejiciantur,</strong></span> 
     </span>
    </p>
   </div>
   <div class='ocr_carea' id='block_1_22' title="bbox 481 2359 1529 2445">
    <p class='ocr_par' dir='ltr' id='par_1_22' title="bbox 481 2359 1529 2445">
     <span class='ocr_line' id='line_1_22' title="bbox 481 2359 1529 2445; baseline 0.023 -36"><span class='ocrx_word' id='word_1_134' title='bbox 481 2359 565 2412; x_wconf 86' lang='lat' dir='ltr'><strong>vel</strong></span> <span class='ocrx_word' id='word_1_135' title='bbox 603 2361 659 2415; x_wconf 89' lang='lat' dir='ltr'><strong>in</strong></span> <span class='ocrx_word' id='word_1_136' title='bbox 686 2364 849 2419; x_wconf 80' lang='lat' dir='ltr'><strong>stadii</strong></span> <span class='ocrx_word' id='word_1_137' title='bbox 887 2380 1146 2427; x_wconf 85' lang='lat' dir='ltr'><strong>cursores</strong></span> <span class='ocrx_word' id='word_1_138' title='bbox 1176 2384 1529 2445; x_wconf 84' lang='lat' dir='ltr'><strong>cooptentur.</strong></span> 
     </span>
    </p>
   </div>
   <div class='ocr_carea' id='block_1_23' title="bbox 552 2497 2064 2579">
    <p class='ocr_par' dir='ltr' id='par_1_23' title="bbox 552 2497 2064 2579">
     <span class='ocr_line' id='line_1_23' title="bbox 552 2497 2064 2579; baseline 0.019 -29"><span class='ocrx_word' id='word_1_139' title='bbox 552 2498 607 2552; x_wconf 68' lang='grc'>4.</span> <span class='ocrx_word' id='word_1_140' title='bbox 647 2497 714 2562; x_wconf 84' lang='lat' dir='ltr'><strong>Et</strong></span> <span class='ocrx_word' id='word_1_141' title='bbox 748 2501 862 2557; x_wconf 81' lang='lat' dir='ltr'><strong>haec</strong></span> <span class='ocrx_word' id='word_1_142' title='bbox 898 2504 1122 2573; x_wconf 83' lang='lat' dir='ltr'><strong>quidem</strong></span> <span class='ocrx_word' id='word_1_143' title='bbox 1160 2507 1358 2565; x_wconf 70' lang='lat' dir='ltr'><strong>littcrtr</strong></span> <span class='ocrx_word' id='word_1_144' title='bbox 1403 2522 1506 2568; x_wconf 79' lang='lat' dir='ltr'><strong>tute</strong></span> <span class='ocrx_word' id='word_1_145' title='bbox 1545 2518 1925 2575; x_wconf 85' lang='lat' dir='ltr'><strong>continebant.</strong></span> <span class='ocrx_word' id='word_1_146' title='bbox 1950 2519 2064 2579; x_wconf 87' lang='lat' dir='ltr'><strong>Nos</strong></span> 
     </span>
    </p>
   </div>
   <div class='ocr_carea' id='block_1_24' title="bbox 479 2593 2062 2670">
    <p class='ocr_par' dir='ltr' id='par_1_24' title="bbox 479 2593 2062 2670">
     <span class='ocr_line' id='line_1_24' title="bbox 479 2593 2062 2670; baseline 0.018 -29"><span class='ocrx_word' id='word_1_147' title='bbox 479 2597 661 2644; x_wconf 84' lang='lat' dir='ltr'><strong>autem</strong></span> <span class='ocrx_word' id='word_1_148' title='bbox 702 2593 964 2659; x_wconf 88' lang='lat' dir='ltr'><strong>dicimus,</strong></span> <span class='ocrx_word' id='word_1_149' title='bbox 996 2613 1255 2670; x_wconf 83' lang='lat' dir='ltr'><strong>magnum</strong></span> <span class='ocrx_word' id='word_1_150' title='bbox 1303 2604 1446 2659; x_wconf 90' lang='lat' dir='ltr'><strong>inter</strong></span> <span class='ocrx_word' id='word_1_151' title='bbox 1470 2608 1699 2665; x_wconf 48' lang='lat' dir='ltr'><strong>‘sanctos</strong></span> <span class='ocrx_word' id='word_1_152' title='bbox 1731 2609 1922 2670; x_wconf 81' lang='lat' dir='ltr'><strong>Patres</strong></span> <span class='ocrx_word' id='word_1_153' title='bbox 1958 2614 2062 2669; x_wconf 88' lang='lat' dir='ltr'><strong>Ba-</strong></span> 
     </span>
    </p>
   </div>
   <div class='ocr_carea' id='block_1_25' title="bbox 479 2682 2063 2764">
    <p class='ocr_par' dir='ltr' id='par_1_25' title="bbox 479 2682 2063 2764">
     <span class='ocr_line' id='line_1_25' title="bbox 479 2682 2063 2764; baseline 0.019 -31"><span class='ocrx_word' id='word_1_154' title='bbox 479 2682 686 2747; x_wconf 79' lang='lat' dir='ltr'><strong>silium,</strong></span> <span class='ocrx_word' id='word_1_155' title='bbox 712 2685 1138 2746; x_wconf 65' lang='lat' dir='ltr'><strong>Cmsaricnsium</strong></span> <span class='ocrx_word' id='word_1_156' title='bbox 1169 2693 1427 2764; x_wconf 83' lang='lat' dir='ltr'><strong>gloriam,</strong></span> <span class='ocrx_word' id='word_1_157' title='bbox 1461 2709 1515 2753; x_wconf 86' lang='lat' dir='ltr'><strong>et</strong></span> <span class='ocrx_word' id='word_1_158' title='bbox 1557 2702 1726 2757; x_wconf 87' lang='lat' dir='ltr'><strong>totius</strong></span> <span class='ocrx_word' id='word_1_159' title='bbox 1761 2706 1917 2761; x_wconf 89' lang='lat' dir='ltr'><strong>orbis</strong></span> <span class='ocrx_word' id='word_1_160' title='bbox 1945 2723 2063 2762; x_wconf 87' lang='lat' dir='ltr'><strong>ma-</strong></span> 
     </span>
    </p>
   </div>
   <div class='ocr_carea' id='block_1_26' title="bbox 476 2774 2065 2870">
    <p class='ocr_par' dir='ltr' id='par_1_26' title="bbox 476 2774 2065 2870">
     <span class='ocr_line' id='line_1_26' title="bbox 476 2774 2065 2870; baseline 0.019 -45"><span class='ocrx_word' id='word_1_161' title='bbox 476 2774 732 2839; x_wconf 74' lang='lat' dir='ltr'><strong>gistrum,</strong></span> <span class='ocrx_word' id='word_1_162' title='bbox 773 2780 827 2831; x_wconf 83' lang='lat' dir='ltr'><strong>in</strong></span> <span class='ocrx_word' id='word_1_163' title='bbox 864 2780 981 2835; x_wconf 88' lang='lat' dir='ltr'><strong>suis</strong></span> <span class='ocrx_word' id='word_1_164' title='bbox 1007 2782 1272 2842; x_wconf 89' lang='lat' dir='ltr'><strong>divinitus</strong></span> <span class='ocrx_word' id='word_1_165' title='bbox 1315 2780 1529 2846; x_wconf 84' lang='lat' dir='ltr'><strong>edoctis</strong></span> <span class='ocrx_word' id='word_1_166' title='bbox 1572 2796 1927 2852; x_wconf 87' lang='lat' dir='ltr'><strong>sermonibus</strong></span> <span class='ocrx_word' id='word_1_167' title='bbox 1967 2799 2065 2870; x_wconf 87' lang='lat' dir='ltr'><strong>qui</strong></span> 
     </span>
    </p>
   </div>
   <div class='ocr_carea' id='block_1_27' title="bbox 473 2869 2062 2961">
    <p class='ocr_par' dir='ltr' id='par_1_27' title="bbox 473 2869 2062 2961">
     <span class='ocr_line' id='line_1_27' title="bbox 473 2869 2062 2961; baseline 0.018 -41"><span class='ocrx_word' id='word_1_168' title='bbox 473 2869 886 2931; x_wconf 62' lang='lat' dir='ltr'><strong>exercitationis</strong></span> <span class='ocrx_word' id='word_1_169' title='bbox 909 2878 1231 2933; x_wconf 71' lang='lat' dir='ltr'><strong>manasticm</strong></span> <span class='ocrx_word' id='word_1_170' title='bbox 1252 2878 1484 2955; x_wconf 81' lang='lat' dir='ltr'><strong>formam</strong></span> <span class='ocrx_word' id='word_1_171' title='bbox 1514 2889 1901 2958; x_wconf 80' lang='lat' dir='ltr'><strong>praescribunt,</strong></span> <span class='ocrx_word' id='word_1_172' title='bbox 1923 2907 2062 2961; x_wconf 83' lang='lat' dir='ltr'><strong>prae-</strong></span> 
     </span>
    </p>
   </div>
   <div class='ocr_carea' id='block_1_28' title="bbox 474 2963 2054 3045">
    <p class='ocr_par' dir='ltr' id='par_1_28' title="bbox 474 2963 2054 3045">
     <span class='ocr_line' id='line_1_28' title="bbox 474 2963 2054 3045; baseline 0.017 -31"><span class='ocrx_word' id='word_1_173' title='bbox 474 2963 781 3033; x_wconf 77' lang='lat' dir='ltr'><strong>sertimque</strong></span> <span class='ocrx_word' id='word_1_174' title='bbox 834 2966 886 3021; x_wconf 92' lang='lat' dir='ltr'><strong>in</strong></span> <span class='ocrx_word' id='word_1_175' title='bbox 918 2983 1028 3023; x_wconf 88' lang='lat' dir='ltr'><strong>uno</strong></span> <span class='ocrx_word' id='word_1_176' title='bbox 1060 2971 1281 3027; x_wconf 90' lang='lat' dir='ltr'><strong>illorum</strong></span> <span class='ocrx_word' id='word_1_177' title='bbox 1316 2976 1411 3045; x_wconf 87' lang='lat' dir='ltr'><strong>qui</strong></span> <span class='ocrx_word' id='word_1_178' title='bbox 1465 2977 1580 3034; x_wconf 79' lang='lat' dir='ltr'><strong>haec</strong></span> <span class='ocrx_word' id='word_1_179' title='bbox 1611 2980 1678 3035; x_wconf 90' lang='lat' dir='ltr'><strong>ad</strong></span> <span class='ocrx_word' id='word_1_180' title='bbox 1725 2983 1954 3039; x_wconf 88' lang='lat' dir='ltr'><strong>verbum</strong></span> <span class='ocrx_word' id='word_1_181' title='bbox 1997 2988 2054 3041; x_wconf 89' lang='lat' dir='ltr'><strong>in</strong></span> 
     </span>
    </p>
   </div>
   <div class='ocr_carea' id='block_1_29' title="bbox 474 3054 2055 3139">
    <p class='ocr_par' dir='ltr' id='par_1_29' title="bbox 474 3054 2055 3139">
     <span class='ocr_line' id='line_1_29' title="bbox 474 3054 2055 3139; baseline 0.02 -34"><span class='ocrx_word' id='word_1_182' title='bbox 474 3054 633 3109; x_wconf 86' lang='lat' dir='ltr'><strong>titulo</strong></span> <span class='ocrx_word' id='word_1_183' title='bbox 684 3061 1063 3129; x_wconf 84' lang='lat' dir='ltr'><strong>complectitur</strong></span> <span class='ocrx_word' id='word_1_184' title='bbox 1103 3064 1426 3139; x_wconf 75' lang='lat' dir='ltr'><strong>:Numquid</strong></span> <span class='ocrx_word' id='word_1_185' title='bbox 1470 3084 1689 3129; x_wconf 81' lang='lat' dir='ltr'><strong>cunctos</strong></span> <span class='ocrx_word' id='word_1_186' title='bbox 1744 3079 2055 3136; x_wconf 79' lang='lat' dir='ltr'><strong>accedentes</strong></span> 
     </span>
    </p>
   </div>
   <div class='ocr_carea' id='block_1_30' title="bbox 468 3152 2055 3233">
    <p class='ocr_par' dir='ltr' id='par_1_30' title="bbox 468 3152 2055 3233">
     <span class='ocr_line' id='line_1_30' title="bbox 468 3152 2055 3233; baseline 0.021 -34"><span class='ocrx_word' id='word_1_187' title='bbox 468 3152 747 3205; x_wconf 64' lang='lat' dir='ltr'><strong>conveniat</strong></span> <span class='ocrx_word' id='word_1_188' title='bbox 783 3154 1085 3221; x_wconf 79' lang='lat' dir='ltr'><strong>admittere,</strong></span> <span class='ocrx_word' id='word_1_189' title='bbox 1122 3176 1190 3213; x_wconf 85' lang='lat' dir='ltr'><strong>an</strong></span> <span class='ocrx_word' id='word_1_190' title='bbox 1225 3162 1435 3233; x_wconf 80' lang='lat' dir='ltr'><strong>aliquos</strong></span> <span class='ocrx_word' id='word_1_191' title='bbox 1480 3176 1691 3223; x_wconf 82' lang='lat' dir='ltr'><strong>tantum</strong></span> <span class='ocrx_word' id='word_1_192' title='bbox 1722 3181 1773 3226; x_wconf 90' lang='lat' dir='ltr'><strong>et</strong></span> <span class='ocrx_word' id='word_1_193' title='bbox 1810 3189 1898 3229; x_wconf 81' lang='lat' dir='ltr'><strong>eos</strong></span> <span class='ocrx_word' id='word_1_194' title='bbox 1922 3193 2055 3231; x_wconf 86' lang='lat' dir='ltr'><strong>con-</strong></span> 
     </span>
    </p>
   </div>
   <div class='ocr_carea' id='block_1_31' title="bbox 468 3243 2054 3341">
    <p class='ocr_par' dir='ltr' id='par_1_31' title="bbox 468 3243 2054 3341">
     <span class='ocr_line' id='line_1_31' title="bbox 468 3243 2054 3341; baseline 0.023 -50"><span class='ocrx_word' id='word_1_195' title='bbox 468 3243 748 3311; x_wconf 77' lang='lat' dir='ltr'><strong>ronfestim</strong></span> <span class='ocrx_word' id='word_1_196' title='bbox 789 3249 1037 3319; x_wconf 79' lang='lat' dir='ltr'><strong>recipere,</strong></span> <span class='ocrx_word' id='word_1_197' title='bbox 1092 3263 1333 3310; x_wconf 86' lang='lat' dir='ltr'><strong>autcum</strong></span> <span class='ocrx_word' id='word_1_198' title='bbox 1363 3259 1698 3331; x_wconf 80' lang='lat' dir='ltr'><strong>probatione,</strong></span> <span class='ocrx_word' id='word_1_199' title='bbox 1723 3283 1887 3340; x_wconf 86' lang='lat' dir='ltr'><strong>eaque</strong></span> <span class='ocrx_word' id='word_1_200' title='bbox 1919 3288 2054 3341; x_wconf 81' lang='lat' dir='ltr'><strong>qua-</strong></span> 
     </span>
    </p>
   </div>
   <div class='ocr_carea' id='block_1_32' title="bbox 465 3334 2052 3428">
    <p class='ocr_par' dir='ltr' id='par_1_32' title="bbox 465 3334 2052 3428">
     <span class='ocr_line' id='line_1_32' title="bbox 465 3334 2052 3428; baseline 0.021 -42"><span class='ocrx_word' id='word_1_201' title='bbox 465 3334 550 3391; x_wconf 75' lang='lat' dir='ltr'><strong>li?</strong></span> <span class='ocrx_word' id='word_1_202' title='bbox 573 3335 825 3405; x_wconf 74' lang='lat' dir='ltr'><strong>delinire,</strong></span> <span class='ocrx_word' id='word_1_203' title='bbox 864 3349 921 3397; x_wconf 90' lang='lat' dir='ltr'><strong>ut</strong></span> <span class='ocrx_word' id='word_1_204' title='bbox 943 3341 1036 3411; x_wconf 89' lang='lat' dir='ltr'><strong>qui</strong></span> <span class='ocrx_word' id='word_1_205' title='bbox 1070 3345 1257 3400; x_wconf 91' lang='lat' dir='ltr'><strong>volunt</strong></span> <span class='ocrx_word' id='word_1_206' title='bbox 1287 3347 1405 3404; x_wconf 89' lang='lat' dir='ltr'><strong>leve</strong></span> <span class='ocrx_word' id='word_1_207' title='bbox 1450 3351 1663 3410; x_wconf 87' lang='lat' dir='ltr'><strong>Domini</strong></span> <span class='ocrx_word' id='word_1_208' title='bbox 1688 3334 1882 3428; x_wconf 71' lang='lat' dir='ltr'><strong>iugum</strong></span> <span class='ocrx_word' id='word_1_209' title='bbox 1915 3334 2052 3419; x_wconf 78' lang='lat' dir='ltr'><strong>sub-</strong></span> 
     </span>
    </p>
   </div>
   <div class='ocr_carea' id='block_1_33' title="bbox 465 3428 2047 3522">
    <p class='ocr_par' dir='ltr' id='par_1_33' title="bbox 465 3428 2047 3522">
     <span class='ocr_line' id='line_1_33' title="bbox 465 3428 2047 3522; baseline 0.021 -43"><span class='ocrx_word' id='word_1_210' title='bbox 465 3428 567 3495; x_wconf 79' lang='lat' dir='ltr'><strong>ire,</strong></span> <span class='ocrx_word' id='word_1_211' title='bbox 609 3428 994 3499; x_wconf 85' lang='lat' dir='ltr'><strong>admittautur,</strong></span> <span class='ocrx_word' id='word_1_212' title='bbox 1050 3451 1160 3493; x_wconf 92' lang='lat' dir='ltr'><strong>non</strong></span> <span class='ocrx_word' id='word_1_213' title='bbox 1230 3443 1598 3515; x_wconf 82' lang='lat' dir='ltr'><strong>repellantur;</strong></span> <span class='ocrx_word' id='word_1_214' title='bbox 1661 3450 1808 3507; x_wconf 89' lang='lat' dir='ltr'><strong>nolle</strong></span> <span class='ocrx_word' id='word_1_215' title='bbox 1866 3463 2047 3522; x_wconf 85' lang='lat' dir='ltr'><strong>tamen</strong></span> 
     </span>
    </p>
   </div>
   <div class='ocr_carea' id='block_1_34' title="bbox 465 3522 2048 3605">
    <p class='ocr_par' dir='ltr' id='par_1_34' title="bbox 465 3522 2048 3605">
     <span class='ocr_line' id='line_1_34' title="bbox 465 3522 2048 3605; baseline 0.02 -32"><span class='ocrx_word' id='word_1_216' title='bbox 465 3531 529 3583; x_wconf 89' lang='lat' dir='ltr'><strong>u_t</strong></span> <span class='ocrx_word' id='word_1_217' title='bbox 576 3522 749 3580; x_wconf 82' lang='lat' dir='ltr'><strong>lllotis</strong></span> <span class='ocrx_word' id='word_1_218' title='bbox 794 3529 1045 3585; x_wconf 88' lang='lat' dir='ltr'><strong>manibus</strong></span> <span class='ocrx_word' id='word_1_219' title='bbox 1078 3540 1270 3588; x_wconf 85' lang='lat' dir='ltr'><strong>sancta</strong></span> <span class='ocrx_word' id='word_1_220' title='bbox 1305 3543 1562 3604; x_wconf 86' lang='lat' dir='ltr'><strong>tractent,</strong></span> <span class='ocrx_word' id='word_1_221' title='bbox 1600 3541 1694 3596; x_wconf 87' lang='lat' dir='ltr'><strong>sed</strong></span> <span class='ocrx_word' id='word_1_222' title='bbox 1738 3544 1878 3602; x_wconf 83' lang='lat' dir='ltr'><strong>velle</strong></span> <span class='ocrx_word' id='word_1_223' title='bbox 1899 3557 1961 3602; x_wconf 91' lang='lat' dir='ltr'><strong>ut</strong></span> <span class='ocrx_word' id='word_1_224' title='bbox 2001 3551 2048 3605; x_wconf 90' lang='lat' dir='ltr'><strong>si</strong></span> 
     </span>
    </p>
   </div>
   <div class='ocr_carea' id='block_1_35' title="bbox 465 3615 2125 3712">
    <p class='ocr_par' dir='ltr' id='par_1_35' title="bbox 465 3615 2125 3712">
     <span class='ocr_line' id='line_1_35' title="bbox 465 3615 2125 3712; baseline 0.021 -46"><span class='ocrx_word' id='word_1_225' title='bbox 465 3615 563 3685; x_wconf 76' lang='lat' dir='ltr'><strong>qui</strong></span> <span class='ocrx_word' id='word_1_226' title='bbox 591 3631 783 3673; x_wconf 87' lang='lat' dir='ltr'><strong>eorum</strong></span> <span class='ocrx_word' id='word_1_227' title='bbox 818 3621 1149 3693; x_wconf 64' lang='lat' dir='ltr'><strong>perfectiora</strong></span> <span class='ocrx_word' id='word_1_228' title='bbox 1182 3628 1437 3712; x_wconf 61' lang='lat' dir='ltr'><strong>dogmata</strong></span> <span class='ocrx_word' id='word_1_229' title='bbox 1468 3631 1744 3704; x_wconf 79' lang='lat' dir='ltr'><strong>ignorent,</strong></span> <span class='ocrx_word' id='word_1_230' title='bbox 1779 3642 2057 3709; x_wconf 72' lang='lat' dir='ltr'><strong>quosdam,</strong></span> <span class='ocrx_word' id='word_1_231' title='bbox 2116 3656 2125 3659; x_wconf 87' lang='lat'><strong><em>&#39;</em></strong></span> 
     </span>
    </p>
   </div>
   <div class='ocr_carea' id='block_1_36' title="bbox 471 3714 2050 3800">
    <p class='ocr_par' dir='ltr' id='par_1_36' title="bbox 471 3714 2050 3800">
     <span class='ocr_line' id='line_1_36' title="bbox 471 3714 2050 3800; baseline 0.023 -41"><span class='ocrx_word' id='word_1_232' title='bbox 471 3723 602 3763; x_wconf 84' lang='lat' dir='ltr'><strong>vero</strong></span> <span class='ocrx_word' id='word_1_233' title='bbox 636 3714 819 3768; x_wconf 75' lang='lat' dir='ltr'><strong>mores</strong></span> <span class='ocrx_word' id='word_1_234' title='bbox 859 3716 1033 3771; x_wconf 84' lang='lat' dir='ltr'><strong>malos</strong></span> <span class='ocrx_word' id='word_1_235' title='bbox 1066 3720 1524 3799; x_wconf 80' lang='lat' dir='ltr'><strong>promiscuosque</strong></span> <span class='ocrx_word' id='word_1_236' title='bbox 1564 3728 1896 3800; x_wconf 88' lang='lat' dir='ltr'><strong>edoctisint,</strong></span> <span class='ocrx_word' id='word_1_237' title='bbox 1935 3735 2050 3794; x_wconf 83' lang='lat' dir='ltr'><strong>dis-</strong></span> 
     </span>
    </p>
   </div>
   <div class='ocr_carea' id='block_1_37' title="bbox 460 3802 2043 3886">
    <p class='ocr_par' dir='ltr' id='par_1_37' title="bbox 460 3802 2043 3886">
     <span class='ocr_line' id='line_1_37' title="bbox 460 3802 2043 3886; baseline 0.02 -31"><span class='ocrx_word' id='word_1_238' title='bbox 460 3802 698 3872; x_wconf 77' lang='lat' dir='ltr'><strong>quisitio.</strong></span> <span class='ocrx_word' id='word_1_239' title='bbox 741 3806 853 3868; x_wconf 78' lang='lat' dir='ltr'><strong>ﬁat,</strong></span> <span class='ocrx_word' id='word_1_240' title='bbox 888 3807 1301 3883; x_wconf 71' lang='lat' dir='ltr'><strong>doc-eamusque</strong></span> <span class='ocrx_word' id='word_1_241' title='bbox 1335 3823 1390 3870; x_wconf 90' lang='lat' dir='ltr'><strong>et</strong></span> <span class='ocrx_word' id='word_1_242' title='bbox 1414 3817 1480 3872; x_wconf 88' lang='lat' dir='ltr'><strong>ad</strong></span> <span class='ocrx_word' id='word_1_243' title='bbox 1507 3822 1705 3881; x_wconf 90' lang='lat' dir='ltr'><strong>melius</strong></span> <span class='ocrx_word' id='word_1_244' title='bbox 1731 3825 2043 3886; x_wconf 81' lang='lat' dir='ltr'><strong>reformen-</strong></span> 
     </span>
    </p>
   </div>
   <div class='ocr_carea' id='block_1_38' title="bbox 461 3896 2043 3985">
    <p class='ocr_par' dir='ltr' id='par_1_38' title="bbox 461 3896 2043 3985">
     <span class='ocr_line' id='line_1_38' title="bbox 461 3896 2043 3985; baseline 0.021 -37"><span class='ocrx_word' id='word_1_245' title='bbox 461 3904 572 3963; x_wconf 75' lang='lat' dir='ltr'><strong>tur,</strong></span> <span class='ocrx_word' id='word_1_246' title='bbox 607 3896 796 3967; x_wconf 81' lang='lat' dir='ltr'><strong>sicque</strong></span> <span class='ocrx_word' id='word_1_247' title='bbox 827 3915 950 3956; x_wconf 84' lang='lat' dir='ltr'><strong>cum</strong></span> <span class='ocrx_word' id='word_1_248' title='bbox 993 3906 1402 3967; x_wconf 76' lang='lat' dir='ltr'><strong>exercitatione</strong></span> <span class='ocrx_word' id='word_1_249' title='bbox 1424 3926 1488 3966; x_wconf 83' lang='lat' dir='ltr'><strong>ae</strong></span> <span class='ocrx_word' id='word_1_250' title='bbox 1527 3917 1909 3985; x_wconf 81' lang='lat' dir='ltr'><strong>exploratione</strong></span> <span class='ocrx_word' id='word_1_251' title='bbox 1950 3939 2043 3983; x_wconf 85' lang='lat' dir='ltr'><strong>ac-</strong></span> 
     </span>
    </p>
   </div>
   <div class='ocr_carea' id='block_1_39' title="bbox 458 3990 2041 4073">
    <p class='ocr_par' dir='ltr' id='par_1_39' title="bbox 458 3990 2041 4073">
     <span class='ocr_line' id='line_1_39' title="bbox 458 3990 2041 4073; baseline 0.02 -31"><span class='ocrx_word' id='word_1_252' title='bbox 458 3997 667 4052; x_wconf 83' lang='lat' dir='ltr'><strong>curata,</strong></span> <span class='ocrx_word' id='word_1_253' title='bbox 711 3990 792 4045; x_wconf 89' lang='lat' dir='ltr'><strong>vel</strong></span> <span class='ocrx_word' id='word_1_254' title='bbox 856 3992 1213 4069; x_wconf 73' lang='lat' dir='ltr'><strong>recipiantur,</strong></span> <span class='ocrx_word' id='word_1_255' title='bbox 1264 3999 1353 4054; x_wconf 89' lang='lat' dir='ltr'><strong>vel</strong></span> <span class='ocrx_word' id='word_1_256' title='bbox 1401 4002 1753 4065; x_wconf 70' lang='lat' dir='ltr'><strong>emittantur.</strong></span> <span class='ocrx_word' id='word_1_257' title='bbox 1808 4006 2041 4073; x_wconf 87' lang='lat' dir='ltr'><strong>Frustra</strong></span> 
     </span>
    </p>
   </div>
   <div class='ocr_carea' id='block_1_40' title="bbox 455 4084 2037 4162">
    <p class='ocr_par' dir='ltr' id='par_1_40' title="bbox 455 4084 2037 4162">
     <span class='ocr_line' id='line_1_40' title="bbox 455 4084 2037 4162; baseline 0.016 -25"><span class='ocrx_word' id='word_1_258' title='bbox 455 4097 590 4153; x_wconf 79' lang='lat' dir='ltr'><strong>ergo</strong></span> <span class='ocrx_word' id='word_1_259' title='bbox 639 4092 696 4138; x_wconf 85' lang='lat' dir='ltr'><strong>et</strong></span> <span class='ocrx_word' id='word_1_260' title='bbox 749 4084 1040 4143; x_wconf 79' lang='lat' dir='ltr'><strong>calumniae</strong></span> <span class='ocrx_word' id='word_1_261' title='bbox 1092 4090 1375 4161; x_wconf 85' lang='lat' dir='ltr'><strong>proposito</strong></span> <span class='ocrx_word' id='word_1_262' title='bbox 1448 4099 1792 4157; x_wconf 85' lang='lat' dir='ltr'><strong>mentiuntur</strong></span> <span class='ocrx_word' id='word_1_263' title='bbox 1844 4115 2037 4162; x_wconf 89' lang='lat' dir='ltr'><strong>contra</strong></span> 
     </span>
    </p>
   </div>
   <div class='ocr_carea' id='block_1_41' title="bbox 457 4176 2037 4269">
    <p class='ocr_par' dir='ltr' id='par_1_41' title="bbox 457 4176 2037 4269">
     <span class='ocr_line' id='line_1_41' title="bbox 457 4176 2037 4269; baseline 0.018 -41"><span class='ocrx_word' id='word_1_264' title='bbox 457 4183 712 4233; x_wconf 86' lang='lat' dir='ltr'><strong>sanctum</strong></span> <span class='ocrx_word' id='word_1_265' title='bbox 765 4176 999 4245; x_wconf 84' lang='lat' dir='ltr'><strong>Patrem,</strong></span> <span class='ocrx_word' id='word_1_266' title='bbox 1034 4182 1128 4251; x_wconf 89' lang='lat' dir='ltr'><strong>qui</strong></span> <span class='ocrx_word' id='word_1_267' title='bbox 1164 4184 1439 4255; x_wconf 67' lang='lat' dir='ltr'><strong>praedicta</strong></span> <span class='ocrx_word' id='word_1_268' title='bbox 1496 4190 1815 4250; x_wconf 77' lang='lat' dir='ltr'><strong>fabulantur</strong></span> <span class='ocrx_word' id='word_1_269' title='bbox 1873 4206 2037 4269; x_wconf 83' lang='lat' dir='ltr'><strong>atque</strong></span> 
     </span>
    </p>
   </div>
   <div class='ocr_carea' id='block_1_42' title="bbox 454 4267 799 4337">
    <p class='ocr_par' dir='ltr' id='par_1_42' title="bbox 454 4267 799 4337">
     <span class='ocr_line' id='line_1_42' title="bbox 454 4267 799 4337; baseline 0.026 -19"><span class='ocrx_word' id='word_1_270' title='bbox 454 4267 799 4337; x_wconf 71' lang='lat' dir='ltr'><strong>contingunt.</strong></span> 
     </span>
    </p>
   </div>
   <div class='ocr_carea' id='block_1_43' title="bbox 528 4400 2042 4492">
    <p class='ocr_par' dir='ltr' id='par_1_43' title="bbox 528 4400 2042 4492">
     <span class='ocr_line' id='line_1_43' title="bbox 528 4400 2042 4492; baseline 0.021 -37"><span class='ocrx_word' id='word_1_271' title='bbox 528 4401 582 4456; x_wconf 81' lang='grc'>5.</span> <span class='ocrx_word' id='word_1_272' title='bbox 614 4400 785 4459; x_wconf 86' lang='lat' dir='ltr'><strong>Porro</strong></span> <span class='ocrx_word' id='word_1_273' title='bbox 806 4407 934 4475; x_wconf 88' lang='lat' dir='ltr'><strong>quia</strong></span> <span class='ocrx_word' id='word_1_274' title='bbox 959 4411 1207 4466; x_wconf 77' lang='lat' dir='ltr'><strong>nonnulli</strong></span> <span class='ocrx_word' id='word_1_275' title='bbox 1229 4426 1510 4483; x_wconf 78' lang='lat' dir='ltr'><strong>asserunt,</strong></span> <span class='ocrx_word' id='word_1_276' title='bbox 1542 4435 1805 4492; x_wconf 75' lang='lat' dir='ltr'><strong>magnum</strong></span> <span class='ocrx_word' id='word_1_277' title='bbox 1833 4428 2042 4485; x_wconf 83' lang='lat' dir='ltr'><strong>Pacho-</strong></span> 
     </span>
    </p>
   </div>
   <div class='ocr_carea' id='block_1_44' title="bbox 453 4496 2040 4594">
    <p class='ocr_par' dir='ltr' id='par_1_44' title="bbox 453 4496 2040 4594">
     <span class='ocr_line' id='line_1_44' title="bbox 453 4496 2040 4594; baseline 0.018 -43"><span class='ocrx_word' id='word_1_278' title='bbox 453 4496 649 4561; x_wconf 89' lang='lat' dir='ltr'><strong>mium,</strong></span> <span class='ocrx_word' id='word_1_279' title='bbox 675 4500 897 4567; x_wconf 83' lang='lat' dir='ltr'><strong>quando</strong></span> <span class='ocrx_word' id='word_1_280' title='bbox 931 4500 1000 4556; x_wconf 86' lang='lat' dir='ltr'><strong>ab</strong></span> <span class='ocrx_word' id='word_1_281' title='bbox 1034 4506 1227 4575; x_wconf 75' lang='lat' dir='ltr'><strong>angelo</strong></span> <span class='ocrx_word' id='word_1_282' title='bbox 1261 4511 1605 4572; x_wconf 79' lang='lat' dir='ltr'><strong>monacbalis</strong></span> <span class='ocrx_word' id='word_1_283' title='bbox 1635 4518 1760 4575; x_wconf 70' lang='lat' dir='ltr'><strong>vitae</strong></span> <span class='ocrx_word' id='word_1_284' title='bbox 1789 4521 2040 4594; x_wconf 86' lang='lat' dir='ltr'><strong>discipli-</strong></span> 
     </span>
    </p>
   </div>
   <div class='ocr_carea' id='block_1_45' title="bbox 1751 323 2551 402">
    <p class='ocr_par' dir='ltr' id='par_1_45' title="bbox 1751 323 2551 402">
     <span class='ocr_line' id='line_1_45' title="bbox 1751 323 2551 402; baseline 0.025 -20"><span class='ocrx_word' id='word_1_285' title='bbox 1751 323 2026 387; x_wconf 84' lang='lat' dir='ltr'><strong>THEOD.</strong></span> <span class='ocrx_word' id='word_1_286' title='bbox 2059 324 2468 398; x_wconf 83' lang='lat' dir='ltr'><strong>BALSAMON</strong></span> <span class='ocrx_word' id='word_1_287' title='bbox 2474 339 2551 402; x_wconf 86' lang='lat' dir='ltr'><strong>IS</strong></span> 
     </span>
    </p>
   </div>
   <div class='ocr_carea' id='block_1_46' title="bbox 515 416 2059 542">
    <p class='ocr_par' dir='ltr' id='par_1_46' title="bbox 515 416 2058 499">
     <span class='ocr_line' id='line_1_46' title="bbox 515 416 2058 499; baseline 0.019 -33"><span class='ocrx_word' id='word_1_288' title='bbox 515 416 615 472; x_wconf 74' lang='lat' dir='ltr'><strong>bus</strong></span> <span class='ocrx_word' id='word_1_289' title='bbox 657 431 923 489; x_wconf 74' lang='lat' dir='ltr'><strong>pugnant,</strong></span> <span class='ocrx_word' id='word_1_290' title='bbox 960 425 1011 479; x_wconf 91' lang='lat' dir='ltr'><strong>in</strong></span> <span class='ocrx_word' id='word_1_291' title='bbox 1043 430 1379 499; x_wconf 83' lang='lat' dir='ltr'><strong>conspicuos</strong></span> <span class='ocrx_word' id='word_1_292' title='bbox 1414 433 1704 493; x_wconf 80' lang='lat' dir='ltr'><strong>bellatores</strong></span> <span class='ocrx_word' id='word_1_293' title='bbox 1749 447 1803 494; x_wconf 75' lang='lat' dir='ltr'><strong>et</strong></span> <span class='ocrx_word' id='word_1_294' title='bbox 1837 439 2058 496; x_wconf 77' lang='lat' dir='ltr'><strong>continu</strong></span> 
     </span>
    </p>
   </div>
   <div class='ocr_carea' id='block_1_47' title="bbox 2160 416 3596 542">
    <p class='ocr_par' dir='ltr' id='par_1_47' title="bbox 2160 452 3596 542">
     <span class='ocr_line' id='line_1_47' title="bbox 2160 452 3596 542; baseline 0.023 -41"><span class='ocrx_word' id='word_1_295' title='bbox 2160 452 2295 506; x_wconf 73' lang='grc' dir='ltr'>ικαὶ</span> <span class='ocrx_word' id='word_1_296' title='bbox 2330 458 2626 525; x_wconf 82' lang='grc' dir='ltr'>προόπτοις</span> <span class='ocrx_word' id='word_1_297' title='bbox 2652 464 2995 539; x_wconf 82' lang='grc' dir='ltr'><strong>ἀγχεμάχοις</strong></span> <span class='ocrx_word' id='word_1_298' title='bbox 3047 473 3461 542; x_wconf 75' lang='grc' dir='ltr'>ὑπαντιάζουσι,</span> <span class='ocrx_word' id='word_1_299' title='bbox 3507 482 3596 534; x_wconf 66' lang='grc' dir='ltr'>καὶ</span> 
     </span>
    </p>
   </div>
   <div class='ocr_carea' id='block_1_48' title="bbox 3638 365 3757 432">
    <p class='ocr_par' dir='ltr' id='par_1_48' title="bbox 3638 365 3757 432">
     <span class='ocr_line' id='line_1_48' title="bbox 3638 365 3757 432; baseline 0.008 -1"><span class='ocrx_word' id='word_1_300' title='bbox 3638 365 3757 432; x_wconf 63' lang='grc'><strong>1364</strong></span> 
     </span>
    </p>
   </div>
   <div class='ocr_carea' id='block_1_49' title="bbox 3643 484 3757 552">
    <p class='ocr_par' dir='ltr' id='par_1_49' title="bbox 3643 484 3757 552">
     <span class='ocr_line' id='line_1_49' title="bbox 3643 484 3757 552; baseline 0.018 0"><span class='ocrx_word' id='word_1_301' title='bbox 3643 484 3757 552; x_wconf 75' lang='grc' dir='ltr'><strong>βαλ·</strong></span> 
     </span>
    </p>
   </div>
   <div class='ocr_carea' id='block_1_50' title="bbox 2191 544 3757 639">
    <p class='ocr_par' dir='ltr' id='par_1_50' title="bbox 2191 544 3757 639">
     <span class='ocr_line' id='line_1_50' title="bbox 2191 544 3757 639; baseline 0.021 -41"><span class='ocrx_word' id='word_1_302' title='bbox 2191 544 2411 617; x_wconf 82' lang='grc' dir='ltr'>λόμενοι</span> <span class='ocrx_word' id='word_1_303' title='bbox 2443 550 2715 621; x_wconf 84' lang='grc' dir='ltr'>βάλλουσι,</span> <span class='ocrx_word' id='word_1_304' title='bbox 2736 559 2830 613; x_wconf 76' lang='grc' dir='ltr'><strong>καὶ</strong></span> <span class='ocrx_word' id='word_1_305' title='bbox 2853 560 3153 631; x_wconf 76' lang='grc' dir='ltr'><strong>ἀμύνονται</strong></span> <span class='ocrx_word' id='word_1_306' title='bbox 3184 568 3536 639; x_wconf 69' lang='grc' dir='ltr'>ἀμυνόμενον</span> <span class='ocrx_word' id='word_1_307' title='bbox 3560 544 3757 631; x_wconf 66' lang='grc' dir='ltr'>οὐτόιδὲ</span> 
     </span>
    </p>
   </div>
   <div class='ocr_carea' id='block_1_51' title="bbox 2191 639 3756 734">
    <p class='ocr_par' dir='ltr' id='par_1_51' title="bbox 2191 639 3756 734">
     <span class='ocr_line' id='line_1_51' title="bbox 2191 639 3756 734; baseline 0.019 -42"><span class='ocrx_word' id='word_1_308' title='bbox 2191 639 2451 711; x_wconf 84' lang='grc' dir='ltr'>ἀοράτοις</span> <span class='ocrx_word' id='word_1_309' title='bbox 2491 647 2706 717; x_wconf 75' lang='grc' dir='ltr'><strong>ἐχθροῖς</strong></span> <span class='ocrx_word' id='word_1_310' title='bbox 2733 653 3276 729; x_wconf 81' lang='grc' dir='ltr'>άντιπαλαμὼμενοι,</span> <span class='ocrx_word' id='word_1_311' title='bbox 3309 663 3403 716; x_wconf 81' lang='grc' dir='ltr'>καὶ</span> <span class='ocrx_word' id='word_1_312' title='bbox 3446 667 3756 734; x_wconf 82' lang='grc' dir='ltr'>ἀπροόπτοις</span> 
     </span>
    </p>
   </div>
   <div class='ocr_carea' id='block_1_52' title="bbox 2190 732 3757 825">
    <p class='ocr_par' dir='ltr' id='par_1_52' title="bbox 2190 732 3757 825">
     <span class='ocr_line' id='line_1_52' title="bbox 2190 732 3757 825; baseline 0.018 -42"><span class='ocrx_word' id='word_1_313' title='bbox 2190 732 2515 796; x_wconf 77' lang='grc' dir='ltr'><strong>ἀντιπάλοις</strong></span> <span class='ocrx_word' id='word_1_314' title='bbox 2547 740 2897 811; x_wconf 69' lang='grc' dir='ltr'><strong>παλαίοντες,</strong></span> <span class='ocrx_word' id='word_1_315' title='bbox 2959 748 3184 816; x_wconf 77' lang='grc' dir='ltr'><strong>ἀφανῶς</strong></span> <span class='ocrx_word' id='word_1_316' title='bbox 3216 732 3563 824; x_wconf 80' lang='grc' dir='ltr'>τοξαζόμενοι</span> <span class='ocrx_word' id='word_1_317' title='bbox 3596 732 3757 825; x_wconf 51' lang='grc' dir='ltr'>ὲμφαέ</span> 
     </span>
    </p>
   </div>
   <div class='ocr_carea' id='block_1_53' title="bbox 2189 824 3752 917">
    <p class='ocr_par' dir='ltr' id='par_1_53' title="bbox 2189 824 3752 917">
     <span class='ocr_line' id='line_1_53' title="bbox 2189 824 3752 917; baseline 0.019 -40"><span class='ocrx_word' id='word_1_318' title='bbox 2189 824 2296 890; x_wconf 82' lang='grc' dir='ltr'>νῶς</span> <span class='ocrx_word' id='word_1_319' title='bbox 2349 829 2724 899; x_wconf 80' lang='grc' dir='ltr'>ἀντιτοξάζειν</span> <span class='ocrx_word' id='word_1_320' title='bbox 2766 840 2830 893; x_wconf 93' lang='grc' dir='ltr'><strong>οὐ</strong></span> <span class='ocrx_word' id='word_1_321' title='bbox 2854 839 3152 904; x_wconf 86' lang='grc' dir='ltr'>’δύνανται.</span> <span class='ocrx_word' id='word_1_322' title='bbox 3209 848 3304 901; x_wconf 71' lang='grc' dir='ltr'><strong>καὶ</strong></span> <span class='ocrx_word' id='word_1_323' title='bbox 3336 848 3411 910; x_wconf 81' lang='grc' dir='ltr'>ὡς</span> <span class='ocrx_word' id='word_1_324' title='bbox 3438 851 3752 917; x_wconf 81' lang='grc' dir='ltr'>τραυματίαι</span> 
     </span>
    </p>
   </div>
   <div class='ocr_carea' id='block_1_54' title="bbox 2192 922 3755 1008">
    <p class='ocr_par' dir='ltr' id='par_1_54' title="bbox 2192 922 3755 1008">
     <span class='ocr_line' id='line_1_54' title="bbox 2192 922 3755 1008; baseline 0.02 -41"><span class='ocrx_word' id='word_1_325' title='bbox 2192 922 2692 992; x_wconf 82' lang='grc' dir='ltr'>τραυματιζόμενοι</span> <span class='ocrx_word' id='word_1_326' title='bbox 2721 930 2821 984; x_wconf 86' lang='grc' dir='ltr'><strong>οὐκ</strong></span> <span class='ocrx_word' id='word_1_327' title='bbox 2850 933 3238 1003; x_wconf 84' lang='grc' dir='ltr'>ἀποτολμῶσιν</span> <span class='ocrx_word' id='word_1_328' title='bbox 3264 939 3755 1008; x_wconf 74' lang='grc' dir='ltr'>ἀντιτραυματίζειν</span> 
     </span>
    </p>
   </div>
   <div class='ocr_carea' id='block_1_55' title="bbox 2188 1009 3754 1103">
    <p class='ocr_par' dir='ltr' id='par_1_55' title="bbox 2188 1009 3754 1103">
     <span class='ocr_line' id='line_1_55' title="bbox 2188 1009 3754 1103; baseline 0.019 -42"><span class='ocrx_word' id='word_1_329' title='bbox 2188 1009 2277 1064; x_wconf 83' lang='grc' dir='ltr'><strong>διὰ</strong></span> <span class='ocrx_word' id='word_1_330' title='bbox 2327 1012 2427 1085; x_wconf 77' lang='grc' dir='ltr'>τὴν</span> <span class='ocrx_word' id='word_1_331' title='bbox 2476 1019 2571 1070; x_wconf 86' lang='grc' dir='ltr'>τοῦ</span> <span class='ocrx_word' id='word_1_332' title='bbox 2614 1021 2941 1087; x_wconf 84' lang='grc' dir='ltr'>πλήττοντος</span> <span class='ocrx_word' id='word_1_333' title='bbox 2990 1027 3236 1097; x_wconf 76' lang='grc' dir='ltr'>ἄγνοιαν.</span> <span class='ocrx_word' id='word_1_334' title='bbox 3278 1032 3352 1085; x_wconf 78' lang='grc' dir='ltr'><strong>Τὸ</strong></span> <span class='ocrx_word' id='word_1_335' title='bbox 3377 1033 3434 1086; x_wconf 81' lang='grc' dir='ltr'>δὲ</span> <span class='ocrx_word' id='word_1_336' title='bbox 3465 1036 3641 1103; x_wconf 78' lang='grc' dir='ltr'>μεῖζον</span> <span class='ocrx_word' id='word_1_337' title='bbox 3669 1038 3754 1091; x_wconf 80' lang='grc' dir='ltr'>καὶ</span> 
     </span>
    </p>
   </div>
   <div class='ocr_carea' id='block_1_56' title="bbox 2188 1105 3756 1206">
    <p class='ocr_par' dir='ltr' id='par_1_56' title="bbox 2188 1105 3756 1206">
     <span class='ocr_line' id='line_1_56' title="bbox 2188 1105 3756 1206; baseline 0.017 -51"><span class='ocrx_word' id='word_1_338' title='bbox 2188 1105 2372 1158; x_wconf 79' lang='grc' dir='ltr'>πᾶσαν</span> <span class='ocrx_word' id='word_1_339' title='bbox 2433 1108 2767 1181; x_wconf 77' lang='grc' dir='ltr'>ὑπερσατνον</span> <span class='ocrx_word' id='word_1_340' title='bbox 2834 1121 3117 1190; x_wconf 73' lang='grc' dir='ltr'>κακότητα</span> <span class='ocrx_word' id='word_1_341' title='bbox 3168 1122 3321 1175; x_wconf 80' lang='grc' dir='ltr'>ἔστιν</span> <span class='ocrx_word' id='word_1_342' title='bbox 3368 1125 3458 1178; x_wconf 83' lang='grc' dir='ltr'>ὅτε</span> <span class='ocrx_word' id='word_1_343' title='bbox 3507 1130 3756 1206; x_wconf 86' lang='grc' dir='ltr'>πονηρίαν</span> 
     </span>
    </p>
   </div>
   <div class='ocr_carea' id='block_1_57' title="bbox 2187 1198 3754 1287">
    <p class='ocr_par' dir='ltr' id='par_1_57' title="bbox 2187 1198 3754 1287">
     <span class='ocr_line' id='line_1_57' title="bbox 2187 1198 3754 1287; baseline 0.015 -39"><span class='ocrx_word' id='word_1_344' title='bbox 2187 1198 2659 1271; x_wconf 81' lang='grc' dir='ltr'>καταικιζόμενοι,</span> <span class='ocrx_word' id='word_1_345' title='bbox 2688 1206 2987 1279; x_wconf 86' lang='grc' dir='ltr'>ἀπονήρως</span> <span class='ocrx_word' id='word_1_346' title='bbox 3030 1212 3130 1275; x_wconf 74' lang='grc' dir='ltr'><strong>τὰς</strong></span> <span class='ocrx_word' id='word_1_347' title='bbox 3171 1216 3445 1285; x_wconf 83' lang='grc' dir='ltr'>μάστιγας</span> <span class='ocrx_word' id='word_1_348' title='bbox 3503 1198 3754 1287; x_wconf 73' lang='grc' dir='ltr'>δέχονται,</span> 
     </span>
    </p>
   </div>
   <div class='ocr_carea' id='block_1_58' title="bbox 2187 1290 3758 1378">
    <p class='ocr_par' dir='ltr' id='par_1_58' title="bbox 2187 1290 3758 1378">
     <span class='ocr_line' id='line_1_58' title="bbox 2187 1290 3758 1378; baseline 0.016 -37"><span class='ocrx_word' id='word_1_349' title='bbox 2187 1290 2284 1343; x_wconf 79' lang='grc' dir='ltr'><strong>καὶ</strong></span> <span class='ocrx_word' id='word_1_350' title='bbox 2306 1291 2618 1361; x_wconf 80' lang='grc' dir='ltr'>λογίζονται</span> <span class='ocrx_word' id='word_1_351' title='bbox 2668 1298 2739 1353; x_wconf 81' lang='grc' dir='ltr'>τὰ</span> <span class='ocrx_word' id='word_1_352' title='bbox 2778 1302 3155 1375; x_wconf 72' lang='grc' dir='ltr'>παλαιστήρια</span> <span class='ocrx_word' id='word_1_353' title='bbox 3218 1309 3515 1378; x_wconf 87' lang='grc' dir='ltr'>τραύματα</span> <span class='ocrx_word' id='word_1_354' title='bbox 3572 1312 3758 1365; x_wconf 82' lang='grc' dir='ltr'>καταλ-</span> 
     </span>
    </p>
   </div>
   <div class='ocr_carea' id='block_1_59' title="bbox 2184 1381 3757 1472">
    <p class='ocr_par' dir='ltr' id='par_1_59' title="bbox 2184 1381 3757 1472">
     <span class='ocr_line' id='line_1_59' title="bbox 2184 1381 3757 1472; baseline 0.015 -37"><span class='ocrx_word' id='word_1_355' title='bbox 2184 1381 2454 1456; x_wconf 80' lang='grc' dir='ltr'>λακτήρια</span> <span class='ocrx_word' id='word_1_356' title='bbox 2485 1390 2810 1461; x_wconf 84' lang='grc' dir='ltr'>γράμματα,</span> <span class='ocrx_word' id='word_1_357' title='bbox 2842 1396 3132 1466; x_wconf 79' lang='grc' dir='ltr'>φιλεργίαν</span> <span class='ocrx_word' id='word_1_358' title='bbox 3161 1400 3260 1470; x_wconf 80' lang='grc' dir='ltr'>τὴν</span> <span class='ocrx_word' id='word_1_359' title='bbox 3297 1400 3646 1472; x_wconf 73' lang='grc' dir='ltr'>ξιφουργίαν,</span> <span class='ocrx_word' id='word_1_360' title='bbox 3680 1405 3757 1458; x_wconf 87' lang='grc' dir='ltr'>δο-</span> 
     </span>
    </p>
   </div>
   <div class='ocr_carea' id='block_1_60' title="bbox 2185 1473 3755 1560">
    <p class='ocr_par' dir='ltr' id='par_1_60' title="bbox 2185 1473 3755 1560">
     <span class='ocr_line' id='line_1_60' title="bbox 2185 1473 3755 1560; baseline 0.015 -36"><span class='ocrx_word' id='word_1_361' title='bbox 2185 1473 2433 1538; x_wconf 76' lang='grc' dir='ltr'>ξεύματα</span> <span class='ocrx_word' id='word_1_362' title='bbox 2470 1480 2540 1533; x_wconf 84' lang='grc' dir='ltr'><strong>τά</strong></span> <span class='ocrx_word' id='word_1_363' title='bbox 2568 1480 2904 1553; x_wconf 77' lang='grc' dir='ltr'>τοξεύματα,</span> <span class='ocrx_word' id='word_1_364' title='bbox 2944 1485 3185 1549; x_wconf 82' lang='grc' dir='ltr'>ζωοποιά</span> <span class='ocrx_word' id='word_1_365' title='bbox 3205 1491 3274 1544; x_wconf 90' lang='grc' dir='ltr'><strong>τά</strong></span> <span class='ocrx_word' id='word_1_366' title='bbox 3301 1491 3621 1560; x_wconf 82' lang='grc' dir='ltr'>φθοροποιὰ,</span> <span class='ocrx_word' id='word_1_367' title='bbox 3652 1510 3755 1560; x_wconf 84' lang='grc' dir='ltr'>φω-</span> 
     </span>
    </p>
   </div>
   <div class='ocr_carea' id='block_1_61' title="bbox 2180 1569 3756 1655">
    <p class='ocr_par' dir='ltr' id='par_1_61' title="bbox 2180 1569 3756 1655">
     <span class='ocr_line' id='line_1_61' title="bbox 2180 1569 3756 1655; baseline 0.013 -36"><span class='ocrx_word' id='word_1_368' title='bbox 2180 1569 2379 1623; x_wconf 83' lang='grc' dir='ltr'>τοποιά</span> <span class='ocrx_word' id='word_1_369' title='bbox 2408 1572 2474 1625; x_wconf 80' lang='grc' dir='ltr'>τὰ</span> <span class='ocrx_word' id='word_1_370' title='bbox 2503 1576 2819 1641; x_wconf 85' lang='grc' dir='ltr'>σκοτοποιά,</span> <span class='ocrx_word' id='word_1_371' title='bbox 2860 1579 3113 1650; x_wconf 78' lang='grc' dir='ltr'>εἰρηναῖα</span> <span class='ocrx_word' id='word_1_372' title='bbox 3142 1583 3211 1636; x_wconf 83' lang='grc' dir='ltr'>τὰ</span> <span class='ocrx_word' id='word_1_373' title='bbox 3251 1571 3499 1655; x_wconf 81' lang='grc' dir='ltr'>μάχιμα,</span> <span class='ocrx_word' id='word_1_374' title='bbox 3556 1587 3625 1639; x_wconf 82' lang='grc' dir='ltr'><strong>τὰ</strong></span> <span class='ocrx_word' id='word_1_375' title='bbox 3673 1586 3756 1655; x_wconf 82' lang='grc' dir='ltr'>δη-</span> 
     </span>
    </p>
   </div>
   <div class='ocr_carea' id='block_1_62' title="bbox 2181 1659 3754 1748">
    <p class='ocr_par' dir='ltr' id='par_1_62' title="bbox 2181 1659 3754 1748">
     <span class='ocr_line' id='line_1_62' title="bbox 2181 1659 3754 1748; baseline 0.013 -37"><span class='ocrx_word' id='word_1_376' title='bbox 2181 1659 2420 1733; x_wconf 83' lang='grc' dir='ltr'>λητήρια</span> <span class='ocrx_word' id='word_1_377' title='bbox 2464 1666 2708 1737; x_wconf 81' lang='grc' dir='ltr'>ίατήρια,</span> <span class='ocrx_word' id='word_1_378' title='bbox 2740 1669 2811 1723; x_wconf 84' lang='grc' dir='ltr'>τὰ</span> <span class='ocrx_word' id='word_1_379' title='bbox 2863 1669 3079 1726; x_wconf 83' lang='grc' dir='ltr'>δυσωδά</span> <span class='ocrx_word' id='word_1_380' title='bbox 3130 1674 3331 1739; x_wconf 80' lang='grc' dir='ltr'>εὐωδά,</span> <span class='ocrx_word' id='word_1_381' title='bbox 3382 1677 3479 1730; x_wconf 69' lang='grc' dir='ltr'><strong>καὶ</strong></span> <span class='ocrx_word' id='word_1_382' title='bbox 3528 1677 3754 1748; x_wconf 78' lang='grc' dir='ltr'>σωτήρια</span> 
     </span>
    </p>
   </div>
   <div class='ocr_carea' id='block_1_63' title="bbox 2182 1751 3752 1836">
    <p class='ocr_par' dir='ltr' id='par_1_63' title="bbox 2182 1751 3752 1836">
     <span class='ocr_line' id='line_1_63' title="bbox 2182 1751 3752 1836; baseline 0.01 -32"><span class='ocrx_word' id='word_1_383' title='bbox 2182 1751 2252 1807; x_wconf 88' lang='grc' dir='ltr'><strong>τά</strong></span> <span class='ocrx_word' id='word_1_384' title='bbox 2301 1753 2545 1827; x_wconf 85' lang='grc' dir='ltr'>ὀλέθρια.</span> <span class='ocrx_word' id='word_1_385' title='bbox 2596 1759 2705 1812; x_wconf 78' lang='grc' dir='ltr'>Τοῦ</span> <span class='ocrx_word' id='word_1_386' title='bbox 2759 1762 2986 1826; x_wconf 83' lang='grc' dir='ltr'>σκότους</span> <span class='ocrx_word' id='word_1_387' title='bbox 3045 1764 3152 1835; x_wconf 86' lang='grc' dir='ltr'><strong>γὰρ</strong></span> <span class='ocrx_word' id='word_1_388' title='bbox 3205 1768 3663 1836; x_wconf 72' lang='grc' dir='ltr'>προστατεύοντες</span> <span class='ocrx_word' id='word_1_389' title='bbox 3710 1770 3752 1820; x_wconf 77' lang='lat' dir='ltr'><strong>oi</strong></span> 
     </span>
    </p>
   </div>
   <div class='ocr_carea' id='block_1_64' title="bbox 2180 1847 3748 1931">
    <p class='ocr_par' dir='ltr' id='par_1_64' title="bbox 2180 1847 3748 1931">
     <span class='ocr_line' id='line_1_64' title="bbox 2180 1847 3748 1931; baseline 0.011 -32"><span class='ocrx_word' id='word_1_390' title='bbox 2180 1847 2396 1912; x_wconf 82' lang='grc' dir='ltr'>τούτοις</span> <span class='ocrx_word' id='word_1_391' title='bbox 2447 1850 2875 1923; x_wconf 83' lang='grc' dir='ltr'>άντιμαχόμενοι</span> <span class='ocrx_word' id='word_1_392' title='bbox 2903 1895 2918 1920; x_wconf 87' lang='grc'><strong>,</strong></span> <span class='ocrx_word' id='word_1_393' title='bbox 2964 1858 3022 1909; x_wconf 82' lang='grc' dir='ltr'>ὲν</span> <span class='ocrx_word' id='word_1_394' title='bbox 3083 1861 3396 1931; x_wconf 81' lang='grc' dir='ltr'>σκοτομήνῃ</span> <span class='ocrx_word' id='word_1_395' title='bbox 3457 1861 3748 1928; x_wconf 71' lang='grc' dir='ltr'>τοξάζουσι,</span> 
     </span>
    </p>
   </div>
   <div class='ocr_carea' id='block_1_65' title="bbox 2172 1940 3751 2020">
    <p class='ocr_par' dir='ltr' id='par_1_65' title="bbox 2172 1940 3751 2020">
     <span class='ocr_line' id='line_1_65' title="bbox 2172 1940 3751 2020; baseline 0.009 -27"><span class='ocrx_word' id='word_1_396' title='bbox 2172 1940 2241 1994; x_wconf 82' lang='grc' dir='ltr'><strong>τά</strong></span> <span class='ocrx_word' id='word_1_397' title='bbox 2271 1940 2401 2011; x_wconf 87' lang='grc' dir='ltr'>βέλη</span> <span class='ocrx_word' id='word_1_398' title='bbox 2437 1941 2789 2013; x_wconf 77' lang='grc' dir='ltr'>ψευδομέλιτι</span> <span class='ocrx_word' id='word_1_399' title='bbox 2815 1947 3086 2016; x_wconf 85' lang='grc' dir='ltr'>χρίοντες.</span> <span class='ocrx_word' id='word_1_400' title='bbox 3116 1951 3238 2020; x_wconf 79' lang='grc' dir='ltr'><strong>Χρὴ</strong></span> <span class='ocrx_word' id='word_1_401' title='bbox 3275 1952 3460 2007; x_wconf 87' lang='grc' dir='ltr'>τοίνυν</span> <span class='ocrx_word' id='word_1_402' title='bbox 3492 1954 3618 2018; x_wconf 66' lang='grc' dir='ltr'>τοὺς</span> <span class='ocrx_word' id='word_1_403' title='bbox 3665 1970 3751 2008; x_wconf 84' lang='grc' dir='ltr'>πο-</span> 
     </span>
    </p>
   </div>
   <div class='ocr_carea' id='block_1_66' title="bbox 2172 2032 3748 2111">
    <p class='ocr_par' dir='ltr' id='par_1_66' title="bbox 2172 2032 3748 2111">
     <span class='ocr_line' id='line_1_66' title="bbox 2172 2032 3748 2111; baseline 0.008 -27"><span class='ocrx_word' id='word_1_404' title='bbox 2172 2032 2544 2103; x_wconf 83' lang='grc' dir='ltr'>λεμουμένους</span> <span class='ocrx_word' id='word_1_405' title='bbox 2583 2036 2674 2089; x_wconf 85' lang='grc' dir='ltr'><strong>ὑπ’</strong></span> <span class='ocrx_word' id='word_1_406' title='bbox 2719 2037 2971 2104; x_wconf 82' lang='grc' dir='ltr'>ἀοράτων</span> <span class='ocrx_word' id='word_1_407' title='bbox 3023 2041 3239 2111; x_wconf 78' lang='grc' dir='ltr'>ἐχθρῶν</span> <span class='ocrx_word' id='word_1_408' title='bbox 3287 2043 3375 2111; x_wconf 77' lang='grc' dir='ltr'><strong>ἐφ’</strong></span> <span class='ocrx_word' id='word_1_409' title='bbox 3433 2044 3612 2097; x_wconf 77' lang='grc' dir='ltr'>ἱκανὸν</span> <span class='ocrx_word' id='word_1_410' title='bbox 3664 2044 3748 2098; x_wconf 80' lang='grc' dir='ltr'><strong>καὶ</strong></span> 
     </span>
    </p>
   </div>
   <div class='ocr_carea' id='block_1_67' title="bbox 2171 2125 3745 2208">
    <p class='ocr_par' dir='ltr' id='par_1_67' title="bbox 2171 2125 3745 2208">
     <span class='ocr_line' id='line_1_67' title="bbox 2171 2125 3745 2208; baseline 0.009 -30"><span class='ocrx_word' id='word_1_411' title='bbox 2171 2125 2240 2180; x_wconf 84' lang='grc' dir='ltr'>δι’</span> <span class='ocrx_word' id='word_1_412' title='bbox 2272 2126 2606 2199; x_wconf 82' lang='grc' dir='ltr'>ἀκονίστρας</span> <span class='ocrx_word' id='word_1_413' title='bbox 2638 2132 2862 2201; x_wconf 74' lang='grc' dir='ltr'>μακρᾶς</span> <span class='ocrx_word' id='word_1_414' title='bbox 2890 2133 3307 2203; x_wconf 73' lang='grc' dir='ltr'><strong>δοκιμάζεσθαι,</strong></span> <span class='ocrx_word' id='word_1_415' title='bbox 3366 2141 3470 2191; x_wconf 69' lang='grc' dir='ltr'>καὶ</span> <span class='ocrx_word' id='word_1_416' title='bbox 3511 2138 3678 2201; x_wconf 79' lang='grc' dir='ltr'>οὕτως</span> <span class='ocrx_word' id='word_1_417' title='bbox 3716 2138 3745 2208; x_wconf 73' lang='grc' dir='ltr'>ἢ</span> 
     </span>
    </p>
   </div>
   <div class='ocr_carea' id='block_1_68' title="bbox 2171 2219 3744 2295">
    <p class='ocr_par' dir='ltr' id='par_1_68' title="bbox 2171 2219 3744 2295">
     <span class='ocr_line' id='line_1_68' title="bbox 2171 2219 3744 2295; baseline 0.009 -22"><span class='ocrx_word' id='word_1_418' title='bbox 2171 2219 2703 2295; x_wconf 82' lang='grc' dir='ltr'>ἀποδοκιμάζεσθαι,</span> <span class='ocrx_word' id='word_1_419' title='bbox 2734 2225 2769 2295; x_wconf 82' lang='grc' dir='ltr'>ἢ</span> <span class='ocrx_word' id='word_1_420' title='bbox 2805 2226 2922 2290; x_wconf 80' lang='grc' dir='ltr'>τοῖς</span> <span class='ocrx_word' id='word_1_421' title='bbox 2968 2228 3297 2294; x_wconf 87' lang='grc' dir='ltr'>σταδιώταις</span> <span class='ocrx_word' id='word_1_422' title='bbox 3343 2231 3744 2287; x_wconf 79' lang='grc' dir='ltr'>συντάττεσθαι.</span> 
     </span>
    </p>
   </div>
   <div class='ocr_carea' id='block_1_69' title="bbox 2235 2535 3742 2623">
    <p class='ocr_par' dir='ltr' id='par_1_69' title="bbox 2235 2535 3742 2623">
     <span class='ocr_line' id='line_1_69' title="bbox 2235 2535 3742 2623; baseline 0.01 -33"><span class='ocrx_word' id='word_1_423' title='bbox 2235 2535 2301 2595; x_wconf 87' lang='grc' dir='ltr'>δ’.</span> <span class='ocrx_word' id='word_1_424' title='bbox 2374 2538 2488 2592; x_wconf 79' lang='grc' dir='ltr'>Καὶ</span> <span class='ocrx_word' id='word_1_425' title='bbox 2542 2539 2610 2593; x_wconf 89' lang='grc' dir='ltr'><strong>τά</strong></span> <span class='ocrx_word' id='word_1_426' title='bbox 2659 2542 2758 2610; x_wconf 80' lang='grc' dir='ltr'>μὲν</span> <span class='ocrx_word' id='word_1_427' title='bbox 2793 2542 2896 2613; x_wconf 83' lang='grc' dir='ltr'>τῆς</span> <span class='ocrx_word' id='word_1_428' title='bbox 2960 2545 3189 2623; x_wconf 73' lang='grc' dir='ltr'>γραφῆς</span> <span class='ocrx_word' id='word_1_429' title='bbox 3239 2564 3345 2601; x_wconf 86' lang='grc' dir='ltr'>σου.</span> <span class='ocrx_word' id='word_1_430' title='bbox 3418 2549 3479 2602; x_wconf 82' lang='grc' dir='ltr'>ὲν</span> <span class='ocrx_word' id='word_1_431' title='bbox 3525 2549 3742 2614; x_wconf 80' lang='grc' dir='ltr'>τούτοις.</span> 
     </span>
    </p>
   </div>
   <div class='ocr_carea' id='block_1_70' title="bbox 2173 2627 3744 2713">
    <p class='ocr_par' dir='ltr' id='par_1_70' title="bbox 2173 2627 3744 2713">
     <span class='ocr_line' id='line_1_70' title="bbox 2173 2627 3744 2713; baseline 0.01 -32"><span class='ocrx_word' id='word_1_432' title='bbox 2173 2627 2364 2700; x_wconf 84' lang='grc' dir='ltr'>Ἡμεῖς</span> <span class='ocrx_word' id='word_1_433' title='bbox 2390 2629 2447 2683; x_wconf 86' lang='grc' dir='ltr'><strong>δέ</strong></span> <span class='ocrx_word' id='word_1_434' title='bbox 2473 2646 2658 2700; x_wconf 84' lang='grc' dir='ltr'>φαμεν</span> <span class='ocrx_word' id='word_1_435' title='bbox 2683 2632 2760 2696; x_wconf 80' lang='grc' dir='ltr'>ὡς</span> <span class='ocrx_word' id='word_1_436' title='bbox 2791 2633 2820 2686; x_wconf 76' lang='grc' dir='ltr'>ὁ</span> <span class='ocrx_word' id='word_1_437' title='bbox 2853 2633 3028 2705; x_wconf 87' lang='grc' dir='ltr'>μέγας</span> <span class='ocrx_word' id='word_1_438' title='bbox 3058 2637 3116 2690; x_wconf 78' lang='grc' dir='ltr'>ὲν</span> <span class='ocrx_word' id='word_1_439' title='bbox 3147 2637 3330 2706; x_wconf 81' lang='grc' dir='ltr'>ἁγίοις</span> <span class='ocrx_word' id='word_1_440' title='bbox 3357 2640 3614 2713; x_wconf 79' lang='grc' dir='ltr'>Πατράσι</span> <span class='ocrx_word' id='word_1_441' title='bbox 3648 2642 3744 2696; x_wconf 79' lang='grc' dir='ltr'><strong>Βα-</strong></span> 
     </span>
    </p>
   </div>
   <div class='ocr_carea' id='block_1_71' title="bbox 2162 2720 3744 2804">
    <p class='ocr_par' dir='ltr' id='par_1_71' title="bbox 2162 2720 3744 2804">
     <span class='ocr_line' id='line_1_71' title="bbox 2162 2720 3744 2804; baseline 0.01 -32"><span class='ocrx_word' id='word_1_442' title='bbox 2162 2720 2381 2787; x_wconf 83' lang='grc' dir='ltr'>σίλειος,</span> <span class='ocrx_word' id='word_1_443' title='bbox 2420 2723 2530 2776; x_wconf 86' lang='grc' dir='ltr'>τῶν</span> <span class='ocrx_word' id='word_1_444' title='bbox 2562 2726 2901 2799; x_wconf 82' lang='grc' dir='ltr'>Καισαρέων</span> <span class='ocrx_word' id='word_1_445' title='bbox 2935 2727 2998 2782; x_wconf 82' lang='grc' dir='ltr'>τὸ</span> <span class='ocrx_word' id='word_1_446' title='bbox 3042 2728 3330 2801; x_wconf 82' lang='grc' dir='ltr'>καύχημα,</span> <span class='ocrx_word' id='word_1_447' title='bbox 3365 2733 3469 2787; x_wconf 73' lang='grc' dir='ltr'><strong>καὶ</strong></span> <span class='ocrx_word' id='word_1_448' title='bbox 3519 2736 3615 2804; x_wconf 86' lang='grc' dir='ltr'>τῆς</span> <span class='ocrx_word' id='word_1_449' title='bbox 3671 2735 3744 2787; x_wconf 84' lang='lat' dir='ltr'><strong>ol-</strong></span> 
     </span>
    </p>
   </div>
   <div class='ocr_carea' id='block_1_72' title="bbox 2163 2816 3746 2898">
    <p class='ocr_par' dir='ltr' id='par_1_72' title="bbox 2163 2816 3746 2898">
     <span class='ocr_line' id='line_1_72' title="bbox 2163 2816 3746 2898; baseline 0.008 -30"><span class='ocrx_word' id='word_1_450' title='bbox 2163 2816 2436 2887; x_wconf 85' lang='grc' dir='ltr'>κουμένης</span> <span class='ocrx_word' id='word_1_451' title='bbox 2469 2818 2813 2886; x_wconf 83' lang='grc' dir='ltr'>διδάσκαλος,</span> <span class='ocrx_word' id='word_1_452' title='bbox 2842 2823 2898 2875; x_wconf 83' lang='grc' dir='ltr'>ἐν</span> <span class='ocrx_word' id='word_1_453' title='bbox 2924 2824 3035 2883; x_wconf 84' lang='grc' dir='ltr'>τοῖς</span> <span class='ocrx_word' id='word_1_454' title='bbox 3058 2823 3410 2879; x_wconf 85' lang='grc' dir='ltr'>ὐποτυποῦσι</span> <span class='ocrx_word' id='word_1_455' title='bbox 3451 2825 3550 2897; x_wconf 78' lang='grc' dir='ltr'>τὴν</span> <span class='ocrx_word' id='word_1_456' title='bbox 3587 2826 3746 2898; x_wconf 78' lang='grc' dir='ltr'>ἄσκη-</span> 
     </span>
    </p>
   </div>
   <div class='ocr_carea' id='block_1_73' title="bbox 2163 2906 3743 2985">
    <p class='ocr_par' dir='ltr' id='par_1_73' title="bbox 2163 2906 3743 2985">
     <span class='ocr_line' id='line_1_73' title="bbox 2163 2906 3743 2985; baseline 0.008 -28"><span class='ocrx_word' id='word_1_457' title='bbox 2163 2922 2249 2959; x_wconf 91' lang='grc' dir='ltr'><strong>σιν</strong></span> <span class='ocrx_word' id='word_1_458' title='bbox 2308 2906 2673 2974; x_wconf 87' lang='grc' dir='ltr'>θεοδιδάκτοις</span> <span class='ocrx_word' id='word_1_459' title='bbox 2721 2910 2904 2981; x_wconf 89' lang='grc' dir='ltr'>λόγοις</span> <span class='ocrx_word' id='word_1_460' title='bbox 2946 2912 3136 2977; x_wconf 80' lang='grc' dir='ltr'>αὐτοῦ,</span> <span class='ocrx_word' id='word_1_461' title='bbox 3173 2915 3273 2969; x_wconf 76' lang='grc' dir='ltr'>καὶ</span> <span class='ocrx_word' id='word_1_462' title='bbox 3335 2916 3545 2985; x_wconf 80' lang='grc' dir='ltr'>μᾶλλον</span> <span class='ocrx_word' id='word_1_463' title='bbox 3572 2919 3629 2972; x_wconf 86' lang='grc' dir='ltr'>ὲν</span> <span class='ocrx_word' id='word_1_464' title='bbox 3668 2918 3743 2972; x_wconf 75' lang='grc' dir='ltr'><strong>ἐνὶ</strong></span> 
     </span>
    </p>
   </div>
   <div class='ocr_carea' id='block_1_74' title="bbox 2160 2999 3742 3083">
    <p class='ocr_par' dir='ltr' id='par_1_74' title="bbox 2160 2999 3742 3083">
     <span class='ocr_line' id='line_1_74' title="bbox 2160 2999 3742 3083; baseline 0.009 -33"><span class='ocrx_word' id='word_1_465' title='bbox 2160 2999 2368 3057; x_wconf 80' lang='grc' dir='ltr'>τούτων</span> <span class='ocrx_word' id='word_1_466' title='bbox 2394 2999 2820 3072; x_wconf 79' lang='grc' dir='ltr'>διαλαμϐάνοντι</span> <span class='ocrx_word' id='word_1_467' title='bbox 2853 3005 3006 3077; x_wconf 83' lang='grc' dir='ltr'>παρὰ</span> <span class='ocrx_word' id='word_1_468' title='bbox 3064 3007 3165 3078; x_wconf 81' lang='grc' dir='ltr'>τὴν</span> <span class='ocrx_word' id='word_1_469' title='bbox 3206 3009 3532 3083; x_wconf 77' lang='grc' dir='ltr'>ἐπιγραφὴν</span> <span class='ocrx_word' id='word_1_470' title='bbox 3580 3011 3742 3066; x_wconf 80' lang='grc' dir='ltr'>ταῦτα</span> 
     </span>
    </p>
   </div>
   <div class='ocr_carea' id='block_1_75' title="bbox 2162 3090 3741 3173">
    <p class='ocr_par' dir='ltr' id='par_1_75' title="bbox 2162 3090 3741 3173">
     <span class='ocr_line' id='line_1_75' title="bbox 2162 3090 3741 3173; baseline 0.009 -32"><span class='ocrx_word' id='word_1_471' title='bbox 2162 3090 2344 3158; x_wconf 79' lang='grc' dir='ltr'>ῥητῶς</span> <span class='ocrx_word' id='word_1_472' title='bbox 2404 3108 2425 3143; x_wconf 74' lang='grc' dir='ltr'><strong>ι</strong></span> <span class='ocrx_word' id='word_1_473' title='bbox 2487 3092 2720 3163; x_wconf 83' lang='grc' dir='ltr'>Πότερον</span> <span class='ocrx_word' id='word_1_474' title='bbox 2789 3095 2895 3168; x_wconf 83' lang='grc' dir='ltr'>χρὴ</span> <span class='ocrx_word' id='word_1_475' title='bbox 2953 3097 3164 3159; x_wconf 83' lang='grc' dir='ltr'>πάντας</span> <span class='ocrx_word' id='word_1_476' title='bbox 3235 3100 3363 3164; x_wconf 85' lang='grc' dir='ltr'>τὀὐς</span> <span class='ocrx_word' id='word_1_477' title='bbox 3429 3102 3741 3173; x_wconf 84' lang='grc' dir='ltr'>προσιόντας</span> 
     </span>
    </p>
   </div>
   <div class='ocr_carea' id='block_1_76' title="bbox 2158 3183 3738 3267">
    <p class='ocr_par' dir='ltr' id='par_1_76' title="bbox 2158 3183 3738 3267">
     <span class='ocr_line' id='line_1_76' title="bbox 2158 3183 3738 3267; baseline 0.009 -31"><span class='ocrx_word' id='word_1_478' title='bbox 2158 3183 2495 3257; x_wconf 67' lang='grc' dir='ltr'>δέχεσθαι,,ἢ</span> <span class='ocrx_word' id='word_1_479' title='bbox 2541 3187 2715 3252; x_wconf 81' lang='grc' dir='ltr'>τινὰς,</span> <span class='ocrx_word' id='word_1_480' title='bbox 2746 3189 2841 3242; x_wconf 69' lang='lat' dir='ltr'><strong>atati.</strong></span> <span class='ocrx_word' id='word_1_481' title='bbox 2891 3190 3058 3254; x_wconf 79' lang='grc' dir='ltr'>εὐθὺς</span> <span class='ocrx_word' id='word_1_482' title='bbox 3093 3191 3295 3255; x_wconf 77' lang='grc' dir='ltr'>αὐτοὺς</span> <span class='ocrx_word' id='word_1_483' title='bbox 3337 3195 3738 3267; x_wconf 76' lang='grc' dir='ltr'>προσίεσθαι,ἢ</span> 
     </span>
    </p>
   </div>
   <div class='ocr_carea' id='block_1_77' title="bbox 2159 3254 3739 3357">
    <p class='ocr_par' dir='ltr' id='par_1_77' title="bbox 2159 3254 3739 3357">
     <span class='ocr_line' id='line_1_77' title="bbox 2159 3254 3739 3357; baseline 0.01 -33"><span class='ocrx_word' id='word_1_484' title='bbox 2159 3254 2300 3343; x_wconf 83' lang='grc' dir='ltr'><strong>μετά</strong></span> <span class='ocrx_word' id='word_1_485' title='bbox 2320 3254 2785 3345; x_wconf 72' lang='grc' dir='ltr'>δοκιμασίας,’καὶ</span> <span class='ocrx_word' id='word_1_486' title='bbox 2819 3281 2979 3345; x_wconf 86' lang='grc' dir='ltr'>ποίας</span> <span class='ocrx_word' id='word_1_487' title='bbox 3024 3281 3231 3353; x_wconf 83' lang='grc' dir='ltr'>ταύτης</span> <span class='ocrx_word' id='word_1_488' title='bbox 3258 3254 3307 3349; x_wconf 58' lang='lat' dir='ltr'><strong>;t</strong></span> <span class='ocrx_word' id='word_1_489' title='bbox 3350 3254 3739 3357; x_wconf 62' lang='grc' dir='ltr'>προσδέχεσθαί</span> 
     </span>
    </p>
   </div>
   <div class='ocr_carea' id='block_1_78' title="bbox 2157 3367 3738 3445">
    <p class='ocr_par' dir='ltr' id='par_1_78' title="bbox 2157 3367 3738 3445">
     <span class='ocr_line' id='line_1_78' title="bbox 2157 3367 3738 3445; baseline 0.008 -27"><span class='ocrx_word' id='word_1_490' title='bbox 2157 3368 2259 3439; x_wconf 79' lang='grc' dir='ltr'>μὲν</span> <span class='ocrx_word' id='word_1_491' title='bbox 2289 3367 2384 3423; x_wconf 74' lang='grc' dir='ltr'><strong>καὶ</strong></span> <span class='ocrx_word' id='word_1_492' title='bbox 2439 3367 2515 3440; x_wconf 84' lang='grc' dir='ltr'>μὴ</span> <span class='ocrx_word' id='word_1_493' title='bbox 2571 3370 2915 3429; x_wconf 81' lang='grc' dir='ltr'>ἀπωθεῖσθαι</span> <span class='ocrx_word' id='word_1_494' title='bbox 2967 3374 3266 3445; x_wconf 82' lang='grc' dir='ltr'>διορίζεται</span> <span class='ocrx_word' id='word_1_495' title='bbox 3319 3379 3454 3442; x_wconf 72' lang='grc' dir='ltr'>τοὺς</span> <span class='ocrx_word' id='word_1_496' title='bbox 3499 3379 3738 3441; x_wconf 81' lang='grc' dir='ltr'>θέλοντας</span> 
     </span>
    </p>
   </div>
   <div class='ocr_carea' id='block_1_79' title="bbox 2154 3436 3736 3541">
    <p class='ocr_par' dir='ltr' id='par_1_79' title="bbox 2154 3436 3736 3541">
     <span class='ocr_line' id='line_1_79' title="bbox 2154 3436 3736 3541; baseline 0.008 -29"><span class='ocrx_word' id='word_1_497' title='bbox 2154 3436 2410 3517; x_wconf 79' lang='grc' dir='ltr'>ὐπελθεῖν</span> <span class='ocrx_word' id='word_1_498' title='bbox 2557 3463 2794 3535; x_wconf 75' lang='grc' dir='ltr'>ἐλαφρὸν</span> <span class='ocrx_word' id='word_1_499' title='bbox 2831 3466 2925 3521; x_wconf 77' lang='grc' dir='ltr'><strong>τοῦ</strong></span> <span class='ocrx_word' id='word_1_500' title='bbox 2968 3436 3177 3541; x_wconf 71' lang='grc' dir='ltr'>Κυρίου</span> <span class='ocrx_word' id='word_1_501' title='bbox 3232 3470 3403 3538; x_wconf 80' lang='grc' dir='ltr'>ζυγόν</span> <span class='ocrx_word' id='word_1_502' title='bbox 3421 3436 3448 3503; x_wconf 38' lang='grc'><strong>’-</strong></span> <span class='ocrx_word' id='word_1_503' title='bbox 3503 3472 3736 3534; x_wconf 80' lang='grc' dir='ltr'>ἀνίπτοις</span> 
     </span>
    </p>
   </div>
   <div class='ocr_carea' id='block_1_80' title="bbox 2151 3552 3738 3642">
    <p class='ocr_par' dir='ltr' id='par_1_80' title="bbox 2151 3552 3738 3642">
     <span class='ocr_line' id='line_1_80' title="bbox 2151 3552 3738 3642; baseline 0.006 -36"><span class='ocrx_word' id='word_1_504' title='bbox 2151 3552 2395 3626; x_wconf 74' lang='grc' dir='ltr'>δὲχερσὶ</span> <span class='ocrx_word' id='word_1_505' title='bbox 2422 3554 2530 3612; x_wconf 84' lang='grc' dir='ltr'><strong>τῶν</strong></span> <span class='ocrx_word' id='word_1_506' title='bbox 2556 3558 2731 3628; x_wconf 81' lang='grc' dir='ltr'>ἁγίων</span> <span class='ocrx_word' id='word_1_507' title='bbox 2762 3561 3109 3631; x_wconf 75' lang='grc' dir='ltr'>ἐφάπτεσθαι</span> <span class='ocrx_word' id='word_1_508' title='bbox 3133 3567 3234 3618; x_wconf 85' lang='grc' dir='ltr'><strong>οὐκ</strong></span> <span class='ocrx_word' id='word_1_509' title='bbox 3264 3564 3485 3621; x_wconf 78' lang='grc' dir='ltr'><strong>εὐδοκεῖ</strong></span> <span class='ocrx_word' id='word_1_510' title='bbox 3503 3582 3519 3598; x_wconf 76' lang='grc' dir='ltr'><strong>ο</strong></span> <span class='ocrx_word' id='word_1_511' title='bbox 3543 3566 3656 3620; x_wconf 84' lang='grc' dir='ltr'>ἀλλ’</span> <span class='ocrx_word' id='word_1_512' title='bbox 3687 3561 3738 3642; x_wconf 76' lang='grc' dir='ltr'><strong>εί</strong></span> 
     </span>
    </p>
   </div>
   <div class='ocr_carea' id='block_1_81' title="bbox 2150 3649 3735 3730">
    <p class='ocr_par' dir='ltr' id='par_1_81' title="bbox 2150 3649 3735 3730">
     <span class='ocr_line' id='line_1_81' title="bbox 2150 3649 3735 3730; baseline 0.007 -29"><span class='ocrx_word' id='word_1_513' title='bbox 2150 3665 2294 3715; x_wconf 81' lang='grc' dir='ltr'>τινες</span> <span class='ocrx_word' id='word_1_514' title='bbox 2316 3649 2522 3705; x_wconf 86' lang='grc' dir='ltr'>τούτων</span> <span class='ocrx_word' id='word_1_515' title='bbox 2576 3652 2685 3705; x_wconf 77' lang='grc' dir='ltr'>εἰσὶ</span> <span class='ocrx_word' id='word_1_516' title='bbox 2713 3653 2844 3725; x_wconf 72' lang='grc' dir='ltr'>περὶ</span> <span class='ocrx_word' id='word_1_517' title='bbox 2873 3654 2974 3726; x_wconf 82' lang='grc' dir='ltr'>μὲν</span> <span class='ocrx_word' id='word_1_518' title='bbox 3005 3657 3075 3711; x_wconf 85' lang='grc' dir='ltr'><strong>τὰ</strong></span> <span class='ocrx_word' id='word_1_519' title='bbox 3103 3657 3420 3730; x_wconf 84' lang='grc' dir='ltr'>τελεώτερα</span> <span class='ocrx_word' id='word_1_520' title='bbox 3470 3661 3578 3715; x_wconf 82' lang='grc' dir='ltr'><strong>τῶν</strong></span> <span class='ocrx_word' id='word_1_521' title='bbox 3621 3659 3735 3728; x_wconf 90' lang='grc' dir='ltr'>δογ-</span> 
     </span>
    </p>
   </div>
   <div class='ocr_carea' id='block_1_82' title="bbox 2152 3740 3733 3823">
    <p class='ocr_par' dir='ltr' id='par_1_82' title="bbox 2152 3740 3733 3823">
     <span class='ocr_line' id='line_1_82' title="bbox 2152 3740 3733 3823; baseline 0.006 -29"><span class='ocrx_word' id='word_1_522' title='bbox 2152 3740 2341 3817; x_wconf 80' lang='grc' dir='ltr'>μάτων</span> <span class='ocrx_word' id='word_1_523' title='bbox 2363 3743 2661 3811; x_wconf 82' lang='grc' dir='ltr'>ἀδίδακτοι,</span> <span class='ocrx_word' id='word_1_524' title='bbox 2692 3747 2824 3819; x_wconf 72' lang='grc' dir='ltr'>περὶ</span> <span class='ocrx_word' id='word_1_525' title='bbox 2861 3747 2920 3801; x_wconf 89' lang='grc' dir='ltr'><strong>δέ</strong></span> <span class='ocrx_word' id='word_1_526' title='bbox 2950 3765 3072 3810; x_wconf 80' lang='grc' dir='ltr'>τινα</span> <span class='ocrx_word' id='word_1_527' title='bbox 3098 3750 3323 3820; x_wconf 80' lang='grc' dir='ltr'>πονηρά</span> <span class='ocrx_word' id='word_1_528' title='bbox 3352 3752 3455 3805; x_wconf 74' lang='grc' dir='ltr'>καὶ</span> <span class='ocrx_word' id='word_1_529' title='bbox 3474 3751 3733 3823; x_wconf 78' lang='grc' dir='ltr'>ἀδιάφορα</span> 
     </span>
    </p>
   </div>
   <div class='ocr_carea' id='block_1_83' title="bbox 2149 3833 3731 3910">
    <p class='ocr_par' dir='ltr' id='par_1_83' title="bbox 2149 3833 3731 3910">
     <span class='ocr_line' id='line_1_83' title="bbox 2149 3833 3731 3910; baseline 0.006 -23"><span class='ocrx_word' id='word_1_530' title='bbox 2149 3833 2259 3906; x_wconf 76' lang='grc' dir='ltr'>ἤθη</span> <span class='ocrx_word' id='word_1_531' title='bbox 2281 3834 2604 3903; x_wconf 77' lang='grc' dir='ltr'>ἑνδίδακτοι,</span> <span class='ocrx_word' id='word_1_532' title='bbox 2640 3840 2959 3910; x_wconf 81' lang='grc' dir='ltr'>ἀνακρίνειν</span> <span class='ocrx_word' id='word_1_533' title='bbox 2986 3842 3189 3907; x_wconf 78' lang='grc' dir='ltr'>αὐτοὺς</span> <span class='ocrx_word' id='word_1_534' title='bbox 3216 3846 3312 3896; x_wconf 77' lang='grc' dir='ltr'>καὶ</span> <span class='ocrx_word' id='word_1_535' title='bbox 3340 3842 3617 3898; x_wconf 84' lang='grc' dir='ltr'>διδάσκειν</span> <span class='ocrx_word' id='word_1_536' title='bbox 3644 3845 3731 3897; x_wconf 70' lang='grc' dir='ltr'>καὶ</span> 
     </span>
    </p>
   </div>
   <div class='ocr_carea' id='block_1_84' title="bbox 2149 3930 3728 4011">
    <p class='ocr_par' dir='ltr' id='par_1_84' title="bbox 2149 3930 3728 4011">
     <span class='ocr_line' id='line_1_84' title="bbox 2149 3930 3728 4011; baseline 0.007 -30"><span class='ocrx_word' id='word_1_537' title='bbox 2149 3930 2626 4003; x_wconf 76' lang='grc' dir='ltr'>μεταρρυθμίζειν</span> <span class='ocrx_word' id='word_1_538' title='bbox 2676 3933 2768 3987; x_wconf 74' lang='grc' dir='ltr'><strong>ἐπὶ</strong></span> <span class='ocrx_word' id='word_1_539' title='bbox 2829 3934 2890 3987; x_wconf 84' lang='grc' dir='ltr'>τὸ</span> <span class='ocrx_word' id='word_1_540' title='bbox 2937 3934 3189 4004; x_wconf 82' lang='grc' dir='ltr'>βέλτιον,</span> <span class='ocrx_word' id='word_1_541' title='bbox 3253 3938 3352 3991; x_wconf 76' lang='grc' dir='ltr'>καὶ</span> <span class='ocrx_word' id='word_1_542' title='bbox 3407 3939 3551 3993; x_wconf 76' lang='grc' dir='ltr'>οὕτω</span> <span class='ocrx_word' id='word_1_543' title='bbox 3601 3938 3728 4011; x_wconf 81' lang='grc' dir='ltr'><strong>μετά</strong></span> 
     </span>
    </p>
   </div>
   <div class='ocr_carea' id='block_1_85' title="bbox 2142 4022 3727 4104">
    <p class='ocr_par' dir='ltr' id='par_1_85' title="bbox 2142 4022 3727 4104">
     <span class='ocr_line' id='line_1_85' title="bbox 2142 4022 3727 4104; baseline 0.007 -30"><span class='ocrx_word' id='word_1_544' title='bbox 2142 4022 2453 4104; x_wconf 76' lang='grc' dir='ltr'>γυμνασίας</span> <span class='ocrx_word' id='word_1_545' title='bbox 2478 4025 2574 4078; x_wconf 79' lang='grc' dir='ltr'>καὶ</span> <span class='ocrx_word' id='word_1_546' title='bbox 2605 4025 2805 4096; x_wconf 83' lang='grc' dir='ltr'>πείρας</span> <span class='ocrx_word' id='word_1_547' title='bbox 2833 4029 3096 4100; x_wconf 72' lang='grc' dir='ltr'>ἀκριϐοῦς</span> <span class='ocrx_word' id='word_1_548' title='bbox 3147 4030 3182 4104; x_wconf 80' lang='grc' dir='ltr'>ἢ</span> <span class='ocrx_word' id='word_1_549' title='bbox 3236 4033 3568 4103; x_wconf 84' lang='grc' dir='ltr'>προσίεσθαι</span> <span class='ocrx_word' id='word_1_550' title='bbox 3608 4030 3727 4087; x_wconf 77' lang='grc' dir='ltr'>τού-</span> 
     </span>
    </p>
   </div>
   <div class='ocr_carea' id='block_1_86' title="bbox 2141 4102 3725 4197">
    <p class='ocr_par' dir='ltr' id='par_1_86' title="bbox 2141 4102 3725 4197">
     <span class='ocr_line' id='line_1_86' title="bbox 2141 4102 3725 4197; baseline 0.009 -31"><span class='ocrx_word' id='word_1_551' title='bbox 2141 4130 2286 4181; x_wconf 81' lang='grc' dir='ltr'>τους,</span> <span class='ocrx_word' id='word_1_552' title='bbox 2322 4115 2356 4185; x_wconf 85' lang='grc' dir='ltr'>ἢ</span> <span class='ocrx_word' id='word_1_553' title='bbox 2384 4102 2843 4189; x_wconf 72' lang='grc' dir='ltr'>ἀποπέμπεσθαι.</span> <span class='ocrx_word' id='word_1_554' title='bbox 2876 4122 3072 4192; x_wconf 83' lang='grc' dir='ltr'>Μάτην</span> <span class='ocrx_word' id='word_1_555' title='bbox 3102 4102 3286 4178; x_wconf 87' lang='grc' dir='ltr'>τοίνυν</span> <span class='ocrx_word' id='word_1_556' title='bbox 3328 4126 3428 4180; x_wconf 74' lang='grc' dir='ltr'><strong>καὶ</strong></span> <span class='ocrx_word' id='word_1_557' title='bbox 3460 4143 3725 4197; x_wconf 83' lang='grc' dir='ltr'>συκοφαν-</span> 
     </span>
    </p>
   </div>
   <div class='ocr_carea' id='block_1_87' title="bbox 2141 4210 3724 4290">
    <p class='ocr_par' dir='ltr' id='par_1_87' title="bbox 2141 4210 3724 4290">
     <span class='ocr_line' id='line_1_87' title="bbox 2141 4210 3724 4290; baseline 0.009 -31"><span class='ocrx_word' id='word_1_558' title='bbox 2141 4210 2269 4281; x_wconf 84' lang='grc' dir='ltr'>τικῇ</span> <span class='ocrx_word' id='word_1_559' title='bbox 2300 4210 2617 4278; x_wconf 81' lang='grc' dir='ltr'>προαιρέσει</span> <span class='ocrx_word' id='word_1_560' title='bbox 2663 4211 3093 4283; x_wconf 78' lang='grc' dir='ltr'>καταψεύδονται</span> <span class='ocrx_word' id='word_1_561' title='bbox 3127 4216 3222 4269; x_wconf 72' lang='grc' dir='ltr'>τοῦ</span> <span class='ocrx_word' id='word_1_562' title='bbox 3254 4217 3413 4286; x_wconf 84' lang='grc' dir='ltr'>ἁγίου</span> <span class='ocrx_word' id='word_1_563' title='bbox 3444 4220 3652 4290; x_wconf 74' lang='grc' dir='ltr'>Πατρδς</span> <span class='ocrx_word' id='word_1_564' title='bbox 3678 4219 3724 4272; x_wconf 74' lang='lat' dir='ltr'><strong>oi</strong></span> 
     </span>
    </p>
   </div>
   <div class='ocr_carea' id='block_1_88' title="bbox 2140 4299 3590 4377">
    <p class='ocr_par' dir='ltr' id='par_1_88' title="bbox 2140 4299 3590 4377">
     <span class='ocr_line' id='line_1_88' title="bbox 2140 4299 3590 4377; baseline 0.01 -25"><span class='ocrx_word' id='word_1_565' title='bbox 2140 4300 2209 4356; x_wconf 81' lang='grc' dir='ltr'><strong>τά</strong></span> <span class='ocrx_word' id='word_1_566' title='bbox 2242 4299 2481 4371; x_wconf 82' lang='grc' dir='ltr'>ρηθέντα</span> <span class='ocrx_word' id='word_1_567' title='bbox 2507 4303 2983 4374; x_wconf 83' lang='grc' dir='ltr'>μυθοσκοποῦντες</span> <span class='ocrx_word' id='word_1_568' title='bbox 3014 4308 3109 4363; x_wconf 70' lang='grc' dir='ltr'>καὶ</span> <span class='ocrx_word' id='word_1_569' title='bbox 3131 4310 3590 4377; x_wconf 85' lang='grc' dir='ltr'>ἀναπλάττοντες.</span> 
     </span>
    </p>
   </div>
   <div class='ocr_carea' id='block_1_89' title="bbox 2211 4437 3719 4520">
    <p class='ocr_par' dir='ltr' id='par_1_89' title="bbox 2211 4437 3719 4520">
     <span class='ocr_line' id='line_1_89' title="bbox 2211 4437 3719 4520; baseline 0.008 -28"><span class='ocrx_word' id='word_1_570' title='bbox 2211 4437 2273 4494; x_wconf 85' lang='grc' dir='ltr'>ε’.</span> <span class='ocrx_word' id='word_1_571' title='bbox 2311 4438 2469 4495; x_wconf 83' lang='grc' dir='ltr'>Ἐπεὶ</span> <span class='ocrx_word' id='word_1_572' title='bbox 2497 4442 2554 4496; x_wconf 85' lang='grc' dir='ltr'><strong>δέ</strong></span> <span class='ocrx_word' id='word_1_573' title='bbox 2580 4458 2726 4507; x_wconf 87' lang='grc' dir='ltr'>τινες</span> <span class='ocrx_word' id='word_1_574' title='bbox 2756 4443 3009 4513; x_wconf 78' lang='grc' dir='ltr'>λέγουσιν</span> <span class='ocrx_word' id='word_1_575' title='bbox 3051 4446 3128 4509; x_wconf 85' lang='grc' dir='ltr'>ὡς</span> <span class='ocrx_word' id='word_1_576' title='bbox 3154 4448 3184 4500; x_wconf 83' lang='grc' dir='ltr'>ὁ</span> <span class='ocrx_word' id='word_1_577' title='bbox 3213 4449 3391 4518; x_wconf 83' lang='grc' dir='ltr'>μέγας</span> <span class='ocrx_word' id='word_1_578' title='bbox 3415 4449 3719 4520; x_wconf 79' lang='grc' dir='ltr'>Παχώμιος.</span> 
     </span>
    </p>
   </div>
   <div class='ocr_carea' id='block_1_90' title="bbox 2142 4532 3721 4613">
    <p class='ocr_par' dir='ltr' id='par_1_90' title="bbox 2142 4532 3721 4613">
     <span class='ocr_line' id='line_1_90' title="bbox 2142 4532 3721 4613; baseline 0.006 -28"><span class='ocrx_word' id='word_1_579' title='bbox 2142 4532 2250 4587; x_wconf 84' lang='grc' dir='ltr'>ὐπὸ</span> <span class='ocrx_word' id='word_1_580' title='bbox 2277 4534 2511 4602; x_wconf 81' lang='grc' dir='ltr'>ἀγγέλου</span> <span class='ocrx_word' id='word_1_581' title='bbox 2546 4538 2947 4606; x_wconf 69' lang='grc' dir='ltr'>χρηματισθεὶς</span> <span class='ocrx_word' id='word_1_582' title='bbox 3001 4538 3098 4610; x_wconf 80' lang='grc' dir='ltr'>τὴν</span> <span class='ocrx_word' id='word_1_583' title='bbox 3158 4540 3252 4593; x_wconf 78' lang='grc' dir='ltr'>τοῦ</span> <span class='ocrx_word' id='word_1_584' title='bbox 3297 4548 3567 4613; x_wconf 72' lang='grc' dir='ltr'>μονὴρους</span> <span class='ocrx_word' id='word_1_585' title='bbox 3615 4542 3721 4611; x_wconf 83' lang='grc' dir='ltr'>βίου</span> 
     </span>
    </p>
   </div>
   <div class='ocr_carea' id='block_1_91' title="bbox 447 4592 2059 4702">
    <p class='ocr_par' dir='ltr' id='par_1_91' title="bbox 447 4592 2037 4683">
     <span class='ocr_line' id='line_1_91' title="bbox 447 4592 2037 4683; baseline 0.019 -38"><span class='ocrx_word' id='word_1_586' title='bbox 447 4605 577 4646; x_wconf 87' lang='lat' dir='ltr'><strong>nam</strong></span> <span class='ocrx_word' id='word_1_587' title='bbox 611 4592 884 4649; x_wconf 86' lang='lat' dir='ltr'><strong>miraculo</strong></span> <span class='ocrx_word' id='word_1_588' title='bbox 933 4597 1167 4656; x_wconf 88' lang='lat' dir='ltr'><strong>edoctus</strong></span> <span class='ocrx_word' id='word_1_589' title='bbox 1210 4600 1334 4669; x_wconf 79' lang='lat' dir='ltr'><strong>fuit,</strong></span> <span class='ocrx_word' id='word_1_590' title='bbox 1389 4619 1515 4663; x_wconf 88' lang='lat' dir='ltr'><strong>cum</strong></span> <span class='ocrx_word' id='word_1_591' title='bbox 1575 4610 1701 4668; x_wconf 83' lang='lat' dir='ltr'><strong>aliis</strong></span> <span class='ocrx_word' id='word_1_592' title='bbox 1751 4614 2037 4683; x_wconf 85' lang='lat' dir='ltr'><strong>didicisse,</strong></span> 
     </span>
    </p>
   </div>
   <div class='ocr_carea' id='block_1_92' title="bbox 2160 4592 3721 4702">
    <p class='ocr_par' dir='ltr' id='par_1_92' title="bbox 2160 4592 3721 4702">
     <span class='ocr_line' id='line_1_92' title="bbox 2160 4592 3721 4702; baseline 0.004 -25"><span class='ocrx_word' id='word_1_593' title='bbox 2160 4592 2443 4696; x_wconf 63' lang='grc' dir='ltr'>Βιαγωγιλιν,</span> <span class='ocrx_word' id='word_1_594' title='bbox 2477 4592 2813 4698; x_wconf 39' lang='grc' dir='ltr'>ἐμαθέιμετά</span> <span class='ocrx_word' id='word_1_595' title='bbox 2834 4592 2946 4685; x_wconf 71' lang='grc' dir='ltr'><strong>τῶν</strong></span> <span class='ocrx_word' id='word_1_596' title='bbox 2975 4592 3150 4686; x_wconf 71' lang='grc' dir='ltr'>ἄλλων</span> <span class='ocrx_word' id='word_1_597' title='bbox 3182 4633 3258 4697; x_wconf 83' lang='grc' dir='ltr'>ὡς</span> <span class='ocrx_word' id='word_1_598' title='bbox 3279 4592 3374 4686; x_wconf 56' lang='grc' dir='ltr'><strong>ἐπὶ</strong></span> <span class='ocrx_word' id='word_1_599' title='bbox 3402 4592 3644 4702; x_wconf 43' lang='grc' dir='ltr'><strong>⁴ύιριετίαν</strong></span> <span class='ocrx_word' id='word_1_600' title='bbox 3673 4633 3721 4685; x_wconf 85' lang='grc' dir='ltr'><strong>οί</strong></span> 
     </span>
    </p>
   </div>
   <div class='ocr_carea' id='block_1_93' title="bbox 445 4684 2039 4780">
    <p class='ocr_par' dir='ltr' id='par_1_93' title="bbox 445 4684 2039 4780">
     <span class='ocr_line' id='line_1_93' title="bbox 445 4684 2039 4780; baseline 0.019 -43"><span class='ocrx_word' id='word_1_601' title='bbox 445 4684 687 4740; x_wconf 86' lang='lat' dir='ltr'><strong>triennio</strong></span> <span class='ocrx_word' id='word_1_602' title='bbox 717 4688 1056 4746; x_wconf 79' lang='lat' dir='ltr'><strong>exercendas</strong></span> <span class='ocrx_word' id='word_1_603' title='bbox 1083 4707 1207 4750; x_wconf 87' lang='lat' dir='ltr'><strong>esse</strong></span> <span class='ocrx_word' id='word_1_604' title='bbox 1232 4711 1329 4751; x_wconf 85' lang='lat' dir='ltr'><strong>eos</strong></span> <span class='ocrx_word' id='word_1_605' title='bbox 1351 4699 1442 4768; x_wconf 85' lang='lat' dir='ltr'><strong>qui</strong></span> <span class='ocrx_word' id='word_1_606' title='bbox 1463 4716 1593 4757; x_wconf 86' lang='lat' dir='ltr'><strong>rasa</strong></span> <span class='ocrx_word' id='word_1_607' title='bbox 1616 4715 1851 4776; x_wconf 80' lang='lat' dir='ltr'><strong>gestant,</strong></span> <span class='ocrx_word' id='word_1_608' title='bbox 1876 4720 2039 4780; x_wconf 83' lang='lat' dir='ltr'><strong>atque</strong></span> 
     </span>
    </p>
   </div>
   <div class='ocr_carea' id='block_1_94' title="bbox 445 4777 2034 4858">
    <p class='ocr_par' dir='ltr' id='par_1_94' title="bbox 445 4777 2034 4858">
     <span class='ocr_line' id='line_1_94' title="bbox 445 4777 2034 4858; baseline 0.019 -28"><span class='ocrx_word' id='word_1_609' title='bbox 445 4777 522 4831; x_wconf 88' lang='lat' dir='ltr'><strong>ita</strong></span> <span class='ocrx_word' id='word_1_610' title='bbox 555 4777 640 4833; x_wconf 85' lang='lat' dir='ltr'><strong>vel</strong></span> <span class='ocrx_word' id='word_1_611' title='bbox 683 4784 1153 4843; x_wconf 88' lang='lat' dir='ltr'><strong>consummandos</strong></span> <span class='ocrx_word' id='word_1_612' title='bbox 1182 4801 1284 4858; x_wconf 92' lang='lat' dir='ltr'><strong>per</strong></span> <span class='ocrx_word' id='word_1_613' title='bbox 1317 4790 1758 4853; x_wconf 80' lang='lat' dir='ltr'><strong>benedictionem</strong></span> <span class='ocrx_word' id='word_1_614' title='bbox 1813 4810 1869 4856; x_wconf 87' lang='lat' dir='ltr'><strong>et</strong></span> <span class='ocrx_word' id='word_1_615' title='bbox 1906 4814 2034 4858; x_wconf 89' lang='lat' dir='ltr'><strong>ton-</strong></span> 
     </span>
    </p>
   </div>
   <div class='ocr_carea' id='block_1_95' title="bbox 444 4875 2032 4957">
    <p class='ocr_par' dir='ltr' id='par_1_95' title="bbox 444 4875 2032 4957">
     <span class='ocr_line' id='line_1_95' title="bbox 444 4875 2032 4957; baseline 0.018 -33"><span class='ocrx_word' id='word_1_616' title='bbox 444 4884 658 4935; x_wconf 85' lang='lat' dir='ltr'><strong>suram,</strong></span> <span class='ocrx_word' id='word_1_617' title='bbox 687 4875 773 4929; x_wconf 88' lang='lat' dir='ltr'><strong>vel</strong></span> <span class='ocrx_word' id='word_1_618' title='bbox 793 4878 1173 4946; x_wconf 89' lang='lat' dir='ltr'><strong>reprobandos</strong></span> <span class='ocrx_word' id='word_1_619' title='bbox 1197 4891 1364 4952; x_wconf 88' lang='lat' dir='ltr'><strong>atque</strong></span> <span class='ocrx_word' id='word_1_620' title='bbox 1392 4887 1461 4941; x_wconf 89' lang='lat' dir='ltr'><strong>ad</strong></span> <span class='ocrx_word' id='word_1_621' title='bbox 1486 4889 1725 4957; x_wconf 86' lang='lat' dir='ltr'><strong>priorem</strong></span> <span class='ocrx_word' id='word_1_622' title='bbox 1750 4892 1802 4947; x_wconf 91' lang='lat' dir='ltr'><strong>in</strong></span> <span class='ocrx_word' id='word_1_623' title='bbox 1826 4897 2032 4952; x_wconf 88' lang='lat' dir='ltr'><strong>mundo</strong></span> 
     </span>
    </p>
   </div>
   <div class='ocr_carea' id='block_1_96' title="bbox 446 4967 2029 5054">
    <p class='ocr_par' dir='ltr' id='par_1_96' title="bbox 446 4967 2029 5054">
     <span class='ocr_line' id='line_1_96' title="bbox 446 4967 2029 5054; baseline 0.018 -36"><span class='ocrx_word' id='word_1_624' title='bbox 446 4971 649 5019; x_wconf 87' lang='lat' dir='ltr'><strong>statum</strong></span> <span class='ocrx_word' id='word_1_625' title='bbox 695 4967 1091 5040; x_wconf 87' lang='lat' dir='ltr'><strong>dimittendos;</strong></span> <span class='ocrx_word' id='word_1_626' title='bbox 1127 4975 1356 5032; x_wconf 83' lang='lat' dir='ltr'><strong>audiam</strong></span> <span class='ocrx_word' id='word_1_627' title='bbox 1398 4979 1477 5035; x_wconf 89' lang='lat' dir='ltr'><strong>illi</strong></span> <span class='ocrx_word' id='word_1_628' title='bbox 1529 4998 1787 5054; x_wconf 88' lang='lat' dir='ltr'><strong>quoque;</strong></span> <span class='ocrx_word' id='word_1_629' title='bbox 1847 4989 2029 5048; x_wconf 86' lang='lat' dir='ltr'><strong>fabula</strong></span> 
     </span>
    </p>
   </div>
   <div class='ocr_carea' id='block_1_97' title="bbox 445 5061 2026 5154">
    <p class='ocr_par' dir='ltr' id='par_1_97' title="bbox 445 5061 2026 5154">
     <span class='ocr_line' id='line_1_97' title="bbox 445 5061 2026 5154; baseline 0.02 -45"><span class='ocrx_word' id='word_1_630' title='bbox 445 5065 635 5122; x_wconf 84' lang='lat' dir='ltr'><strong>aperte</strong></span> <span class='ocrx_word' id='word_1_631' title='bbox 665 5069 749 5115; x_wconf 91' lang='lat' dir='ltr'><strong>est</strong></span> <span class='ocrx_word' id='word_1_632' title='bbox 780 5071 836 5116; x_wconf 90' lang='lat' dir='ltr'><strong>et</strong></span> <span class='ocrx_word' id='word_1_633' title='bbox 858 5061 1117 5120; x_wconf 86' lang='lat' dir='ltr'><strong>Satanica</strong></span> <span class='ocrx_word' id='word_1_634' title='bbox 1147 5066 1454 5126; x_wconf 77' lang='lat' dir='ltr'><strong>ludiﬁcatio</strong></span> <span class='ocrx_word' id='word_1_635' title='bbox 1479 5073 1747 5135; x_wconf 82' lang='lat' dir='ltr'><strong>adversus</strong></span> <span class='ocrx_word' id='word_1_636' title='bbox 1769 5095 2026 5154; x_wconf 76' lang='lat' dir='ltr'><strong>magnum</strong></span> 
     </span>
    </p>
   </div>
   <div class='ocr_carea' id='block_1_98' title="bbox 444 5147 2028 5243">
    <p class='ocr_par' dir='ltr' id='par_1_98' title="bbox 444 5147 2028 5243">
     <span class='ocr_line' id='line_1_98' title="bbox 444 5147 2028 5243; baseline 0.021 -42"><span class='ocrx_word' id='word_1_637' title='bbox 444 5147 685 5206; x_wconf 86' lang='lat' dir='ltr'><strong>Patrem.</strong></span> <span class='ocrx_word' id='word_1_638' title='bbox 717 5151 868 5210; x_wconf 82' lang='lat' dir='ltr'><strong>Libri</strong></span> <span class='ocrx_word' id='word_1_639' title='bbox 903 5158 1106 5228; x_wconf 86' lang='lat' dir='ltr'><strong>quippe</strong></span> <span class='ocrx_word' id='word_1_640' title='bbox 1136 5161 1286 5218; x_wconf 83' lang='lat' dir='ltr'><strong>illius</strong></span> <span class='ocrx_word' id='word_1_641' title='bbox 1318 5176 1433 5221; x_wconf 84' lang='lat' dir='ltr'><strong>non</strong></span> <span class='ocrx_word' id='word_1_642' title='bbox 1458 5181 1491 5221; x_wconf 84' lang='lat' dir='ltr'><strong>a</strong></span> <span class='ocrx_word' id='word_1_643' title='bbox 1511 5170 1671 5228; x_wconf 90' lang='lat' dir='ltr'><strong>nobis</strong></span> <span class='ocrx_word' id='word_1_644' title='bbox 1706 5147 1904 5243; x_wconf 71' lang='lat' dir='ltr'><strong>solum,</strong></span> <span class='ocrx_word' id='word_1_645' title='bbox 1932 5179 2028 5234; x_wconf 84' lang='lat' dir='ltr'><strong>sed</strong></span> 
     </span>
    </p>
   </div>
   <div class='ocr_carea' id='block_1_99' title="bbox 440 5242 2028 5342">
    <p class='ocr_par' dir='ltr' id='par_1_99' title="bbox 440 5242 2028 5342">
     <span class='ocr_line' id='line_1_99' title="bbox 440 5242 2028 5342; baseline 0.021 -46"><span class='ocrx_word' id='word_1_646' title='bbox 440 5242 607 5298; x_wconf 78' lang='lat' dir='ltr'><strong>etiam</strong></span> <span class='ocrx_word' id='word_1_647' title='bbox 656 5247 725 5301; x_wconf 90' lang='lat' dir='ltr'><strong>ab</strong></span> <span class='ocrx_word' id='word_1_648' title='bbox 771 5249 894 5304; x_wconf 87' lang='lat' dir='ltr'><strong>aliis</strong></span> <span class='ocrx_word' id='word_1_649' title='bbox 952 5251 1204 5320; x_wconf 86' lang='lat' dir='ltr'><strong>pluribus</strong></span> <span class='ocrx_word' id='word_1_650' title='bbox 1254 5257 1564 5340; x_wconf 85' lang='lat' dir='ltr'><strong>divinarum</strong></span> <span class='ocrx_word' id='word_1_651' title='bbox 1617 5282 1803 5323; x_wconf 82' lang='lat' dir='ltr'><strong>rerum</strong></span> <span class='ocrx_word' id='word_1_652' title='bbox 1837 5273 2028 5342; x_wconf 88' lang='lat' dir='ltr'><strong>peritis</strong></span> 
     </span>
    </p>
   </div>
   <div class='ocr_carea' id='block_1_100' title="bbox 440 5332 2026 5427">
    <p class='ocr_par' dir='ltr' id='par_1_100' title="bbox 440 5332 2026 5427">
     <span class='ocr_line' id='line_1_100' title="bbox 440 5332 2026 5427; baseline 0.023 -42"><span class='ocrx_word' id='word_1_653' title='bbox 440 5332 665 5401; x_wconf 77' lang='lat' dir='ltr'><strong>evoluti,</strong></span> <span class='ocrx_word' id='word_1_654' title='bbox 696 5335 801 5391; x_wconf 87' lang='lat' dir='ltr'><strong>alia</strong></span> <span class='ocrx_word' id='word_1_655' title='bbox 840 5341 1059 5410; x_wconf 89' lang='lat' dir='ltr'><strong>quidem</strong></span> <span class='ocrx_word' id='word_1_656' title='bbox 1092 5359 1218 5401; x_wconf 88' lang='lat' dir='ltr'><strong>cum</strong></span> <span class='ocrx_word' id='word_1_657' title='bbox 1254 5337 1558 5409; x_wconf 83' lang='lat' dir='ltr'><strong>monastica</strong></span> <span class='ocrx_word' id='word_1_658' title='bbox 1597 5357 1803 5427; x_wconf 85' lang='lat' dir='ltr'><strong>pietate</strong></span> <span class='ocrx_word' id='word_1_659' title='bbox 1829 5378 2026 5422; x_wconf 74' lang='lat' dir='ltr'><strong>couve~</strong></span> 
     </span>
    </p>
   </div>
   <div class='ocr_carea' id='block_1_101' title="bbox 441 5421 2024 5523">
    <p class='ocr_par' dir='ltr' id='par_1_101' title="bbox 441 5421 2024 5523">
     <span class='ocr_line' id='line_1_101' title="bbox 441 5421 2024 5523; baseline 0.024 -48"><span class='ocrx_word' id='word_1_660' title='bbox 441 5421 647 5480; x_wconf 89' lang='lat' dir='ltr'><strong>nientia</strong></span> <span class='ocrx_word' id='word_1_661' title='bbox 685 5428 982 5487; x_wconf 82' lang='lat' dir='ltr'><strong>decernere</strong></span> <span class='ocrx_word' id='word_1_662' title='bbox 1025 5437 1427 5511; x_wconf 80' lang='lat' dir='ltr'><strong>ostenduntur;</strong></span> <span class='ocrx_word' id='word_1_663' title='bbox 1465 5445 1533 5501; x_wconf 88' lang='lat' dir='ltr'><strong>de</strong></span> <span class='ocrx_word' id='word_1_664' title='bbox 1563 5421 1888 5523; x_wconf 74' lang='lat' dir='ltr'><strong>probatione</strong></span> <span class='ocrx_word' id='word_1_665' title='bbox 1924 5473 2024 5513; x_wconf 78' lang='lat' dir='ltr'><strong>au-</strong></span> 
     </span>
    </p>
   </div>
   <div class='ocr_carea' id='block_1_102' title="bbox 438 5520 2019 5607">
    <p class='ocr_par' dir='ltr' id='par_1_102' title="bbox 438 5520 2019 5607">
     <span class='ocr_line' id='line_1_102' title="bbox 438 5520 2019 5607; baseline 0.024 -38"><span class='ocrx_word' id='word_1_666' title='bbox 438 5526 567 5579; x_wconf 88' lang='lat' dir='ltr'><strong>tem,</strong></span> <span class='ocrx_word' id='word_1_667' title='bbox 596 5534 661 5574; x_wconf 87' lang='lat' dir='ltr'><strong>ac</strong></span> <span class='ocrx_word' id='word_1_668' title='bbox 691 5520 950 5590; x_wconf 81' lang='lat' dir='ltr'><strong>triennio,</strong></span> <span class='ocrx_word' id='word_1_669' title='bbox 1000 5535 1054 5581; x_wconf 87' lang='lat' dir='ltr'><strong>ct</strong></span> <span class='ocrx_word' id='word_1_670' title='bbox 1090 5544 1214 5586; x_wconf 84' lang='lat' dir='ltr'><strong>rasa</strong></span> <span class='ocrx_word' id='word_1_671' title='bbox 1250 5531 1576 5606; x_wconf 82' lang='lat' dir='ltr'><strong>ferentibus,</strong></span> <span class='ocrx_word' id='word_1_672' title='bbox 1626 5554 1719 5599; x_wconf 87' lang='lat' dir='ltr'><strong>aut</strong></span> <span class='ocrx_word' id='word_1_673' title='bbox 1752 5563 1874 5605; x_wconf 81' lang='lat' dir='ltr'><strong>rasa</strong></span> <span class='ocrx_word' id='word_1_674' title='bbox 1911 5568 2019 5607; x_wconf 90' lang='lat' dir='ltr'><strong>non</strong></span> 
     </span>
    </p>
   </div>
   <div class='ocr_carea' id='block_1_103' title="bbox 438 5611 1720 5699">
    <p class='ocr_par' dir='ltr' id='par_1_103' title="bbox 438 5611 1720 5699">
     <span class='ocr_line' id='line_1_103' title="bbox 438 5611 1720 5699; baseline 0.031 -45"><span class='ocrx_word' id='word_1_675' title='bbox 438 5611 760 5678; x_wconf 59' lang='lat' dir='ltr'><strong>furentibus,</strong></span> <span class='ocrx_word' id='word_1_676' title='bbox 795 5616 929 5671; x_wconf 85' lang='lat' dir='ltr'><strong>nihil</strong></span> <span class='ocrx_word' id='word_1_677' title='bbox 960 5618 1014 5673; x_wconf 91' lang='lat' dir='ltr'><strong>in</strong></span> <span class='ocrx_word' id='word_1_678' title='bbox 1048 5622 1182 5691; x_wconf 88' lang='lat' dir='ltr'><strong>ipsis</strong></span> <span class='ocrx_word' id='word_1_679' title='bbox 1213 5631 1589 5699; x_wconf 88' lang='lat' dir='ltr'><strong>conscriptum</strong></span> <span class='ocrx_word' id='word_1_680' title='bbox 1617 5648 1720 5694; x_wconf 88' lang='lat' dir='ltr'><strong>est.</strong></span> 
     </span>
    </p>
   </div>
   <div class='ocr_carea' id='block_1_104' title="bbox 514 5767 2026 5861">
    <p class='ocr_par' dir='ltr' id='par_1_104' title="bbox 514 5767 2026 5861">
     <span class='ocr_line' id='line_1_104' title="bbox 514 5767 2026 5861; baseline 0.026 -41"><span class='ocrx_word' id='word_1_681' title='bbox 514 5767 600 5861; x_wconf 50' lang='lat' dir='ltr'><strong>S22)</strong></span> <span class='ocrx_word' id='word_1_682' title='bbox 630 5772 993 5861; x_wconf 50' lang='lat' dir='ltr'><strong>doxtyaa‘lag:</strong></span> <span class='ocrx_word' id='word_1_683' title='bbox 1023 5781 1089 5834; x_wconf 75' lang='grc' dir='ltr'>δὲ</span> <span class='ocrx_word' id='word_1_684' title='bbox 1111 5784 1244 5854; x_wconf 76' lang='grc' dir='ltr'>πέρι</span> <span class='ocrx_word' id='word_1_685' title='bbox 1277 5789 1374 5861; x_wconf 70' lang='grc' dir='ltr'><strong>καί</strong></span> <span class='ocrx_word' id='word_1_686' title='bbox 1405 5795 1679 5861; x_wconf 77' lang='grc' dir='ltr'>τριετιάς.</span> <span class='ocrx_word' id='word_1_687' title='bbox 1725 5797 1841 5852; x_wconf 79' lang='lat' dir='ltr'><strong>Non</strong></span> <span class='ocrx_word' id='word_1_688' title='bbox 1877 5802 2026 5858; x_wconf 79' lang='lat' dir='ltr'><strong>vide-</strong></span> 
     </span>
    </p>
   </div>
   <div class='ocr_carea' id='block_1_105' title="bbox 440 5838 2019 5929">
    <p class='ocr_par' dir='ltr' id='par_1_105' title="bbox 440 5838 2019 5929">
     <span class='ocr_line' id='line_1_105' title="bbox 440 5838 2019 5929; baseline 0.028 -45"><span class='ocrx_word' id='word_1_689' title='bbox 440 5838 530 5888; x_wconf 92' lang='lat' dir='ltr'><strong>tur</strong></span> <span class='ocrx_word' id='word_1_690' title='bbox 562 5838 852 5901; x_wconf 67' lang='lat' dir='ltr'><strong>Balsauion</strong></span> <span class='ocrx_word' id='word_1_691' title='bbox 888 5848 1087 5915; x_wconf 82' lang='lat' dir='ltr'><strong>legisse</strong></span> <span class='ocrx_word' id='word_1_692' title='bbox 1122 5838 1213 5909; x_wconf 45' lang='lat' dir='ltr'><strong>au&#39;t</strong></span> <span class='ocrx_word' id='word_1_693' title='bbox 1249 5838 1449 5917; x_wconf 64' lang='lat' dir='ltr'><strong>salteml</strong></span> <span class='ocrx_word' id='word_1_694' title='bbox 1478 5853 1741 5920; x_wconf 76' lang='lat' dir='ltr'><strong>memoria</strong></span> <span class='ocrx_word' id='word_1_695' title='bbox 1777 5873 2019 5929; x_wconf 80' lang='lat' dir='ltr'><strong>tenuisse</strong></span> 
     </span>
    </p>
   </div>
   <div class='ocr_carea' id='block_1_106' title="bbox 2140 4718 3720 4798">
    <p class='ocr_par' dir='ltr' id='par_1_106' title="bbox 2140 4718 3720 4798">
     <span class='ocr_line' id='line_1_106' title="bbox 2140 4718 3720 4798; baseline 0.005 -27"><span class='ocrx_word' id='word_1_696' title='bbox 2140 4718 2568 4790; x_wconf 78' lang='grc' dir='ltr'>ῥασοφοροῦντες</span> <span class='ocrx_word' id='word_1_697' title='bbox 2603 4726 2993 4793; x_wconf 84' lang='grc' dir='ltr'>γυμνάζονται,</span> <span class='ocrx_word' id='word_1_698' title='bbox 3026 4728 3123 4780; x_wconf 74' lang='grc' dir='ltr'><strong>καὶ</strong></span> <span class='ocrx_word' id='word_1_699' title='bbox 3152 4727 3324 4791; x_wconf 78' lang='grc' dir='ltr'>οὕτως</span> <span class='ocrx_word' id='word_1_700' title='bbox 3346 4728 3720 4798; x_wconf 79' lang='grc' dir='ltr'>ἥτελειοῦνται</span> 
     </span>
    </p>
   </div>
   <div class='ocr_carea' id='block_1_107' title="bbox 2134 4809 3718 4892">
    <p class='ocr_par' dir='ltr' id='par_1_107' title="bbox 2134 4809 3718 4892">
     <span class='ocr_line' id='line_1_107' title="bbox 2134 4809 3718 4892; baseline 0.006 -29"><span class='ocrx_word' id='word_1_701' title='bbox 2134 4809 2206 4863; x_wconf 80' lang='grc' dir='ltr'>δι’</span> <span class='ocrx_word' id='word_1_702' title='bbox 2236 4811 2489 4881; x_wconf 83' lang='grc' dir='ltr'>εὐλογίας</span> <span class='ocrx_word' id='word_1_703' title='bbox 2513 4815 2609 4867; x_wconf 72' lang='grc' dir='ltr'><strong>καὶ</strong></span> <span class='ocrx_word' id='word_1_704' title='bbox 2634 4815 3016 4887; x_wconf 63' lang='grc' dir='ltr'>άπκάρσεως,</span> <span class='ocrx_word' id='word_1_705' title='bbox 3048 4819 3082 4892; x_wconf 81' lang='grc' dir='ltr'>ἢ</span> <span class='ocrx_word' id='word_1_706' title='bbox 3112 4819 3608 4889; x_wconf 77' lang='grc' dir='ltr'>άποδοκιμάζονται</span> <span class='ocrx_word' id='word_1_707' title='bbox 3631 4822 3718 4874; x_wconf 78' lang='grc' dir='ltr'>καὶ</span> 
     </span>
    </p>
   </div>
   <div class='ocr_carea' id='block_1_108' title="bbox 2132 4904 3717 4984">
    <p class='ocr_par' dir='ltr' id='par_1_108' title="bbox 2132 4904 3717 4984">
     <span class='ocr_line' id='line_1_108' title="bbox 2132 4904 3717 4984; baseline 0.005 -26"><span class='ocrx_word' id='word_1_708' title='bbox 2132 4904 2273 4975; x_wconf 82' lang='grc' dir='ltr'>πρὸς</span> <span class='ocrx_word' id='word_1_709' title='bbox 2306 4906 2403 4976; x_wconf 84' lang='grc' dir='ltr'>τὴν</span> <span class='ocrx_word' id='word_1_710' title='bbox 2434 4908 2709 4979; x_wconf 82' lang='grc' dir='ltr'>προτέραν</span> <span class='ocrx_word' id='word_1_711' title='bbox 2766 4912 3040 4984; x_wconf 86' lang='grc' dir='ltr'>κοσμικὴν</span> <span class='ocrx_word' id='word_1_712' title='bbox 3075 4914 3411 4969; x_wconf 87' lang='grc' dir='ltr'>κατάστασιν</span> <span class='ocrx_word' id='word_1_713' title='bbox 3468 4915 3717 4969; x_wconf 70' lang='grc' dir='ltr'>ἀπολύων·</span> 
     </span>
    </p>
   </div>
   <div class='ocr_carea' id='block_1_109' title="bbox 2132 4996 3717 5077">
    <p class='ocr_par' dir='ltr' id='par_1_109' title="bbox 2132 4996 3717 5077">
     <span class='ocr_line' id='line_1_109' title="bbox 2132 4996 3717 5077; baseline 0.008 -31"><span class='ocrx_word' id='word_1_714' title='bbox 2132 5009 2265 5048; x_wconf 85' lang='grc' dir='ltr'>ται·</span> <span class='ocrx_word' id='word_1_715' title='bbox 2299 4996 2692 5053; x_wconf 82' lang='grc' dir='ltr'>ἀκουσάτωσαν</span> <span class='ocrx_word' id='word_1_716' title='bbox 2720 5000 2813 5054; x_wconf 76' lang='grc' dir='ltr'>καὶ</span> <span class='ocrx_word' id='word_1_717' title='bbox 2839 5002 2995 5055; x_wconf 87' lang='grc' dir='ltr'>αὐτοί</span> <span class='ocrx_word' id='word_1_718' title='bbox 3018 5020 3034 5037; x_wconf 78' lang='grc'><em>’</em></span> <span class='ocrx_word' id='word_1_719' title='bbox 3072 5003 3239 5073; x_wconf 78' lang='grc' dir='ltr'>μῦθος</span> <span class='ocrx_word' id='word_1_720' title='bbox 3286 5006 3551 5077; x_wconf 78' lang='grc' dir='ltr'>ἄντικρύς</span> <span class='ocrx_word' id='word_1_721' title='bbox 3609 5010 3717 5059; x_wconf 84' lang='grc' dir='ltr'>ἐστι</span> 
     </span>
    </p>
   </div>
   <div class='ocr_carea' id='block_1_110' title="bbox 2133 5087 3711 5170">
    <p class='ocr_par' dir='ltr' id='par_1_110' title="bbox 2133 5087 3711 5170">
     <span class='ocr_line' id='line_1_110' title="bbox 2133 5087 3711 5170; baseline 0.007 -30"><span class='ocrx_word' id='word_1_722' title='bbox 2133 5087 2228 5141; x_wconf 77' lang='grc' dir='ltr'>καὶ</span> <span class='ocrx_word' id='word_1_723' title='bbox 2258 5089 2541 5161; x_wconf 78' lang='grc' dir='ltr'>ὲρεσχελία</span> <span class='ocrx_word' id='word_1_724' title='bbox 2565 5093 2828 5165; x_wconf 83' lang='grc' dir='ltr'>σατανικὴ</span> <span class='ocrx_word' id='word_1_725' title='bbox 2871 5097 3012 5149; x_wconf 86' lang='grc' dir='ltr'><strong>κατά</strong></span> <span class='ocrx_word' id='word_1_726' title='bbox 3061 5097 3145 5150; x_wconf 71' lang='grc' dir='ltr'>τοῦ</span> <span class='ocrx_word' id='word_1_727' title='bbox 3204 5100 3442 5169; x_wconf 78' lang='grc' dir='ltr'>μεγάλου</span> <span class='ocrx_word' id='word_1_728' title='bbox 3492 5101 3711 5170; x_wconf 79' lang='grc' dir='ltr'>Πατρός.</span> 
     </span>
    </p>
   </div>
   <div class='ocr_carea' id='block_1_111' title="bbox 2131 5181 3712 5263">
    <p class='ocr_par' dir='ltr' id='par_1_111' title="bbox 2131 5181 3712 5263">
     <span class='ocr_line' id='line_1_111' title="bbox 2131 5181 3712 5263; baseline 0.006 -30"><span class='ocrx_word' id='word_1_729' title='bbox 2131 5181 2198 5234; x_wconf 80' lang='lat' dir='ltr'><strong>Al</strong></span> <span class='ocrx_word' id='word_1_730' title='bbox 2224 5182 2333 5253; x_wconf 87' lang='grc' dir='ltr'><strong>γάρ</strong></span> <span class='ocrx_word' id='word_1_731' title='bbox 2378 5183 2550 5253; x_wconf 74' lang='grc' dir='ltr'>βίϐλοι</span> <span class='ocrx_word' id='word_1_732' title='bbox 2597 5186 2788 5241; x_wconf 87' lang='grc' dir='ltr'>τούτου</span> <span class='ocrx_word' id='word_1_733' title='bbox 2830 5188 3195 5262; x_wconf 82' lang='grc' dir='ltr'>ἀνελιχθεῖσαι</span> <span class='ocrx_word' id='word_1_734' title='bbox 3241 5195 3317 5263; x_wconf 80' lang='grc' dir='ltr'>μὴ</span> <span class='ocrx_word' id='word_1_735' title='bbox 3364 5194 3513 5263; x_wconf 81' lang='grc' dir='ltr'><strong>παρά</strong></span> <span class='ocrx_word' id='word_1_736' title='bbox 3546 5196 3712 5263; x_wconf 81' lang='grc' dir='ltr'>μόνων</span> 
     </span>
    </p>
   </div>
   <div class='ocr_carea' id='block_1_112' title="bbox 2130 5274 3710 5356">
    <p class='ocr_par' dir='ltr' id='par_1_112' title="bbox 2130 5274 3710 5356">
     <span class='ocr_line' id='line_1_112' title="bbox 2130 5274 3710 5356; baseline 0.006 -29"><span class='ocrx_word' id='word_1_737' title='bbox 2130 5275 2162 5344; x_wconf 84' lang='grc' dir='ltr'>ἡ</span> <span class='ocrx_word' id='word_1_738' title='bbox 2174 5274 2310 5344; x_wconf 84' lang='grc' dir='ltr'>μῶν,</span> <span class='ocrx_word' id='word_1_739' title='bbox 2338 5276 2474 5330; x_wconf 83' lang='grc' dir='ltr'><strong>ἀ)λά</strong></span> <span class='ocrx_word' id='word_1_740' title='bbox 2505 5279 2595 5331; x_wconf 69' lang='grc' dir='ltr'>καὶ</span> <span class='ocrx_word' id='word_1_741' title='bbox 2627 5280 2758 5352; x_wconf 86' lang='grc' dir='ltr'>παρ’</span> <span class='ocrx_word' id='word_1_742' title='bbox 2809 5281 3013 5353; x_wconf 82' lang='grc' dir='ltr'>ἑτέρων</span> <span class='ocrx_word' id='word_1_743' title='bbox 3043 5284 3258 5338; x_wconf 74' lang='grc' dir='ltr'>πολλῶν</span> <span class='ocrx_word' id='word_1_744' title='bbox 3312 5287 3445 5356; x_wconf 68' lang='grc' dir='ltr'>περὶ</span> <span class='ocrx_word' id='word_1_745' title='bbox 3482 5289 3549 5339; x_wconf 75' lang='grc' dir='ltr'>τὰ</span> <span class='ocrx_word' id='word_1_746' title='bbox 3601 5285 3710 5338; x_wconf 81' lang='grc' dir='ltr'>θεῖα</span> 
     </span>
    </p>
   </div>
   <div class='ocr_carea' id='block_1_113' title="bbox 2129 5366 3708 5447">
    <p class='ocr_par' dir='ltr' id='par_1_113' title="bbox 2129 5366 3708 5447">
     <span class='ocr_line' id='line_1_113' title="bbox 2129 5366 3708 5447; baseline 0.004 -31"><span class='ocrx_word' id='word_1_747' title='bbox 2129 5366 2339 5434; x_wconf 78' lang='grc' dir='ltr'>δεινῶν,</span> <span class='ocrx_word' id='word_1_748' title='bbox 2366 5368 2498 5423; x_wconf 80' lang='grc' dir='ltr'>ἄλλα</span> <span class='ocrx_word' id='word_1_749' title='bbox 2532 5372 2629 5439; x_wconf 80' lang='grc' dir='ltr'>μὲν</span> <span class='ocrx_word' id='word_1_750' title='bbox 2664 5374 2728 5442; x_wconf 84' lang='grc' dir='ltr'>τῇ</span> <span class='ocrx_word' id='word_1_751' title='bbox 2769 5377 3038 5446; x_wconf 80' lang='grc' dir='ltr'>μοναχικῇ</span> <span class='ocrx_word' id='word_1_752' title='bbox 3099 5375 3357 5447; x_wconf 78' lang='grc' dir='ltr'>εὐλαϐείᾳ</span> <span class='ocrx_word' id='word_1_753' title='bbox 3406 5375 3708 5445; x_wconf 78' lang='grc' dir='ltr'>κατάλληλα</span> 
     </span>
    </p>
   </div>
   <div class='ocr_carea' id='block_1_114' title="bbox 2134 5456 3706 5538">
    <p class='ocr_par' dir='ltr' id='par_1_114' title="bbox 2134 5456 3706 5538">
     <span class='ocr_line' id='line_1_114' title="bbox 2134 5456 3706 5538; baseline 0.006 -28"><span class='ocrx_word' id='word_1_754' title='bbox 2134 5456 2489 5522; x_wconf 79' lang='grc' dir='ltr'>θεσπίζουσαι</span> <span class='ocrx_word' id='word_1_755' title='bbox 2531 5462 2834 5531; x_wconf 84' lang='grc' dir='ltr'>φαίνονται,</span> <span class='ocrx_word' id='word_1_756' title='bbox 2862 5463 3186 5537; x_wconf 76' lang='grc' dir='ltr'>δοκιμασίας</span> <span class='ocrx_word' id='word_1_757' title='bbox 3214 5468 3271 5522; x_wconf 85' lang='grc' dir='ltr'>δὲ</span> <span class='ocrx_word' id='word_1_758' title='bbox 3294 5468 3418 5538; x_wconf 85' lang='grc' dir='ltr'>πέρι</span> <span class='ocrx_word' id='word_1_759' title='bbox 3447 5468 3543 5522; x_wconf 68' lang='grc' dir='ltr'><strong>καὶ</strong></span> <span class='ocrx_word' id='word_1_760' title='bbox 3566 5482 3706 5538; x_wconf 72' lang='grc' dir='ltr'>τριε-</span> 
     </span>
    </p>
   </div>
   <div class='ocr_carea' id='block_1_115' title="bbox 2130 5551 3703 5633">
    <p class='ocr_par' dir='ltr' id='par_1_115' title="bbox 2130 5551 3703 5633">
     <span class='ocr_line' id='line_1_115' title="bbox 2130 5551 3703 5633; baseline 0.006 -29"><span class='ocrx_word' id='word_1_761' title='bbox 2130 5551 2251 5612; x_wconf 79' lang='grc' dir='ltr'>τίας</span> <span class='ocrx_word' id='word_1_762' title='bbox 2286 5552 2361 5622; x_wconf 68' lang='lat'><strong>(2)</strong></span> <span class='ocrx_word' id='word_1_763' title='bbox 2391 5557 2483 5607; x_wconf 74' lang='grc' dir='ltr'>καὶ</span> <span class='ocrx_word' id='word_1_764' title='bbox 2510 5556 2955 5627; x_wconf 70' lang='grc' dir='ltr'>ῥασοφορούντων</span> <span class='ocrx_word' id='word_1_765' title='bbox 2991 5561 3086 5614; x_wconf 67' lang='grc' dir='ltr'>καὶ</span> <span class='ocrx_word' id='word_1_766' title='bbox 3122 5562 3197 5633; x_wconf 84' lang='grc' dir='ltr'>μὴ</span> <span class='ocrx_word' id='word_1_767' title='bbox 3245 5562 3703 5633; x_wconf 69' lang='grc' dir='ltr'>ρασοφορούντων,</span> 
     </span>
    </p>
   </div>
   <div class='ocr_carea' id='block_1_116' title="bbox 2130 5647 2961 5717">
    <p class='ocr_par' dir='ltr' id='par_1_116' title="bbox 2130 5647 2961 5717">
     <span class='ocr_line' id='line_1_116' title="bbox 2130 5647 2961 5717; baseline 0.011 -21"><span class='ocrx_word' id='word_1_768' title='bbox 2130 5647 2283 5697; x_wconf 77' lang='grc' dir='ltr'>οὐδὲν</span> <span class='ocrx_word' id='word_1_769' title='bbox 2309 5647 2534 5710; x_wconf 72' lang='grc' dir='ltr'>ταύταις</span> <span class='ocrx_word' id='word_1_770' title='bbox 2566 5651 2961 5717; x_wconf 67' lang='grc' dir='ltr'>ἐγγέγραπται.</span> 
     </span>
    </p>
   </div>
   <div class='ocr_carea' id='block_1_117' title="bbox 2143 5805 3697 5891">
    <p class='ocr_par' dir='ltr' id='par_1_117' title="bbox 2143 5805 3697 5891">
     <span class='ocr_line' id='line_1_117' title="bbox 2143 5805 3697 5891; baseline 0.006 -31"><span class='ocrx_word' id='word_1_771' title='bbox 2143 5805 2428 5891; x_wconf 37' lang='lat' dir='ltr'><strong>ﬁlum-eui</strong></span> <span class='ocrx_word' id='word_1_772' title='bbox 2450 5822 2503 5865; x_wconf 90' lang='lat' dir='ltr'><strong>et</strong></span> <span class='ocrx_word' id='word_1_773' title='bbox 2524 5810 2753 5891; x_wconf 61' lang='lat' dir='ltr'><strong>Palladi</strong></span> <span class='ocrx_word' id='word_1_774' title='bbox 2770 5817 3081 5891; x_wconf 71' lang='lat' dir='ltr'><strong>testimonia</strong></span> <span class='ocrx_word' id='word_1_775' title='bbox 3101 5818 3168 5873; x_wconf 87' lang='lat' dir='ltr'><strong>de</strong></span> <span class='ocrx_word' id='word_1_776' title='bbox 3182 5818 3460 5876; x_wconf 87' lang='lat' dir='ltr'><strong>Pacbomii</strong></span> <span class='ocrx_word' id='word_1_777' title='bbox 3485 5819 3697 5891; x_wconf 76' lang='lat' dir='ltr'><strong>Regula.</strong></span> 
     </span>
    </p>
   </div>
   <div class='ocr_carea' id='block_1_118' title="bbox 2132 5877 3696 5965">
    <p class='ocr_par' dir='ltr' id='par_1_118' title="bbox 2132 5877 3696 5965">
     <span class='ocr_line' id='line_1_118' title="bbox 2132 5877 3696 5965; baseline 0.01 -37"><span class='ocrx_word' id='word_1_778' title='bbox 2132 5877 2234 5930; x_wconf 69' lang='grc' dir='ltr'><strong>Τὶν</strong></span> <span class='ocrx_word' id='word_1_779' title='bbox 2293 5880 2347 5931; x_wconf 74' lang='grc' dir='ltr'>δὲ</span> <span class='ocrx_word' id='word_1_780' title='bbox 2390 5886 2658 5937; x_wconf 72' lang='grc' dir='ltr'>συνοικεῖν</span> <span class='ocrx_word' id='word_1_781' title='bbox 2698 5886 2885 5949; x_wconf 71' lang='grc' dir='ltr'>αὐτοῖς</span> <span class='ocrx_word' id='word_1_782' title='bbox 2920 5888 3244 5954; x_wconf 73' lang='grc' dir='ltr'>βουλόμενον</span> <span class='ocrx_word' id='word_1_783' title='bbox 3297 5877 3589 5965; x_wconf 56' lang='grc' dir='ltr'>πρότερονν</span> <span class='ocrx_word' id='word_1_784' title='bbox 3612 5889 3696 5942; x_wconf 77' lang='grc' dir='ltr'><strong>ἐπὶ</strong></span> 
     </span>
    </p>
   </div>
  </div>
