4066 6384
299 328 455 392 1369

1454 333 1702 394 EPIST.
1742 329 1841 390 DE
1866 328 2381 391 BASOPHORIS.
3272 340 3299 358 νο

3420 317 3566 387 1370

294 447 729 516 προσιστάμενον
792 447 1102 517 μοναχικῶν
1171 448 1390 518 ἀμφίων
1464 447 1871 518 ἐπιμνησθῆναι

1976 457 2104 501 ante
2144 446 2312 501 vestis
2349 442 2712 498 mutationem
2743 436 3067 493 monachica
3099 434 3270 508 fuisse
3304 432 3553 487 indutos.

288 536 382 589 τὸν
413 538 656 606 μάκαρα,
693 541 787 591 καὶ
813 540 915 608 τῆς
940 539 1203 610 συνήθους
1235 544 1346 605 τοῖς
1388 543 1640 610 μοναχοῖς
1705 557 1873 611 μετα-

292 630 674 699 σχηματίσεως
711 647 726 661 ·
755 631 871 684 ἀλλ’
901 636 933 702 ή
958 632 1068 685 τῶν
1088 633 1372 703 κοσμικῶν
1402 633 1718 702 ἐνδυμάτων
1770 649 1872 703 ση-

294 726 465 793 μασία
499 724 748 788 βούλεται
767 727 859 780 τδν
885 726 1147 796 ἀδόκιμον
1177 730 1252 798 μὴ
1303 726 1439 797 μετά
1475 725 1583 780 τῶν
1638 726 1870 795 ἱματίων

289 814 387 885 τῆς
409 819 578 884 μονῆς
611 816 961 877 ἀπολύεσθαι.
989 818 1128 871 ἀλλά
1161 819 1301 887 μετὰ
1331 818 1440 870 τῶν
1468 818 1711 885 οἰκείων,
1746 816 1869 887 μεθ’

290 897 366 958 ὧν
414 904 616 975 δηλαδὴ
649 909 729 969 εἰς
782 908 873 959 τὸν
896 907 1103 977 κόσμον
1160 908 1573 976 ἀνεστρέφετο·
1611 908 1700 961 διὰ
1754 909 1865 979 γὰρ

288 998 450 1051 τοῦτο
500 1002 595 1053 καὶ
650 1000 1014 1067 φυλάττεσθαι
1062 999 1238 1055 ταῦτα
1290 1002 1395 1056 ὑπὸ
1427 1001 1523 1055 τοῦ
1580 1003 1864 1071 οἰκονόμου

291 1092 755 1159 παρεκελεύσατο.

365 1305 429 1357 θ’.
475 1306 681 1374 "Apage
707 1306 887 1360 τοίνυν
929 1308 1306 1378 γυμνάζεσθαι
1353 1310 1479 1372 τοὺς
1518 1309 1627 1363 ἀπὸ
1655 1309 1870 1381 τύρϐης

294 1398 560 1468 βιωτικῆς
586 1401 664 1461 εἰς
703 1400 793 1451 τὸν
823 1402 1109 1469 μοναδικδν
1134 1401 1248 1470 βίον
1273 1404 1702 1472 μεταπηδῶντας
1729 1403 1873 1457 κατὰ

286 1492 521 1563 δάμαλιν
556 1496 941 1567 ἀπειρόςυγον,
964 1499 1056 1551 καὶ
1084 1498 1285 1566 μᾶλλον
1312 1501 1427 1552 ὅσοι
1489 1498 1604 1569 βίου
1642 1500 1873 1568 γεγόνα-

289 1603 374 1638 σιν
400 1586 658 1656 ἀδοκίμου
689 1589 782 1640 καὶ
815 1588 1115 1657 σφαλεροῦ.
1152 1590 1274 1643 Κᾶν
1303 1591 1412 1662 γὰρ
1436 1594 1494 1645 ὲν
1516 1592 1875 1661 Εὐαγγελίοις

286 1682 317 1733 ὁ
340 1680 564 1749 Κύριος,
598 1682 780 1735 Δεῦτε
804 1683 955 1752 πρὸς
965 1683 1045 1752 μὲ
1067 1683 1294 1751 πάντες
1319 1689 1373 1739 οἱ
1416 1683 1748 1751 κοπιῶντες
1775 1685 1876 1740 καὶ

288 1773 775 1842 πεφορτισμένοι,
836 1776 1008 1847 φησὶ,
1039 1777 1225 1848 ’κάγὼ
1273 1779 1608 1833 ἀναπαύσω
1662 1780 1820 1848 ὑμᾶς
1854 1797 1870 1811 ·

287 1865 583 1918 κάντεῦθεν
615 1866 899 1922 ἀκίνδυνον
922 1869 1278 1941 ἀναφαίνεται
1309 1871 1370 1923 τὸ
1420 1872 1633 1936 πάντας
1672 1873 1871 1943 ἀπερι-
1904 1875 1949 1930 Β
1977 1861 2025 1907 εί
2060 1850 2265 1905 Mem“.
2291 1849 2437 1911 εδιίε,

291 1959 571 2030 μερίμνως
606 1960 857 2030 δέχεσθαι
887 1978 902 1993 ·
940 1962 1056 2014 ἀλλ’
1083 1962 1206 2015 ἐπεὶ
1228 1965 1255 2015 ὁ
1283 1962 1443 2026 αὐτὸς
1477 1963 1610 2025 Θεὸς
1632 1965 1727 2016 καὶ
1755 1965 1872 2016 Σω-

287 2050 391 2118 τὴρ
429 2050 587 2120 ήμῶν
623 2050 795 2104 πολλά
835 2052 966 2117 περὶ
1009 2052 1103 2106 τοῦ
1140 2053 1403 2124 προτέρου
1435 2052 1549 2120 βίου
1584 2053 1874 2106 τὺννεανί-

297 2159 429 2194 σκον
468 2143 742 2213 ἀνέκρινε,
778 2144 875 2197 καὶ
926 2145 1064 2215 μετά
1102 2145 1478 2219 πληροφορίας
1535 2145 1628 2198 τοῦ
1662 2145 1872 2214 ἀγαθοῦ

289 2235 404 2304 βίον
442 2236 606 2289 αὐτοῦ
636 2235 734 2306 τὴν
760 2236 1045 2290 τελείωσιν
1073 2239 1470 2308 ἀπεκλήρωσε,
1504 2241 1602 2293 καὶ
1629 2238 1871 2292 ἀκολου-

287 2329 402 2382 θεῖν
431 2328 582 2397 αὐτῷ
631 2329 942 2401 διωρίσατο,
1004 2329 1214 2384 δίκαιον
1262 2332 1379 2384 ἐστι
1436 2332 1530 2385 καὶ
1590 2332 1874 2385 κανονικὸν

285 2421 412 2484 τοὺς
471 2422 609 2491 μήτε
663 2422 748 2476 διὰ
793 2422 909 2492 βίου
966 2424 1340 2494 καθαρότητα,
1402 2426 1538 2495 μήτε
1588 2425 1675 2479 διὰ
1710 2425 1873 2495 ἤθους

285 2513 493 2582 ἀγαθοῦ
516 2516 924 2586 γνωριμότητα,
958 2517 1064 2585 πρὸ
1117 2517 1445 2587 δοκιμασίας
1500 2519 1874 2586 ἀναφανέντας

287 2608 505 2671 ίκανοὺς
542 2610 622 2672 είς
670 2610 731 2661 τὸ
761 2609 1216 2678 ὲπιφορτισθῆναι
1248 2610 1340 2663 τὸν
1373 2610 1606 2680 ἐλαφρὸν
1630 2611 1725 2664 τοῦ
1766 2615 1875 2665 Κυ-

287 2703 404 2773 ρίου
432 2702 617 2770 ζυγὸν,
654 2702 740 2755 διὰ
793 2703 988 2774 χρόνου
1028 2705 1241 2773 μακροῦ
1298 2705 1873 2775 πολυπραγμονεῖσθαι

286 2792 379 2845 καὶ
428 2792 843 2859 δοκιμάζεσθαι.
908 2793 981 2845 Τὸ
1048 2793 1104 2845 δὲ
1145 2793 1391 2862 γίνεσθαι
1422 2795 1523 2864 τὴν
1548 2795 1873 2864 δοκιμασίαν

285 2886 380 2938 ἐπὶ
433 2886 674 2956 τριετίαν
725 2886 867 2953 μετά
925 2885 1241 2955 ἐνδυμάτων
1295 2887 1625 2957 μοναχικῶν,
1660 2888 1753 2940 καὶ
1782 2888 1873 2939 δο-

285 2975 441 3047 θῆναι
480 2979 592 3040 τοῖς
629 2978 1073 3049 ρασοφορήσασιν
1101 2978 1311 3042 ἄδειαν,
1347 2979 1500 3042 ἐντὸς
1554 2979 1654 3048 τῆς
1684 2981 1873 3032 τοιαύ-

282 3089 382 3141 της
412 3070 772 3143 προθεσμίας,
797 3073 847 3125 εί
875 3073 1282 3144 ἀπαρέσκονται
1321 3072 1458 3142 πρὸς
1501 3075 1602 3145 τὴν
1648 3072 1742 3126 τοῦ
1779 3090 1875 3140 μο-

244 3164 442 3228 ονάδος
488 3164 607 3235 βίου
658 3166 1023 3237 σκληρότητα,
1054 3166 1123 3219 τὰ
1178 3166 1445 3236 μοναχικὰ
1484 3172 1584 3237 μὲν
1636 3165 1870 3218 ἀποδύεο

284 3257 431 3318 σθαι,
464 3254 633 3308 λαῖκὰ
665 3255 723 3308 δὲ
745 3256 1170 3324 ὲνδιδύσκεσθαι,
1219 3254 1279 3310 οὔ
1319 3274 1411 3327 μοι
1463 3258 1612 3311 δοκεῖ
1648 3274 1871 3311 κανονι-

281 3345 399 3406 κὺν,
424 3346 547 3399 οὐδὲ
578 3347 677 3412 τῆς
710 3346 989 3416 ἡμετέρας
1043 3346 1320 3409 πολιτείας
1387 3349 1479 3399 καὶ
1537 3345 1873 3415 ἐπαγγελίας

283 3434 454 3501 ἄξιον.
481 3434 594 3488 Καὶ
626 3434 790 3488 πόθεν
824 3434 983 3488 τοῦτό
1014 3453 1181 3506 φημι,
1207 3436 1460 3491 ἄκουσον.

357 3554 409 3602 ι’.
452 3547 521 3600 Ἠ
570 3547 795 3619 τριετὴς
842 3548 1155 3618 προθεσμία
1210 3550 1312 3620 τῆς
1360 3550 1688 3621 δοκιμασίας
1723 3551 1875 3619 παρὰ

284 3639 386 3710 μέν
411 3656 556 3703 τινος
582 3639 741 3708 ἁγίου
771 3640 984 3711 Πατρδς
1026 3642 1088 3695 οὐ
1139 3642 1439 3713 παρεδόθη,
1480 3641 1665 3706 καθὼς
1711 3644 1740 3693 6
1781 3643 1872 3696 λό-

278 3748 378 3799 γος
409 3730 618 3789 ἀνωθεν
647 3730 1015 3802 διετράνωσεν
1056 3749 1071 3765 ·
1105 3734 1138 3803 ἡ
1167 3733 1222 3786 δὲ
1253 3734 1311 3788 ὲν
1344 3735 1872 3789 Κωνσταντινουπό-

281 3825 368 3878 λει
395 3828 642 3879 συστᾶσα
669 3826 789 3878 θεία
815 3826 909 3878 καὶ
957 3826 1314 3898 οἰκουμενικὴ
1360 3827 1599 3893 σύνοδος,
1627 3829 1662 3898 ἠ
1710 3831 1873 3896 λεγο-

282 3917 422 3987 μένη
452 3916 644 3987 πρώτη
674 3916 769 3968 καὶ
797 3915 1048 3987 δευτέρα,
1076 3916 1240 3986 φησὶν
1285 3920 1344 3970 ὲν
1382 3919 1620 3988 πέμπτῳ
1678 3920 1868 3973 κανόνι

275 4009 454 4062 ταῦτα
480 4008 698 4081 ῥητῶςο
769 4011 881 4074 Τὰς
925 4010 1211 4076 ἀκρίτους
1265 4010 1366 4065 καὶ
1423 4011 1873 4081 ἀδοκιμάστους

274 4097 584 4167 ἀποταγὰς
640 4097 739 4150 ἐπὶ
807 4097 967 4152 πολὺ
1021 4097 1136 4165 τὴν
1200 4099 1546 4168 μοναδικὴν
1587 4102 1874 4165 εὐταξίαν

274 4186 730 4256 λυμαινομένας
783 4186 1170 4256 εὑρίσκομεν.
1239 4188 1560 4256 Προπετῶς
1612 4192 1725 4260 γὰρ
1781 4193 1873 4258 εἰς

275 4279 389 4333 τὸν
406 4279 645 4348 μονήρη
684 4279 832 4344 ,ϐίον
879 4279 1133 4346 ἑαυτούς
1185 4298 1346 4347 τινες
1398 4282 1873 4351 ἑπιρρίπτοντες,

275 4372 380 4427 καὶ
407 4372 557 4441 πρὸς
594 4374 662 4426 τὸ
701 4372 889 4443 τραχὺ
914 4374 1013 4428 καὶ
1043 4375 1341 4429 ἐπίπονον
1397 4376 1877 4446 κατολιγωροῦν-

275 4482 378 4532 τες
408 4465 517 4534 τῆς
541 4464 885 4532 ἀσκήσεως,
918 4467 1018 4520 ἐπὶ
1050 4467 1157 4520 τὸν
1180 4471 1560 4537 φιλόσαρκον
1594 4470 1693 4523 καὶ
1730 4470 1875 4539 ἠδο-

1977 539 2128 613 Nihil
2162 540 2364 608 quippe
2388 534 2647 591 obstabat
2672 530 2982 602 quominus
3025 530 3219 583 beatus
3257 526 3345 581 ille
3394 525 3557 578 indu-

1978 640 2286 686 mentorum
2305 627 2711 684 monaclialium
2726 636 2778 680 et
2793 630 3071 679 consuetu:
3092 618 3235 690 apud
3257 617 3556 672 monachos

1974 726 2194 781 habitus
2225 722 2541 778 mutationis
2568 719 2902 775 mentionem
2933 713 3161 769 iaceret.
3192 711 3296 766 Sed
3328 710 3557 765 saecula-

1988 819 2130 872 rium
2167 816 2611 871 indumentorum
2649 808 2955 878 designatio
3019 806 3123 860 hoc
3171 804 3274 858 sibi
3314 803 3449 862 vult.
3496 808 3559 854 ut

1978 911 2070 979 qui
2123 909 2471 978 reprobatur,
2521 921 2629 959 non
2675 903 2982 957 dimittatur
3009 914 3132 953 cum
3156 896 3401 951 vestibus
3441 908 3561 946 mo-

1979 999 2229 1064 nasterii,
2296 997 2393 1053 sed
2437 997 2741 1059 cuiusuis,
2803 993 2871 1047 iis
2939 989 3188 1044 videlicet
3252 987 3450 1056 quibus
3500 984 3555 1037 iu

1979 1096 2183 1149 mundo
2224 1092 2499 1145 utebatur.
2528 1088 2663 1142 Nam
2693 1088 2902 1141 idcirco
2928 1084 3093 1138 etiam
3131 1081 3254 1135 illas
3281 1095 3374 1149 per
3405 1094 3553 1134 (eco-

1980 1200 2201 1240 nomum
2235 1185 2441 1239 servari
2479 1180 2782 1235 mandavit.

2042 1297 2095 1351 9.
2141 1296 2336 1349 Ratum
2375 1307 2506 1363 ergo
2555 1291 2832 1357 timuique
2885 1297 2998 1349 est,
3059 1283 3305 1338 exerceri
3360 1279 3559 1334 debere

1975 1405 2070 1446 eos
2105 1390 2258 1458 quia
2297 1386 2535 1440 tumultu
2588 1382 2822 1451 hujusce
2877 1376 3008 1431 vita:
3072 1374 3138 1427 ad
3199 1368 3555 1424 monasticam

1975 1484 2141 1537 vitam
2176 1479 2517 1541 transiliunt,
2570 1472 3016 1541 instarjuvencae
3051 1467 3243 1536 jugum
3303 1476 3410 1515 non
3461 1474 3559 1512 ex-

1974 1584 2165 1644 pertae,
2202 1573 2295 1627 sed
2326 1568 2599 1638 praecipue
2633 1564 2724 1635 qui
2760 1563 2924 1618 vitam
2960 1561 3235 1612 duxerunt
3270 1550 3556 1620 improba-

1981 1668 2145 1722 bilem
2205 1674 2259 1719 et
2315 1663 2559 1717 noxiam.
2622 1654 2886 1724 Quamvis
2938 1652 3081 1707 enim
3134 1651 3190 1704 in
3249 1642 3558 1713 Evangeliis

1977 1759 2239 1815 Dominus
2294 1756 2487 1810 dicat:
2534 1752 2712 1807 Venite
2754 1749 2823 1802 ad
2858 1762 2938 1800 me
2984 1759 3161 1796 omnes
3186 1740 3277 1811 qui
3299 1736 3557 1793 laboratis

2468 1855 2517 1900 et
2547 1860 2640 1914 ego
2663 1840 2901 1911 reﬁciam
2932 1852 3021 1891 vos
3045 1835 3087 1901 ³,
3138 1833 3375 1909 hincque
3399 1836 3558 1881 extra

1980 1943 2283 2013 periculum
2310 1953 2433 1994 esse
2463 1936 2711 1991 videatur
2734 1937 2964 1988 cunctos
3002 1924 3300 1993 admittere
3341 1921 3554 1988 absque

1977 2033 2353 2090 sollicitudine
2413 2048 2426 2085 :
2480 2039 2723 2083 attamen
2783 2022 3046 2095 quoniam
3106 2019 3247 2073 idem
3306 2015 3451 2069 Deus
3506 2022 3562 2067 et

1978 2127 2239 2181 Servator
2270 2132 2482 2186 noster,
2513 2120 2582 2175 ab
2616 2117 2970 2172 adolescente
3034 2110 3205 2165 multa
3263 2107 3332 2161 de
3390 2105 3557 2173 priori

1975 2218 2083 2273 vita
2107 2215 2447 2284 disquisivit,
2474 2220 2530 2268 et
2559 2219 2685 2282 post
2704 2215 2987 2277 acceptam
3014 2217 3182 2272 super
3205 2201 3347 2254 bona
3382 2196 3557 2266 ipsius

1976 2307 2087 2360 vita
2116 2300 2537 2363 certitndinem,
2588 2296 2986 2369 perfectionem
3051 2289 3326 2359 allegavit,
3392 2294 3561 2354 utque

1976 2407 2308 2469 sequeretur
2349 2412 2478 2451 eum
2512 2392 2808 2465 praecepit;
2865 2402 3086 2458 aequum
3139 2393 3221 2439 est
3253 2391 3309 2437 et
3337 2379 3563 2436 canoni-

1976 2509 2124 2557 cum,
2155 2500 2213 2544 ut
2242 2490 2334 2560 qui
2374 2502 2549 2558 neque
2576 2502 2670 2556 per
2696 2485 2822 2538 vita:
2859 2480 3184 2552 puritatem,
3238 2487 3417 2542 neque
3464 2486 3560 2539 per

1975 2587 2245 2641 bonorum
2280 2596 2493 2636 nim-um
2530 2577 2980 2639 familiaritatem,
3014 2579 3144 2627 ante
3172 2565 3548 2639 probationem

1979 2677 2162 2732 idonei
2201 2676 2300 2730 visi
2340 2673 2549 2729 fuerint
2600 2670 2666 2724 ad
2700 2666 3029 2739 gestandum
3085 2661 3277 2730 jngum
3342 2652 3561 2710 Domini

1975 2770 2118 2832 leve,
2157 2782 2390 2837 operose
2415 2764 2776 2839 explorentur
2802 2773 2867 2813 ac
2902 2754 3203 2827 probentur
3235 2750 3398 2818 longo
3424 2754 3564 2800 tem-

1977 2880 2129 2932 pore.
2160 2862 2432 2917 Caeterum
2485 2857 2865 2929 probationem
2933 2865 3032 2922 per
3080 2845 3377 2902 triennium
3435 2857 3560 2897 cum

1977 2952 2325 3008 indumentis
2366 2945 2792 3004 monachalibus
2825 2941 2965 3006 ﬁeri,
3010 2940 3242 3010 darique
3298 2950 3422 2990 rasa
3479 2931 3563 2987 fe-

1977 3047 2232 3101 rentibus
2274 3043 2575 3101 licentiam,
2612 3038 2836 3093 utintra
2873 3036 2975 3090 hoc
3018 3041 3258 3102 tempus,
3287 3029 3330 3084 si
3364 3025 3563 3093 displio
3597 3060 3600 3065 η

1976 3148 2100 3193 ceat
2169 3118 2435 3191 solitaria:
2482 3132 2611 3185 vitae
2656 3127 2935 3191 durities,
2989 3121 3328 3177 inonasticas
3379 3124 3564 3171 vestes

1898 3216 1942 3274 (ἶ
1979 3237 2204 3293 exuant,
2234 3226 2392 3280 laicis
2423 3237 2696 3292 congruas
2721 3225 3028 3281 assumant,
3054 3230 3160 3268 non
3190 3212 3321 3266 mihi
3347 3209 3564 3263 videtur

1979 3338 2107 3379 esse
2139 3319 2493 3383 canonicum,
2529 3328 2708 3384 neque
2740 3314 2966 3381 dignum
3002 3315 3190 3363 nostra
3217 3304 3325 3357 vita
3353 3310 3407 3357 et
3438 3314 3567 3370 pro-

1977 3414 2247 3471 fessione.
2286 3408 2444 3465 Unde
2467 3422 2598 3462 vero
2629 3407 2734 3459 hoc
2763 3404 2967 3465 dicam,
3003 3398 3129 3452 audi
3172 3415 3185 3451 :

2058 3549 2152 3604 10.
2178 3541 2496 3601 Triennalis
2528 3537 2872 3610 probationis
2904 3548 3080 3602 mora,
3114 3549 3142 3587 a
3178 3532 3333 3585 nullo
3368 3536 3564 3584 sancto

1977 3642 2140 3697 Patre
2189 3637 2390 3694 tradita
2414 3645 2520 3701 est,
2551 3631 2633 3686 uti
2700 3644 2882 3686 sermo
2941 3627 3194 3697 superior
3243 3621 3565 3678 declaravit.

1979 3734 2150 3789 Sacra
2180 3744 2311 3786 vero
2355 3742 2420 3783 ac
2453 3723 2726 3797 generalis
2792 3720 3036 3792 synodus
3084 3713 3562 3780 Constantinopoli

1977 3825 2188 3887 habita,
2218 3836 2342 3892 quae
2384 3819 2588 3873 dicitur
2616 3816 2793 3886 prima
2848 3810 3195 3871 etsecunda,
3256 3808 3309 3860 in
3368 3805 3566 3876 quinto

1979 3933 2194 3975 canone
2217 3917 2335 3969 haec
2370 3912 2436 3966 ad
2469 3909 2703 3965 verbum
2738 3906 2873 3959 dicit
2906 3922 2920 3958 :
2962 3904 3093 3968 Quae
3135 3902 3250 3956 sine
3273 3898 3481 3966 judicio
3513 3905 3562 3949 et

1979 4009 2295 4078 probatione
2322 4005 2461 4074 ﬁunt
2513 3998 2958 4060 renuntiationes,
3000 3996 3132 4049 bono
3167 3991 3348 4046 ordini
3377 4003 3566 4042 mona-

1980 4104 2112 4158 stico
2148 4114 2406 4169 maguum
2468 4096 2661 4164 aﬂ‘erre
2690 4087 3093 4159 incommodum
3147 4084 3462 4151 invenimus.
3502 4080 3566 4133 In

1979 4193 2333 4249 monasticam
2359 4188 2498 4243 enim
2532 4187 2695 4240 vitam
2721 4200 2774 4237 se
2793 4182 3010 4250 quidam
3039 4191 3228 4233 temere
3250 4176 3566 4244 injicientes,

1979 4297 2030 4342 et
2085 4286 2154 4340 ad
2215 4298 2458 4351 asperam
2517 4278 2943 4341 Iaboriosamque
3036 4269 3468 4326 exercitationem
3515 4283 3569 4319 se

1980 4381 2208 4449 segniter
2234 4382 2497 4445 gerentes.
2526 4370 2594 4425 ad
2628 4367 2899 4423 carnalem
2927 4374 2975 4419 ct
3008 4362 3362 4432 voluptariam
3403 4361 3569 4413 vitam

1983 4485 2169 4524 rursus
2225 4468 2415 4520 misere
2475 4471 2832 4516 revertuntur.
2897 4456 3183 4522 Propterea
3225 4468 3348 4517 ergo
3380 4449 3566 4503 statuit

272 4557 454 4613 νικὸν
521 4558 669 4621 ,βίον
716 4558 940 4623 ἀθλίως
1006 4562 1197 4614 πάλιν
1268 4561 1864 4633 ἐπαναστρέφουσιν.

1980 4571 2165 4616 sancta
2195 4559 2454 4628 synodus,
2486 4564 2543 4608 ut
2602 4567 2753 4607 nemo
2798 4550 3090 4609 monastico
3138 4542 3323 4597 habitu
3374 4541 3568 4609 dignus

276 4649 529 4715 ’Ὡρισεν
557 4645 675 4704 οὖν
704 4648 804 4703 διὰ
845 4649 1023 4704 τοῦτο
1050 4651 1088 4717 ἠ
1134 4652 1275 4721 ἁγία
1325 4654 1594 4721 σύνοδος
1636 4655 1871 4725 μηδένα

276 4741 388 4795 τοῦ
433 4741 772 4811 μοναχικοῦ
817 4743 1257 4808 καταξιοῦσθαι
1336 4746 1690 4814 σχήματος,
1733 4748 1878 4815 πρὶν

279 4834 361 4888 ἂν
413 4838 447 4889 ὁ
473 4833 586 4901 τῆς
624 4835 882 4902 τριετίας
904 4837 1127 4903 χρόνος
1144 4838 1231 4902 εὶς
1268 4836 1485 4905 πεῖραν
1534 4840 1742 4906 αὐτοῖς
1768 4841 1879 4909 ἁφα

278 4927 437 4994 εθεὶς
474 4927 765 4996 δοκίμους
791 4929 1015 4994 αὐτοὺς
1049 4929 1148 4984 καὶ
1176 4929 1391 4997 ἀξίους
1429 4929 1542 4998 τῆς
1583 4936 1877 4998 mxumi).-

272 5037 386 5088 της
399 5021 623 5089 βιοτῆς
653 5022 1039 5090 παραστήσῃ.
1067 5024 1175 5077 Καὶ
1199 5023 1374 5077 τοῦτο
1399 5027 1644 5088 κρατεῖν
1687 5027 1869 5079 παντί

274 5119 474 5186 τρόπῳ
502 5121 1012 5188 παρεκελεύσατο,
1045 5121 1216 5190 πλὴν
1247 5125 1301 5175 εί
1324 5121 1412 5191 μή
1441 5124 1559 5177 πού
1615 5142 1707 5190 τις
1749 5125 1869 5188 βα-

266 5212 404 5279 ρεῖα
432 5214 879 5279 προσπεσοῦσα
902 5216 1088 5279 νόσος
1130 5214 1238 5269 τὸν
1266 5216 1492 5283 χρόνον
1546 5217 1865 5287 ἀναγκάσῃ

276 5303 671 5369 συσταλῆναι
697 5302 807 5371 τῆς
857 5304 1237 5372 δοκιμασίας,
1257 5307 1294 5375 ἣ
1328 5310 1380 5361 εὶ
1399 5307 1485 5376 μή
1517 5311 1634 5363 πού
1657 5326 1746 5376 τις
1771 5311 1866 5379 εἴη

275 5392 432 5459 ἀνὴρ
451 5394 737 5462 εὐλαϐὴς,
762 5396 986 5451 καὶτὸν
1003 5399 1510 5464 μοναχικὸνιϐίον
1531 5400 1602 5454 ἐν
1632 5401 1712 5466 τῷ
1766 5420 1868 5457 κο-

275 5486 746 5549 σμικῴδιανύων
765 5487 1189 5557 σχήματι.Ἒπὶ
1217 5493 1325 5558 γὰρ
1341 5491 1446 5545 τοῦ
1470 5494 1743 5548 τοιούτου
1769 5499 1874 5549 άν-

276 5571 415 5641 δρὸς
437 5578 523 5642 εἱς
553 5578 887 5646 ἀπόπειραν
906 5581 983 5652 (6)
1002 5582 1271 5653 παντελῆ
1304 5584 1397 5637 καί
1426 5588 1457 5639 ό
1478 5586 1864 5655 ἐξαμηνιαῖος

1501 5721 1534 5733 .-

333 5736 354 5768 ⁸
386 5739 574 5794 Manli.
598 5759 669 5802 κς,
702 5741 793 5793 Q8.

1981 4666 2214 4724 putetur,
2248 4654 2557 4720 priusquam
2596 4643 2813 4698 triennii
2842 4651 3043 4709 tempus
3082 4637 3151 4690 ad
3176 4634 3564 4705 experientiam

1980 4751 2054 4802 eis
2082 4745 2348 4806 relictum,
2400 4742 2539 4809 ipsos
2571 4753 2686 4791 esse
2718 4735 2969 4804 probatos
2999 4742 3047 4785 et
3091 4729 3191 4783 tali
3226 4731 3333 4781 vita
3379 4725 3568 4792 dignos

1981 4838 2282 4895 ostenderit.
2331 4834 2395 4887 Et
2432 4832 2529 4886 hoc
2572 4830 2717 4884 omni
2768 4831 2923 4881 modo
2979 4821 3247 4878 observari
3297 4817 3570 4889 pratcepit,

1982 4944 2334 5001 rrwlerquam
2367 4928 2413 4981 si
2438 4926 2574 4996 forte
2617 4923 2794 4993 gravis
2826 4919 3021 4987 aliquis
3054 4914 3267 4969 morbus
3302 4911 3565 4975 incidens,

1981 5022 2310 5095 probationis
2360 5027 2560 5084 tempus
2592 5012 2838 5067 contra/ti
2880 5009 3129 5079 coegerit,
3155 5017 3242 5057 aut
3268 5005 3312 5058 si
3340 5009 3474 5072 forte
3501 5002 3569 5055 sit

1978 5118 2195 5184 quidam
2240 5116 2317 5170 vir
2367 5110 2663 5179 religiosus,
2692 5107 2881 5175 quique
2918 5106 3078 5157 vitam
3129 5100 3474 5151 monasticam
3514 5095 3567 5146 in

1979 5211 2162 5267 habitu
2191 5205 2443 5263 saeculari
2495 5201 2772 5271 peregerit.
2814 5196 2936 5250 Tali
2966 5195 3106 5248 enim
3146 5192 3256 5244 viro
3308 5191 3377 5242 ad
3411 5187 3572 5241 abso-

1978 5309 2147 5363 lutum
2172 5300 2607 5369 experimentum,
2644 5301 2852 5357 tempus
2895 5298 3142 5341 semestre
3176 5282 3468 5352 suffecerit.
3508 5279 3571 5332 Si

1978 5400 2096 5470 quis
2147 5403 2327 5449 autem
2383 5398 2578 5459 prwter
2606 5386 2716 5438 lure
2752 5381 2959 5451 fecerit,
3015 5375 3321 5431 monasterii
3358 5371 3568 5442 quidem

1982 5491 2283 5559 μηνίει-τίω,
2318 5482 2636 5554 prarfestura
2665 5476 2930 5539 excideris,
2957 5487 3060 5525 non
3080 5468 3341 5524 observati
3367 5463 3569 5516 ordinis

1980 5582 2379 5643 curriclionem,
2413 5576 2568 5628 vitam
2616 5572 2669 5624 in
2705 5565 3001 5622 obedientia
3029 5565 3239 5615 ductam
3285 5558 3558 5618 inveniat;

351 5880 425 5947 (6)
456 5880 828 5948 ’Arrrireipar.
862 5878 993 5934 Male
1014 5880 1176 5948 igitur
1203 5877 1521 5953 ἁπόκειραν,
1566 5890 1865 5945 tonsuram,

1985 5876 2319 5933 Bibliotheca
2349 5874 2497 5931 Juris
2531 5871 2785 5930 canonici
2816 5885 2869 5939 p.
2904 5868 3032 5924 775.
