4066 6388
276 333 412 400 1373

1434 334 1660 395 EPIST
1717 337 1818 396 DE
1859 335 2377 397 HASOPHORIS.
2464 283 2471 289 ι

3406 333 3542 397 13η

271 452 521 523 γίνεσθαι
559 468 576 485 ’
608 451 734 506 οὐδὲ
767 451 877 523 γὰρ
909 452 1058 506 εἴποι
1105 468 1195 517 τις
1219 451 1350 517 τοὺς
1387 455 1593 524 μίμους
1622 454 1712 508 διὰ
1736 471 1852 526 τρι-

1975 472 2060 512 nec
2086 457 2234 511 enim
2267 454 2466 511 dixerit
2496 454 2622 525 quis
2651 455 2848 510 mimos
2883 469 2978 524 per
3003 455 3324 524 capillorum
3354 465 3549 510 tonsu-

272 548 386 618 χῶν
417 547 804 617 ἀποκάρσεως,
853 548 947 600 καὶ
980 546 1141 616 ἁγίας
1183 546 1359 616 εὐχῶν
1390 546 1617 617 τελετῆς
1667 550 1853 618 μιμεῖ-

272 638 396 692 σθαι
429 638 526 708 τὴν
557 637 853 708 μοναδικὴν
878 637 1083 707 βιοτὴν,
1123 636 1423 692 κάντεῦθεν
1478 635 1719 691 νοεῖσθαι
1758 639 1855 691 καὶ

278 729 815 800 μετασχηματισμὸν
869 729 971 800 τὴν
1008 730 1320 799 ἀπόκαρσιν
1360 746 1377 763 ο
1407 729 1526 792 πῶς
1573 730 1730 783 αὐτοὶ
1764 731 1855 782 ὲν-

275 823 609 882 θουσιῶντες
676 821 992 884 σατανικῶς
1043 820 1423 892 ἀσχημονοῦσι
1480 821 1855 888 φαυλιστικῶς

274 915 416 967 κατὰ
444 916 547 983 τῆς
578 915 918 985 μονοτρόπου
947 914 1232 983 διαγωγῆς
1260 931 1274 980 ;
1331 914 1467 966 ὅπου
1498 930 1564 980 γε
1605 915 1634 966 ὁ
1688 930 1859 966 κατα-

275 1006 538 1076 στρωθεὶς
570 1007 785 1061 ἄνωθεν
816 1012 858 1059 ε’
885 1005 1067 1059 κανὼν
1095 1006 1197 1075 τῆς
1222 1007 1281 1058 ὲν
1334 1006 1859 1059 Κωνσταντινουπόο

274 1102 354 1152 λει
415 1102 642 1169 πρώτης
703 1104 800 1161 καὶ
858 1100 1126 1168 δευτέρας
1215 1101 1467 1163 συνόδου,
1531 1099 1691 1169 εἴπερ
1744 1094 1860 1168 εἶχε

277 1190 458 1254 ζῶσαν
491 1191 675 1261 φωνὴν
698 1193 792 1245 καὶ
822 1191 1039 1244 ὼλενίσι
1074 1192 1169 1244 καὶ
1215 1191 1497 1259 παλάμαις
1544 1192 1859 1260 ἐστήρικτο,

277 1286 336 1336 οὐ
373 1286 633 1347 κοτύλαις
658 1279 920 1353 ὲλὲγῂων,
957 1286 1074 1340 ἀλλ’
1115 1287 1259 1346 ὅλοις
1297 1284 1496 1351 πίθοις,
1539 1284 1744 1348 αὐτοὺς
1793 1285 1860 1339 ἂν

277 1378 665 1447 ἐπεστόμισεν.
734 1379 871 1431 Ἰδοὺ
901 1379 1011 1450 γὰρ
1057 1381 1150 1432 καὶ
1218 1379 1384 1440 αὐτὸς
1440 1379 1546 1431 ὑπὸ
1596 1378 1863 1445 Πατέρων

279 1471 456 1538 ἁγίων
486 1471 909 1543 τελεσφορηθεὶς
939 1473 1035 1524 καὶ
1063 1471 1403 1542 ἡλικιωθεὶς,
1432 1472 1527 1525 καὶ
1560 1471 1665 1523 ὑπὸ
1692 1469 1885 1524 Πνεύ-’

279 1581 449 1634 ματος
477 1565 636 1631 ἁγίου
666 1564 1042 1633 ὀμματωθεὶς,
1076 1564 1182 1617 ὑπὸ
1215 1566 1424 1619 τούτων
1486 1564 1597 1617 τῶν
1629 1565 1864 1633 ὑποκρι-

280 1657 386 1710 τῶν
427 1656 807 1726 ἐρωτώμενος,
835 1657 985 1719 ὅπως
1010 1659 1041 1726 ἡ
1070 1656 1164 1710 τοῖ’)
1194 1674 1444 1726 μετασχη
1457 1655 1861 1726 ματισμοῦλση-

280 1750 457 1819 μασία
518 1751 725 1802 νοεῖται
775 1749 874 1803 καὶ
914 1749 1343 1819 ἑκλαμὸἁνεται,
1394 1748 1537 1802 κατὰ
1591 1748 1865 1817 Στέντορα

1955 565 2095 616 ram,
2133 558 2188 605 et
2207 554 2457 605 sanctam
2488 562 2713 619 precum
2741 547 3123 614 in‘i‘tiatiouem,
3151 550 3319 603 vitam
3352 565 3545 604 monav

1957 643 2155 698 sticam
2217 641 2447 706 imitari,
2507 640 2744 711 indeque
2806 642 2917 712 per’
2958 642 3207 714 habitum
3266 650 3540 696 mutatum

1958 735 2187 804 intelligi
2222 742 2546 799 tonsuram;
2605 748 2716 804 quo
2766 733 2931 787 mod-0
2976 735 3012 787 ii
3048 733 3311 787 Satanico
3360 732 3545 786 furore

1958 828 2222 898 correpti,
2254 827 2505 897 improbe
2547 835 2603 882 et
2630 827 2987 895 contemptim
3022 824 3170 881 foeda
3201 826 3414 880 faciunt
3448 826 3545 880 ad-

1957 938 2152 978 versus
2220 922 2531 977 solitarium
2587 921 2711 977 vita:
2782 922 3036 976 statum?
3101 919 3546 989 quandoquidem

1962 1030 2127 1084 supra
2159 1015 2401 1069 insertus
2433 1029 2610 1068 canon
2663 1014 2894 1083 quintus
2925 1013 3549 1079 Coustznttinopolitante

1962 1108 2156 1180 synodi
2189 1108 2374 1172 prima?
2400 1116 2454 1161 et
2476 1108 2750 1170 sccumlae,
2795 1110 2839 1160 si
2872 1107 2991 1159 viva
3028 1121 3161 1158 voce
3198 1114 3463 1167 uteretur,
3501 1105 3548 1157 si

1963 1201 2111 1254 ulnis
2137 1200 2506 1269 manibusque
2557 1201 2907 1261 consisteret,
2963 1214 3071 1251 non
3117 1198 3311 1267 t-otylis
3364 1210 3551 1263 repre-

1962 1292 2233 1360 hendens,
2264 1293 2361 1347 scd
2385 1293 2515 1347 totis
2537 1292 2719 1355 doliis,
2752 1308 2941 1345 eorum
2976 1307 3036 1345 os
3066 1291 3377 1342 obturaret.
3408 1288 3549 1343 Ecce

1964 1387 2110 1442 enim
2165 1388 2212 1441 is
2259 1402 2289 1439 a
2340 1385 2553 1439 sanctis
2606 1384 2868 1440 Patribus
2931 1382 3208 1451 pet-[cetus
3258 1381 3458 1441 editus,
3497 1382 3552 1433 et

1965 1478 2210 1541 adultus,
2243 1487 2406 1544 atque
2434 1491 2462 1527 a
2488 1473 2696 1544 Spiritu
2717 1482 2914 1529 sancto
2939 1473 3216 1534 oculatus,
3253 1487 3348 1541 per
3385 1472 3554 1523 hosce

1967 1571 2281 1641 hypocritas
2311 1577 2368 1623 et
2412 1568 2763 1622 simulatores
2796 1567 3168 1633 interrogatus
3190 1602 3205 1628 ,
3246 1579 3353 1633 quo
3393 1574 3555 1630 paCtO

1965 1660 2471 1732 transiiguratiouis
2519 1659 2800 1714 denotatio
2836 1657 3191 1726 intelligenda
3231 1657 3303 1709 sit
3361 1669 3424 1708 ac
3460 1667 3555 1707 su-

1970 1753 2193 1819 menda,
2240 1753 2416 1807 instar
2449 1752 2726 1807 Stentoris
2761 1749 3019 1806 clamavit
3050 1767 3062 1802 :
3099 1746 3219 1802 Non
3253 1755 3339 1801 est
3366 1760 3558 1799 mona-

280 1842 555 1911 κέκραγεν
586 1859 605 1873 ο
633 1843 750 1895 Οὐκ
780 1840 898 1896 ἔστι
929 1842 992 1894 τὸ
1027 1841 1321 1911 μοναχικδν
1362 1841 1551 1913 σχῆμα
1583 1840 1867 1903 τελείωσις

1975 1845 2147 1899 chalis
2182 1844 2402 1899 habitus
2433 1853 2493 1898 et.
2531 1845 2727 1913 ﬁgura,
2782 1841 3135 1898 consecratio
3191 1848 3551 1905 tonsuraquc,

281 1936 376 1987 καὶ
405 1935 746 2005 ἀπόκαρσις,
779 1935 917 1988 ἀλλὰ
958 1935 1272 2007 μοναχικῶν
1298 1936 1522 2004 ἀμφίων
1576 1933 1863 2005 περιϐολή.

281 2026 383 2081 Δύο
397 2026 504 2098 γὰρ
524 2027 819 2097 προτίθησι.
838 2027 1118 2098 σχήματα,
1149 2028 1412 2097 κοσμικὺν
1429 2025 1526 2079 καὶ
1548 2010 1867 2094 μοναχικδν,

283 2119 376 2174 καί
399 2136 530 2189 φησι
549 2120 658 2191 πρὸ
673 2121 773 2190 τῆς
785 2124 1024 2191 τριετίας
1047 2120 1251 2190 μηδένα
1262 2117 1355 2172 τοῦ
1382 2117 1677 2188 μοναχικοῦ
1702 2134 1870 2170 κατα-

281 2213 528 2280 ξιοῦσθαι
560 2217 863 2286 σχήματος,
887 2215 937 2267 εί
970 2214 1045 2286 μὴ
1073 2216 1131 2267 ὲν
1162 2214 1406 2284 σχήματι
1424 2212 1677 2280 κοσμικῷ
1697 2209 1867 2281 ἤνυσέ

281 2323 363 2368 τις
395 2306 509 2376 βίον
543 2310 837 2377 μοναχικόν
862 2324 877 2340 ·
908 2310 1030 2361 τότε
1062 2306 1172 2377 γὰρ
1202 2309 1293 2360 καὶ
1328 2304 1689 2374 ἐξαμηνιαίος
1711 2303 1851 2376 πρὸς

280 2396 606 2464 δοκιμασίαν
638 2397 874 2466 ἀρκέσει
906 2398 1125 2467 καιρός.

354 2510 445 2578 ιγ’.
488 2512 821 2565 Είπάτιιισαν
854 2513 1036 2566 τοίνυν
1067 2514 1248 2577 αὐτοὶ,
1284 2513 1402 2576 πῶς
1438 2516 1465 2566 ὁ
1501 2528 1863 2584 μετασχημα-

280 2604 480 2673 τισμδς
531 2606 612 2668 είς
644 2606 952 2676 ἁπόκαρσιν
996 2608 1448 2677 ἐκληφθήσεταις
1500 2606 1597 2659 τοῦ
1642 2606 1870 2669 κανόνος

285 2698 645 2764 μεμνημένου
700 2700 794 2750 καὶ
828 2701 1113 2770 σχήματος
1162 2699 1456 2770 κοσμικοῢ.
1525 2700 1652 2752 Ἐὰν
1687 2700 1721 2769 ἡ
1773 2698 1868 2751 τοῦ

281 2789 565 2858 σχήματος
620 2792 872 2861 σημαησία
927 2793 1052 2846 ἀντὶ
1100 2793 1438 2847 τελειοποιοῦ
1501 2793 1871 2862 ἀποκάρσεως

281 2880 553 2950 exuens,
587 2881 809 2951 νοηθείη
842 2883 936 2935 καὶ
966 2884 1027 2935 τὸ
1057 2884 1114 2935 εὐ
1130 2884 1426 2952 αγγελικὺν
1478 2887 1632 2956 ῥῆμα
1693 2886 1768 2957 (8)
1807 2887 1869 2940 τὸ

281 2976 464 3042 λέγον,
521 2976 780 3044 Παράγει
808 2974 920 3046 γὰρ
946 2976 1013 3030 τὸ
1044 2976 1258 3046 σχῆμα
1295 2978 1404 3031 τοῦ
1448 2980 1686 3050 κόσμου
1729 2982 1870 3036 τού-

284 3085 415 3133 του,
458 3069 538 3131 εἰς
589 3069 955 3141 ἀποκάρσεως
984 3072 1417 3140 σημαινόμενον,
1447 3072 1587 3142 ὅπερ
1636 3075 1866 3128 ἄτοπον.

300 3159 579 3223 Ὡσαύτως
628 3163 725 3212 καὶ
800 3163 889 3225 τὸ,
951 3163 1397 3234 Ἑσχηματίσατο
1477 3166 1685 3235 φιλίαν,
1753 3171 1869 3234 καὶ,

300 3253 740 3323 Ἐσχηματίσατο
777 3255 1231 3325 δικαιοπραγίαν,
1264 3258 1456 3312 καὶτὰ
1494 3260 1682 3314 λοιπά.
1732 3260 1877 3314 T013-

285 3364 398 3398 των
432 3348 491 3399 δὲ
528 3346 674 3401 οὕτω
706 3348 779 3418 μὴ
838 3349 1356 3421 ἑκλαμϐανομένων,
1385 3353 1559 3423 ἄραρε
1586 3353 1876 3421 μοναδικὸν

285 3433 427 3491 εἶναι
460 3439 648 3508 σχῆμα
683 3440 758 3510 μὴ
788 3439 954 3507 μόνον
975 3441 1072 3494 τὸν
1110 3444 1250 3511 μετὰ
1278 3444 1642 3514 ἀποκὰρσεως
1695 3462 1868 3514 μετα-

288 3534 699 3600 σχηματισμὸν,
733 3532 871 3587 ἀλλά
898 3536 994 3587 καὶ
1020 3534 1112 3589 τὸν
1141 3535 1210 3587 δι’
1251 3536 1499 3605 ἐσθήτων
1560 3538 1871 3607 μοναδικῶν

291 3627 744 3697 μεταμφιασμόν.
779 3626 902 3690 Πῶς
928 3627 983 3678 δέ
1008 3644 1093 3690 τις
1123 3629 1493 3699 ἀπροσπαθὴς
1538 3630 1872 3699 διαγνώμων

287 3723 421 3793 εἴπῃ
450 3722 638 3792 σχῆμα
677 3721 971 3791 μοναδικὸν
999 3719 1145 3776 εἶναι
1175 3724 1274 3793 τὴν
1306 3722 1520 3776 τελείαν
1543 3724 1875 3793 ὀιπόκαρσιν,

285 3815 389 3881 τῆς
424 3813 823 3884 διαληφθείσης
857 3812 1297 3866 ’ἰούστινιανείου
1333 3813 1557 3882 Νεαρᾶς
1607 3811 1879 3883 λεγούσης

286 3907 624 3971 κολάζεσθαι
658 3906 751 3959 τὸν
785 3907 928 3960 κατὰ
987 3906 1191 3975 μίμους
1214 3904 1556 3975 ὲμπαίζοντα
1597 3902 1660 3956 τὸ
1713 3920 1881 3974 μονα-

286 3999 436 4053 δικὸν
488 3998 848 4069 ὁπωσδήποτε
899 3998 1126 4068 σχῆμα;
1189 3999 1253 4050 Ei
1315 3998 1436 4051 κατ’
1498 3993 1699 4060 αὐτοὺς
1751 3997 1883 4059 τοὺς

289 4091 622 4159 φιλομαθεῖς
654 4074 883 4161 νοηθείη¹
912 4092 945 4162 ἡ
984 4091 1233 4157 σημασία
1262 4090 1357 4143 τοῦ
1388 4084 1490 4159 ait]
1503 4107 1698 4160 ματος,
1746 4090 1876 4160 εῖπῃ

288 4204 376 4248 τις
405 4187 624 4249 πάντως
650 4186 897 4250 καὶτοὺς
918 4185 1291 4255 ἀκειροκόμας
1330 4185 1531 4254 μίμους
1562 4185 1655 4237 καὶ
1707 4183 1880 4253 ὀρχη·

289 4281 447 4341 στας,
471 4279 598 4343 τοὺς
616 4281 737 4342 ταῖς
768 4280 944 4348 θριξὶν
979 4279 1470 4350 ὲπιγαννυμένους,
1499 4278 1530 4348 ἦ
1564 4279 1658 4330 ἐπὶ
1683 4280 1749 4347 τῇ
1782 4278 1882 4346 τῆς

289 4374 542 4444 κεφαλῆς
575 4375 740 4445 νοερᾷ
769 4376 1052 4446 τιμιότητι
1077 4374 1178 4440 τὴν
1200 4375 1570 4446 χρυσίζουσαν
1613 4372 1777 4441 τρίχα
1803 4371 1879 4441 t9)

294 4468 441 4517 κατὰ
479 4465 717 4535 μίμησιν
761 4467 1214 4536 ἀποκείρεσθαι·
1246 4469 1343 4521 καὶ
1399 4467 1495 4519 τὸν
1549 4465 1688 4536 χθὲς⁸
1736 4464 1880 4534 ὑπὲρ

1904 3213 1947 3273 C

1973 1938 2071 1994 sed
2099 1937 2555 1992 monachicornm
2587 1937 3038 1991 indumentorum
3095 1937 3353 1989 amictus.
3408 1931 3558 1984 Duos

1974 2047 2213 2096 namque
2239 2031 2464 2086 habitus
2497 2029 2772 2100 prOponit,
2814 2028 3139 2083 saecularem
3171 2037 3226 2082 et
3257 2024 3557 2079 monacha-

1973 2126 2103 2189 lem,
2141 2124 2346 2193 aitque,
2399 2132 2528 2177 ante
2563 2121 2861 2176 triennium
2914 2120 3190 2175 neminem
3250 2117 3561 2171 monastico

1975 2216 2162 2271 habitu
2198 2214 2415 2277 donari,
2453 2213 2564 2268 nisi
2596 2213 2740 2269 siin
2799 2210 3081 2267 mundano
3139 2209 3329 2263 habitu
3392 2208 3557 2261 vitam

1974 2309 2235 2364 monachi
2274 2308 2585 2379 peregerit;
2617 2316 2750 2361 tunc
2778 2306 2929 2361 cnim
2955 2308 3226 2361 semestre
3249 2315 3463 2371 tempus
3493 2305 3560 2353 ad

1975 2403 2348 2473 probationem
2382 2401 2774 2457 suffecturum.

2046 2516 2134 2570 15.
2174 2515 2370 2569 Dicant
2404 2529 2535 2583 ergo
2576 2513 2680 2581 ipsi
2716 2527 2827 2582 quo
2883 2510 3044 2566 modo
3099 2510 3323 2564 habitus
3381 2518 3564 2562 trans~

1974 2608 2231 2663 formatio
2259 2609 2312 2662 in
2345 2615 2630 2661 tonsuram
2667 2603 3008 2675 accipietur?
3048 2620 3169 2658 cum
3209 2602 3371 2656 etiam
3401 2601 3562 2655 habi-

1975 2711 2064 2756 tus
2094 2701 2360 2755 mundani
2399 2714 2575 2752 canon
2610 2698 2942 2751 meminerit.
2996 2696 3052 2750 Si
3100 2695 3321 2749 habitus
3351 2694 3564 2748 notatio

1975 2810 2077 2865 pro
2114 2804 2337 2848 tonsura
2358 2792 2718 2861 perfectionis
2757 2789 3033 2844 cll‘ectrice
3067 2804 3161 2844 seu
3199 2798 3566 2843 Conscct‘ante

1976 2897 2259 2951 sumatur,
2293 2886 2425 2940 illud
2454 2901 2675 2955 quoque
2707 2883 3083 2952 evangelicum
3114 2882 3318 2936 dictum
3352 2899 3364 2933 :
3401 2880 3565 2933 Prw-

1977 2984 2095 3035 (erit
2125 2981 2262 3034 enim
2311 2979 2486 3048 ﬁgura
2518 2978 2677 3046 Imjus
2721 2975 2948 3029 mundi"
2981 3014 2995 3038 ,
3055 2973 3109 3027 in
3165 2970 3567 3042 signiﬁcatione

1976 3084 2219 3129 tonsura;
2250 3070 2618 3140 intelligatur;
2657 3070 2801 3138 quod
2830 3067 3129 3122 absurdum
3159 3074 3265 3120 est.
3305 3062 3568 3117 Similiter

1978 3183 2106 3221 cum
2134 3167 2296 3235 vulgo
2330 3165 2560 3226 dicitur,
2581 3162 2855 3217 Amicitiae
2889 3160 3138 3213 habitum
3187 3173 3298 3226 pm
3330 3172 3389 3209 so
3421 3154 3566 3217 tulit,

1984 3261 2208 3328 liguram
2250 3266 2306 3311 et
2359 3256 2606 3310 habitum
2648 3254 2807 3323 iusta:
2861 3254 3095 3307 artionts
3146 3248 3460 3320 praetexuit,
3515 3254 3573 3299 et.

1982 3354 2215 3420 reliqua.
2249 3349 2381 3419 Qua:
2411 3349 2676 3418 quoniam
2706 3348 2784 3399 ita
2821 3360 2929 3399 non
2955 3344 3322 3412 accipiuntur,
3349 3347 3572 3393 constat

1984 3445 2365 3502 monacltalem
2441 3442 2690 3495 babitum
2746 3454 2911 3497 esse.
2969 3452 3079 3491 non
3124 3434 3286 3488 modo
3346 3431 3569 3485 habitus

1981 3536 2526 3607 transﬂgurationem
2563 3548 2689 3585 cum
2723 3539 2974 3589 tonsura.
3009 3526 3104 3581 sed
3140 3527 3303 3581 etiam
3337 3539 3433 3593 per
3477 3538 3570 3575 ve-

1981 3640 2095 3687 stes
2126 3630 2458 3683 monasticas
2480 3625 2714 3679 amictus
2754 3620 3240 3690 permutationem.
3287 3615 3402 3681 Qua
3440 3627 3572 3667 veto

1982 3723 2199 3776 ratione
2232 3719 2360 3788 quis
2386 3716 2588 3769 affectu
2623 3726 2820 3767 carens
2854 3709 3189 3777 dijudica-tor
3221 3706 3423 3759 dixerit
3472 3705 3572 3757 ita-

1982 3816 2159 3872 bitum
2191 3809 2578 3866 monachicum
2612 3820 2736 3860 esse
2779 3802 3077 3873 perfectam
3111 3808 3420 3859 tonsuram,
3445 3809 3569 3848 cum

1983 3909 2150 3963 citata
2184 3903 2484 3961 Justiniani
2518 3902 2741 3957 Novella
2784 3899 2969 3971 puniri
3011 3898 3158 3952 dicat
3189 3911 3315 3949 eunt
3358 3894 3450 3962 qui
3491 3893 3574 3944 in.

1984 4011 2098 4057 star
2127 4001 2424 4054 mimorum
2473 3998 2528 4051 in
2581 3994 2966 4050 monachicum
3015 3992 3263 4046 habitum
3312 3987 3577 4057 qualiter-

1985 4111 2203 4165 cunque
2254 4093 2480 4148 illudit?
2532 4089 2589 4145 Si
2623 4084 2927 4145 secundum
2964 4088 3113 4156 ipsos
3145 4082 3393 4138 discendi
3422 4082 3577 4149 cupi-

1985 4192 2084 4246 dos
2104 4190 2326 4245 habitus
2350 4185 2679 4258 signiﬁcatio
2703 4176 3275 4251 intelligatur-,tlixcrit
3297 4175 3571 4245 quispiam

1985 4284 2232 4349 omnino,
2271 4283 2436 4336 etiam
2497 4280 2745 4332 intonsos
2796 4277 2990 4328 mimos
3021 4281 3075 4326 et
3108 4273 3422 4335 saltatores,
3480 4264 3573 4334 qui

1984 4378 2202 4448 capillis
2228 4375 2404 4446 magis
2430 4374 2738 4437 exsultant,
2782 4384 2947 4439 quam
2986 4366 3326 4433 intelligente
3370 4361 3573 4429 capitis

1987 4471 2333 4533 excellentia,
2373 4468 2631 4537 capillum
2665 4465 2816 4520 aurei
2850 4461 3053 4516 coloris
3086 4474 3182 4529 per
3208 4457 3575 4512 imitationem

290 4558 519 4628 χρυσίον
553 4557 691 4612 πολὺ
724 4560 819 4612 καὶ
845 4558 1110 4623 τοπάζιον
1140 4560 1240 4626 τῆς
1285 4561 1534 4631 κορυφῆς
1576 4557 1871 4626 ἀγαπῶντα

1989 4563 2323 4628 detondere;
2389 4574 2631 4628 eumque
2691 4557 2780 4611 cui
2837 4553 2951 4609 lteri
3031 4553 3324 4621 plusquam
3376 4558 3577 4599 aurum

290 4650 400 4722 τὴν
447 4651 733 4722 τρίχωσιν,
785 4652 994 4715 ὀϐολοῖς
1034 4653 1258 4716 λεπτοῖς
1305 4655 1479 4723 αὐτὴν
1524 4652 1882 4724 προϊέμενον,

292 4745 568 4798 καὶκατὰ
629 4744 934 4814 μαστιγίας
983 4745 1409 4815 πολιτευόμενον
1445 4762 1458 4779 ·
1511 4746 1650 4815 ὅπερ
1703 4746 1885 4799 πᾶσαν

292 4839 626 4910 ὑπερόαίνει
655 4839 818 4908 λόγου
848 4839 1088 4913 σαθρότη
1100 4857 1185 4894 τα.

374 5034 459 5092 ιδ’.
483 5037 786 5105 Συνάγεται
813 5038 998 5092 τοίνυν
1034 5036 1094 5104 ἐξ
1135 5038 1351 5110 ἀληθῶν
1390 5041 1483 5095 καὶ
1542 5045 1883 5117 ἀναντιρρή-

291 5148 407 5185 των
434 5131 759 5201 προτάσεων
789 5132 863 5202 μὴ
902 5132 1063 5203 μόνον
1096 5132 1196 5202 τὴν
1239 5134 1606 5203 ἀδοκίμαστον
1636 5138 1885 5209 ἁπόκαρ-

296 5242 387 5279 σιν
434 5226 541 5279 ἀπὸ
566 5224 662 5278 τοῦ
684 5225 910 5290 κανόνος
942 5224 1296 5291 κολάζεσθαι,
1320 5228 1455 5282 ἀλλὰ
1477 5230 1571 5282 καὶ
1596 5230 1760 5283 αὐτὸν
1795 5231 1886 5285 τὸν

297 5335 848 5390 μετασχηματισμον.
886 5319 995 5373 Καὶ
1033 5318 1272 5391 ὥσπερὸ
1302 5319 1510 5385 τελείας
1543 5320 1722 5393 τυχὼν
1753 5325 1890 5378 ἁπο-

373 5456 432 5510 ⁸1
458 5457 588 5540 Gor.
618 5473 717 5526 vn,
746 5458 836 5514 '51.

376 5605 452 5675 (8)
484 5601 899 5675 Εὐαγτεᾷικὸν
923 5600 1486 5675 ρἧα.Ενιιηεοιὶιιιη
1510 5605 1576 5660 de
1602 5614 1716 5661 toto
1733 5604 1885 5661 Novo
1912 5620 1922 5632 '

296 5673 658 5798 Testi'ttttcttto
686 5673 892 5727 dictum
930 5675 1115 5728 notavi
1148 5673 1372 5728 olitu’ad
1405 5674 1707 5744 Epistulam
1755 5678 1884 5734 Cle-

301 5762 426 5801 tuen
457 5762 522 5800 IS.

378 5820 453 5889 t9)
487 5818 906 5886 Χρυσίζουσαι·
942 5819 1128 5887 τρίχα.
1174 5818 1232 5872 S.
1267 5819 1517 5874 Litinmn
1557 5819 1612 5873 S.
1650 5819 1875 5874 Boniti-

1983 4653 2214 4707 multum
2245 4664 2298 4706 et
2328 4651 2809 4719 tepaziutncarum
2840 4657 2956 4701 erat
2978 4642 3201 4699 verticis
3220 4640 3580 4709 capillamen-

1987 4752 2124 4805 tum,
2152 4743 2285 4796 illttd
2319 4741 2547 4795 minutis
2597 4740 2777 4793 obolis
2824 4737 3118 4803 deponere,
3158 4748 3221 4787 ac
3258 4733 3309 4785 iu
3356 4731 3576 4784 modum

1986 4836 2313 4907 ﬂugrimtttn)
2338 4834 2571 4906 degere:
2613 4832 2665 4887 id
2700 4830 2850 4903 quod
2887 4843 3107 4885 omnem
3139 4835 3437 4896 exsuperat
3461 4839 3582 4878 ser.

1987 4931 2169 4985 monis
2206 4928 2576 4999 putiditatem.

2056 5045 2144 5100 Η.
2185 5044 2371 5111 Itaque
2402 5057 2468 5096 ex
2502 5041 2672 5107 veris,
2729 5038 2895 5096 claris
2950 5047 3006 5091 et
3056 5032 3380 5092 indubitatis
3439 5047 3570 5101 pro-

1989 5138 2358 5210 positionibus
2411 5135 2713 5205 colligitur,
2772 5148 2884 5186 non
2935 5133 3113 5186 solum
3174 5128 3579 5195 inexploratznn

1987 5241 2273 5286 t0ttsuram
2305 5245 2333 5281 a
2362 5241 2576 5282 canone
2613 5224 2818 5295 puniri,
2849 5237 3037 5276 verum
3080 5221 3246 5275 etiam
3280 5219 3452 5289 ipsam
3489 5217 3584 5268 ha-

1989 5326 2139 5382 bitus
2203 5324 2583 5379 mutationem.
2628 5319 2693 5373 Et
2724 5315 3212 5389 quemadmodum,
3262 5314 3354 5384 qui
3406 5310 3586 5381 perfe—

1989 5609 2113 5664 cius
2163 5607 2449 5673 describit,
2496 5607 2712 5677 capillis
2751 5605 2904 5676 flavis
2945 5611 2996 5657 et
3034 5603 3237 5677 planis,
3277 5609 3583 5677 commisit:

1991 5684 2163 5734 canis.
2199 5680 2273 5734 Ita
2301 5681 2447 5735 enim
2486 5673 2606 5734 meo
2636 5673 2848 5747 judicio
2891 5673 3300 5729 etnemlaudntn
3355 5680 3438 5725 est
3471 5673 3588 5725 val-

1992 5770 2112 5807 "£18.
