4066 6398
549 330 686 400 1375

1736 336 2013 399 ΤΗΕΟΒ.
2056 337 2547 405 BALSAMONIS

3647 338 3785 410 1376'

541 459 686 505 ctam
741 456 1040 513 tonsuram,
1105 453 1235 505 ante
1288 450 1508 505 triennii
1576 458 1840 506 statutum
1899 462 2116 523 tempus

2229 453 2468 524 ιιάρσεως
2500 455 2608 526 πρὸ
2633 455 2734 528 τῆς
2766 455 3013 527 τριετοῦς
3063 457 3403 529 προθεσμίας
3469 459 3530 511 οὐ
3581 477 3771 529 συγχω-
3808 468 3814 474 “

541 550 876 597 consecutus
909 549 1015 607 est,
1051 539 1442 611 prolessiOnem
1496 542 1807 612 repudiare,
1845 546 1902 600 et
1932 547 1999 598 ad
2032 543 2117 598 vi-

540 643 653 688 tam
686 633 1003 690 saecularem
1049 634 1249 705 reverti
1299 641 1565 704 praetextu
1617 644 1859 690 tonsura;
1909 650 2119 704 nequa-

541 741 704 796 quam
737 728 1038 791 canonicaa,
1072 742 1178 781 non
1219 727 1576 796 permittitur,
1616 728 1710 784 sed
1733 728 1893 784 alteri
1925 743 2117 784 mona-

541 819 711 873 sterio
736 817 883 885 quod
932 818 1277 887 disciplinam
1345 829 1594 874 exactam
1647 821 1897 876 observet
1951 820 2121 875 tradi-

542 919 671 975 tur;
709 911 781 963 ita
809 910 901 978 qui
949 926 1133 964 rasum
1166 911 1418 979 gestavit,
1470 920 1598 967 ante
1654 913 1947 967 triennium
2004 928 2115 969 non

540 1001 888 1063 exaudietur,
947 1002 994 1056 si
1042 1002 1241 1058 dixerit
1298 1020 1313 1057 :
1373 1003 1635 1058 Ptenituit
1686 1018 1824 1069 me;
1899 1003 2116 1060 videtur

540 1094 685 1146 enim
713 1093 842 1146 mihi
876 1095 1001 1148 vita:
1032 1096 1347 1150 monasticae
1395 1110 1535 1150 onus
1583 1096 1967 1163 gravissimum
1996 1135 2012 1160 ,
2049 1112 2114 1150 ac

540 1185 688 1237 velut
732 1185 949 1254 pondus
1000 1187 1367 1254 ahjurandum
1424 1198 1479 1241 et
1534 1185 1908 1256 refugiendum
1940 1206 1954 1242 :
1992 1188 2117 1242 volo

540 1275 709 1341 igitur
742 1278 937 1331 animm
986 1291 1155 1333 ratem
1184 1295 1293 1334 non
1334 1279 1570 1350 amplius
1627 1282 1867 1350 pondere
1920 1296 2115 1335 mona-

540 1368 658 1422 stici
688 1375 864 1423 status
893 1369 1197 1440 submergi,
1256 1372 1349 1426 sed
1382 1388 1503 1427 cum
1548 1373 1706 1454 laicis
1727 1374 1862 1429 velis
1920 1375 2110 1431 attolli.

539 1459 735 1513 Audiet
794 1462 971 1528 potius
1005 1480 1020 1516 :
1051 1462 1272 1519 Licebat
1306 1465 1427 1540 tibi.
1448 1481 1571 1519 cum
1629 1465 1954 1521 Prometheo
2001 1468 2115 1522 haec

542 1549 692 1618 prius
722 1552 1096 1619 considerare,
1127 1564 1183 1610 et
1221 1556 1277 1609 in
1327 1556 1520 1611 habitu
1568 1556 1695 1611 laici
1755 1557 2113 1614 sulIicientem

539 1640 735 1697 virium
755 1650 972 1697 tuarum
996 1646 1374 1713 probationem
1396 1663 1460 1701 ac
1481 1648 1873 1717 experientiam
1897 1666 2112 1719 capere;

541 1734 670 1801 quia
702 1750 835 1791 vero
900 1746 1095 1806 sponte
1154 1737 1466 1806 probationi
1528 1743 1880 1806 renuntiasti,
1958 1742 2115 1796 habi-

2221 546 2391 617 ρεῖται
2415 546 2515 616 τὴν
2542 545 2817 618 διαγωγὴν
2852 548 3133 620 ἀθετῆσαι,
3178 551 3269 603 καὶ
3296 552 3374 614 είς
3404 551 3520 620 βίον
3575 569 3771 620 μετενε-

2217 635 2413 708 χθῆναι
2444 639 2708 710 κοσμικὸν
2744 637 2834 692 διὰ
2858 639 2959 711 τὴν
3005 644 3105 711 τῆς
3142 641 3499 695 ἁκανονίστου
3547 644 3773 709 ἀποκαρ-

2219 744 2356 790 σεως
2382 728 2677 799 πρόφασιν,
2706 730 2823 784 ἀλλ’
2848 732 2931 794 είς
2967 728 3153 802 ἕτερον
3204 736 3568 803 μοναστήριον
3614 751 3773 804 παρα-

2216 818 2419 873 δίδοται
2464 821 2755 892 μοναδικὴν
2777 822 3067 891 ἀκρίϐειαν
3091 825 3392 895 συντηροῦν
3416 840 3432 855 ”
3476 825 3616 878 οὕτω
3646 827 3773 879 καὶὸ

2218 911 2597 983 ρασοφορήσας
2624 913 2728 982 πρὸ
2755 915 2855 983 τῆς
2878 915 3117 984 τριετίας
3139 915 3240 967 οὐκ
3286 916 3774 987 είσακουσθὴσεται,

2216 999 2430 1070 λέγων*
2485 1003 2804 1073 Μετάμελος
2846 1004 3076 1073 γέγονα·
3117 1004 3392 1074 λογίζεται
3425 1009 3535 1076 γάρ
3600 1025 3684 1074 μοι
3726 1009 3779 1060 τὸ

2219 1095 2442 1165 φορτίον
2469 1094 2562 1151 τοῦ
2591 1097 2855 1166 μονήρους
2881 1098 2996 1167 βίου
3028 1097 3354 1169 βαρύτατον,
3374 1101 3474 1152 καὶ
3499 1094 3610 1151 οἷον
3630 1099 3723 1168 ἄχθ
3744 1119 3779 1161 ς

2217 1188 2538 1258 ἀπώμοτονσ
2570 1189 2707 1244 θέλω
2739 1189 2832 1244 οὖν
2859 1190 2934 1261 μὴ
2970 1191 3062 1242 ἐπὶ
3109 1190 3273 1242 πλέον
3328 1189 3780 1244 καταποντοῦσθαι

2215 1279 2313 1349 τὴν
2345 1279 2520 1351 ψυχὴν
2556 1281 2641 1353 [L.
2672 1283 2770 1353 τὴν
2797 1283 2899 1351 τῆς
2919 1282 3117 1354 ψυχῆς]
3154 1283 3357 1336 ὁλκάδα
3406 1283 3545 1351 μετά
3576 1282 3669 1334 τοῦ
3698 1282 3782 1350 βά-

2221 1388 2344 1441 ρους
2369 1372 2467 1442 τῆς
2501 1372 2794 1441 μοναδικῆς
2827 1373 3233 1435 καταστάσεως,
3261 1371 3398 1425 ἀλλὰ
3424 1371 3564 1441 μετὰ
3591 1371 3778 1424 λαῖκῶν

2217 1462 2438 1517 ὀθονίων
2471 1464 2916 1532 μετεωρίζεσθαι.
2945 1464 3196 1519 Ἀκούσει
3219 1464 3278 1517 δὲ
3312 1464 3517 1535 μᾶλλον
3537 1463 3612 1527 ὡς
3642 1461 3780 1532 Ἐξῆν

2218 1571 2301 1606 σοι
2322 1555 2458 1623 μετὰ
2473 1555 2807 1624 Προμηθέως
2823 1554 2994 1609 ταῦτα
3005 1556 3536 1625 πρώιασκέψασθαι,
3548 1558 3641 1607 καὶ
3660 1555 3781 1622 μετὰ

2218 1646 2498 1715 σχήματος
2529 1645 2720 1699 λαῖκοῦ
2740 1648 2840 1716 τῆς
2866 1648 3149 1717 δυνάμεώς
3171 1664 3268 1699 σου
3290 1647 3483 1700 λαϐεῖν
3526 1645 3782 1717 ἀρκοῦσαν

2216 1736 2444 1809 δομικὴν
2474 1742 2568 1792 καὶ
2598 1739 2927 1809 ἀπόπειραν·
2951 1740 3135 1792 ἑκοντὶ
3155 1739 3214 1793 δὲ
3235 1734 3301 1813 τῇ
3342 1738 3642 1808 δοκιμασίᾳ
3660 1740 3783 1791 ἀπο-

538 1835 768 1893 tumque
820 1828 1208 1882 monachorum
1274 1832 1640 1900 assumpsisti,
1706 1850 1814 1889 non
1872 1835 2108 1903 amplius

2229 1827 2531 1897 ταξάμενος,
2552 1832 2645 1883 καὶ
2667 1832 2806 1884 κατᾶ
2828 1832 3091 1901 μοναχοὺς
3112 1830 3780 1901 μετασχηματισθεὶς,οὖκ-

541 1925 770 1986 propter
795 1915 1139 1988 insipientem
1173 1930 1324 1975 tuum
1362 1920 1745 1992 Epimetheum
1784 1926 2123 1993 permitteris

539 2008 722 2062 redire
739 2010 902 2074 male,
931 2011 1073 2067 unde
1099 2011 1238 2066 bene
1257 2015 1472 2079 exiisti;
1507 2016 1601 2071 sed
1625 2018 1838 2087 cogeris
1864 2026 2120 2085 tanquam

539 2101 641 2154 hos
672 2100 788 2170 jugi
832 2103 1168 2172 inexpertus,
1191 2120 1492 2173 agnoscere
1540 2123 1913 2177 possessorem
1967 2119 2119 2163 tuum

542 2192 734 2259 Deum,
764 2201 819 2248 et
847 2203 1103 2264 tanquam
1161 2197 1349 2253 asinus
1402 2214 1642 2269 praesepe
1691 2201 1896 2255 domini
1936 2202 2065 2256 sui6
2105 2222 2120 2257 :

543 2285 688 2353 quod
717 2286 758 2339 si
791 2287 855 2341 ad
893 2287 1134 2342 debitum
1172 2304 1280 2343 non
1342 2293 1513 2360 probe
1568 2293 1909 2363 lideliterque
1971 2310 2121 2349 com-

544 2380 710 2447 ponis
746 2395 810 2433 ac
844 2381 990 2450 geris
1039 2390 1113 2449 te,
1169 2398 1349 2454 neque
1408 2384 1464 2439 in
1525 2387 1611 2440 via
1682 2388 2119 2443 testimoniorum

543 2479 761 2522 tuorum
795 2469 894 2527 das
951 2471 1373 2540 professionem,
1462 2475 1793 2545 episcopalis
1839 2477 2123 2532 sententia:

543 2562 908 2631 iurisilictioni
945 2564 1199 2630 traderis,
1232 2577 1345 2620 tum
1378 2568 1675 2638 conjiceris
1724 2570 1778 2623 in
1823 2587 2119 2627 carcerem.

544 2652 739 2714 Anien,
775 2653 945 2707 Amen
978 2654 1102 2708 dico
1150 2657 1270 2715 tibi.
1325 2671 1431 2709 non
1487 2660 1636 2712 cxies
1682 2660 1829 2723 inde,
1888 2661 1992 2715 nisi
2031 2664 2122 2715 ilc—

545 2742 800 2809 pOSltel'iS
830 2759 940 2812 quo
973 2744 1169 2799 reddas
1201 2746 1558 2800 novissimum
1589 2748 1949 2817 quadrantem
2001 2760 2121 2804 ton-

544 2833 746 2888 sume".

617 2968 706 3024 15.
752 2970 831 3023 Ad
867 2972 981 3025 haec
1011 2972 1193 3025 dicent.
1230 2991 1243 3027 :
1274 2974 1455 3040 Quare
1482 2992 1606 3030 cum
1635 2976 1892 3033 decernat
1918 2995 2116 3056 canOn,

546 3063 821 3117 nominem
855 3066 1040 3118 habitu
1075 3070 1271 3121 mutari
1307 3079 1431 3121 autc
1463 3071 1678 3123 triennii
1709 3080 2115 3141 transcursum,

2228 1923 2310 1975 ἐτι
2345 1922 2432 1975 διὰ
2463 1922 2552 1975 τὸν
2575 1922 2833 1976 ἀσύνετον
2866 1939 2960 1974 σου
3022 1922 3331 1993 Ἐπιμηθέα
3352 1921 3783 1994 παραχωρηθήσῃ

2228 2013 2570 2082 ὑποστρέψαι
2599 2013 2804 2078 κακῶς,
2830 2013 2952 2067 ὅθεν
2979 2013 3204 2082 ἐξῆλθες
3227 2013 3411 2077 καλῶς
3440 2030 3456 2045 ’
3496 2012 3609 2066 ἀλλ’
3633 2012 3782 2078 ἀναγ-

2228 2102 2502 2176 κασθήσῃ,
2535 2105 2607 2168 ὡς
2638 2105 2761 2174 βοῦς
2795 2107 3181 2176 ἁπειρόζυγος,
3210 2104 3519 2173 ἐπιγνῶναι
3550 2105 3641 2156 τὸν
3671 2120 3785 2165 κτη-

2236 2193 2475 2265 σάμενον
2510 2212 2569 2248 σε
2587 2194 2738 2260 Θεὸν,
2753 2199 2855 2251 καὶ
2877 2196 2951 2259 ὡς
2975 2197 3094 2261 ὄνος
3120 2197 3218 2268 τὴν
3247 2196 3460 2266 φάτνην
3484 2195 3576 2248 τοῦ
3598 2193 3785 2264 Κυρίου

2227 2286 2426 2338 αὐτοῦ·
2460 2288 2553 2340 καὶ
2588 2288 2635 2339 εί
2663 2287 2739 2357 μὴ
2768 2289 3106 2352 εὐσυνθετεῖς
3135 2290 3272 2358 πρὸς
3304 2287 3368 2339 τὺ
3410 2287 3650 2356 ὄφλημα.
3686 2302 3781 2353 μη-

2222 2376 2280 2429 δὲ
2307 2375 2464 2439 δίδως
2489 2379 2547 2429 ὲν
2565 2379 2631 2447 τῇ
2654 2376 2756 2446 6δῷ
2777 2379 2883 2431 τῶν
2908 2377 3224 2448 μαρτυρίων
3249 2394 3343 2430 σου
3379 2378 3441 2430 τὸ
3456 2373 3783 2444 ἐπάγγελμα,

2226 2467 2584 2538 παραδοθήσῃ
2609 2470 2677 2536 τῇ
2713 2467 3044 2537 δικαιοδοσίᾳ
3073 2467 3180 2536 τῆς
3229 2467 3601 2536 ὲπισκοπικῆς
3661 2466 3781 2517 ἀπο-

2224 2559 2459 2627 φάσεως,
2493 2562 2585 2611 καὶ
2614 2558 2934 2630 ἐμϐληθήσῃ
2962 2562 3040 2624 είς
3074 2558 3346 2629 φυλακήν.
3387 2558 3587 2628 ’Λμὴν,
3632 2553 3788 2625 Ἀμὴν

2224 2652 2369 2719 λέγω
2428 2669 2531 2717 σοι,
2579 2654 2639 2706 οὐ
2689 2654 2764 2721 μὴ
2818 2653 3043 2723 ἐξέλθῃς
3104 2652 3338 2717 ἐκεῖθεν,
3373 2653 3449 2715 ξεί
3494 2650 3569 2722 μὴ
3597 2646 3789 2717 κατάθῃ

2226 2745 2523 2799 ἀποδοῦναι
2566 2745 2657 2798 τὸν
2687 2743 2915 2813 ἔσχατον
2944 2743 3248 2815 κοδράντην
3288 2743 3397 2815 τῆς
3429 2743 3788 2812 ἁποκάρσεως.

2297 2976 2378 3025 ιε’.
2426 2969 2550 3024 Ἐπὶ
2592 2969 2803 3032 τούτοις
2853 2967 3057 3037 ὲροῦσι,
3111 2967 3223 3021 Καὶ
3268 2964 3390 3028 πῶς
3453 2962 3548 3018 τοῦ
3590 2960 3789 3021 κανόνος

2222 3065 2596 3135 διοριζομένου
2637 3062 2713 3133 μὴ
2764 3058 3344 3132 μετασχηματίζεσθαι
3386 3076 3515 3113 τινα
3565 3057 3670 3127 πρὸ
3710 3051 3789 3107 τοῦ

550 3153 645 3222 qui
679 3154 840 3209 hodie
869 3170 961 3223 per
994 3164 1170 3209 totum
1206 3159 1394 3211 orbem
1437 3169 1707 3214 terrarum
1770 3164 2123 3219 monasteriis

2229 3156 2468 3224 τριετίαν
2504 3153 2909 3225 παραδραμεῖν,
2931 3153 2980 3203 οἱ
3010 3152 3251 3221 σήμερον
3274 3148 3421 3202 κατὰ
3467 3151 3646 3201 πᾶσαν
3701 3144 3788 3213 τὴν

548 3256 811 3315 praesunt,
843 3263 937 3302 eos
968 3250 1058 3316 qui
1085 3250 1353 3303 accedunt
1383 3252 1449 3304 ad
1481 3251 1651 3320 ipsos,
1699 3253 1909 3322 absque
1958 3256 2119 3313 unius

547 3339 662 3393 fere
694 3340 799 3393 diei
827 3339 879 3392 in
913 3341 1212 3394 monastica
1242 3341 1356 3396 vita
1389 3359 1566 3408 mora,
1612 3360 1719 3399 non
1769 3347 1947 3407 solum
2001 3349 2122 3405 sine

549 3431 791 3494 delectu,
829 3432 1016 3485 habitu
1047 3440 1102 3486 et
1151 3433 1369 3488 nomine
1398 3435 1506 3490 alio
1549 3436 1775 3502 donant,
1814 3439 1909 3493 sed
1956 3441 2120 3495 etiam

549 3537 644 3592 per
677 3511 954 3575 tonsuram
985 3524 1350 3578 consecrant?
1386 3523 1441 3579 Si
1469 3526 1636 3580 verba
1667 3531 1894 3583 canonis
1922 3532 2113 3586 intelli-

549 3621 752 3681 guntur
803 3614 1261 3685 accipiunturque
1327 3619 1472 3672 sicut
1529 3635 1696 3688 supra
1752 3622 1961 3675 dictum
2018 3631 2121 3685 est,

548 3705 948 3758 monachorum
982 3707 1256 3776 praepositi
1289 3725 1385 3763 eos
1435 3711 1526 3779 qui
1560 3711 1613 3764 in
1661 3713 2003 3768 monasterio
2030 3730 2126 3783 per

547 3805 751 3849 statum
785 3798 1153 3852 monasticum
1207 3802 1556 3866 commorari,
1605 3806 1882 3873 vitamque
1933 3821 2123 3861 monac

547 3888 779 3943 chorum
807 3891 1008 3946 ducere
1044 3894 1414 3960 postulabant,
1441 3896 1754 3951 debuerunt
1781 3912 1891 3952 non
1921 3899 2127 3967 absque

549 3983 719 4036 multa
744 3982 1106 4052 inquisitione
1140 3984 1452 4050 admittere,
1498 3997 1554 4041 at
1610 3988 1938 4042 canonicum
1999 4004 2129 4042 ora-

548 4075 728 4129 culum
770 4076 1024 4140 edocere,
1085 4091 1150 4131 ac
1176 4077 1507 4132 demandare
1530 4087 1587 4133 ut
1611 4094 1736 4134 cum
1767 4080 1908 4137 laico
1935 4081 2126 4136 habitu

550 4169 701 4236 prius
753 4177 1168 4235 exercerentur,
1219 4172 1406 4240 sicque
1461 4180 1649 4239 postea
1715 4173 1888 4227 instar
1936 4189 2131 4229 mona-

555 4258 783 4310 chorum
825 4268 1028 4312 mutata
1080 4271 1234 4315 veste
1286 4260 1692 4317 induerentur:
1737 4277 1847 4330 quo
1900 4265 2134 4319 nullate-

559 4361 666 4400 nus
705 4362 803 4415 per
859 4349 1006 4416 ipsos
1052 4347 1215 4412 facto,
1268 4349 1306 4403 ii
1362 4350 1458 4416 qui
1510 4366 1634 4405 rasa
1687 4353 1984 4409 induerunt
2035 4369 2133 4423 spe

554 4438 899 4507 probationis
933 4454 996 4492 ac
1055 4439 1448 4508 resipiscentia:
1493 4441 1780 4499 allevantis
1846 4444 2129 4515 inceptum

554 4531 701 4599 quod
738 4531 880 4586 vires
908 4530 1159 4595 excedat,
1206 4531 1421 4586 veniam
1476 4543 1534 4586 ut
1571 4536 1745 4605 culpae
1774 4551 1886 4590 non
1943 4538 2135 4593 amnes
2165 4515 2215 4576 D

553 4624 948 4689 merebuntur;
994 4624 1272 4694 praepositi
1335 4639 1463 4679 vero
1514 4634 1570 4679 et
1625 4638 2003 4698 susceptores,
2042 4625 2142 4699 qui

554 4714 728 4769 divini
765 4716 1000 4771 canonis
1026 4719 1358 4772 sententiam
1396 4719 1700 4785 violarunt,
1756 4723 1936 4789 pmnis
1972 4737 2144 4776 cano-

551 4805 692 4864 nicis
725 4809 1120 4877 subjicientur.

626 4946 712 4999 l6.
750 4947 989 5001 Audiant
1019 4962 1150 5018 ergo
1183 4949 1345 5003 etiam
1380 4950 1448 5004 ad
1483 4950 1596 5005 haec
1621 4991 1636 5015 ,
1673 4951 1957 5006 laudatum
2014 4953 2138 5020 qui-

552 5036 676 5091 dem
702 5041 932 5094 canonis
985 5040 1268 5095 decretum
1327 5050 1393 5096 et
1446 5045 1755 5108 oraculum,
1825 5054 1974 5099 recte
2038 5046 2131 5100 Dei

556 5131 735 5197 gratia
780 5131 1111 5186 elucidatum
1167 5133 1339 5189 fuisse
1393 5150 1457 5190 ac
1515 5136 1974 5205 interpretatum':
2015 5152 2135 5191 mo-

556 5221 925 5275 nasteriorum
953 5233 1134 5279 autem
1169 5227 1497 5295 praepositos
1558 5229 1694 5281 nihil
1744 5228 1903 5298 plane
1958 5228 2136 5283 facere

557 5312 703 5382 quod
738 5328 844 5367 non
895 5315 967 5369 sit
1019 5318 1367 5381 canonicum,
1425 5334 1599 5388 neque
1628 5319 1881 5374 Patribus
1940 5321 2135 5374 adver-

557 5405 693 5471 sari,
730 5406 859 5461 dum
886 5408 1210 5464 accedentes
1245 5410 1310 5464 ad
1341 5425 1455 5474 eos,
1492 5410 1642 5466 illico
1669 5411 1721 5463 in
1759 5412 2133 5466 nionachaleni

564 5497 809 5551 habitum
849 5497 1262 5563 transformant,
1316 5510 1411 5553 aut
1454 5515 1551 5569 per
1600 5507 1883 5556 tonsuram
1940 5518 2138 5557 conse-

558 5598 741 5644 crant.
779 5590 1119 5661 Caputenitn
1156 5594 1377 5647 tertium
1405 5592 1572 5662 primi
1610 5594 1752 5649 tituli
1800 5595 1922 5650 libri
1961 5596 2136 5666 quarti

644 5767 665 5796 '
696 5766 801 5821 lsa.
843 5785 881 5836 ι,
917 5771 969 5822 5.
1047 5770 1065 5800 ⁷
1102 5770 1297 5824 Matth.
1330 5786 1453 5832 xxv,
1493 5770 1579 5823 9.6.

2227 3246 2550 3313 οἰκουμένην
2612 3241 3074 3313 ήγουμενεύοντες
3152 3242 3281 3302 τοὺς
3328 3240 3789 3311 προσερχομένους

2228 3339 2431 3401 αὐτοῖς,
2460 3337 2595 3407 μηδὲ
2633 3334 3103 3406 διημερεύσαντας
3152 3333 3339 3404 σχεδὸν
3398 3334 3484 3397 είς
3533 3327 3787 3383 πολιτείαν

2234 3431 2551 3500 μοναδικὴν,
2590 3428 2651 3482 οὐ
2693 3428 2856 3497 μόνον
2900 3425 3390 3497 ἁποκριματίστως
3442 3436 3782 3495 μετασχημα-

2230 3525 2442 3590 τίζουσι
2469 3524 2563 3578 καὶ
2604 3522 3088 3593 μετονομάζουσιν,
3114 3520 3250 3576 ἀλλὰ
3279 3521 3376 3574 καὶ
3405 3512 3784 3573 τελειοποιοῦσι

2230 3618 2298 3671 δι’
2327 3617 2688 3686 ἀποκάρσεως
2713 3632 2728 3681 ;
2764 3616 2827 3668 Et
2854 3615 2926 3667 τὰ
2955 3613 3051 3667 τοῦ
3068 3615 3299 3683 κανόνος
3324 3612 3574 3667 νοοῦνται
3598 3610 3686 3664 καὶ
3712 3610 3794 3659 ὲκο

2230 3710 2599 3780 λαμϐάνονται
2634 3706 2815 3770 καθὼς
2847 3705 3055 3760 ἄνωθεν
3076 3707 3316 3777 εῐρηται,
3351 3703 3585 3773 ὥφειλον
3612 3703 3659 3754 οί
3687 3699 3782 3752 τῶν

2237 3802 2519 3873 μοναστῶν
2535 3801 2846 3872 καθηγηταὶ
2875 3799 3001 3862 τοὺς
3038 3798 3337 3870 ζητοῦντας
3395 3797 3486 3850 διὰ
3518 3792 3787 3856 μοναδικῆς

2237 3894 2625 3957 καταστάσεως
2651 3895 2709 3947 ὲν
2747 3895 2880 3963 μονῇ
2909 3891 3226 3963 διατρίϐειν,
3263 3890 3359 3944 καὶ
3382 3889 3527 3944 κατά
3552 3885 3793 3958 μοναχοὺς

2237 3983 2641 4048 πολιτεύεσθαι,
2664 3982 3253 4052 ἀπολυπραγμονὴτως
3283 3980 3357 4051 μὴ
3388 3976 3790 4050 παραδέχεσθαι,

2237 4079 2353 4132 ἀλλ’
2380 4077 2757 4133 ἀναδιδάσκειν
2778 4078 2841 4128 τὸ
2870 4075 3155 4129 κανονικὸν
3179 4073 3561 4143 θεσπιῴδημα,
3581 4070 3669 4125 καὶ
3692 4070 3792 4120 ἐπι-

2234 4169 2457 4238 τρέπειν
2487 4168 2625 4237 μετὰ
2648 4166 2836 4220 λαῖκοῦ
2859 4165 3127 4236 πρότερον
3161 4163 3546 4235 γυμνάζεσθαι
3596 4162 3790 4230 σχήμα-

2236 4278 2350 4323 τος,
2387 4260 2483 4313 καὶ
2520 4259 2663 4313 οὕτω
2693 4259 2837 4313 κατὰ
2880 4258 3152 4327 μοναχοὺς
3202 4251 3788 4328 μετασχηματίζεσθαι⁶

2239 4351 2480 4405 τοιούτου
2510 4350 2569 4403 δέ
2602 4366 2748 4413 τινος
2775 4349 2850 4419 μὴ
2873 4350 3158 4418 γινομένου
3188 4349 3318 4419 παρ’
3375 4348 3575 4409 αὐτῶν,
3624 4345 3673 4396 οἱ
3707 4342 3790 4410 μὲν

2245 4443 2744 4512 ῥασοφορήσαντες,
2776 4440 2951 4492 ἐλπίδι
3003 4438 3328 4507 δοκιμασίας
3379 4438 3479 4492 καὶ
3514 4431 3789 4506 μεταμέλου

2250 4532 2595 4602 κουφίζοντος
2625 4533 2687 4584 τὸ
2716 4531 2866 4600 παρὰ
2899 4530 3129 4600 δύναμιν
3152 4522 3787 4601 τόλμημα,συγγνωστὲυι

2246 4626 2320 4688 ὡς
2357 4624 2769 4690 ἁκατάγνωστοι
2793 4622 3009 4701 ἔσονται
3036 4637 3051 4652 ⁸
3075 4622 3125 4677 οἱ
3151 4623 3208 4676 δὲ
3229 4624 3328 4693 τὴν
3355 4621 3450 4675 τοῦ
3483 4620 3624 4674 θείου
3652 4613 3792 4669 κανόι

2245 4733 2334 4777 νος
2366 4712 2656 4783 περίληψιν
2680 4712 3050 4783 ἁθετήσαντες
3080 4710 3392 4781 καθηγηταὶ
3419 4709 3515 4763 καὶ
3568 4703 3790 4771 ἀνάδοχοι

2244 4807 2494 4869 εὐθύναις
2523 4807 2836 4867 κανονικαῖς
2869 4801 3471 4873 καθυποὸληθήσονται.
3826 4810 3830 4815 ‘

2317 4942 2414 5007 ις’.
2454 4942 2873 4996 Ἀκουσάτωσαν
2900 4940 3080 4992 τοίνυν
3108 4938 3204 4992 καὶ
3240 4938 3376 5008 πρὸς
3401 4936 3574 4990 ταῦτα
3620 4935 3691 4996 ὡς
3738 4928 3787 4980 τὸ

2238 5037 2337 5108 μὲν
2358 5035 2650 5105 διαληφθὲν
2679 5032 2957 5087 κανονικὸν
2980 5031 3339 5102 θεσπιῴδημα
3369 5029 3544 5092 καλῶς
3564 5022 3786 5094 διειρωτί-

2236 5129 2340 5196 σθη
2364 5129 2455 5181 καὶ
2483 5125 2806 5197 ἡρμηνεύθη
2835 5128 2901 5195 τῇ
2936 5127 3121 5195 χάριτι
3150 5124 3245 5178 τοῦ
3268 5122 3406 5176 Θεοῦ
3435 5139 3449 5154 -
3479 5123 3528 5174 οί
3554 5121 3608 5173 δὲ
3640 5115 3787 5182 καθη-

2234 5225 2400 5294 γηταὶ
2431 5224 2539 5273 τῶν
2566 5219 2943 5291 μοναστηρίων
2973 5218 3126 5271 οὐδέν
3176 5236 3229 5270 τι
3273 5213 3510 5269 ποιοῦσιν
3566 5214 3789 5264 ἁκανονι·

2237 5333 2383 5376 στον,
2411 5314 2533 5367 οὐδὲ
2563 5315 2673 5376 τοίς
2707 5312 2986 5382 Πατράσιν
3011 5309 3407 5374 ἐναντιοῦνται,
3435 5307 3561 5367 τοὺς
3586 5314 3791 5372 προςερο

2248 5409 2511 5478 χομὲνους
2546 5406 2729 5467 αὐτοῖς
2780 5402 3111 5457 ἀπεντεῦθεν
3152 5401 3294 5457 κατὰ
3340 5394 3601 5472 μοναχοῦς
3645 5404 3788 5461 μετα·

2249 5499 2698 5571 σχηματίζοντες,
2729 5497 2762 5567 ἢ
2793 5501 2885 5549 καὶ
2939 5491 3401 5555 τε-λειοποιοῦντες
3458 5491 3524 5542 δι’
3576 5481 3788 5585 ἀποκέξῐ

2252 5611 2406 5656 σεως.
2438 5593 2572 5660 Φησὶ
2601 5592 2708 5660 γὰρ
2730 5590 2787 5642 τδ
2819 5588 2866 5658 γ’
2894 5588 3188 5657 κεφάλαιον
3223 5586 3317 5643 τοῦ
3356 5594 3401 5641 α’
3446 5582 3619 5637 τίτλον
3645 5594 3727 5627 τω
3754 5586 3775 5620 9
