4066 6406
347 406 491 468 1377

1500 399 1629 456 EPl
1642 398 1747 456 ST.
1786 397 1883 456 DE
1916 394 2426 457 RASOPHORIS.

3462 400 3599 466 1373

352 522 559 594 βιΰλίου
587 517 695 570 τῶν
726 512 1052 578 Βασιλικῶν,
1084 512 1220 582 ὅπερ
1249 510 1378 563 ἐστὶ·
1404 509 1473 562 νδ⁹
1497 510 1609 580 (10)
1635 506 1926 576 κεφάλαιον

2031 507 2408 570 Basilicarum,
2439 505 2586 577 quod
2620 515 2705 560 est
2740 516 2904 577 caput
2950 507 3020 562 54
3073 507 3304 566 Novella:
3342 512 3444 566 125
3501 511 3604 568 Ju-

347 614 449 681 τῆς
499 616 616 682 ρκγ¹
678 605 1110 661 Ίουστινιανείου
1166 603 1421 672 Νεαρᾶς,
1474 599 1645 653 ταῦτα
1699 598 1877 669 ῥητῶς
1908 617 1922 631 ο

350 706 424 760 ΕΞ
449 721 540 769 τις
570 701 638 755 δὲ
665 703 749 766 εις
767 697 1104 769 μοναχικὸν
1132 694 1278 758 βίον
1305 690 1504 746 ἐλθεῖν
1562 690 1923 757 βουληθείη,

353 796 681 862 κελεύομεν
701 794 821 857 ἵνα,
857 789 1043 859 εἰμὲν
1078 786 1369 855 γνώριμός
1404 785 1591 860 ἐστιν,
1615 784 1705 836 ὅτι
1757 782 1927 836 οὐδε-

346 888 458 960 μιᾷ
496 889 649 957 τύχῃ
678 886 1022 949 ὑπόκειται,
1066 886 1099 937 ό
1131 882 1464 950 ἡγούμενος
1488 879 1595 933 τοῦ
1620 892 1929 947 por-utrm-

345 984 504 1050 ρίου,
540 979 639 1033 ὅτε
662 976 911 1044 συνίδῃ,
946 975 1015 1028 τὸ
1049 971 1262 1041 σχῆμα
1302 969 1462 1035 αὐτῷ
1492 969 1781 1037 παράσχῃ
1819 984 1832 997 ·
1875 967 1928 1019 εὶ

349 1074 417 1127 δὲ
443 1072 530 1141 μὴ
560 1069 902 1141 γνωρίζεται
934 1070 988 1120 εί
1021 1063 1344 1132 οίᾳδήποτε
1384 1063 1695 1117 ὑπόκειται
1746 1059 1926 1127 τύχῃ,

349 1165 523 1228 ἐντός
552 1162 733 1230 τριῶν
771 1157 1066 1214 ἐνιαυτῶν
1104 1157 1190 1225 μὴ
1237 1154 1448 1210 λαϐεῖν
1473 1153 1661 1209 αὐτὸν
1726 1152 1795 1205 τὸ
1823 1168 1929 1219 μο-

351 1256 608 1325 ναχικόν
630 1251 845 1322 σχῆμα
872 1268 887 1284 ·
923 1249 1060 1305 ἀλλ’
1082 1247 1256 1311 ἐντὸς
1289 1245 1396 1300 τοῦ
1423 1243 1741 1313 εἰρημένου
1793 1242 1930 1310 χρό⁸

350 1365 462 1403 νου
519 1345 943 1411 ἀποπειράσθω
1007 1339 1118 1407 τῆς
1185 1339 1401 1392 τούτου
1449 1332 1843 1402 ἀναστροφῆς
1894 1333 1927 1385 ὁ

350 1441 684 1508 ἡγούμενος
715 1437 955 1490 τούτου.
990 1433 1100 1485 Καὶ
1146 1432 1174 1483 ὁ
1218 1428 1317 1499 μὲν
1379 1427 1562 1481 κανὼν
1587 1426 1685 1494 τῆς
1736 1428 1793 1478 ὲν
1843 1422 1924 1493 τῷ

351 1532 604 1603 Τρούλλῳ
631 1531 742 1599 (H)
780 1528 1020 1587 συνόδου,
1043 1521 1413 1594 διοριζόμενος
1437 1518 1530 1571 τὸν
1558 1514 1927 1578 δωδεκαετοῦς

351 1627 569 1698 ἡλικίας
610 1622 722 1693 (Ιὲ)
785 1618 1077 1689 γενόμενον
1123 1610 1540 1681 ἀποκείρεσθαι,
1594 1608 1922 1679 προστίθησι

353 1717 506 1786 παρά
527 1714 607 1784 τῷ
636 1711 884 1784 προέδρῳ
916 1707 1134 1761 κεῖσθαι
1186 1705 1285 1775 τὴν
1320 1703 1515 1756 τούτου
1570 1699 1917 1771 δοκιμασίαν,

2033 598 2281 663 stiniani,
2316 600 2433 653 haec
2468 598 2534 653 ad
2576 599 2803 654 verbum
2832 600 3077 654 continet
3106 619 3118 653 :
3150 602 3350 672 Siquis
3391 616 3509 658 vero
3531 605 3603 659 ad

2028 692 2379 744 monasticam
2410 691 2575 745 vitam
2606 692 2730 746 velit
2765 693 3034 757 accedere,
3077 692 3323 761 jubemus
3357 706 3415 749 ut
3445 698 3493 751 si
3531 699 3602 750 sit

2025 782 2234 851 quidem
2266 793 2447 836 notum
2480 799 2595 837 eum
2626 784 2762 837 nulli
2793 800 2907 846 esse
2957 785 3247 838 conditioni
3279 787 3601 856 subjectum.

2028 876 2342 929 monasterii
2384 875 2686 945 pra'fectus,
2717 876 2931 946 quando
2962 878 3059 930 hoc
3083 881 3412 947 cognoverit,
3435 879 3607 947 litabi-

2028 978 2141 1020 tum
2181 968 2264 1020 illi
2302 967 2534 1038 prwbeat
2587 985 2606 1023 :
2654 971 2734 1023 sin
2785 983 2961 1024 autem
3018 973 3257 1026 nescitur
3296 988 3364 1026 an
3407 972 3504 1026 ulli
3532 974 3606 1027 sit

2031 1058 2323 1113 conditioni
2355 1058 2648 1127 subjectus,
2698 1060 2847 1114 intra
2890 1070 2994 1114 tres
3039 1078 3206 1116 annos
3253 1062 3608 1115 monasticam

2031 1150 2271 1205 habitum
2305 1167 2368 1206 ne
2399 1152 2625 1221 accipiat
2647 1169 2667 1214 ;
2693 1153 2784 1207 sed
2814 1154 2954 1207 intra
2993 1152 3191 1207 dictum
3237 1163 3459 1221 tempus,
3492 1153 3607 1222 ejus

2031 1241 2153 1295 vita:
2201 1242 2642 1306 conversationis,
2674 1243 2720 1296 is
2755 1244 2845 1312 qui
2900 1244 3066 1313 ipsius
3125 1244 3445 1314 hegumenus
3499 1254 3607 1308 est,

2031 1332 2324 1404 periculum
2359 1334 2554 1401 faciat.
2591 1334 2781 1389 Canon
2816 1351 3034 1405 quoque
3069 1335 3315 1390 Trullani
3364 1336 3605 1402 concilii,

2033 1424 2127 1494 qui
2169 1424 2360 1478 delinit
2413 1433 2472 1477 ut
2504 1423 2792 1480 duodecim
2854 1440 3031 1480 annos
3084 1433 3246 1480 natus
3293 1428 3607 1492 tondeatur,

2038 1517 2247 1586 adjicit,
2272 1517 2327 1571 in
2355 1526 2620 1587 potestate
2646 1518 2898 1588 praesidis
2918 1533 3040 1575 esse
3061 1519 3183 1588 ejus
3210 1518 3607 1588 probationem,

2031 1608 2079 1664 si
2112 1617 2332 1679 tempus
2358 1609 2409 1664 ei
2438 1608 2626 1678 augeri
2656 1608 3065 1665 conducibilius
3092 1607 3312 1664 duxerit
3337 1609 3403 1664 ad
3437 1610 3611 1664 intro.

2031 1702 2347 1758 ductionem
2378 1709 2433 1759 et
2463 1703 2916 1758 constitutionem
2952 1704 3007 1756 in
3038 1705 3147 1758 vita
3197 1703 3531 1758 monachali.

351 1813 400 1866 εί
425 1810 516 1863 τὸν
543 1806 735 1879 χρόνον
762 1802 911 1874 αύτῷ
948 1800 1251 1873 αὐξηθῆναι
1300 1800 1744 1871 λυσιτελέστερον
1770 1804 1987 1874 ἡγεῖται
2039 1803 2177 1873 πρὸς
2229 1803 2327 1873 τὴν
2377 1804 2435 1856 ὲν
2466 1803 2546 1874 τῷ
2577 1804 2825 1874 μονήρειι
2852 1802 2952 1873 βίῳ
2986 1801 3296 1870 εἰσαγωγὴν
3354 1804 3450 1856 καὶ¹
3508 1819 3610 1857 κα·

350 1902 635 1959 τάστασιν.

423 2045 511 2110 ιζ’.
556 2045 723 2099 Οὐδὲν
768 2045 948 2099 τοίνυν
996 2046 1226 2110 ἀπεικὸς
1276 2046 1398 2101 οὐδὲ
1455 2045 1811 2101 ἀκανόνιστον
1872 2043 1922 2096 oi

2103 2040 2192 2095 Π.
2260 2038 2407 2094 Nihil
2459 2053 2589 2109 ergo
2641 2038 2903 2095 indecens
2963 2046 3058 2095 aut
3116 2049 3305 2095 contra
3366 2056 3609 2100 canones

354 2138 667 2209 καθηγηταὶ
697 2138 1140 2207 διαπράττονται,
1167 2139 1293 2200 τοὺς
1316 2138 1792 2208 προσερχομένους
1823 2139 1925 2192 αὒ-

2031 2129 2494 2186 monasteriorum
2547 2129 2795 2200 praefeeti
2843 2139 3185 2201 perpetrant,
3239 2131 3466 2201 quando
3510 2147 3610 2188 eos

352 2233 466 2294 τοῖς
496 2228 1070 2301 μετασχηματίζοντες
1123 2227 1596 2292 ἀπεντεῦθεν,καὶ
1655 2228 1731 2301 μὴ
1788 2230 1927 2283 ἀνα-

2031 2224 2122 2293 qui
2157 2222 2427 2278 accedunt
2448 2222 2517 2278 ad
2546 2222 2717 2293 ipsos,
2745 2222 2947 2278 dehinc
2976 2222 3169 2277 habitu
3220 2232 3611 2289 transmutant,

358 2321 607 2390 μένοντες
635 2320 877 2387 τριετίαν
902 2318 1285 2388 παραδρομὴν.
1332 2317 1579 2388 Ἐνεδόθη
1602 2318 1714 2390 γὰρ
1742 2319 1928 2385 αὐτοῖς

2031 2328 2131 2370 nec
2186 2322 2509 2384 exspectant
2571 2315 2825 2383 elapsum
2884 2315 3213 2371 triennium.
3273 2316 3610 2373 Concessum

356 2412 878 2482 ἀπροκριματίστως
917 2411 1077 2465 τοῦτο
1109 2412 1307 2474 ποιεῖν,
1377 2412 1506 2465 ὅταν
1560 2413 1591 2462 ὁ
1625 2412 1929 2483 προσερχό-

350 2522 517 2573 ιμενος
558 2504 809 2572 ἰθαγενής
843 2505 960 2557 ἐστι
995 2507 1092 2558 καὶ
1121 2507 1409 2577 ἐγχώριος,
1435 2505 1529 2559 καὶ
1585 2504 1760 2568 ἄλλως
1812 2521 1932 2568 πως

355 2595 626 2665 γνωστέος
673 2596 878 2658 αὐτοῖς.
935 2597 1014 2648 Δι’
1052 2597 1081 2650 δ
1128 2600 1223 2652 καὶ
1255 2598 1423 2668 ἀλλην
1470 2599 1745 2672 σφραγῖδα
1802 2601 1933 2664 τοὺς

354 2688 597 2758 ὁρῶντας
628 2688 1087 2742 ἁναδιδάσκουσαν
1121 2688 1215 2743 τοῦ
1243 2690 1496 2759 ποιμνίου
1522 2690 1687 2744 αὑτοῦ
1715 2689 1784 2743 τὰ
1814 2689 1935 2744 ἐπί-

288 2772 295 2775 ’
357 2798 509 2852 σημα
551 2781 807 2834 ἐπέθεντο
859 2781 1092 2845 τούτοις,
1147 2784 1215 2836 τὰ
1270 2782 1542 2853 ίερώτατα
1581 2783 1780 2854 ἄμφια.
1820 2783 1933 2849 Τὴν

360 2873 459 2941 μὲν
493 2870 932 2925 τελειοποιοῦσαν
966 2873 1280 2944 ἀπόκαρσιν
1311 2876 1629 2946 ἀνήρτησαν
1677 2876 1737 2929 ού
1772 2876 1933 2947 χάριν

354 2963 700 3031 δοκιμασίας,
730 2962 805 3026 ὡς
837 2965 886 3015 oi
907 2962 1072 3015 δεινοὶ
1099 2961 1196 3014 τοῦ
1217 2962 1448 3032 ψεύδους
1476 2964 1723 3032 λογισταί
1775 2980 1930 3032 φασι,

354 3054 450 3105 καὶ
472 3054 569 3124 τὴν
597 3053 854 3124 ἀλήθειαν
873 3050 1303 3122 κιὸδηλεύοντες,
1335 3053 1458 3106 οὐδὲ
1517 3054 1592 3116 ὡς
1657 3053 1932 3125 τρυτάνην

353 3144 698 3214 ἁμφίρροπον
757 3143 851 3196 τὸν
923 3146 1452 3214 μετασχηματισμδν
1535 3146 1928 3215 πεποιήκασιν·

356 3236 470 3289 ἀλλ’
498 3235 590 3288 ἵνα
620 3234 707 3288 διὰ
731 3233 1026 3305 μαθητείας
1047 3236 1075 3286 ὁ
1100 3235 1632 3305 μετασχηματισθεὶς
1664 3234 1935 3303 γαλακτο-

2032 2408 2231 2480 quippe
2258 2408 2394 2478 ipsis
2428 2416 2512 2463 est
2564 2407 2668 2462 hoc
2717 2408 3204 2463 indiscriminatim
3251 2408 3451 2476 facere,
3484 2425 3613 2465 cum

2030 2500 2126 2570 qui
2159 2498 2374 2554 accedit
2402 2498 2704 2569 {ingenuus
2745 2508 2830 2556 est
2868 2508 2923 2554 et
2963 2500 3067 2555 loci
3129 2502 3330 2567 incola,
3377 2501 3462 2556 vel
3506 2502 3616 2556 alio

2033 2590 2233 2660 quovis
2269 2591 2430 2645 modo
2465 2591 2576 2647 illis
2597 2601 2782 2648 notus.
2816 2591 3083 2658 Quocirca
3114 2602 3169 2649 et
3197 2592 3344 2647 aliud
3370 2594 3615 2663 signum,

2036 2684 2183 2755 quod
2215 2682 2446 2739 intuitos
2482 2682 2644 2738 docet
2678 2684 2837 2739 ovilis
2865 2685 3041 2755 ipsius
3072 2685 3334 2756 insignia,
3355 2686 3604 2756 imposu-

2033 2784 2192 2832 erunt
2250 2774 2337 2838 iis,
2375 2775 2728 2832 sanctissima
2779 2791 2977 2846 nempe
3034 2776 3374 2834 indumenta.
3442 2777 3617 2832 Porro

2032 2869 2403 2941 perlicienlem
2445 2879 2500 2924 et
2528 2869 2994 2924 consecratricem
3039 2878 3325 2925 tonsuram
3375 2885 3614 2941 suspen-

2034 2962 2259 3027 derunt,
2314 2976 2423 3016 non
2485 2963 2830 3031 probationis
2895 2962 3094 3030 gratia,
3148 2964 3612 3034 quemadmodum

2033 3054 2188 3108 aiunt
2217 3069 2411 3124 graves
2444 3053 2716 3109 mendacii
2758 3054 3200 3120 ratiocinatores,
3245 3056 3615 3125 veritatisque

2034 3144 2456 3202 adulteratores.
2507 3158 2683 3212 neque
2748 3145 3108 3199 mutationem
3163 3145 3386 3199 habitus
3435 3145 3615 3199 instar

2034 3234 2260 3287 trutinae
2290 3232 2346 3288 in
2381 3220 2902 3303 utramquepartem
2956 3234 3231 3303 vergentis
3268 3232 3611 3300 effecerunt;

358 3328 629 3399 τροφηθῇ,
673 3326 741 3379 δι’
770 3327 1019 3396 ὑπακοῆς
1064 3328 1431 3398 μειρςικιωθῇ,
1480 3327 1570 3381 διὰ
1625 3330 1928 3399 προσευχῆς

2036 3325 2131 3381 sed
2165 3335 2224 3379 ut
2249 3325 2343 3395 qui
2379 3325 2570 3379 habitu
2619 3336 2705 3380 est
2741 3326 3187 3396 transﬁguratus,
3239 3341 3332 3395 per
3364 3324 3614 3394 disciplio

352 3388 642 3491 ῆλιιιιῶθῆ,
673 3419 742 3472 δι’
775 3388 1103 3489 ἐγκρατείαις
1134 3388 1445 3490 ἀ-ζίρενωθῇ,
1475 3419 1574 3473 καὶ
1602 3388 1690 3473 διόι
1733 3388 1928 3473 ταπξὲίζ

2034 3433 2160 3472 nam
2191 3417 2443 3483 lactetur,
2478 3433 2574 3487 per
2612 3418 2983 3471 obedientiam
3034 3416 3332 3482 adolescat,
3372 3433 3467 3485 per
3491 3431 3616 3471 ora-

354 3511 571 3572 νὼσεως
598 3508 996 3582 τελεσφορηθῇ,
1022 3509 1119 3563 καὶ
1144 3508 1310 3575 οὕτω,
1354 3510 1499 3564 καθά
1545 3527 1629 3573 τις
1671 3510 1928 3580 ἀνεπίλη-

355 3621 487 3666 πτος
522 3602 863 3674 στρατιώτης
903 3601 1258 3674 Χριστοῦ,τῷ
1289 3601 1782 3671 στρατολογήσαντι
1830 3603 1929 3655 αὑ-

352 3697 447 3749 τὸν
488 3698 743 3766 παραστῇ
792 3696 1076 3763 γεννάδας,
1136 3694 1530 3760 ὁπλιτοπάλας,
1582 3696 1924 3765 ἀκοντιστὴς,

354 3789 453 3858 τὴν
480 3787 704 3852 ἁγνείαν
726 3786 1075 3857 ἐνδεδυμένος
1095 3784 1170 3848 ὡς
1208 3784 1454 3855 θώρακα,
1499 3786 1573 3850 ὡς
1609 3786 1799 3856 θυρεὸν
1827 3787 1928 3858 τὴν

358 3879 666 3948 μετάνοιαν,
696 3877 772 3940 ὡς
803 3877 1012 3946 κόρυθα
1031 3878 1131 3949 τὴν
1148 3878 1419 3948 ὑπακοὴν,
1477 3877 1554 3940 ὡς
1612 3876 1766 3942 τόξον
1832 3877 1931 3948 τὴν

351 3971 678 4041 προσευχὴν,
707 3970 780 4032 ὡς
812 3970 940 4041 δόρυ
974 3970 1071 4042 τὴν
1098 3970 1349 4041 ἡσυχίαν,
1382 3969 1458 4033 ὡς
1512 3967 1803 4038 φάσγανον
1832 3970 1930 4040 τὴν

353 4064 704 4134 ἐγκράτειαν,
740 4062 817 4125 ὡς
853 4062 1077 4115 κουλεὸν
1109 4062 1206 4132 τὴν
1233 4060 1537 4131 ὑπομονὴν,
1570 4060 1667 4114 καὶ
1703 4052 1789 4123 ὡς’
1831 4060 1929 4113 σά-

355 4171 448 4217 tto;
484 4153 801 4206 ἑπταϐόειον
830 4155 930 4221 τὴν
967 4152 1301 4206 ταπείνωσιν
1328 4168 1341 4184 ·
1374 4151 1468 4205 καὶ
1495 4150 1682 4214 ἁπλῶς
1729 4152 1930 4220 ἀγωνι-

354 4247 486 4316 στὴς
518 4244 916 4306 ἐντελέστατος,
954 4243 1091 4314 μήτε
1116 4242 1204 4295 διὰ
1246 4242 1336 4294 τὸν
1362 4241 1695 4313 ὲμπρόσθιον
1768 4243 1933 4295 πόλε-

357 4356 456 4408 μον
485 4336 578 4390 τοῦ
603 4338 779 4390 Σατᾶν
807 4336 901 4390 τὸν
930 4335 1159 4397 ἀναιδῶς
1186 4333 1388 4405 δηλαδὴ
1420 4336 1512 4388 καὶ
1540 4338 1681 4389 κατά
1713 4336 1932 4406 πρόσω-

355 4446 453 4481 πον
475 4427 793 4482 ὑπαντῶντα
828 4425 1231 4496 παλινδρομῶν,
1267 4424 1403 4495 μήτε
1429 4425 1516 4478 διὰ
1565 4424 1654 4478 τὸν
1711 4426 1932 4494 οὐραῖον

356 4519 453 4572 καί¹
477 4519 658 4587 ἀφανῆ
683 4515 1185 4588 ἐμπροσθοδρομῶν
1217 4529 1232 4546 ·
1269 4515 1383 4568 ἀλλ’
1435 4517 1493 4569 ὲν
1533 4515 1631 4586 μὲν
1676 4518 1789 4578 τοῖς
1835 4518 1934 4585 ἁγ-

354 4610 606 4682 χιμάχοις
643 4607 752 4662 τῶν
783 4607 974 4661 παθῶν
1005 4608 1279 4675 λογισμοῖς
1320 4605 1695 4676 προθρώσκων
1740 4605 1816 4669 ῶς
1847 4623 1933 4669 τις

352 4692 813 4772 ἀκαταμὰχητος,
874 4701 930 4751 ὲν
983 4698 1040 4751 δὲ
1090 4700 1200 4761 τοῖς
1237 4698 1494 4762 ὑπούλοις
1546 4700 1642 4752 καὶ
1686 4698 1934 4769 ἐνεδρεύ-

2036 3509 2236 3563 tionem
2293 3509 2634 3577 juvenescat,
2686 3526 2782 3578 per
2845 3509 3238 3564 continentiam
3292 3509 3611 3562 virilitatem

2037 3615 2251 3667 sumat,
2308 3609 2362 3655 et
2408 3617 2505 3671 per
2562 3601 2931 3656 humilitatem
3005 3601 3363 3667 absolvatur;
3425 3601 3615 3670 sicque

2035 3704 2292 3763 tanquam
2328 3693 2640 3763 inculpatus
2665 3694 2869 3749 Christi
2899 3694 3054 3748 miles
3090 3695 3142 3747 ei
3166 3694 3258 3763 qui
3283 3694 3616 3763 conscripsit

2035 3785 2217 3854 ipsum
2263 3785 2489 3841 assistat
2521 3796 2799 3850 strenuus,
2854 3795 3097 3840 armatus
3139 3786 3398 3852 luctator,
3457 3786 3616 3854 jacu-

2027 3876 2195 3940 lator,
2225 3877 2535 3932 castitatem
2587 3878 2817 3933 indutus
2869 3878 3016 3932 sicut
3075 3877 3378 3942 thoracem,
3439 3879 3616 3948 paeni-

2031 3969 2261 4022 tentiam
2296 3970 2446 4024 velut
2482 3969 2756 4045 clypeum,
2795 3970 3164 4025 obedientiam
3192 3970 3351 4040 quasi
3379 3970 3615 4041 galeam,

2030 4061 2333 4116 orationem
2366 4070 2629 4132 tanquam
2666 4078 2855 4115 arcum
2917 4073 2973 4117 et
3019 4064 3299 4134 sagittam,
3336 4065 3617 4119 silentium

2021 4160 2085 4232 ἐι
2113 4154 2352 4222 quietem
2386 4155 2556 4209 veluti
2588 4155 2832 4222 hastam,
2865 4156 3263 4211 continentiam
3311 4165 3369 4211 ut
3399 4172 3613 4223 ensem,

2031 4244 2352 4314 patientiam
2413 4256 2473 4301 ut
2504 4248 2777 4315 vaginam,
2839 4256 3002 4318 atque
3066 4248 3435 4303 humilitatem
3493 4250 3615 4303 loco

2033 4336 2177 4391 scuti
2210 4344 2417 4405 septem
2451 4338 2690 4408 pellibus
2734 4338 2960 4394 bubulis
2993 4339 3342 4406 constantis;
3377 4338 3617 4409 denique

1992 4418 2473 4498 perfectissimus
2527 4440 2821 4501 pugnator,
2854 4433 2946 4502 qui
3012 4448 3187 4500 neque
3239 4440 3464 4502 propter
3513 4431 3615 4485 Sa-

2033 4530 2176 4575 tanae
2213 4537 2447 4593 pugnam
2482 4526 2834 4590 anteriorem,
2873 4540 2994 4593 qua:
3027 4539 3223 4593 nempe
3269 4525 3617 4595 impudenter

2033 4620 2088 4667 et
2138 4614 2202 4668 ad
2273 4615 2466 4670 facient
2540 4620 2804 4678 occurrit,
2870 4627 3098 4680 remeet,
3164 4631 3341 4685 neque
3387 4625 3615 4685 propter

2039 4707 2395 4774 posteriorem
2419 4721 2484 4760 ac
2516 4707 2774 4762 latentem
2800 4709 3044 4763 anterius
3098 4717 3384 4773 occurrat;
3425 4725 3611 4763 verum

352 4811 471 4847 ουσι
507 4792 886 4862 παρεκκλίνων
930 4791 1003 4854 ὤς
1034 4808 1116 4854 τις
1151 4790 1598 4854 ἀνεπιϐούλευτος
1624 4807 1639 4823 ⁸
1696 4793 1821 4855 τοὺς
1865 4793 1928 4845 ὲκ

2037 4795 2090 4848 in
2130 4797 2380 4851 cominus
2405 4798 2781 4867 praeliantibus
2811 4799 3104 4853 aﬂ‘ectuu'm
3158 4800 3611 4870 cogitationibus,
3670 4782 3675 4815 ί

352 4885 540 4952 δεξιῶν
574 4888 672 4956 τῆς
720 4885 877 4955 νίκης
919 4882 1424 4953 καιροσκοποῦντας
1464 4886 1561 4954 τὴν
1613 4882 1802 4951 ἔφοδον
1846 4884 1934 4938 διὰ

352 4979 535 5045 δεξιᾶς
561 4980 826 5039 συνέσεως
852 4977 1213 5045 ἀμυνόμενος,
1248 4975 1343 5028 καὶ
1365 4976 1491 5037 τοὺς
1539 4972 1599 5040 ὲξ
1627 4976 1934 5047 ἀριστερῶν

354 5072 791 5141 κατατρέχοντας
854 5068 1237 5135 καταδοξάζων
1290 5069 1453 5138 ἱεροῖς
1483 5068 1930 5139 ψαλτῳδήμασιν.

368 5165 430 5222 Ὀ
455 5166 560 5235 γὰρ
586 5166 789 5237 ἀληθὴς
821 5165 1157 5235 στρατιώτης
1186 5163 1278 5216 τοῦ
1313 5162 1446 5216 Θεοῦ
1474 5157 1614 5216 οἷδεν
1642 5163 1733 5215 ἐπὶ
1783 5161 1933 5229 δεξιὰ

425 5348 537 5419 (l0)
589 5345 684 5402 νό’.
736 5345 916 5402 Minus
957 5348 1093 5401 bene
1117 5344 1181 5419 δ’.
1244 5345 1383 5419 loco_
1407 5345 1570 5419 paulo
1609 5352 1737 5419 ante
1761 5345 1932 5419 citato

356 5414 720 5482 Balsainonis,
741 5420 793 5473 in
814 5427 1044 5487 utraque
1067 5418 1328 5479 editione,
1353 5414 1647 5470 Parisiensi
1674 5422 1729 5467 et
1745 5416 1931 5486 Angli-

357 5505 514 5545 caua.

432 5562 478 5630 (l
496 5559 544 5630 ι)
574 5559 683 5630 Ἔν
705 5556 785 5630 τῷ
810 5558 1113 5630 Ἰζρρύλλιει.Δ
1140 5552 1305 5618 Οἶκος
1334 5551 1402 5627 ἦν
1431 5550 1585 5630 οὗτος
1619 5558 1928 5630 περιφανὴς

312 5642 319 5647 ’
360 5633 419 5683 ἐν
441 5625 591 5695 Ξιαλῷ
609 5629 716 5681 τῶν
750 5628 1035 5697 βασιλείων
1077 5625 1706 5689 Κωνσταντινουπόλεως
1734 5625 1923 5697 κείμε-

361 5718 471 5763 νος,
507 5702 581 5754 ait
613 5696 885 5753 Blastarcs
910 5699 962 5752 iu
998 5696 1359 5766 Prazl'atioue;
1387 5698 1478 5748 sed
1503 5697 1796 5750 ediderunt
1830 5696 1921 5766 βα-

362 5770 574 5834 σιλέων,
632 5771 776 5824 sicut
820 5769 978 5822 initio
1019 5767 1260 5834 ejusdem
1321 5765 1664 5819 Praefatiunls
1719 5765 1922 5820 οἰκονο-

363 5842 493 5909 μίαν
522 5848 826 5909 posuerunt
862 5854 960 5909 pro
981 5836 1315 5904 οἰκοδομίαν,
1340 5850 1389 5891 ct
1425 5846 1545 5904 post
1579 5853 1741 5889 unam
1772 5856 1922 5905 ptigi—

2034 4888 2285 4957 prosiliat
2318 4890 2475 4959 quasi
2517 4890 2718 4960 aliquis
2753 4892 3212 4961 inexpugnabilis,
3254 4893 3306 4947 in
3364 4893 3610 4947 subdolis

2034 4989 2238 5046 autem,
2273 4967 2507 5037 occultis
2561 4990 2615 5037 et
2655 4981 3049 5038 insidiantibus
3096 4983 3330 5038 declinet
3369 4984 3434 5038 ad
3495 4998 3612 5036 tuo-

2034 5072 2161 5126 dum
2201 5073 2441 5128 hominis
2467 5075 2536 5129 ab
2571 5074 2788 5130 insidiis
2830 5075 2969 5132 tuti:
3011 5084 3125 5129 tum
3162 5092 3257 5131 eos
3288 5079 3379 5146 qui
3427 5092 3454 5129 a
3479 5076 3612 5129 dex-

2033 5164 2135 5221 tris
2190 5166 2516 5222 invadendae
2577 5168 2820 5223 victoriae
2880 5171 3222 5223 occasionem
3291 5170 3609 5234 observant,

2040 5365 2163 5403 nam
2187 5353 2455 5419 ὲκφυᾶσιν
2493 5354 2616 5407 loco
2645 5352 2885 5421 ἐφιᾶσιν,
2918 5360 2972 5406 et
3013 5352 3103 5407 ubi
3130 5352 3197 5405 de
3235 5351 3447 5421 synodo
3474 5350 3612 5405 Car-

2038 5422 2395 5490 thaginieusi,
2428 5424 2713 5492 Σαρινσία,
2752 5438 2873 5491 qua:
2907 5430 2991 5477 est
3030 5423 3416 5493 Καισαρινσία,
3466 5423 3613 5475 circa

2035 5492 2195 5545 linem
2253 5508 2383 5547 vero
2440 5494 2654 5555 θεῖκοὺς
2708 5495 2823 5547 vice
2872 5493 3067 5547 θεῖναι·
3125 5495 3346 5544 demum
3397 5494 3448 5545 iu
3506 5493 3615 5544 line

2033 5560 2251 5642 ἐδέξατο
2314 5578 2411 5633 pro
2474 5563 2781 5629 διετάξατο.
2824 5580 3013 5634 magna
3047 5562 3364 5626 securitate,
3402 5571 3456 5615 ut
3482 5577 3611 5630 pas-

2032 5640 2160 5685 stm.
3626 5640 3631 5665 l

2107 5702 2221 5771 (ιε)
2282 5704 2692 5771 Δωδεκιιετοῦς
2741 5703 3006 5773 ἡλικίας.
3049 5702 3250 5758 Verum
3307 5702 3396 5754 ille
3434 5716 3609 5754 canon

2033 5777 2104 5829 40
2160 5777 2186 5828 'I
2207 5781 2455 5829 rullauus
2486 5780 2582 5847 οὐχ
2614 5778 2792 5846 ἥττων
2823 5775 2855 5847 ἢ
2887 5774 3149 5843 δεκαετὴς
3179 5776 3362 5827 habet.
