4066 6404
522 393 663 460 I379

1725 396 1997 456 THEOD.
2038 396 2518 460 BALSAMONIS

3647 399 3793 465 13ἑο

520 530 616 583 per
645 513 892 567 dextram
930 512 1346 582 intelligentiam
1386 512 1688 581 pr0pulset,
1741 527 1951 583 eosque
1992 515 2082 585 qui

2200 516 2529 583 μεταγαγεῖν
2564 513 2647 586 ἡδ’
2684 512 2774 570 ἐπ’
2799 515 3068 587 ἀριστερὰ
3122 516 3184 570 τδ
3222 517 3451 582 ἀζαλέον
3475 522 3577 592 τῆς
3603 529 3791 595 σωτη-

520 622 552 659 a
608 605 852 661 sinistris
906 605 1204 659 incurrunt
1235 603 1455 673 sagittet
1513 604 1690 658 sacris
1750 602 2094 660 Psalmorum

516 698 770 752 canticis.
795 696 972 753 Verus
993 699 1194 766 quippe
1217 696 1308 750 Dei
1342 697 1497 750 miles
1524 697 1674 749 novit
1708 696 1777 751 ad
1811 697 2095 752 dexteram

521 791 724 857 pariter
754 797 810 842 et
836 788 1118 842 sinistram
1155 787 1388 858 rigidum
1439 787 1635 843 salutis
1668 788 1834 842 telum
1861 799 2095 845 vertere.

588 880 678 932 18.
699 880 992 947 Cum'ergo
1032 879 1260 933 militem
1310 878 1406 933 Dei
1437 881 1792 934 constituerit
1829 896 1954 934 eum
1999 880 2096 951 qui

518 970 1030 1041 suscipiturillequi
1053 972 1303 1040 suscipit,
1322 972 1553 1040 eumqui
1575 971 1862 1025 deducitur
1877 971 2093 1038 ductor,

516 1062 846 1129 discipulum
866 1063 1144 1131 magister,
1169 1064 1347 1131 ipsum
1370 1062 1499 1132 Regi
1528 1072 1582 1116 et
1605 1063 1715 1117 Deo
1747 1064 2012 1125 ostendit,
2038 1073 2096 1118 ut

515 1156 692 1210 solers
709 1154 983 1208 exercitus
1009 1153 1140 1217 dux,
1168 1165 1334 1224 atque
1380 1154 1596 1209 lenibus
1632 1156 1923 1224 colloquiis
1948 1157 2094 1226 prio-

514 1265 628 1303 rem
651 1249 773 1318 ejus
796 1248 863 1302 ad
887 1247 1053 1303 Deum
1078 1247 1479 1317 professionem
1504 1262 1601 1316 per
1614 1250 1917 1303 secundum
1940 1250 2094 1318 jura-

514 1339 680 1395 menti
706 1356 902 1410 expers
929 1341 1268 1409 propositum
1300 1341 1519 1394 ﬁrmare
1578 1340 1793 1394 nititur.
1832 1342 1888 1395 Id
1944 1347 2091 1413 quod

512 1435 681 1488 etiam
707 1434 826 1489 ﬁeri
858 1436 997 1488 solet
1033 1434 1085 1487 in
1132 1434 1334 1487 terreni
1355 1434 1498 1503 regis
1549 1434 1815 1490 militibus
1849 1436 2092 1507 deligen-

510 1523 862 1579 dis.'Verum
906 1523 992 1577 hic
1024 1523 1249 1593 quidem
1297 1524 1413 1579 sola
1447 1524 1785 1594 conscriptio
1832 1528 2089 1582 militaris

516 1617 727 1671 servitii
762 1618 1080 1685 peragitur;
1110 1616 1223 1671 illic
1257 1631 1388 1671 vero
1434 1624 1493 1671 et
1538 1617 1828 1672 mundana
1858 1620 2090 1685 captivi-

515 1706 645 1759 tatis
700 1705 950 1761 liberatio
998 1706 1259 1783 donatur.
1325 1705 1459 1759 Nam
1510 1706 1795 1760 carnalem
1842 1708 2089 1776 pedicam

514 1811 683 1865 quam
714 1796 817 1865 ipsi
860 1795 1027 1850 Satan
1073 1797 1358 1865 iniecerat,
1402 1812 1495 1864 per
1523 1798 1760 1866 gladium
1794 1801 1978 1854 carnis
2026 1814 2090 1853 ac

2201 603 2324 674 ρίας
2354 604 2623 660 ἀκόντιον.

2271 875 2361 938 ιη’.
2401 870 2569 924 Ὅταν
2601 870 2783 925 τοίνυν
2822 875 3146 947 καταστήσῃ
3199 877 3547 948 στρατιώτην
3582 880 3723 934 Θεοῦ
3757 881 3790 935 ὁ

2198 962 2455 1032 ἀνάδοχοι,-
2489 963 2579 1016 τδν
2612 965 2993 1034 ἀναδεχθέντα,
3025 968 3117 1020 τὸν
3159 969 3525 1039 ὁδηγούμενον
3574 976 3603 1026 ὁ
3646 976 3793 1027 καθ-

2198 1054 2428 1123 ηγητὴς,
2457 1053 2672 1108 καὶτὸν
2727 1057 2983 1128 μαθητὴν
3025 1060 3055 1110 ὁ
3098 1059 3441 1127 διδάσκαλος,
3484 1065 3792 1133 ἐμφανίζει

2195 1144 2360 1197 αὑτὸν
2385 1144 2459 1214 τῷ
2490 1145 2702 1215 βασιλεῖ
2730 1148 2821 1199 καὶ
2849 1147 2991 1215 Θεῷ,
3032 1148 3177 1204 καθά
3205 1168 3289 1214 τις
3342 1155 3654 1223 στρατηγὸς
3700 1155 3795 1208 δε-

2197 1234 2327 1301 ξιὸς,
2374 1238 2471 1289 καὶ
2532 1239 2806 1306 μαλακαῖς
2849 1240 3094 1308 ὁμιλίαις
3164 1243 3321 1312 ζητεῖ
3355 1244 3454 1314 τὴν
3480 1245 3625 1316 πρὸς
3646 1246 3791 1299 Θεὸν

2195 1329 2471 1398 προτέραν
2491 1331 2831 1397 ἐπαγγελίαν
2861 1332 3026 1384 αὑτοῦ
3072 1333 3161 1386 διά
3193 1334 3462 1407 δευτέρας
3492 1339 3790 1407 ἀνωμότου

2196 1419 2453 1490 στηρίξαι
2510 1421 2846 1491 προθέσεως.
2887 1423 3056 1476 Τοῦτο
3098 1423 3237 1496 ὅπερ
3276 1426 3527 1497 συνήθως
3557 1432 3657 1481 καὶ
3707 1432 3791 1492 είς

2192 1511 2293 1577 τὴν
2325 1509 2420 1563 τοῦ
2453 1512 2698 1580 ἐπιγείου
2751 1513 3016 1584 βασιλέως
3065 1517 3494 1590 στρατολόγησιν
3541 1522 3791 1588 γίνεται.

2206 1602 2345 1653 Ἀλλ’
2376 1604 2494 1656 ἐκεῖ
2516 1606 2615 1673 μὲν
2647 1605 2784 1675 μόνη
2814 1609 3114 1677 ἀπογραφὴ
3161 1615 3563 1682 στρατιωτικῆς
3605 1616 3793 1666 τελεῖ-

2192 1713 2281 1749 ται
2304 1696 2615 1762 δουλώσεως
2644 1699 2755 1770 (Ιό)
2784 1715 2799 1732 ⁸
2846 1702 3082 1756 ἐνταῦθα
3118 1705 3176 1756 δὲ
3232 1707 3326 1757 καὶ
3363 1706 3462 1775 τῆς
3504 1708 3790 1777 κοσμικῆς

2190 1788 2570 1857 αἰχμαλωσίας
2595 1791 2974 1861 ἀπολύτρωσις
2998 1793 3342 1868 δίδοται.Τὴν
3367 1799 3476 1866 γὰρ
3504 1802 3792 1870 σαρκικὶψ

513 1886 742 1957 spiritus
786 1888 1080 1943 divisorem
1115 1888 1375 1944 scindit“.
1412 1887 1548 1942 Tum
1610 1890 1756 1943 sicut
1810 1890 2082 1944 hominem

2191 1879 2501 1951 ποδοκάκην
2518 1883 2583 1951 ἣν
2617 1884 2645 1935 ὁ
2663 1883 2840 1937 Σατάν
2856 1885 3005 1955 αὑτῷ
3018 1887 3326 1957 περιέθετο,
3358 1891 3544 1959 τέμνει
3560 1892 3655 1944 διὰ
3686 1868 3794 1961 μα-

511 1981 603 2050 qui
637 1979 931 2049 compedes
985 1978 1252 2032 mundani
1310 1982 1550 2034 carceris
1605 1980 1819 2049 eﬂ'ugit,
1860 1982 2089 2034 commi-

510 2071 710 2124 litones
742 2078 908 2140 atque
941 2070 1173 2124 comites
1215 2085 1338 2122 eum
1384 2069 1685 2138 excipiunt,
1737 2080 1795 2123 ut
1830 2086 2087 2141 magnum

507 2160 736 2217 Paulum
775 2161 1033 2216 custodes
1069 2162 1351 2228 carceris;
1382 2172 1435 2216 et
1480 2162 1937 2230 quemadmodum
1990 2164 2090 2216 ali-

507 2269 668 2323 quem
721 2269 753 2308 a
823 2254 1132 2309 latronibus
1197 2264 1407 2322 raptum
1456 2255 1539 2308 vel
1597 2255 1650 2309 in
1712 2257 2087 2326 captivitatem

509 2347 758 2409 ductum,
789 2346 950 2416 atque
970 2362 1000 2399 a
1023 2347 1295 2401 latranum
1322 2348 1571 2403 manibus
1591 2356 1685 2401 aut
1716 2364 1743 2402 e
1766 2350 2088 2418 captivitate

509 2439 804 2496 liberatum
855 2440 1116 2503 salutant,
1152 2439 1498 2506 osculantur,
1550 2440 1979 2509 amplectuntur,
2016 2455 2084 2497 ac

508 2548 603 2601 per
636 2544 971 2603 unguentum
1033 2515 1106 2587 et.
1138 2540 1384 2587 aromata
1428 2541 1548 2587 arte
1603 2534 1851 2589 confecta
1908 2534 2087 2590 susci-

506 2626 747 2693 piunt’;
785 2625 1019 2693 denique
1070 2634 1194 2695 post
1236 2624 1482 2677 divinum
1519 2627 1773 2680 osculum
1839 2626 2088 2681 succedit

508 2715 821 2784 lampadunt
853 2717 1111 2785 gestatio,
1163 2732 1289 2771 cum
1337 2716 1668 2772 deductione
1738 2725 1792 2771 et
1843 2718 2087 2772 victoriae

503 2811 756 2865 canticis.

577 2902 776 2957 19.Εο
841 2903 1002 2958 modo
1063 2919 1234 2971 eaque
1295 2917 1460 2957 causa
1532 2917 1629 2971 per
1697 2918 1782 2956 me
1858 2903 2078 2957 interim

506 2995 850 3064 intelligitur,
925 2993 1398 3066 inexploratorum
1461 2995 1884 3063 ignotorumque
1935 2994 2081 3047 illam

505 3096 746 3142 tonsura:
791 3087 1324 3142 consummationem
1387 3085 1651 3154 suspendi
1710 3101 1773 3139 ac
1840 3086 2079 3151 differri;

503 3193 612 3232 non
650 3194 784 3234 sane
816 3189 874 3232 ut
907 3180 1081 3234 instar
1113 3179 1458 3233 scenicorum
1495 3185 1743 3231 sanctum
1782 3177 2082 3231 monaclto-
2110 3205 2150 3260 ο

502 3287 623 3325 rum
684 3271 929 3324 habitum
991 3271 1365 3329 ludilicenlur,
1428 3278 1482 3322 ct
1541 3269 1716 3322 instar
1765 3282 1962 3321 canum
2012 3269 2076 3321 ad

501 3381 661 3419 suum
695 3366 967 3418 vomitum
996 3373 1342 3419 revertantur
1367 3364 1434 3416 ¹⁰.
1482 3360 1836 3439 Rasopltorus
1892 3363 2081 3431 itaque

501 3456 593 3523 qui
657 3471 687 3510 a
736 3455 1029 3525 pracposito
1081 3470 1184 3509 suo
1230 3453 1576 3517 admonetur,
1632 3468 1725 3522 per
1792 3462 2076 3509 tonsuram

500 3547 843 3605 consecrari.
886 3548 1208 3600 ctmuneris
1239 3545 1468 3615 gratiam
1508 3543 1710 3607 differt,
1748 3544 1880 3613 quin
1915 3546 2076 3598 etiam

501 3641 682 3705 potius
724 3638 1106 3705 causiﬁcatnr,
1167 3637 1218 3691 in
1276 3652 1374 3691 sua
1429 3645 1704 3708 pctestate
1750 3651 1894 3699 esse,
1936 3638 2077 3689 mala

500 3733 820 3800 paenitentia
887 3730 1056 3793 duci,
1129 3740 1295 3800 atque
1353 3731 1417 3784 ad
1490 3731 1821 3782 mundanam
1902 3728 2080 3781 redire

498 3824 735 3890 priorem
784 3822 1307 3883 conversationem,
1367 3821 1564 3876 similis
1611 3828 1696 3873 est
1759 3820 1965 3873 homini
2022 3820 2075 3872 in

499 3916 669 3969 maris
698 3915 925 3983 pelagus
961 3914 1210 3982 delapso,
1246 3927 1301 3969 et
1338 3914 1405 3968 ad
1453 3915 1683 3968 salutem
1720 3913 1934 3981 quidem
1990 3914 2076 3966 in-

494 4008 817 4060 veniendam
858 4007 1089 4076 pedibus
1144 4006 1506 4076 manibusque
1559 4006 1888 4069 connitenti,
1939 4005 2075 4059 dex-

494 4110 665 4154 teram
690 4116 819 4153 vero
844 4100 1134 4163 trahentis,
1166 4100 1343 4170 ipsum
1370 4101 1436 4153 ad
1468 4101 1701 4154 salutem
1761 4082 2072 4167 aversanti;

500 4192 706 4247 hemini
743 4193 835 4255 qui
868 4200 1077 4261 quaarat
1113 4192 1315 4248 fenoris
1363 4194 1718 4259 cxcisionetn,
1775 4202 1829 4247 et
1865 4195 2076 4250 fenera-

497 4286 627 4339 toris
653 4286 1126 4354 acceptilationem
1161 4284 1475 4352 dirumpat;
1529 4286 1733 4348 homini
1785 4285 1877 4354 qui
1911 4295 2073 4340 terra:

493 4379 704 4429 semina
731 4377 977 4441 mandat,
1016 4391 1118 4430 nec
1173 4376 1356 4445 spicas
1406 4377 1576 4441 tollit;
1615 4391 1709 4430 aut
1753 4376 1905 4448 juxta
1937 4394 2073 4432 con-

493 4465 891 4519 venientiorem
931 4480 1266 4528 sermonem,
1307 4466 1429 4518 viro
1466 4466 1754 4519 verberoni
1790 4467 1883 4537 qui
1910 4468 2071 4521 vellet

2189 1970 2385 2041 χαίρας
2407 1972 2736 2046 μεριζοὺσης
2757 1977 2934 2045 σάρκα
2952 1978 3046 2031 καὶ
3070 1981 3308 2051 πνεῦμα.
3336 1982 3443 2034 Καὶ
3461 1982 3536 2045 ὼς
3561 1985 3663 2054 ἤδη
3687 1984 3790 2036 το]

2193 2063 2458 2132 κοσμικοῦ
2490 2063 2873 2136 δεσμωτηρίου
2908 2071 3007 2132 τὰς
3055 2070 3427 2136 ἁλυκτοπὲδας
3479 2072 3792 2144 διαδράντα

2190 2155 2282 2208 τὸν
2322 2154 2609 2227 ἄνθρωπον
2664 2157 2910 2228 δέχονται
2943 2160 2992 2213 οι
3043 2163 3440 2233 συστρατιῶται
3496 2165 3594 2218 καὶ
3653 2184 3791 2221 συν-

2187 2249 2483 2317 ηγήτορες,
2520 2250 2701 2314 καθὼς
2727 2252 2820 2305 τὸν
2847 2253 3024 2322 μέγαν
3067 2255 3278 2308 Παῦλον
3323 2259 3373 2311 oi
3432 2259 3796 2331 δεσμοφύλα-

2191 2355 2284 2394 κες
2303 2356 2318 2369 ·
2355 2342 2447 2394 καὶ
2478 2341 2609 2394 ὡσεί
2644 2361 2764 2396 τινα
2792 2342 3159 2415 λῃστευθέντα
3184 2348 3215 2417 ἧ
3240 2350 3789 2418 αἰχμαλωτισθέντα,

2192 2433 2285 2485 καὶ
2319 2433 2384 2485 ὲκ
2402 2435 2501 2502 τῆς
2530 2435 2783 2505 λῃστείας
2812 2438 2844 2508 ἦ
2876 2440 2974 2508 τῆς
3031 2440 3408 2510 αἰχμαλωσίας
3462 2444 3795 2517 ἐλευθεριά-

2190 2541 2381 2591 σαντα,
2429 2528 2874 2593 κατασπάζονται
2924 2532 3021 2585 καὶ
3060 2535 3470 2602 άγκαλίζονται,
3535 2541 3637 2592 καὶ
3693 2542 3792 2595 διὰ

2192 2616 2364 2688 μύρου
2402 2620 2497 2673 καὶ
2522 2621 2835 2691 ἀρωμάτων
2871 2625 3189 2695 μυρεψικῶν
3225 2629 3579 2700 ὑποδέχονται
3606 2649 3624 2663 ο
3681 2637 3789 2688 καὶ

2187 2710 2339 2774 τέλος
2356 2711 2660 2783 διαδέχεται
2688 2714 2779 2767 τὸν
2815 2717 2957 2769 κατὰ
2977 2717 3109 2771 Θεὸν
3130 2720 3425 2791 ἀσπασμὸν
3458 2724 3791 2794 λαμπαδου-

2188 2803 2280 2872 χία
2322 2804 2418 2855 καὶ
2440 2805 2769 2875 προπομπὴ,
2797 2809 2895 2861 καὶ
2931 2811 3230 2882 νικητήρια
3276 2813 3518 2884 ᾅσματα.

2259 2894 2346 2949 ιϐ’.
2376 2895 2534 2949 Οὑτω
2559 2900 2654 2951 καὶ
2672 2898 2757 2951 διὰ
2783 2899 2958 2953 ταῦτα
2984 2906 3327 2959 κατανοεῖται
3360 2906 3497 2969 τέως
3517 2909 3644 2979 ἐμοὶ
3672 2911 3785 2963 τῶν

2188 2982 2571 3053 ἀδοκιμάστων
2598 2989 2937 3058 ἀναρτᾶσθαι
2987 2992 3087 3063 τὴν
3131 2992 3219 3047 διὰ
3258 2998 3358 3068 τῆς
3407 2997 3786 3067 ἁποκάρσεως

2185 3076 2467 3131 τελείωσιν
2496 3094 2511 3110 ο
2540 3080 2601 3132 οὔ
2636 3080 2743 3149 μὴν
2767 3080 2854 3133 ἵνα
2888 3086 3032 3136 κατὰ
3086 3090 3382 3156 σκηνικοὺς
3445 3091 3784 3159 διαπαίζωσι

2188 3166 2246 3219 τὸ
2284 3171 2763 3240 μοναχικὺνᾷγιον
2790 3173 2998 3244 σχῆμα,
3023 3178 3116 3230 καὶ
3146 3180 3289 3233 κατὰ
3348 3181 3516 3246 κύνας
3552 3187 3636 3248 εἰς
3684 3189 3783 3239 τὸν

2188 3259 2318 3313 ἴδιον
2380 3262 2572 3330 ἔμετον
2631 3267 3060 3337 ἐπιστρέψωσιν.
3129 3271 3189 3323 '0
3228 3271 3361 3339 γοῦν
3419 3278 3783 3346 παρακαλοῦ-

2188 3368 2348 3419 μενος
2375 3355 2678 3424 ρασοφόρος
2710 3357 2815 3411 ὑπὸ
2836 3360 2929 3413 τοῦ
2956 3362 3155 3415 οἰκείου
3178 3363 3497 3437 καθηγητοῦ
3550 3371 3786 3425 τελειω-

2185 3443 2342 3512 θῆναι
2371 3444 2442 3498 δι’
2471 3448 2858 3518 ἀποκάρσεως,
2895 3453 2991 3505 καὶ
3035 3454 3133 3522 τῆς
3198 3454 3408 3527 δωρεᾶς
3442 3458 3540 3531 τὴν
3609 3465 3785 3533 χάριν

2184 3535 2640 3607 ἀναϐαλλόμενος,
2700 3541 2904 3609 μᾶλλον
2949 3545 3053 3613 μὲν
3098 3545 3192 3601 οὖν
3249 3549 3346 3603 καὶ
3400 3549 3786 3624 δικαιολογού-

2187 3642 2344 3695 μενος
2378 3630 2467 3683 ὲπ⁹
2495 3629 2743 3697 ἐξουσίας
2771 3634 2917 3704 ἔχειν
2965 3639 3151 3702 κακῶς
3193 3642 3619 3712 μεταμέλεσθαι,
3679 3653 3783 3705 καὶ

2183 3720 2261 3781 εἰς
2291 3721 2393 3790 τὴν
2425 3724 2699 3794 κοσμικὴν
2756 3727 3032 3798 προτέραν
3089 3731 3459 3804 ὑποστρέφειν
3502 3737 3785 3810 ἀναστρο-

2184 3812 2482 3881 apti/Jama
2531 3815 2608 3886 τῷ
2670 3819 2900 3873 πεσόντι
2962 3823 3100 3892 πρὸς
3162 3824 3450 3880 θαλάττιον
3511 3831 3781 3902 πέλαγος,

2183 3904 2278 3957 καὶ
2348 3906 2788 3980 ἀναρριχωμένῳ
2849 3911 2949 3981 μὲν
3027 3915 3301 3986 σωτηρίαν
3366 3921 3570 3993 εὑρεῖν,
3631 3926 3781 3980 ἀπο-

2182 3999 2541 4070 στρεφομένῳ
2591 4000 2647 4053 δὲ
2695 4004 2794 4072 τὴν
2851 4002 3032 4068 δεξιάν
3082 4008 3175 4059 τοῦ
3231 4011 3422 4065 τοῦτον
3466 4017 3604 4086 πρὸς
3669 4036 3780 4072 σω-

2179 4089 2374 4158 τηρίαν
2425 4089 2749 4156 ἑλκὺοντος·
2780 4093 2856 4164 τῷ
2927 4095 3223 4168 ζητήσαντι
3272 4104 3449 4171 χρεῶν
3500 4109 3776 4181 ἐκκοπὴν,

2182 4185 2277 4233 καὶ
2325 4181 2416 4234 τοῦ
2451 4184 2733 4238 δανειστοῦ
2771 4186 3157 4260 διαρρήσσοντι
3210 4196 3313 4264 τὴν
3363 4197 3615 4254 ἁθώωσιν
3638 4217 3654 4232 ·
3691 4205 3777 4273 τῷ

2177 4273 2318 4325 κατὰ
2346 4274 2449 4344 γῆς
2486 4276 2727 4346 χώσαντι
2756 4279 3027 4351 σπόριμα,
3070 4286 3264 4358 καὶμὴ
3303 4289 3622 4364 ἁνεχομένῳ
3678 4297 3776 4350 τὸν

2176 4364 2456 4437 ἄσταχυν·
2490 4368 2522 4440 ἢ
2551 4371 2692 4423 κατὰ
2747 4371 2903 4440 λόγον
2947 4373 3375 4449 ἁρμοδιώτερον,
3438 4387 3596 4456 ἀνδρὶ
3662 4408 3775 4459 μα-

2178 4459 2363 4553 στιγία
2408 4459 2617 4514 θέλοντι
2678 4462 2767 4517 διὰ
2804 4468 2976 4537 πυρὸς
3014 4468 3264 4537 διελθεῖν,
3312 4476 3394 4527 ὅτι
3450 4481 3772 4553 ποδοκάκης

493 4574 585 4625 per
618 4558 796 4626 ignem
838 4556 1092 4619 transire,
1126 4556 1273 4626 quod
1338 4558 1543 4626 pedicae
1590 4559 1902 4613 molestiam
1957 4576 2070 4615 non

2187 4551 2425 4606 κάκωσιν
2480 4554 2580 4625 οὑχ
2657 4556 2994 4622 ὑφίσταται’
3060 4564 3216 4635 ἀνδρὶ
3270 4570 3413 4636 μετὰ
3480 4550 3770 4641 σθεναριῖλν

493 4650 686 4713 ferret;
725 4649 844 4702 viro
874 4650 965 4717 qui
1006 4656 1273 4703 metueret
1325 4666 1449 4702 cum
1510 4650 1678 4704 armis
1725 4649 1921 4705 validis
1969 4668 2073 4722 pu-

494 4755 683 4805 gnaro,
718 4741 1109 4809 aggrederetur
1140 4750 1319 4794 tamen
1344 4758 1579 4812 pugnam
1616 4744 1736 4797 sine
1758 4754 2072 4811 armatura;

494 4830 608 4881 \iro
636 4829 728 4898 qui
762 4833 976 4899 plenum
1007 4832 1186 4886 lumen
1210 4834 1445 4903 gigantis
1470 4850 1565 4888 seu
1586 4836 1721 4890 solis
1739 4837 2070 4903 repudiat“,

489 4919 707 4987 sxbique
746 4922 1069 4976 ‘cwcutienti
1113 4936 1283 4992 parva
1352 4923 1591 4977 scintilla
1645 4926 1853 4981 mederi
1917 4929 2067 4993 vult;

2173 4643 2354 4697 ὅπλων
2375 4644 2769 4719 δειλαινομένῳ
2806 4653 3176 4724 μαχέσασθαι,
3204 4659 3299 4711 καὶ
3353 4661 3627 4732 totum,“
3667 4668 3768 4738 τὴν

2173 4738 2354 4805 μάχην
2419 4737 2748 4810 ὀπλοςρορίας
2847 4744 3187 4800 ἀπάνευθεν·
3246 4751 3402 4823 άνδρὶ
3476 4756 3546 4808 τὰ
3604 4737 3815 4828 φῶτα,

2169 4832 2593 4903 παραιτουμένῳ
2622 4832 2716 4886 τοῦ
2747 4833 3025 4903 γίγαντος,
3056 4842 3148 4892 καὶ
3173 4844 3274 4912 τὴν
3304 4846 3570 4917 άὸλεψίαν
3600 4871 3764 4906 σπινς

2170 4921 2298 4992 θῆρι
2334 4923 2517 4994 μικρῷ
2557 4924 2956 4991 θεραπεύοντιο
3008 4930 3162 5001 ἀνδρὶ
3204 4935 3304 5006 τὴν
3342 4945 3620 5012 σωτηρίαν
3668 4947 3763 4999 τοῦ

491 5013 608 5066 viro
644 5013 882 5083 denique
938 5016 1031 5084 qui
1090 5026 1283 5085 portus
1331 5017 1564 5072 salutem
1616 5034 1716 5087 pro
1779 5020 2065 5092 naufragio

2187 5023 2379 5092 ,ιμένος
2424 5026 2765 5098 λογιζομένῳ
2794 5029 3074 5096 ναυάγιον.

488 5104 785 5171 repntabit.

556 5194 645 5247 20.
686 5194 811 5254 Haec
842 5197 1003 5253 nobis
1037 5198 1110 5252 ita
1145 5198 1447 5268 dijudicata
1507 5206 1563 5252 et
1616 5200 1836 5256 decreta
1898 5212 2060 5270 sunt;

486 5284 565 5339 sic
594 5287 903 5342 divinorum
933 5305 1210 5347 canonum
1241 5292 1412 5347 ardua
1446 5294 1689 5349 elocutio
1714 5300 2065 5367 complanata

550 5444 574 5474 ⁸
603 5442 763 5498 Hebr.
803 5461 874 5508 tv,
903 5446 988 5500 1‘2.

553 5558 662 5630 (15)
695 5560 1137 5635 *Στρατιωτικῆς
1170 5634 1175 5635 ν
1207 5564 1584 5634 δουλώσεως.
1627 5567 1745 5635 Qua
1781 5572 1846 5627 de
1885 5575 2055 5628 servi-

486 5639 599 5706 tute
637 5631 847 5706 militia:
898 5634 1034 5706 adiri
1077 5634 1247 5706 velim
1277 5631 1552 5706 nunquam
1595 5631 1874 5695 laudatum
1917 5645 2055 5698 satis

491 5700 761 5775 γειιιιείιιιιι
804 5701 1361 5775 ἱιιηΑιιιιυιιιιίοηίὺιιε
1408 5700 1486 5760 ’δά
1520 5708 1818 5763 Eusebium
1877 5723 1932 5766 et
1983 5715 2048 5767 ad

486 5770 801 5836 liragrtum.
827 5770 1201 5840 Chrysostouti
1224 5777 1374 5829 locus
1410 5786 1492 5832 est
1523 5780 1777 5850 insignis,
1805 5784 1952 5837 ltum.
1979 5786 2066 5846 18,

1067 5448 1087 5478 ’
1122 5450 1245 5505 Act.
1280 5466 1392 5516 xw,
1423 5450 1493 5507 23
1521 5468 1643 5525 sqq.

1724 5457 1767 5487 ιο
1797 5455 1959 5513 ρι-ογ,
1986 5475 2132 5525 xxvi,
2160 5461 2217 5515 Η
2253 5479 2266 5527 ;
2299 5461 2341 5518 ll
2386 5464 2533 5520 Petr.
2564 5484 2627 5533 tt,
2657 5469 2748 5523 22.

2236 5212 2304 5259 κ’.
2346 5206 2534 5260 Ταῦτα
2565 5206 2739 5272 οὕτως
2762 5210 2896 5280 ἡμῖν
2927 5211 3439 5283 ὲγνωματεὺθησαν
3463 5219 3558 5270 καὶ
3587 5219 3765 5276 διετιθ-

2168 5299 2429 5369 πὼθησαν
2467 5318 2480 5367 τ
2514 5303 2689 5364 οὕτως
2711 5306 2743 5372 ἡ
2768 5302 2878 5355 τῶν
2910 5302 3072 5357 θείων
3115 5305 3357 5362 κανόνων
3389 5313 3629 5384 ἀνάντης
3668 5315 3762 5384 ἑρ-

2829 5470 2867 5501 ¹¹
2897 5469 3047 5527 Psal.
3087 5488 3246 5540 xvnt,
3272 5474 3328 5529 6.

2165 5577 2219 5629 in
2254 5579 2433 5664 gepist:
2465 5582 2842 5664 adullebtlmos,
2887 5587 3007 5641 Τῶν
3049 5589 3108 5664 έν
3157 5592 3276 5655 ταῖς
3312 5590 3497 5656 τάξεσι
3537 5611 3761 5664 στρατι-

2163 5653 2442 5733 ωτῶνριαὶ
2460 5653 2660 5733 δοῦλων
2691 5654 3168 5733 ὄντωνηπολλάκις
3187 5653 3428 5733 ένχρείᾲ
3458 5653 3760 5720 καθίσταν-

2166 5735 2273 5799 ται..
2330 5722 2483 5799 βίρρε
2521 5724 2755 5799 indigent
2802 5727 3061 5781 militibus
3109 5732 3200 5799 qui
3244 5722 3367 5784 δἰἶιιι
3403 5722 3467 5784 ’ἔτι
3508 5738 3759 5790 ordinent

2183 5789 2359 5852 relati,
2403 5801 2449 5842 et
2481 5795 2568 5860 qui
2594 5789 2711 5847 sunt
2743 5802 2894 5850 servi.
