4114 6450
645 318 707 376 19
1864 343 2139 406 THEOD.
2184 347 2575 408 BALSAMON
3739 332 3819 394 ²⁰

636 445 654 473 ι
697 429 814 483 bilis
830 431 1072 489 Ecclesia:
1094 440 1344 500 Romana:
1358 448 1636 517 episcopus
1658 452 1979 516 Bonifacius,
2000 464 2052 507 ut
2072 456 2169 524 ῑρςε

2290 474 2308 506 ι
2348 456 2593 523 οὐδαμῶς
2614 456 2844 524 εὕρομεν
2868 453 3059 505 ταῦτα.
3090 451 3275 516 Ὅμως
3304 448 3447 514 ἡμᾶς
3478 445 3611 513 πρὸς
3631 442 3820 502 ὀλίγον

631 532 651 565 ι
679 531 888 614 quoque
922 524 1165 614 dignetur
1205 535 1271 585 ad
1300 547 1616 591 memoratas
1673 542 1934 596 Ecclesias
1983 544 2169 613 aliquo,

2293 561 2311 592 ‘
2350 544 2691 608 φυλάξοντας.
2718 543 2792 600 ὡς
2825 542 3101 607 προεῖπον,
3136 537 3239 597 ἕως
3282 528 3341 586 οὗ
3371 533 3438 585 τὰ
3484 529 3668 594 ἔντελῆ
3729 529 3827 580 [σα

632 621 650 698 ι
680 604 912 698 ιιιὶιιπε,
944 613 1031 677 qui
1061 617 1241 669 eadem
1274 623 1615 695 exemplaria,
1661 625 1806 692 juxta
1842 628 1929 678 illa
1960 604 2084 694 ιιιιτέ
2115 604 2169 681 σί

2292 652 2309 683 ι
2353 604 2592 695 έλοωσιν,
2666 604 3050 698 ὁμολογοῦμεν.
3130 626 3441 692 Ὀφείλομεν
3493 620 3547 672 δὲ
3600 616 3825 682 αἰτῆσαι

630 692 646 719 ⁸
680 689 792 757 ipso
814 696 1007 763 scripta
1032 713 1174 764 sunt,
1201 705 1441 761 aderant.
1468 689 1612 763 clune
1639 689 1814 766 autem
1838 689 1990 767 dictte
2021 716 2186 768 Niem-

629 794 649 826 ¢
685 795 763 869 ne
782 788 1112 856 synodi,qu:e
1133 792 1400 862 habemus,
1418 802 1738 869 exemplaria
1763 805 1894 857 actis
1922 804 2035 859 istis
2058 820 2184 859 con-

628 882 650 913 c
682 867 983 935 iungemus.
1044 895 1061 925 ι

2291 740 2309 771 ι
2356 722 2644 788 γράμμασι
2674 719 2959 786 ἡμετέροις
2988 715 3196 766 καὶτὸν
3245 708 3685 779 σεϐασμιώτατον
3718 706 3823 767 τῆς

2288 827 2306 858 ι
2356 809 2671 874 Ἑκκλησίας
2714 806 2929 873 Ῥώμης
2954 805 3250 855 ἐπίσκοπον
3316 798 3666 866 Βονηφάτιον,
3726 792 3824 842 ἵνα.

2290 914 2308 945 ι
2350 898 2441 947 καὶ
2466 896 2621 956 αὐτὸς
2660 894 2856 963 ὁμοίως
2883 892 3195 962 καταξιώσῃ
3252 890 3384 958 πρὸς
3442 885 3542 946 τὰς
3610 896 3829 950 μνημο-

633 977 649 1006 ⁴
685 961 959 1026 νευθείσας
1004 968 1323 1041 Ἐκκλησίας
1355 981 1558 1032 στεῖλαί
1607 1000 1778 1045 τινας.
1861 983 2172 1049 ὀφείλοντας
2236 990 2301 1040 τὰ
2360 988 2497 1040 αὐτὰ
2528 990 2616 1039 ίσα
2645 961 2783 1037 κατά
2815 986 2883 1036 τὰ
2917 986 3047 1052 παρ’
3109 961 3272 1035 αυτοῦ
3340 978 3620 1046 γραφέντα
3682 973 3828 1036 ἀγα-

629 1069 647 1098 ι
687 1054 820 1114 γεῖν.
855 1054 966 1106 Νῦν
993 1058 1046 1109 δὲ
1077 1061 1172 1128 τῆς
1205 1069 1664 1137 μνημονευθείσης
1686 1072 1741 1122 ἐν
1776 1072 1982 1142 Νικαίᾳ
2035 1074 2271 1135 συνόδου,
2345 1075 2486 1134 imp
2547 1074 2760 1142 ἔχομεν,
2822 1073 2919 1123 ῐσα
2978 1071 3089 1131 τοῖς
3153 1066 3555 1134 πεπραγμένοις
3610 1061 3828 1121 τούτοις

630 1160 646 1189 ι
684 1143 1027 1214 συζεὺξομεν.
1068 1170 1084 1202 ι

698 1228 1021 1299 Fausﬁuus,
1076 1238 1329 1295 Ecclesia:
1394 1246 1639 1300 Romanae
1715 1252 1955 1317 legatus,
2018 1254 2185 1306 divit:

627 1345 644 1376 ι
675 1324 856 1379 Vestra
881 1328 1134 1380 sanctitas
1156 1331 1351 1381 nullum
1372 1331 1622 1387 Romana:
1645 1335 1887 1390 Ecclesiae
1908 1339 2028 1392 facit
2052 1355 2187 1406 ρεπ-

628 1434 644 1462 ι
688 1414 966 1480 judicium,
1002 1418 1113 1469 sive
1168 1420 1232 1471 de
1280 1422 1378 1474 hoc
1436 1424 1689 1489 capitulo,
1740 1425 1853 1478 sive
1894 1430 1957 1479 de
2014 1429 2179 1479 aliis:

627 1519 644 1548 ι
682 1502 1111 1566 quandoquidem
1146 1508 1350 1558 censuit
1389 1507 1550 1561 frater
1574 1522 1758 1564 noster
1800 1522 1851 1565 et
1895 1514 2177 1566 commini‘

627 1606 643 1636 ι
680 1597 789 1641 ster
806 1590 1025 1658 Alypius
1049 1592 1240 1647 dubios
1255 1611 1371 1649 esse
1392 1613 1643 1652 canones.
1667 1599 1769 1652 Sed
1800 1602 1912 1653 haec
1941 1605 2170 1655 sanctis-

626 1696 645 1726 ι
686 1678 820 1730 simo
849 1688 901 1732 et
935 1681 1246 1737 beatissimo
1271 1701 1418 1753 papa
1447 1698 1625 1741 nostro
1648 1691 1879 1744 scribere
1903 1690 2167 1759 dignemi-

625 1781 642 1813 ι
687 1766 759 1827 ni,
791 1769 962 1832 utsic,
988 1785 1105 1823 cum
1132 1784 1304 1826 vestra
1336 1778 1616 1828 sanctitate
1668 1780 1896 1842 integros
1930 1792 2164 1830 canones

625 1870 643 1902 ι
676 1858 1013 1922 conquirens,
1048 1860 1130 1926 ide
1173 1863 1422 1915 omnibus
1452 1864 1677 1917 decretis
1730 1875 1938 1918 tractet.
1968 1863 2171 1916 Sltmt'ili

625 1959 645 1991 ι
681 1947 818 1995 enim
862 1952 936 2007 ut,
995 1952 1439 2014 quemadmodum
1465 1962 1639 2003 vestra
1670 1953 1923 2005 sanctitas
1953 1952 2087 2018 apud
2108 1965 2165 2003 se

627 2047 645 2077 ο
688 2042 900 2093 tractat.
948 2038 1023 2091 sic
1051 2048 1103 2091 et
1128 2039 1236 2105 ipse
1269 2054 1362 2106 per
1393 2041 1624 2107 seipsum
1652 2043 1955 2108 conquirat,
1992 2056 2055 2093 ne
2089 2040 2170 2092 in-

625 2140 642 2171 ο
668 2133 746 2175 ter
778 2124 1041 2180 Ecclesias
1063 2129 1236 2195 aliqua
1259 2132 1526 2182 contentio
1553 2130 1823 2182 exoriatur
1850 2146 1864 2192 ;
1890 2129 1980 2182 scd
2000 2130 2173 2195 potius

628 2228 646 2259 ι
678 2210 908 2265 fraterna
940 2216 1217 2269 dilectione
1247 2220 1556 2282 consulatis,
1584 2233 1645 2271 eo
1670 2219 2014 2281 rescribente,
2046 2216 2171 2285 quid

628 2315 644 2345 ι
681 2301 863 2353 melius
895 2304 1168 2357 observari
1204 2305 1374 2359 debet.
1412 2324 1428 2355 ι

2358 1251 2643 1300 Φαυστίνοε
2672 1244 3039 1313 τοποτηρητὴς
3070 1244 3166 1312 τῆς
3202 1242 3416 1309 Ῥώμης
3467 1235 3583 1290 εἷπε
3616 1254 3631 1269 '
3668 1255 3687 1287 ι
3726 1236 3835 1288 Οὒο

2295 1358 2310 1388 ι
2357 1337 2443 1389 δὲν
2480 1338 2510 1403 ὴ
2545 1336 2784 1403 ὑμετέρα
2810 1332 3086 1400 ἁγιωσύνη
3107 1334 3388 1401 πρόκριμα
3419 1330 3561 1379 ποιεῖ
3590 1330 3653 1393 τῇ
3699 1326 3832 1377 Ἐκ-

2291 1446 2308 1477 ι
2347 1426 2549 1494 κλησίᾳ
2593 1424 2829 1491 Ῥώμης,
2865 1426 2970 1475 εἴτε
3008 1423 3135 1489 περὶ
3152 1421 3346 1472 τούτου
3378 1418 3470 1469 τοῦ
3502 1415 3828 1481 κεφαλαίου.

2285 1535 2302 1565 ι
2340 1517 2443 1567 εἴτε
2473 1515 2598 1581 περὶ
2626 1515 2796 1567 ἄλλων
2825 1530 2837 1544 ·
2877 1512 3060 1579 ἐπειδὴ
3092 1512 3321 1576 ἠξίωσεν
3379 1510 3406 1559 ὀ
3459 1506 3686 1573 ἀδελφδς
3731 1504 3831 1556 καὶ

2283 1621 2300 1651 ι
2342 1603 2746 1671 συλλειτουργδς
2775 1602 2930 1671 ἡμῶν
3005 1600 3255 1661 ’Δλύπιος
3299 1597 3627 1665 ἀμφιϐόλους
3686 1589 3830 1647 εἶναι

2277 1708 2295 1739 ι
2341 1693 2467 1752 τοὺς
2506 1692 2757 1753 κανόνας.
2808 1692 2968 1743 Ἀλλᾶ
2994 1689 3181 1742 ταῦτα,
3200 1688 3333 1756 πρὸς
3382 1687 3470 1738 τὸν
3523 1684 3832 1750 ἁγιώτατον

2274 1797 2291 1828 ι
2339 1780 2433 1831 καὶ
2489 1780 2901 1849 μακαριώτατον
2966 1781 3193 1833 πάππαν
3249 1777 3403 1844 ἡμῶν
3442 1774 3646 1843 γράψαι
3696 1790 3831 1825 κατ-

2276 1883 2293 1913 ι
2341 1865 2632 1930 αειώσατε,
2668 1865 2752 1917 ἵνα
2775 1868 2865 1917 καὶ
2892 1867 3059 1925 οστως
3089 1865 3412 1932 ὁλοκλήρους
3438 1865 3561 1925 τοὺς
3587 1862 3821 1922 κανόνας

2275 1971 2291 2001 ι
2332 1952 2577 2019 συζητῶν
2640 1954 2780 2020 μετὰ
2845 1955 2941 2021 τῆς
3000 1954 3270 2021 ὑμετέρας
3334 1952 3642 2017 ἁγιωσύνης
3696 1951 3826 2017 περὶ

2281 2060 2297 2090 ι
2332 2042 2547 2093 πάντων
2578 2042 2683 2093 τῶν
2722 2044 3047 2110 ὁρισθέντων
3072 2042 3399 2110 τρακταῖσῃ.
3467 2041 3653 2106 ’Λρκεῖ
3716 2038 3827 2106 γὰρ

2283 2151 2299 2181 ι
2337 2133 2422 2182 ἵνα
2457 2131 2639 2194 καθὼς
2664 2133 2902 2201 ὑμετέρα
2960 2132 3234 2200 ἀγιωσύνη
3292 2132 3420 2197 παρ’
3474 2131 3638 2195 ἑαυτῇ
3697 2144 3831 2195 τρα-

2287 2240 2303 2270 ι
2339 2223 2573 2284 κταῖζει,
2608 2224 2748 2274 οὕτω
2778 2226 2871 2275 καὶ
2896 2224 3054 2284 αὐτος
3098 2223 3218 2274 καθ’
3268 2222 3457 2275 ἑαυτὸν
3517 2220 3822 2287 συξητήσῃ.

2286 2328 2303 2359 t
2342 2311 2414 2378 μή
2446 2327 2561 2372 πως
2620 2312 2915 2377 φιλονεικία
2966 2311 3164 2378 μεταξὺ
3208 2312 3315 2363 τῶν
3354 2309 3689 2378 Ἐκκλησιῶν
3735 2325 3822 2376 τις

624 2405 645 2438 ι
687 2388 937 2459 ἁναφυῇ·
994 2392 1128 2444 ἀλλὰ
1212 2394 1410 2462 μᾶλλον
1475 2396 1734 2467 ἁδελφικῇ
1796 2396 1983 2465 ἀγάπῃ
2045 2395 2453 2464 βουλεύσασθαι,
2527 2401 2949 2470 ἁντιγράφοντος
3017 2400 3205 2462 αὐτοῦ,
3269 2400 3321 2452 τί
3377 2401 3580 2468 ὀφείλει
3642 2414 3831 2469 κρειτο

625 2496 644 2529 ι
678 2481 837 2543 τόνως
872 2482 1224 2552 φυλαχθῆναι.
1269 2503 1287 2533 ι

997 2580 1238 2634 Aurelius
1259 2582 1521 2647 episcopus
1548 2584 1677 2636 dixit
1693 2598 1712 2636 :

692 2682 713 2717 ι
752 2664 950 2719 Praeter
995 2681 1080 2730 ea,
1104 2684 1221 2736 qum
1251 2670 1302 2722 in
1334 2672 1468 2724 actis
1508 2672 1897 2738 proposuimus,
1947 2683 2167 2724 necesse

622 2767 650 2802 ο
684 2762 784 2814 est,
813 2762 868 2806 ut
902 2754 1094 2808 litteris
1115 2773 1322 2823 quoque.
1350 2772 1545 2813 nostra:
1573 2760 1849 2826 parvitatis
1882 2759 2163 2813 sanctissi-

627 2857 646 2888 ι
681 2855 765 2893 mo
793 2842 939 2894 l'ratri
974 2854 1155 2897 nostro
1199 2858 1250 2898 et
1278 2862 1549 2900 sacrorum
1589 2848 1955 2901 comministro
2005 2848 2165 2899 Boni-

624 2947 645 2979 ι
680 2928 815 2984 facio
846 2934 1043 2996 omnia,
1067 2950 1180 3001 qua:
1206 2946 1510 2997 tractamus,
1546 2937 1848 3001 plenissime
1868 2937 2169 3004 signiﬁcen-

626 3035 640 3064 ι
675 3026 781 3072 tur.
808 3020 1023 3089 Anergo
1051 3034 1227 3076 nostra
1256 3024 1498 3077 oninibus
1521 3025 1727 3091 placeat
1766 3026 2166 3094 consequentia,

621 3125 643 3157 ι
678 3122 742 3161 ex
800 3124 893 3163 ore
948 3114 1182 3165 υιιιιιὶοιιι
1248 3114 1537 3169 discamus.
1601 3134 1618 3166 ι

922 3282 1171 3337 Universa
1204 3288 1428 3355 synodus
1458 3289 1610 3345 dixit.
1633 3289 1828 3343 Placet.

692 3368 922 3429 Novatus
971 3375 1279 3443 episcopus,
1336 3377 1661 3431 Mauritaniae
1708 3377 1969 3433 Sitifensis
2027 3380 2167 3449 lega-

617 3468 913 3527 tus,dixit:
955 3485 973 3517 ι
1020 3467 1351 3521 Meminimus
1408 3470 1648 3534 equidem
1687 3470 1784 3522 hoc
1816 3472 2167 3523 commonito-

622 3580 639 3609 ι
684 3560 818 3611 rium
858 3560 922 3610 de
946 3558 1291 3625 presbyteris,
1329 3566 1381 3609 et
1407 3567 1659 3623 praeterea
1691 3559 1754 3611 de
1786 3560 2020 3613 diacouis
2065 3560 2095 3612 l‘.
2119 3577 2171 3613 r~

624 3665 646 3696 ι
684 3659 767 3699 ms
786 3646 1081 3704 continere,
1112 3645 1337 3711 qualiter
1366 3646 1591 3697 debeant
1631 3662 1658 3697 ιι
1701 3648 1929 3712 propriis
1958 3648 2167 3715 episco-

621 3752 643 3785 ι
686 3734 783 3797 pis,
809 3733 889 3785 vel
916 3733 980 3785 ab
1016 3733 1077 3785 iis
1108 3734 1196 3797 qui
1255 3743 1377 3784 sunt
1410 3734 1638 3793 linitimi,
1682 3735 1885 3797 audiri;
1931 3738 2066 3801 quod
2116 3738 2166 3788 iu

621 3835 641 3867 ι
678 3817 884 3870 Nicaana
916 3820 1118 3885 synodo
1160 3834 1487 3886 nequaquam
1520 3820 1759 3886 legimus.
1792 3820 2075 3889 Propterea
2119 3824 2166 3876 id

621 3926 639 3957 ι
670 3909 872 3974 jubebit
906 3919 1080 3961 vestra
1113 3908 1366 3961 sanctitas
1391 3911 1508 3977 legi.
1544 3929 1559 3959 ι

684 4086 923 4139 Aurelius
943 4087 1218 4152 episcopus
1243 4087 1401 4139 dixit:
1423 4106 1440 4137 ι
1464 4087 1653 4140 Coram
1679 4090 1878 4158 legatur
1907 4094 2004 4147 hoc
2036 4109 2168 4161 quo-

622 4195 645 4228 ι
685 4190 788 4243 que
816 4178 957 4243 quod
987 4176 1260 4242 quaeritur.
1311 4194 1329 4226 ι

1078 4265 1259 4316 Daniel
1282 4267 1513 4319 notarius
1537 4268 1654 4335 legit
1675 4286 1688 4321 :

699 4369 718 4405 t
761 4352 833 4406 De
857 4354 1299 4421 appellationibus
1327 4365 1502 4407 autem
1545 4356 1885 4421 clericorum,
1922 4360 2021 4415 hoc
2052 4371 2155 4426 est,

2187 4291 2239 4349 D

2616 2579 2911 2644 Αὐρήλιος
2937 2578 3272 2643 ἐπίσκοπος
3303 2573 3455 2629 εἶπε·

2344 2688 2361 2718 ι
2415 2668 2598 2729 Ἐκτδς
2633 2660 2706 2719 ὧν
2734 2668 3157 2736 προτεθείκαμεν
3183 2670 3239 2719 ὲν
3269 2669 3377 2727 τοῖς
3395 2665 3823 2733 πεπραγμένοις,

2272 2775 2290 2807 ι
2328 2758 2539 2823 ἀνάγκη
2566 2757 2683 2808 tati
2737 2759 2829 2809 καὶ
2859 2758 3147 2825 γράμμασι
3209 2757 3309 2825 τῆς
3355 2755 3632 2824 ἡμετέρας
3694 2750 3827 2818 βραο

2274 2867 2292 2897 ι
2334 2849 2559 2916 χύτητο;
2591 2846 2667 2915 τῷ
2710 2847 2992 2914 ἁγιωτάτῳ
3043 2846 3254 2914 ἀδελφῷ
3290 2847 3382 2898 καὶ
3430 2842 3825 2912 συλλειτουργῷ

2277 2959 2294 2988 ι
2327 2938 2480 3005 ἡμῶν
2534 2937 2851 3005 Βονηφατὶῳ
2908 2939 3109 2999 πάντα,
3167 2938 3269 2988 ὅσα
3330 2934 3695 3002 ψηλαφώμεν,
3743 2936 3825 2993 είς

2278 3043 2295 3073 ι
2332 3025 2529 3093 πλῆρες
2562 3026 2852 3093 ἐμφανίσαι
2888 3040 2901 3054 ο
2926 3025 3022 3076 ἐὰν
3085 3024 3262 3077 τοίνυν
3313 3025 3474 3075 πᾶσιν
3523 3023 3728 3091 ἀρέσκῃ
3787 3023 3819 3089 ὴ

2276 3116 2595 3182 «ἡμετέρα
2688 3113 3139 3183 ὲπακολούθησις,
3234 3114 3496 3183 μάθωμεν
3590 3113 3821 3179 στόματι

2274 3222 2292 3254 ι
2335 3206 2564 3257 πάντων.
2598 3224 2614 3254 ι

2439 3297 2731 3361 Σύμπασα
2762 3299 2796 3361 ἠ
2828 3295 3088 3359 σύνοδος
3113 3290 3300 3347 εἶπεν·
3349 3294 3636 3361 Ἀρέσκει·

2339 3384 2580 3447 Ναυᾶτος
2644 3384 2934 3445 ἐπίσκοπος
2974 3424 2991 3449 ,
3026 3382 3396 3451 τοποτηρητὴς
3443 3380 3815 3449 Μαυριτανίας

2269 3472 2612 3539 Σιτιφὲνσης,
2668 3469 2819 3524 εἷπε·
2862 3492 2880 3524 ι
2920 3469 3262 3537 Μεμνήμεθα
3334 3468 3513 3520 τοίνυν
3575 3465 3733 3518 τοῦτο
3755 3466 3818 3517 τὸ

2281 3581 2299 3612 ι
2340 3562 2771 3633 κομμονιτώριον
2800 3563 2929 3631 περὶ
2957 3556 3359 3631 πρεσϐυτέρων,
3415 3557 3493 3609 ἔτι
3547 3557 3653 3625 μὴν
3698 3555 3817 3607 δια-

2273 3669 2292 3701 ι
2329 3651 2497 3704 κόνων
2530 3653 2605 3713 ὡς
2672 3653 2965 3720 περιέχειν,
3022 3650 3138 3711 πῶς
3196 3648 3502 3715 ὀφείλουσιν
3557 3645 3662 3698 ἀπὸ
3708 3644 3817 3695 τῶν

2273 3761 2289 3791 ι
2330 3742 2474 3794 ἰδίων
2500 3743 2817 3794 ἐπισκόπων
2870 3742 2902 3812 ἢ
2943 3741 3007 3791 ἐκ
3065 3740 3169 3791 τῶν
3238 3737 3579 3806 ὁμορούντων
3620 3735 3818 3786 ἁκεὸε-

2272 3849 2290 3879 ι
2329 3830 2471 3893 σθαι,
2493 3832 2627 3899 ὅπερ
2645 3833 2701 3881 ὲν
2718 3832 2780 3899 τῇ
2821 3829 3072 3881 Νικαέων
3094 3826 3293 3894 συνόδῳ
3321 3823 3573 3892 οὐδαμῶς
3598 3822 3808 3885 ἀνέγνω

2272 3937 2289 3969 ι
2331 3936 2428 3985 μεν
2460 3935 2472 3947 ³
2505 3920 2584 3971 διὸ
2609 3919 2764 3970 τοῦτο
2793 3919 2919 3970 αὐτὸ
2941 3917 3181 3969 κελεύσει
3210 3917 3241 3985 ἡ
3270 3914 3513 3983 ὑμετέρα
3538 3911 3813 3980 ἁγιωσύνη

2270 4029 2287 4059 ι
2327 4008 2751 4075 ἀναγνωσθῆναι.
2787 4026 2805 4058 ι

2333 4097 2595 4164 Αὐρήλιος
2639 4096 2933 4157 ἐπίσκοπος
2956 4091 3109 4147 εἶπεν
3146 4108 3159 4120 ·
3202 4112 3220 4145 ι
3262 4089 3694 4159 Ἀναγνωσθήτω
3718 4089 3813 4141 ἐπὶ

2275 4204 2293 4233 ι
2332 4187 2494 4237 τόπου
2518 4186 2609 4236 καὶ
2640 4184 2793 4235 τοῦτο
2823 4190 2883 4235 τδ
2908 4184 3256 4253 ζητούμενον.
3300 4201 3318 4234 ι

2629 4273 2849 4340 Δανιὴλ
2903 4274 3175 4340 νοτάριος
3198 4273 3446 4340 ἀνέγνωσ

2340 4385 2357 4414 ι
2396 4366 2526 4435 Περὶ
2557 4366 2831 4431 ἐκκλήτων
2873 4366 2929 4417 δὲ
2959 4364 3253 4433 κληρικιῖιν.
3310 4365 3450 4417 τοῦτ’
3527 4366 3661 4435 ἔστι,
3716 4362 3812 4416 τοῦ

618 4462 641 4495 ι
685 4444 904 4497 minoris
931 4443 1050 4504 loci,
1100 4453 1243 4496 certa
1273 4452 1356 4497 est
1408 4447 1589 4515 synodi
1618 4449 2014 4515 responshzde
2060 4466 2161 4518 qua

2276 4434 2545 4522 ιῆττονος
2571 4455 2757 4515 τόπου,
2785 4454 2885 4521 τῆς
2948 4454 3163 4506 συνόδου
3226 4453 3416 4522 βεϐαία
3466 4434 3612 4506 ἐστὶν
3671 4455 3809 4506 ἀπύ-

618 4554 635 4584 ι
662 4536 787 4601 quid
805 4534 977 4589 Velitis
997 4548 1150 4600 agere
1168 4534 1500 4588 inserendum
1517 4536 1898 4601 existimamu’s,
1914 4542 2161 4609 quoniam

618 4643 634 4672 ι
659 4626 733 4677 sic
758 4625 825 4678 «ιι.
847 4636 955 4679 ιιιηι
980 4633 1083 4680 est.
1105 4644 1122 4674 ι

681 4713 837 4781 512
870 4713 1029 4766 Osius
1067 4714 1348 4781 episcopus
1391 4716 1523 4768 dixit
1560 4734 1573 4768 :
1625 4737 1641 4767 ι
1674 4718 1823 4782 Quod
1851 4734 1942 4771 me
1991 4720 2162 4774 adhuc

616 4818 633 4847 ι
667 4811 858 4860 niuvet,
897 4809 1076 4853 tacere
1106 4816 1209 4853 non
1244 4801 1430 4855 debeo.
1459 4803 1514 4855 Si
1545 4805 1666 4868 quis
1704 4805 1838 4859 forte
1870 4808 2159 4862 iracundus

606 4907 631 4938 ι
653 4889 933 4957 episcopus
955 4892 1114 4956 (quod
1143 4904 1260 4944 esse
1278 4908 1382 4944 non
1407 4892 1585 4959 debet)
1606 4896 1859 4949 adversus
1878 4900 2157 4967 presbyte-

602 4998 630 5025 4
668 4994 781 5031 rum
808 4978 886 5031 vel
919 4978 1197 5032 diaconum
1224 4996 1376 5033 suum
1405 4984 1510 5035 cito
1536 4984 1616 5036 vel
1648 4985 1804 5037 etiam
1832 5000 2017 5053 aspere
2046 5002 2156 5040 rno-

614 5086 629 5116 ι
668 5080 772 5129 tus,
791 5083 910 5122 eum
936 5084 963 5119 a
992 5070 1200 5137 propria
1218 5070 1439 5125 ecclesia
1467 5088 1745 5142 segregare
1759 5075 2004 5137 voluerit,
2031 5091 2154 5144 pro-

612 5176 628 5205 ι
667 5157 945 5210 videndum
968 5168 1069 5220 est,
1102 5172 1165 5210 ne
1188 5160 1303 5211 sine
1327 5175 1484 5214 causa
1507 5164 1912 5225 condemnetur,
1936 5166 2014 5217 vel
2035 5180 2155 5234 per-

612 5265 631 5295 ι
663 5246 1195 5300 datcommunionem
1234 5267 1246 5300 :
1280 5250 1467 5303 habeat
1494 5267 1619 5319 ergo
1663 5262 1980 5320 potestatem
2039 5256 2148 5322 eje-

610 5356 629 5386 ι
660 5347 776 5391 ctus
819 5337 1071 5391 ﬁnitimos
1113 5340 1418 5401 accedendi,
1452 5349 1505 5392 ut
1538 5357 1694 5395 causa
1749 5344 1863 5410 ejus
1903 5347 2149 5398 audiatur

608 5448 625 5477 ι
673 5437 725 5480 et
755 5428 1057 5494 diligentius
1080 5438 1357 5482 tractetur.
1381 5429 1437 5482 Ei
1466 5430 1606 5483 enim
1640 5434 1845 5497 roganti
1871 5433 2142 5485 audientia

610 5534 627 5561 ι
669 5531 771 5569 non
805 5527 884 5569 est
912 5518 1219 5588 deneganda
1261 5539 1272 5572 :
1329 5521 1453 5588 quin
1511 5531 1561 5573 et
1598 5522 1682 5575 ille
1716 5525 2021 5591 episcopus,
2052 5526 2141 5592 qui

611 5624 632 5653 ι
658 5621 795 5672 cum,
829 5608 939 5662 sive
965 5608 1084 5676 jure
1108 5610 1216 5664 sive
1234 5610 1446 5679 injuria,
1470 5610 1649 5677 ejecit,
1669 5628 1780 5667 rem
1827 5607 2020 5670 discuti
2047 5632 2143 5685 pa-

2271 4562 2288 4592 ι
2324 4560 2503 4610 κρισις
2533 4560 2546 4573 ·
2577 4544 2703 4612 περὶ
2728 4540 2793 4615 ἦς
2824 4545 2875 4596 τί
2909 4546 3130 4613 μέλλετε
3178 4546 3435 4612 πράττειν
3475 4544 3806 4613 ἡγησάμεθα

2266 4650 2283 4683 ι
2321 4633 2552 4698 ὀφείλειν
2582 4636 2853 4702 ὲναγῆναι,
2931 4634 3115 4703 ἐπειδὴ
3154 4634 3327 4695 οὕτως
3373 4635 3639 4687 λέλεκται.
3671 4654 3688 4685 ι

2335 4725 2520 4785 Ὀσιος
2543 4724 2836 4787 ἐπίσκοπος
2867 4720 2988 4777 εἷπε
3010 4742 3023 4755 ·
3045 4745 3062 4775 ι
3086 4725 3159 4778 Τὸ
3186 4726 3263 4777 ἔτι
3299 4726 3479 4778 κινοῦν
3503 4745 3567 4794 με
3596 4727 3807 4793 σιωπῆ-

2264 4830 2283 4862 ι
2332 4830 2416 4865 σαι
2444 4814 2545 4865 οὐκ
2572 4813 2791 4881 ὀφείλω.
2830 4815 2953 4866 Ἐάν
2980 4833 3062 4878 τις
3094 4816 3257 4883 τυχὸν
3332 4817 3627 4876 ἐπίσκοπος
3649 4816 3802 4885 ὀργί-

2264 4922 2282 4953 ι
2317 4904 2427 4966 λος,
2471 4905 2607 4975 ὅπερ
2664 4904 2763 4956 οὐκ
2819 4904 3042 4971 ὀφείλει,
3070 4908 3276 4973 ταχέως
3328 4907 3361 4973 ἦ
3423 4908 3513 4957 καὶ
3557 4909 3806 4974 τραχέως

2262 5010 2280 5042 ι
2319 4993 2561 5061 κινηθεὶς
2618 4995 2756 5045 κατὰ
2806 4995 3176 5063 πρεσϐυτέρου
3253 4995 3285 5064 ἦ
3341 4997 3584 5049 διακόνου
3642 4997 3798 5062 ἰδίου,

2263 5102 2280 5132 ι
2320 5084 2583 5150 ἀφορίσαι
2628 5082 2815 5134 τοῦτον
2862 5085 2958 5150 τῆς
3010 5085 3139 5146 ίδίας
3193 5085 3406 5154 θελήσοι
3480 5088 3796 5156 ἐκκλησίας.

2262 5191 2279 5222 ι
2318 5174 2643 5240 προνοητέον
2681 5174 2847 5232 ἐστὶν,
2906 5175 2991 5226 ἴνα
3029 5177 3100 5244 μὴ
3155 5176 3409 5238 ἀναιτίως
3457 5177 3788 5245 κατακριθῇ,

2259 5281 2277 5311 ι
2326 5262 2626 5330 ἢάπολέσῃ
2651 5262 2746 5327 τὴν
2769 5264 3054 5315 κοινωνίαν
3089 5281 3103 5295 ο
3156 5266 3325 5333 ἐχέτω
3394 5262 3486 5318 οὖν
3547 5265 3797 5325 ἐξουσίαν

2259 5371 2275 5400 ι
2315 5350 2597 5420 ἐκϐληθεὶς
2626 5353 2941 5420 προσελθεῖν
2972 5358 3082 5417 τοῖς
3116 5358 3359 5424 ὁμόροις,
3408 5356 3544 5407 ὥστε
3620 5357 3791 5406 ἀκουο

2258 5456 2276 5487 ι
2317 5438 2506 5506 σθῆναι
2547 5439 2644 5508 τὴν
2704 5441 2879 5493 αἰτίαν
2954 5444 3141 5507 αὑτοῦ,
3209 5446 3299 5498 καὶ
3358 5445 3781 5512 ἐπιμελέστερον

2256 5546 2275 5577 ι
2312 5527 2849 5597 ψηλαφηθῆναι.οὖκ
2895 5533 3096 5597 ὀφείλει
3155 5534 3262 5601 γὰρ
3340 5533 3487 5601 αὑτῷ
3537 5549 3791 5600 παρακα-

2259 5635 2275 5667 ι
2313 5616 2487 5668 λοῦντι
2520 5618 2738 5686 ὑπακοὴ
2769 5620 3064 5689 ἀρνηθῆναι
3103 5638 3115 5651 ·
3148 5626 3391 5684 κάκεῖνος
3422 5623 3474 5675 δὲ
3509 5626 3534 5674 ὀ
3574 5622 3797 5672 ἐπίσκο-
