4114 6492
553 369 624 429 39
1820 350 2103 411 Tl-IEOD.
2147 349 2544 411 BALSAMON
3737 365 3806 427 ,ο

543 477 617 531 De
669 489 763 529 sua
815 473 958 527 enim
1012 470 1273 541 dignitate
1333 469 1387 523 in
1433 465 1730 536 periculum
1780 466 1978 530 veniet,
2015 465 2117 517 ltoc

2229 460 2544 527 ἐκφεύξεται
2583 462 2671 513 τὸν
2710 463 2974 518 κίνδυνον.
3015 467 3364 526 Κινδυνεύσει
3404 475 3511 547 γὰρ
3553 478 3684 549 περὶ
3718 483 3810 550 τὴν

542 579 643 624 est.
697 566 1017 632 deponetur.

611 654 864 709 ZONAR.
893 653 1024 708 Cum
1051 654 1114 706 de
1161 649 1539 704 interdiceudo
1591 647 1804 703 clericis
1834 645 2108 701 feneratio

542 756 749 818 qttzrstu
801 747 885 799 hic
942 759 1115 797 canon
1169 754 1391 796 aeiurus
1422 741 1513 804 sit,
1569 739 1635 793 de
1685 737 1910 792 avaritia
1947 739 2119 804 primo

542 840 784 901 disserit,
835 851 1061 904 eamque
1111 834 1350 889 omnium
1406 833 1666 887 malorum
1716 840 1992 900 parentem
2026 845 2120 897 ap-

542 930 721 996 pellat,
750 928 1258 992 continentiamque,
1305 926 1407 978 hoc
1451 934 1534 978 est
1573 922 1923 976 coercendam
1959 931 2119 990 atque

543 1022 927 1088 amputandain
959 1034 1080 1074 csse
1109 1017 1373 1082 decernit,
1412 1031 1477 1070 ne
1517 1031 1603 1070 res
1635 1015 1840 1069 alienas
1875 1014 2114 1078 invadat,

541 1111 732 1180 eisque
782 1113 1056 1164 abutatur.
1108 1110 1348 1163 Abusum
1383 1121 1511 1161 vero
1541 1107 1916 1160 inconcessum
1947 1105 2118 1158 alicu-

540 1203 627 1270 ius
663 1203 740 1256 rei
774 1216 928 1254 usum
957 1200 1274 1253 nominavit.
1303 1197 1446 1252 Usus
1473 1210 1597 1250 vero
1651 1196 1727 1247 rei
1768 1195 2117 1248 inroucessus

541 1296 703 1349 etiam
758 1302 863 1355 est,
899 1291 1102 1360 aliquid
1135 1291 1376 1343 honesta:
1403 1302 1581 1342 causae
1616 1295 1998 1358 praetexeutem
2034 1300 2120 1338 res

541 1383 746 1438 alienas
795 1384 1029 1435 auferre.
1066 1380 1220 1442 Nam,
1269 1388 1321 1432 et
1366 1380 1458 1447 qui
1501 1377 1772 1442 funeram,
1827 1376 1979 1446 quasi
2029 1375 2118 1442 qui

539 1473 727 1528 fenore
761 1473 1034 1541 accipiunt
1082 1472 1210 1524 illud
1267 1470 1320 1522 in
1378 1484 1533 1523 suum
1588 1470 1929 1523 commodum
1989 1481 2119 1521 con-

541 1575 777 1626 vertant,
830 1566 901 1616 ita
936 1578 998 1615 cx
1048 1561 1232 1615 fenore
1282 1560 1434 1614 lucro
1475 1575 1595 1614 sese
1616 1559 1792 1627 [petiri
1827 1557 2116 1612 allirmant.

541 1655 914 1709 ltesecaudam
960 1655 1142 1721 itaque
1187 1654 1344 1705 aliter
1399 1653 1681 1705 avaritiam
1721 1661 1988 1714 autumat,
2032 1666 2115 1716 ac,

539 1762 609 1800 ne
659 1747 792 1799 lucri
831 1746 1129 1813 cupiditate
1161 1743 1486 1797 constitutos
1518 1758 1545 1794 a
1576 1741 1828 1796 Patribus
1861 1743 2119 1796 terminos

538 1838 809 1906 quispiam
849 1836 1140 1897 transiliat,
1177 1834 1586 1901 providendum.
1631 1831 1915 1886 Terminos
1955 1846 2118 1901 porro

539 1926 759 1980 Patrum
793 1941 978 1980 sacros
1013 1941 1252 1979 canones
1281 1925 1604 1978 nominavit.
1652 1925 1782 1978 Nam
1815 1933 1869 1978 et
1899 1933 2118 1976 sancto-

542 2036 659 2073 rum
701 2019 1065 2087 apostolorum
1109 2030 1304 2080 quarto
1350 2027 1404 2069 et
1443 2016 1860 2086 quadragesimo
1889 2028 2117 2080 canone,

538 2111 678 2164 sacri
725 2110 934 2163 ordinis
987 2108 1295 2162 hominibus
1329 2107 1577 2161 fenerare
1610 2121 1673 2159 ne
1704 2107 1887 2169 liceat,
1918 2105 2117 2159 consti-

540 2213 733 2255 tutum.
760 2201 826 2254 Et
847 2201 1031 2267 prima
1050 2199 1398 2254 uacumeniea:
1420 2199 1609 2268 synodi
1640 2197 1850 2252 decimo
1870 2197 2117 2265 septimo,

537 2294 627 2362 qui
682 2304 1031 2346 recensentur
1086 2291 1136 2344 in
1183 2305 1410 2354 canone,
1490 2290 1534 2344 si
1601 2289 1752 2343 lenus
1809 2297 2116 2353 exerceant,

537 2383 883 2452 depositione
914 2382 1211 2435 multantur
1235 2392 1291 2436 et
1344 2380 1794 2436 condemnantur.
1827 2379 1890 2432 Et
1927 2378 2122 2432 Laodi-

538 2490 684 2528 cenzc
732 2475 923 2542 synodi
963 2488 1134 2526 canon
1168 2472 1201 2526 4
1253 2470 1423 2525 sacris
1456 2470 1694 2523 initiatos
1741 2486 1850 2523 rem
1887 2469 2118 2537 aliquam

539 2568 730 2620 fenore
753 2565 932 2618 locare
962 2563 1184 2616 ontnino
1223 2570 1392 2616 vetat.
1430 2561 1540 2614 llos
1576 2577 1704 2634 ergo
1747 2576 1984 2614 canones
2022 2561 2121 2613 Pa-

544 2668 687 2710 trum
722 2657 981 2710 terminos
1014 2654 1359 2723 nuncupavit.
1396 2652 1695 2707 Resecetur
1725 2667 1875 2714 vero,
1927 2652 2120 2721 inquit,

542 2747 882 2817 inexplebilis
931 2747 1157 2799 habendi
1191 2745 1484 2812 cupiditas,
1536 2755 1595 2796 ιιι
1640 2759 1708 2797 ne
1759 2743 1958 2798 clerico
2008 2741 2123 2796 cui-

541 2853 702 2908 quam
753 2853 963 2900 usuras,
1003 2851 1325 2906 quacunque
1358 2835 1574 2889 demum
1604 2849 1671 2888 ex
1729 2850 1809 2900 rc,
1848 2834 2125 2902 percipere

544 2930 654 2982 ullo
701 2932 857 2982 modo
889 2928 1066 2981 liceat.
1133 2925 1243 2980 Nec
1277 2928 1422 2979 enim
1489 2929 1717 2995 pecunia
1763 2925 2122 2987 solummodo,

545 3021 640 3072 sed
668 3019 1000 3072 frumentum
1055 3033 1294 3086 quoque,
1336 3021 1520 3072 vinum
1574 3027 1626 3070 et
1652 3018 1852 3080 oleum,
1914 3015 2125 3083 aliaque

2222 552 2431 605 οἰκείαν
2463 554 2770 623 ἐπιτιμίαν,
2807 556 3050 618 τουτέστι
3085 561 3560 634 καθαιρεθήσεται.

2293 643 2542 697 ZONAP.
2578 645 2715 713 Περὶ
2747 645 2838 697 τοῦ
2872 647 2947 716 μὴ
2975 650 3213 714 τοκίζειν
3245 655 3541 724 κληρικοϋς
3571 662 3599 712 ό
3634 663 3813 715 κανὼν

2220 729 2582 797 διατάξασθαι
2641 735 2890 800 μέλλων,
2950 741 3079 806 περὶ
3137 744 3445 814 ἀπληστίας
3497 750 3812 818 διαλέγεται

2221 823 2460 892 πρῶτον,
2495 825 2589 878 καὶ
2619 825 2822 896 ταύτην
2853 827 3000 882 εἷναί
3031 849 3163 901 φησι
3194 837 3304 888 τῶν
3337 841 3522 893 κακῶν
3555 844 3816 899 ἁπάντων

2225 913 2462 982 μητέρα,
2505 915 2570 984 ἢν
2612 919 2708 968 καὶ
2750 919 2972 988 ἐπέχειν
3015 923 3212 991 όρίζει,
3253 932 3504 983 τουτέστι
3553 934 3810 1000 κωλύειν,

2221 1003 2585 1068 ἀνακόπτειν,
2623 1007 2709 1060 ἵνα
2747 1008 2820 1077 μὴ
2853 1013 2964 1074 τοῖς
2997 1014 3301 1086 ἀλλοτρίοις
3335 1021 3681 1096 ἐπμόαίνῃ,
3716 1028 3814 1080 καὶ

2220 1095 2629 1187 κατακέχρηται
2682 1101 2884 1163 αὐτοῖς.
2929 1103 3284 1175 Κατάχρησιν
3333 1110 3378 1162 δ’
3408 1095 3664 1181 ὠνόμασε
3717 1117 3814 1187 τὴν

2221 1186 2373 1252 παρὰ
2404 1187 2463 1238 τὸ
2499 1187 2616 1239 δέον
2646 1190 2877 1258 χρῆσινο
2913 1195 3108 1263 χρῆσις
3151 1198 3205 1249 δὲ
3254 1202 3403 1270 παρά
3435 1206 3494 1256 τὸ
3537 1207 3660 1259 δέον
3693 1196 3815 1262 ἐστῖ

2220 1275 2316 1327 καὶ
2343 1275 2400 1327 τὸ
2427 1278 2756 1348 εὖαφόρμως
2783 1282 2926 1350 τάχα
2952 1287 3019 1336 τά
3049 1287 3311 1358 ἀλλότρια
3338 1293 3722 1365 ἀφαιρεῖσθαι.
3749 1304 3814 1355 Ol

2220 1366 2328 1459 γάρ
2365 1367 2702 1459 δανείζοντες
2739 1373 2831 1424 ἐπὶ
2865 1376 3067 1440 τόκοις,
3102 1378 3178 1441 ὠς
3211 1381 3373 1450 δῆθεν
3406 1385 3815 1459 ὠφελουμένων

2219 1457 2326 1508 τῶν
2363 1457 2785 1528 δανειζομένων,
2827 1466 2890 1516 ἐκ
2931 1467 3021 1518 τού
3063 1469 3257 1533 δανους
3300 1476 3436 1539 φασὶ
3479 1480 3571 1530 καὶ
3613 1457 3817 1547 αὐτοὺς

2221 1552 2592 1620 συμμετέχειν
2621 1554 2714 1604 τοῦ
2749 1555 2998 1624 κέρδους.
3033 1559 3143 1612 Καὶ
3177 1563 3352 1627 ἄλλως
3384 1567 3439 1618 δὲ
3474 1569 3816 1626 ἀνακόπτειν

2220 1640 2334 1702 δεῖ,
2375 1645 2544 1712 φησι,
2582 1644 2678 1715 τὴν
2718 1647 3029 1712 πλεονεξίαν
3052 1693 3066 1714 ,
3105 1652 3194 1704 ἵνα
3233 1655 3307 1726 μὴ
3344 1656 3429 1708 διὰ
3465 1660 3656 1728 κέρδος
3686 1662 3818 1727 τοὺς

2221 1732 2328 1784 τῶν
2359 1734 2618 1795 Πατέρων
2648 1737 2806 1804 ὅρους
2837 1756 2918 1802 τις
2951 1741 3280 1816 ὑπερϐαίνει,
3310 1748 3468 1817 ὅρους
3496 1752 3605 1803 τῶν
3637 1755 3817 1808 Πατέ-

2225 1840 2334 1892 ρων
2364 1826 2492 1884 τοὺς
2530 1829 2710 1895 ίεροὺς
2748 1831 2981 1895 κανόνας
3018 1834 3224 1889 καλῶν.
3255 1838 3322 1890 '0
3355 1855 3413 1891 τε
3454 1841 3563 1912 γὰρ
3606 1843 3689 1913 μδ’
3717 1863 3819 1899 κα-

2222 1914 2329 1968 νὼν
2372 1917 2478 1969 τῶν
2521 1918 2836 1973 ἀποστόλων
2881 1923 2942 1976 τὸ
2987 1924 3256 1990 δανείζειν
3301 1931 3426 1992 τοὺς
3478 1933 3814 2001 ίερωμένους

2222 2007 2314 2061 ἐπὶ
2343 2010 2521 2072 τόκοις
2552 2011 2910 2082 ἀπαγορεύει,
2946 2019 3038 2070 καὶ
3065 2019 3092 2070 ό
3118 2019 3218 2086 τῆς
3246 2021 3470 2092 πρώτης
3499 2027 3816 2097 οίκουμενιτ

2222 2099 2324 2167 κῆς
2361 2100 2580 2153 συνόδου
2621 2101 2682 2166 ιζ’
2709 2103 2890 2157 κανὼν
2921 2106 3242 2174 καθαιρέσει
3275 2111 3681 2168 καθυποὸάλλει
3717 2120 3816 2172 καὶ

2222 2191 2576 2254 καταδικάζει
2618 2195 2744 2255 τοὺς
2789 2197 2847 2246 ἐν
2890 2195 2967 2264 τῷ
3012 2198 3198 2249 κανόνι
3245 2198 3672 2271 ἐξεταζομένους
3717 2208 3817 2261 ἐπὶ

2221 2285 2400 2348 τόκοις
2434 2285 2805 2350 δανείζοντας.
2838 2287 2949 2340 Καὶ
2981 2289 3009 2340 ό
3039 2288 3141 2357 τῆς
3174 2293 3231 2342 ἐν
3262 2291 3555 2365 Λαοδικείᾳ
3591 2299 3812 2353 συνόδου

2221 2373 2261 2427 δ’
2290 2375 2470 2428 κανὼν
2497 2378 2798 2446 ἀποτρέπει
2827 2381 2939 2440 τοῖς
2973 2380 3271 2445 ἱερατικοῖς
3294 2382 3355 2434 τὸ
3385 2383 3481 2434 ἐπὶ
3507 2386 3689 2450 τόκοις
3716 2389 3816 2442 δαο

2222 2467 2439 2530 νείζειν.
2475 2469 2711 2532 Τούτους
2742 2465 2836 2522 οὖν
2866 2471 2994 2533 τοὺς
3029 2472 3260 2535 κανόνας
3293 2474 3453 2541 ὅρους
3487 2478 3597 2532 τῶν
3631 2481 3814 2534 nati-

2225 2571 2335 2628 ρων
2371 2559 2649 2614 ἐκάλεσεν.
2681 2561 3097 2617 Ἀνακοπτέσθω
3122 2566 3197 2631 δὲ,
3230 2571 3422 2637 φησιν,
3451 2572 3483 2640 ὴ
3510 2570 3812 2640 ἀπληστία,

2224 2653 2320 2702 καὶ
2354 2650 2441 2702 ῐνα
2478 2652 2554 2720 μὴ
2590 2651 2684 2721 ἐξῇ
2723 2653 2972 2724 κληρικῴ
3006 2657 3281 2726 οἱῳδήτινι
3313 2661 3472 2715 τόκον
3505 2661 3815 2730 λαμϐάνειν

2225 2740 2330 2794 ἀπὸ
2364 2743 2683 2811 οίουδήποτε
2721 2745 3073 2814 πράγματος.
3110 2749 3185 2801 Οὐ
3227 2752 3389 2818 μόνον
3422 2753 3534 2822 γὰρ
3567 2755 3818 2824 ἀργύρια

2226 2833 2581 2898 δανείζονται,
2613 2835 2747 2887 ἀλλὰ
2781 2839 2873 2888 καὶ
2907 2841 3053 2900 σῖτος
3084 2841 3179 2892 καὶ
3209 2836 3352 2904 οίνος
3385 2846 3477 2895 καὶ
3508 2844 3686 2896 ἔλαιον
3717 2845 3816 2897 καὶ

2232 2923 2401 2994 μυρία
2439 2925 2603 2987 ἕτερα
2640 2927 2775 2995 εῖδη.
2812 2927 2924 2979 Καὶ
2960 2927 3150 2998 ὥσπερ
3189 2931 3421 2985 ἐπὶτῶν
3452 2934 3815 3004 νομισμάτων

2231 3019 2605 3085 συμφωνεῖται
2645 3017 2882 3070 δίδοσθαι
2920 3021 3097 3083 τόκος,
3134 3020 3276 3075 οὕτω
3321 3025 3416 3076 καὶ
3460 3025 3696 3077 ἐπὶτῶν
3737 3028 3820 3078 εί·

547 3125 728 3164 rerttm
793 3125 989 3180 genera
1055 3109 1470 3163 innumerabilia
1520 3109 1694 3162 fenori
1753 3108 2019 3160 locantur.
2061 3105 2120 3157 Et

2229 3105 2352 3162 δῶν.
2386 3109 2656 3172 Δανείζων
2689 3111 2797 3178 γάρ
2829 3127 2912 3172 τις
2950 3114 3094 3164 σῖτον
3126 3115 3288 3183 τυχὸν
3325 3115 3540 3179 μοδίους
3575 3117 3774 3170 ἐκατδν
3796 3158 3810 3182 ,

542 3204 996 3271 quemadmodum
1033 3202 1081 3253 iu
1123 3200 1371 3271 pecunia,
1406 3199 1479 3252 ita
1514 3214 1578 3252 ex
1645 3199 1892 3253 cendicto
1947 3213 2125 3252 usurae

544 3295 597 3348 iu
630 3295 751 3349 aliis
777 3310 954 3348 rerum
993 3296 1286 3361 generibus
1341 3295 1655 3360 exiguntur.
1722 3289 1874 3344 Datis
1933 3304 2127 3358 nempe

544 3391 838 3459 quispiam,
869 3390 1102 3457 exempli
1148 3402 1334 3447 causa.
1374 3387 1580 3438 mutuis
1614 3395 1831 3438 centum
1870 3381 2124 3437 frumenti

548 3483 768 3546 modiis,
805 3482 1075 3549 praeﬁnito
1104 3489 1348 3546 tempore
1385 3471 1572 3544 elapso
1627 3487 1840 3529 centqu
1879 3491 1937 3527 se
1975 3477 2123 3528 insu-

548 3591 648 3646 per
698 3574 1004 3628 modiorum
1062 3586 1346 3623 numerum
1412 3575 1764 3635 accepturum
1817 3566 2125 3635 paciscitur,

549 3665 710 3731 idque
741 3665 794 3716 in
828 3663 949 3717 aliis
971 3663 1161 3715 eodem
1200 3661 1378 3712 modo.
1412 3656 1489 3712 Ne
1536 3657 1660 3726 quis
1693 3657 1854 3726 igitur
1891 3666 2038 3710 esset
2075 3657 2126 3709 in

550 3757 906 3810 adulterando
933 3769 1138 3806 canone
1159 3751 1332 3805 fraudi
1388 3750 1560 3813 locus,
1594 3750 1665 3803 ita
1715 3758 1832 3802 uta
1898 3747 2124 3817 pecunia

550 3847 764 3914 quidem
798 3843 1115 3905 temeranda,
1148 3859 1252 3896 non
1283 3853 1460 3895 tamen
1492 3846 1557 3896 ab
1597 3842 1777 3894 usuris
1812 3855 1874 3895 ex
1901 3841 2125 3892 aliarum

551 3955 734 3993 rerum
791 3938 1088 3990 nmtatione
1113 3935 1433 4001 colligendis
1477 3935 1674 3987 sacrati
1706 3935 1953 3986 homines
2006 3930 2130 3983 abs-

553 4032 825 4092 tinerent;
880 4027 1084 4081 idcirco
1112 4024 1323 4088 Patres,
1362 4039 1429 4078 ne
1453 4039 1515 4077 ex
1553 4038 1878 4092 quacunque
1922 4037 1978 4075 re
2034 4020 2129 4075 tle-

555 4138 698 4176 muut
738 4134 936 4174 usuras
981 4117 1258 4188 percipere
1294 4116 1474 4178 liceat,
1507 4117 1779 4169 addidere.
1810 4116 1886 4166 Ae
1913 4129 1975 4168 ea
2012 4114 2131 4182 qui-

552 4211 694 4276 dem,
728 4210 998 4277 inquiunt,
1031 4223 1150 4277 quae
1207 4206 1370 4259 relata
1424 4220 1617 4273 nuper,
1679 4208 1779 4258 lioe
1829 4215 1930 4267 est,
1977 4205 2131 4259 nobis

554 4301 857 4368 signiﬁcata
893 4309 1040 4362 sunt,
1095 4295 1325 4349 obscura
1381 4290 1600 4363 quippe,
1638 4294 1688 4347 id
1740 4303 1843 4357 est,
1904 4295 2130 4358 incerta,

555 4390 792 4445 involuta
821 4390 1058 4444 tenebris
1094 4397 1145 4442 et
1180 4389 1380 4457 ignota,
1418 4383 1862 4448 elIorinabuutur,
1897 4386 1996 4440 hoc
2026 4395 2128 4452 est,

555 4501 584 4538 a
617 4485 767 4537 nobis
799 4494 1053 4536 accurate
1078 4483 1332 4534 meditata
1365 4480 1722 4532 deiiuieutur:
1751 4493 1870 4548 quae
1902 4494 2030 4534 vero
2047 4481 2130 4534 di-

557 4574 694 4628 viua:
728 4574 1023 4642 Scriptura:
1053 4573 1288 4626 oraculis
1345 4572 1687 4641 praescripta,
1752 4573 1865 4625 sive
1928 4572 2133 4626 consti-

559 4676 694 4730 tuta,
720 4667 938 4718 decreta
971 4673 1120 4729 sunt,
1147 4665 1276 4716 niltll
1297 4665 1363 4716 de
1400 4665 1464 4716 iis
1494 4665 1786 4732 quidquam
1818 4666 2128 4726 decernere,

558 4757 660 4808 lioc
690 4763 770 4806 est
799 4793 812 4816 ,
871 4755 1204 4806 constituere
1228 4791 1243 4816 ,
1300 4755 1394 4806 sed
1424 4766 1486 4805 ea
1515 4790 1530 4814 ,
1570 4768 1687 4820 qua:
1740 4755 1851 4822 jam
1912 4753 2130 4806 deﬁnita

558 4856 704 4908 sunt,
735 4847 887 4913 sequi
916 4859 981 4898 ac
1009 4858 1228 4897 servare
1257 4853 1490 4911 oportet.
1523 4843 1726 4897 Divinte
1789 4859 1950 4908 porro
1981 4845 2128 4898 Scri-

558 4943 731 5003 ptura:
757 4934 1115 5001 appellatione
1186 4948 1369 4986 sacros
1424 4947 1662 4986 canones
1721 4947 1785 4986 ac
1836 4931 2132 5004 Scriptura;

560 5027 865 5080 testimonia
900 5025 1247 5094 signiﬁcavit,
1282 5023 1437 5093 quale
1465 5024 1590 5078 illud
1644 5035 1757 5078 est:
1793 5023 1915 5077 Non
1979 5023 2131 5080 dabis

561 5119 715 5188 [ram
745 5127 833 5169 tuo
856 5121 1130 5186 pecuniam
1166 5118 1233 5169 ad
1258 5133 1510 5184 usuram;
1536 5127 1589 5173 et
1618 5118 1770 5183 illud,
1840 5115 2133 5172 Pecuniam

560 5226 708 5262 suam
761 5227 862 5262 non
890 5211 1030 5263 dedit
1062 5211 1129 5263 ιιά
1167 5226 1409 5274 usuram,
1439 5220 1491 5264 et
1515 5225 1847 5279 quacunque
1897 5212 2002 5264 alia
2036 5211 2134 5264 liu-

558 5303 792 5370 jusmodi
830 5307 1194 5371 reperiuntur.
1259 5301 1396 5356 Hinc
1425 5303 1687 5356 rationein
1753 5318 1991 5372 quoque,
2039 5319 2136 5356 cur

568 5402 801 5451 sacratis
850 5399 1158 5452 hominibus
1200 5396 1451 5452 letterare
1503 5398 1817 5452 indecorum
1865 5415 1927 5453 ac
1980 5409 2136 5467 turpe

567 5493 656 5553 sit,
683 5489 975 5556 explicant.
1002 5489 1154 5554 Quod
1213 5490 1355 5543 enim
1411 5489 1460 5542 iu
1525 5488 1702 5553 laieis,
1736 5491 2008 5557 inquiunt,
2050 5505 2136 5542 an.

567 5594 681 5632 sam
723 5580 1158 5649 reprehensionis
1187 5583 1409 5650 praebet,
1443 5581 1544 5634 hoc
1593 5591 1698 5647 est,
1761 5581 2139 5650 vituperationi

569 5673 1048 5741 criininationique
1103 5675 1397 5727 obnoxium
1451 5683 1571 5738 est,
1632 5674 1801 5727 multo
1858 5673 2029 5742 magis
2085 5674 2138 5728 in

570 5767 782 5822 clericis
815 5765 976 5824 fuerit
999 5769 1490 5825 condemnandum.
1513 5767 1592 5822 Ad
1625 5767 1737 5822 haec
1784 5769 2014 5838 synodus
2046 5783 2138 5823 ne-

2229 3204 2512 3267 συμφωνεῖ
2561 3200 2745 3254 λαὸεῖν
2798 3203 2940 3271 μετὰ
2991 3207 3186 3274 καιρὸν
3233 3207 3541 3276 ὡρισμένον
3595 3211 3817 3280 μοδίους

2229 3291 2486 3344 ἐπέκεινα
2525 3292 2739 3359 τόσους,
2788 3296 2882 3346 καὶ
2927 3296 3021 3348 ἐπὶ
3063 3298 3173 3349 τῶν
3218 3299 3395 3352 ἄλλων
3439 3300 3664 3369 ὁμοίως.
3695 3302 3818 3355 Ἵνα

2228 3382 2320 3435 οὖν
2361 3386 2434 3454 μὴ
2475 3386 2888 3456 περιγράφηται
2928 3391 2955 3440 ὁ
2997 3387 3201 3454 κανὼν,
3238 3390 3554 3460 νομίσματα
3598 3393 3697 3460 μὲν
3739 3393 3819 3464 μὴ

2227 3474 2583 3537 δανειζόντων
2619 3477 2719 3528 ἐπὶ
2748 3478 2892 3547 τόκῳ
2924 3478 3031 3531 τῶν
3070 3479 3419 3549 ἱερωμένων,
3458 3483 3517 3534 ἐν
3553 3484 3718 3536 εἴδεσι
3760 3485 3818 3537 δὲ

2228 3564 2387 3616 τοῦτο
2440 3567 2769 3629 ποιούντων,
2814 3569 3142 3637 προσέθεντο
3187 3572 3237 3623 oi
3283 3573 3566 3642 Πατέρες,
3614 3574 3820 3645 οίουδή-

2230 3674 2362 3710 ποτε
2403 3659 2748 3728 πράγματος.
2794 3659 2904 3712 Καὶ
2942 3660 3009 3714 τὲι
3054 3661 3155 3730 μὲν
3197 3665 3389 3717 νεωστὶ
3428 3665 3817 3736 ἀνενεχθέντα,

2228 3749 2507 3801 τουτέστιν
2530 3750 2977 3819 ύπομνησθέντα,
3003 3754 3190 3820 φασιν,
3216 3753 3444 3824 ἀμαυρά
3467 3756 3620 3824 ὄντα,
3645 3760 3818 3829 ἦγουν

2229 3843 2443 3912 ἀσαφῆ,
2475 3845 2728 3895 σκοτεινά
2750 3883 2764 3908 ,
2795 3843 3140 3913 ἀγνοούμενα
3164 3883 3178 3910 ,
3207 3848 3629 3917 τυπωθήσσνται
3648 3888 3661 3910 .
3695 3849 3820 3903 ἀντὶ

2231 3932 2324 3983 τοῦ
2365 3932 2749 4003 όρισθήσονται
2790 3932 2920 4002 παρ’
2947 3936 3104 4004 ἡμῶν
3148 3938 3523 4007 σκοπούμενα,
3565 3938 3601 3993 ἃ
3646 3943 3742 3993 καὶ
3787 3943 3820 4011 ἡ

2233 4020 2352 4073 θεία
2379 4021 2570 4094 Γραφὴ
2595 4023 2903 4086 ἐθέσπισεν,
2934 4024 3053 4093 ἦτοι
3079 4026 3465 4096 ἐνομοθέτησε,
3495 4029 3818 4099 δωρισατο,

2232 4115 2361 4181 περὶ
2398 4115 2620 4166 ἐκείνων
2655 4114 2715 4165 οὐ
2755 4113 2838 4166 δεῖ
2871 4114 3228 4184 ψηφίζεσθαι,
3268 4119 3550 4172 τουτέστιν
3589 4122 3825 4188 ἀποφαίο

2234 4207 2452 4271 νεσθαι,
2483 4207 2619 4260 ἀλλά
2654 4209 2747 4259 καὶ
2782 4207 3013 4260 ἕπεσθαι
3048 4210 3142 4260 καὶ
3177 4210 3496 4263 ἀκολουθεῖν
3529 4214 3646 4275 τοῖς
3678 4229 3827 4266 νενο-

2237 4299 2650 4369 μοθετημένοις.
2677 4299 2840 4351 Θείαν
2869 4299 2924 4351 δέ
2954 4299 3179 4369 Γραφὴν
3206 4301 3333 4363 τούς
3360 4318 3421 4354 τε
3455 4303 3636 4372 ἱεροὺς
3669 4305 3830 4357 κανόο

2237 4407 2332 4453 νας
2351 4389 2622 4458 ὠνόμασε,
2644 4390 2740 4449 τὰς
2764 4389 3280 4468 γραφικαςορήσεις,
3299 4391 3358 4443 τὸ
3383 4394 3506 4446 Οὐκ
3528 4393 3829 4462 ἐκτοκιεῖς

2241 4481 2302 4532 τὸ
2327 4480 2614 4547 ἀργύριόν
2631 4493 2747 4532 σου
2766 4479 2844 4543 τῷ
2867 4478 3108 4547 ἀδελφῷ
3133 4497 3271 4544 σου,
3292 4481 3387 4534 καὶ
3403 4482 3484 4548 τδ,
3512 4484 3830 4553 Ἀργύριον

2239 4570 2424 4624 αὑτοῦ
2451 4571 2563 4623 οὐκ
2591 4569 2816 4623 ἔδωκεν
2836 4570 2935 4623 ἐπὶ
2965 4571 3137 4636 τόκῳ,
3168 4570 3261 4623 καὶ
3286 4572 3386 4624 ὅσα
3409 4573 3657 4628 τοιαῦτα.
3687 4572 3826 4630 Eius

2241 4662 2336 4714 καὶ
2366 4659 2839 4723 κατασκευάζουσι
2867 4660 2984 4723 πῶς
3010 4661 3212 4714 ἄτοπόν
3238 4665 3356 4715 ἐστι
3385 4666 3479 4715 καὶ
3508 4667 3737 4737 αξσλρδν
3765 4670 3828 4723 τὸ

2241 4751 2507 4815 δανείζειν
2535 4752 2628 4804 ἐπὶ
2657 4753 2837 4813 τόκοις
2865 4753 2990 4814 τοὺς
3024 4753 3380 4821 ἱερωμένους,
3415 4755 3510 4807 καί
3543 4772 3708 4823 φασιν
3740 4762 3827 4815 δτι

2243 4845 2379 4912 ὅπερ
2411 4858 2468 4897 εν
2497 4846 2705 4906 λαῖκοῖς
2737 4843 3072 4913 έπιλήῲιμόν
3102 4844 3271 4906 ἐστιν,
3304 4845 3470 4914 ἡγουν
3496 4847 3701 4915 ψεκτὸν
3728 4855 3830 4906 καὶ

2236 4936 2658 5006 διαϐαλλόμενον
2677 4976 2690 5000 ,
2721 4935 3036 4994 ἀκολούθως
3065 4937 3124 4986 ὲν
3153 4935 3441 5006 κληρικοῖς
3477 4940 3658 5010 πολλῷ
3692 4945 3829 5010 μᾱλ-

2238 5030 2329 5081 λον
2368 5029 2571 5095 ὀφείλει
2611 5026 3093 5090 καταδικάζεσθαι.
3132 5027 3275 5095 Πρὸς
3313 5030 3487 5081 ταῦτα
3527 5031 3562 5102 ἡ
3602 5032 3828 5098 σύνοδος

2239 5117 2393 5173 εἶπεν
2413 5136 2426 5151 ·
2457 5119 2646 5180 Οὐδεὶς
2677 5118 2818 5170 κατὰ
2852 5120 2960 5170 τῶν
2993 5121 3314 5189 προφητῶν,
3343 5120 3520 5182 οὐδεὶς
3553 5124 3697 5176 κατά
3728 5125 3827 5179 τοῦ

2241 5211 2575 5278 Εὑαγγελίου
2607 5212 2780 5280 χωρὶς
2815 5210 3058 5263 κινδύνου
3096 5210 3371 5280 ἐποίησεν.
3401 5212 3570 5265 Τοῦτο
3603 5213 3648 5266 δ’
3672 5216 3827 5268 ἐστιν

2239 5302 2266 5355 ὃ
2296 5298 2482 5355 εἷπον·
2507 5303 2609 5366 ὃτι,
2635 5302 2758 5352 ἐπεὶ
2785 5301 2876 5354 καὶ
2901 5305 2967 5372 τῇ
3001 5302 3338 5373 παλαιοτέρα
3367 5304 3583 5375 Γραφῇ,
3609 5309 3826 5376 ταύτην

2241 5395 2350 5465 γὰρ
2380 5394 2469 5447 διά
2498 5394 2606 5446 τῶν
2637 5395 2931 5464 προφητῶν
2962 5394 3183 5464 ᾐνίξατο
3203 5435 3217 5460 ,
3253 5398 3344 5447 καί
3377 5400 3442 5466 τῇ
3473 5398 3599 5467 νέᾳ,
3635 5396 3705 5468 ἢν
3733 5400 3828 5452 διὰ

2241 5487 2334 5539 τοῦ
2378 5486 2707 5554 Εὐαγγελίου
2749 5488 3042 5556 ἐνέφηνεν,
3080 5489 3571 5556 ἀποτετραμμένον
3605 5491 3725 5541 ἐστι
3763 5491 3828 5541 τὸ

2243 5578 2510 5642 τοκίζειν,
2540 5578 2711 5640 οὐδεὶς
2746 5578 2916 5630 ποιῶν
2947 5578 3016 5630 τὰ
3048 5579 3475 5647 ἀπηγορευμένα
3510 5579 3706 5642 αὑταῖς
3738 5581 3830 5631 ἐκ-

2243 5672 2498 5738 φεύξεται
2541 5670 2639 5738 τὴν
2683 5670 2948 5725 κίνδυνον.
2994 5670 3349 5724 Κινδυνεύσει
3394 5671 3504 5738 γὰρ
3553 5673 3682 5743 περὶ
3723 5670 3845 5744 τὴν·

2243 5765 2449 5821 οἰκείαν
2480 5765 2778 5832 ἐπιτιμίαν,
2805 5765 3052 5819 τουτέστι
3083 5765 3571 5828 καθαιρεθήσεται.
