4114 6464
487 388 558 448 39

480 598 582 643 est.
635 583 956 648 deponetur.

549 636 804 727 ZZONAB.
833 665 964 721 Cum
990 664 1054 716 de
1100 650 1478 712 interdicendo
1530 644 1743 702 clericis
1773 636 2047 696 fenerat-io

483 773 691 837 quaestu
743 761 826 814 bie
884 768 1057 808 canon
1111 761 1332 803 acturus
1363 743 1454 805 sit,
1510 739 1576 793 de
1626 732 1851 789 avaritia
1888 730 2060 797 primo

486 834 728 917 disserit,
777 861 1005 916 eamque
1054 840 1294 898 omnium
1349 834 1610 889 malorum
1659 834 1934 898 parentem
1969 835 2063 887 ap-

487 949 666 1016 pellat,
695 939 1203 1000 continendamque,
1248 931 1351 983 lioc
1395 935 1480 980 est
1517 918 1868 975 coercendam
1903 923 2064 980 atque

489 1037 874 1107 amputandatn
907 1044 1027 1084 esse
1056 1022 1320 1086 decernit,
1358 1033 1424 1073 ne
1463 1031 1550 1071 res
1581 1013 1787 1068 alienas
1821 1005 2062 1068 invadat,

489 1131 680 1198 eisque
731 1127 1004 1178 abutatur.
1057 1119 1297 1172 Abttsum
1330 1124 1460 1164 vero
1489 1108 1864 1160 inconcessum
1896 1097 2065 1150 alicu-

490 1223 577 1290 ius
613 1219 690 1274 rei
723 1229 878 1269 usum
907 1207 1224 1265 nominavit.
1252 1201 1396 1257 Usus
1423 1211 1548 1250 vero
1602 1193 1678 1245 rei
1717 1191 2067 1243 inroncessus

493 1315 655 1368 etiam
710 1317 816 1368 est,
851 1301 1053 1371 aliquid
1086 1299 1328 1352 honestae
1355 1303 1533 1344 causa
1568 1288 1950 1356 praetexenteut
1984 1290 2072 1328 res

496 1403 700 1456 alienas
748 1365 984 1449 auferre.
1021 1389 1174 1448 Nam,
1222 1393 1274 1438 et
1320 1383 1412 1450 qui
1455 1378 1725 1440 (litteram,
1780 1369 1934 1441 quasi
1982 1365 2071 1434 qui

495 1493 682 1548 fenore
717 1485 989 1554 accipiunt
1037 1479 1165 1533 illud
1222 1476 1275 1528 in
1333 1485 1488 1526 suum
1543 1465 1884 1522 commodum
1944 1473 2074 1512 con-

498 1592 734 1641 vertant,
787 1580 858 1630 ita
893 1589 956 1627 ex
1005 1571 1189 1624 fenore
1239 1565 1390 1618 lucro
1432 1575 1552 1614 sese
1573 1555 1750 1625 {pOtiri
1784 1551 2072 1607 aﬂirmant.

501 1670 873 1728 ltesecandam
919 1667 1101 1731 itaque
1146 1660 1303 1712 aliter
1357 1652 1640 1708 avaritiam
1681 1654 1947 1707 autumat,
1991 1656 2074 1706 ac,

500 1781 569 1819 ne
620 1763 752 1815 lucri
791 1758 1089 1826 cupiditate
1122 1748 1447 1804 constitutos
1478 1759 1506 1795 a
1536 1740 1788 1794 Patribus
1821 1735 2080 1789 terminus

501 1854 772 1925 quispiam
811 1846 1103 1906 transiliat,
1140 1838 1548 1909 providendum.
1593 1829 1877 1883 Terminos
1919 1837 2080 1893 porro

503 1946 723 1999 Patrum
757 1954 942 1994 sacros
977 1947 1216 1990 canones
1246 1925 1568 1983 nominavit.
1616 1923 1747 1975 Nam
1779 1927 1833 1973 et
1864 1924 2082 1970 sancto-

508 2054 625 2092 rum
667 2033 1032 2102 apostolorum
1075 2036 1270 2088 quarto
1316 2031 1369 2073 et
1409 2013 1826 2088 quadragesimo
1855 2018 2083 2070 canone,

505 2128 646 2184 sacri
693 2123 902 2179 ordinis
954 2115 1263 2172 hominibus
1297 2110 1545 2164 fenerare
1579 2119 1641 2157 ne
1671 2103 1856 2163 liceat,
1886 2095 2085 2152 consti-

509 2232 703 2274 tutum.
729 2215 796 2269 Et
817 2213 1001 2280 primae
1019 2204 1369 2263 tecumeniea:
1390 2197 1580 2270 synodi
1610 2193 1820 2249 decimo
1840 2189 2087 2257 septimo,

509 2312 598 2380 qui
653 2316 1003 2362 recensentur
1057 2300 1107 2350 in
1154 2309 1381 2357 canone,
1461 2290 1506 2344 si
1572 2287 1724 2341 fenus
1780 2287 2087 2341 exerceant,

512 2399 856 2471 depositione
887 2392 1184 2447 multantur
1208 2396 1264 2441 et
1317 2381 1768 2438 condemnamur.
1799 2373 1864 2426 Et
1899 2367 2094 2423 Laodi-

513 2507 659 2546 centc
706 2488 898 2557 synodi
938 2497 1108 2536 canon
1143 2479 1176 2532 4
1228 2473 1398 2527 sacris
1431 2469 1668 2524 initiatos
1716 2481 1826 2518 rem
1861 2462 2094 2529 aliquam

516 2587 706 2638 fenore
729 2580 909 2632 locare
939 2571 1160 2627 omnino
1199 2575 1370 2620 vetat.
1406 2561 1517 2614 llos
1553 2574 1680 2632 ergo
1725 2568 1960 2609 canones
1999 2551 2098 2604 Pa-

522 2687 666 2728 trutn
700 2669 960 2725 terminos
992 2658 1338 2730 nuncupavit.
1374 2654 1673 2708 Resecetur
1703 2661 1854 2707 vero,
1904 2641 2099 2712 inquit,

521 2761 863 2832 inexplebilis
912 2754 1137 2810 habendi
1171 2749 1465 2817 cupiditas,
1516 2753 1575 2795 ιιι
1620 2755 1688 2794 ne
1740 2737 1938 2793 clerico
1988 2730 2102 2786 cui-

523 2871 684 2926 quam
733 2864 946 2912 usuras,
985 2854 1307 2916 quacunque
1340 2837 1556 2891 demum
1586 2847 1653 2885 ex
1711 2845 1791 2894 re,
1829 2825 2106 2896 percipere

528 2948 637 2999 ullo
685 2945 841 2996 modo
873 2940 1050 2992 liceat.
1116 2932 1227 2986 Nec
1261 2930 1406 2984 enim
1472 2935 1701 2996 pecunia
1747 2915 2105 2976 solummodo,

531 3038 625 3091 sed
654 3034 986 3087 frumentum
1041 3039 1279 3094 quoque,
1322 3023 1506 3074 vinum
1559 3025 1611 3068 et
1638 3015 1837 3073 oleum,
1899 3007 2110 3072 aliaque

534 3142 716 3182 rerum
780 3137 976 3193 genera
1042 3111 1458 3171 innumerabilia
1507 3105 1681 3160 fettori
1741 3102 2006 3154 locantur.
2048 3094 2106 3146 Et

531 3216 985 3289 quemadmodum
1021 3211 1070 3262 itt
1113 3204 1360 3278 pecunia,
1395 3200 1467 3253 ita
1503 3213 1567 3251 ex
1633 3193 1880 3250 condicto
1935 3201 2114 3242 usura:

534 3314 587 3366 itt
621 3311 742 3364 aliis
767 3321 945 3362 rerum
983 3302 1277 3371 generibus
1332 3297 1646 3361 exiguntur.
1712 3283 1864 3338 Datis
1923 3292 2117 3347 nempe

537 3406 831 3477 quispiam,
862 3397 1095 3466 exempli
1140 3406 1327 3451 causa,
1366 3385 1573 3440 mutuis
1606 3391 1823 3435 centum
1862 3370 2116 3429 frumenti

543 3499 763 3560 modiis,
799 3491 1069 3562 praellttito
1098 3496 1342 3551 tempore
1379 3472 1566 3544 elapso
1621 3482 1834 3526 centum
1873 3483 1932 3519 se
1969 3467 2116 3518 insu-

543 3607 644 3664 per
694 3586 1000 3643 tnodiorum
1057 3589 1342 3631 numerum
1408 3573 1760 3634 accepturum
1812 3558 2120 3628 paciscitur,

547 3645 571 3664 τ
602 3645 605 3646 ν

547 3683 708 3748 idque
739 3679 792 3730 in
827 3675 947 3727 aliis
969 3671 1158 3725 eodem
1198 3664 1377 3717 modo.
1410 3657 1488 3712 Ne
1533 3655 1658 3724 quis
1689 3653 1852 3721 igitur
1889 3656 2036 3701 esset
2072 3645 2124 3696 in

549 3769 906 3828 adulterando
933 3775 1137 3816 canone
1160 3755 1332 3810 fraudi
1388 3751 1560 3811 locus,
1593 3747 1665 3800 ita
1713 3752 1832 3797 uta
1897 3737 2124 3809 pecunia

551 3863 766 3931 quidem
799 3852 1116 3912 fezierattda.
1149 3865 1253 3902 non
1283 3857 1461 3898 tamen
1493 3845 1558 3894 ab
1597 3837 1778 3892 usuris
1813 3848 1875 3889 ex
1901 3832 2126 3884 aliarum

553 3970 737 4010 rerum
793 3948 1091 4003 mutatione
1115 3937 1436 4006 colligendis
1479 3931 1676 3986 sacrati
1709 3929 1955 3981 homines
2008 3919 2132 3972 abs-

557 4049 830 4105 tinerent;
884 4036 1088 4092 idcirco
1116 4031 1328 4091 Patres,
1367 4040 1434 4080 ne
1457 4039 1519 4077 ex
1557 4031 1882 4090 quacunque
1926 4027 1983 4066 re
2038 4009 2134 4063 de-

560 4153 704 4194 mum
744 4145 942 4188 usuras
987 4125 1265 4196 percipere
1299 4119 1480 4178 liceat,
1513 4113 1785 4168 addidere.
1816 4109 1892 4160 Ae
1919 4121 1981 4160 ea
2018 4102 2136 4172 qui-

560 4229 702 4292 dem,
735 4222 1006 4290 inquiunt,
1038 4229 1157 4286 qnte
1215 4210 1378 4264 relata
1431 4220 1624 4272 nuper,
1686 4204 1787 4255 ltoc
1836 4207 1938 4259 est,
1985 4193 2138 4249 nobis

564 4287 867 4386 sigttiliCu-lat
903 4319 1050 4371 sunt,
1104 4301 1335 4357 obscura
1390 4288 1610 4364 quippe,
1647 4291 1697 4344 id
1749 4296 1852 4350 est,
1914 4287 2140 4346 incerta,

567 4407 804 4463 involuta
833 4399 1069 4456 tenebris
1105 4405 1157 4449 et
1191 4395 1392 4463 ignota,
1429 4383 1873 4441 ell'ortnabuntur,
1908 4378 2007 4432 boc
2037 4384 2139 4440 est,

569 4519 598 4556 a
629 4501 780 4555 nobis
811 4504 1067 4549 accurate
1091 4489 1345 4542 meditata
1377 4479 1735 4534 delinientur:
1763 4486 1883 4543 quae
1913 4484 2043 4525 vero
2060 4469 2141 4522 di-

571 4592 709 4644 vina:
743 4588 1038 4654 Scriptura:
1067 4578 1302 4634 oraculis
1360 4572 1701 4644 praescripta,
1766 4567 1879 4619 sive
1942 4560 2147 4616 consti—

575 4695 710 4745 tota,
736 4682 954 4732 decreta
987 4681 1136 4736 sunt,
1163 4669 1293 4720 nihll
1313 4667 1380 4719 de
1417 4666 1480 4717 iis
1509 4662 1802 4731 quidquam
1834 4659 2144 4714 decernere,

576 4775 679 4826 hoc
707 4778 788 4821 est
817 4807 830 4827 ,
888 4764 1222 4818 constituere
1246 4796 1261 4820 ,
1318 4756 1411 4809 sed
1442 4767 1504 4806 ea
1533 4789 1548 4814 ,
1587 4764 1704 4818 quae
1759 4749 1869 4818 jam
1930 4742 2148 4798 deﬁnita

577 4872 724 4924 sunt,
755 4858 907 4926 sequi
937 4870 1000 4908 ac
1029 4864 1247 4906 servare
1277 4853 1510 4914 oportet.
1543 4841 1746 4895 DiVilIIB
1809 4851 1968 4902 porro
2000 4834 2148 4887 Scri-

579 4961 752 5021 ptura!
778 4944 1137 5014 appellatione
1206 4950 1390 4992 sacros
1445 4944 1683 4986 canones
1742 4942 1806 4980 ac
1857 4923 2153 4994 Scriptura:

582 5013 888 5098 testimonia
923 5031 1270 5104 signiﬁcavit,
1305 5025 1460 5097 quale
1487 5023 1614 5077 illttd
1666 5030 1780 5074 est:
1817 5015 1938 5071 Non
2002 5013 2154 5067 dabis

585 5137 740 5206 [rum
770 5141 857 5183 tuo
881 5128 1154 5198 pecuniam
1191 5123 1257 5174 ad
1282 5133 1534 5183 usuram;
1561 5125 1614 5172 et
1642 5114 1794 5176 illud,
1865 5108 2158 5163 Pecuniam

587 5244 734 5280 suam
787 5241 889 5276 non
916 5221 1057 5273 dedit
1089 5219 1155 5271 ad
1193 5229 1436 5275 usuram,
1465 5221 1518 5264 et
1542 5217 1874 5276 quacunque
1923 5203 2029 5255 alia
2063 5200 2160 5252 ltu-

586 5317 820 5389 jusmodi
858 5317 1222 5383 reperiuntur.
1287 5305 1425 5359 Hinc.
1453 5303 1716 5357 rationem
1782 5308 2020 5366 quoque,
2068 5306 2163 5344 cur

597 5416 831 5468 sacratis
879 5407 1188 5464 hominibus
1229 5401 1480 5456 fenerare
1533 5395 1847 5451 lndecorum
1895 5406 1957 5444 ac
2011 5398 2166 5454 turpe

597 5511 688 5570 sit,
714 5502 1007 5570 ettpliCant.
1034 5496 1185 5563 Quod
1244 5493 1388 5548 enim
1442 5491 1492 5543 itt
1558 5487 1734 5549 laicis,
1769 5483 2040 5550 inquiunt,
2082 5492 2168 5529 an-

600 5612 714 5650 sam
755 5588 1191 5662 reprehensionis
1220 5586 1443 5655 prazliet,
1476 5581 1578 5635 hoc
1627 5586 1732 5642 est,
1795 5567 2172 5640 vituperationi

603 5684 1083 5751 critninationique
1138 5679 1432 5733 obnoxium
1487 5682 1607 5736 est,
1667 5669 1836 5723 multo
1895 5663 2064 5732 magis
2119 5661 2174 5715 in

606 5782 818 5840 clericis
851 5779 1012 5835 fuerit
1036 5771 1527 5833 condemnandum.
1550 5765 1629 5819 Ad
1661 5763 1774 5818 litee
1821 5759 2052 5830 synodus
2083 5771 2176 5810 ne-

1753 349 1798 406 Τ
1806 348 1853 406 1-1
1866 342 1959 404 ΕΟ
1971 342 2037 400 D.
2079 334 2478 397 BALSAMON

479 497 553 550 De
605 505 700 546 sua
751 486 894 541 enim
949 479 1209 551 dignitate
1268 473 1323 528 in
1369 464 1666 540 periculum
1715 460 1914 523 veniet,
1950 456 2053 509 hoc
2084 454 2114 507 Α

2215 445 2480 514 ιφεύξεται

2159 537 2368 590 οἰκείαν
2401 533 2708 602 ἐπιτιμίαν,
2743 530 2987 584 τουτέστι
3021 531 3497 600 καθαιρεθήσεται.

3669 324 3744 384 40

2518 442 2607 494 τὸν
2645 440 2910 493 κίνδυνον.
2951 439 3300 492 Κινδυνεύσει
3339 439 3446 510 γὰρ
3487 438 3616 509 περὶ
3650 441 3748 507 τὴν

2233 627 2482 681 ΖΩΝΑΡ.
2517 624 2654 693 Περὶ
2685 621 2778 674 τοῦ
2812 621 2886 691 μὴ
2914 621 3151 685 τοκίζειν
3184 621 3479 690 κληρικοὺς
3509 623 3536 674 ό
3570 621 3754 674 κανὼν

2161 714 2524 782 διατάξασθαι
2583 713 2832 780 μέλλων,
2891 713 3020 779 περὶ
3077 712 3385 782 ἀπληστίας
3437 713 3754 778 διαλέγεται

2164 809 2403 878 πρῶτον,
2437 806 2531 860 καὶ
2562 803 2764 874 ταύτην
2796 802 2942 856 εἷναί
2973 820 3106 873 φησι
3135 804 3245 855 τῶν
3278 804 3464 857 κακῶν
3496 805 3759 858 ἁπάντων

2169 898 2406 967 μητέρα,
2449 897 2514 966 ἣν
2556 897 2652 946 καὶ
2694 897 2916 963 ἐπέχειν
2959 893 3157 962 ὁρίζει,
3197 897 3449 946 τουτέστι
3496 895 3754 957 κωλύειν,

2167 990 2532 1049 ἀνακόπτειν,
2568 986 2656 1038 ἴνα
2693 985 2768 1054 μὴ
2798 987 2910 1048 τοῖς
2942 985 3246 1056 ἀλλοτρίοις
3281 985 3622 1056 ἐπεμϐαίνῃ,
3657 985 3759 1038 καὶ

2167 1079 2577 1146 κατακέχρηται
2630 1079 2832 1138 αὐτοῖς.
2876 1077 3231 1145 Κατάχρησιν
3281 1075 3324 1128 δ’
3355 1076 3608 1144 ὠνόμασε
3660 1074 3762 1144 τὴν

2171 1171 2322 1238 παρα
2353 1171 2413 1221 τὸ
2449 1169 2565 1221 δέον
2596 1168 2826 1236 χρῆσιν·
2862 1168 3057 1236 χρῆσις
3101 1167 3155 1218 δέ
3203 1167 3352 1235 παρά
3384 1169 3443 1219 τό
3486 1169 3605 1220 δέον
3639 1153 3764 1219 ἐστὶ

2171 1262 2268 1314 καὶ
2293 1259 2350 1311 τὸ
2379 1259 2707 1328 εύαφόρμως
2734 1257 2877 1326 τάχα
2903 1259 2971 1309 τά
3001 1256 3262 1326 ἀλλότρια
3290 1258 3668 1328 ἀφαιρεῖσθαι.
3696 1261 3765 1312 Oi

2173 1353 2282 1421 γὰρ
2317 1350 2655 1415 δανείζοντες
2691 1349 2785 1401 ἐπὶ
2818 1350 3020 1411 τόκοις,
3055 1349 3130 1410 ὡς
3163 1348 3327 1418 δῆθεν
3359 1349 3766 1419 ὠφελουμένων

2174 1444 2281 1495 τῶν
2318 1441 2741 1508 δανειζομένων,
2782 1442 2846 1491 ὲκ
2885 1439 2976 1490 τοῦ
3018 1439 3212 1500 δάνσυς
3255 1441 3391 1506 φασὶ
3434 1441 3525 1492 καὶ
3565 1442 3770 1503 αὐτοὺς

2179 1535 2549 1604 συμμετέχειν
2578 1532 2671 1582 τοῦ
2706 1531 2956 1599 κέρδους.
2989 1529 3100 1584 Καὶ
3134 1531 3308 1593 ἄλλως
3340 1531 3396 1582 δὲ
3431 1530 3771 1584 ἀνακόπτειν

2178 1627 2292 1688 δεῖ,
2334 1627 2503 1695 φησὶ,
2540 1623 2636 1694 τὴν
2676 1622 2988 1686 πλεονεξίαν
3011 1664 3024 1686 ,
3063 1622 3152 1674 ἵνα
3191 1622 3265 1692 μὴ
3302 1621 3388 1673 διὰ
3423 1621 3611 1690 κέρδος
3641 1619 3774 1683 τοὺς

2181 1718 2287 1770 τῶν
2317 1717 2578 1777 Πατέρων
2608 1715 2767 1783 ὅρους
2797 1731 2879 1776 τις
2910 1712 3240 1783 ὐπερὸαίνῃ,
3270 1714 3428 1782 ὅρους
3456 1713 3564 1764 τῶν
3595 1715 3776 1766 Πατέ-

2187 1827 2296 1879 ρων
2325 1809 2454 1867 τοὺς
2492 1809 2672 1875 ἱεροὺς
2709 1806 2942 1868 κανόνας
2980 1804 3186 1859 καλῶν.
3216 1805 3284 1856 Ὀ
3318 1820 3374 1856 τε
3415 1803 3525 1874 γάρ
3567 1802 3646 1874 μδ’
3673 1821 3779 1856 κα-

2185 1901 2293 1955 νὼν
2335 1901 2442 1952 τῶν
2485 1898 2800 1951 ἀποστόλων
2844 1898 2905 1949 τὸ
2951 1896 3220 1960 δανείζειν
3263 1896 3389 1956 τοὺς
3441 1896 3777 1963 ίερωμένσυς

2187 1995 2280 2046 ἐπὶ
2308 1994 2487 2053 τόκοις
2518 1990 2876 2060 ἀπαγορεύει,
2911 1990 3004 2042 καὶ
3031 1990 3058 2042 ό
3084 1989 3182 2055 τῆς
3211 1986 3436 2058 πρώτης
3465 1989 3781 2056 οἰκουμενιπ-

2189 2085 2292 2152 κῆς
2328 2082 2548 2135 συνόδου
2588 2079 2648 2144 ιζ’
2676 2079 2856 2132 κανὼν
2888 2077 3210 2144 καθαιρέσει
3243 2075 3646 2129 καθυποόἀλλει
3680 2076 3783 2129 καὶ

2191 2172 2546 2235 καταδικάζει
2587 2173 2712 2232 τοὺς
2758 2173 2815 2223 ἐν
2859 2168 2936 2238 τῷ
2981 2168 3168 2220 κανόνι
3214 2165 3639 2234 ἐξεταζομένους
3683 2165 3785 2218 ἐπὶ

2191 2271 2370 2332 τόκοις
2405 2267 2776 2328 δανείζοντας.
2808 2261 2920 2316 Καὶ
2951 2262 2980 2313 ό
3010 2259 3111 2328 τῆς
3145 2261 3201 2310 ἐν
3233 2255 3525 2327 Λαοδικείᾳ
3561 2257 3782 2311 συνόδου

2194 2359 2233 2414 δ’
2263 2358 2442 2413 κανὼν
2469 2357 2771 2425 ἀποτρέπει
2800 2354 2911 2413 τοῖς
2945 2351 3242 2417 ἱερατικοῖς
3267 2348 3328 2399 τὸ
3358 2346 3454 2399 ἐπὶ
3481 2347 3659 2410 τόκοις
3687 2346 3787 2399 δα-

2197 2453 2414 2516 νείζειν.
2449 2451 2685 2509 Τούτους
2716 2441 2810 2498 οὖν
2841 2445 2968 2505 τοὺς
3003 2441 3234 2502 κανόνας
3267 2440 3427 2507 ὄρους
3462 2439 3570 2493 τῶν
3604 2437 3787 2493 Πατέ-

2203 2556 2310 2614 ρων
2347 2540 2625 2594 ἐκάλεσεν.
2656 2535 3072 2590 ’Λνακοπτέσθω
3098 2535 3173 2599 δὲ,
3205 2536 3398 2604 φησὶν,
3427 2535 3460 2603 ὴ
3486 2530 3789 2600 ἀπληστία,

2202 2637 2299 2688 καλ⁸
2331 2634 2419 2686 ῐνα
2456 2633 2532 2701 μὴ
2568 2630 2663 2699 ἐξῇ
2700 2627 2950 2698 κληρικῷ
2984 2627 3260 2696 οἱῳδήτινι
3290 2625 3450 2678 τόκον
3482 2621 3794 2691 λαμῦἀνειν

2204 2725 2310 2779 ἀπὸ
2343 2724 2662 2792 σίουδήπστε
2701 2721 3052 2788 πράγματος.
3089 2718 3164 2771 Οὐ
3207 2719 3368 2786 μόνον
3401 2716 3513 2785 γὰρ
3547 2713 3799 2784 ἀργύρια.

2207 2817 2562 2880 δανείζονται,
2594 2813 2728 2866 ἀλλά
2762 2814 2855 2864 καὶ
2888 2814 3034 2871 σῖτος
3065 2810 3160 2860 καὶ
3190 2803 3332 2870 σίνος
3366 2808 3458 2859 καὶ
3489 2805 3666 2858 ἐλαιον
3697 2801 3800 2854 καὶ

2215 2907 2384 2980 μυρία
2421 2905 2586 2968 ἕτερά
2623 2904 2758 2972 εἴδη.
2796 2901 2906 2954 Καὶ
2943 2900 3133 2968 ὥσπερ
3172 2899 3267 2951 ἐπὶ
3294 2897 3404 2950 τῶν
3435 2893 3800 2964 νομισμάτων

2216 3000 2590 3070 συμφωνεῖται
2629 2993 2867 3048 δίδοσθαι
2904 2993 3082 3054 τόκος,
3118 2989 3261 3042 οὕτω
3305 2989 3400 3041 καὶ
3445 2985 3679 3039 ἐπὶτῶν
3722 2985 3808 3035 εί-

2134 3101 2182 3165 c
2213 3091 2340 3146 δῶν.
2373 3090 2642 3152 Δανείζων
2675 3087 2783 3155 γάρ
2815 3101 2899 3146 τις
2935 3085 3080 3136 σῖτον
3112 3081 3274 3151 τυχὸν
3312 3079 3526 3144 μοδίους
3561 3075 3759 3130 ἑκατόν
3784 3114 3800 3138 ,

2218 3185 2499 3252 συμφωνεῖ
2548 3179 2733 3232 λαδεῖν
2786 3176 2927 3246 μετά
2979 3176 3173 3243 καιρόν
3222 3172 3530 3242 ὡρισμένον
3583 3169 3809 3240 μοδίους

2219 3276 2476 3329 ἐπέκεινα
2515 3271 2729 3335 τόσους,
2777 3270 2872 3321 καὶ
2917 3267 3011 3320 ἐπὶ
3053 3266 3163 3319 τῶν
3208 3265 3384 3319 ἀλλων
3427 3261 3653 3331 ὁμοίως.
3683 3260 3812 3312 Ἵνα

2219 3367 2312 3420 οὖν
2353 3368 2426 3437 μὴ
2466 3363 2880 3434 περιγράφηται
2920 3363 2946 3412 ό
2988 3357 3193 3422 κανὼν,
3229 3355 3546 3424 νομίσματα
3590 3352 3688 3420 μέν
3731 3350 3817 3421 μὴ

2220 3457 2576 3520 δανειζόντων
2613 3456 2713 3506 ἐπὶν
2741 3453 2885 3521 τόκῳ
2916 3450 3024 3503 τῶν
3063 3449 3412 3518 ἱερωμένων,
3452 3446 3510 3496 ἐν
3547 3444 3711 3496 είδεσι
3753 3442 3818 3494 δὲ

2223 3548 2382 3602 τοῦτο
2435 3545 2764 3605 ποιούντων,
2809 3540 3138 3611 προσέθεντο
3182 3539 3232 3591 οἱ
3278 3536 3561 3606 Πατέρες,
3609 3531 3822 3602 οἱουδή-

2228 3659 2358 3694 ποτε
2399 3640 2745 3710 πράγματος.
2790 3634 2901 3686 Καὶ
2938 3632 3006 3686 τὰ
3051 3631 3151 3700 μὲν
3193 3629 3386 3683 νεωστὶ
3424 3625 3818 3696 ἀνενεχθέντα,

2227 3731 2505 3786 τουτέστιν
2529 3725 2976 3797 ύπομνησθέντα.
3001 3723 3189 3792 φασὶν,
3214 3720 3442 3789 ἀμαυρὰ
3465 3718 3618 3784 ὄντα,
3643 3718 3820 3788 ἠγουν

2229 3826 2444 3893 ἀσαφῆ,
2476 3821 2729 3874 σκοτεινά
2751 3859 2764 3884 ,
2795 3815 3141 3884 ἀγνοούμενα
3164 3852 3179 3877 ,
3207 3812 3661 3880 τυπωθήσσνται,
3695 3805 3824 3860 ἀντὶ

2233 3916 2327 3968 τοῦ
2367 3913 2750 3982 όρισθήσονται
2791 3905 2921 3976 παρ“
2949 3905 3106 3976 ἡμῶν
3150 3903 3526 3971 σκοπούμενα,
3567 3898 3602 3953 ἃ
3647 3900 3744 3952 καὶ
3791 3899 3826 3967 ἡ

2237 4005 2356 4059 θεία
2383 4002 2574 4073 Γραφὴ
2599 4001 2906 4059 ἐθέσπισεν,
2937 3997 3056 4064 ῆτοι
3083 3993 3469 4062 ἐνομοθέτησε,
3498 3987 3826 4058 δμωρίσατσ,

2238 4097 2367 4164 περὶ
2404 4096 2626 4147 ἐκείνων
2661 4090 2720 4142 οὐ
2761 4089 2842 4140 δεῖ
2876 4085 3234 4156 ψηφίζεσθαι,
3273 4083 3556 4135 τουτέστιν
3594 4078 3832 4146 ἀποφαίο

2242 4191 2460 4252 νεσθαι,
2490 4186 2626 4240 ἀλλά
2661 4184 2755 4235 καὶ⁵
2788 4181 3020 4234 ἕπεσθαι
3055 4179 3149 4230 καὶ
3184 4173 3503 4229 ἀκολουθεῖν
3536 4173 3652 4234 τοῖς
3686 4185 3836 4224 vava-

2246 4279 2659 4354 μοθετημένοις.
2685 4274 2848 4326 Θείαν
2878 4272 2932 4323 δὲ
2962 4267 3188 4339 Γραφὴν
3215 4266 3342 4328 τούς
3369 4281 3430 4317 τε
3464 4264 3645 4333 ἱεροὺς
3678 4262 3841 4314 κανόο

2246 4350 2342 4437 νας
2361 4371 2633 4439 ὠνόμασε,
2654 4367 2750 4424 τὰς
2774 4359 3291 4437 γραφικάςορησεις,
3310 4356 3369 4407 τὸ
3393 4357 3516 4408 Οὐκ
3539 4350 3840 4418 euomuit;-

2252 4464 2314 4518 τὸ
2340 4459 2627 4528 ἀργύριόν
2643 4469 2759 4508 σου
2778 4452 2856 4517 τῷ
2880 4447 3120 4516 ἀδελφῷ
3145 4464 3284 4510 σου,
3303 4445 3400 4498 καὶ
3416 4445 3496 4510 τὸ,
3524 4443 3843 4512 Ἀργύριον

2254 4551 2438 4607 αὐτοῦ
2466 4551 2577 4604 οὐκ
2606 4546 2829 4600 ἔδωκεν
2851 4542 2950 4595 ἐπὶ
2979 4541 3151 4604 τόκῳ,
3181 4536 3275 4590 καὶ
3299 4537 3399 4589 ὅσα
3423 4534 3672 4588 τοιαῦτα.
3702 4529 3841 4587 Εἶτα

2256 4645 2352 4699 καὶ
2381 4635 2854 4699 κατασκευάζουσι
2883 4631 3000 4694 πῶς
3026 4629 3227 4684 ἄτοπόν
3254 4630 3371 4680 ἐστι
3400 4628 3495 4678 καὶ
3525 4625 3753 4695 αἰσλρὸν
3781 4625 3845 4679 τὸ

2259 4733 2524 4796 δανείζειν
2552 4729 2646 4782 ἐπὶ
2675 4728 2854 4788 τόκοις
2883 4724 3008 4784 τοὺς
3041 4719 3398 4790 ἱερωμένους,
3432 4716 3527 4770 καί
3560 4732 3726 4784 φασιν
3758 4718 3845 4770 ὅτι

2262 4829 2398 4894 ὅπερ
2431 4838 2488 4878 εν
2515 4822 2724 4881 λαῖκοῖς
2757 4815 3090 4883 ἐπιλήψιμόν
3121 4811 3290 4872 ἐστιν,
3323 4810 3490 4878 ἤγουν
3516 4807 3720 4876 ψεκτὸν
3748 4811 3848 4862 καὶ

2258 4916 2678 4985 διαϐαλλόμενον
2698 4952 2712 4976 ,
2743 4907 3056 4964 ἀκολούθως
3086 4905 3144 4955 ὲν
3173 4901 3273 4972 κλη
3288 4904 3462 4972 ρικοῑς
3498 4899 3679 4970 πολλῷ
3714 4901 3849 4967 μᾶλ-

2260 5014 2352 5066 λον
2391 5009 2594 5076 ὀφείλει
2633 4998 3116 5062 καταδικάζεσθαι.
3155 4994 3298 5062 Πρὸς
3335 4993 3510 5044 ταῦτα
3550 4992 3585 5061 ἡ
3625 4989 3850 5052 σύνοδος

2264 5100 2418 5157 εἶπεν
2437 5117 2451 5132 ο
2481 5097 2671 5157 Οὐδεὶς
2702 5092 2843 5146 κατά
2876 5091 2984 5142 τῶν
3017 5087 3338 5159 προφητῶν,
3367 5082 3545 5142 οὐδεὶς
3577 5082 3720 5134 κατά
3751 5080 3850 5134 τοῦ

2267 5190 2601 5260 Εὑαγγελίου
2633 5186 2806 5258 χωρὶς
2841 5181 3085 5235 κινδύνου
3123 5177 3398 5246 ἐποίησεν.
3427 5174 3596 5226 Τοῦτο
3628 5171 3673 5224 δ’
3697 5173 3851 5223 ἐστιν

2266 5286 2294 5339 ὃ
2324 5281 2510 5337 εἷπον·
2535 5282 2638 5343 ὅτι,
2664 5276 2786 5329 ἐπεὶ
2813 5273 2904 5327 καὶ
2929 5276 2995 5342 τῇ
3029 5270 3366 5338 παλαιοτέρα
3394 5267 3611 5335 Γραφῇ,
3637 5265 3852 5331 ταύτην

2271 5378 2380 5447 γὰρ
2410 5375 2499 5428 διὰ
2527 5372 2636 5424 τῶν
2666 5367 2960 5440 προφητῶν
2991 5363 3213 5434 ᾐνίξατο
3233 5402 3248 5426 ,
3282 5362 3374 5412 καί
3407 5362 3472 5429 τῇ
3503 5358 3628 5427 νέᾳ,
3662 5355 3731 5426 ἢν
3759 5355 3858 5447 fuit

2273 5446 2365 5522 τού
2409 5463 2738 5533 Εὑαγγελίου
2782 5462 3073 5527 ἐνέφηνεν,
3112 5451 3601 5520 ἀποτετραμμένον
3634 5446 3771 5533 ἐστὶὶ
3799 5446 3862 5496 τὸ

2276 5378 2380 5447 γὰρ
2410 5375 2499 5428 διὰ
2527 5372 2636 5424 τῶν
2666 5367 2960 5440 προφητῶν
2991 5363 3213 5434 ᾐνίξατο
3233 5402 3248 5426 ,
3282 5362 3374 5412 καί
3407 5362 3472 5429 τῇ
3503 5358 3628 5427 νέᾳ,
3662 5355 3731 5426 ἢν
3803 5357 3858 5407 ιὰ

2276 5470 2365 5522 τοῦ
2409 5463 2738 5533 Εὑαγγελίου
2782 5462 3073 5527 ἐνέφηνεν,
3112 5451 3601 5520 ἀποτετραμμένον
3634 5355 3862 5638 εῖῖτδ

2276 5560 2509 5624 τοκίζειν
2529 5596 2543 5622 ,
2573 5555 2744 5615 οὐδεὶς
2779 5551 2950 5602 ποιῶν
2981 5548 3049 5600 τὰ
3081 5541 3508 5614 ἀπηγορευμένα
3542 5538 3702 5590 αὑτα⁹
3735 5555 3758 5604 ς
3784 5539 3870 5587 ix.

2278 5653 2534 5722 φεύξεται
2577 5648 2674 5715 τὴν
2719 5644 2984 5698 κίνδυνον.
3029 5635 3384 5692 Κινδυνεύσει
3428 5632 3537 5700 γὰρ
3586 5625 3743 5708 ne)“;
3774 5625 3888 5700 τὴν

2286 5703 2306 5722 τ
2325 5703 2370 5705 -~
2392 5703 2413 5716 τ
2633 5703 2643 5715 .

2280 5747 2486 5804 οἰκείαν
2517 5741 2815 5810 ἐπιτιμίαν,
2842 5736 3088 5790 τουτέστι
3120 5729 3606 5793 καθαιρεθήσεται.
3647 5751 3650 5754 ~
3685 5719 3688 5723 ’
