4114 6476
726 410 793 471 43
1957 426 2230 488 annos.

2344 424 2662 487 lLSAMON
3832 427 3894 487 ιι

724 526 945 593 mystica
989 530 1253 593 peractio.
1322 533 1707 593 Reconciliatio
1766 541 2137 608 paenitentiam
2183 553 2247 591 es:

2364 551 2456 603 ρου
2483 536 2709 604 τελετή*
2756 532 3071 604 καταλλαγὴ
3108 534 3509 603 μετανοούντων
3552 535 3613 586 τὸ
3657 533 3896 603 δέχεσθαι

726 627 907 665 eorum
936 618 1024 683 qui
1067 630 1311 685 peccant,
1351 624 1713 682 confessiones
1756 629 1961 691 audire,
1993 639 2049 682 et
2100 644 2192 683 eos
2236 645 2265 683 a

727 716 882 769 paena
929 712 1155 772 solvere,
1210 712 1402 775 quibus
1450 730 1606 780 pmna
1668 717 1799 770 forte
1876 719 2111 786 injuncla
2160 730 2263 775 est.

727 792 957 847 Medicus
981 798 1120 848 enim
1144 799 1332 854 aninzae
1347 817 1436 855 eos
1452 803 1610 873 520
1624 805 1727 859 Deo
1745 810 2012 872 conciliat,
2040 824 2132 875 per
2158 824 2268 876 pm-

723 884 1001 938 nitentiam
1052 896 1105 939 et
1153 892 1217 941 ad
1253 890 1302 943 id
1343 895 1482 959 quod
1507 896 1694 948 melius
1723 908 1803 949 est
1839 900 2261 951 conversionem.

726 973 1026 1027 Puellarum
1063 986 1237 1029 autem
1290 984 1647 1046 consecratio,
1684 999 1786 1037 non
1818 996 1897 1039 est
1927 986 2265 1041 diaconissa-

723 1077 839 1114 rum
873 1080 970 1131 per
1002 1081 1251 1120 manuum
1280 1069 1673 1137 impositionem
1707 1076 1990 1139 ordinatio,
2029 1078 2123 1130 sed
2150 1092 2264 1132 mos

723 1161 839 1204 erat
877 1155 1076 1218 puellas
1116 1156 1473 1223 virginitatem
1516 1162 1831 1227 proﬁtentes
1872 1164 1939 1217 ad
1982 1166 2260 1217 ecclesiam

722 1242 933 1309 adduci,
954 1252 1007 1297 et
1038 1259 1131 1298 eas
1158 1247 1417 1314 episcopi,
1450 1260 1507 1301 ut
1543 1249 1649 1303 Deo
1678 1252 1973 1315 dedicatas,
2022 1268 2117 1319 per
2141 1268 2263 1318 pre-

721 1346 811 1383 ces
834 1335 1238 1399 consecrabant,
1286 1351 1573 1407 earumque
1618 1343 1870 1395 custodiae
1892 1358 2075 1395 curam
2109 1356 2261 1409 gere-

722 1421 872 1483 bant,
900 1432 955 1474 ut
992 1438 1057 1475 ex
1087 1424 1154 1476 44
1185 1441 1391 1480 canone
1418 1431 1693 1495 praesentis
1717 1431 1901 1499 synodi
1934 1432 2258 1484 declaratur.

720 1510 841 1564 llzcc
888 1528 1015 1581 ergo
1071 1530 1097 1566 a
1154 1518 1479 1585 presbyteris
1538 1519 1648 1570 ﬁeri
1695 1520 1963 1586 prohibuit
1991 1521 2258 1589 synodus,

718 1605 1163 1668 quemadmodum
1222 1616 1274 1658 et
1330 1608 1652 1675 templorum
1681 1609 2178 1674 consecrationem;
2207 1617 2261 1662 et

718 1704 902 1742 eorum
935 1690 1239 1745 facultatem
1296 1694 1442 1747 dedit
1484 1696 1836 1750 antistitibus.
1870 1697 1999 1750 lllud
2057 1706 2257 1759 autem,

716 1778 931 1843 publico
961 1782 1034 1831 rei
1063 1795 1229 1833 sacrae
1268 1780 1563 1836 ministerio
1606 1786 1979 1849 reconciliare,
2009 1795 2091 1837 eat
2114 1786 2257 1853 ejus-

2364 624 2653 691 λογισμοὺς
2690 623 3139 693 ἁμαρτανόντων,
3172 625 3265 675 καὶ
3296 623 3442 675 λύειν
3470 624 3594 683 τοὺς
3622 621 3751 684 ἴσως
3780 625 3891 675 ἔπι·

2365 715 2688 783 τιμηθέντας
2714 716 2776 765 εκ
2804 712 2898 765 τοῦ
2924 715 3222 782 ἐπιτιμίου.
3255 713 3629 765 Καταλλάσσει
3657 714 3763 781 γὰρ
3785 712 3895 765 τού⁹

2364 820 2489 864 τους
2521 806 2549 854 ὁ
2578 802 2805 871 ψυχικὸς
2842 803 3023 871 ίατρδς
3053 806 3188 871 μετὰ
3217 803 3309 853 τοῦ
3337 801 3472 853 θεοῦ
3501 801 3586 852 διά
3614 803 3711 868 τῆς
3745 817 3895 867 μετα·

2365 892 2510 952 νοίας
2546 893 2638 942 καὶ
2667 892 2762 958 τῆς
2798 892 2932 961 πρὸς
2968 890 3026 943 et
3062 893 3305 959 κρεῖττον
3335 892 3687 958 επιστροφῆς.
3719 889 3896 956 Κορῶν

2362 978 2419 1031 δὲ
2470 980 2791 1048 καθιέρωσις
2842 980 2960 1047 οὐχὶ
3004 978 3353 1031 διακονισσῶν
3388 980 3692 1049 χειροθεσία
3728 978 3895 1030 ἐστίν’

2364 1069 2478 1121 ἀλλ’
2510 1067 2625 1129 ιθος
2658 1064 2722 1136 ἦν
2755 1069 2925 1136 κόρας
2964 1068 3333 1136 προσάγεσθαι
3368 1071 3435 1137 τῇ
3472 1068 3735 1137 ἐκκλησίᾳ
3766 1083 3897 1135 παρ-

2364 1156 2542 1208 θενίαν
2595 1157 2975 1224 ὁμολογούσας,
3027 1156 3118 1208 καὶ
3169 1155 3362 1216 ταύτας
3404 1157 3452 1207 oi
3506 1155 3785 1207 ἐπίσκοποι
3833 1155 3897 1205 δι’

2362 1245 2538 1310 εὐχῶν
2594 1245 2902 1312 καθιέρουν,
2958 1244 3034 1306 ὡς
3083 1246 3435 1305 ἀνατεθείσας
3491 1245 3567 1312 τῷ
3620 1244 3759 1311 Θεῷ,
3816 1244 3897 1294 καὶ

2361 1335 2554 1387 εκεῐνοι
2582 1334 2892 1404 ἐφρόντιζον
2920 1337 3015 1402 τῆς
3043 1334 3289 1402 φυλακῆς
3319 1334 3496 1388 αὐτῶν
3517 1332 3698 1395 καθὼς
3722 1332 3897 1400 δηλοῦ-

2359 1438 2445 1473 ται
2489 1422 2596 1474 ἀπὸ
2646 1422 2738 1474 τοῦ
2796 1420 2873 1490 μδ¹
2926 1423 3144 1483 κανόνος
3197 1423 3293 1491 τῆς
3348 1422 3626 1490 παρούσης
3671 1421 3898 1474 συνόδου.

2359 1510 2540 1563 Ταῦτα
2587 1507 2678 1563 οὖν
2714 1511 2954 1581 γίνεσθαι
2996 1510 3148 1578 παρά
3192 1510 3574 1579 πρεσϐυτέρων
3612 1511 3644 1577 ἡ
3696 1508 3896 1569 σύνοδος

2360 1600 2733 1668 ἀπηγόρευσεν
2752 1637 2767 1659 ,
2793 1599 2979 1668 ὥσπερ
3007 1599 3100 1651 καὶ
3118 1601 3215 1668 τὴν
3240 1599 3348 1651 τῶν
3378 1598 3521 1649 ναῶν
3543 1597 3862 1665 καθιέρωσιν
3883 1611 3895 1626 ⁸

2360 1688 2453 1739 καὶ
2478 1687 2677 1739 δέδωκε
2707 1688 2805 1755 τὴν
2834 1688 3079 1751 ἕξουσίαν
3109 1688 3283 1741 αὐτῶν
3314 1691 3428 1750 τοῖς
3458 1686 3797 1757 ἀρχιερεῦσι.
3832 1687 3894 1739 Τί

2357 1776 2411 1828 δὲ
2467 1777 2793 1841 καταλλάξαι
2844 1782 2924 1839 είς
2971 1780 3233 1848 δημοσίαν
3274 1777 3612 1848 λειτουργίαν
3668 1776 3893 1829 τοιοῦτόι

716 1868 877 1918 modi.
914 1868 973 1929 li,
1007 1868 1199 1934 quibus
1230 1882 1389 1935 pinna
1441 1870 1678 1940 iniuncta
1707 1879 1808 1934 est,
1845 1874 2043 1940 quique
2064 1886 2247 1924 arcen-

2356 1867 2519 1919 ιστιν.
2548 1868 2610 1918 Ui
2634 1867 3064 1934 ἑπιτιμηθέντες,
3091 1869 3181 1920 καὶ
3204 1870 3299 1936 τῆς
3328 1869 3621 1934 ἐκκλησίας
3657 1866 3899 1935 είργόμευ

717 1966 800 2006 tur
832 1958 899 2009 ab
948 1959 1211 2022 ecclesia,
1260 1975 1367 2013 non
1421 1962 1802 2029 permittuntur
1858 1977 1978 2015 cum
2012 1963 2258 2016 ﬁdelibus

715 2048 1033 2112 consistere,
1088 2052 1179 2101 sed
1236 2065 1329 2117 per
1383 2066 1442 2105 se
1498 2052 1663 2106 Deum
1698 2052 1915 2106 laudare
1947 2068 2049 2107 non
2076 2054 2260 2121 prohi-

719 2134 929 2189 bentur.
965 2137 1189 2201 Quando
1220 2147 1397 2193 autem
1451 2155 1479 2193 a
1534 2156 1687 2209 pcena
1747 2142 1975 2195 absoluti
2031 2141 2252 2202 fuerint,

713 2233 837 2277 tunc
874 2227 1179 2279 consistunt
1210 2243 1329 2280 cum
1362 2230 1628 2298 ﬁdelibus,
1653 2239 1705 2283 et
1732 2231 1943 2299 publice
1965 2245 2057 2285 seu
2082 2232 2253 2299 palam

716 2317 876 2367 Dcum
926 2333 1046 2372 cum
1102 2319 1298 2386 p0pulo
1332 2320 1567 2373 laudant.
1609 2320 1749 2390 Lege
1793 2333 1843 2374 et
1878 2321 1947 2375 43
1991 2336 2249 2374 canonetn

712 2396 993 2471 pascentis
1026 2408 1213 2476 synodi
1249 2427 1261 2462 :
1293 2424 1393 2462 nec
1452 2408 1546 2462 tibi
1581 2423 1877 2477 repugnare
1910 2410 2153 2461 videatur
2185 2407 2252 2460 52

708 2513 881 2549 canon
935 2500 1279 2564 apostolicus,
1311 2499 1400 2566 qui
1456 2500 1585 2552 dicit
1635 2502 1917 2567 episcopos
1950 2508 1997 2553 et
2034 2500 2252 2567 presby-

712 2601 853 2643 teros
914 2590 1188 2655 suscipere
1245 2604 1337 2642 eos
1384 2591 1470 2656 qui
1522 2598 1931 2643 convertuntur.
1978 2588 2081 2641 Sed
2141 2589 2247 2651 dic,

710 2680 838 2729 istos
868 2680 1219 2745 presbyteros
1251 2678 1622 2745 episcoporum
1659 2678 2029 2730 adhortatione
2077 2678 2251 2744 paeni-

709 2778 881 2820 tentes
917 2770 1207 2835 suscipere.
1227 2764 1400 2831 Quare
1427 2776 1572 2829 uota,
1604 2761 1741 2832 quod
1764 2766 1876 2833 qui,
1897 2767 2010 2817 sine
2040 2767 2248 2831 cpisco-

707 2860 809 2926 pali
842 2860 1195 2925 perutissimte
1240 2857 1513 2911 hominum
1549 2856 1915 2909 confessiones
1954 2857 2246 2923 excipiunt,

704 2952 897 3005 sacrati
953 2948 1199 3001 monachi
1258 2947 1397 2999 male
1452 2945 1693 3008 faciunt;
1735 2945 1901 2998 multo
1932 2954 2107 2997 autem
2141 2960 2251 2997 ma-

709 3040 792 3109 gis
826 3038 1061 3106 profani.
1094 3037 1132 3090 li
1166 3038 1307 3089 enim
1349 3050 1448 3088 nec
1474 3050 1594 3088 cum
1642 3034 1962 3086 adhortante
2002 3034 2249 3101 episcopo

716 3135 941 3194 possunt
976 3127 1077 3179 tale
1109 3127 1395 3192 quidquam
1432 3139 1705 3175 exercere.
1741 3123 1803 3174 Et
1838 3122 1955 3175 ideo
1979 3122 2246 3191 synodalia
2268 3156 2314 3218 Ο

705 3228 917 3281 quoque
946 3212 1237 3265 declaratio
1264 3212 1399 3263 facta
1431 3218 1537 3273 est,
1563 3225 1627 3262 ex
1667 3210 2057 3276 supplicatione
2083 3222 2244 3261 vene-

707 3306 893 3358 rabilis
926 3299 1622 3367 nionasteriiEvergetidis;
1660 3299 1821 3365 quod,
1859 3300 2109 3366 quoniam
2141 3308 2249 3350 sta-

706 3403 875 3446 tutum
924 3389 1239 3443 monasterii
1275 3387 1685 3448 decerniteum,
1713 3386 1801 3453 qui
1845 3385 2000 3438 statis
2046 3394 2246 3453 tempo-

706 3481 851 3534 ribus
877 3480 989 3546 rjus
1018 3478 1295 3546 praefectus
1326 3486 1426 3539 est,
1460 3478 1838 3529 monachorum
1884 3473 2245 3527 confessiones

707 3572 914 3633 audire,
958 3570 1178 3637 profano
1208 3580 1382 3620 autem
1413 3580 1514 3618 non
1540 3568 1869 3634 permittitur
1889 3564 2246 3619 confessiones

700 3661 981 3728 cscipere;
1014 3658 1323 3710 necessario
1352 3656 1591 3721 sequitur
1626 3654 1937 3722 praefectum
1985 3668 2111 3709 esse
2158 3670 2245 3706 sa-

700 3751 993 3802 cerdotem.
1028 3745 1271 3798 Preiecti
1302 3755 1501 3806 autem,
1534 3753 1593 3797 ut
1621 3758 1759 3811 saepe
1785 3744 2037 3805 diximus,
2070 3744 2243 3795 homi-

700 3855 794 3892 nes
828 3838 1037 3906 profani
1075 3836 1225 3888 ﬁunt.
1273 3832 1404 3886 Nam
1444 3844 1496 3887 et
1523 3836 1777 3889 mulieres
1809 3848 2019 3901 quoque
2052 3844 2238 3885 mena-

699 3927 883 3981 steriis
944 3926 1349 3993 praeticiuntur,
1400 3924 1493 3976 sed
1545 3924 1817 3976 hominum
1877 3922 2244 3977 confessiones

699 4034 801 4071 non
841 4018 1085 4069 audiunt.
1119 4013 1215 4068 His
1261 4014 1336 4065 ita
1368 4027 1425 4067 se
1475 4014 1816 4075 habentibus,
1846 4013 2028 4066 dicunt
2051 4013 2239 4081 aliqui,

696 4108 857 4175 quod,
883 4107 1139 4174 quoniam
1184 4104 1251 4158 ab
1282 4101 1613 4155 antistitibus
1643 4103 1699 4154 lit
1747 4101 2043 4170 puellarum
2109 4118 2238 4155 con-

696 4200 948 4259 secratio,
983 4212 1092 4249 non
1146 4194 1325 4247 licebit
1378 4193 1686 4246 monasterii
1742 4192 2014 4261 praefecto,
2042 4194 2241 4260 quiest

694 4299 958 4351 sacratus,
992 4288 1070 4339 vel
1097 4286 1409 4352 simpliciter
1439 4282 1702 4337 sacerdoti
1734 4284 2018 4344 monacho,
2053 4296 2239 4349 quem-

696 4381 772 4431 vis
798 4375 1120 4429 monachum
1150 4376 1368 4427 tondere
1400 4374 1515 4424 sine
1542 4370 1831 4439 episcopali
1860 4370 2234 4437 permissione.

2358 1957 2543 2018 νοι,οὺ
2590 1957 3033 2027 παραχωροῦνται
3092 1958 3438 2011 συνίστασθαι
3492 1958 3627 2023 μετά
3672 1958 3779 2008 τῶν
3816 1971 3899 2006 πι-

2359 2049 2519 2109 στῶν,
2543 2049 2661 2099 καθ’
2693 2050 2913 2109 ἑαυτοὺς
2946 2048 3000 2101 δὲ
3034 2050 3218 2117 ὑμνεῖν
3238 2049 3325 2100 τὸν
3350 2048 3479 2098 Θεὸν
3505 2048 3563 2098 οὐ
3592 2046 3896 2098 κωλύονται.

2360 2136 2482 2189 Ὀτε
2506 2137 2561 2189 δὲ
2592 2137 2685 2190 τοῦ
2712 2141 2982 2207 ἐπιτιμίου
3010 2139 3209 2191 λυθῶσι
3232 2179 3248 2201 ,
3274 2142 3393 2193 τότε
3421 2139 3761 2191 συνίστανται
3794 2138 3899 2196 τοῖς

2355 2230 2581 2289 πιστοῖς,
2604 2229 2695 2279 καὶ
2712 2229 2943 2298 δημοσίᾳ
2962 2229 3124 2297 ἤγουν
3148 2229 3412 2299 φανερῶς,
3433 2228 3654 2296 ὑμνοῦσι
3670 2229 3755 2278 τὸν
3776 2224 3899 2276 Θεὸν

2356 2316 2489 2384 μετά
2520 2315 2612 2367 τοῦ
2635 2317 2825 2385 δήμου.
2884 2318 3175 2384 Ἀνάγνωθι
3210 2322 3301 2371 καὶ
3333 2323 3423 2370 τὸν
3460 2317 3550 2387 μγ¹
3581 2317 3775 2369 κανόνα
3804 2312 3899 2381 τῆς

2353 2406 2626 2475 παρούσης
2652 2409 2869 2460 συνόδου
2892 2424 2904 2438 ·
2932 2410 3025 2460 καὶ
3052 2410 3127 2479 μὴ
3153 2410 3444 2479 ἐναντιωθῇ
3474 2426 3556 2460 σοι
3584 2411 3610 2461 ὁ
3630 2405 3707 2476 νβ’
3768 2408 3899 2457 ἀπο·

2354 2498 2593 2559 στολικδς
2622 2497 2830 2563 κανὼν,
2884 2500 3053 2565 λέγων
3100 2499 3223 2563 τοὺς
3278 2500 3601 2560 ἐπισκόπους
3656 2500 3748 2551 καὶ
3780 2500 3899 2559 τοὺς

2352 2585 2753 2656 πρεσϐυτέρους
2796 2588 3041 2657 δέχεσθαι
3092 2592 3212 2650 τοὺς
3256 2592 3699 2660 ἐπιστρέφοντας.
3762 2588 3900 2643 Ἀλλ’

2351 2678 2473 2729 sine
2507 2679 2600 2730 καὶ
2637 2678 2855 2741 τούτους
2889 2681 3013 2741 τοὺς
3052 2682 3453 2750 πρεσσυτέρους
3488 2680 3626 2733 κατὰ
3671 2698 3898 2752 προτρο-

2352 2767 2457 2834 πὴν
2505 2769 2615 2819 τῶν
2660 2770 2973 2821 ἐπισκόπων
3022 2769 3272 2838 δέχεσθαι
3319 2770 3445 2831 τοὺς
3490 2773 3897 2839 μετανοοῦντας.

2352 2854 2514 2907 Ὥστε
2555 2859 2857 2926 σημείωσαι
2888 2860 2970 2911 ότι
3006 2862 3055 2911 oi
3086 2862 3252 2929 χωρὶς
3285 2862 3579 2930 ἐπιτροπῆς
3610 2864 3898 2915 ὲπισκοπι-

2352 2946 2450 3013 κῆς
2477 2948 2753 3016 δεχόμενοι
2781 2934 3073 3017 λογισμοὺς
3103 2950 3405 3019 ἀνθρώπων
3430 2956 3711 3023 ίερωμένοι
3740 2972 3899 3022 μονα-

2355 3039 2458 3104 χοὶ,
2520 3036 2701 3099 κακῶς
2757 3037 3006 3090 ποιοῦσι·
3042 3038 3219 3108 πολλῷ
3274 3042 3329 3093 δι
3380 3043 3539 3095 πλέον
3574 3044 3623 3094 oi
3674 3043 3898 3113 ἀνίεροι.

2350 3122 2508 3180 Οὗτοι
2539 3129 2645 3197 γὰρ
2673 3128 2791 3180 οὐδὲ
2821 3131 2957 3197 μετά
2983 3133 3294 3201 προτροπῆς
3325 3134 3683 3201 ἑπισκοπικῆς
3713 3135 3901 3188 δύναν.

2350 3234 2439 3268 ται
2462 3216 2700 3267 τοιοῦτόν
2724 3233 2773 3267 τι
2801 3216 3109 3285 ἐνεργῆσαι.
3142 3219 3232 3270 Διὸ
3261 3223 3352 3269 καὶ
3384 3222 3674 3289 σημείωμα
3705 3226 3898 3290 γέγονε

2352 3306 2624 3357 συνοδικὸν
2658 3309 2721 3357 ὲκ
2755 3307 3157 3374 προσελεύσεως
3188 3309 3296 3376 (l0)
3326 3309 3415 3361 τοὺ
3454 3314 3652 3378 μέρους
3678 3315 3776 3386 τῆς
3811 3331 3900 3365 σε·

2348 3394 2583 3459 δασμίας
2609 3396 2791 3462 ρμονῆς
2820 3397 3316 3465 τῆςεύεργέτιδος,
3347 3398 3451 3462 ὡς,
3482 3403 3604 3451 ἐπεὶ
3636 3402 3701 3452 τὸ
3744 3419 3901 3454 τυπι-

2345 3486 2439 3534 κὸν
2471 3484 2585 3551 τῆς·
2605 3484 2765 3551 μονῆς
2797 3483 3083 3551 διορίζεται
3110 3486 3353 3552 δέχεσθαι
3385 3489 3475 3537 τὸν
3504 3488 3643 3539 κατὰ
3672 3489 3899 3557 καιροὺς

2351 3572 2761 3640 καθηγούμενον
2796 3575 2964 3639 αὐτῆς
2998 3574 3123 3636 τοὺς
3159 3574 3447 3643 λογισμοὺς
3476 3576 3583 3627 τῶν
3615 3580 3896 3655 μονειχιῖιν⁹

2344 3661 2444 3712 ούκ
2462 3663 2668 3727 ἐφεῖται
2683 3662 2737 3713 δι
2757 3662 2953 3729 ἀνιέρῳ
2975 3661 3221 3729 δέχεσθαι
3244 3663 3550 3730 λογισμοὺς,
3575 3663 3631 3727 ἐξ
3653 3667 3897 3734 ἀνάγκης

2343 3747 2532 3799 ἕπεται
2553 3749 2628 3817 τῷ
2655 3747 2791 3801 εἶναι
2818 3750 2907 3800 τὸν
2945 3750 3349 3817 καθηγούμενον
3372 3751 3538 3817 ίερέα.
3575 3754 3897 3822 ῚΙγούμενοι

2341 3838 2519 3901 δὲνὼ,
2555 3837 2811 3899 πολλάκις
2841 3839 3081 3907 είπομεν,
3119 3839 3323 3908 ἀνίεροι
3354 3840 3611 3906 γίνονται.
3674 3845 3772 3894 Οτι
3805 3848 3893 3896 καὶ

2342 3931 2597 3990 γυναῖκες
2614 3928 3037 3995 ήγουμενεύουσι
3066 3929 3180 3995 μὲν,
3202 3928 3490 3997 λογισμοὺς
3514 3932 3567 3981 δὲ
3594 3932 3893 4001 ἀνθρώπων

2342 4018 2400 4067 ού
2445 4017 2708 4085 δέχονται.
2753 4016 2968 4068 Τούτων
3005 4015 3176 4079 οὕτως
3208 4019 3455 4087 ἑχόντων,
3506 4020 3722 4085 λέγουσί
3756 4038 3896 4083 τινες

2340 4108 2415 4169 ὼς
2436 4148 2449 4170 ,
2477 4110 2593 4159 επεὶ
2622 4106 2768 4173 παρὰ
2799 4109 3095 4176 ἀρχιερέων
3123 4109 3157 4176 ἡ
3204 4090 3314 4161 τῶν
3357 4109 3535 4177 κορῶν
3564 4111 3899 4179 καθιέρωσις

2341 4197 2567 4263 γίνεται,
2595 4196 2692 4247 οὑκ
2714 4195 2863 4247 ἔσται
2884 4194 2969 4245 ἐπ’
2996 4196 3175 4257 ἀδείας
3196 4198 3475 4265 ἱερωμένῳ
3497 4196 3899 4267 καθηγουμένῳ

2339 4286 2371 4355 ἢ
2396 4287 2577 4346 ἁπλῶς
2600 4287 2731 4355 ἱερεῖ
2766 4285 2983 4354 μοναχῷ
3002 4286 3313 4354 ἀποκείρειν
3346 4287 3636 4357 οἱονδήτινα
3665 4290 3899 4358 μοναχὸν

2339 4375 2505 4444 χωρὶς
2555 4375 2917 4441 ὲπισκοπικῆς
2952 4375 3276 4443 ἐπιτροπῆς.
3301 4375 3505 4426 Ταυτὸν
3537 4376 3644 4443 γάρ
3687 4378 3839 4429 ἔστιν
3868 4377 3899 4444 ἡ

694 4469 836 4520 Idem
870 4468 1008 4518 enim
1049 4474 1133 4518 est
1160 4464 1453 4530 puellarum
1479 4461 1815 4515 consecratio
1846 4469 1899 4512 et
1945 4460 2234 4512 monacho-

2344 4466 2444 4517 τῶν
2472 4466 2645 4533 κοριῖδν
2682 4464 3008 4533 καθιέρωσις
3040 4468 3130 4514 καὶ
3159 4466 3329 4531 ή.των
3367 4466 3614 4531 μοναχῶν
3644 4465 3897 4534 ἀπῦκαρ-

695 4571 811 4609 rum
842 4564 1085 4607 tonsura.
1135 4549 1260 4604 Mihi
1300 4559 1475 4604 autem
1514 4549 1742 4614 videtur,
1764 4551 2069 4602 sacerdotes
2102 4564 2238 4616 prte-

687 4646 860 4700 fectos
914 4657 1069 4713 posse
1121 4644 1256 4694 citra
1292 4641 1455 4693 ullum
1489 4639 1929 4706 impedimentum
1992 4644 2236 4703 tondere,

689 4743 849 4793 ctiam
883 4741 1000 4792 sine
1022 4735 1312 4804 episcopali
1345 4733 1714 4802 permissione.
1750 4732 1806 4785 Si
1831 4733 1973 4786 enim
1997 4734 2235 4787 decimus

688 4836 909 4897 quartus
948 4841 1117 4879 canon
1157 4824 1396 4892 septima
1450 4823 1637 4890 synodi
1686 4819 1936 4887 praefecto
1974 4824 2236 4889 permittit

688 4919 846 4971 etiam
882 4916 1101 4968 lectoris
1129 4916 1499 4967 characterem
1550 4912 1600 4961 in
1653 4912 1869 4977 preprio
1906 4914 2234 4965 monasterio

687 5010 885 5069 facere,
936 5006 1100 5059 multo
1150 5005 1317 5069 magis
1354 5002 1402 5055 ei
1450 5000 1670 5054 tondere
1718 5000 1976 5067 permisit.
2012 5000 2074 5052 Et
2118 5002 2233 5067 lege

687 5113 803 5163 qua
826 5099 881 5150 in
908 5110 971 5149 eo
1001 5096 1118 5164 ipso
1157 5104 1346 5162 quarto
1378 5093 1586 5145 decimo
1612 5104 1819 5145 canone
1852 5094 2047 5158 scripta
2078 5103 2222 5147 sunt.

687 5188 784 5250 Qui
818 5196 990 5239 autem
1030 5195 1152 5238 sunt
1178 5184 1489 5252 simpliciter
1520 5184 1827 5234 sacerdotes
1858 5186 2124 5248 monachi,
2159 5186 2226 5238 ob

686 5289 999 5343 pra-sentem
1050 5290 1307 5327 canonem
1370 5283 1620 5325 tonsuras
1669 5289 1788 5323 cum
1856 5274 2077 5327 scientia
2113 5278 2225 5345 epi-

2342 4573 2448 4617 σις.
2487 4556 2637 4624 Ἐμοὶ⁵
2665 4556 2718 4606 δὲ
2742 4554 2881 4605 δοκεῖ
2912 4553 3399 4621 ἀπαρεμποδίστως
3436 4554 3563 4614 τοὺς
3601 4556 3770 4622 ίερεῐς
3800 4573 3899 4607 κα-

2340 4646 2704 4715 θηγουμένους
2732 4643 3043 4709 ἀποκείρειν
3072 4643 3165 4693 καὶ
3187 4642 3309 4710 δίχα
3337 4644 3639 4710 ἐπιτροπῆς
3666 4646 3897 4708 ἐπισκο-

2339 4736 2527 4801 πικῆς.
2568 4735 2629 4786 Ei
2668 4734 2772 4801 γάρ
2801 4736 2827 4784 ό
2864 4730 2922 4783 ιδ’
2952 4730 3130 4783 κανὼν
3172 4732 3271 4799 τῆς
3312 4732 3352 4793 ζ’
3392 4732 3611 4784 συνόδου
3655 4737 3899 4804 ἐκχωρεί

2336 4826 2413 4893 τῷ
2448 4825 2841 4893 καθηγουμένῳ
2864 4822 2955 4875 xui.
2981 4822 3211 4890 σφαγίδα
3235 4823 3575 4889 ἀναγνώστου
3610 4828 3790 4876 ποιεῖν
3817 4828 3896 4885 εἰς

2332 4917 2431 4983 τὴν
2466 4914 2668 4966 οἰκείαν
2710 4915 2874 4980 μονὴν
2896 4952 2910 4977 ,
2942 4910 3114 4977 πολλῷ
3151 4912 3312 4963 πλέον
3362 4911 3702 4983 ἐξεχώρησεν
3744 4913 3898 4980 αύτῷ

2340 5009 2510 5060 ποιεῖν
2538 5007 2635 5074 τὴν
2665 5006 2983 5073 ἀπόκαρσιν.
3024 5005 3131 5055 Καὶ
3159 5004 3429 5067 ἀνάγνωθι
3452 5004 3519 5055 τά
3549 5004 3607 5053 ἑν
3636 5001 3718 5071 τῷ
3746 5002 3898 5071 αὑτῷ

2342 5097 2399 5147 ιδ’
2445 5096 2625 5147 κανόνι
2664 5093 2959 5160 γραφέντα.
3005 5091 3066 5141 Οί
3114 5088 3170 5142 δὲ
3212 5087 3397 5147 ἁπλῶς
3450 5090 3611 5156 ίερεῖς
3667 5096 3899 5157 μοναχοι

2338 5189 2607 5253 ὀφείλουσι
2662 5186 2759 5247 τὰς
2818 5184 3155 5251 ἀποκάρσεις
3202 5182 3374 5231 ποιεῖν
3434 5182 3573 5248 μετὰ
3633 5180 3899 5251 είδὴσεως

2337 5279 2693 5347 ἑπισκοπικῆς
2729 5276 2814 5328 διὰ
2837 5276 2924 5327 τὸν
2952 5274 3190 5344 παρόντα
3219 5272 3413 5326 κανόνα
3441 5290 3455 5304 ·
3489 5274 3539 5323 εἰ
3571 5272 3646 5342 μή
3677 5272 3787 5325 πού
3818 5289 3899 5333 τις

1888 5412 2080 5469 (ὶυὶΙΙ.
2125 5417 2451 5495 Bevercgii
2491 5424 2671 5477 llOliE.

750 5542 861 5610 (ιο)
896 5537 1426 5610 Σημειωματέγονδ
1452 5537 1775 5589 συνοδικὸν
1805 5537 1891 5610 Δἐκ.
1909 5543 2233 5603 προσελεύο

687 5606 857 5674 σεωςξ
890 5606 1088 5661 Unities
1122 5606 1342 5660 Codices
1366 5646 1379 5668 ,
1410 5615 1516 5674 tam
1545 5606 1895 5673 manuscripti
1924 5622 2083 5672 quam
2129 5612 2228 5660 im-

2330 5544 2444 5595 σίου
2480 5545 2543 5594 ὲκ
2593 5541 3021 5610 προσελεύσεως,
3072 5547 3178 5591 etc.
3206 5535 3513 5610 Δδεμνιοιίιξίίε
3539 5604 3549 5610 Δ
3573 5533 3881 5610 degluratia

2323 5612 2466 5680 facta
2496 5620 2572 5665 est
2605 5602 3052 5680 subsanctiuimo
3075 5602 3378 5673 patriarcha
3407 5604 3620 5656 domino
3646 5602 3898 5660 Tlteodo-

686 5672 871 5748 pressi,
889 5689 1081 5748 prater
1108 5674 1483 5748 Bodleianum,
1505 5672 1707 5748 legunt,
1732 5672 2220 5748 σημείωμαγέγονε

2349 5683 2418 5745 io,
2451 5696 2513 5733 ea:
2542 5679 2940 5746 supplicatione,
2972 5690 3078 5729 etc.

684 5744 951 5801 συνοδικδν
983 5747 1073 5797 τοῦ
1100 5746 1397 5811 ἀγιωτάτου
1444 5744 1777 5811 πατριάρχου
1814 5745 1976 5811 κυρού
2026 5746 2219 5796 Θεοδο-
