4114 6456
259 350 323 411 45
1314 355 1394 418 1N
1422 354 1584 416 CAN.
1643 353 1711 412 Vl
1765 349 1968 408 00Νο.
2008 346 2374 406 CARTHAG.
3385 337 3452 396 l6

264 462 349 512 καὶ
380 461 538 516 τοῦτο
569 465 798 538 θελήσει
833 474 1070 537 γίνεσθαι
1095 473 1230 526 κατὰ
1257 473 1423 539 μόνην
1452 465 1544 519 τοῦ
1575 459 1800 533 μοναχοῖ

1915 456 2061 522 scopi
2113 455 2292 508 facere
2351 453 2588 507 debent:
2624 451 2722 503 nisi
2757 449 2876 515 quis
2925 447 3060 501 forte
3110 445 3212 499 hoc
3243 456 3454 512 quoque

261 550 436 618 ἱερέως
476 553 698 622 θέλησιν
734 560 845 610 ἀπὸ
874 561 1209 632 τῆςμακρᾶς
1246 556 1530 626 συνηθείας
1554 553 1653 619 τῆς
1681 549 1800 602 ἀντὶ

259 641 412 706 νόμον
447 647 539 695 καὶ
572 651 803 710 κανόνος
835 651 1131 720 κρατούσης
1163 650 1322 718 μέχρι
1346 648 1434 700 τοῦ
1463 647 1574 700 νῦν.

322 822 913 889 ΖΩΝΑΡηΧρίσματος
944 822 1152 890 ποίησις
1189 822 1222 891 ἡ
1253 821 1341 871 ἐπὶ
1373 819 1448 887 τῷ
1477 822 1614 887 ἁγίῳ
1648 820 1802 888 μύρῳ

257 917 364 967 ἐστί
401 914 619 980 τελετή.
656 913 989 980 Καταλλαγὴ
1032 913 1087 963 δέ
1123 911 1520 978 μετανοούντων
1547 911 1609 962 τὸ
1645 910 1803 963 λῦσαι

257 1005 339 1056 τὸν
368 1003 911 1072 ἐξομολογησάμενον
942 1001 1033 1053 τοῦ
1074 1001 1346 1069 ἐπιτιμίου
1370 1041 1386 1065 ,
1423 1003 1514 1052 καὶ
1545 1004 1601 1052 ἐν
1638 1019 1803 1069 μετα-

255 1095 366 1164 νοίᾳ
396 1096 691 1160 γενόμενον
725 1097 816 1145 καὶ
844 1092 1253 1160 ἐπιτιμηθέντα.
1302 1092 1386 1151 '0;
1421 1092 1527 1161 γὰρ
1553 1092 1651 1161 ήδη
1687 1093 1801 1145 ίκαο

253 1185 349 1246 νὼς
383 1186 510 1246 ἴσως
534 1188 562 1236 ὁ
581 1184 822 1244 τοιοῦτος
840 1183 1120 1242 δουλεύσας
1145 1182 1219 1250 τῷ
1242 1183 1511 1250 ἐπιτιμίῳ.
1537 1183 1568 1251 ἢ
1603 1183 1693 1235 καὶ
1713 1183 1802 1234 τὸν

251 1275 547 1342 ὡρισμένον
578 1273 872 1341 πληρώσας
899 1273 1104 1340 χρόνον,
1135 1272 1231 1324 καί
1257 1271 1511 1338 ἀνάλογον
1541 1272 1804 1335 ἐπιδειξά·

255 1380 410 1432 μενος
453 1363 554 1430 τὴν
593 1364 905 1430 μετάνοιαν,
942 1362 1126 1412 λύεται
1158 1361 1252 1413 τοῦ
1282 1361 1576 1428 ἐπιτιμίου,
1623 1363 1716 1414 καὶ
1767 1361 1799 1431 ἢ

253 1454 570 1505 συνεστάναι
617 1455 729 1513 τοῖς
771 1454 982 1511 πιστοῖς
1029 1453 1454 1521 παραχωρεῖται,
1505 1453 1537 1520 ἢ
1573 1451 1802 1503 καὶτῶν

250 1543 614 1610 ὰγιασμάτων
641 1542 1088 1610 μεταλαμϐάνειν.
1108 1541 1477 1594 Καταλλάττει
1497 1540 1602 1608 γὰρ
1618 1539 1764 1592 ὥσπε
1773 1556 1802 1606 ρ

250 1633 406 1683 αὑτὸν
441 1631 520 1699 τῷ
555 1631 676 1702 Θεῷ
704 1631 732 1681 δ
781 1631 1063 1699 ἀρχιερεὺς
1094 1629 1180 1681 διὰ
1223 1631 1320 1696 τῆς
1362 1629 1674 1698 μετανοίας,
1710 1629 1803 1680 καὶ

250 1720 385 1772 οὕτω
410 1722 732 1788 συνίστησιν
753 1720 911 1771 αὑτὸν
939 1724 1050 1781 τοῖς
1073 1722 1280 1782 πιστοῖς
1303 1720 1359 1770 ἐν
1383 1720 1448 1788 τῇ
1488 1718 1799 1788 Ἐκκλησία,
1828 1759 1876 1819 Β

250 1808 338 1859 καὶ
356 1808 462 1858 τῶν
493 1808 856 1874 ἀγιασμάτων
880 1807 1123 1871 καταξιοῖ
1143 1823 1157 1837 ο
1181 1807 1213 1875 ἢ
1238 1808 1351 1871 καὶ,
1383 1807 1459 1858 ἔτι
1485 1805 1582 1858 τοῦ
1610 1808 1798 1875 χρόνον

247 1895 338 1971 τῆς
357 1895 652 1961 μετανοίας
671 1893 1178 1961 ἐπιδαψιλευομίνου
1201 1893 1640 1960 καταλλάττεται,
1655 1894 1800 1947 ἐστιν

249 1986 349 2048 ὅτε,
379 1987 468 2036 ὅτε
505 1985 714 2053 δηλαδὴ
745 1986 870 2052 περὶ
899 1984 997 2053 τὴν
1032 1982 1175 2054 ζωὴν
1209 1984 1526 2043 κινδυνεύει.
1562 1984 1636 2045 ὥς
1670 2003 1801 2053 φησι

247 2076 367 2143 περὶ
406 2074 608 2126 τούτου
649 2076 677 2126 ὁ
707 2074 905 2142 ἐφεξῆς
941 2073 1136 2126 κανών.
1169 2075 1360 2142 Κορῶν
1392 2075 1446 2126 δέ
1478 2074 1800 2143 καθιέρωσις

245 2167 360 2232 οὐχὶ
411 2166 788 2217 διακονισσιῖινι
827 2165 1129 2233 χειροθεσία
1175 2148 1353 2216 ἐστίν’
1399 2165 1510 2217 ἀλλ’
1567 2165 1684 2228 ἔθος
1733 2162 1801 2237 ἦν

248 2254 620 2322 προσάγεσθαι
652 2255 815 2322 κόρας
857 2257 974 2314 ταῖς
1005 2253 1318 2320 ἐκκλησίαις
1348 2253 1642 2320 παρθενίαν
1671 2257 1800 2323 δμο-

245 2343 535 2407 λογούσας,
574 2345 668 2395 καὶ
699 2344 948 2408 ἁγνεύειν
980 2344 1442 2410 ύπισχνουμένας,
1477 2344 1571 2397 καὶ
1601 2344 1802 2406 ταύτας

243 2436 288 2483 oi
330 2433 624 2484 ἐπίσκοποι
678 2432 744 2484 δι’
783 2432 952 2500 εὐχῶν
984 2432 1304 2498 καθιέρουν,
1350 2431 1426 2493 ὼς
1454 2431 1800 2494 ἀνατεθείσας

244 2525 314 2590 τῷ
357 2524 499 2589 Θεῷ,
555 2525 652 2576 καὶ
703 2525 896 2574 ἐκεῖνοι
945 2519 1256 2589 ἐφρόντιζον
1299 2522 1395 2589 τῆς
1429 2523 1670 2590 φυλακῆς
1709 2523 1800 2574 καὶ

243 2616 529 2681 ἀναγωγῆς
558 2614 759 2673 αὐτῶν,
795 2613 929 2679 μετὰ
953 2613 1012 2663 τὸ
1033 2612 1363 2680 χωρισθῆναι
1397 2612 1562 2673 αὐτὰς
1592 2614 1654 2664 ἐκ
1689 2613 1798 2666 τῶν

243 2709 488 2771 πατέρων
539 2703 718 2753 αὐτῶν
766 2700 942 2761 καθὼς
987 2700 1182 2768 δηλοῖὸ
1215 2699 1295 2769 μδ’
1335 2701 1511 2754 κανὼν
1540 2703 1637 2771 τῆς
1657 2718 1800 2771 παρ-

240 2791 399 2860 ούσης
447 2793 694 2847 συνόδου.
743 2791 923 2842 Ταῦτα
945 2786 1037 2842 οὖν
1065 2790 1309 2854 γίνεσθαι
1334 2791 1482 2858 παρὰ
1505 2791 1800 2864 πρεσϐυτέ-

1897 545 2006 597 sola
2057 543 2302 595 monachi
2360 540 2660 594 sacerdotis
2702 539 2973 604 voluntate
3026 535 3143 586 fieri
3199 532 3450 590 velit.ex

1901 637 2053 699 longa
2083 630 2489 695 consuetudine,
2524 641 2644 696 qua:
2671 641 2766 693 pro
2791 626 2901 689 lcge
2932 633 2984 676 et
3013 637 3218 675 canone
3254 623 3451 674 hucus-

1899 742 2001 794 que
2030 725 2278 778 obtinuit.

1978 812 2230 867 ZONAB.
2283 810 2608 866 Chrismatis
2633 809 2900 863 confectio
2943 818 3024 860 est
3053 806 3190 859 sacri
3251 808 3350 858 olei
3384 822 3449 859 ex

1904 901 2134 970 mystico
2153 900 2599 953 caeremoniarum
2655 899 2759 950 ritn
2789 881 3148 950 consecratio:
3183 895 3450 946 l‘trniten-

1903 992 2034 1043 tium
2067 1005 2194 1044 vero
2255 987 2617 1043 reconciliatio
2650 987 2728 1051 fit,
2756 1001 2876 1040 cum
2935 984 3198 1054 quispiam
3250 985 3449 1037 crimen

1907 1079 2213 1145 confessus,
2275 1088 2558 1149 postquam
2632 1078 2770 1131 inter
2800 1076 3124 1146 pcenitentcs
3155 1074 3283 1142 egit,
3316 1077 3453 1127 mul-

1906 1178 2119 1238 tamque
2179 1170 2466 1237 persolvit‘,
2499 1183 2530 1222 a
2560 1183 2712 1238 ptena
2751 1168 2800 1221 in
2837 1167 3070 1220 futurum
3115 1176 3322 1233 tempus
3355 1167 3452 1219 ab-

1902 1259 2151 1314 solvitur.
2177 1258 2458 1328 Tanquam
2490 1260 2631 1312 enim
2665 1259 2710 1312 is
2737 1257 2876 1312 forte
2897 1257 3008 1323 jam
3050 1257 3182 1309 satis
3203 1257 3447 1324 supplicii

1903 1350 2088 1414 luerit,
2115 1351 2197 1405 vel
2236 1351 2396 1405 etiam
2428 1351 2550 1419 quia
2580 1349 2852 1403 deﬁnitum
2883 1356 3094 1414 tempus
3122 1345 3448 1413 impleverit.

1904 1457 1966 1497 ac
1988 1443 2120 1496 satis
2143 1455 2391 1509 magnum
2415 1441 2577 1494 animi
2603 1440 2837 1492 dolorem
2859 1450 2956 1506 pro
2984 1438 3187 1490 ratione
3205 1435 3448 1489 criminis

1881 1531 2182 1593 'indicarit,
2215 1546 2242 1582 a
2273 1543 2428 1598 ptrna
2461 1530 2738 1590 liberatur,
2761 1527 2919 1594 eique
2939 1526 3018 1579 vel
3051 1540 3171 1579 cum
3201 1523 3448 1577 fidelibus

1904 1622 2220 1686 consistere,
2246 1621 2331 1673 vel
2361 1619 2530 1673 sacris
2553 1618 2712 1670 etiam
2748 1617 3020 1685 mysteriis
3055 1616 3452 1669 communicare

1905 1709 2255 1778 permittitur.
2288 1708 2398 1762 Deo
2446 1707 2586 1761 enim
2622 1705 3016 1774 quodammodo
3047 1704 3297 1759 conciliat
3325 1719 3448 1758 eum

1909 1799 2164 1861 antistes,
2228 1797 2604 1850 intercedente
2662 1797 3002 1866 poenitentia,
3045 1811 3107 1846 ac
3144 1795 3196 1847 in
3227 1791 3448 1848 ecclesia

1903 1904 2026 1944 curn
2058 1887 2310 1942 ﬁdelibus
2347 1887 2663 1953 constituit,
2685 1898 2844 1953 atque
2865 1889 2931 1939 ad
2959 1896 3266 1939 sanctorum
3302 1896 3449 1936 com-

1901 1979 2319 2033 municationem
2365 1979 2621 2032 admittit.
2677 1977 3007 2033 Conciliatur
3049 1985 3299 2042 praeterea
3327 1974 3449 2041 quis

1900 2070 2208 2138 aliquando,
2233 2070 2353 2123 licet
2379 2069 2710 2137 pmnitenlia:
2736 2079 2973 2138 tempore
2994 2070 3226 2121 nondum
3245 2069 3446 2132 elapso,

1903 2161 1948 2214 si
1984 2162 2049 2215 de
2078 2160 2188 2214 vita
2223 2161 2469 2214 videlicet
2500 2161 2554 2213 in
2601 2159 2895 2228 periculum
2931 2160 3132 2219 veniat,
3167 2165 3223 2210 ut
3253 2159 3318 2210 de
3350 2159 3449 2210 hac

1902 2269 1960 2308 re
1995 2267 2167 2306 canon
2223 2254 2274 2305 iu
2319 2253 2671 2322 sequentibus
2706 2251 2944 2326 disserit.
3006 2251 3252 2318 Virgines
3287 2263 3447 2318 porro

1908 2358 2233 2399 consecrare
2280 2360 2384 2398 non
2437 2345 2575 2398 idem
2604 2353 2708 2408 est,
2743 2358 2805 2397 ac
2829 2341 3160 2396 diaconissas
3192 2354 3445 2394 manuum

1910 2437 2253 2505 impositione
2274 2437 2642 2501 constituere;
2675 2450 2856 2489 verum
2895 2434 3101 2501 antiqui
3134 2433 3298 2485 moris
3326 2430 3447 2497 fuit,

1897 2527 2121 2594 puellas,
2158 2543 2276 2596 quas
2305 2528 2666 2594 virginitatem
2694 2511 3088 2594 proﬁterentur.
3109 2532 3162 2575 et
3190 2522 3446 2574 castimo-

1899 2615 2044 2669 niam
2095 2625 2371 2679 voverent,
2406 2615 2458 2667 in
2514 2613 2710 2682 templo
2769 2613 2983 2675 sistere,
3036 2627 3170 2680 quas
3211 2610 3448 2678 episcopi

1899 2704 2158 2758 adhibitis
2198 2703 2620 2772 precationibus,
2662 2702 2827 2756 veluti
2862 2703 2970 2755 Deo
3004 2702 3232 2762 dicatas,
3266 2713 3450 2752 conse-

1897 2795 2174 2870 orabant,
2230 2807 2526 2860 earumque
2575 2793 2831 2846 custodiae
2905 2806 2968 2846 ac
3040 2789 3394 2844 institutionis
3431 2827 3447 2850 .

245 2875 346 2947 ρων
386 2883 774 2950 ἀπηγόρευσεν
806 2882 838 2948 ἡ
883 2879 1116 2941 σύνοδος.
1169 2880 1320 2946 Παρὰ
1354 2880 1460 2947 γὰρ
1501 2881 1797 2949 ἀρχιερέων

1900 2892 2182 2951 postquam
2243 2899 2270 2935 a
2320 2883 2633 2951 parentibus
2682 2883 3056 2941 secessissent.
3099 2895 3282 2934 curam
3347 2880 3446 2948 ipsi

244 2976 332 3025 καὶ
359 2977 416 3024 τὸ
468 2973 628 3037 ἅγιον
672 2973 880 3039 χρίσμα
925 2969 1158 3020 τελεῖται
1206 2971 1299 3023 καὶ
1345 2969 1652 3035 ἁγιάζεται,
1699 2969 1797 3022 καὶ

1900 2972 2280 3040 suscipiebant,
2303 2981 2438 3025 utex
2463 2979 2650 3038 quarto
2679 2978 2732 3023 et
2761 2968 3164 3037 quadragesimo
3184 2967 3340 3036 hujus
3362 2982 3452 3035 sy-

243 3062 555 3130 καταλλαγὴ
596 3062 994 3127 μετανοούντων
1035 3059 1261 3125 γίνεται.
1299 3053 1393 3120 Οἷς
1439 3059 1547 3128 γὰρ
1575 3059 1792 3127 δεσμεῖν

1900 3064 2018 3134 nodj
2044 3075 2246 3115 canone
2264 3059 2415 3114 facile
2441 3068 2678 3127 apparet.
2711 3057 2865 3127 521
2899 3056 3020 3111 Haec
3035 3071 3163 3124 ergo
3182 3071 3210 3108 a
3233 3056 3451 3125 presby-

242 3150 460 3212 δέδοται,
501 3148 708 3208 τούτοις
729 3148 825 3198 καὶ
850 3147 908 3198 τὸ
937 3145 1082 3198 λύειν
1105 3147 1517 3212 ἐπιτέτραπται.
1548 3147 1654 3197 Καὶ
1678 3145 1794 3213 ἅμα

241 3237 562 3306 διακρίσεως
585 3237 842 3302 ἁκριὸοὖς
863 3237 1019 3303 χρεία
1044 3237 1120 3295 είς
1144 3236 1203 3286 τὸ
1227 3236 1448 3301 γνῶναι,
1469 3235 1516 3287 εί
1538 3236 1600 3287 ἐκ
1621 3235 1794 3304 ψυχῆς

247 3327 537 3392 μετενόησε
594 3326 687 3375 καὶ
738 3324 1052 3391 ἀρκούντως
1099 3325 1126 3375 ὁ
1180 3325 1527 3392 ἁμαρτήσας,
1586 3325 1720 3393 πρὸς
1760 3323 1796 3376 ἃ

242 3416 272 3465 ὁ
302 3416 682 3485 πρεσϐύτερος
710 3417 838 3474 ἴσως
869 3415 965 3481 οὐχ
1002 3413 1182 3474 ἱκανὸς
1213 3414 1387 3468 ἐσται.
1423 3415 1528 3467 Καὶ
1557 3417 1590 3484 ἡ
1621 3414 1797 3483 κορῶν

244 3505 579 3570 καθιέρωσις
627 3501 774 3569 παρὰ
807 3502 1104 3570 ἀρχιερέων
1136 3501 1380 3568 γίνεσθαι
1415 3502 1757 3554 διατέτακται
1779 3543 1794 3568 ,

243 3598 328 3647 ῖνα
370 3597 583 3661 εῐδησιν
630 3594 766 3661 ἔχων
810 3594 890 3643 ὅτι
937 3590 1368 3660 καθιερώθησαν,
1410 3594 1667 3662 φροντίζῃ
1709 3596 1799 3644 καὶ

243 3687 333 3753 τῆς
375 3683 561 3735 αὐτῶν
597 3681 868 3747 διαγωγῆς
904 3697 960 3731 τε
999 3682 1092 3732 καὶ
1137 3681 1381 3749 φυλακῆς
1421 3683 1649 3743 ἕκαστος
1687 3683 1797 3733 τῶν

245 3773 580 3823 ἐπισκόπων,
614 3770 688 3820 Τὸ
711 3769 766 3820 δέ
795 3767 1125 3830 καταλλάξαι
1157 3771 1236 3828 είς
1261 3769 1526 3835 δημοσίαν
1556 3769 1800 3838 λειτουρ-

244 3864 364 3929 γίαν
420 3860 668 3913 τοιοῦτόν
722 3862 909 3910 ἐστιν’
968 3860 1029 3910 Οἱ
1088 3858 1496 3926 ἐπιτιμηθέντες
1551 3860 1645 3913 καὶ
1701 3861 1801 3929 τῆς

243 3953 532 4020 ἐκκλησίας
563 3949 868 4018 εἰργόμενοι
892 3951 948 3999 ἐν
978 3952 1098 4010 ταῖς
1131 3950 1380 4012 συνάξεσι
1413 3949 1509 4018 μὲν
1535 3951 1667 4018 μετὰ
1692 3951 1800 4002 τῶν

245 4042 449 4094 πιστῶν
485 4041 548 4092 οὐ
598 4037 1049 4107 παραχωροῦνται
1092 4039 1435 4091 συνίστασθαι
1466 4055 1478 4069 ο
1523 4039 1644 4090 καθ’
1679 4041 1802 4091 ἐαυ-

244 4134 360 4194 τοὺς
405 4133 464 4184 δὲ
500 4132 691 4199 ὑμνεῖν
725 4130 815 4180 τὸν
859 4129 990 4180 Θεὸν
1024 4130 1114 4180 καὶ
1148 4129 1362 4181 δέεσθαι
1409 4128 1570 4180 αὑτοῦ
1597 4132 1656 4181 ού
1688 4146 1800 4182 κω-

244 4223 457 4276 λύονται
479 4238 492 4250 ·
519 4224 606 4275 ὅτε
633 4205 804 4272 δὲ’τοῦ
832 4220 1106 4286 ἐπιτιμίου
1132 4220 1353 4280 λυθῶσίι,
1377 4219 1496 4270 τότε
1525 4220 1801 4272 συνίσταν-

245 4329 328 4364 ται
352 4314 466 4372 τοῖς
498 4312 733 4369 πιστοῖς,
757 4310 850 4360 καὶ
875 4307 1124 4376 δημοσίᾳ,
1153 4307 1318 4375 ἦγουν
1343 4307 1478 4374 μετὰ
1509 4307 1600 4358 τοῦ
1627 4309 1796 4377 δήμου

245 4401 346 4454 τῶν
397 4377 632 4459 πιστῶν,
689 4397 780 4449 τοῦ
835 4397 1066 4462 πλήθους
1113 4397 1332 4464 δηλαδὴ,
1377 4398 1794 4467 λειτουργοῦσιν,

241 4496 356 4546 ἀντὶ
387 4491 486 4543 τοῦ
520 4489 772 4557 φανερῶς
807 4487 1033 4554 ὑμνοῦσι
1064 4487 1122 4538 τὸ
1158 4487 1318 4545 θεῖον.
1356 4490 1446 4539 καὶ
1481 4488 1796 4556 λατρεύουσι

239 4583 312 4650 τῷ
339 4583 483 4649 Θεῷ.
522 4580 868 4648 Ἐξείληπται
895 4581 1002 4645 γὰρ
1026 4579 1084 4628 τὸ
1115 4576 1445 4646 λειτουργεῖν
1475 4581 1568 4630 καὶ
1593 4580 1685 4630 ἐπὶ
1709 4581 1798 4632 λα-

238 4674 418 4742 τρείας
455 4673 551 4724 καὶ
594 4671 784 4737 ὕμνου.

241 4766 456 4835 pepulo,
490 4762 726 4816 lidelium
775 4759 1023 4816 videlicet
1070 4760 1431 4824 multitudine,
1511 4763 1588 4818 rei
1638 4782 1808 4825 sacrm
1885 4766 2187 4826 ministerio
2238 4773 2451 4828 vacant,
2512 4766 2613 4818 hoc
2665 4775 2767 4825 est.

1894 3152 2021 3206 teris
2043 3152 2156 3206 lieri
2180 3151 2414 3221 synodus
2440 3150 2624 3203 vetuit.
2657 3148 2759 3201 Per
2784 3147 3050 3200 antistites
3078 3147 3218 3198 enim
3246 3159 3294 3198 et
3327 3161 3451 3198 san-

1892 3251 2038 3306 ctum
2051 3239 2286 3293 chrisma
2311 3237 2534 3291 solemni
2561 3237 2662 3289 ritu
2679 3234 2962 3290 conﬁcitur
2989 3242 3042 3287 et
3065 3232 3447 3289 sanctiﬁcatur.

1897 3343 1949 3386 et
1984 3330 2158 3397 poenis
2185 3329 2399 3382 obnoxii
2429 3327 2803 3381 conciliantur.
2833 3325 3032 3389 Quibus
3061 3325 3204 3378 enim
3233 3323 3449 3390 ligandi,

1897 3423 2084 3476 iisdem
2139 3429 2192 3472 et
2247 3417 2490 3473 solvendi
2549 3426 2786 3484 potestas
2817 3417 3081 3484 permissa
3111 3423 3214 3469 est.
3251 3414 3450 3467 Solerti

1898 3517 2157 3576 praeterea
2187 3506 2397 3572 judicio
2425 3517 2509 3558 est
2536 3519 2694 3572 opus,
2732 3514 2824 3568 ut,
2854 3519 2920 3556 an
2951 3519 3016 3557 ex
3049 3504 3228 3556 animo
3277 3503 3454 3556 doleat

1899 3599 1990 3667 qui
2039 3597 2282 3663 peccavit
2336 3604 2389 3648 et
2440 3597 2572 3648 satis
2628 3585 2873 3664 supplicii
2915 3595 3094 3659 luerit,
3127 3594 3452 3661 investiges;

1899 3685 1969 3738 ad
1999 3700 2118 3752 quae
2146 3684 2474 3748 providenda
2522 3683 2700 3738 minus
2731 3684 2959 3738 idoneus
3011 3682 3148 3736 forte
3200 3683 3454 3736 sacerdos

1903 3774 2088 3829 fuerit.
2150 3773 2397 3843 Virgines
2452 3787 2668 3843 quoque
2719 3787 2816 3840 per
2851 3773 3122 3830 antistites
3144 3773 3453 3828 consecrari

1902 3865 2173 3918 decretum
2209 3874 2315 3928 est,
2345 3871 2404 3916 ut
2453 3876 2573 3916 cum
2603 3878 2696 3916 eas
2749 3863 2986 3916 initiatas
3051 3878 3171 3916 esse
3219 3863 3455 3932 episcOpi

1903 3953 2102 4015 norint,
2185 3966 2369 4006 earum
2424 3952 2755 4006 institutioni
2830 3961 2885 4005 et
2947 3952 3202 4005 custodite
3259 3952 3452 4021 singuli

1908 4041 2234 4094 deserviant.
2273 4040 2424 4106 Quod
2477 4051 2656 4093 autem
2687 4041 2909 4104 dicitur,
2949 4041 3014 4092 ad
3064 4040 3338 4109 publicum
3373 4039 3450 4092 rei

1904 4147 2069 4185 sacrae
2091 4130 2446 4184 ministerium
2473 4130 2784 4197 conciliare,
2812 4132 2881 4184 id
2898 4147 3022 4185 vero
3043 4144 3122 4186 est
3147 4131 3405 4198 ejusmodi
3435 4148 3449 4183 :

1905 4221 2110 4286 Quibus
2173 4221 2353 4273 multa:
2410 4221 2624 4274 indictte
2677 4230 2820 4285 sunt,
2859 4221 3057 4288 quique
3117 4222 3181 4274 ab
3214 4221 3455 4273 Ecclesia

1905 4323 2158 4366 arcentur
2194 4349 2208 4373 ,
2274 4311 2340 4364 iis
2392 4312 2444 4363 in
2504 4321 2769 4364 conventu
2865 4311 3099 4364 ﬁdelium
3156 4310 3455 4364 causistere

1906 4405 2314 4471 haudquaquam
2334 4401 2496 4466 licet;
2520 4401 2770 4470 privatim
2797 4410 2972 4455 tamen
2995 4401 3188 4456 divinis
3213 4403 3454 4455 laudibus

1904 4509 1968 4549 ac
2027 4493 2325 4563 precationi
2381 4507 2574 4546 vacare
2636 4492 2856 4546 minime
2925 4492 3292 4560 prohibentur.
3356 4489 3455 4545 Ubi

1904 4599 2036 4638 vero
2066 4598 2238 4652 poena:
2266 4582 2482 4635 obnoxii
2510 4596 2627 4635 esse
2652 4581 2932 4644 desierint,
2968 4590 3098 4635 tunc
3130 4583 3194 4634 ad
3218 4580 3455 4634 ﬁdelium

1903 4688 2252 4743 congressum
2285 4673 2663 4736 admittuntur,
2699 4682 2754 4726 et
2780 4672 3012 4740 publice,
3048 4674 3147 4726 hoc
3186 4681 3290 4734 est,
3325 4687 3450 4726 cum

2861 4765 2978 4819 luce
3033 4769 3207 4833 palam
3258 4767 3450 4819 divinis

238 4851 565 4904 laudibusac
585 4835 1257 4903 venerationiinserviunt.
1312 4849 1423 4905 Hoc
1466 4851 1580 4907 loco
1645 4871 1875 4927 namque
1916 4857 2187 4913 veneratio
2244 4865 2298 4909 et
2349 4855 2530 4910 laudes
2580 4870 2675 4924 per
2731 4857 2806 4911 rei
2874 4871 3040 4911 sacra;
3102 4855 3453 4910 ministerium

241 4945 638 5011 signiﬁcantur.

238 5038 454 5091 ΔΡΙΣΤ.
495 5054 512 5085 ι
556 5036 664 5087 Καὶ
692 5033 998 5104 χρίσματος
1016 5034 1251 5102 ποίησις,
1283 5037 1448 5104 ἦγουν
1478 5035 1649 5106 μύρου
1705 5058 1801 5091 κα.

311 5144 329 5174 ι
366 5124 634 5192 τασκευὴ.
695 5127 872 5193 κορῶν
921 5124 1271 5191 καθιέρωσις,
1331 5125 1424 5176 καὶ
1482 5127 1795 5198 καταλλαγὴ

309 5237 327 5266 ι
365 5231 513 5274 τινος
545 5216 625 5274 είς
651 5212 913 5279 δημοσίαν
942 5211 1284 5280 λειτουργίαν
1309 5252 1324 5277 ,
1357 5211 1463 5263 ἀπὸ
1493 5213 1794 5280 πρεσϐυτέο

306 5321 327 5355 ι
368 5321 480 5372 ρων
512 5303 587 5372 μὴ
617 5300 865 5367 γινέσθω.
905 5318 922 5350 ι

301 5395 415 5458 Τὴν
449 5394 545 5446 τοῦ
580 5393 739 5458 ἁγίου
771 5391 941 5459 μύρου
975 5395 1339 5460 κατασκευὴν,
1367 5394 1462 5444 καὶ
1492 5395 1792 5459 τελείωσιν,

233 5485 323 5534 καὶ
353 5486 456 5551 τὴν
487 5484 818 5551 καθιέρωσιν
847 5484 952 5534 τῶν
978 5483 1256 5552 παρθένων
1280 5525 1293 5547 ,
1336 5486 1429 5540 καὶ
1457 5487 1552 5556 τὴν
1581 5487 1790 5539 τελείαν

233 5577 424 5626 καταλ)
442 5578 585 5643 αγὴν
617 5576 721 5625 τῶν
751 5577 806 5625 ἐν
838 5576 1088 5642 μετανοίᾳ
1111 5615 1124 5639 ,
1163 5575 1299 5628 ὥστε
1330 5581 1524 5638 αὐτοὺς
1555 5578 1788 5646 δημοσίᾳ

232 5669 360 5721 μετὰ
411 5665 520 5714 τῶν
554 5664 761 5715 πιστῶν
794 5663 1166 5729 συνίστασθαι,
1204 5668 1294 5718 καὶ
1317 5666 1419 5718 τῶν
1444 5665 1598 5718 θεείων
1624 5682 1789 5734 μετα-

1903 5037 2134 5095 ARIST.
2174 5057 2192 5090 ι
2251 5038 2317 5091 Ει
2346 5039 2658 5093 chrismatis
2697 5036 2981 5099 confectio,
3034 5037 3148 5090 sive
3196 5033 3450 5103 unguenti

1973 5145 1990 5176 ι
2032 5127 2374 5194 praparatio,
2418 5125 2720 5194 puellarum
2753 5127 3118 5190 consecratio,
3165 5133 3218 5178 et
3256 5139 3450 5178 recon-

1975 5235 1994 5267 ι
2034 5217 2236 5271 ciliatio
2261 5217 2557 5286 cuiuspiam
2591 5217 2656 5270 ad
2687 5232 2843 5271 sacra
2874 5217 3082 5285 publice
3109 5217 3450 5281 celebranda,

1971 5325 1990 5358 ι
2023 5323 2051 5361 a
2084 5306 2416 5377 presbyteris
2445 5321 2509 5359 ne
2539 5305 2682 5359 llat.»

1969 5397 2152 5452 Sancti
2172 5397 2480 5450 chrismatis
2495 5407 2957 5465 preparationem,
2977 5405 3028 5449 et
3047 5395 3447 5464 perfectionem,

1896 5497 1950 5541 et
1986 5488 2447 5541 consecrationem
2477 5489 2767 5556 virginum,
2801 5496 2855 5541 et
2900 5487 3191 5554 perfectam
3239 5502 3445 5544 eorum.

1897 5576 1986 5644 qui
2039 5575 2405 5642 pmnitentiam
2451 5586 2638 5643 agunt,
2697 5576 3219 5639 reconciliationem,
3277 5585 3328 5626 ut
3370 5576 3440 5625 illi

1895 5665 2105 5735 publice
2153 5677 2270 5718 cum
2332 5664 2578 5718 ﬁdelibus
2632 5666 2954 5729 consistant,
3019 5678 3071 5720 ct
3137 5667 3437 5719 divinorum
