4114 6460
679 332 746 392 47
1928 343 2200 407 reason.
2236 345 2631 410 BALSAMON
2825 318 2832 327 ’
3801 364 3869 425 ts

679 458 1141 502 sacramentorum
1188 451 1318 507 nant
1348 452 1661 522 participes,
1699 454 2015 523 presbytero
2043 452 2223 509 facere
2246 464 2285 521 Α

2322 458 2618 527 λαμϐάνειν
2643 464 3013 535 ἁγιασμάτων,
3044 473 3405 542 πρεσϐύτερος
3430 474 3491 528 οὖ
3521 478 3870 546 συγκεχώρη-

679 549 782 587 non
810 537 1136 605 permittitur
1173 557 1185 594 :
1214 540 1309 595 sed
1374 556 1437 595 ea
1467 542 1533 595 ab
1567 543 1821 612 episcopo
1848 543 1962 597 fieri
2000 544 2213 598 debent.

1262 715 1489 771 CANON
1548 716 1658 774 VII.

682 820 699 849 ι
740 804 794 858 Si
848 806 966 874 quis
1022 805 1075 858 in
1121 805 1360 872 periculo
1394 808 1717 860 constitutus
1771 809 2003 877 seipsum
2048 813 2216 863 sacris

750 912 767 944 ε
807 895 1090 958 altaribus,
1131 893 1354 948 absente
1379 895 1650 963 episcopo,
1704 899 2051 952 reconciliare
2076 900 2214 966 peti-

752 1000 772 1033 ε
815 983 967 1047 verit,
983 983 1105 1051 jure
1126 982 1280 1035 debet
1298 981 1572 1049 presbyter
1589 984 1901 1051 episcopum
1914 986 2213 1045 consulere,

751 1089 772 1124 ι
808 1082 861 1126 et
886 1074 963 1126 sic
1009 1072 1405 1141 periclitantem
1438 1086 1504 1123 ex
1533 1072 1651 1140 ejus
1680 1084 1945 1140 pracepto
1973 1076 2211 1128 reconci-

749 1174 770 1211 ε
814 1160 964 1213 liare.
1045 1158 1192 1213 Hanc
1272 1168 1449 1212 autem
1519 1174 1629 1212 rem
1700 1160 1924 1213 salutari
1987 1162 2213 1216 consilio

753 1268 771 1299 ι
806 1248 1123 1302 conﬁrmare
1152 1247 1425 1302 debemus.
1460 1246 1708 1317 Synodus
1730 1249 1863 1301 dixit
1909 1264 1924 1300 :
1980 1248 2209 1314 Suﬂicit,

749 1357 765 1388 ι
806 1339 946 1406 quod
1000 1348 1177 1390 vestra
1223 1337 1481 1391 sanctitas
1528 1352 1625 1391 nos
1671 1340 1977 1394 necessario
2020 1339 2211 1406 juvare

750 1447 769 1480 ι
814 1442 1019 1495 mquam
1048 1428 1278 1481 censuit.
1327 1444 1345 1477 ι

744 1601 935 1655 BALS.
965 1601 1343 1657 Confessiones
1371 1604 1648 1657 hominum
1701 1606 1887 1659 audire
1912 1615 1963 1659 et
1993 1617 2209 1675 peccata

676 1693 968 1756 remittere,
991 1694 1106 1745 sine
1132 1693 1420 1759 episcopali
1441 1696 1812 1759 permissione,
1838 1698 2209 1749 sacerdotibus

674 1797 778 1835 non
804 1783 983 1842 licere,
1032 1797 1096 1835 ex
1127 1784 1372 1849 praesenti
1409 1797 1624 1850 quoque
1674 1798 1878 1837 canone
1936 1785 2211 1837 evidenter
2245 1759 2285 1811 Β

671 1872 994 1925 ostenditur.
1029 1871 1163 1923 Dicit
1207 1874 1345 1924 enim
1374 1912 1387 1925 .
1424 1872 1479 1951 _Si
1506 1875 1624 1941 quis
1677 1875 1727 1926 in
1754 1874 1995 1942 periculo
2026 1876 2211 1927 mortis

673 1960 832 2013 fuerit
884 1963 1229 2025 constitutus,
1257 1974 1308 2015 et
1339 1963 1587 2029 petiverit
1640 1965 1997 2029 reconciliari,
2025 1967 2073 2017 id
2104 1976 2207 2029 est,

670 2049 769 2103 sibi
839 2050 1094 2117 permitti,
1159 2058 1215 2101 ut
1267 2058 1389 2117 post
1443 2049 1834 2104 confessionem
1907 2053 2207 2106 divinorum

670 2150 1125 2193 sacramentorum
1162 2141 1230 2192 sit
1254 2125 1545 2207 'partieeps
1592 2140 1766 2207 (abest
1798 2152 1973 2195 autem
2003 2144 2209 2209 cpisco-

669 2229 809 2296 pus),
859 2242 961 2281 non
1011 2238 1183 2296 potest
1219 2230 1469 2281 sacerdos
1512 2244 1633 2281 eum
1686 2232 2029 2284 reconciliare
2066 2248 2078 2282 :
2116 2232 2207 2284 sed

671 2318 1002 2383 interrOgare
1060 2318 1217 2369 debet
1276 2318 1607 2384 cpiscOpum,
1636 2319 1725 2386 qui
1772 2318 1981 2371 obtinet
2032 2319 2207 2372 locum

672 2408 926 2477 apostoli,
956 2417 1009 2459 et
1056 2406 1253 2473 ligandi
1302 2420 1365 2457 ac
1397 2408 1637 2459 solvendi
1686 2420 2002 2475 potestatem
2038 2424 2068 2461 a
2102 2411 2209 2462 Deo

674 2497 904 2567 accepit,
932 2506 983 2549 et
1003 2494 1131 2562 .ejus
1162 2497 1373 2549 hortatu
1408 2496 1583 2548 facere
1617 2496 2130 2559 reconciliationem,
2165 2497 2207 2551 si

677 2588 835 2639 modo
862 2587 1163 2651 expeditum
1196 2585 1268 2638 sit
1314 2586 1785 2652 interrOgatiOnem
1817 2586 1953 2637 ﬁeri.
1982 2584 2036 2637 Si
2066 2588 2207 2637 enim

670 2676 823 2744 longe
876 2677 1025 2727 abest
1072 2676 1390 2742 episeOpus,
1442 2684 1494 2727 ct
1548 2689 1691 2727 mors
1738 2674 1997 2735 imminet,
2047 2673 2207 2726 etiam

672 2767 871 2833 absque
892 2766 1303 2831 interrogatione
1336 2766 1567 2833 episc0pi
1606 2766 1818 2817 dabitur
1849 2764 2209 2817 reconciliatio

670 2871 698 2903 ιι
760 2855 1070 2917 sacerdote,
1131 2854 1419 2906 secundum
1482 2868 1741 2906 canonem
1804 2853 1874 2906 ιδ
1933 2854 2209 2919 praesentis

673 2941 883 3008 synodi.
916 2940 970 2992 Si
1005 2953 1131 3005 ergo
1164 2954 1260 2991 nec
1310 2949 1604 2992 extremam
1647 2940 1864 3006 quidem
1894 2940 2177 3023 reconcilia

672 3027 868 3079 tionem
902 3027 991 3078 dat
1018 3029 1268 3078 sacerdos
1292 3026 1494 3092 absque
1518 3027 1801 3093 episcOpali
1828 3028 2201 3094 permissione,
2235 3063 2275 3116 ο
2305 3064 2417 3099 τιον
2470 3066 2568 3101 κατ

667 3125 721 3165 nt
752 3116 840 3179 qui
871 3113 1067 3181 ligandi
1094 3123 1148 3164 et
1210 3113 1447 3164 solvendi
1479 3123 1796 3178 potestatem
1837 3128 1940 3167 non
1968 3115 2201 3179 habeat;

669 3204 837 3254 multo
873 3202 1039 3270 magis
1092 3216 1189 3253 nec
1227 3204 1344 3255 sani
1391 3201 1786 3255 confessionem
1841 3204 2080 3272 recipiet.
2109 3204 2203 3256 His

665 3302 842 3344 autem
900 3294 969 3343 ita
1015 3306 1074 3345 sc
1128 3292 1465 3353 habentibus.
1521 3302 1574 3345 et
1623 3308 1742 3345 cum
1800 3307 1969 3346 canon
2002 3294 2034 3346 6
2096 3308 2202 3346 non

667 3387 890 3441 statuat,
917 3380 1042 3447 quid
1089 3378 1140 3431 in
1172 3382 1527 3441 sacerdmem,
1559 3380 1649 3447 qui
1684 3380 1800 3431 sine
1848 3381 2203 3446 permissione

667 3470 900 3537 episcOpi
930 3468 1295 3522 confessiones
1322 3468 1545 3531 audivit,
1580 3472 1872 3523 secundum
1918 3469 2200 3522 Fortunati

666 3564 1137 3628 interrogationem
1189 3558 1303 3612 fieri
1353 3557 1566 3620 debeat,
1626 3558 1718 3611 sed
1800 3573 1898 3611 nec
1968 3573 2200 3625 praesens

663 3666 834 3704 canon
870 3651 1155 3717 quidquam
1184 3650 1249 3702 de
1280 3662 1345 3700 eo
1367 3650 1653 3712 decernat;
1682 3648 1926 3700 dixerunt
1960 3648 2197 3716 quidam,

664 3738 951 3809 episc0pali
997 3738 1195 3805 judicio
1266 3736 1492 3803 relinqui
1548 3737 1865 3804 supplicium
1918 3739 2057 3802 ejus,
2104 3739 2195 3806 qui

662 3841 922 3882 canonem
960 3836 1328 3894 transgressus
1349 3834 1452 3877 est.
1488 3825 1874 3877 Sanctissitnus
1910 3837 2085 3878 autem
2114 3827 2199 3879 ille

663 3918 967 3985 patriarcha
1024 3916 1267 3967 dominus
1305 3913 1564 3978 Michael,
1611 3914 1701 3983 qui
1760 3914 1859 3979 fuit
1911 3929 2199 3983 supremus

661 4007 1120 4075 philosOphorum,
1171 4005 1381 4058 dicebat
1435 4018 1557 4058 eum
1625 4003 1957 4058 sacerdotem
2002 4004 2197 4071 deponi

660 4099 874 4159 debere,
906 4095 1196 4146 secundum
1229 4106 1466 4144 canones
1488 4091 1579 4159 qui
1616 4101 1883 4155 statuunt,
1916 4093 2194 4159 deponen-

659 4188 754 4240 dos
776 4199 894 4239 esse
909 4197 1028 4246 eos,
1051 4183 1139 4250 qui
1160 4182 1295 4234 ultra
1317 4181 1853 4250 provinciatnaliqnid
1871 4177 2200 4237 sacerdotale

660 4280 929 4333 exercent,
956 4280 1006 4321 et
1046 4285 1310 4323 canonum
1351 4279 1800 4338 transgressores.

2318 564 2407 601 ται
2457 555 2628 606 ποιεῖν
2651 569 2665 584 ·
2707 556 2839 609 ἀλλᾶ
2870 558 3002 627 παρ’
3046 562 3342 626 ἐπισκόπου
3384 563 3556 615 ταῦτα
3596 564 3868 630 ὀφείλουσι

2317 640 2584 705 γίνεσθαι.

2930 734 3159 787 ΚΑΝΩΝ
3187 740 3259 791 Z'.

2326 833 2344 864 ι
2393 817 2517 870 Ἐάν
2567 836 2648 882 τις
2704 825 2759 873 ἐν
2806 824 3029 892 κινδύνῳ
3087 826 3360 887 καθεστὼς
3416 829 3615 898 αἰτήσῃ
3674 830 3867 882 ἑαυτὸν

2393 921 2411 953 ι
2453 907 2853 975 καταλλαγῆναι
2908 912 3017 971 τοῖς
3078 913 3236 980 ίεροῖς
3290 914 3718 981 θυσιαστηρίοις,
3770 916 3863 968 τοῦ

2392 1011 2409 1042 t
2452 997 2743 1048 ἐπισκόπου
2784 1000 3033 1062 ἀπόντος,
3082 1001 3281 1066 ὀφείλει
3302 1004 3523 1065 εἰκότως
3562 1005 3591 1055 6
3620 1007 3863 1072 πρεσσύο

2391 1102 2408 1132 ι
2448 1100 2602 1151 τερος
2626 1088 2895 1155 ἐρωτῆσαι
2924 1090 3013 1139 τὸν
3037 1090 3352 1153 ἐπίσκοπον,
3376 1095 3466 1145 καὶ
3487 1094 3661 1155 οὕτως
3692 1096 3784 1147 τὸν
3808 1100 3863 1146 ἐν

2390 1188 2408 1219 ι
2449 1173 2672 1242 κινδύνῳ
2711 1176 3045 1240 καταλλάξαι
3071 1180 3207 1231 κατά
3258 1183 3355 1249 τὴν
3410 1184 3617 1233 ἐκείνου
3653 1200 3863 1252 παραγο

2393 1279 2411 1309 ι
2452 1260 2651 1326 γελίαν.
2703 1263 2869 1315 Τοῦτο
2918 1266 2974 1318 δέ
3023 1268 3084 1317 τὸ
3133 1270 3359 1337 πρᾶγμα
3404 1272 3689 1338 ὀφείλομεν
3754 1288 3852 1325 σω·

2388 1370 2407 1401 ι
2447 1353 2694 1420 τηριώδει
2743 1355 2903 1423 βουλῇ
2959 1357 3223 1423 κυρῶσαι.
3288 1357 3349 1409 Ἦ
3409 1358 3621 1420 σύνοδος
3671 1356 3855 1411 εἶπεν·

2387 1460 2407 1491 ε
2456 1441 2641 1509 ’Δρκεῖ
2684 1445 2816 1513 ὅπερ
2866 1448 2897 1513 ἡ
2943 1447 3179 1515 ὑμετέρα
3224 1448 3496 1515 ἁγιωσύνη
3545 1450 3856 1515 ἀναγκαίως

2387 1550 2403 1580 ι
2444 1534 2587 1599 ἡμᾶς
2628 1534 2902 1601 ὠφελῆσαι
2940 1538 3289 1604 κατηξίωσεν.
3320 1556 3342 1601 ¹ι

2382 1625 2571 1676 ΒΑΛΣ.
2628 1628 2732 1678 Καὶ
2774 1630 2879 1679 ἀπὸ
2910 1629 2997 1679 τοῦ
3039 1632 3297 1698 παρόντος
3348 1634 3567 1703 κανόνος
3612 1633 3859 1702 ἐναργῶς

2310 1715 2658 1779 ἀναφαίνεται
2695 1716 2768 1783 μὴ
2806 1717 3002 1778 ἐξεῖναι
3034 1724 3141 1780 τοῖς
3178 1720 3411 1787 ἱερεῦσιν
3443 1723 3859 1790 ἐξομολογήσεις

2311 1802 2607 1867 ἀνθρώπων
2654 1807 3034 1873 ἀναδέχεσθαι,
3076 1811 3167 1860 καὶ
3207 1816 3506 1881 συγχωρεῖν
3547 1800 3859 1881 ἁμαρτίας,

2311 1895 2473 1958 χωρὶς
2504 1897 2860 1964 ἐπισκοπικης
2896 1902 3215 1966 ἐπιτροπῆς.
3244 1903 3377 1969 Φησί
3408 1904 3543 1971 γὰρ,
3590 1904 3715 1955 Ἐὰν
3744 1920 3859 1954 κιν-

2310 1980 2502 2051 δυνεύῃ
2530 2000 2612 2044 τις
2645 1988 2769 2053 περὶ
2802 1987 2899 2054 την
2930 1986 3107 2055 ζωὴν,
3142 1992 3233 2041 καὶ
3267 1991 3479 2062 ζητήσῃ
3514 1992 3860 2059 καταλλαγῆ-

2310 2085 2413 2130 ναι,
2446 2073 2608 2137 ἤγουν
2640 2076 3101 2142 παραχωρηθῆναι
3132 2080 3209 2136 είς
3240 2080 3537 2146 μετάληψιν
3562 2080 3672 2131 τῶν
3701 2080 3859 2132 θείων

2308 2156 2660 2223 ἁγιασμάτων
2695 2178 2827 2227 μετα
2853 2163 3231 2231 ἐξομολόγησιν
3255 2168 3468 2229 (ἄπεστι
3500 2169 3555 2219 δέ
3582 2170 3610 2220 6
3636 2170 3860 2221 ἐπίσκο-

2309 2244 2450 2311 πος),
2471 2246 2529 2295 ού
2548 2248 2768 2300 δύναται
2796 2251 2969 2317 ἱερεὺς
2992 2253 3317 2317 καταλλάξαι
3341 2256 3549 2319 τοῦτον,
3579 2258 3693 2309 ἀλλ’
3713 2260 3862 2325 ὀφεί-

2309 2332 2387 2383 λει
2407 2338 2611 2405 ἐρωτᾷν
2636 2337 2725 2388 τὸν
2746 2340 3039 2393 ἐπίσκοπον
3058 2344 3146 2395 τὸν
3167 2346 3425 2412 ἐπέχοντα
3448 2348 3610 2398 τόπον
3632 2349 3859 2399 ἀποστό-

2308 2422 2421 2484 λου,
2456 2426 2548 2475 καὶ
2585 2426 2809 2478 λαὸόντα
2843 2430 3088 2491 ἐξουσίαν
3121 2435 3225 2485 ἀπο
3258 2434 3391 2485 Θεοῦ
3418 2437 3637 2503 δεσμεῖν
3670 2454 3728 2488 τε
3760 2438 3858 2489 καὶ

2308 2510 2473 2576 λύειν,
2504 2520 2592 2565 καὶ
2616 2520 2747 2583 μετὰ
2772 2525 3079 2590 προτροπῆς
3103 2523 3265 2575 αὑτοῦ
3293 2527 3464 2576 ποιεῖν
3480 2526 3575 2593 τὴν
3600 2527 3859 2577 καταλλα-

2308 2604 2431 2671 γὴν,
2454 2605 2546 2654 ἐὰν
2571 2607 2703 2667 τέως
2736 2608 2884 2659 ἐστὶν
2919 2611 3137 2679 εὐχερὲς
3168 2613 3418 2678 γενέσθαι
3443 2614 3538 2683 τὴν
3565 2616 3853 2683 ἐρώτησιν.

2309 2695 2370 2746 Εί
2400 2696 2506 2763 γὰρ
2542 2698 2732 2748 ἄπεστι
2768 2699 2984 2767 μακρὰν
3016 2702 3043 2752 6
3076 2704 3387 2765 ἐπίσκοπος,
3422 2706 3519 2755 καὶ
3564 2706 3592 2754 6
3625 2706 3858 2767 θάνατος

2311 2786 2597 2851 ἐφίσταται
2620 2828 2633 2850 ,
2662 2790 2753 2840 καὶ
2782 2792 2947 2858 χωρὶς
2971 2791 3060 2845 τοῦ
3088 2794 3423 2862 ἐρωτηθῆναι
3446 2797 3536 2847 τὸν
3557 2798 3855 2847 ἐπίσκοπον

2313 2869 2598 2938 δοθήσεται
2627 2875 2937 2944 καταλλαγὴ
2969 2880 3115 2947 παρὰ
3145 2879 3236 2930 τοῦ
3258 2882 3468 2949 ἱερέως,
3487 2884 3623 2935 κατὰ
3648 2884 3738 2936 τὸν
3761 2889 3855 2952 μγ

2308 2960 2503 3011 κανόνα
2526 2963 2619 3029 τῆς
2644 2964 2920 3033 παρούσης
2946 2968 3271 3021 συνόδου.ιΕί
3296 2970 3423 3036 γοῦν
3442 2962 3562 3021 ούδὶ
3579 2970 3855 3023 ἐπιτελεύ-

2577 3051 2810 3120 αλλαγὴν
2853 3057 3018 3123 χωρὶς
3062 3060 3421 3125 ἐπισκοπικῆς
3473 3062 3776 3129 ἐπιτροπῆς
3824 3062 3854 3111 6

2309 3135 2350 3185 ιε
2362 3135 2484 3202 ρεὺς
2510 3138 2707 3201 δίδωσι,
2731 3140 2804 3201 ὼς
2830 3142 2962 3210 μηδέ
2983 3142 3225 3204 ἐξουσίαν
3247 3146 3381 3213 ἐχων
3398 3145 3491 3196 τοῦ
3513 3146 3734 3213 δεσμεῖν
3758 3148 3855 3199 καὶ

2304 3224 2469 3288 λύειν,
2494 3226 2669 3294 πολλῷ
2690 3228 2847 3279 πλέον
2877 3230 3254 3299 ἐξομολόγησιν
3281 3234 3341 3284 ού
3358 3233 3562 3298 δέξεται
3583 3235 3854 3301 ὑγιαίνονο

2302 3329 2413 3374 τος.
2441 3314 2653 3366 Τούτων
2675 3316 2728 3366 δέ
2755 3317 2923 3381 οὕτως
2944 3321 3191 3389 ἐχόντων,
3216 3323 3308 3373 καὶ
3331 3323 3420 3373 τοῦ
3447 3322 3499 3385 ς’
3529 3326 3750 3384 κανόνος
3776 3323 3855 3391 μὴ

2303 3406 2848 3475 παρακελευσαμένου
2887 3410 2940 3461 τί
2968 3412 3169 3478 ὀφείλει
3199 3413 3441 3479 γίνεσθαι
3470 3416 3547 3477 είς
3577 3414 3664 3465 τὸν
3700 3414 3855 3483 ἱερέα

2299 3492 2389 3542 τὸν
2418 3493 2535 3560 δίχα
2572 3495 2865 3563 ἐπιτροπῆς
2896 3497 3189 3549 ἐπισκόπου
3218 3500 3507 3567 δεξάμενον
3533 3503 3850 3567 λογισμούς.

2302 3581 2439 3631 κατὰ
2464 3581 2558 3647 τὴν
2584 3582 2844 3648 ἐρώτησιν
2873 3583 2963 3634 τοῦ
3008 3585 3390 3651 Φορτουνάτου,
3416 3586 3549 3636 ἀλλὰ
3596 3584 3730 3653 μηδέ
3756 3582 3851 3635 τοῦ

2304 3670 2564 3737 παρόντος
2601 3672 2815 3731 κανόνος
2854 3675 2978 3741 περὶ
3010 3676 3195 3724 τούτου
3237 3693 3283 3725 τι
3314 3676 3676 3744 διοριζομένου
3724 3690 3738 3703 ·
3773 3670 3854 3725 εἷ·-

2304 3758 2401 3809 πόν
2432 3774 2573 3820 τινες
2605 3765 2752 3828 παρα
2782 3764 2847 3829 τῇ
2882 3764 3206 3832 ἐπισκοπικῇ
3240 3766 3506 3833 διακρίσει
3531 3761 3851 3815 ἀνακεῖσθαι

2298 3848 2394 3912 τὴν
2423 3846 2637 3898 κόλασιν
2662 3848 2756 3899 τοῦ
2788 3850 3098 3918 παραδάτου
3124 3853 3213 3903 τοῦ
3242 3854 3479 3913 κανόνος.
3521 3851 3577 3905 Ὀ
3600 3852 3653 3902 δὲ
3682 3848 3853 3915 ἁγιώ·

2298 3951 2455 3997 τατος
2490 3940 2690 3997 ἐκεῖνος
2723 3941 3060 4009 πατριάρχης
3094 3944 3256 4008 κυρὸς
3286 3944 3521 4011 Μιχαὴλ,
3554 3946 3580 3994 6
3610 3946 3849 4011 γεγονὼς

2300 4022 2499 4083 ὕπατος
2524 4025 2629 4076 τῶν
2654 4026 2974 4092 φιλοσόφων,
3003 4028 3184 4094 ἔλεγεν
3210 4032 3442 4096 ὀφείλειν
3462 4033 3851 4101 καθαιρείσθαι

2298 4116 2388 4167 τὸν
2415 4117 2652 4169 τοιοῦτον
2687 4119 2855 4187 ἱερέα,
2890 4122 3027 4171 κατὰ
3056 4122 3177 4181 τοὺς
3209 4123 3432 4184 κανόνας
3465 4126 3587 4183 τοὺς
3616 4125 3852 4194 διοριζο-

2301 4208 2495 4273 μένους
2533 4208 2906 4276 καθαιρεῖσθαι
2935 4210 3059 4270 τοὺς
3092 4212 3222 4278 παρ’
3256 4214 3468 4279 ἐνορίαν
3494 4216 3851 4281 ἐνεργοῦντας

2304 4296 2570 4363 ἱερατικὸν
2601 4314 2672 4358 τι,
2716 4300 2807 4348 καὶ
2832 4301 2955 4359 τοὺς
2992 4301 3314 4367 παραϐάτας
3342 4303 3448 4352 τῶν
3478 4307 3736 4357 κανόνων.

713 4361 871 4431 522
895 4357 1141 4413 ΖΟΝΑιῖο
1159 4358 1251 4411 Hic
1268 4374 1476 4427 quoque
1491 4361 1762 4427 judicandi
1781 4360 2084 4415 facultatem
2102 4377 2196 4429 pe-
2223 4362 2273 4418 Β

2353 4357 2612 4441 'ZONAP.
2647 4357 2948 4440 Κάνταῦθα
2977 4357 3084 4457 τὴν.
3113 4357 3381 4460 διάκρισιν
3429 4397 3455 4445 6
3504 4395 3683 4447 κανὼν
3734 4400 3853 4458 τοῖς

658 4467 755 4509 nos
784 4454 1062 4522 episcopos
1077 4464 1245 4503 canon
1266 4465 1383 4503 esse
1417 4452 1674 4504 decernit.
1710 4450 1765 4503 Si
1786 4452 1907 4519 quis
1924 4453 2088 4516 enim,
2113 4455 2197 4505 in-

658 4544 792 4611 quit,
829 4541 910 4594 vel
933 4557 996 4594 ex
1023 4542 1229 4605 morbo,
1257 4539 1337 4593 vel
1360 4555 1423 4593 ex
1448 4540 1548 4593 alia
1581 4555 1737 4593 causa
1762 4544 1828 4595 de
1854 4542 1959 4596 vita
1992 4545 2199 4612 pericli-

660 4639 820 4695 tetur,
842 4631 932 4699 qui
962 4631 1135 4698 ptenis
1166 4630 1370 4684 luendis
1398 4632 1468 4684 sit
1495 4628 1754 4695 addictus,
1786 4642 1991 4700 atquea
2012 4644 2196 4689 sancto

659 4722 816 4772 altari
865 4724 1045 4785 procul
1105 4733 1377 4785 arceatur,
1438 4724 1485 4776 is
1532 4737 1657 4775 vero
1710 4724 1971 4777 altaribus
2025 4728 2194 4780 sacris

660 4810 955 4872 conciliari,
998 4814 1099 4862 hoc
1154 4821 1254 4873 est,
1288 4814 1354 4863 ad
1389 4812 1623 4862 divinam
1652 4814 2190 4865 conunnnicationent

658 4900 907 4968 episCOpo
987 4901 1205 4954 absente
1277 4901 1483 4953 admitti
1550 4903 1808 4968 postulet;
1873 4909 2190 4973 presbyter,

656 4990 828 5056 inquit
849 5002 1040 5052 canon,
1073 4992 1376 5059 episc0pum
1421 4992 1721 5056 consulere,
1754 5007 1816 5045 ac
1846 5008 1987 5055 eum,
2015 4995 2103 5060 qui
2140 4995 2192 5047 in

658 5078 893 5146 periculo
944 5089 1208 5139 versatur,
1273 5097 1335 5131 ex
1396 5081 1538 5134 illius
1592 5093 1854 5148 praecepto
1902 5084 2193 5137 conciliare

658 5171 831 5220 debet.
893 5169 1080 5221 Merito
1116 5180 1289 5222 autem
1330 5185 1359 5221 a
1406 5173 1577 5237 poenis
1642 5172 1902 5222 liberandi
1958 5183 2191 5237 potestas

656 5258 917 5325 episcopis
973 5260 1271 5324 adjudicata
1343 5261 1441 5312 fuit
1479 5302 1492 5326 ,
1558 5277 1678 5315 cum
1746 5263 1813 5315 ob
1870 5265 2187 5331 explicatam

657 5347 934 5411 tationem,
994 5361 1101 5401 tum
1158 5351 1281 5418 quia
1341 5355 1562 5404 sunnnis
1623 5353 2015 5415 sacerdotibus,
2054 5369 2189 5420 quos

652 5451 813 5504 penes
868 5437 1062 5505 ligandi
1126 5455 1185 5491 ac
1225 5442 1463 5493 solvendi
1509 5445 1799 5495 auctoritas
1832 5455 1932 5510 est,
1976 5449 2190 5513 proprie

654 5532 936 5583 verborum
968 5532 1052 5583 illa
1085 5533 1312 5599 prolatio
1354 5535 1625 5586 convenit.
1652 5534 1901 5598 Quinimo
1941 5540 2185 5592 monachi

653 5635 887 5687 quoque,
922 5622 1008 5687 qtti
1064 5621 1161 5674 hoc
1207 5632 1440 5689 tempore
1470 5624 1838 5679 confessiones
1891 5633 2184 5695 excipiunt,

2298 4474 2612 4537 ἐπισκόποις
2651 4478 2986 4545 ἀνατίθησιν.
3033 4479 3157 4530 Ἐὰν
3190 4482 3329 4549 γὰρ,
3360 4484 3488 4551 φησί
3513 4524 3528 4545 ,
3562 4484 3850 4555 κινδυνεύῃ

2296 4580 2378 4626 τις
2408 4568 2535 4634 περὶ
2559 4567 2656 4633 τὴν
2686 4565 2829 4635 ζωὴν
2860 4569 2921 4617 ἐκ
2958 4568 3113 4618 νόσου
3141 4569 3172 4636 ἢ
3203 4571 3262 4630 ἐξ
3293 4571 3457 4637 ἄλλης
3484 4573 3679 4633 αἰτίας,
3722 4575 3847 4625 ἐπι-

2295 4657 2649 4724 τετιμημένος
2678 4654 2782 4719 ῶν,
2814 4659 2908 4709 καὶ
2945 4658 3019 4726 τῷ
3049 4658 3185 4726 ἁγίῳ
3213 4659 3579 4729 θυσιαστηρίῳ
3619 4666 3856 4730 προσελ-

2298 4746 2407 4799 θεῖν
2461 4745 2815 4814 κωλυόμενος,
2864 4748 2954 4798 καὶ
2995 4750 3188 4820 αἰτήσῃ
3232 4751 3637 4819 καταλλαγῆναι
3684 4754 3853 4805 αὑτὸν

2295 4840 2403 4896 τοῖς
2440 4836 2599 4903 ἱεροῖς
2627 4837 3049 4904 θυσιαστηρίοις,
3076 4839 3196 4890 ἀντὶ
3250 4840 3342 4891 τοῦ
3372 4842 3556 4892 δεκτὸν
3593 4844 3850 4907 γενέσθαι

2296 4928 2374 4985 εἰς
2421 4928 2517 4992 τὴν
2562 4925 2709 4976 θείαν
2740 4926 3061 4994 μετάληψιν,
3104 4931 3295 4980 ἄπεστι
3349 4930 3403 4978 δέ
3441 4933 3467 4978 ὁ
3523 4931 3847 4991 ἐπίσκοπος,

2294 5012 2516 5078 ὀφείλει,
2559 5016 2717 5079 φησὶν
2762 5017 2787 5066 6
2839 5016 3036 5078 κανὼν,
3084 5019 3351 5085 ἐρωτῆσαι
3409 5019 3499 5068 τὸν
3547 5020 3853 5073 ἐπίσκοπον

2294 5105 2321 5154 6
2345 5121 2443 5169 πρε
2456 5104 2611 5154 σῦύτε
2624 5122 2730 5170 ρος,
2759 5108 2849 5156 καὶ
2865 5107 3033 5167 οὕτως
3055 5109 3143 5157 τὸν
3170 5110 3225 5157 ἐν
3244 5108 3389 5158 κινδύ
3407 5129 3468 5175 λῳ
3492 5111 3849 5175 καταλλάξαι,

2294 5196 2472 5252 καθὼς
2499 5197 2697 5255 ἐκεῖνος
2725 5196 3009 5261 ὑπόθηται.
3039 5196 3270 5259 Εἰκότως
3303 5200 3354 5250 δὲ
3379 5204 3487 5259 τοῖς
3512 5204 3844 5263 ἐπισκόποις

2292 5287 2323 5351 ἡ
2384 5282 2530 5344 λύσις
2579 5286 2850 5335 ἀνετίθετο
2890 5288 2994 5336 τῶν
3036 5289 3319 5355 ἐπιτιμίων
3353 5290 3438 5340 διά
3486 5308 3544 5341 τε
3596 5292 3690 5357 τὴν
3745 5294 3851 5360 ἢδη

2297 5370 2550 5439 ῥηθεῖσαν
2582 5375 2778 5434 αἰτίαν,
2817 5375 2905 5424 καὶ
2937 5375 3017 5425 ὅτι
3059 5378 3164 5435 τοῖς
3200 5378 3544 5445 ἀρχιερεῦσιν
3580 5379 3611 5447 ἡ
3653 5380 3852 5444 ἐξαγό-

2294 5478 2474 5530 ρευοις
2503 5462 2761 5529 ἁρμόζει,
2790 5464 2863 5522 ὼς
2895 5464 3112 5532 δεσμεῖν
3144 5472 3234 5517 καὶ
3266 5466 3412 5518 λύειν
3438 5468 3846 5535 δεδυνημένοις.

2295 5556 2398 5604 λαὶ
2426 5555 2472 5601 οἱ
2506 5553 2596 5602 νῦν
2632 5569 2736 5618 γαρ
2770 5554 3058 5621 λογισμοὺς
3086 5556 3359 5622 δεχόμενοι
3392 5561 3648 5625 μοναχοὶ,
3679 5560 3727 5608 εἰ
3766 5562 3846 5628 μὴ

2389 5658 2681 5705 αριίερέως
2716 5643 3054 5707 ἐπιτραπῶσι
3089 5645 3333 5711 δέχεσθαι
3369 5648 3678 5711 λογισμοὺς,
3717 5650 3848 5701 οὗτε
