4114 6460
253 403 328 467 49
1307 419 1386 478 1N
1425 419 1589 478 CAN.
1630 418 1770 479 Vlll
1801 413 2005 472 ρους.
2045 415 2416 474 caurum.
3381 398 3451 460 50

253 519 466 572 δεσοιεῖν
495 525 619 576 οὔτε
644 525 796 578 λύειν
825 525 1032 593 ἔχουσιν
1056 523 1320 586 ἐξουσίαν.
1349 524 1470 584 Τοῖς
1501 523 1608 589 γὰρ
1642 521 1798 588 ἱεροῖς

1906 520 2006 572 nisi
2040 521 2290 588 epierpo
2322 517 2649 570 concedente
2690 515 2740 567 id
2792 513 3012 574 faciant,
3045 522 3217 575 neque
3250 505 3451 574 ligandi

255 612 558 674 ἀποστόλοις
621 618 723 686 τὴν
768 617 1013 679 ἐξουσίαν
1043 614 1242 681 ταύτην
1271 615 1466 667 ἔδωκεν
1492 615 1519 665 6
1557 611 1804 681 Χριστός·

256 705 424 760 Τόπον
482 707 540 759 δὲ
587 708 698 759 τῶν
739 706 1045 758 ἀποστόλων
1087 707 1135 757 oi
1176 705 1448 774 ἀρχιερεῖς
1490 700 1804 770 πληροῦσιν.

252 965 467 1020 ΔΡΙΣΤ.
513 986 531 1016 ι
568 969 676 1020 Τὸν
721 970 778 1021 ὲν
824 969 1047 1036 κινδύνῳ
1120 966 1431 1019 καθεστῶτα
1481 965 1808 1028 καταλλάξαι

327 1079 344 1109 ι
383 1061 493 1119 τοῖς
517 1061 557 1110 ίε
571 1063 681 1128 poi;
705 1060 1112 1126 θυσιαστηρέοις
1137 1059 1302 1110 θέλων
1329 1058 1524 1122 ἱερεὺς,
1560 1056 1810 1124 ἐρωτάτω

328 1167 346 1201 ι
386 1151 476 1202 τὸν
499 1150 824 1210 ἐπίσκοπον,
850 1154 941 1202 καὶ
971 1149 1108 1201 κατὰ
1133 1149 1192 1200 τὸ
1215 1148 1401 1217 λεχθὲν
1425 1147 1665 1199 ποιείτω.
1700 1165 1718 1196 ι

335 1326 396 1380 '0
419 1326 756 1395 προγραφεὶς
788 1327 968 1378 κανὼν
996 1327 1127 1394 παρ’
1153 1326 1452 1377 ἐπισκόπου
1483 1324 1582 1390 τὴν
1609 1324 1806 1376 καταλ-

249 1417 423 1486 λαγὴν
452 1417 755 1484 προσέταξε
787 1418 1057 1483 γίνεσθαιο
1087 1419 1114 1467 ὀ
1140 1416 1193 1466 δὲ
1225 1416 1411 1481 παρὼν
1439 1415 1804 1474 διατάττεται,

245 1509 388 1560 κατὰ
427 1506 654 1575 γνώμην
693 1505 788 1558 τοῦ
824 1507 1152 1569 ὶπισκόπου,
1188 1506 1280 1557 καὶ
1321 1504 1471 1574 παρὰ
1505 1503 1804 1572 πρεσϐυτέ-

246 1615 358 1664 ρων
384 1597 587 1674 ταύτην
611 1595 905 1651 τελεῖσθαι.

843 1689 1080 1742 ΚΑΝΩΝ
1131 1688 1191 1741 1f
1201 1727 1213 1740 .

248 1797 269 1829 ε
313 1782 446 1851 Περὶ
494 1783 606 1835 τῶν
651 1783 781 1843 τοὺς
827 1784 1075 1849 Πατέρας
1121 1781 1475 1848 αἰτιωμένων,
1523 1780 1616 1832 καὶ
1665 1778 1802 1832 ὥστε

323 1885 342 1918 s
384 1869 570 1936 μηδενὶ
619 1871 1058 1938 διαόεὖλημένων
1102 1869 1296 1933 ἐξεῖναι
1353 1870 1650 1921 ἐπισκόπου
1679 1887 1807 1922 κατ·
1840 1866 1879 1918 Β

320 1976 341 2009 ι
378 1961 622 2026 ηγορείν.
707 1961 1012 2028 Νουμήδιος
1054 1961 1353 2019 ἐπίσκοπος
1397 1959 1803 2021 Μαζουλιτᾶνος

323 2068 340 2099 s
383 2046 575 2100 εἶπενο
633 2050 756 2102 Elei.
797 2050 981 2103 πολλοὶ
1033 2057 1130 2103 οὐκ
1187 2050 1395 2118 ἀγαθῆς
1441 2051 1802 2119 ἀναστροφῆς,

316 2155 335 2189 ι
376 2138 570 2198 οἵτινες
641 2138 902 2206 ἡγοῦνται
960 2139 1084 2199 τοὺς
1139 2139 1387 2206 Πατέρας
1441 2140 1532 2191 καὶ
1591 2141 1807 2192 ἐπισκό-

316 2244 336 2277 ι
379 2244 513 2288 πους
543 2227 688 2293 (ll),
717 2227 792 2289 ὡς
823 2228 1035 2297 ἔτυχεν,
1067 2229 1305 2294 ὀφείλειν
1332 2230 1653 2292 ἑνάγεσθαισ
1681 2233 1805 2295 τοὺς

314 2333 334 2366 s
380 2315 658 2378 τοιούτους
710 2318 792 2370 δεῖ
837 2317 1250 2385 προσδέχεσθαι,
1302 2319 1334 2387 ἢ
1381 2321 1494 2389 μή;
1540 2321 1804 2390 Αὐρήλιος

310 2426 331 2457 s
375 2408 676 2495 ἐπίσκοπος
723 2407 905 2462 εἶπενο
968 2411 1220 2479 Ἀρέσκει
1269 2413 1449 2463 τοίνυν
1499 2415 1564 2482 τῇ
1617 2414 1804 2484 ἀγάπῃ

315 2515 336 2548 ι
374 2498 525 2566 ὑμῶν
568 2501 698 2561 τοὺς
721 2501 801 2561 εἷς
833 2518 958 2553 τινα
990 2500 1133 2570 μύση
1160 2502 1646 2568 ἑμπεπλεγμένους
1666 2503 1807 2557 κατὰ

318 2608 336 2638 ι
382 2591 645 2658 Πατέρων
685 2592 870 2658 φωνὴν
919 2592 1252 2659 κατηγορίας
1286 2592 1666 2656 ἁποτίθεσθαις
1713 2595 1805 2646 Ἐκ

320 2699 339 2730 ι
384 2681 600 2734 πάντων
629 2682 736 2733 τῶν
765 2685 836 2734 ὲπ
864 2684 1080 2735 σκόπων
1107 2683 1295 2750 ἐλέχθη
1325 2699 1339 2713 °
1379 2683 1503 2736 Ἐὰν
1527 2684 1807 2756 διαϐέϐλη-

313 2791 331 2822 ο
371 2789 458 2824 ται
485 2774 512 2824 6
539 2771 806 2836 τοιοῦτος,
840 2774 912 2840 μὴ
937 2772 1366 2842 προσδέχεσθαι.

310 2862 504 2916 ΒΔΔΣ.
562 2863 623 2914 Ὀ
666 2869 720 2926 ς’
772 2864 954 2914 κανὼν
992 2865 1090 2931 τῆς
1133 2850 1517 2931 οἰκουμενικῆξ
1549 2865 1807 2933 δευτέρας

237 2953 456 3019 συνόδου
481 2953 774 3022 διορίζεται
794 2953 869 3019 μὴ
894 2947 1029 3004 εἷναι
1048 2952 1482 3021 εύπαραδὲκτους
1497 2955 1574 3015 είς
1592 2956 1805 3007 ὲπισκόο

237 3061 358 3096 πων
379 3048 469 3096 καὶ
491 3044 772 3110 κληρικιτιν
790 3031 1124 3112 κατηγορίας
1147 3042 1392 3104 ἅπαντας
1413 3059 1429 3075 ο
1455 3044 1587 3096 ἀ).λὰ
1614 3047 1806 3112 μόνους

1912 625 2082 676 neque
2143 607 2381 660 solvendi
2413 606 2575 658 ullam
2632 604 2934 656 facultatem
2993 602 3208 652 habent.
3270 595 3453 648 Sacris

1910 697 2050 748 enim
2105 696 2362 760 apostolis
2407 710 2468 747 ea
2526 701 2764 760 potestas
2833 689 3127 742 a’Cbristo
3189 686 3336 738 data.
3393 680 3450 735 In

1911 784 2275 850 apostolorum
2361 799 2521 851 porro
2607 783 2780 834 locum
2865 779 3055 831 summi
3153 776 3454 829 sacerdotes

1910 878 2178 930 Substituti
2213 888 2371 945 atque
2404 876 2618 930 suﬂ‘ecti
2651 885 2796 929 sunt.

1909 968 2131 1022 AItIST.
2171 987 2188 1019 ι
2227 969 2516 1028 Sacerdos,
2548 966 2850 1034 quempiam
2886 963 2936 1015 in
2974 959 3214 1027 periculo
3258 957 3453 1012 consti—

1987 1077 2005 1108 ι
2048 1068 2217 1110 tntum
2261 1057 2429 1110 sacris
2477 1055 2737 1108 altaribus
2801 1051 3150 1105 reconciliare
3205 1048 3453 1114 cupiens,

1986 1167 2003 1198 ι
2043 1150 2350 1215 episcopum
2405 1145 2683 1209 consulat;
2744 1153 2817 1204 et,
2876 1139 3014 1210 quod
3062 1141 3110 1192 ei
3146 1139 3314 1191 visum
3353 1146 3456 1196 est.

1985 1259 2002 1290 ι
2047 1241 2226 1293 faciat.
2275 1259 2293 1290 ι

1981 1330 2163 1382 Canon
2208 1329 2569 1396 antescriptus
2597 1327 2662 1378 ab
2687 1325 2939 1392 episcopo
2972 1321 3082 1375 fieri
3137 1317 3454 1373 reconcilia-

1913 1419 2110 1471 tionem
2147 1416 2416 1467 mandavit
2445 1433 2458 1468 :
2489 1425 2541 1466 at
2577 1429 2812 1482 prmseus
2841 1413 2999 1465 etiam
3049 1425 3076 1461 a
3124 1407 3456 1477 presbyteris

1911 1519 2030 1555 cum
2061 1501 2296 1570 episc0pi
2333 1503 2604 1554 voluntate
2639 1517 2755 1553 eam
2784 1500 2899 1553 ﬁeri
2927 1499 3100 1567 jubet.

2472 1673 2695 1730 CANON
2753 1673 2891 1728 VIII.

1916 1787 1934 1818 ι
1980 1766 2055 1821 De
2089 1768 2156 1820 iis
2188 1772 2276 1834 qui
2310 1768 2539 1832 majores
2566 1780 2692 1820 natu
2723 1766 3102 1838 criminantur,
3137 1775 3187 1818 et
3220 1774 3276 1816 ιιι
3305 1765 3460 1829 nulli,

1985 1877 2004 1909 ι
2048 1858 2200 1924 cujus
2252 1860 2360 1912 vita
2401 1859 2622 1912 infamia
2668 1860 2898 1917 labOrat.
2955 1857 3118 1910 liceat
3148 1857 3458 1923 episcopum

1986 1969 2005 2000 ι
2045 1965 2323 2004 accusare.
2339 1949 2906 2017 Numidiusepiscopus
2923 1947 3276 2001 Mazulitauus
3293 1945 3459 1999 dixit:

1987 2061 2004 2092 ι
2052 2043 2188 2094 Sunt
2215 2041 2363 2093 multi
2399 2056 2500 2093 non
2531 2040 2684 2094 bona:
2719 2037 3166 2099 conversationis,
3206 2037 3296 2105 qui
3346 2037 3461 2088 exi-

1986 2151 2004 2182 ι
2041 2133 2260 2185 stimant
2308 2131 2539 2199 majores
2566 2140 2689 2183 natu
2725 2139 2778 2184 et
2805 2131 3089 2198 episcopos
3119 2126 3315 2180 debere
3338 2140 3462 2192 pas-

1981 2240 2000 2274 ι
2042 2229 2142 2276 sim
2185 2233 2236 2277 et
2275 2233 2474 2276 temere
2505 2237 2626 2277 reos
2659 2223 2741 2290 agi
2790 2240 2804 2276 :
2834 2236 2995 2274 eosne
3023 2227 3237 2286 oportet
3267 2217 3462 2269 admit-

1980 2331 1997 2363 ι
2037 2322 2169 2372 tere,
2199 2328 2263 2363 an
2294 2328 2397 2365 non
2420 2311 2710 2365 ?Aure|ius
2751 2312 3036 2377 episcopus
3068 2309 3203 2362 dixit
3232 2325 3245 2360 :
3277 2307 3463 2361 Placet

1982 2424 1999 2453 ι
2040 2418 2168 2471 ergo
2197 2403 2476 2457 dilectioni
2507 2390 2700 2456 vestrae
2736 2417 2848 2464 eos,
2892 2401 2978 2469 qui
3035 2399 3307 2468 aliquibus
3339 2412 3461 2453 sce-

1979 2516 1998 2547 ι
2035 2496 2235 2550 levibus
2282 2494 2554 2561 illaqueati
2617 2503 2785 2552 sunt.
2844 2493 3206 2546 accusationis
3277 2503 3462 2542 vocem

1983 2604 2002 2637 ι
2043 2573 2300 2639 adversus
2351 2584 2536 2637 Patres
2574 2583 2771 2637 edere?
2796 2583 2876 2636 Ab
2924 2583 3172 2635 omnibus
3200 2580 3465 2649 episcopis

1986 2697 2003 2729 ι
2041 2679 2241 2732 dictum
2275 2687 2396 2730 est:
2431 2675 2488 2730 Si
2520 2675 2640 2745 quis
2669 2673 2886 2727 infamia
2915 2674 3142 2737 laboret,
3168 2689 3232 2726 ne
3264 2673 3460 2727 admit.

1987 2788 2005 2820 ι
2049 2777 2216 2824 tatur.
2264 2788 2283 2821 ι

1978 2860 2172 2915 BALS.
2208 2862 2405 2916 Sextus
2440 2875 2612 2915 canon
2643 2859 2962 2914 universalis
2987 2857 3238 2912 secunda:
3271 2855 3458 2926 synodi

1909 2952 2116 3014 statuit,
2172 2967 2276 3004 non
2311 2965 2433 3004 esse
2475 2965 2665 3004 omnes
2705 2950 2767 3002 ad
2805 2949 3184 3017 episc0porum
3223 2957 3276 2999 et
3303 2945 3458 3000 cleri-

1909 3059 2096 3097 corum
2143 3043 2520 3096 accusationes
2571 3041 2954 3101 admittendos,
3010 3040 3101 3092 sed
3148 3054 3242 3092 eos
3282 3040 3457 3092 solum

238 3137 364 3195 τοὺς
394 3134 821 3200 ἀνεπιλήπτους.
867 3133 1162 3198 ’Λνάγνωθι
1194 3132 1286 3185 οὖν
1316 3133 1406 3185 τὸν
1434 3132 1673 3186 τοιοῦτον
1703 3153 1798 3187 κα-

1910 3135 1998 3200 qui
2055 3142 2182 3186 sunt
2237 3148 2265 3185 a
2324 3132 2738 3201 reprehensione
2785 3131 2964 3182 alieni.
2998 3129 3137 3196 Lege
3167 3142 3294 3194 ergo
3335 3141 3457 3178 eum

193 3251 198 3256 ·
237 3225 363 3277 νόνα
388 3225 819 3293 προγενέστερον
843 3223 971 3274 ὄντα
990 3239 1006 3254 ο
1029 3224 1125 3274 καὶ
1145 3221 1242 3290 τῆς
1273 3221 1553 3293 παρούσης
1588 3225 1804 3277 συνόδου

236 3315 438 3367 κανόνα
472 3320 614 3382 ρκη’,
652 3312 794 3380 ρκθ’,
835 3313 910 3380 ρλ⁹
944 3313 1037 3365 καὶ
1067 3311 1209 3380 ’ρλα’.

305 3404 542 3457 ΖΩΝΑΡ.
575 3405 683 3456 Καὶ
707 3406 734 3456 6
759 3409 881 3472 ρκη⁹
907 3400 1085 3454 κανὼν
1117 3403 1211 3470 τῆς
1248 3404 1531 3474 παρούσης
1564 3407 1801 3469 συνόδου,

235 3496 329 3548 καὶ
376 3498 404 3548 6
445 3495 562 3562 ρκθ⁸
607 3495 701 3549 καὶ⁵
745 3496 774 3546 6
824 3494 900 3564 ρλ⁹
938 3497 1065 3562 περὶ
1111 3493 1313 3560 ταύτης
1355 3497 1454 3563 τῆς
1495 3495 1805 3559 ὑποθέσεως

232 3585 635 3648 διατάττονται,
677 3584 1014 3655 πλατύτερον
1047 3585 1454 3654 διαγορεύοντος
1485 3586 1633 3650 τίνες
1668 3591 1803 3640 εἰσὶν

233 3675 454 3729 ἄδεκτοι
477 3678 553 3737 είς
581 3676 882 3728 ἐπισκόπου
908 3677 1263 3743 κατηγορίαν.
1295 3678 1403 3728 Καὶ
1431 3680 1461 3744 ἠ
1497 3678 1720 3746 δευτέρα
1749 3679 1804 3730 δὲ

235 3765 596 3833 οίκουμενική
628 3765 866 3827 σύνοδος,
908 3766 1312 3833 προγενεστέρα
1346 3762 1478 3819 οὖσα
1508 3766 1607 3833 τῆς
1649 3768 1802 3817 συνό-

231 3858 324 3910 δου
356 3853 582 3923 ταύτης,
615 3859 672 3908 ὲν
710 3855 855 3920 ἕκτῳ
887 3855 1069 3907 κανόνι
1103 3856 1230 3923 περὶ
1277 3855 1464 3907 τούτου
1495 3854 1590 3908 τοῦ
1629 3874 1799 3922 κεφα-

229 3948 386 4000 λαίου
419 3949 681 4016 ὡρίσατο,
707 3946 1071 4014 διαταξαμένη
1093 3946 1234 4007 τίνες
1261 3947 1604 4016 δεχθήσονται
1636 3965 1804 4015 κατη-

230 4040 520 4108 γοροῦντες
540 4038 850 4091 ἐπισκόπων
871 4041 962 4090 καὶ
976 4038 1074 4104 κλη
1086 4037 1272 4104 ρικῶν.
1295 4036 1695 4102 Ἀναγνωστέον
1711 4036 1802 4090 οὖν

229 4128 321 4178 τὸν
355 4126 554 4178 κανόνα
586 4129 792 4178 ἐκεῖνον
819 4127 912 4177 καὶ
949 4125 1043 4192 τὴν
1069 4124 1277 4176 ἐκείνου
1318 4125 1596 4192 ἐξήγησιν.
1628 4128 1698 4178 Τὸ
1721 4127 1796 4190 δὲ,

231 4217 333 4269 οὐκ
360 4216 569 4282 ἀγαθῆς
601 4217 958 4283 ὶπιστροφῆς.
978 4215 1094 4265 ἀντὶ
1117 4213 1212 4265 τοῦ
1235 4213 1335 4266 οὐκ
1366 4215 1575 4283 ἀγαθῆς
1597 4217 1796 4280 διαγω-

230 4306 360 4372 γῆς,
401 4307 464 4358 ού
499 4306 664 4359 καλοῦ
696 4306 837 4374 βίου.
870 4307 1100 4371 εἴρηται.

228 4397 459 4448 ΑΡΙΣΤ.
537 4415 554 4445 ι
608 4396 794 4459 Ἔδοξε
841 4397 968 4454 τοὺς
1014 4396 1089 4455 εἰς
1127 4393 1270 4461 μύση
1313 4394 1800 4463 ὲμπεπλεγμένους

300 4503 321 4535 s
367 4486 695 4555 κατηγορίας
720 4486 794 4554 μή
823 4482 1171 4538 ἀποτίθεσθαι
1193 4497 1208 4514 ⁸
1239 4481 1352 4534 ἀλλ’
1373 4484 1630 4549 ἀδικτους
1656 4486 1796 4540 εἶναι
1832 4491 1874 4539 ι)

304 4595 327 4626 ι
373 4576 512 4644 πρδς
543 4578 603 4627 τὸ
633 4579 981 4645 κατηγορεῖν.
1016 4595 1033 4627 ι

297 4666 530 4736 Εἴρηται
570 4669 662 4721 καὶ
694 4669 752 4720 ὲν
783 4667 861 4736 τῷ
891 4667 1030 4736 ἕκτῳ
1057 4669 1240 4722 κανόνι
1270 4671 1380 4723 τῶν
1411 4671 1469 4722 ὲν
1502 4673 1788 4725 Κωνσταν-

1910 3241 2194 3284 canonem,
2247 3225 2338 3291 qui
2379 3236 2460 3276 est
2517 3222 2822 3288 antiquior;
2855 3229 2909 3274 et
2942 3218 3223 3288 praesentis
3275 3215 3458 3286 synodi

1908 3330 2145 3368 canones
2170 3314 2291 3376 128,
2321 3314 2442 3375 l29,
2477 3312 2578 3367 150
2604 3321 2657 3366 et
2687 3313 2808 3367 151.

1981 3404 2231 3458 ZONAlt.
2259 3403 2602 3456 Centesimus
2637 3416 2852 3471 quoque
2874 3401 3166 3455 vicesimus
3204 3412 3455 3462 octavus.

1911 3496 2194 3551 vicesimus
2229 3510 2420 3558 nonus,
2453 3503 2506 3546 et
2538 3493 2842 3546 tricesimus
2868 3491 3026 3560 hujus
3062 3489 3250 3560 synodi
3292 3504 3459 3544 cano-

1909 3602 2004 3640 nes
2053 3587 2235 3639 eadem
2263 3587 2361 3637 hac
2394 3585 2458 3635 de
2496 3598 2552 3635 re
2587 3582 2878 3643 disserunt,
2917 3588 2973 3633 et
3020 3578 3213 3642 fusius,
3246 3571 3459 3647 quibus-

1907 3693 2028 3730 nam
2087 3675 2318 3741 episcopi
2373 3689 2567 3726 nomen
2622 3672 2817 3726 deferri
2863 3671 3004 3723 haud
3064 3670 3244 3733 liceat,
3294 3683 3457 3736 expo-

1905 3778 2058 3819 tmnt.
2124 3766 2371 3817 Secunda
2427 3777 2644 3829 quoque
2695 3761 3030 3816 mentnenica
3055 3761 3312 3829 synodus,
3340 3774 3457 3827 qua!

1904 3860 2006 3911 ltac
2039 3857 2242 3926 synodo
2295 3855 2569 3922 antiquior
2602 3853 2722 3915 fuit,
2756 3852 2895 3905 idem
2936 3852 3038 3904 hoc
3085 3860 3458 3919 argumentum

1903 3957 2055 4000 sexto
2086 3962 2295 4000 canone
2327 3954 2683 4012 pertractans,
2735 3941 2953 4007 quinam
2989 3940 3361 4006 episcoporum
3396 3953 3458 3992 ac

1904 4041 2225 4094 clericorum
2276 4045 2624 4090 accusatores
2656 4032 2975 4086 admittendi
3027 4032 3157 4091 sint.
3193 4031 3454 4085 deﬁnivit.

1903 4131 1953 4185 Is
1978 4145 2104 4197 ergo
2135 4143 2305 4180 canon
2327 4141 2447 4178 cum
2497 4140 2592 4178 sua
2627 4124 2984 4191 explicatione
3016 4121 3292 4188 legendus.
3327 4121 3458 4175 Illud

1904 4235 2048 4277 vero,
2075 4214 2499 4271 conversationis
2533 4227 2637 4266 non
2673 4214 2840 4274 bonae,
2867 4225 2962 4279 pro
2987 4209 3091 4262 vita
3115 4211 3459 4278 moribusque

1904 4308 2122 4360 minime
2144 4306 2400 4374 probatis,
2428 4304 2815 4372 accipiemlum.

1905 4398 2129 4452 ARIST.
2186 4417 2204 4447 ι
2255 4395 2436 4450 Visum
2466 4407 2568 4458 est,
2631 4405 2687 4448 ut
2735 4397 2825 4449 isti
2854 4397 2944 4466 qui
2996 4395 3291 4450 sceleribus
3319 4403 3449 4447 sunt

1982 4509 2000 4542 ι
2040 4489 2337 4556 illaqueati,
2397 4487 2769 4540 acetisationcs
2824 4503 2927 4540 non
2972 4490 3175 4549 edant;
3237 4502 3334 4538 nt-c
3391 4485 3457 4538 ad

1979 4601 1996 4635 ι
2036 4583 2234 4635 crimen
2267 4580 2425 4633 alicui
2457 4577 2790 4632 inferendum
2825 4578 3190 4632 admittantur.
3225 4596 3242 4628 ι

1975 4671 2180 4722 Dicitur
2206 4681 2263 4721 et
2291 4671 2340 4720 in
2399 4680 2554 4720 sexto
2586 4678 2890 4720 sanctorum
2924 4666 3139 4720 Patrum
3181 4668 3453 4722 Constan-

1467 4781 1652 4842 Guill.
1688 4782 2003 4858 Beveregii
2056 4789 2236 4842 note).

301 4900 420 4968 (ll)
477 4901 618 4966 Τοὺς
672 4901 934 4966 πατέρας
989 4903 1083 4955 καὶ
1138 4903 1530 4967 ἐπισκόπους.
1565 4901 1787 4956 Grtecus

232 4975 435 5026 lmrntn
461 4985 726 5023 canonum
758 4972 1047 5038 interpres.
1077 4974 1304 5037 majores
1340 4983 1488 5032 natu,
1519 4971 1786 5038 interpre-

230 5051 380 5095 tatur
400 5039 660 5106 πατέρας.
691 5039 746 5090 In
767 5037 952 5091 Latina
980 5040 1121 5092 enim
1149 5041 1405 5100 editione,
1435 5055 1500 5092 ex
1537 5055 1639 5101 qna
1670 5037 1787 5094 'Iitec

226 5109 416 5166 vet-sio
462 5107 645 5160 Graeca
706 5110 896 5160 hausta
939 5118 1043 5170 est,
1074 5110 1227 5162 locus
1287 5109 1374 5175 hic
1423 5110 1504 5161 sic
1536 5109 1729 5175 legitur
1765 5125 1780 5160 :

228 5179 507 5248 Praterea
541 5187 659 5248 sunt
693 5177 1078 5244 quamplurimi
1109 5193 1209 5229 non
1246 5174 1392 5248 bona}
1423 5174 1779 5229 conversatio-

227 5251 341 5308 iris,
369 5247 462 5308 qui
498 5247 800 5298 existimant
836 5248 1060 5304 maiores
1107 5254 1239 5299 natu
1263 5247 1340 5298 vel
1369 5250 1632 5313 episcopos
1662 5262 1784 5310 pas-

227 5322 336 5369 sim
368 5313 590 5384 vageque
639 5318 693 5366 in
723 5316 1104 5384 accusationem
1155 5313 1486 5379 pulsandos;
1521 5315 1780 5381 quemad-

231 5382 456 5436 modum
490 5382 776 5450 [ticuysius
813 5382 1049 5452 Exiguus
1080 5383 1131 5436 in
1162 5398 1258 5435 sua
1292 5384 1481 5435 horum
1514 5397 1782 5435 canonum

228 5453 558 5506 collectione
604 5448 753 5519 légit.
813 5448 937 5504 Ubi'
967 5452 1208 5517 episcopi
1264 5452 1466 5506 diserte
1519 5461 1783 5503 vocantur

233 5536 471 5582 unctores
526 5531 694 5582 natu;
751 5535 860 5587 quo
903 5523 1064 5573 etiam
1111 5521 1328 5573 nomine
1383 5519 1721 5587 appellantur
1752 5535 1778 5571 a

226 5589 400 5651 Julia,
452 5604 586 5656 papa
624 5586 891 5651 Romano,
948 5589 999 5640 in
1052 5590 1318 5656 rescripto
1358 5590 1421 5642 ad
1476 5586 1782 5641 Orientales

231 5674 335 5727 pro
363 5655 665 5712 Athanasio
700 5658 924 5724 et-sliis,
954 5657 1165 5711 dicente
1192 5676 1205 5710 :
1235 5655 1638 5714 Criminationes
1665 5672 1778 5709 ma—

224 5729 412 5794 jorum
467 5736 595 5780 natu
641 5743 734 5794 per
790 5729 923 5779 alios
980 5743 1040 5780 ne
1087 5728 1237 5791 ﬁant.
1277 5728 1378 5778 nisi
1402 5743 1491 5791 per
1522 5729 1664 5787 ipsos
1693 5727 1780 5790 qui

227 5798 458 5851 erimina
481 5795 778 5850 intendant.
811 5796 857 5848 si
883 5805 1051 5850 tamen
1083 5797 1178 5850 ipsi
1203 5796 1345 5850 diam
1382 5807 1426 5850 et
1456 5795 1777 5848 irrearchen-

1897 4903 2074 4955 sibiles
2106 4903 2463 4967 apparuerint.
2505 4910 2552 4952 el
2586 4901 2717 4952 actis
2760 4900 2981 4967 publicis
3006 4897 3276 4951 docuerint
3302 4899 3446 4949 omni

1898 4988 1952 5024 se
1979 4987 2153 5023 carere
2176 4970 2469 5034 suspicione
2511 4981 2667 5037 atque
2697 4968 2996 5024 inimicitia,
3031 4979 3078 5018 et
3117 4968 3443 5037 irreprelt_¢it-

1895 5040 2098 5091 sibilem
2163 5032 2320 5105 ﬁdem
2383 5047 2537 5107 atque
2581 5032 3062 5107 conversationem
3096 5039 3300 5107 ducere.
3330 5032 3441 5107 Jul.

1895 5110 2144 5174 rescript.
2177 5123 2297 5173 cap.
2327 5107 2417 5168 20,
2451 5105 2665 5160 necnon
2709 5122 2737 5157 a
2767 5107 3009 5174 concilio
3028 5105 3442 5174 Carthaginensi

1895 5178 1916 5230 1
1955 5171 2255 5230 ειι1›’(;ι-ιιιό
2282 5178 2484 5234 ltabitu,
2515 5191 2656 5229 anno
2687 5176 2893 5226 Domini
2921 5173 3044 5230 ³548.
3072 5175 3158 5223 ubi
3191 5171 3389 5223 dicitur
3426 5190 3438 5222 :

1895 5245 2090 5299 Gratus
2135 5248 2407 5312 episcopus
2453 5246 2609 5303 dixit,
2645 5244 2983 5310 manifestum
3022 5250 3095 5294 est
3156 5240 3444 5312 illumAnon

1893 5332 2002 5367 esse
2050 5308 2171 5372 Dei,
2195 5316 2283 5381 qui
2313 5308 2664 5366 'huotilitatent
2731 5308 3035 5367 contemnit.
3074 5312 3163 5381 s_e_d
3194 5308 3441 5381 _dt'aboli,

1891 5388 1978 5449 qui
2006 5376 2261 5449 superbire
2312 5388 2547 5435 inuentor
2579 5394 2623 5434 et
2663 5385 2902 5451 princeps
2945 5391 3040 5451 est.
3087 5376 3233 5451 Unde
3255 5379 3304 5451 si
3333 5381 3449 5431 avis

1894 5447 2122 5504 tumidus
2194 5457 2270 5504 ve!
2324 5447 2730 5505 contumeliosus
2783 5449 3040 5501 exstiterit
3100 5449 3153 5499 in
3195 5447 3447 5513 majmem

1893 5532 2042 5579 nutu,
2075 5522 2153 5573 uel
2189 5523 2423 5588 aliquam
2455 5518 2668 5572 causam
2697 5518 2959 5580 habuerit,
2992 5535 3022 5568 a
3054 5516 3218 5569 tribus
3261 5515 3447 5566 vicinis

1889 5592 2166 5656 episcopis,
2191 5591 2236 5642 si
2254 5589 2503 5641 diaconus
2529 5599 2623 5649 est,
2653 5597 2939 5655 arguatur;
2965 5591 3261 5656 presbyter,
3274 5600 3313 5656 Aa
3339 5598 3451 5644 sex;

1888 5653 1932 5713 si
1969 5653 2258 5722 episcopus,
2299 5676 2331 5710 a
2365 5660 2640 5711 duodecim
2673 5653 3132 5710 consacerdotibus
3159 5653 3402 5706 audiatur
3429 5688 3460 5703 ι

1889 5731 2100 5783 Concil.
2137 5729 2394 5784 Carthatz.
2429 5729 2478 5790 ι,
2519 5741 2642 5778 can.
2680 5726 2764 5779 Η.
