4114 6464
255 336 315 399 53
1278 350 1357 409 IN
1396 350 1558 411 CAN.
1604 351 1685 409 IX
1721 351 1920 409 CONC.
1961 349 2329 408 CARTHAG.
3339 347 3407 408 54

316 462 334 495 ι
370 452 716 517 νωσκομινων
748 453 1058 511 ἐπισκόπων
1090 458 1333 521 Ἀλόπιος
1360 463 1647 524 επίσκοπος
1675 479 1732 516 το
1790 466 1831 519 Α
1934 480 1941 508 t

1790 466 1831 519 Α
1934 478 1955 511 ι
1989 465 2252 521 mnantur,
2277 458 2493 527 Alypius
2531 460 2808 527 episcopus
2857 459 3087 527 regionis
3115 458 3403 513 Numidica:

320 553 338 586 ι
378 540 676 607 ποτηρητὴς
710 543 815 608 τῆς
850 544 1175 614 Νουμιδικῆς
1209 548 1388 618 χώρας
1420 547 1567 605 εἶπεν
1593 570 1607 583 ·
1643 554 1775 605 οὐδὲ

320 646 335 673 ι
377 627 535 678 ἐκεῖνο
560 626 642 679 δεῖ
672 634 970 699 παρεᾶσαι,
996 635 1099 699 ἵνα,
1126 636 1219 689 ἐάν
1243 655 1324 699 τις
1352 640 1510 708 τυχὸν
1541 643 1773 710 πρεσϐύ-

316 729 334 761 t
375 728 539 781 τερος,
574 716 686 768 ἀπὸ
724 719 820 771 τοῦ
862 720 988 772 ίδίου
1025 724 1318 776 ὶπισκόπου
1357 728 1770 793 καταγνωσθεὶς,

314 818 336 849 ι
377 804 651 872 φυσιότητί
680 823 789 859 τινι
824 812 915 860 καὶ
948 809 1286 883 ὑπερηφανίᾳ
1322 816 1604 884 ἐπαρθεὶς,
1635 819 1772 885 ἡγήο

317 909 333 937 ι
376 907 517 945 σεται
540 894 775 963 ὀφείλειν
798 902 1205 967 κεχωρισμένως
1229 904 1357 969 ἀγια
1378 906 1453 973 τῷ
1474 907 1589 975 Θεῷ
1614 925 1775 975 προσ-

317 999 333 1029 ι
373 980 574 1048 φέρειν,
617 984 651 1054 ἢ
693 986 819 1039 ἄλλο
858 988 1112 1053 ἀνορθοῦν
1153 990 1531 1059 θυσιαστήριον
1571 995 1774 1063 οίηθείη

316 1087 333 1118 ι
375 1071 505 1122 κατά
531 1072 631 1140 τῆς
660 1075 1111 1144 ἒκκλησιαστικῆς
1137 1080 1366 1143 πίστεως
1393 1083 1483 1135 καὶ
1510 1086 1776 1137 καταστά-

317 1177 333 1204 ι
376 1175 506 1219 aeto:
532 1176 548 1191 ·
587 1164 614 1214 ό
650 1164 889 1226 τοιοῦτος
927 1164 1270 1236 ἀτιμώρητος
1311 1172 1383 1238 μὴ
1423 1172 1628 1242 ἐξέλθῃ.
1673 1174 1775 1227 Βα-

318 1266 335 1298 ι
375 1248 605 1314 λεντῐνος
646 1254 939 1317 ἐπίσκοπος
975 1257 1071 1324 τῆς
1112 1258 1332 1330 πρώτης
1376 1262 1641 1331 καθέδρας
1679 1266 1775 1332 τῆς

316 1354 332 1385 ι
370 1337 699 1407 Νουμιδικῆς
722 1341 900 1411 χώρας
927 1341 1078 1398 εἶπεν
1097 1362 1112 1376 ’
1139 1348 1471 1415 Ἀναγκαίως
1492 1355 1557 1420 τῇ
1584 1352 1777 1422 ἐκκλη-

316 1440 333 1472 t
373 1428 615 1494 σιαστικῇ
646 1428 820 1481 πίστει
842 1431 1088 1495 καὶτάξει
1118 1434 1379 1501 σύμφωνά
1406 1438 1507 1487 είσι
1536 1437 1600 1489 τὰ
1630 1438 1775 1505 παρά

316 1528 333 1561 ι
371 1512 459 1564 τοῦ
490 1516 717 1582 ἀδελφοῦ
748 1519 902 1585 ἡμῶν
936 1520 1187 1575 Ἀλυπίου
1218 1525 1621 1593 προενεχθέντα.
1649 1528 1774 1579 Λοι-

318 1620 335 1651 ι
372 1603 465 1654 πὺν
492 1607 543 1657 τί
570 1606 717 1659 δοκεῖ
743 1614 804 1677 τῇ
838 1612 1075 1682 ὑμετέρᾳ
1105 1616 1293 1687 ἀγάπῃ
1324 1617 1528 1672 είπατε.
1563 1619 1625 1671 Ἢ
1656 1620 1777 1671 σόν-

317 1708 337 1739 (
378 1692 487 1753 οδος
513 1692 691 1749 εἶπεν·
717 1698 839 1751 Ἐάν
858 1717 939 1761 τις
963 1704 1349 1775 πρεσϐύτερος,
1372 1707 1510 1760 κατά
1529 1707 1621 1760 τοῦ
1646 1708 1773 1760 ίδίου

317 1798 335 1830 ι
374 1783 665 1837 ἐπισκόπου
703 1765 1493 1868 φυσιωθεὶςτσχίσμέποιήσῃ,
1532 1796 1774 1865 ἀνάθεμα
1805 1765 1847 1819 n

316 1887 335 1919 ε
376 1872 529 1926 ἔστω.
577 1892 595 1923 ε

311 1960 495 2014 ΒΑΔΣ.
531 1963 590 2017 '0
620 1966 701 2019 λα’
722 1967 1073 2033 ἀποστολικδς
1102 1978 1280 2027 κανὼν
1312 1977 1436 2038 τοὺς
1464 1978 1779 2047 παρασυνά-

252 2065 445 2117 γοντας,
468 2053 758 2121 κληρικοὺς
786 2059 883 2125 μὲν
905 2060 1077 2124 ὄντας,
1105 2063 1416 2132 καθαιρέσει
1442 2066 1777 2119 καθυποὸἀλο

253 2137 355 2201 λει,
382 2140 595 2205 λαῖκοὺς
621 2143 677 2196 δὲ
696 2185 710 2209 ,
740 2147 1092 2217 ἀφορίζεσθαι
1122 2152 1443 2222 διορίζεται*
1476 2155 1611 2225 πλὴν
1644 2155 1778 2221 μετά

254 2226 455 2297 πρώτην
482 2233 573 2284 καὶ
605 2233 861 2305 δευτέραν
890 2240 983 2291 καὶ
1015 2243 1201 2311 τρίτην
1231 2245 1598 2313 παράκλησιν.
1635 2246 1691 2297 ’0
1723 2246 1779 2297 δὲ

254 2317 425 2385 παρὼν
454 2322 629 2373 κανὼν
660 2324 753 2376 καὶ
784 2328 812 2377 ό
844 2333 894 2392 ς-’
923 2329 1021 2395 τῆς
1054 2330 1113 2383 ιν
1141 2331 1364 2401 Γάγγρᾳ.
1398 2333 1779 2404 ἀναθεματίζει

255 2406 473 2493 τόύτους.
514 2407 628 2460 Τίνι
672 2410 802 2476 γοῦν
846 2414 1130 2485 ὀφείλομεν
1171 2425 1461 2489 προσσχεῖν
1501 2423 1777 2493 ζητητέον.

257 2491 433 2590 οἴομαι
461 2494 549 2548 οὖν
571 2499 654 2551 ὅτι
680 2502 771 2555 καὶ
799 2502 966 2570 ἄμφω
994 2507 1132 2558 κατά
1156 2510 1278 2570 τοὺς
1307 2512 1534 2590 κανόνας
1562 2491 1780 2582 γενήσε-

258 2597 354 2634 ται.
388 2584 600 2652 Πρῶτον
652 2590 751 2656 μὲν
783 2592 890 2661 γὰρ
921 2597 1058 2646 κατά
1084 2596 1175 2648 τὸν
1204 2584 1555 2651 ἀποστολικὸν
1584 2602 1781 2653 κανόνα

257 2670 301 2720 oi
326 2679 653 2740 σχισματικοὶ
680 2682 1219 2752 παραγγελθήσονται
1240 2687 1332 2741 τοῦ
1359 2688 1523 2741 κακοῦ
1550 2691 1785 2759 ἀποσχέ-

262 2760 370 2813 σθαι
392 2779 407 2791 ο
436 2768 525 2817 καὶ
557 2767 629 2835 μὴ
657 2771 991 2835 πεισθέντες,
1023 2777 1501 2845 καθαιρεθήσονται
1533 2779 1563 2847 ἢ
1594 2781 1782 2849 ἀφορι-

264 2849 527 2919 σθήσονται
553 2873 567 2888 ·
601 2860 651 2911 εί
688 2859 745 2912 δὶ
783 2862 877 2916 καὶ
913 2865 1054 2919 οὕτω
1087 2870 1151 2937 τῇ
1192 2869 1507 2935 φυσιότητι,
1538 2870 1783 2923 τουτέστι

261 2943 318 3007 τῇ
359 2946 616 3019 κενοδοξέᾳ
659 2953 753 3003 καὶ
788 2954 853 3021 τῇ
894 2944 1154 3027 ἀνηκοτᾳ,
1199 2959 1551 3027 ἐμμένουσιν,
1592 2960 1782 3013 ἀναθέ-

1956 566 1975 600 ‹
2013 549 2214 617 legatus
2248 548 2375 603 dixit
2405 565 2418 612 ;
2447 547 2553 601 Nec
2584 547 2709 601 illud
2761 550 3264 616 pratermittentlum
3300 560 3403 611 est,

1949 657 1969 689 ι
2010 641 2129 692 utsi
2156 639 2276 707 quis
2304 638 2440 692 forte
2496 639 2770 708 presbyter
2815 654 2842 692 a
2891 639 3105 707 praprio
3160 639 3408 705 episcopo

1948 747 1965 779 ι
1995 729 2416 790 condemnatus.
2475 738 2679 782 tumore
2728 731 2954 798 quodam
3004 740 3056 783 et
3102 729 3405 797 arrogantia

1948 835 1967 867 ε
2003 817 2210 878 elatus,
2266 817 2653 871 existimaverit
2712 818 2904 872 debere
2959 820 3241 885 separatim
3303 818 3408 871 Deo

1954 926 1971 956 ι
2013 917 2194 961 sancta
2221 906 2434 968 oﬂ‘erre,
2463 907 2541 959 vel
2567 907 2707 959 aliud
2739 906 2903 961 altare
2919 907 3221 976 erigendum
3255 917 3410 975 puta-

1946 1012 1963 1045 ι
2000 996 2135 1049 verit
2164 999 2420 1051 adversus
2450 998 2868 1051 ecclesiasticam
2906 998 3058 1051 [idem
3086 1008 3137 1051 et
3200 998 3406 1053 constio

1950 1103 1968 1135 ι
2006 1088 2296 1142 tutioncm:
2339 1090 2382 1141 is
2438 1105 2502 1142 ne
2552 1089 2786 1156 impunis
2834 1089 3043 1142 evadat.
3098 1087 3410 1141 Valentinus

1962 1195 1978 1226 ι
2013 1178 2297 1246 episcopus
2331 1179 2513 1244 prima:
2542 1180 2808 1232 cathedra:
2860 1178 3149 1233 Numidica:
3178 1180 3411 1245 regionis

1962 1282 1981 1314 ε
2013 1267 2176 1319 dixit:
2215 1266 2529 1321 Necessario
2554 1268 2933 1322 ecclesiastica:
2964 1268 3081 1322 ﬁdei
3131 1278 3183 1322 et
3233 1268 3406 1323 ordini

1953 1372 1971 1402 ι
2003 1356 2360 1415 consentiunt.
2415 1371 2581 1423 quaen
2622 1357 2786 1413 fratre
2840 1368 3022 1412 nostra
3056 1360 3243 1429 Alypio
3287 1375 3407 1428 pro-

1954 1460 1971 1490 ι
2007 1442 2112 1497 lata
2145 1453 2286 1496 sunt.
2320 1443 2469 1509 Quod
2515 1455 2776 1513 superest,
2816 1446 2938 1514 quid
2967 1458 3153 1500 vestra:
3209 1449 3415 1500 videtur

1950 1548 1967 1580 ι
1999 1532 2262 1585 dilectioni
2294 1533 2470 1588 dicite.
2520 1534 2760 1603 Synodus
2809 1536 2940 1587 dixit
2978 1553 2991 1587 :
3028 1537 3084 1588 Si
3126 1537 3248 1603 quis
3296 1552 3415 1597 pre-

1951 1638 1967 1668 ι
2006 1622 2190 1690 sbyter
2245 1623 2501 1677 adversus
2535 1626 2807 1691 proprium
2860 1626 3163 1695 episcopum
3205 1626 3416 1681 inﬂatus

1957 1726 1976 1758 ε
2007 1710 2235 1765 scitisma
2261 1709 2462 1777 fecerit,
2491 1712 2877 1765 sitanathema.
2918 1729 2935 1762 ι

1947 1964 2137 2020 BALS.
2169 1965 2498 2022 Tricesimus
2542 1969 2746 2034 primus
2770 1984 2940 2024 canon
2964 1973 3283 2038 apostolicus
3304 1986 3419 2035 eos,

1879 2056 1969 2122 qui
1999 2070 2028 2108 a
2051 2058 2461 2126 congregatione
2509 2058 2800 2124 divertuat,
2822 2060 2865 2114 si
2920 2061 3027 2115 sint
3057 2062 3269 2130 quidem
3316 2062 3420 2115 clc-

1881 2145 1998 2205 rici.
2032 2146 2348 2214 depositiuni
2374 2147 2622 2214 subiicit:
2658 2149 2821 2204 laicos
2853 2160 3029 2205 autem
3065 2152 3422 2222 segregandos

1879 2234 2154 2299 decernit;
2183 2235 2274 2291 sed
2306 2246 2421 2305 post
2445 2237 2669 2303 primam
2709 2246 2761 2292 et
2788 2240 3078 2293 secundam
3110 2250 3161 2293 ct
3212 2240 3420 2293 tertiam

1879 2321 2608 2379 admonitionem.‘Prtesens
2661 2334 2838 2378 autem
2907 2340 3075 2380 canon
3131 2338 3185 2379 et
3238 2336 3422 2382 sextus

1878 2407 2201 2475 Gangrensis
2254 2421 2347 2462 eos
2393 2410 2831 2465 anathematizat.
2889 2411 3028 2476 Quid
3092 2427 3217 2481 ergo
3269 2412 3419 2480 ecqui

1881 2496 2166 2549 debeamus
2221 2498 2561 2564 quaerendum
2617 2508 2719 2554 est.
2771 2500 3031 2554 Existimo
3076 2516 3222 2570 ergo,
3278 2502 3417 2569 quod

1883 2594 2167 2653 utrumque
2200 2586 2287 2640 ﬂet
2316 2600 2381 2640 ex
2414 2590 2725 2645 canonibtts.
2755 2589 2987 2643 Primum
3033 2592 3173 2644 enim
3231 2606 3422 2645 secun-

1880 2679 2003 2732 dum
2033 2694 2290 2735 canonem
2339 2683 2688 2752 apostolicum
2742 2684 3102 2739 scitismaticis
3144 2682 3421 2739 denuntia.

1882 2768 2041 2831 bitur,
2066 2769 2226 2841 εει
2240 2781 2292 2824 ut
2326 2786 2354 2826 a
2391 2773 2528 2826 malo
2547 2775 2877 2829 abstineant:
2900 2785 2973 2839 et,
2995 2774 3092 2828 nisi
3124 2775 3418 2842 paruerint,

1883 2857 2212 2925 deponentur
2259 2861 2341 2914 vel
2394 2863 3024 2916 excommunicabuntnr.
3086 2863 3178 2917 Sin
3244 2872 3422 2917 autem

1883 2946 1959 2999 sic
1988 2961 2196 3015 quoque
2225 2948 2276 3001 in
2332 2949 2626 3013 inﬂatione,
2666 2951 2766 3005 hoc
2817 2958 2921 3013 est,
2958 2965 3092 3003 vana
3151 2952 3315 3018 gloria
3372 2961 3426 3007 et

267 3033 1000 3131 ματικαθυποδληθήσονται,
1029 3044 1102 3104 ὡς
1132 3048 1405 3113 σεσηπότα
1436 3047 1569 3117 μέλη
1598 3050 1661 3101 ίκ
1688 3048 1781 3101 τοῦ
1808 3070 1852 3131 C
1886 3035 1892 3086 i

1808 3070 1852 3131 Ο
1886 3035 2261 3099 inobedientia,
2286 3039 2634 3105 perstiterint,
2688 3040 3015 3093 anathemati
3050 3040 3419 3109 subjicientur.

264 3116 574 3181 ὖγιαίνοντοξ
601 3125 848 3194 σώματος
872 3132 970 3198 τῆς
994 3132 1315 3202 Ἐκκλησίας
1341 3137 1685 3199 ἒκκοπέντες.
1712 3138 1785 3192 To
1812 3116 1852 3131 υ

1812 3116 1852 3131 “
1890 3134 1945 3177 ιιι
1982 3128 2218 3180 membra
2252 3129 2459 3197 putrida
2494 3145 2523 3183 e
2572 3144 2703 3183 sano
2738 3130 2991 3184 Ecclesia:
3043 3146 3270 3198 corpore
3313 3150 3426 3183 ntu—

262 3205 358 3275 γὰρ
380 3213 694 3268 amnt-:60“
717 3219 1206 3292 ἀναθεματισθῆναι
1230 3226 1354 3285 τοὺς
1383 3227 1455 3295 μὴ
1478 3227 1565 3279 διὰ
1584 3228 1786 3295 δογμαο

262 3300 403 3369 τικὴν
431 3311 931 3375 προσκεκρουκότας
956 3313 1165 3375 αίτίαν,
1191 3315 1327 3368 ἀλλά
1354 3316 1441 3369 διὰ
1470 3316 1785 3380 ἀλαζονείαν

265 3390 345 3441 καὶ
371 3392 483 3454 νοὸς
510 3397 810 3465 κουφότητα
838 3401 979 3452 κατά
1002 3402 1100 3469 τῆς
1131 3395 1585 3475 ἐκκλησιαστικῆς
1613 3423 1783 3459 καταο

267 3478 945 3564 στάσεωςάτακτήσαντας,
991 3491 1289 3560 βαρύτατον
1326 3496 1504 3556 ἐστιν,
1548 3495 1622 3557 ὡς
1666 3497 1787 3564 ἐμοὶ

265 3563 411 3653 δοκεῖ.
463 3571 751 3639 Ἀνάγνωθι
803 3577 896 3629 καὶ
941 3580 1033 3632 τὸν
1077 3581 1128 3632 α’
1162 3584 1358 3637 κανόνα
1404 3583 1497 3637 τοῦ
1554 3587 1787 3653 μεγάλου

267 3652 552 3723 Βασιλείου,
579 3663 895 3720 διδάσκοντα
922 3669 1179 3739 διαφορὰν
1204 3675 1495 3742 αίρετικῶν
1515 3714 1531 3740 ,
1556 3652 1789 3746 Ῠσχισμα-

268 3746 421 3798 τικῶν
452 3752 542 3803 καὶ
578 3759 1090 3825 παρασυναγόντων.
1130 3761 1390 3816 Ἐνταῦθα
1423 3765 1478 3817 δὲ
1511 3782 1790 3835 καταχρη-

271 3839 455 3901 στικῶς
490 3841 757 3912 ὶξελήφθη
797 3846 857 3897 τδ
900 3848 1105 3918 σχίσμα
1148 3853 1237 3903 καὶ
1274 3855 1307 3920 ἠ
1354 3855 1793 3924 παρασυναγωγὴ

267 3925 339 3989 εἰς
360 3929 478 3990 τοὺς
505 3933 640 3986 κατά
668 3934 980 3997 ἀλαζονείαν
1008 3939 1146 3991 κατά
1167 3938 1263 3992 τοῦ
1293 3942 1591 3994 ἀπισκόπου
1616 3944 1793 3995 αὐτῶν

270 4019 613 4086 φυσιωθέντας
644 4026 746 4077 καὶ
769 4026 1216 4098 ἀποσχισθέντας.

329 4198 558 4253 ΖΩΝᾹΡ.
594 4202 720 4254 Ἐὰν
751 4204 1115 4274 πρεσϐύτερος
1144 4208 1481 4279 ἐπιτιμηθεὶς
1508 4210 1795 4282 ἀφορισμῷ

269 4285 385 4347 ἴσως
407 4290 613 4358 ἐπαρθῇ
633 4293 939 4361 φυσιότητι,
962 4295 1203 4348 τουτέστι
1227 4297 1497 4368 κενοδοξία
1520 4300 1609 4349 καὶ
1628 4299 1794 4365 ὄγκῳ,

1884 3216 2072 3283 putati.
2103 3216 2175 3270 Ex
2206 3219 2302 3272 hoc
2329 3220 2467 3272 enim
2498 3219 2641 3287 ipsos
2672 3235 2790 3274 esse
2808 3222 3302 3281 anatbematizatox,
3337 3222 3423 3286 qui

1886 3314 1990 3352 non
2018 3312 2236 3369 propter
2261 3318 2475 3357 causam
2527 3307 2881 3373 dogmaticam
2934 3305 3290 3368 oiienderunt,
3337 3308 3427 3359 sed

1888 3394 2485 3460 prepter.arrogantiam
2511 3404 2563 3448 et
2593 3396 2785 3447 mentis
2846 3394 3116 3450 levitatem
3173 3398 3427 3451 adversus

1890 3481 2302 3536 ecclesiasticam
2336 3484 2767 3538 constitutionem
2822 3498 2881 3537 se
2926 3485 3214 3540 insolenter
3240 3501 3423 3554 gesse-

1891 3581 2041 3633 runt,
2074 3581 2155 3626 est
2194 3572 2589 3641 gravissimum.
2639 3582 2697 3627 ut
2754 3574 2881 3627 mihi
2934 3574 3146 3641 quidem
3200 3577 3424 3629 videtur.

1888 3659 2031 3728 Lege
2059 3660 2219 3715 etiam
2250 3675 2509 3715 canonem
2563 3662 2589 3716 1
2637 3664 2814 3732 magni
2869 3664 3074 3726 Basilii,
3128 3666 3216 3733 qui
3278 3666 3431 3719 docet

1890 3751 2239 3805 diﬂ‘erentiam
2264 3752 2653 3816 haereticorum,
2672 3754 3134 3807 scitismatieorum
3163 3761 3218 3809 et
3245 3770 3430 3810 eorum

1892 3841 1982 3910 qui
2015 3857 2040 3893 ιι
2080 3842 2496 3910 congregatione
2527 3843 2814 3896 divertunt.
2864 3843 2959 3897 llic
2988 3851 3164 3899 autem
3211 3846 3429 3900 abnsive

1894 3942 2172 4000 acceptum
2228 3943 2309 3987 est
2339 3933 2595 3995 scltisma,
2642 3943 2695 3986 et
2729 3948 2755 3985 a
2803 3935 3211 4002 congregatione
3256 3937 3431 3988 divcr~

1895 4020 1996 4081 sio,
2025 4035 2121 4089 pro
2151 4022 2215 4075 iis
2247 4022 2338 4090 qui
2384 4037 2449 4075 ex
2478 4022 2780 4090 arrogantia
2834 4022 3088 4077 adversus
3136 4038 3288 4079 suum
3324 4026 3434 4086 epi-

1896 4125 2119 4176 scOpnm
2153 4111 2321 4165 inflati
2350 4122 2552 4166 suntet
2586 4113 2650 4165 ab
2676 4127 2741 4165 eo
2769 4114 3015 4167 abscissi.

1965 4198 2215 4255 ZONAR.
2245 4200 2299 4255 Si
2333 4201 2453 4269 quis
2471 4202 2723 4256 sacerdos
2749 4205 3115 4270 segregatione
3144 4204 3278 4258 forte
3302 4206 3436 4258 mul-

1899 4298 2060 4355 tatus,
2091 4289 2380 4352 inﬂatione,
2433 4292 2533 4344 ltoc
2580 4300 2680 4353 est,
2717 4296 3022 4358 arrogantia
3083 4295 3436 4360 superbiaque

271 4377 353 4426 καὶ
382 4377 483 4447 ἰδίᾳ
510 4381 792 4451 προσφέρῃ
816 4382 895 4449 τῷ
922 4382 1038 4451 Θεῷ
1058 4422 1073 4447 ,
1104 4384 1398 4453 ἱερουργῶν
1426 4385 1546 4437 καθ’
1570 4386 1762 4437 ἑαυτὸν
1780 4425 1794 4451 ,
1824 4383 1875 4443 D

1824 4383 1875 4443 Ι)
1900 4378 2175 4441 eﬂ‘eratur,
2206 4393 2269 4431 ac
2298 4380 2406 4434 Deo
2460 4381 2705 4448 privatim
2760 4380 2993 4437 offerat.
3053 4383 3280 4451 aliisque
3329 4399 3442 4435 non

272 4465 298 4533 ἢ
335 4468 487 4531 αὐτὸς
528 4472 646 4523 νέον
686 4471 1066 4540 θυσιαστήριον
1109 4457 1476 4545 καινουργήῶῃ
1518 4476 1657 4527 κατά
1701 4477 1798 4543 τῆς

273 4554 701 4625 ικκλησιαστικῆς
733 4558 967 4629 πίστεως
996 4559 1091 4611 καὶ
1126 4562 1508 4620 καταστάσεως
1530 4577 1543 4591 ⁸
1582 4562 1799 4630 συγχέει

272 4642 366 4711 τάρ
395 4645 491 4712 τὴν
520 4638 976 4717 ἐκκλησιαστικὴν
1012 4651 1343 4704 κατάστασιν
1363 4691 1377 4713 ,
1413 4651 1485 4713 ὡς
1518 4650 1625 4702 τῶν
1663 4669 1795 4720 πρε-

272 4731 530 4803 σόυτέρων
555 4738 800 4790 ὑπείκειν
822 4737 1141 4806 ὀφειλόντων
1162 4740 1240 4808 τῷ
1250 4741 1459 4812 ,ἑπισκό
1470 4759 1571 4810 mp,
1596 4743 1801 4804 ἐκεῖνος

272 4822 354 4873 καὶ
384 4826 750 4893 ἀντιπράττων
783 4828 873 4881 καὶ
908 4829 1295 4898 ἀνθιστάμενος
1326 4831 1505 4898 αὐτῷ,
1537 4833 1631 4885 καὶ.
1663 4833 1801 4885 κατά

271 4908 360 4975 τῆς
404 4912 630 4975 πίστεως
669 4917 845 4967 ποιεί·
882 4917 931 4968 oi
972 4919 1078 4984 γάρ
1119 4918 1356 4983 ἄπιστοι,
1398 4919 1680 4988 βλέποντες
1722 4924 1802 4974 ὅτι

273 4995 507 5065 ἀτάκτως
541 5000 810 5069 διάγουσιν
842 5005 893 5055 oi.
928 5004 1246 5074 ἱερωμόνοι,
1282 5009 1673 5077 κωμῳδήσουσι
1707 5010 1804 5077 τὴν

274 5086 475 5139 πίστιν·
516 5091 641 5151 τοὺς
675 5089 805 5155 γοῦν
840 5092 1117 5154 τοιούτους
1156 5094 1256 5146 οὐκ
1295 5096 1669 5164 ἀτιμωρήτους
1704 5096 1803 5159 δεῖ,

274 5175 445 5239 φασὶν,
483 5171 642 5237 εἶναι,
682 5177 761 5230 διὸ
804 5182 898 5229 καὶ
938 5178 1236 5249 ἀναθέματι
1282 5182 1473 5243 αὐτοὺς
1516 5185 1549 5251 ἠ
1595 5182 1807 5243 σύνοδος

274 5266 597 5320 κατεδίκασε.
630 5267 739 5319 Καὶ
772 5269 800 5319 ό
835 5267 888 5332 ς’
910 5268 965 5321 δὲ
991 5270 1090 5338 τῆς
1123 5271 1180 5321 ἐν
1208 5272 1427 5342 Γάγγρᾳ
1462 5273 1676 5326 συνόδου
1714 5290 1809 5326 κα·-

272 5350 367 5403 νὼν
399 5353 504 5407 ὑπὸ
537 5355 784 5425 ἀνάθεμα
814 5358 940 5419 τοὺς
977 5360 1458 5428 παρασυνάγοντας
1493 5363 1806 5427 ἐποιήσατο.

285 5438 339 5493 '0
362 5442 417 5495 δὲ
442 5445 550 5501 τῶν
580 5448 889 5499 ἀποστόλων
914 5446 991 5500 λα’
1015 5447 1197 5503 κανὼν
1227 5449 1544 5521 καθαίρεσιν
1572 5451 1679 5504 τῶν
1704 5467 1811 5504 τοι-

277 5531 434 5589 ούτων
459 5536 920 5607 καταψηφίζεται.

1899 4468 2149 4521 adhibitis
2180 4469 2523 4533 saeralaclat,
2556 4478 2857 4521 autnovum
2879 4470 3168 4535 ipsealtarc
3186 4471 3440 4523 adversus

1899 4555 2318 4608 ecclesiasticam
2382 4554 2538 4609 lldetn
2595 4570 2659 4608 ac
2685 4556 3129 4609 constitutionem
3173 4559 3438 4610 cxcitave~

1901 4645 2011 4709 rit;
2041 4644 2233 4697 evertit
2262 4645 2348 4697 ille
2384 4644 2645 4712 siquidem
2682 4644 2937 4699 Ecclesia:
2984 4648 3438 4707 constitutionem,

1901 4734 2145 4802 quicum
2182 4736 2432 4801 episcopo
2486 4732 2764 4787 audientes
2830 4747 2949 4786 esse
3003 4734 3299 4804 presbyteri
3346 4736 3442 4788 de-

1903 4822 2085 4883 beant,
2124 4823 2437 4876 obluctatur
2468 4817 2602 4889 ipse,
2627 4832 2681 4875 et
2715 4823 2967 4882 obsistit;
3002 4823 3119 4877 lidei
3147 4838 3275 4878 vero
3316 4840 3447 4891 quo-

1903 4925 2009 4978 que
2036 4922 2117 4964 est
2145 4911 2394 4979 iniurius,
2442 4925 2559 4978 qua:
2602 4911 2898 4965 inﬁdelium
2959 4913 3229 4977 irrisione,
3292 4924 3445 4981 post-

1905 5013 2063 5066 quam
2093 4998 2259 5052 sacris
2286 4998 2521 5054 initiatos
2545 4998 2787 5053 homines
2807 5013 3059 5065 perverse
3092 5000 3253 5053 vitam
3288 5016 3447 5067 agere

1906 5088 2421 5149 animadverterint.
2472 5088 2695 5142 ludetur.
2755 5088 3029 5155 Ejusmodi
3108 5089 3270 5155 igitur
3348 5092 3449 5143 ito-

1909 5181 2099 5243 tniues,
2129 5192 2457 5244 nequaquam
2492 5178 2705 5244 impune
2736 5176 2885 5230 abire
2932 5188 3176 5243 oportere
3209 5185 3444 5246 synodus

1908 5270 2119 5333 asserit,
2172 5268 2398 5336 illosque
2441 5266 2690 5342 'proiude
2749 5268 3102 5320 anatltematis
3154 5282 3307 5333 pmna
3371 5279 3449 5321 te-

1912 5361 2025 5412 neri
2060 5358 2225 5427 iubet.
2283 5356 2537 5410 Eamdem
2575 5370 2785 5423 quoque
2828 5355 3183 5407 anatltematis
3216 5360 3449 5423 pmn‘aut,

1910 5460 2061 5505 sexto
2088 5463 2291 5502 canone
2324 5448 2374 5499 itt
2419 5462 2533 5508 eos,
2580 5448 2669 5513 qui
2718 5444 2961 5512 privatim
3016 5444 3300 5497 ecclesiam
3357 5448 3456 5499 Ita-

1912 5541 2037 5594 bere
2061 5538 2243 5591 volunt
2262 5578 2276 5596 .
2296 5536 2619 5606 Gangreusis
2647 5536 2880 5604 synodus
2914 5536 3116 5586 statuit.
3138 5533 3452 5588 Sanctorum

1917 5627 2419 5695 veroapostoiorum
2450 5626 2653 5694 primus
2704 5636 2755 5679 et
2808 5624 3239 5692 quadragesimus
3288 5639 3457 5679 canon

1922 5718 2268 5789 depositionis
2296 5719 2345 5771 in
2374 5732 2463 5773 cos
2489 5731 2699 5783 pcenam
2752 5714 3007 5770 decernit.
