  <div class='ocr_page' id='page_1' title='image "/cluster/home/n/w/nwhite01/storage/ocr_20150623/138/uva.x030486987/050.png"; bbox 0 0 4114 6466; ppageno 0'>
   <div class='ocr_carea' id='block_1_1' title="bbox 229 383 3397 458">
    <p class='ocr_par' dir='ltr' id='par_1_1' title="bbox 229 383 3397 458">
     <span class='ocr_line' id='line_1_1' title="bbox 229 383 3397 458; baseline 0.008 -16"><span class='ocrx_word' id='word_1_1' title='bbox 229 383 292 442; x_wconf 79' lang='lat'><strong>57</strong></span> <span class='ocrx_word' id='word_1_2' title='bbox 1212 390 1292 450; x_wconf 86' lang='lat' dir='ltr'><strong>IN</strong></span> <span class='ocrx_word' id='word_1_3' title='bbox 1331 393 1492 452; x_wconf 76' lang='lat' dir='ltr'><strong>CAN.</strong></span> <span class='ocrx_word' id='word_1_4' title='bbox 1543 392 1654 450; x_wconf 82' lang='lat' dir='ltr'><strong>xu</strong></span> <span class='ocrx_word' id='word_1_5' title='bbox 1695 390 1896 452; x_wconf 68' lang='lat' dir='ltr'><strong>coxa.</strong></span> <span class='ocrx_word' id='word_1_6' title='bbox 1953 398 2328 458; x_wconf 62' lang='lat' dir='ltr'><strong>manus.</strong></span> <span class='ocrx_word' id='word_1_7' title='bbox 3330 383 3397 447; x_wconf 79' lang='grc'><strong>58</strong></span> 
     </span>
    </p>
   </div>
   <div class='ocr_carea' id='block_1_2' title="bbox 231 495 1753 573">
    <p class='ocr_par' dir='ltr' id='par_1_2' title="bbox 231 495 1752 568">
     <span class='ocr_line' id='line_1_2' title="bbox 231 495 1752 568; baseline -0.004 -15"><span class='ocrx_word' id='word_1_8' title='bbox 231 495 306 562; x_wconf 73' lang='grc' dir='ltr'>τῷ</span> <span class='ocrx_word' id='word_1_9' title='bbox 357 497 741 568; x_wconf 74' lang='grc' dir='ltr'>μητροπολίτῃ,</span> <span class='ocrx_word' id='word_1_10' title='bbox 790 497 921 551; x_wconf 84' lang='grc' dir='ltr'><strong>ἀλλά</strong></span> <span class='ocrx_word' id='word_1_11' title='bbox 966 498 1190 565; x_wconf 78' lang='grc' dir='ltr'><strong>πρώτως</strong></span> <span class='ocrx_word' id='word_1_12' title='bbox 1233 501 1322 550; x_wconf 72' lang='grc' dir='ltr'><strong>τὸν</strong></span> <span class='ocrx_word' id='word_1_13' title='bbox 1369 502 1752 567; x_wconf 78' lang='grc' dir='ltr'>πατριαρχικὸν</span> 
     </span>
    </p>
   </div>
   <div class='ocr_carea' id='block_1_3' title="bbox 1852 495 3393 573">
    <p class='ocr_par' dir='ltr' id='par_1_3' title="bbox 1852 495 3393 573">
     <span class='ocr_line' id='line_1_3' title="bbox 1852 495 3393 573; baseline -0.005 -20"><span class='ocrx_word' id='word_1_14' title='bbox 1852 511 1905 554; x_wconf 89' lang='lat' dir='ltr'><strong>et</strong></span> <span class='ocrx_word' id='word_1_15' title='bbox 1937 504 2206 573; x_wconf 87' lang='lat' dir='ltr'><strong>proprium</strong></span> <span class='ocrx_word' id='word_1_16' title='bbox 2265 505 2568 571; x_wconf 79' lang='lat' dir='ltr'><strong>episcopum</strong></span> <span class='ocrx_word' id='word_1_17' title='bbox 2599 501 2662 554; x_wconf 90' lang='lat' dir='ltr'><strong>ad</strong></span> <span class='ocrx_word' id='word_1_18' title='bbox 2709 497 3048 565; x_wconf 77' lang='lat' dir='ltr'><strong>iudiciariam</strong></span> <span class='ocrx_word' id='word_1_19' title='bbox 3099 495 3393 548; x_wconf 84' lang='lat' dir='ltr'><strong>contentio-</strong></span> 
     </span>
    </p>
   </div>
   <div class='ocr_carea' id='block_1_4' title="bbox 227 583 1755 654">
    <p class='ocr_par' dir='ltr' id='par_1_4' title="bbox 227 583 1755 654">
     <span class='ocr_line' id='line_1_4' title="bbox 227 583 1755 654; baseline 0.004 -22"><span class='ocrx_word' id='word_1_20' title='bbox 227 583 418 648; x_wconf 81' lang='grc' dir='ltr'>θρόνον</span> <span class='ocrx_word' id='word_1_21' title='bbox 449 587 763 654; x_wconf 80' lang='grc' dir='ltr'>ὀχλήσαντα,</span> <span class='ocrx_word' id='word_1_22' title='bbox 797 589 889 639; x_wconf 77' lang='grc' dir='ltr'><strong>καὶ</strong></span> <span class='ocrx_word' id='word_1_23' title='bbox 917 587 1018 638; x_wconf 79' lang='grc' dir='ltr'>ὑπὸ</span> <span class='ocrx_word' id='word_1_24' title='bbox 1046 588 1338 640; x_wconf 90' lang='grc' dir='ltr'>ἀντιδικίαν</span> <span class='ocrx_word' id='word_1_25' title='bbox 1371 588 1639 653; x_wconf 77' lang='grc' dir='ltr'><strong>ἀγαγόντα</strong></span> <span class='ocrx_word' id='word_1_26' title='bbox 1667 589 1755 638; x_wconf 85' lang='grc' dir='ltr'><strong>τὸν</strong></span> 
     </span>
    </p>
   </div>
   <div class='ocr_carea' id='block_1_5' title="bbox 226 673 1758 748">
    <p class='ocr_par' dir='ltr' id='par_1_5' title="bbox 226 673 1758 748">
     <span class='ocr_line' id='line_1_5' title="bbox 226 673 1758 748; baseline 0.004 -24"><span class='ocrx_word' id='word_1_27' title='bbox 226 673 353 726; x_wconf 81' lang='grc' dir='ltr'>ίδιον</span> <span class='ocrx_word' id='word_1_28' title='bbox 380 677 686 730; x_wconf 79' lang='grc' dir='ltr'>ἐπίσκοπον.</span> <span class='ocrx_word' id='word_1_29' title='bbox 713 678 820 730; x_wconf 83' lang='grc' dir='ltr'><strong>Τοῦ</strong></span> <span class='ocrx_word' id='word_1_30' title='bbox 849 679 902 730; x_wconf 84' lang='grc' dir='ltr'><strong>δέ</strong></span> <span class='ocrx_word' id='word_1_31' title='bbox 931 679 1224 748; x_wconf 74' lang='grc' dir='ltr'>Καψιρύμη</span> <span class='ocrx_word' id='word_1_32' title='bbox 1256 681 1497 740; x_wconf 71' lang='grc' dir='ltr'>εἰπόντος</span> <span class='ocrx_word' id='word_1_33' title='bbox 1520 680 1606 730; x_wconf 68' lang='grc' dir='ltr'>διὰ</span> <span class='ocrx_word' id='word_1_34' title='bbox 1635 680 1758 730; x_wconf 85' lang='grc' dir='ltr'>πολ-</span> 
     </span>
    </p>
   </div>
   <div class='ocr_carea' id='block_1_6' title="bbox 219 762 1755 837">
    <p class='ocr_par' dir='ltr' id='par_1_6' title="bbox 219 762 1755 837">
     <span class='ocr_line' id='line_1_6' title="bbox 219 762 1755 837; baseline 0.004 -24"><span class='ocrx_word' id='word_1_35' title='bbox 219 762 328 814; x_wconf 80' lang='grc' dir='ltr'><strong>λῶν</strong></span> <span class='ocrx_word' id='word_1_36' title='bbox 375 767 775 833; x_wconf 86' lang='grc' dir='ltr'>μητροπολιτῶν</span> <span class='ocrx_word' id='word_1_37' title='bbox 818 768 1044 836; x_wconf 83' lang='grc' dir='ltr'>ζητῆσαι</span> <span class='ocrx_word' id='word_1_38' title='bbox 1087 768 1244 820; x_wconf 81' lang='grc' dir='ltr'>αὐτὸν</span> <span class='ocrx_word' id='word_1_39' title='bbox 1283 769 1379 837; x_wconf 82' lang='grc' dir='ltr'><strong>τὴν</strong></span> <span class='ocrx_word' id='word_1_40' title='bbox 1417 768 1511 820; x_wconf 79' lang='grc' dir='ltr'>τοῦ</span> <span class='ocrx_word' id='word_1_41' title='bbox 1558 769 1755 819; x_wconf 75' lang='grc' dir='ltr'><strong>οἰκείου</strong></span> 
     </span>
    </p>
   </div>
   <div class='ocr_carea' id='block_1_7' title="bbox 220 859 1757 928">
    <p class='ocr_par' dir='ltr' id='par_1_7' title="bbox 220 859 1757 928">
     <span class='ocr_line' id='line_1_7' title="bbox 220 859 1757 928; baseline 0.003 -23"><span class='ocrx_word' id='word_1_42' title='bbox 220 859 606 922; x_wconf 73' lang='grc' dir='ltr'>μητροπολίτου</span> <span class='ocrx_word' id='word_1_43' title='bbox 631 859 988 926; x_wconf 77' lang='grc' dir='ltr'><strong>συμπάθειαν,</strong></span> <span class='ocrx_word' id='word_1_44' title='bbox 1014 859 1106 911; x_wconf 83' lang='grc' dir='ltr'><strong>καὶ</strong></span> <span class='ocrx_word' id='word_1_45' title='bbox 1133 860 1206 928; x_wconf 80' lang='grc' dir='ltr'><strong>μη</strong></span> <span class='ocrx_word' id='word_1_46' title='bbox 1231 859 1757 928; x_wconf 79' lang='grc' dir='ltr'>είσακουσθῆναι,καὶ</span> 
     </span>
    </p>
   </div>
   <div class='ocr_carea' id='block_1_8' title="bbox 213 942 1753 1017">
    <p class='ocr_par' dir='ltr' id='par_1_8' title="bbox 213 942 1753 1017">
     <span class='ocr_line' id='line_1_8' title="bbox 213 942 1753 1017; baseline 0.004 -23"><span class='ocrx_word' id='word_1_47' title='bbox 213 942 304 995; x_wconf 79' lang='grc' dir='ltr'>διὰ</span> <span class='ocrx_word' id='word_1_48' title='bbox 334 945 491 997; x_wconf 72' lang='grc' dir='ltr'>τοῦτο</span> <span class='ocrx_word' id='word_1_49' title='bbox 515 949 836 1016; x_wconf 79' lang='grc' dir='ltr'><strong>καταντῆσαι</strong></span> <span class='ocrx_word' id='word_1_50' title='bbox 866 951 943 1006; x_wconf 86' lang='grc' dir='ltr'><strong>είς</strong></span> <span class='ocrx_word' id='word_1_51' title='bbox 971 949 1067 1017; x_wconf 81' lang='grc' dir='ltr'>τήν</span> <span class='ocrx_word' id='word_1_52' title='bbox 1098 950 1338 1016; x_wconf 81' lang='grc' dir='ltr'><strong>μεγάλην</strong></span> <span class='ocrx_word' id='word_1_53' title='bbox 1369 949 1580 1001; x_wconf 82' lang='grc' dir='ltr'>σύνοδον</span> <span class='ocrx_word' id='word_1_54' title='bbox 1600 991 1614 1013; x_wconf 90' lang='grc'><strong>,</strong></span> <span class='ocrx_word' id='word_1_55' title='bbox 1643 949 1753 1000; x_wconf 86' lang='grc' dir='ltr'>διε-</span> 
     </span>
    </p>
   </div>
   <div class='ocr_carea' id='block_1_9' title="bbox 213 1032 1529 1106">
    <p class='ocr_par' dir='ltr' id='par_1_9' title="bbox 213 1032 1529 1106">
     <span class='ocr_line' id='line_1_9' title="bbox 213 1032 1529 1106; baseline 0.007 -24"><span class='ocrx_word' id='word_1_56' title='bbox 213 1032 437 1102; x_wconf 82' lang='grc' dir='ltr'>γνώσθη</span> <span class='ocrx_word' id='word_1_57' title='bbox 471 1038 622 1103; x_wconf 83' lang='grc' dir='ltr'>μηδέν</span> <span class='ocrx_word' id='word_1_58' title='bbox 647 1055 698 1088; x_wconf 87' lang='grc' dir='ltr'><strong>τι</strong></span> <span class='ocrx_word' id='word_1_59' title='bbox 728 1039 1070 1091; x_wconf 85' lang='grc' dir='ltr'>ἀκανόνιστον</span> <span class='ocrx_word' id='word_1_60' title='bbox 1098 1038 1319 1106; x_wconf 86' lang='grc' dir='ltr'>ποιῆσαι</span> <span class='ocrx_word' id='word_1_61' title='bbox 1350 1039 1529 1091; x_wconf 85' lang='grc' dir='ltr'>αὐτόν.</span> 
     </span>
    </p>
   </div>
   <div class='ocr_carea' id='block_1_10' title="bbox 284 1118 1743 1198">
    <p class='ocr_par' dir='ltr' id='par_1_10' title="bbox 284 1118 1743 1198">
     <span class='ocr_line' id='line_1_10' title="bbox 284 1118 1743 1198; baseline 0.006 -26"><span class='ocrx_word' id='word_1_62' title='bbox 284 1121 525 1173; x_wconf 73' lang='grc' dir='ltr'><strong>ΖΩΝΑΡ.</strong></span> <span class='ocrx_word' id='word_1_63' title='bbox 563 1124 666 1174; x_wconf 75' lang='grc' dir='ltr'><strong>Καὶ</strong></span> <span class='ocrx_word' id='word_1_64' title='bbox 714 1118 871 1185; x_wconf 72' lang='grc' dir='ltr'>οὗτος</span> <span class='ocrx_word' id='word_1_65' title='bbox 917 1127 943 1176; x_wconf 88' lang='grc' dir='ltr'><strong>ό</strong></span> <span class='ocrx_word' id='word_1_66' title='bbox 997 1126 1176 1177; x_wconf 84' lang='grc' dir='ltr'>κανὼν</span> <span class='ocrx_word' id='word_1_67' title='bbox 1219 1129 1284 1178; x_wconf 69' lang='grc' dir='ltr'>τὶ</span> <span class='ocrx_word' id='word_1_68' title='bbox 1340 1127 1476 1180; x_wconf 68' lang='grc' dir='ltr'>αὐτὰ</span> <span class='ocrx_word' id='word_1_69' title='bbox 1529 1127 1605 1196; x_wconf 80' lang='grc' dir='ltr'>τῷ</span> <span class='ocrx_word' id='word_1_70' title='bbox 1635 1129 1743 1198; x_wconf 74' lang='grc' dir='ltr'>πρὸ</span> 
     </span>
    </p>
   </div>
   <div class='ocr_carea' id='block_1_11' title="bbox 209 1210 1754 1287">
    <p class='ocr_par' dir='ltr' id='par_1_11' title="bbox 209 1210 1754 1287">
     <span class='ocr_line' id='line_1_11' title="bbox 209 1210 1754 1287; baseline 0.01 -28"><span class='ocrx_word' id='word_1_71' title='bbox 209 1210 378 1262; x_wconf 80' lang='grc' dir='ltr'>αὐτοῦ</span> <span class='ocrx_word' id='word_1_72' title='bbox 413 1213 787 1279; x_wconf 74' lang='grc' dir='ltr'>ἀποφαίνεται,</span> <span class='ocrx_word' id='word_1_73' title='bbox 820 1215 912 1267; x_wconf 91' lang='grc' dir='ltr'><strong>καί</strong></span> <span class='ocrx_word' id='word_1_74' title='bbox 950 1233 1113 1283; x_wconf 80' lang='grc' dir='ltr'>φησιν</span> <span class='ocrx_word' id='word_1_75' title='bbox 1146 1218 1246 1280; x_wconf 79' lang='grc' dir='ltr'>ὅτι,</span> <span class='ocrx_word' id='word_1_76' title='bbox 1295 1219 1388 1271; x_wconf 89' lang='grc' dir='ltr'><strong>ἐάν</strong></span> <span class='ocrx_word' id='word_1_77' title='bbox 1446 1221 1754 1287; x_wconf 88' lang='grc' dir='ltr'>πρεσϐύτε-</span> 
     </span>
    </p>
   </div>
   <div class='ocr_carea' id='block_1_12' title="bbox 209 1307 1752 1382">
    <p class='ocr_par' dir='ltr' id='par_1_12' title="bbox 209 1307 1752 1382">
     <span class='ocr_line' id='line_1_12' title="bbox 209 1307 1752 1382; baseline 0.01 -32"><span class='ocrx_word' id='word_1_78' title='bbox 209 1317 305 1366; x_wconf 80' lang='grc' dir='ltr'><strong>ρος</strong></span> <span class='ocrx_word' id='word_1_79' title='bbox 348 1307 701 1373; x_wconf 80' lang='grc' dir='ltr'><strong>καταγνωσθῇ</strong></span> <span class='ocrx_word' id='word_1_80' title='bbox 757 1309 905 1376; x_wconf 82' lang='grc' dir='ltr'><strong>παρά</strong></span> <span class='ocrx_word' id='word_1_81' title='bbox 959 1308 1051 1360; x_wconf 83' lang='grc' dir='ltr'>τοῦ</span> <span class='ocrx_word' id='word_1_82' title='bbox 1087 1311 1381 1364; x_wconf 78' lang='grc' dir='ltr'><strong>ἐπισκόπου</strong></span> <span class='ocrx_word' id='word_1_83' title='bbox 1434 1314 1491 1362; x_wconf 76' lang='grc' dir='ltr'><strong>ἐν</strong></span> <span class='ocrx_word' id='word_1_84' title='bbox 1523 1316 1588 1382; x_wconf 79' lang='grc' dir='ltr'><strong>τῇ</strong></span> <span class='ocrx_word' id='word_1_85' title='bbox 1646 1313 1752 1382; x_wconf 76' lang='grc' dir='ltr'>ίδίᾳ.</span> 
     </span>
    </p>
   </div>
   <div class='ocr_carea' id='block_1_13' title="bbox 209 1393 1756 1472">
    <p class='ocr_par' dir='ltr' id='par_1_13' title="bbox 209 1393 1756 1472">
     <span class='ocr_line' id='line_1_13' title="bbox 209 1393 1756 1472; baseline 0.008 -28"><span class='ocrx_word' id='word_1_86' title='bbox 209 1393 480 1464; x_wconf 82' lang='grc' dir='ltr'><strong>διαγωγῇ,</strong></span> <span class='ocrx_word' id='word_1_87' title='bbox 510 1397 788 1450; x_wconf 80' lang='grc' dir='ltr'><strong>τουτέστιν</strong></span> <span class='ocrx_word' id='word_1_88' title='bbox 813 1397 888 1460; x_wconf 84' lang='grc' dir='ltr'>ὡς</span> <span class='ocrx_word' id='word_1_89' title='bbox 921 1399 994 1468; x_wconf 79' lang='grc' dir='ltr'>μὴ</span> <span class='ocrx_word' id='word_1_90' title='bbox 1022 1400 1200 1463; x_wconf 84' lang='grc' dir='ltr'>καλῶς</span> <span class='ocrx_word' id='word_1_91' title='bbox 1231 1403 1396 1472; x_wconf 75' lang='grc' dir='ltr'>βιοὺς,</span> <span class='ocrx_word' id='word_1_92' title='bbox 1423 1403 1624 1470; x_wconf 75' lang='grc' dir='ltr'><strong>ὀφείλει</strong></span> <span class='ocrx_word' id='word_1_93' title='bbox 1645 1407 1756 1466; x_wconf 82' lang='grc' dir='ltr'>τοῖς</span> 
     </span>
    </p>
   </div>
   <div class='ocr_carea' id='block_1_14' title="bbox 206 1482 1754 1563">
    <p class='ocr_par' dir='ltr' id='par_1_14' title="bbox 206 1482 1754 1563">
     <span class='ocr_line' id='line_1_14' title="bbox 206 1482 1754 1563; baseline 0.01 -31"><span class='ocrx_word' id='word_1_94' title='bbox 206 1482 445 1551; x_wconf 76' lang='grc' dir='ltr'>πλησίον</span> <span class='ocrx_word' id='word_1_95' title='bbox 471 1485 617 1538; x_wconf 76' lang='grc' dir='ltr'>οὖσιν</span> <span class='ocrx_word' id='word_1_96' title='bbox 655 1487 983 1549; x_wconf 78' lang='grc' dir='ltr'><strong>ἐπισκόποις</strong></span> <span class='ocrx_word' id='word_1_97' title='bbox 1013 1491 1430 1557; x_wconf 79' lang='grc' dir='ltr'><strong>προσαγγεῖλαι,</strong></span> <span class='ocrx_word' id='word_1_98' title='bbox 1468 1494 1585 1563; x_wconf 73' lang='grc' dir='ltr'>ἦτοι</span> <span class='ocrx_word' id='word_1_99' title='bbox 1615 1512 1754 1561; x_wconf 89' lang='grc' dir='ltr'>γνω-</span> 
     </span>
    </p>
   </div>
   <div class='ocr_carea' id='block_1_15' title="bbox 209 1570 1754 1644">
    <p class='ocr_par' dir='ltr' id='par_1_15' title="bbox 209 1570 1754 1644">
     <span class='ocr_line' id='line_1_15' title="bbox 209 1570 1754 1644; baseline 0.008 -23"><span class='ocrx_word' id='word_1_100' title='bbox 209 1570 390 1638; x_wconf 73' lang='grc' dir='ltr'>ρίσαι,</span> <span class='ocrx_word' id='word_1_101' title='bbox 431 1573 572 1634; x_wconf 81' lang='grc' dir='ltr'>ὅπως</span> <span class='ocrx_word' id='word_1_102' title='bbox 597 1573 957 1643; x_wconf 80' lang='grc' dir='ltr'><strong>κατεγνώσθη</strong></span> <span class='ocrx_word' id='word_1_103' title='bbox 1005 1577 1153 1644; x_wconf 82' lang='grc' dir='ltr'>παρὰ</span> <span class='ocrx_word' id='word_1_104' title='bbox 1189 1576 1281 1629; x_wconf 83' lang='grc' dir='ltr'>τοῦ</span> <span class='ocrx_word' id='word_1_105' title='bbox 1311 1579 1633 1640; x_wconf 87' lang='grc' dir='ltr'>ἐπισκόπου,</span> <span class='ocrx_word' id='word_1_106' title='bbox 1668 1579 1754 1633; x_wconf 82' lang='grc' dir='ltr'>ῑνα</span> 
     </span>
    </p>
   </div>
   <div class='ocr_carea' id='block_1_16' title="bbox 204 1659 1756 1733">
    <p class='ocr_par' dir='ltr' id='par_1_16' title="bbox 204 1659 1756 1733">
     <span class='ocr_line' id='line_1_16' title="bbox 204 1659 1756 1733; baseline 0.004 -23"><span class='ocrx_word' id='word_1_107' title='bbox 204 1659 272 1711; x_wconf 80' lang='grc' dir='ltr'>δι’</span> <span class='ocrx_word' id='word_1_108' title='bbox 303 1660 488 1712; x_wconf 83' lang='grc' dir='ltr'>αὐτῶν</span> <span class='ocrx_word' id='word_1_109' title='bbox 531 1663 967 1731; x_wconf 74' lang='grc' dir='ltr'>ἀκροασαμένων</span> <span class='ocrx_word' id='word_1_110' title='bbox 1007 1666 1111 1716; x_wconf 83' lang='grc' dir='ltr'>τῶν</span> <span class='ocrx_word' id='word_1_111' title='bbox 1161 1666 1512 1733; x_wconf 82' lang='grc' dir='ltr'>πραχθέντων</span> <span class='ocrx_word' id='word_1_112' title='bbox 1556 1666 1756 1718; x_wconf 80' lang='grc' dir='ltr'>καταλ-</span> 
     </span>
    </p>
   </div>
   <div class='ocr_carea' id='block_1_17' title="bbox 202 1750 1748 1828">
    <p class='ocr_par' dir='ltr' id='par_1_17' title="bbox 202 1750 1748 1828">
     <span class='ocr_line' id='line_1_17' title="bbox 202 1750 1748 1828; baseline 0.002 -27"><span class='ocrx_word' id='word_1_113' title='bbox 202 1750 343 1819; x_wconf 81' lang='grc' dir='ltr'>λαγῇ</span> <span class='ocrx_word' id='word_1_114' title='bbox 374 1751 451 1821; x_wconf 82' lang='grc' dir='ltr'>τῷ</span> <span class='ocrx_word' id='word_1_115' title='bbox 475 1753 778 1821; x_wconf 82' lang='grc' dir='ltr'>ὲπισκόπῳ.</span> <span class='ocrx_word' id='word_1_116' title='bbox 824 1754 949 1805; x_wconf 81' lang='grc' dir='ltr'><strong>Ἐὰν</strong></span> <span class='ocrx_word' id='word_1_117' title='bbox 975 1755 1032 1806; x_wconf 78' lang='grc' dir='ltr'><strong>δέ</strong></span> <span class='ocrx_word' id='word_1_118' title='bbox 1071 1756 1144 1824; x_wconf 73' lang='grc' dir='ltr'>μὴ</span> <span class='ocrx_word' id='word_1_119' title='bbox 1175 1757 1331 1808; x_wconf 75' lang='grc' dir='ltr'>τοῦτο</span> <span class='ocrx_word' id='word_1_120' title='bbox 1363 1760 1585 1828; x_wconf 76' lang='grc' dir='ltr'>ποιήσῃ,</span> <span class='ocrx_word' id='word_1_121' title='bbox 1613 1758 1748 1819; x_wconf 85' lang='grc' dir='ltr'>ἀλλ’,</span> 
     </span>
    </p>
   </div>
   <div class='ocr_carea' id='block_1_18' title="bbox 201 1816 1823 1915">
    <p class='ocr_par' dir='ltr' id='par_1_18' title="bbox 201 1816 1823 1915">
     <span class='ocr_line' id='line_1_18' title="bbox 201 1816 1823 1915; baseline 0.006 -27"><span class='ocrx_word' id='word_1_122' title='bbox 201 1816 342 1905; x_wconf 72' lang='grc' dir='ltr'>ὅπερ</span> <span class='ocrx_word' id='word_1_123' title='bbox 378 1816 448 1906; x_wconf 65' lang='grc' dir='ltr'><strong>μη</strong></span> <span class='ocrx_word' id='word_1_124' title='bbox 474 1839 704 1905; x_wconf 80' lang='grc' dir='ltr'>γένοιτο,</span> <span class='ocrx_word' id='word_1_125' title='bbox 729 1816 1010 1910; x_wconf 73' lang='grc' dir='ltr'>κενοδοξία</span> <span class='ocrx_word' id='word_1_126' title='bbox 1041 1816 1404 1912; x_wconf 72' lang='grc' dir='ltr'>ἐπαιρόμενος</span> <span class='ocrx_word' id='word_1_127' title='bbox 1446 1816 1747 1915; x_wconf 70' lang='grc' dir='ltr'>ἀποσχισθῇ</span> <span class='ocrx_word' id='word_1_128' title='bbox 1782 1816 1823 1870; x_wconf 77' lang='grc' dir='ltr'><strong>Β</strong></span> 
     </span>
    </p>
   </div>
   <div class='ocr_carea' id='block_1_19' title="bbox 209 1929 1748 2002">
    <p class='ocr_par' dir='ltr' id='par_1_19' title="bbox 209 1929 1748 2002">
     <span class='ocr_line' id='line_1_19' title="bbox 209 1929 1748 2002; baseline 0.007 -21"><span class='ocrx_word' id='word_1_129' title='bbox 209 1929 306 1998; x_wconf 81' lang='grc' dir='ltr'>μὲν</span> <span class='ocrx_word' id='word_1_130' title='bbox 337 1931 432 1982; x_wconf 82' lang='grc' dir='ltr'>τοῦ</span> <span class='ocrx_word' id='word_1_131' title='bbox 460 1934 790 1999; x_wconf 83' lang='grc' dir='ltr'>ἐπισκόπου,</span> <span class='ocrx_word' id='word_1_132' title='bbox 830 1935 978 2002; x_wconf 85' lang='grc' dir='ltr'>παρὰ</span> <span class='ocrx_word' id='word_1_133' title='bbox 1017 1933 1146 2002; x_wconf 86' lang='grc' dir='ltr'>μίαν</span> <span class='ocrx_word' id='word_1_134' title='bbox 1179 1936 1259 1997; x_wconf 83' lang='grc' dir='ltr'>δὲ,</span> <span class='ocrx_word' id='word_1_135' title='bbox 1293 1937 1415 1988; x_wconf 71' lang='grc' dir='ltr'>ἀντὶ</span> <span class='ocrx_word' id='word_1_136' title='bbox 1466 1939 1561 1991; x_wconf 79' lang='grc' dir='ltr'>τοῦ</span> <span class='ocrx_word' id='word_1_137' title='bbox 1593 1940 1748 1992; x_wconf 87' lang='grc' dir='ltr'>ίδιαί-</span> 
     </span>
    </p>
   </div>
   <div class='ocr_carea' id='block_1_20' title="bbox 206 2022 1750 2091">
    <p class='ocr_par' dir='ltr' id='par_1_20' title="bbox 206 2022 1750 2091">
     <span class='ocr_line' id='line_1_20' title="bbox 206 2022 1750 2091; baseline 0.005 -23"><span class='ocrx_word' id='word_1_138' title='bbox 206 2035 370 2082; x_wconf 84' lang='grc' dir='ltr'>τατα,</span> <span class='ocrx_word' id='word_1_139' title='bbox 403 2022 536 2087; x_wconf 84' lang='grc' dir='ltr'><strong>μετά</strong></span> <span class='ocrx_word' id='word_1_140' title='bbox 570 2038 734 2072; x_wconf 87' lang='grc' dir='ltr'>τινων</span> <span class='ocrx_word' id='word_1_141' title='bbox 769 2022 1124 2091; x_wconf 75' lang='grc' dir='ltr'>ἱερουργήσῃ,</span> <span class='ocrx_word' id='word_1_142' title='bbox 1157 2023 1185 2073; x_wconf 89' lang='grc' dir='ltr'><strong>ό</strong></span> <span class='ocrx_word' id='word_1_143' title='bbox 1209 2023 1448 2085; x_wconf 82' lang='grc' dir='ltr'>τοιοῦτος</span> <span class='ocrx_word' id='word_1_144' title='bbox 1469 2024 1528 2076; x_wconf 81' lang='grc' dir='ltr'>οὐ</span> <span class='ocrx_word' id='word_1_145' title='bbox 1570 2024 1750 2091; x_wconf 85' lang='grc' dir='ltr'>μόνον,</span> 
     </span>
    </p>
   </div>
   <div class='ocr_carea' id='block_1_21' title="bbox 203 2109 1746 2183">
    <p class='ocr_par' dir='ltr' id='par_1_21' title="bbox 203 2109 1746 2183">
     <span class='ocr_line' id='line_1_21' title="bbox 203 2109 1746 2183; baseline 0.005 -23"><span class='ocrx_word' id='word_1_146' title='bbox 203 2110 360 2175; x_wconf 67' lang='grc' dir='ltr'>φησὶ,</span> <span class='ocrx_word' id='word_1_147' title='bbox 392 2109 479 2162; x_wconf 84' lang='grc' dir='ltr'><strong>τὸν</strong></span> <span class='ocrx_word' id='word_1_148' title='bbox 507 2111 636 2163; x_wconf 72' lang='grc' dir='ltr'>ἴδιον</span> <span class='ocrx_word' id='word_1_149' title='bbox 671 2111 877 2179; x_wconf 76' lang='grc' dir='ltr'>βαθμὸν</span> <span class='ocrx_word' id='word_1_150' title='bbox 905 2113 1182 2176; x_wconf 73' lang='grc' dir='ltr'>ἀπολέσει,</span> <span class='ocrx_word' id='word_1_151' title='bbox 1216 2113 1350 2167; x_wconf 84' lang='grc' dir='ltr'><strong>ἀλλά</strong></span> <span class='ocrx_word' id='word_1_152' title='bbox 1376 2115 1468 2165; x_wconf 79' lang='grc' dir='ltr'><strong>καὶ</strong></span> <span class='ocrx_word' id='word_1_153' title='bbox 1495 2115 1746 2183; x_wconf 79' lang='grc' dir='ltr'>ἀνάθεμα</span> 
     </span>
    </p>
   </div>
   <div class='ocr_carea' id='block_1_22' title="bbox 201 2202 1753 2275">
    <p class='ocr_par' dir='ltr' id='par_1_22' title="bbox 201 2202 1753 2275">
     <span class='ocr_line' id='line_1_22' title="bbox 201 2202 1753 2275; baseline 0.003 -22"><span class='ocrx_word' id='word_1_154' title='bbox 201 2202 380 2256; x_wconf 83' lang='grc' dir='ltr'>ἐσται.</span> <span class='ocrx_word' id='word_1_155' title='bbox 407 2203 522 2272; x_wconf 71' lang='grc' dir='ltr'><strong>Χρὴ</strong></span> <span class='ocrx_word' id='word_1_156' title='bbox 551 2204 630 2267; x_wconf 85' lang='grc' dir='ltr'><strong>δέ,</strong></span> <span class='ocrx_word' id='word_1_157' title='bbox 660 2205 818 2274; x_wconf 76' lang='grc' dir='ltr'>φησὶ,</span> <span class='ocrx_word' id='word_1_158' title='bbox 837 2208 1060 2257; x_wconf 79' lang='grc' dir='ltr'>σκοπεῖν</span> <span class='ocrx_word' id='word_1_159' title='bbox 1089 2207 1182 2258; x_wconf 85' lang='grc' dir='ltr'>καὶ</span> <span class='ocrx_word' id='word_1_160' title='bbox 1209 2205 1507 2271; x_wconf 75' lang='grc' dir='ltr'>ἐξετάζειν,</span> <span class='ocrx_word' id='word_1_161' title='bbox 1545 2208 1753 2275; x_wconf 83' lang='grc' dir='ltr'>μήποτε</span> 
     </span>
    </p>
   </div>
   <div class='ocr_carea' id='block_1_23' title="bbox 197 2291 1754 2360">
    <p class='ocr_par' dir='ltr' id='par_1_23' title="bbox 197 2291 1754 2360">
     <span class='ocr_line' id='line_1_23' title="bbox 197 2291 1754 2360; baseline 0.004 -17"><span class='ocrx_word' id='word_1_162' title='bbox 197 2291 426 2355; x_wconf 78' lang='grc' dir='ltr'>δικαίως</span> <span class='ocrx_word' id='word_1_163' title='bbox 481 2294 726 2346; x_wconf 80' lang='grc' dir='ltr'>αίτιᾶται</span> <span class='ocrx_word' id='word_1_164' title='bbox 779 2293 870 2347; x_wconf 66' lang='grc' dir='ltr'>τὶν</span> <span class='ocrx_word' id='word_1_165' title='bbox 927 2297 1058 2350; x_wconf 72' lang='grc' dir='ltr'>ἴδιον</span> <span class='ocrx_word' id='word_1_166' title='bbox 1121 2297 1439 2359; x_wconf 84' lang='grc' dir='ltr'>ἐπίσκοπον,</span> <span class='ocrx_word' id='word_1_167' title='bbox 1501 2297 1754 2360; x_wconf 84' lang='grc' dir='ltr'>συνειδὼς</span> 
     </span>
    </p>
   </div>
   <div class='ocr_carea' id='block_1_24' title="bbox 200 2379 1754 2454">
    <p class='ocr_par' dir='ltr' id='par_1_24' title="bbox 200 2379 1754 2454">
     <span class='ocr_line' id='line_1_24' title="bbox 200 2379 1754 2454; baseline 0.006 -25"><span class='ocrx_word' id='word_1_168' title='bbox 200 2379 348 2446; x_wconf 87' lang='grc' dir='ltr'>αύτῷ</span> <span class='ocrx_word' id='word_1_169' title='bbox 393 2382 617 2449; x_wconf 78' lang='grc' dir='ltr'>μέμψιν,</span> <span class='ocrx_word' id='word_1_170' title='bbox 658 2386 756 2435; x_wconf 82' lang='grc' dir='ltr'>καὶ</span> <span class='ocrx_word' id='word_1_171' title='bbox 789 2385 1031 2449; x_wconf 81' lang='grc' dir='ltr'>εὐλόγως</span> <span class='ocrx_word' id='word_1_172' title='bbox 1071 2385 1170 2454; x_wconf 81' lang='grc' dir='ltr'>τὴν</span> <span class='ocrx_word' id='word_1_173' title='bbox 1202 2387 1319 2454; x_wconf 87' lang='grc' dir='ltr'>μετ’</span> <span class='ocrx_word' id='word_1_174' title='bbox 1352 2386 1518 2439; x_wconf 81' lang='grc' dir='ltr'>αὑτοῦ</span> <span class='ocrx_word' id='word_1_175' title='bbox 1565 2405 1754 2439; x_wconf 78' lang='grc' dir='ltr'>κοινωο</span> 
     </span>
    </p>
   </div>
   <div class='ocr_carea' id='block_1_25' title="bbox 199 2469 1752 2542">
    <p class='ocr_par' dir='ltr' id='par_1_25' title="bbox 199 2469 1752 2542">
     <span class='ocr_line' id='line_1_25' title="bbox 199 2469 1752 2542; baseline 0.005 -23"><span class='ocrx_word' id='word_1_176' title='bbox 199 2469 315 2520; x_wconf 79' lang='grc' dir='ltr'>νίαν</span> <span class='ocrx_word' id='word_1_177' title='bbox 353 2471 602 2540; x_wconf 78' lang='grc' dir='ltr'>ἐκκλίνῃ.</span> <span class='ocrx_word' id='word_1_178' title='bbox 649 2473 1053 2540; x_wconf 79' lang='grc' dir='ltr'>’Δναγνωστέον</span> <span class='ocrx_word' id='word_1_179' title='bbox 1075 2476 1169 2527; x_wconf 71' lang='grc' dir='ltr'>καὶ</span> <span class='ocrx_word' id='word_1_180' title='bbox 1202 2476 1292 2526; x_wconf 69' lang='grc' dir='ltr'>τὸν</span> <span class='ocrx_word' id='word_1_181' title='bbox 1325 2477 1406 2526; x_wconf 77' lang='grc' dir='ltr'>κθ¹</span> <span class='ocrx_word' id='word_1_182' title='bbox 1430 2475 1628 2527; x_wconf 81' lang='grc' dir='ltr'>κανόνα</span> <span class='ocrx_word' id='word_1_183' title='bbox 1651 2476 1752 2542; x_wconf 81' lang='grc' dir='ltr'>τῆς</span> 
     </span>
    </p>
   </div>
   <div class='ocr_carea' id='block_1_26' title="bbox 202 2561 1755 2634">
    <p class='ocr_par' dir='ltr' id='par_1_26' title="bbox 202 2561 1755 2634">
     <span class='ocr_line' id='line_1_26' title="bbox 202 2561 1755 2634; baseline 0.003 -24"><span class='ocrx_word' id='word_1_184' title='bbox 202 2561 426 2613; x_wconf 83' lang='grc' dir='ltr'>συνόδου</span> <span class='ocrx_word' id='word_1_185' title='bbox 453 2561 685 2628; x_wconf 80' lang='grc' dir='ltr'>ταύτης,</span> <span class='ocrx_word' id='word_1_186' title='bbox 723 2563 820 2615; x_wconf 80' lang='grc' dir='ltr'><strong>καὶ</strong></span> <span class='ocrx_word' id='word_1_187' title='bbox 852 2567 949 2633; x_wconf 80' lang='grc' dir='ltr'><strong>τῆς</strong></span> <span class='ocrx_word' id='word_1_188' title='bbox 992 2567 1048 2614; x_wconf 86' lang='grc' dir='ltr'><strong>ἐν</strong></span> <span class='ocrx_word' id='word_1_189' title='bbox 1088 2565 1386 2634; x_wconf 68' lang='grc' dir='ltr'>Ἀντιοχείᾳ</span> <span class='ocrx_word' id='word_1_190' title='bbox 1439 2566 1636 2616; x_wconf 82' lang='grc' dir='ltr'>κανόνα</span> <span class='ocrx_word' id='word_1_191' title='bbox 1669 2563 1755 2615; x_wconf 84' lang='grc' dir='ltr'><strong>τέ-</strong></span> 
     </span>
    </p>
   </div>
   <div class='ocr_carea' id='block_1_27' title="bbox 197 2653 1752 2722">
    <p class='ocr_par' dir='ltr' id='par_1_27' title="bbox 197 2653 1752 2722">
     <span class='ocr_line' id='line_1_27' title="bbox 197 2653 1752 2722; baseline 0.005 -21"><span class='ocrx_word' id='word_1_192' title='bbox 197 2666 418 2717; x_wconf 86' lang='grc' dir='ltr'>ταρτον,</span> <span class='ocrx_word' id='word_1_193' title='bbox 451 2653 546 2705; x_wconf 82' lang='grc' dir='ltr'><strong>καὶ</strong></span> <span class='ocrx_word' id='word_1_194' title='bbox 571 2654 671 2720; x_wconf 84' lang='grc' dir='ltr'>τῆς</span> <span class='ocrx_word' id='word_1_195' title='bbox 695 2654 754 2704; x_wconf 88' lang='grc' dir='ltr'><strong>ἐν</strong></span> <span class='ocrx_word' id='word_1_196' title='bbox 781 2653 858 2722; x_wconf 84' lang='grc' dir='ltr'>τῷ</span> <span class='ocrx_word' id='word_1_197' title='bbox 885 2655 1000 2721; x_wconf 83' lang='grc' dir='ltr'><strong>ναῷ</strong></span> <span class='ocrx_word' id='word_1_198' title='bbox 1028 2655 1136 2707; x_wconf 84' lang='grc' dir='ltr'>τῶν</span> <span class='ocrx_word' id='word_1_199' title='bbox 1173 2657 1369 2722; x_wconf 85' lang='grc' dir='ltr'>Ἀγίων</span> <span class='ocrx_word' id='word_1_200' title='bbox 1412 2659 1752 2710; x_wconf 78' lang='grc' dir='ltr'>Ἀποστόλων</span> 
     </span>
    </p>
   </div>
   <div class='ocr_carea' id='block_1_28' title="bbox 199 2743 1457 2811">
    <p class='ocr_par' dir='ltr' id='par_1_28' title="bbox 199 2743 1457 2811">
     <span class='ocr_line' id='line_1_28' title="bbox 199 2743 1457 2811; baseline 0.005 -18"><span class='ocrx_word' id='word_1_201' title='bbox 199 2743 480 2810; x_wconf 80' lang='grc' dir='ltr'>συστάσης</span> <span class='ocrx_word' id='word_1_202' title='bbox 509 2744 745 2797; x_wconf 86' lang='grc' dir='ltr'>συνόδου-</span> <span class='ocrx_word' id='word_1_203' title='bbox 764 2746 997 2806; x_wconf 89' lang='grc' dir='ltr'>κανόνας</span> <span class='ocrx_word' id='word_1_204' title='bbox 1021 2751 1110 2811; x_wconf 85' lang='grc' dir='ltr'>ιγ’,</span> <span class='ocrx_word' id='word_1_205' title='bbox 1147 2743 1208 2797; x_wconf 84' lang='grc' dir='ltr'><strong>ιδ’</strong></span> <span class='ocrx_word' id='word_1_206' title='bbox 1244 2748 1338 2798; x_wconf 80' lang='grc' dir='ltr'>καὶ</span> <span class='ocrx_word' id='word_1_207' title='bbox 1375 2745 1457 2800; x_wconf 82' lang='grc' dir='ltr'>ιε’.</span> 
     </span>
    </p>
   </div>
   <div class='ocr_carea' id='block_1_29' title="bbox 201 2913 1754 2994">
    <p class='ocr_par' dir='ltr' id='par_1_29' title="bbox 201 2913 1754 2994">
     <span class='ocr_line' id='line_1_29' title="bbox 201 2913 1754 2994; baseline 0.008 -30"><span class='ocrx_word' id='word_1_208' title='bbox 201 2913 422 2965; x_wconf 80' lang='grc' dir='ltr'><strong>ΔΡῘΣΤ.</strong></span> <span class='ocrx_word' id='word_1_209' title='bbox 469 2932 488 2964; x_wconf 75' lang='grc' dir='ltr'><strong>ι</strong></span> <span class='ocrx_word' id='word_1_210' title='bbox 563 2915 944 2987; x_wconf 87' lang='grc' dir='ltr'>Πρεσϐύτερος</span> <span class='ocrx_word' id='word_1_211' title='bbox 1013 2921 1563 2991; x_wconf 86' lang='grc' dir='ltr'>καταγινωσκόμενος</span> <span class='ocrx_word' id='word_1_212' title='bbox 1622 2926 1754 2994; x_wconf 86' lang='grc' dir='ltr'>παρ’</span> 
     </span>
    </p>
   </div>
   <div class='ocr_carea' id='block_1_30' title="bbox 269 3005 1754 3076">
    <p class='ocr_par' dir='ltr' id='par_1_30' title="bbox 269 3005 1754 3076">
     <span class='ocr_line' id='line_1_30' title="bbox 269 3005 1754 3076; baseline 0.012 -25"><span class='ocrx_word' id='word_1_213' title='bbox 269 3022 287 3051; x_wconf 74' lang='grc' dir='ltr'>ι</span> <span class='ocrx_word' id='word_1_214' title='bbox 333 3005 638 3056; x_wconf 77' lang='grc' dir='ltr'>ἐπισκόπου</span> <span class='ocrx_word' id='word_1_215' title='bbox 697 3008 812 3069; x_wconf 84' lang='grc' dir='ltr'>τοῖς</span> <span class='ocrx_word' id='word_1_216' title='bbox 844 3008 1076 3076; x_wconf 81' lang='grc' dir='ltr'>πλησίον</span> <span class='ocrx_word' id='word_1_217' title='bbox 1128 3011 1450 3075; x_wconf 81' lang='grc' dir='ltr'>ἐπισκόποις</span> <span class='ocrx_word' id='word_1_218' title='bbox 1501 3017 1754 3069; x_wconf 73' lang='grc' dir='ltr'>ἐκκαλεῖν</span> 
     </span>
    </p>
   </div>
   <div class='ocr_carea' id='block_1_31' title="bbox 269 3094 1823 3178">
    <p class='ocr_par' dir='ltr' id='par_1_31' title="bbox 269 3094 1823 3178">
     <span class='ocr_line' id='line_1_31' title="bbox 269 3094 1823 3178; baseline 0.01 -35"><span class='ocrx_word' id='word_1_219' title='bbox 269 3119 287 3143; x_wconf 79' lang='grc' dir='ltr'><strong><em>ο</em></strong></span> <span class='ocrx_word' id='word_1_220' title='bbox 342 3094 634 3163; x_wconf 83' lang='grc' dir='ltr'>ἐαθήσεται</span> <span class='ocrx_word' id='word_1_221' title='bbox 658 3113 672 3127; x_wconf 85' lang='grc'>⁶</span> <span class='ocrx_word' id='word_1_222' title='bbox 710 3097 761 3148; x_wconf 76' lang='grc' dir='ltr'>εἰ</span> <span class='ocrx_word' id='word_1_223' title='bbox 793 3098 851 3150; x_wconf 77' lang='grc' dir='ltr'><strong>δέ</strong></span> <span class='ocrx_word' id='word_1_224' title='bbox 897 3098 970 3166; x_wconf 81' lang='grc' dir='ltr'>μὴ</span> <span class='ocrx_word' id='word_1_225' title='bbox 1001 3099 1308 3166; x_wconf 86' lang='grc' dir='ltr'>ἐγκαλέσοι,</span> <span class='ocrx_word' id='word_1_226' title='bbox 1365 3102 1500 3156; x_wconf 85' lang='grc' dir='ltr'><strong>ἀλλά</strong></span> <span class='ocrx_word' id='word_1_227' title='bbox 1556 3105 1755 3173; x_wconf 81' lang='grc' dir='ltr'>σχίζων</span> <span class='ocrx_word' id='word_1_228' title='bbox 1781 3121 1823 3178; x_wconf 78' lang='lat' dir='ltr'><strong>c</strong></span> 
     </span>
    </p>
   </div>
   <div class='ocr_carea' id='block_1_32' title="bbox 267 3185 1750 3265">
    <p class='ocr_par' dir='ltr' id='par_1_32' title="bbox 267 3185 1750 3265">
     <span class='ocr_line' id='line_1_32' title="bbox 267 3185 1750 3265; baseline 0.013 -32"><span class='ocrx_word' id='word_1_229' title='bbox 267 3203 287 3234; x_wconf 71' lang='grc' dir='ltr'><strong>ι</strong></span> <span class='ocrx_word' id='word_1_230' title='bbox 340 3185 436 3235; x_wconf 82' lang='grc' dir='ltr'>καὶ</span> <span class='ocrx_word' id='word_1_231' title='bbox 467 3186 852 3253; x_wconf 78' lang='grc' dir='ltr'>φυσιούμενος.</span> <span class='ocrx_word' id='word_1_232' title='bbox 878 3188 1126 3256; x_wconf 85' lang='grc' dir='ltr'>ἀγίασμα</span> <span class='ocrx_word' id='word_1_233' title='bbox 1153 3190 1230 3258; x_wconf 84' lang='grc' dir='ltr'>τῷ</span> <span class='ocrx_word' id='word_1_234' title='bbox 1260 3191 1378 3259; x_wconf 82' lang='grc' dir='ltr'><strong>Θεῷ</strong></span> <span class='ocrx_word' id='word_1_235' title='bbox 1402 3196 1750 3265; x_wconf 81' lang='grc' dir='ltr'>προσαγάγῃ.</span> 
     </span>
    </p>
   </div>
   <div class='ocr_carea' id='block_1_33' title="bbox 263 3274 837 3343">
    <p class='ocr_par' dir='ltr' id='par_1_33' title="bbox 263 3274 837 3343">
     <span class='ocr_line' id='line_1_33' title="bbox 263 3274 837 3343; baseline 0.002 -17"><span class='ocrx_word' id='word_1_236' title='bbox 263 3295 282 3326; x_wconf 75' lang='lat' dir='ltr'><strong>s</strong></span> <span class='ocrx_word' id='word_1_237' title='bbox 335 3274 480 3326; x_wconf 76' lang='grc' dir='ltr'>εστω</span> <span class='ocrx_word' id='word_1_238' title='bbox 510 3275 778 3343; x_wconf 77' lang='grc' dir='ltr'>ἀνάθεμα.</span> <span class='ocrx_word' id='word_1_239' title='bbox 819 3295 837 3327; x_wconf 81' lang='grc' dir='ltr'><strong>ι</strong></span> 
     </span>
    </p>
   </div>
   <div class='ocr_carea' id='block_1_34' title="bbox 261 3364 1753 3435">
    <p class='ocr_par' dir='ltr' id='par_1_34' title="bbox 261 3364 1753 3435">
     <span class='ocr_line' id='line_1_34' title="bbox 261 3364 1753 3435; baseline 0.009 -19"><span class='ocrx_word' id='word_1_240' title='bbox 261 3365 384 3433; x_wconf 80' lang='grc' dir='ltr'><strong>Τῆς</strong></span> <span class='ocrx_word' id='word_1_241' title='bbox 408 3365 580 3433; x_wconf 80' lang='grc' dir='ltr'>αὐτῆς</span> <span class='ocrx_word' id='word_1_242' title='bbox 609 3366 763 3418; x_wconf 84' lang='grc' dir='ltr'>ἐστιν</span> <span class='ocrx_word' id='word_1_243' title='bbox 784 3364 994 3429; x_wconf 86' lang='grc' dir='ltr'>ἐννοίας</span> <span class='ocrx_word' id='word_1_244' title='bbox 1011 3366 1090 3435; x_wconf 83' lang='grc' dir='ltr'>τῷ</span> <span class='ocrx_word' id='word_1_245' title='bbox 1120 3368 1227 3433; x_wconf 75' lang='grc' dir='ltr'><strong>πρὸ</strong></span> <span class='ocrx_word' id='word_1_246' title='bbox 1249 3370 1415 3424; x_wconf 79' lang='grc' dir='ltr'>αὑτοῦ</span> <span class='ocrx_word' id='word_1_247' title='bbox 1447 3375 1632 3427; x_wconf 88' lang='grc' dir='ltr'>κανόνι</span> <span class='ocrx_word' id='word_1_248' title='bbox 1662 3377 1753 3430; x_wconf 72' lang='grc' dir='ltr'><strong>καὶ</strong></span> 
     </span>
    </p>
   </div>
   <div class='ocr_carea' id='block_1_35' title="bbox 189 3474 372 3520">
    <p class='ocr_par' dir='ltr' id='par_1_35' title="bbox 189 3474 372 3520">
     <span class='ocr_line' id='line_1_35' title="bbox 189 3474 372 3520; baseline -0.022 -8"><span class='ocrx_word' id='word_1_249' title='bbox 189 3474 372 3520; x_wconf 86' lang='grc' dir='ltr'>ουτος.</span> 
     </span>
    </p>
   </div>
   <div class='ocr_carea' id='block_1_36' title="bbox 364 3549 1156 3628">
    <p class='ocr_par' dir='ltr' id='par_1_36' title="bbox 364 3549 1156 3628">
     <span class='ocr_line' id='line_1_36' title="bbox 364 3549 1156 3628; baseline 0.011 -33"><span class='ocrx_word' id='word_1_250' title='bbox 364 3625 369 3628; x_wconf 7' lang='grc' dir='ltr'><em>ἡ</em></span> <span class='ocrx_word' id='word_1_251' title='bbox 787 3549 1026 3603; x_wconf 82' lang='grc' dir='ltr'><strong>ΚᾹΝΩΝ</strong></span> <span class='ocrx_word' id='word_1_252' title='bbox 1060 3552 1156 3604; x_wconf 84' lang='grc' dir='ltr'><strong>ῙΒ’.</strong></span> 
     </span>
    </p>
   </div>
   <div class='ocr_carea' id='block_1_37' title="bbox 195 3636 1755 3711">
    <p class='ocr_par' dir='ltr' id='par_1_37' title="bbox 195 3636 1755 3711">
     <span class='ocr_line' id='line_1_37' title="bbox 195 3636 1755 3711; baseline 0.006 -20"><span class='ocrx_word' id='word_1_253' title='bbox 195 3665 212 3696; x_wconf 73' lang='grc' dir='ltr'>ι</span> <span class='ocrx_word' id='word_1_254' title='bbox 251 3640 432 3711; x_wconf 69' lang='grc' dir='ltr'>Φῆλιξ</span> <span class='ocrx_word' id='word_1_255' title='bbox 465 3641 766 3701; x_wconf 81' lang='grc' dir='ltr'>ἐπίσκοπος</span> <span class='ocrx_word' id='word_1_256' title='bbox 819 3636 1003 3692; x_wconf 77' lang='grc' dir='ltr'>εἴπενο</span> <span class='ocrx_word' id='word_1_257' title='bbox 1054 3642 1435 3710; x_wconf 82' lang='grc' dir='ltr'>Ἀναφερέσθω</span> <span class='ocrx_word' id='word_1_258' title='bbox 1494 3644 1637 3698; x_wconf 86' lang='grc' dir='ltr'><strong>κατά</strong></span> <span class='ocrx_word' id='word_1_259' title='bbox 1686 3647 1755 3700; x_wconf 87' lang='grc' dir='ltr'><strong>τά</strong></span> 
     </span>
    </p>
   </div>
   <div class='ocr_carea' id='block_1_38' title="bbox 261 3731 1753 3802">
    <p class='ocr_par' dir='ltr' id='par_1_38' title="bbox 261 3731 1753 3802">
     <span class='ocr_line' id='line_1_38' title="bbox 261 3731 1753 3802; baseline 0.003 -16"><span class='ocrx_word' id='word_1_260' title='bbox 261 3753 283 3786; x_wconf 80' lang='lat' dir='ltr'><strong>s</strong></span> <span class='ocrx_word' id='word_1_261' title='bbox 329 3733 624 3802; x_wconf 79' lang='grc' dir='ltr'>ὁρισθέντα</span> <span class='ocrx_word' id='word_1_262' title='bbox 653 3735 719 3785; x_wconf 88' lang='grc' dir='ltr'><strong>ἐκ</strong></span> <span class='ocrx_word' id='word_1_263' title='bbox 740 3731 849 3783; x_wconf 84' lang='grc' dir='ltr'>τῶν</span> <span class='ocrx_word' id='word_1_264' title='bbox 901 3733 1150 3784; x_wconf 85' lang='grc' dir='ltr'>παλαιῶν</span> <span class='ocrx_word' id='word_1_265' title='bbox 1199 3734 1452 3799; x_wconf 85' lang='grc' dir='ltr'>συνόδων,</span> <span class='ocrx_word' id='word_1_266' title='bbox 1506 3737 1612 3795; x_wconf 75' lang='grc' dir='ltr'><strong>ἵνα.</strong></span> <span class='ocrx_word' id='word_1_267' title='bbox 1656 3739 1753 3791; x_wconf 84' lang='grc' dir='ltr'>ἐάν</span> 
     </span>
    </p>
   </div>
   <div class='ocr_carea' id='block_1_39' title="bbox 261 3823 1751 3897">
    <p class='ocr_par' dir='ltr' id='par_1_39' title="bbox 261 3823 1751 3897">
     <span class='ocr_line' id='line_1_39' title="bbox 261 3823 1751 3897; baseline 0.003 -20"><span class='ocrx_word' id='word_1_268' title='bbox 261 3845 283 3877; x_wconf 76' lang='lat' dir='ltr'><strong>s</strong></span> <span class='ocrx_word' id='word_1_269' title='bbox 350 3843 434 3886; x_wconf 83' lang='grc' dir='ltr'><strong>τις</strong></span> <span class='ocrx_word' id='word_1_270' title='bbox 466 3825 759 3883; x_wconf 79' lang='grc' dir='ltr'>ἐπίσκοπος</span> <span class='ocrx_word' id='word_1_271' title='bbox 790 3824 949 3893; x_wconf 82' lang='grc' dir='ltr'>(ὅπερ</span> <span class='ocrx_word' id='word_1_272' title='bbox 975 3823 1160 3893; x_wconf 88' lang='grc' dir='ltr'>ἀπείη)</span> <span class='ocrx_word' id='word_1_273' title='bbox 1194 3825 1251 3878; x_wconf 77' lang='grc' dir='ltr'><strong>ἐν</strong></span> <span class='ocrx_word' id='word_1_274' title='bbox 1284 3843 1390 3878; x_wconf 89' lang='grc' dir='ltr'>τινι</span> <span class='ocrx_word' id='word_1_275' title='bbox 1444 3828 1751 3897; x_wconf 79' lang='grc' dir='ltr'>ἐγκλήματι</span> 
     </span>
    </p>
   </div>
   <div class='ocr_carea' id='block_1_40' title="bbox 262 3914 1747 3985">
    <p class='ocr_par' dir='ltr' id='par_1_40' title="bbox 262 3914 1747 3985">
     <span class='ocr_line' id='line_1_40' title="bbox 262 3914 1747 3985; baseline -0.001 -17"><span class='ocrx_word' id='word_1_276' title='bbox 262 3935 286 3968; x_wconf 75' lang='lat' dir='ltr'><strong>s</strong></span> <span class='ocrx_word' id='word_1_277' title='bbox 350 3915 646 3984; x_wconf 77' lang='grc' dir='ltr'>περιπέσῃ,</span> <span class='ocrx_word' id='word_1_278' title='bbox 683 3914 779 3965; x_wconf 80' lang='grc' dir='ltr'><strong>καὶ</strong></span> <span class='ocrx_word' id='word_1_279' title='bbox 832 3915 1126 3980; x_wconf 84' lang='grc' dir='ltr'>γενήσεται</span> <span class='ocrx_word' id='word_1_280' title='bbox 1178 3916 1347 3984; x_wconf 82' lang='grc' dir='ltr'>πολλὴ</span> <span class='ocrx_word' id='word_1_281' title='bbox 1383 3919 1592 3985; x_wconf 79' lang='grc' dir='ltr'>ἀνάγκη</span> <span class='ocrx_word' id='word_1_282' title='bbox 1655 3920 1747 3972; x_wconf 76' lang='grc' dir='ltr'>τοῦ</span> 
     </span>
    </p>
   </div>
   <div class='ocr_carea' id='block_1_41' title="bbox 261 4004 1752 4081">
    <p class='ocr_par' dir='ltr' id='par_1_41' title="bbox 261 4004 1752 4081">
     <span class='ocr_line' id='line_1_41' title="bbox 261 4004 1752 4081; baseline 0.003 -23"><span class='ocrx_word' id='word_1_283' title='bbox 261 4028 283 4058; x_wconf 74' lang='grc' dir='ltr'><strong>ι</strong></span> <span class='ocrx_word' id='word_1_284' title='bbox 352 4006 425 4075; x_wconf 82' lang='grc' dir='ltr'>μὴ</span> <span class='ocrx_word' id='word_1_285' title='bbox 492 4005 752 4058; x_wconf 84' lang='grc' dir='ltr'>δύνασθαι</span> <span class='ocrx_word' id='word_1_286' title='bbox 811 4004 1083 4056; x_wconf 89' lang='grc' dir='ltr'>συνελθεῖν</span> <span class='ocrx_word' id='word_1_287' title='bbox 1149 4007 1395 4069; x_wconf 79' lang='grc' dir='ltr'>πολλοὺς,</span> <span class='ocrx_word' id='word_1_288' title='bbox 1433 4008 1521 4059; x_wconf 75' lang='grc' dir='ltr'>διὰ</span> <span class='ocrx_word' id='word_1_289' title='bbox 1568 4011 1626 4062; x_wconf 77' lang='grc' dir='ltr'>τὸ</span> <span class='ocrx_word' id='word_1_290' title='bbox 1678 4012 1752 4081; x_wconf 83' lang='grc' dir='ltr'>μὴ</span> 
     </span>
    </p>
   </div>
   <div class='ocr_carea' id='block_1_42' title="bbox 267 4095 1750 4164">
    <p class='ocr_par' dir='ltr' id='par_1_42' title="bbox 267 4095 1750 4164">
     <span class='ocr_line' id='line_1_42' title="bbox 267 4095 1750 4164; baseline 0.004 -17"><span class='ocrx_word' id='word_1_291' title='bbox 267 4118 286 4146; x_wconf 80' lang='lat' dir='ltr'><strong>s</strong></span> <span class='ocrx_word' id='word_1_292' title='bbox 341 4098 636 4162; x_wconf 88' lang='grc' dir='ltr'>ἀπομεῖναι</span> <span class='ocrx_word' id='word_1_293' title='bbox 673 4096 836 4148; x_wconf 78' lang='grc' dir='ltr'>αὐτὸν</span> <span class='ocrx_word' id='word_1_294' title='bbox 865 4098 921 4147; x_wconf 78' lang='grc' dir='ltr'><strong>ἐν</strong></span> <span class='ocrx_word' id='word_1_295' title='bbox 950 4095 1028 4163; x_wconf 79' lang='grc' dir='ltr'>τῷ</span> <span class='ocrx_word' id='word_1_296' title='bbox 1054 4097 1381 4164; x_wconf 78' lang='grc' dir='ltr'>ἐγκλήματι,</span> <span class='ocrx_word' id='word_1_297' title='bbox 1408 4097 1512 4150; x_wconf 74' lang='grc' dir='ltr'>ὑπὸ</span> <span class='ocrx_word' id='word_1_298' title='bbox 1541 4099 1750 4153; x_wconf 85' lang='grc' dir='ltr'>δώδεκα</span> 
     </span>
    </p>
   </div>
   <div class='ocr_carea' id='block_1_43' title="bbox 264 4187 1752 4260">
    <p class='ocr_par' dir='ltr' id='par_1_43' title="bbox 264 4187 1752 4260">
     <span class='ocr_line' id='line_1_43' title="bbox 264 4187 1752 4260; baseline 0.003 -22"><span class='ocrx_word' id='word_1_299' title='bbox 264 4208 286 4238; x_wconf 78' lang='lat' dir='ltr'><strong>s</strong></span> <span class='ocrx_word' id='word_1_300' title='bbox 350 4187 666 4238; x_wconf 83' lang='grc' dir='ltr'>ἐπισκόπων</span> <span class='ocrx_word' id='word_1_301' title='bbox 699 4187 940 4255; x_wconf 84' lang='grc' dir='ltr'>ἀκουσθῇ</span> <span class='ocrx_word' id='word_1_302' title='bbox 979 4187 1113 4255; x_wconf 78' lang='grc'><strong>(15),</strong></span> <span class='ocrx_word' id='word_1_303' title='bbox 1166 4190 1260 4240; x_wconf 80' lang='grc' dir='ltr'>καὶ</span> <span class='ocrx_word' id='word_1_304' title='bbox 1305 4192 1332 4240; x_wconf 91' lang='grc' dir='ltr'><strong>ό</strong></span> <span class='ocrx_word' id='word_1_305' title='bbox 1377 4191 1752 4260; x_wconf 83' lang='grc' dir='ltr'>πρεσϐύτερος</span> 
     </span>
    </p>
   </div>
   <div class='ocr_carea' id='block_1_44' title="bbox 263 4277 1751 4345">
    <p class='ocr_par' dir='ltr' id='par_1_44' title="bbox 263 4277 1751 4345">
     <span class='ocr_line' id='line_1_44' title="bbox 263 4277 1751 4345; baseline 0.005 -16"><span class='ocrx_word' id='word_1_306' title='bbox 263 4299 284 4329; x_wconf 75' lang='grc' dir='ltr'><strong>ι</strong></span> <span class='ocrx_word' id='word_1_307' title='bbox 351 4277 456 4329; x_wconf 81' lang='grc' dir='ltr'>ὑπὸ</span> <span class='ocrx_word' id='word_1_308' title='bbox 510 4277 570 4340; x_wconf 79' lang='grc' dir='ltr'>ἐξ</span> <span class='ocrx_word' id='word_1_309' title='bbox 599 4277 710 4342; x_wconf 66' lang='lat' dir='ltr'><strong>(ii)</strong></span> <span class='ocrx_word' id='word_1_310' title='bbox 758 4279 1072 4330; x_wconf 85' lang='grc' dir='ltr'>ἐπισκόπων</span> <span class='ocrx_word' id='word_1_311' title='bbox 1123 4280 1217 4332; x_wconf 80' lang='grc' dir='ltr'>καὶ</span> <span class='ocrx_word' id='word_1_312' title='bbox 1269 4280 1360 4332; x_wconf 83' lang='grc' dir='ltr'>τοῦ</span> <span class='ocrx_word' id='word_1_313' title='bbox 1397 4282 1545 4345; x_wconf 76' lang='grc' dir='ltr'>ἰδίου,</span> <span class='ocrx_word' id='word_1_314' title='bbox 1583 4285 1676 4335; x_wconf 78' lang='grc' dir='ltr'><strong>καὶ</strong></span> <span class='ocrx_word' id='word_1_315' title='bbox 1723 4286 1751 4336; x_wconf 83' lang='grc' dir='ltr'>ὁ</span> 
     </span>
    </p>
   </div>
   <div class='ocr_carea' id='block_1_45' title="bbox 269 4371 1001 4439">
    <p class='ocr_par' dir='ltr' id='par_1_45' title="bbox 269 4371 1001 4439">
     <span class='ocr_line' id='line_1_45' title="bbox 269 4371 1001 4439; baseline -0.001 -16"><span class='ocrx_word' id='word_1_316' title='bbox 269 4391 291 4423; x_wconf 78' lang='grc' dir='ltr'><strong>ι</strong></span> <span class='ocrx_word' id='word_1_317' title='bbox 342 4371 588 4431; x_wconf 84' lang='grc' dir='ltr'>διάκονος</span> <span class='ocrx_word' id='word_1_318' title='bbox 617 4371 722 4423; x_wconf 78' lang='grc' dir='ltr'><strong>ὑπὸ</strong></span> <span class='ocrx_word' id='word_1_319' title='bbox 747 4371 936 4439; x_wconf 83' lang='grc' dir='ltr'>τριῶν.</span> <span class='ocrx_word' id='word_1_320' title='bbox 982 4389 1001 4422; x_wconf 76' lang='grc' dir='ltr'><strong>ι</strong></span> 
     </span>
    </p>
   </div>
   <div class='ocr_carea' id='block_1_46' title="bbox 1858 585 3394 651">
    <p class='ocr_par' dir='ltr' id='par_1_46' title="bbox 1858 585 3394 651">
     <span class='ocr_line' id='line_1_46' title="bbox 1858 585 3394 651; baseline -0.009 -4"><span class='ocrx_word' id='word_1_321' title='bbox 1858 611 1978 647; x_wconf 89' lang='lat' dir='ltr'><strong>nem</strong></span> <span class='ocrx_word' id='word_1_322' title='bbox 2009 595 2304 648; x_wconf 83' lang='lat' dir='ltr'><strong>deduxerit.</strong></span> <span class='ocrx_word' id='word_1_323' title='bbox 2349 593 2483 646; x_wconf 88' lang='lat' dir='ltr'><strong>Cum</strong></span> <span class='ocrx_word' id='word_1_324' title='bbox 2528 601 2704 643; x_wconf 91' lang='lat' dir='ltr'><strong>autem</strong></span> <span class='ocrx_word' id='word_1_325' title='bbox 2757 589 2980 641; x_wconf 79' lang='lat' dir='ltr'><strong>dixisset</strong></span> <span class='ocrx_word' id='word_1_326' title='bbox 3015 585 3394 651; x_wconf 82' lang='lat' dir='ltr'><strong>Campsorymc</strong></span> 
     </span>
    </p>
   </div>
   <div class='ocr_carea' id='block_1_47' title="bbox 1857 672 3393 751">
    <p class='ocr_par' dir='ltr' id='par_1_47' title="bbox 1857 672 3393 751">
     <span class='ocr_line' id='line_1_47' title="bbox 1857 672 3393 751; baseline -0.01 -14"><span class='ocrx_word' id='word_1_327' title='bbox 1857 700 1914 737; x_wconf 89' lang='lat' dir='ltr'><strong>se</strong></span> <span class='ocrx_word' id='word_1_328' title='bbox 1971 701 2064 751; x_wconf 89' lang='lat' dir='ltr'><strong>per</strong></span> <span class='ocrx_word' id='word_1_329' title='bbox 2106 685 2299 737; x_wconf 88' lang='lat' dir='ltr'><strong>multos</strong></span> <span class='ocrx_word' id='word_1_330' title='bbox 2372 681 2811 747; x_wconf 87' lang='lat' dir='ltr'><strong>metropolitanos</strong></span> <span class='ocrx_word' id='word_1_331' title='bbox 2862 679 2943 731; x_wconf 90' lang='lat' dir='ltr'><strong>sui</strong></span> <span class='ocrx_word' id='word_1_332' title='bbox 3003 672 3393 741; x_wconf 90' lang='lat' dir='ltr'><strong>metropolitani</strong></span> 
     </span>
    </p>
   </div>
   <div class='ocr_carea' id='block_1_48' title="bbox 1856 765 3396 838">
    <p class='ocr_par' dir='ltr' id='par_1_48' title="bbox 1856 765 3396 838">
     <span class='ocr_line' id='line_1_48' title="bbox 1856 765 3396 838; baseline -0.013 -8"><span class='ocrx_word' id='word_1_333' title='bbox 1856 775 2278 830; x_wconf 87' lang='lat' dir='ltr'><strong>misericordiam</strong></span> <span class='ocrx_word' id='word_1_334' title='bbox 2309 771 2626 838; x_wconf 75' lang='lat' dir='ltr'><strong>postulasse,</strong></span> <span class='ocrx_word' id='word_1_335' title='bbox 2663 780 2715 822; x_wconf 89' lang='lat' dir='ltr'><strong>et</strong></span> <span class='ocrx_word' id='word_1_336' title='bbox 2755 783 2858 820; x_wconf 91' lang='lat' dir='ltr'><strong>non</strong></span> <span class='ocrx_word' id='word_1_337' title='bbox 2889 765 3198 820; x_wconf 84' lang='lat' dir='ltr'><strong>exauditum</strong></span> <span class='ocrx_word' id='word_1_338' title='bbox 3251 773 3396 820; x_wconf 85' lang='lat' dir='ltr'><strong>esse,</strong></span> 
     </span>
    </p>
   </div>
   <div class='ocr_carea' id='block_1_49' title="bbox 1856 849 3401 931">
    <p class='ocr_par' dir='ltr' id='par_1_49' title="bbox 1856 849 3401 931">
     <span class='ocr_line' id='line_1_49' title="bbox 1856 849 3401 931; baseline -0.014 -12"><span class='ocrx_word' id='word_1_339' title='bbox 1856 875 1908 919; x_wconf 88' lang='lat' dir='ltr'><strong>et</strong></span> <span class='ocrx_word' id='word_1_340' title='bbox 1936 875 2211 931; x_wconf 75' lang='lat' dir='ltr'><strong>propterea</strong></span> <span class='ocrx_word' id='word_1_341' title='bbox 2246 872 2310 915; x_wconf 82' lang='lat' dir='ltr'><strong>ad</strong></span> <span class='ocrx_word' id='word_1_342' title='bbox 2339 874 2584 926; x_wconf 77' lang='lat' dir='ltr'><strong>magnam</strong></span> <span class='ocrx_word' id='word_1_343' title='bbox 2637 859 2895 926; x_wconf 82' lang='lat' dir='ltr'><strong>synodum</strong></span> <span class='ocrx_word' id='word_1_344' title='bbox 2949 854 3196 916; x_wconf 84' lang='lat' dir='ltr'><strong>venisse;</strong></span> <span class='ocrx_word' id='word_1_345' title='bbox 3256 849 3401 917; x_wconf 80' lang='lat' dir='ltr'><strong>judi-</strong></span> 
     </span>
    </p>
   </div>
   <div class='ocr_carea' id='block_1_50' title="bbox 1857 952 3166 1010">
    <p class='ocr_par' dir='ltr' id='par_1_50' title="bbox 1857 952 3166 1010">
     <span class='ocr_line' id='line_1_50' title="bbox 1857 952 3166 1010; baseline -0.011 0"><span class='ocrx_word' id='word_1_346' title='bbox 1857 965 2029 1010; x_wconf 87' lang='lat' dir='ltr'><strong>catum</strong></span> <span class='ocrx_word' id='word_1_347' title='bbox 2053 964 2133 1010; x_wconf 89' lang='lat' dir='ltr'><strong>est</strong></span> <span class='ocrx_word' id='word_1_348' title='bbox 2165 970 2284 1008; x_wconf 87' lang='lat' dir='ltr'><strong>eum</strong></span> <span class='ocrx_word' id='word_1_349' title='bbox 2317 953 2447 1006; x_wconf 87' lang='lat' dir='ltr'><strong>nihil</strong></span> <span class='ocrx_word' id='word_1_350' title='bbox 2480 952 2673 1004; x_wconf 82' lang='lat' dir='ltr'><strong>fecisse</strong></span> <span class='ocrx_word' id='word_1_351' title='bbox 2703 957 2887 1003; x_wconf 87' lang='lat' dir='ltr'><strong>contra</strong></span> <span class='ocrx_word' id='word_1_352' title='bbox 2913 957 3166 999; x_wconf 85' lang='lat' dir='ltr'><strong>canones.</strong></span> 
     </span>
    </p>
   </div>
   <div class='ocr_carea' id='block_1_51' title="bbox 1923 1122 3384 1195">
    <p class='ocr_par' dir='ltr' id='par_1_51' title="bbox 1923 1122 3384 1195">
     <span class='ocr_line' id='line_1_51' title="bbox 1923 1122 3384 1195; baseline -0.01 -11"><span class='ocrx_word' id='word_1_353' title='bbox 1923 1130 2170 1185; x_wconf 78' lang='lat' dir='ltr'><strong>ZONAR.</strong></span> <span class='ocrx_word' id='word_1_354' title='bbox 2223 1129 2322 1180; x_wconf 84' lang='lat' dir='ltr'><strong>Hic</strong></span> <span class='ocrx_word' id='word_1_355' title='bbox 2361 1141 2575 1195; x_wconf 81' lang='lat' dir='ltr'><strong>quoque</strong></span> <span class='ocrx_word' id='word_1_356' title='bbox 2626 1138 2797 1177; x_wconf 89' lang='lat' dir='ltr'><strong>canon</strong></span> <span class='ocrx_word' id='word_1_357' title='bbox 2828 1122 3012 1174; x_wconf 79' lang='lat' dir='ltr'><strong>eadem</strong></span> <span class='ocrx_word' id='word_1_358' title='bbox 3070 1133 3190 1171; x_wconf 90' lang='lat' dir='ltr'><strong>cum</strong></span> <span class='ocrx_word' id='word_1_359' title='bbox 3220 1132 3384 1183; x_wconf 80' lang='lat' dir='ltr'><strong>supc-</strong></span> 
     </span>
    </p>
   </div>
   <div class='ocr_carea' id='block_1_52' title="bbox 1854 1207 3395 1280">
    <p class='ocr_par' dir='ltr' id='par_1_52' title="bbox 1854 1207 3395 1280">
     <span class='ocr_line' id='line_1_52' title="bbox 1854 1207 3395 1280; baseline -0.012 -5"><span class='ocrx_word' id='word_1_360' title='bbox 1854 1223 1997 1275; x_wconf 82' lang='lat' dir='ltr'><strong>riore</strong></span> <span class='ocrx_word' id='word_1_361' title='bbox 2039 1220 2336 1276; x_wconf 80' lang='lat' dir='ltr'><strong>constituit.</strong></span> <span class='ocrx_word' id='word_1_362' title='bbox 2392 1232 2454 1270; x_wconf 86' lang='lat' dir='ltr'><strong>ac</strong></span> <span class='ocrx_word' id='word_1_363' title='bbox 2514 1216 2555 1269; x_wconf 89' lang='lat' dir='ltr'><strong>si</strong></span> <span class='ocrx_word' id='word_1_364' title='bbox 2587 1216 2710 1280; x_wconf 83' lang='lat' dir='ltr'><strong>quis</strong></span> <span class='ocrx_word' id='word_1_365' title='bbox 2745 1213 3061 1280; x_wconf 84' lang='lat' dir='ltr'><strong>presbyter,</strong></span> <span class='ocrx_word' id='word_1_366' title='bbox 3113 1209 3308 1276; x_wconf 90' lang='lat' dir='ltr'><strong>inquit,</strong></span> <span class='ocrx_word' id='word_1_367' title='bbox 3342 1207 3395 1258; x_wconf 90' lang='lat' dir='ltr'><strong>in</strong></span> 
     </span>
    </p>
   </div>
   <div class='ocr_carea' id='block_1_53' title="bbox 1855 1300 3398 1365">
    <p class='ocr_par' dir='ltr' id='par_1_53' title="bbox 1855 1300 3398 1365">
     <span class='ocr_line' id='line_1_53' title="bbox 1855 1300 3398 1365; baseline -0.011 0"><span class='ocrx_word' id='word_1_368' title='bbox 1855 1327 1949 1365; x_wconf 91' lang='lat' dir='ltr'><strong>sua</strong></span> <span class='ocrx_word' id='word_1_369' title='bbox 1972 1309 2187 1363; x_wconf 85' lang='lat' dir='ltr'><strong>vivendi</strong></span> <span class='ocrx_word' id='word_1_370' title='bbox 2245 1308 2471 1365; x_wconf 88' lang='lat' dir='ltr'><strong>ratione,</strong></span> <span class='ocrx_word' id='word_1_371' title='bbox 2517 1306 2616 1357; x_wconf 87' lang='lat' dir='ltr'><strong>hoc</strong></span> <span class='ocrx_word' id='word_1_372' title='bbox 2635 1301 2930 1365; x_wconf 80' lang='lat' dir='ltr'><strong>est,veluti</strong></span> <span class='ocrx_word' id='word_1_373' title='bbox 2974 1300 3218 1351; x_wconf 71' lang='lat' dir='ltr'><strong>licentius</strong></span> <span class='ocrx_word' id='word_1_374' title='bbox 3267 1303 3398 1348; x_wconf 59' lang='grc' dir='ltr'>ιιι-ιτα</span> 
     </span>
    </p>
   </div>
   <div class='ocr_carea' id='block_1_54' title="bbox 1854 1385 3402 1465">
    <p class='ocr_par' dir='ltr' id='par_1_54' title="bbox 1854 1385 3402 1465">
     <span class='ocr_line' id='line_1_54' title="bbox 1854 1385 3402 1465; baseline -0.012 -12"><span class='ocrx_word' id='word_1_375' title='bbox 1854 1395 1975 1453; x_wconf 69' lang='lat' dir='ltr'><strong>vitae</strong></span> <span class='ocrx_word' id='word_1_376' title='bbox 2027 1400 2093 1451; x_wconf 90' lang='lat' dir='ltr'><strong>ab</strong></span> <span class='ocrx_word' id='word_1_377' title='bbox 2120 1399 2365 1465; x_wconf 88' lang='lat' dir='ltr'><strong>episcopo</strong></span> <span class='ocrx_word' id='word_1_378' title='bbox 2401 1395 2785 1446; x_wconf 75' lang='lat' dir='ltr'><strong>condemnatus</strong></span> <span class='ocrx_word' id='word_1_379' title='bbox 2817 1390 3006 1449; x_wconf 85' lang='lat' dir='ltr'><strong>fuerit;</strong></span> <span class='ocrx_word' id='word_1_380' title='bbox 3036 1402 3157 1439; x_wconf 90' lang='lat' dir='ltr'><strong>eum</strong></span> <span class='ocrx_word' id='word_1_381' title='bbox 3210 1385 3402 1438; x_wconf 82' lang='lat' dir='ltr'><strong>vicinis</strong></span> 
     </span>
    </p>
   </div>
   <div class='ocr_carea' id='block_1_55' title="bbox 1853 1476 3402 1560">
    <p class='ocr_par' dir='ltr' id='par_1_55' title="bbox 1853 1476 3402 1560">
     <span class='ocr_line' id='line_1_55' title="bbox 1853 1476 3402 1560; baseline -0.012 -14"><span class='ocrx_word' id='word_1_382' title='bbox 1853 1491 2121 1560; x_wconf 85' lang='lat' dir='ltr'><strong>episcopis</strong></span> <span class='ocrx_word' id='word_1_383' title='bbox 2175 1489 2507 1545; x_wconf 86' lang='lat' dir='ltr'><strong>renuntiare,</strong></span> <span class='ocrx_word' id='word_1_384' title='bbox 2545 1485 2644 1537; x_wconf 90' lang='lat' dir='ltr'><strong>hoc</strong></span> <span class='ocrx_word' id='word_1_385' title='bbox 2680 1490 2782 1545; x_wconf 74' lang='lat' dir='ltr'><strong>est,</strong></span> <span class='ocrx_word' id='word_1_386' title='bbox 2824 1482 2889 1535; x_wconf 90' lang='lat' dir='ltr'><strong>de</strong></span> <span class='ocrx_word' id='word_1_387' title='bbox 2940 1493 3036 1530; x_wconf 80' lang='lat' dir='ltr'><strong>sua</strong></span> <span class='ocrx_word' id='word_1_388' title='bbox 3059 1476 3402 1530; x_wconf 79' lang='lat' dir='ltr'><strong>damnatione</strong></span> 
     </span>
    </p>
   </div>
   <div class='ocr_carea' id='block_1_56' title="bbox 1854 1566 3399 1640">
    <p class='ocr_par' dir='ltr' id='par_1_56' title="bbox 1854 1566 3399 1640">
     <span class='ocr_line' id='line_1_56' title="bbox 1854 1566 3399 1640; baseline -0.012 -5"><span class='ocrx_word' id='word_1_389' title='bbox 1854 1581 2116 1635; x_wconf 84' lang='lat' dir='ltr'><strong>certiores</strong></span> <span class='ocrx_word' id='word_1_390' title='bbox 2147 1579 2323 1632; x_wconf 74' lang='lat' dir='ltr'><strong>facere</strong></span> <span class='ocrx_word' id='word_1_391' title='bbox 2343 1582 2575 1640; x_wconf 81' lang='lat' dir='ltr'><strong>oportet,</strong></span> <span class='ocrx_word' id='word_1_392' title='bbox 2606 1583 2664 1627; x_wconf 88' lang='lat' dir='ltr'><strong>ut.</strong></span> <span class='ocrx_word' id='word_1_393' title='bbox 2705 1573 2914 1627; x_wconf 91' lang='lat' dir='ltr'><strong>illorum</strong></span> <span class='ocrx_word' id='word_1_394' title='bbox 2948 1583 3131 1637; x_wconf 91' lang='lat' dir='ltr'><strong>opera,</strong></span> <span class='ocrx_word' id='word_1_395' title='bbox 3167 1566 3254 1618; x_wconf 89' lang='lat' dir='ltr'><strong>ubi</strong></span> <span class='ocrx_word' id='word_1_396' title='bbox 3289 1575 3399 1618; x_wconf 87' lang='lat' dir='ltr'><strong>tota</strong></span> 
     </span>
    </p>
   </div>
   <div class='ocr_carea' id='block_1_57' title="bbox 1857 1653 3400 1727">
    <p class='ocr_par' dir='ltr' id='par_1_57' title="bbox 1857 1653 3400 1727">
     <span class='ocr_line' id='line_1_57' title="bbox 1857 1653 3400 1727; baseline -0.01 -5"><span class='ocrx_word' id='word_1_397' title='bbox 1857 1670 1923 1722; x_wconf 89' lang='lat' dir='ltr'><strong>de</strong></span> <span class='ocrx_word' id='word_1_398' title='bbox 1971 1684 2026 1721; x_wconf 85' lang='lat' dir='ltr'><strong>re</strong></span> <span class='ocrx_word' id='word_1_399' title='bbox 2086 1665 2260 1720; x_wconf 88' lang='lat' dir='ltr'><strong>edocti</strong></span> <span class='ocrx_word' id='word_1_400' title='bbox 2310 1663 2530 1723; x_wconf 77' lang='lat' dir='ltr'><strong>fuerint,</strong></span> <span class='ocrx_word' id='word_1_401' title='bbox 2587 1675 2686 1712; x_wconf 88' lang='lat' dir='ltr'><strong>suo</strong></span> <span class='ocrx_word' id='word_1_402' title='bbox 2740 1658 2989 1727; x_wconf 90' lang='lat' dir='ltr'><strong>episcopo</strong></span> <span class='ocrx_word' id='word_1_403' title='bbox 3061 1653 3400 1724; x_wconf 84' lang='lat' dir='ltr'><strong>concilietur.</strong></span> 
     </span>
    </p>
   </div>
   <div class='ocr_carea' id='block_1_58' title="bbox 1855 1744 3401 1825">
    <p class='ocr_par' dir='ltr' id='par_1_58' title="bbox 1855 1744 3401 1825">
     <span class='ocr_line' id='line_1_58' title="bbox 1855 1744 3401 1825; baseline -0.012 -13"><span class='ocrx_word' id='word_1_404' title='bbox 1855 1759 2005 1825; x_wconf 88' lang='lat' dir='ltr'><strong>Quod</strong></span> <span class='ocrx_word' id='word_1_405' title='bbox 2054 1758 2098 1810; x_wconf 92' lang='lat' dir='ltr'><strong>si</strong></span> <span class='ocrx_word' id='word_1_406' title='bbox 2143 1757 2194 1809; x_wconf 90' lang='lat' dir='ltr'><strong>id</strong></span> <span class='ocrx_word' id='word_1_407' title='bbox 2243 1755 2419 1809; x_wconf 89' lang='lat' dir='ltr'><strong>facere</strong></span> <span class='ocrx_word' id='word_1_408' title='bbox 2446 1752 2760 1821; x_wconf 73' lang='lat' dir='ltr'><strong>neglexerit,</strong></span> <span class='ocrx_word' id='word_1_409' title='bbox 2814 1759 2866 1802; x_wconf 89' lang='lat' dir='ltr'><strong>et</strong></span> <span class='ocrx_word' id='word_1_410' title='bbox 2917 1746 3209 1801; x_wconf 89' lang='lat' dir='ltr'><strong>ambitione</strong></span> <span class='ocrx_word' id='word_1_411' title='bbox 3237 1744 3401 1812; x_wconf 88' lang='lat' dir='ltr'><strong>(quod</strong></span> 
     </span>
    </p>
   </div>
   <div class='ocr_carea' id='block_1_59' title="bbox 1853 1837 3403 1919">
    <p class='ocr_par' dir='ltr' id='par_1_59' title="bbox 1853 1837 3403 1919">
     <span class='ocr_line' id='line_1_59' title="bbox 1853 1837 3403 1919; baseline -0.014 -15"><span class='ocrx_word' id='word_1_412' title='bbox 1853 1850 1989 1904; x_wconf 83' lang='lat' dir='ltr'><strong>absit</strong></span> <span class='ocrx_word' id='word_1_413' title='bbox 2009 1848 2048 1919; x_wconf 90' lang='lat' dir='ltr'><strong>l)</strong></span> <span class='ocrx_word' id='word_1_414' title='bbox 2073 1846 2305 1907; x_wconf 84' lang='lat' dir='ltr'><strong>inflatus,</strong></span> <span class='ocrx_word' id='word_1_415' title='bbox 2335 1860 2393 1898; x_wconf 87' lang='lat' dir='ltr'><strong>se</strong></span> <span class='ocrx_word' id='word_1_416' title='bbox 2418 1845 2485 1897; x_wconf 86' lang='lat' dir='ltr'><strong>ab</strong></span> <span class='ocrx_word' id='word_1_417' title='bbox 2511 1841 2744 1912; x_wconf 81' lang='lat' dir='ltr'><strong>episcopi</strong></span> <span class='ocrx_word' id='word_1_418' title='bbox 2778 1837 3151 1894; x_wconf 88' lang='lat' dir='ltr'><strong>communione</strong></span> <span class='ocrx_word' id='word_1_419' title='bbox 3185 1848 3403 1901; x_wconf 82' lang='lat' dir='ltr'><strong>separa-</strong></span> 
     </span>
    </p>
   </div>
   <div class='ocr_carea' id='block_1_60' title="bbox 1855 1924 3403 2000">
    <p class='ocr_par' dir='ltr' id='par_1_60' title="bbox 1855 1924 3403 2000">
     <span class='ocr_line' id='line_1_60' title="bbox 1855 1924 3403 2000; baseline -0.01 -8"><span class='ocrx_word' id='word_1_420' title='bbox 1855 1941 2008 2000; x_wconf 80' lang='lat' dir='ltr'><strong>verit,</strong></span> <span class='ocrx_word' id='word_1_421' title='bbox 2044 1954 2105 1992; x_wconf 87' lang='lat' dir='ltr'><strong>ac</strong></span> <span class='ocrx_word' id='word_1_422' title='bbox 2162 1951 2286 1997; x_wconf 84' lang='lat' dir='ltr'><strong>una,</strong></span> <span class='ocrx_word' id='word_1_423' title='bbox 2312 1936 2413 1988; x_wconf 89' lang='lat' dir='ltr'><strong>hoc</strong></span> <span class='ocrx_word' id='word_1_424' title='bbox 2445 1943 2546 1994; x_wconf 90' lang='lat' dir='ltr'><strong>est,</strong></span> <span class='ocrx_word' id='word_1_425' title='bbox 2576 1931 2824 2000; x_wconf 78' lang='lat' dir='ltr'><strong>privatim</strong></span> <span class='ocrx_word' id='word_1_426' title='bbox 2865 1943 2986 1983; x_wconf 90' lang='lat' dir='ltr'><strong>cum</strong></span> <span class='ocrx_word' id='word_1_427' title='bbox 3032 1924 3219 1994; x_wconf 83' lang='lat' dir='ltr'><strong>paucis</strong></span> <span class='ocrx_word' id='word_1_428' title='bbox 3247 1938 3403 1977; x_wconf 88' lang='lat' dir='ltr'><strong>sacra</strong></span> 
     </span>
    </p>
   </div>
   <div class='ocr_carea' id='block_1_61' title="bbox 1852 2014 3401 2093">
    <p class='ocr_par' dir='ltr' id='par_1_61' title="bbox 1852 2014 3401 2093">
     <span class='ocr_line' id='line_1_61' title="bbox 1852 2014 3401 2093; baseline -0.01 -11"><span class='ocrx_word' id='word_1_429' title='bbox 1852 2029 2068 2093; x_wconf 80' lang='lat' dir='ltr'><strong>fecerit;</strong></span> <span class='ocrx_word' id='word_1_430' title='bbox 2127 2027 2271 2080; x_wconf 93' lang='lat' dir='ltr'><strong>illum</strong></span> <span class='ocrx_word' id='word_1_431' title='bbox 2328 2041 2429 2079; x_wconf 91' lang='lat' dir='ltr'><strong>non</strong></span> <span class='ocrx_word' id='word_1_432' title='bbox 2476 2024 2636 2077; x_wconf 90' lang='lat' dir='ltr'><strong>modo</strong></span> <span class='ocrx_word' id='word_1_433' title='bbox 2693 2022 2757 2074; x_wconf 89' lang='lat' dir='ltr'><strong>de</strong></span> <span class='ocrx_word' id='word_1_434' title='bbox 2789 2034 2887 2073; x_wconf 88' lang='lat' dir='ltr'><strong>suo</strong></span> <span class='ocrx_word' id='word_1_435' title='bbox 2917 2017 3081 2087; x_wconf 76' lang='lat' dir='ltr'><strong>gradu</strong></span> <span class='ocrx_word' id='word_1_436' title='bbox 3133 2014 3401 2075; x_wconf 82' lang='lat' dir='ltr'><strong>excidere,</strong></span> 
     </span>
    </p>
   </div>
   <div class='ocr_carea' id='block_1_62' title="bbox 1855 2105 3406 2184">
    <p class='ocr_par' dir='ltr' id='par_1_62' title="bbox 1855 2105 3406 2184">
     <span class='ocr_line' id='line_1_62' title="bbox 1855 2105 3406 2184; baseline -0.006 -16"><span class='ocrx_word' id='word_1_437' title='bbox 1855 2135 2038 2171; x_wconf 72' lang='lat' dir='ltr'><strong>verum</strong></span> <span class='ocrx_word' id='word_1_438' title='bbox 2082 2119 2365 2172; x_wconf 79' lang='lat' dir='ltr'><strong>anathema</strong></span> <span class='ocrx_word' id='word_1_439' title='bbox 2424 2129 2640 2184; x_wconf 83' lang='lat' dir='ltr'><strong>quoque</strong></span> <span class='ocrx_word' id='word_1_440' title='bbox 2701 2126 2824 2164; x_wconf 85' lang='lat' dir='ltr'><strong>esse</strong></span> <span class='ocrx_word' id='word_1_441' title='bbox 2853 2108 3114 2162; x_wconf 89' lang='lat' dir='ltr'><strong>decernit.</strong></span> <span class='ocrx_word' id='word_1_442' title='bbox 3143 2105 3406 2159; x_wconf 80' lang='lat' dir='ltr'><strong>Animad-</strong></span> 
     </span>
    </p>
   </div>
   <div class='ocr_carea' id='block_1_63' title="bbox 1856 2195 3401 2274">
    <p class='ocr_par' dir='ltr' id='par_1_63' title="bbox 1856 2195 3401 2274">
     <span class='ocr_line' id='line_1_63' title="bbox 1856 2195 3401 2274; baseline -0.01 -14"><span class='ocrx_word' id='word_1_443' title='bbox 1856 2209 2164 2262; x_wconf 75' lang='lat' dir='ltr'><strong>vertendum</strong></span> <span class='ocrx_word' id='word_1_444' title='bbox 2194 2221 2356 2274; x_wconf 86' lang='lat' dir='ltr'><strong>porro</strong></span> <span class='ocrx_word' id='word_1_445' title='bbox 2389 2214 2492 2267; x_wconf 90' lang='lat' dir='ltr'><strong>est,</strong></span> <span class='ocrx_word' id='word_1_446' title='bbox 2533 2202 2730 2268; x_wconf 84' lang='lat' dir='ltr'><strong>inquit.</strong></span> <span class='ocrx_word' id='word_1_447' title='bbox 2767 2211 2928 2267; x_wconf 78' lang='lat' dir='ltr'><strong>atque</strong></span> <span class='ocrx_word' id='word_1_448' title='bbox 2951 2195 3401 2264; x_wconf 74' lang='lat' dir='ltr'><strong>investigandum,</strong></span> 
     </span>
    </p>
   </div>
   <div class='ocr_carea' id='block_1_64' title="bbox 1856 2285 3404 2368">
    <p class='ocr_par' dir='ltr' id='par_1_64' title="bbox 1856 2285 3404 2368">
     <span class='ocr_line' id='line_1_64' title="bbox 1856 2285 3404 2368; baseline -0.011 -15"><span class='ocrx_word' id='word_1_449' title='bbox 1856 2300 2110 2367; x_wconf 86' lang='lat' dir='ltr'><strong>numquid</strong></span> <span class='ocrx_word' id='word_1_450' title='bbox 2151 2299 2348 2368; x_wconf 83' lang='lat' dir='ltr'><strong>justam</strong></span> <span class='ocrx_word' id='word_1_451' title='bbox 2395 2297 2651 2349; x_wconf 80' lang='lat' dir='ltr'><strong>adversus</strong></span> <span class='ocrx_word' id='word_1_452' title='bbox 2697 2293 3002 2360; x_wconf 84' lang='lat' dir='ltr'><strong>episcopum</strong></span> <span class='ocrx_word' id='word_1_453' title='bbox 3035 2285 3404 2353; x_wconf 81' lang='lat' dir='ltr'><strong>expostulandi</strong></span> 
     </span>
    </p>
   </div>
   <div class='ocr_carea' id='block_1_65' title="bbox 1854 2375 3405 2451">
    <p class='ocr_par' dir='ltr' id='par_1_65' title="bbox 1854 2375 3405 2451">
     <span class='ocr_line' id='line_1_65' title="bbox 1854 2375 3405 2451; baseline -0.012 -6"><span class='ocrx_word' id='word_1_454' title='bbox 1854 2406 2072 2445; x_wconf 79' lang='lat' dir='ltr'><strong>causam</strong></span> <span class='ocrx_word' id='word_1_455' title='bbox 2112 2390 2324 2450; x_wconf 86' lang='lat' dir='ltr'><strong>habeat,</strong></span> <span class='ocrx_word' id='word_1_456' title='bbox 2376 2387 2686 2451; x_wconf 85' lang='lat' dir='ltr'><strong>crimenque</strong></span> <span class='ocrx_word' id='word_1_457' title='bbox 2735 2381 2876 2434; x_wconf 83' lang='lat' dir='ltr'><strong>illius</strong></span> <span class='ocrx_word' id='word_1_458' title='bbox 2925 2377 3137 2447; x_wconf 87' lang='lat' dir='ltr'><strong>aliquod</strong></span> <span class='ocrx_word' id='word_1_459' title='bbox 3174 2375 3405 2434; x_wconf 82' lang='lat' dir='ltr'><strong>noverit.</strong></span> 
     </span>
    </p>
   </div>
   <div class='ocr_carea' id='block_1_66' title="bbox 1853 2466 3399 2549">
    <p class='ocr_par' dir='ltr' id='par_1_66' title="bbox 1853 2466 3399 2549">
     <span class='ocr_line' id='line_1_66' title="bbox 1853 2466 3399 2549; baseline -0.014 -14"><span class='ocrx_word' id='word_1_460' title='bbox 1853 2498 1916 2535; x_wconf 81' lang='lat' dir='ltr'><strong>ex</strong></span> <span class='ocrx_word' id='word_1_461' title='bbox 1949 2496 2057 2549; x_wconf 88' lang='lat' dir='ltr'><strong>quo</strong></span> <span class='ocrx_word' id='word_1_462' title='bbox 2088 2481 2225 2549; x_wconf 75' lang='lat' dir='ltr'><strong>&#39;jure</strong></span> <span class='ocrx_word' id='word_1_463' title='bbox 2253 2493 2310 2531; x_wconf 91' lang='lat' dir='ltr'><strong>se</strong></span> <span class='ocrx_word' id='word_1_464' title='bbox 2358 2478 2427 2529; x_wconf 88' lang='lat' dir='ltr'><strong>ah</strong></span> <span class='ocrx_word' id='word_1_465' title='bbox 2486 2476 2630 2527; x_wconf 89' lang='lat' dir='ltr'><strong>illius</strong></span> <span class='ocrx_word' id='word_1_466' title='bbox 2677 2469 3054 2525; x_wconf 85' lang='lat' dir='ltr'><strong>communione</strong></span> <span class='ocrx_word' id='word_1_467' title='bbox 3111 2466 3399 2518; x_wconf 78' lang='lat' dir='ltr'><strong>subducat.</strong></span> 
     </span>
    </p>
   </div>
   <div class='ocr_carea' id='block_1_67' title="bbox 1853 2555 3403 2636">
    <p class='ocr_par' dir='ltr' id='par_1_67' title="bbox 1853 2555 3403 2636">
     <span class='ocr_line' id='line_1_67' title="bbox 1853 2555 3403 2636; baseline -0.017 -8"><span class='ocrx_word' id='word_1_468' title='bbox 1853 2571 2085 2628; x_wconf 86' lang='lat' dir='ltr'><strong>Consule</strong></span> <span class='ocrx_word' id='word_1_469' title='bbox 2176 2568 2332 2636; x_wconf 86' lang='lat' dir='ltr'><strong>hujus</strong></span> <span class='ocrx_word' id='word_1_470' title='bbox 2407 2579 2617 2632; x_wconf 89' lang='lat' dir='ltr'><strong>quoque</strong></span> <span class='ocrx_word' id='word_1_471' title='bbox 2679 2559 2866 2630; x_wconf 82' lang='lat' dir='ltr'><strong>synodi</strong></span> <span class='ocrx_word' id='word_1_472' title='bbox 2926 2555 3403 2610; x_wconf 87' lang='lat' dir='ltr'><strong>undetricesimum</strong></span> 
     </span>
    </p>
   </div>
   <div class='ocr_carea' id='block_1_68' title="bbox 1854 2644 3406 2724">
    <p class='ocr_par' dir='ltr' id='par_1_68' title="bbox 1854 2644 3406 2724">
     <span class='ocr_line' id='line_1_68' title="bbox 1854 2644 3406 2724; baseline -0.012 -10"><span class='ocrx_word' id='word_1_473' title='bbox 1854 2675 2139 2724; x_wconf 87' lang='lat' dir='ltr'><strong>canonem,</strong></span> <span class='ocrx_word' id='word_1_474' title='bbox 2193 2668 2249 2711; x_wconf 88' lang='lat' dir='ltr'><strong>et</strong></span> <span class='ocrx_word' id='word_1_475' title='bbox 2304 2655 2650 2710; x_wconf 65' lang='lat' dir='ltr'><strong>Antiochenaa</strong></span> <span class='ocrx_word' id='word_1_476' title='bbox 2714 2660 2987 2719; x_wconf 88' lang='lat' dir='ltr'><strong>quartum,</strong></span> <span class='ocrx_word' id='word_1_477' title='bbox 3034 2654 3088 2699; x_wconf 86' lang='lat' dir='ltr'><strong>et</strong></span> <span class='ocrx_word' id='word_1_478' title='bbox 3135 2644 3321 2714; x_wconf 83' lang='lat' dir='ltr'><strong>synodi</strong></span> <span class='ocrx_word' id='word_1_479' title='bbox 3353 2645 3406 2696; x_wconf 92' lang='lat' dir='ltr'><strong>in</strong></span> 
     </span>
    </p>
   </div>
   <div class='ocr_carea' id='block_1_69' title="bbox 1857 2742 3410 2816">
    <p class='ocr_par' dir='ltr' id='par_1_69' title="bbox 1857 2742 3410 2816">
     <span class='ocr_line' id='line_1_69' title="bbox 1857 2742 3410 2816; baseline -0.012 -10"><span class='ocrx_word' id='word_1_480' title='bbox 1857 2752 2179 2806; x_wconf 85' lang='lat' dir='ltr'><strong>Sanctorum</strong></span> <span class='ocrx_word' id='word_1_481' title='bbox 2212 2748 2586 2816; x_wconf 82' lang='lat' dir='ltr'><strong>Apostolorum</strong></span> <span class='ocrx_word' id='word_1_482' title='bbox 2620 2742 2820 2810; x_wconf 85' lang='lat' dir='ltr'><strong>templo</strong></span> <span class='ocrx_word' id='word_1_483' title='bbox 2859 2747 3196 2807; x_wconf 76' lang='lat' dir='ltr'><strong>congregata:</strong></span> <span class='ocrx_word' id='word_1_484' title='bbox 3247 2749 3410 2789; x_wconf 83' lang='lat' dir='ltr'><strong>cano-</strong></span> 
     </span>
    </p>
   </div>
   <div class='ocr_carea' id='block_1_70' title="bbox 1857 2837 2378 2903">
    <p class='ocr_par' dir='ltr' id='par_1_70' title="bbox 1857 2837 2378 2903">
     <span class='ocr_line' id='line_1_70' title="bbox 1857 2837 2378 2903; baseline -0.012 -9"><span class='ocrx_word' id='word_1_485' title='bbox 1857 2857 1954 2894; x_wconf 77' lang='lat' dir='ltr'><strong>nes</strong></span> <span class='ocrx_word' id='word_1_486' title='bbox 1984 2843 2071 2903; x_wconf 73' lang='lat' dir='ltr'><strong>i5,</strong></span> <span class='ocrx_word' id='word_1_487' title='bbox 2111 2839 2176 2892; x_wconf 74' lang='lat' dir='ltr'><strong>M</strong></span> <span class='ocrx_word' id='word_1_488' title='bbox 2203 2846 2257 2890; x_wconf 83' lang='lat' dir='ltr'><strong>et</strong></span> <span class='ocrx_word' id='word_1_489' title='bbox 2292 2837 2378 2889; x_wconf 75' lang='grc'><strong>15.</strong></span> 
     </span>
    </p>
   </div>
   <div class='ocr_carea' id='block_1_71' title="bbox 1856 2912 3408 2994">
    <p class='ocr_par' dir='ltr' id='par_1_71' title="bbox 1856 2912 3408 2994">
     <span class='ocr_line' id='line_1_71' title="bbox 1856 2912 3408 2994; baseline -0.012 -9"><span class='ocrx_word' id='word_1_490' title='bbox 1856 2930 2082 2986; x_wconf 79' lang='lat' dir='ltr'><strong>ARIST.</strong></span> <span class='ocrx_word' id='word_1_491' title='bbox 2118 2948 2135 2978; x_wconf 88' lang='grc' dir='ltr'><strong>ι</strong></span> <span class='ocrx_word' id='word_1_492' title='bbox 2190 2926 2478 2994; x_wconf 81' lang='lat' dir='ltr'><strong>Presbyter</strong></span> <span class='ocrx_word' id='word_1_493' title='bbox 2507 2923 2574 2976; x_wconf 83' lang='lat' dir='ltr'><strong>ab</strong></span> <span class='ocrx_word' id='word_1_494' title='bbox 2601 2922 2851 2990; x_wconf 88' lang='lat' dir='ltr'><strong>episcopo</strong></span> <span class='ocrx_word' id='word_1_495' title='bbox 2902 2921 3308 2976; x_wconf 81' lang='lat' dir='ltr'><strong>condemnatus,</strong></span> <span class='ocrx_word' id='word_1_496' title='bbox 3341 2912 3408 2967; x_wconf 92' lang='lat' dir='ltr'><strong>ad</strong></span> 
     </span>
    </p>
   </div>
   <div class='ocr_carea' id='block_1_72' title="bbox 1934 3005 3406 3086">
    <p class='ocr_par' dir='ltr' id='par_1_72' title="bbox 1934 3005 3406 3086">
     <span class='ocr_line' id='line_1_72' title="bbox 1934 3005 3406 3086; baseline -0.013 -11"><span class='ocrx_word' id='word_1_497' title='bbox 1934 3044 1951 3075; x_wconf 80' lang='grc' dir='ltr'><strong>ι</strong></span> <span class='ocrx_word' id='word_1_498' title='bbox 1990 3024 2193 3076; x_wconf 77' lang='lat' dir='ltr'><strong>vicinos</strong></span> <span class='ocrx_word' id='word_1_499' title='bbox 2252 3020 2532 3086; x_wconf 60' lang='lat' dir='ltr'><strong>etiscopos</strong></span> <span class='ocrx_word' id='word_1_500' title='bbox 2595 3015 2865 3083; x_wconf 83' lang='lat' dir='ltr'><strong>appellare</strong></span> <span class='ocrx_word' id='word_1_501' title='bbox 2924 3011 3313 3077; x_wconf 87' lang='lat' dir='ltr'><strong>permittetur:</strong></span> <span class='ocrx_word' id='word_1_502' title='bbox 3363 3005 3406 3057; x_wconf 90' lang='lat' dir='ltr'><strong>si</strong></span> 
     </span>
    </p>
   </div>
   <div class='ocr_carea' id='block_1_73' title="bbox 1937 3099 3410 3178">
    <p class='ocr_par' dir='ltr' id='par_1_73' title="bbox 1937 3099 3410 3178">
     <span class='ocr_line' id='line_1_73' title="bbox 1937 3099 3410 3178; baseline -0.016 -11"><span class='ocrx_word' id='word_1_503' title='bbox 1937 3135 1954 3167; x_wconf 78' lang='grc' dir='ltr'><strong>ι</strong></span> <span class='ocrx_word' id='word_1_504' title='bbox 1987 3129 2114 3166; x_wconf 85' lang='lat' dir='ltr'><strong>vero</strong></span> <span class='ocrx_word' id='word_1_505' title='bbox 2141 3127 2248 3164; x_wconf 88' lang='lat' dir='ltr'><strong>non</strong></span> <span class='ocrx_word' id='word_1_506' title='bbox 2277 3106 2668 3178; x_wconf 83' lang='lat' dir='ltr'><strong>provocaverit,</strong></span> <span class='ocrx_word' id='word_1_507' title='bbox 2703 3105 2793 3158; x_wconf 89' lang='lat' dir='ltr'><strong>sed</strong></span> <span class='ocrx_word' id='word_1_508' title='bbox 2827 3103 3058 3157; x_wconf 86' lang='lat' dir='ltr'><strong>schisma</strong></span> <span class='ocrx_word' id='word_1_509' title='bbox 3107 3099 3328 3156; x_wconf 86' lang='lat' dir='ltr'><strong>faciens,</strong></span> <span class='ocrx_word' id='word_1_510' title='bbox 3355 3101 3410 3145; x_wconf 90' lang='lat' dir='ltr'><strong>et</strong></span> 
     </span>
    </p>
   </div>
   <div class='ocr_carea' id='block_1_74' title="bbox 1937 3190 3409 3266">
    <p class='ocr_par' dir='ltr' id='par_1_74' title="bbox 1937 3190 3409 3266">
     <span class='ocr_line' id='line_1_74' title="bbox 1937 3190 3409 3266; baseline -0.014 -8"><span class='ocrx_word' id='word_1_511' title='bbox 1937 3227 1955 3258; x_wconf 75' lang='grc' dir='ltr'><strong>ι</strong></span> <span class='ocrx_word' id='word_1_512' title='bbox 2000 3209 2137 3260; x_wconf 86' lang='lat' dir='ltr'><strong>fastu</strong></span> <span class='ocrx_word' id='word_1_513' title='bbox 2187 3204 2380 3266; x_wconf 88' lang='lat' dir='ltr'><strong>elatus,</strong></span> <span class='ocrx_word' id='word_1_514' title='bbox 2427 3200 2538 3253; x_wconf 90' lang='lat' dir='ltr'><strong>Deo</strong></span> <span class='ocrx_word' id='word_1_515' title='bbox 2574 3205 2816 3252; x_wconf 82' lang='lat' dir='ltr'><strong>sanctum</strong></span> <span class='ocrx_word' id='word_1_516' title='bbox 2847 3193 3124 3249; x_wconf 88' lang='lat' dir='ltr'><strong>obtulerit.</strong></span> <span class='ocrx_word' id='word_1_517' title='bbox 3167 3190 3234 3243; x_wconf 87' lang='lat' dir='ltr'><strong>sit</strong></span> <span class='ocrx_word' id='word_1_518' title='bbox 3279 3201 3409 3240; x_wconf 85' lang='lat' dir='ltr'><strong>ana-</strong></span> 
     </span>
    </p>
   </div>
   <div class='ocr_carea' id='block_1_75' title="bbox 1931 3301 2233 3352">
    <p class='ocr_par' dir='ltr' id='par_1_75' title="bbox 1931 3301 2233 3352">
     <span class='ocr_line' id='line_1_75' title="bbox 1931 3301 2233 3352; baseline -0.02 0"><span class='ocrx_word' id='word_1_519' title='bbox 1931 3321 1948 3352; x_wconf 80' lang='grc' dir='ltr'><strong>ι</strong></span> <span class='ocrx_word' id='word_1_520' title='bbox 1989 3301 2188 3351; x_wconf 82' lang='lat' dir='ltr'><strong>thema.</strong></span> <span class='ocrx_word' id='word_1_521' title='bbox 2218 3314 2233 3346; x_wconf 80' lang='grc' dir='ltr'><strong>ι</strong></span> 
     </span>
    </p>
   </div>
   <div class='ocr_carea' id='block_1_76' title="bbox 1925 3367 3406 3457">
    <p class='ocr_par' dir='ltr' id='par_1_76' title="bbox 1925 3367 3406 3457">
     <span class='ocr_line' id='line_1_76' title="bbox 1925 3367 3406 3457; baseline -0.016 -12"><span class='ocrx_word' id='word_1_522' title='bbox 1925 3389 2175 3457; x_wconf 85' lang='lat' dir='ltr'><strong>Ejusdem</strong></span> <span class='ocrx_word' id='word_1_523' title='bbox 2234 3383 2517 3438; x_wconf 77' lang='lat' dir='ltr'><strong>sententize</strong></span> <span class='ocrx_word' id='word_1_524' title='bbox 2547 3395 2666 3433; x_wconf 90' lang='lat' dir='ltr'><strong>eum</strong></span> <span class='ocrx_word' id='word_1_525' title='bbox 2713 3377 3051 3447; x_wconf 70' lang='lat' dir='ltr'><strong>praecedente</strong></span> <span class='ocrx_word' id='word_1_526' title='bbox 3107 3380 3192 3426; x_wconf 89' lang='lat' dir='ltr'><strong>est</strong></span> <span class='ocrx_word' id='word_1_527' title='bbox 3219 3379 3273 3424; x_wconf 89' lang='lat' dir='ltr'><strong>et</strong></span> <span class='ocrx_word' id='word_1_528' title='bbox 3319 3367 3406 3424; x_wconf 84' lang='lat' dir='ltr'><strong>hic</strong></span> 
     </span>
    </p>
   </div>
   <div class='ocr_carea' id='block_1_77' title="bbox 1859 3496 2050 3536">
    <p class='ocr_par' dir='ltr' id='par_1_77' title="bbox 1859 3496 2050 3536">
     <span class='ocr_line' id='line_1_77' title="bbox 1859 3496 2050 3536; baseline -0.016 0"><span class='ocrx_word' id='word_1_529' title='bbox 1859 3496 2050 3536; x_wconf 87' lang='lat' dir='ltr'><strong>canon.</strong></span> 
     </span>
    </p>
   </div>
   <div class='ocr_carea' id='block_1_78' title="bbox 2446 3561 2824 3618">
    <p class='ocr_par' dir='ltr' id='par_1_78' title="bbox 2446 3561 2824 3618">
     <span class='ocr_line' id='line_1_78' title="bbox 2446 3561 2824 3618; baseline -0.016 0"><span class='ocrx_word' id='word_1_530' title='bbox 2446 3562 2670 3618; x_wconf 76' lang='lat' dir='ltr'><strong>CANON</strong></span> <span class='ocrx_word' id='word_1_531' title='bbox 2710 3561 2824 3614; x_wconf 80' lang='grc' dir='ltr'>ΧΠ.</span> 
     </span>
    </p>
   </div>
   <div class='ocr_carea' id='block_1_79' title="bbox 1867 3649 3406 3727">
    <p class='ocr_par' dir='ltr' id='par_1_79' title="bbox 1867 3649 3406 3727">
     <span class='ocr_line' id='line_1_79' title="bbox 1867 3649 3406 3727; baseline -0.012 -11"><span class='ocrx_word' id='word_1_532' title='bbox 1867 3683 1884 3716; x_wconf 85' lang='grc' dir='ltr'><strong>ι</strong></span> <span class='ocrx_word' id='word_1_533' title='bbox 1917 3662 2064 3716; x_wconf 79' lang='lat' dir='ltr'><strong>Felix</strong></span> <span class='ocrx_word' id='word_1_534' title='bbox 2117 3660 2402 3727; x_wconf 77' lang='lat' dir='ltr'><strong>episcopus</strong></span> <span class='ocrx_word' id='word_1_535' title='bbox 2440 3656 2573 3708; x_wconf 81' lang='lat' dir='ltr'><strong>dixit</strong></span> <span class='ocrx_word' id='word_1_536' title='bbox 2610 3673 2624 3708; x_wconf 89' lang='lat'>:</span> <span class='ocrx_word' id='word_1_537' title='bbox 2679 3651 2971 3705; x_wconf 76' lang='lat' dir='ltr'><strong>Referatur</strong></span> <span class='ocrx_word' id='word_1_538' title='bbox 3018 3649 3312 3702; x_wconf 88' lang='lat' dir='ltr'><strong>secundum</strong></span> <span class='ocrx_word' id='word_1_539' title='bbox 3345 3659 3406 3699; x_wconf 90' lang='lat' dir='ltr'><strong>ea</strong></span> 
     </span>
    </p>
   </div>
   <div class='ocr_carea' id='block_1_80' title="bbox 1931 3737 3406 3824">
    <p class='ocr_par' dir='ltr' id='par_1_80' title="bbox 1931 3737 3406 3824">
     <span class='ocr_line' id='line_1_80' title="bbox 1931 3737 3406 3824; baseline -0.013 -17"><span class='ocrx_word' id='word_1_540' title='bbox 1931 3775 1948 3807; x_wconf 77' lang='grc' dir='ltr'><strong>ι</strong></span> <span class='ocrx_word' id='word_1_541' title='bbox 1988 3771 2105 3824; x_wconf 68' lang='lat' dir='ltr'><strong>quae</strong></span> <span class='ocrx_word' id='word_1_542' title='bbox 2142 3755 2207 3805; x_wconf 85' lang='lat' dir='ltr'><strong>ab</strong></span> <span class='ocrx_word' id='word_1_543' title='bbox 2242 3751 2478 3816; x_wconf 87' lang='lat' dir='ltr'><strong>antiquis</strong></span> <span class='ocrx_word' id='word_1_544' title='bbox 2539 3747 2756 3816; x_wconf 84' lang='lat' dir='ltr'><strong>synodis</strong></span> <span class='ocrx_word' id='word_1_545' title='bbox 2816 3744 3026 3794; x_wconf 81' lang='lat' dir='ltr'><strong>decreta</strong></span> <span class='ocrx_word' id='word_1_546' title='bbox 3088 3750 3245 3799; x_wconf 87' lang='lat' dir='ltr'><strong>sunt,</strong></span> <span class='ocrx_word' id='word_1_547' title='bbox 3279 3745 3335 3790; x_wconf 89' lang='lat' dir='ltr'><strong>ut</strong></span> <span class='ocrx_word' id='word_1_548' title='bbox 3365 3737 3406 3791; x_wconf 87' lang='lat' dir='ltr'><strong>si</strong></span> 
     </span>
    </p>
   </div>
   <div class='ocr_carea' id='block_1_81' title="bbox 1935 3829 3405 3911">
    <p class='ocr_par' dir='ltr' id='par_1_81' title="bbox 1935 3829 3405 3911">
     <span class='ocr_line' id='line_1_81' title="bbox 1935 3829 3405 3911; baseline -0.012 -15"><span class='ocrx_word' id='word_1_549' title='bbox 1935 3866 1952 3896; x_wconf 80' lang='grc' dir='ltr'><strong>ι</strong></span> <span class='ocrx_word' id='word_1_550' title='bbox 1996 3847 2114 3911; x_wconf 88' lang='lat' dir='ltr'><strong>quis</strong></span> <span class='ocrx_word' id='word_1_551' title='bbox 2149 3843 2431 3906; x_wconf 88' lang='lat' dir='ltr'><strong>episcopus</strong></span> <span class='ocrx_word' id='word_1_552' title='bbox 2463 3838 2624 3905; x_wconf 89' lang='lat' dir='ltr'><strong>(quod</strong></span> <span class='ocrx_word' id='word_1_553' title='bbox 2651 3833 2850 3898; x_wconf 83' lang='lat' dir='ltr'><strong>absit!)</strong></span> <span class='ocrx_word' id='word_1_554' title='bbox 2877 3833 2926 3883; x_wconf 91' lang='lat' dir='ltr'><strong>in</strong></span> <span class='ocrx_word' id='word_1_555' title='bbox 2965 3831 3177 3896; x_wconf 87' lang='lat' dir='ltr'><strong>aliquod</strong></span> <span class='ocrx_word' id='word_1_556' title='bbox 3205 3829 3405 3880; x_wconf 92' lang='lat' dir='ltr'><strong>crimen</strong></span> 
     </span>
    </p>
   </div>
   <div class='ocr_carea' id='block_1_82' title="bbox 1939 3918 3407 3992">
    <p class='ocr_par' dir='ltr' id='par_1_82' title="bbox 1939 3918 3407 3992">
     <span class='ocr_line' id='line_1_82' title="bbox 1939 3918 3407 3992; baseline -0.011 -8"><span class='ocrx_word' id='word_1_557' title='bbox 1939 3955 1956 3984; x_wconf 79' lang='grc' dir='ltr'>ι</span> <span class='ocrx_word' id='word_1_558' title='bbox 1993 3934 2212 3992; x_wconf 89' lang='lat' dir='ltr'><strong>incidat,</strong></span> <span class='ocrx_word' id='word_1_559' title='bbox 2247 3942 2298 3983; x_wconf 89' lang='lat' dir='ltr'><strong>et</strong></span> <span class='ocrx_word' id='word_1_560' title='bbox 2351 3929 2465 3982; x_wconf 80' lang='lat' dir='ltr'><strong>fieri</strong></span> <span class='ocrx_word' id='word_1_561' title='bbox 2518 3942 2624 3979; x_wconf 87' lang='lat' dir='ltr'><strong>non</strong></span> <span class='ocrx_word' id='word_1_562' title='bbox 2672 3925 2841 3992; x_wconf 80' lang='lat' dir='ltr'><strong>possit</strong></span> <span class='ocrx_word' id='word_1_563' title='bbox 2899 3923 3137 3980; x_wconf 86' lang='lat' dir='ltr'><strong>omnino,</strong></span> <span class='ocrx_word' id='word_1_564' title='bbox 3171 3930 3226 3971; x_wconf 94' lang='lat' dir='ltr'><strong>ut</strong></span> <span class='ocrx_word' id='word_1_565' title='bbox 3257 3918 3407 3969; x_wconf 87' lang='lat' dir='ltr'><strong>multi</strong></span> 
     </span>
    </p>
   </div>
   <div class='ocr_carea' id='block_1_83' title="bbox 1934 4010 3406 4081">
    <p class='ocr_par' dir='ltr' id='par_1_83' title="bbox 1934 4010 3406 4081">
     <span class='ocr_line' id='line_1_83' title="bbox 1934 4010 3406 4081; baseline -0.013 -5"><span class='ocrx_word' id='word_1_566' title='bbox 1934 4045 1950 4076; x_wconf 84' lang='grc' dir='ltr'><strong>ι</strong></span> <span class='ocrx_word' id='word_1_567' title='bbox 1986 4021 2337 4080; x_wconf 81' lang='lat' dir='ltr'><strong>conveniant,</strong></span> <span class='ocrx_word' id='word_1_568' title='bbox 2399 4033 2465 4071; x_wconf 88' lang='lat' dir='ltr'><strong>ne</strong></span> <span class='ocrx_word' id='word_1_569' title='bbox 2517 4017 2630 4081; x_wconf 89' lang='lat' dir='ltr'><strong>ipse</strong></span> <span class='ocrx_word' id='word_1_570' title='bbox 2680 4016 2731 4066; x_wconf 92' lang='lat' dir='ltr'><strong>in</strong></span> <span class='ocrx_word' id='word_1_571' title='bbox 2794 4012 3021 4066; x_wconf 86' lang='lat' dir='ltr'><strong>crimine</strong></span> <span class='ocrx_word' id='word_1_572' title='bbox 3084 4010 3304 4070; x_wconf 73' lang='lat' dir='ltr'><strong>haerent,</strong></span> <span class='ocrx_word' id='word_1_573' title='bbox 3377 4021 3406 4057; x_wconf 88' lang='lat' dir='ltr'><strong>a</strong></span> 
     </span>
    </p>
   </div>
   <div class='ocr_carea' id='block_1_84' title="bbox 1936 4099 3407 4175">
    <p class='ocr_par' dir='ltr' id='par_1_84' title="bbox 1936 4099 3407 4175">
     <span class='ocr_line' id='line_1_84' title="bbox 1936 4099 3407 4175; baseline -0.012 -10"><span class='ocrx_word' id='word_1_574' title='bbox 1936 4133 1953 4165; x_wconf 86' lang='grc' dir='ltr'>ι</span> <span class='ocrx_word' id='word_1_575' title='bbox 1993 4112 2271 4166; x_wconf 84' lang='lat' dir='ltr'><strong>duodecim</strong></span> <span class='ocrx_word' id='word_1_576' title='bbox 2324 4105 2590 4175; x_wconf 86' lang='lat' dir='ltr'><strong>episcopis</strong></span> <span class='ocrx_word' id='word_1_577' title='bbox 2660 4103 2929 4162; x_wconf 83' lang='lat' dir='ltr'><strong>audiatur,</strong></span> <span class='ocrx_word' id='word_1_578' title='bbox 2977 4109 3031 4153; x_wconf 91' lang='lat' dir='ltr'><strong>et</strong></span> <span class='ocrx_word' id='word_1_579' title='bbox 3065 4099 3344 4164; x_wconf 84' lang='lat' dir='ltr'><strong>presbyter</strong></span> <span class='ocrx_word' id='word_1_580' title='bbox 3379 4110 3407 4147; x_wconf 70' lang='grc' dir='ltr'><strong>τι</strong></span> 
     </span>
    </p>
   </div>
   <div class='ocr_carea' id='block_1_85' title="bbox 1938 4190 3403 4270">
    <p class='ocr_par' dir='ltr' id='par_1_85' title="bbox 1938 4190 3403 4270">
     <span class='ocr_line' id='line_1_85' title="bbox 1938 4190 3403 4270; baseline -0.013 -14"><span class='ocrx_word' id='word_1_581' title='bbox 1938 4225 1956 4255; x_wconf 77' lang='grc' dir='ltr'>ι</span> <span class='ocrx_word' id='word_1_582' title='bbox 1999 4219 2088 4256; x_wconf 78' lang='lat' dir='ltr'><strong>sex</strong></span> <span class='ocrx_word' id='word_1_583' title='bbox 2119 4199 2386 4270; x_wconf 82' lang='lat' dir='ltr'><strong>episcopis</strong></span> <span class='ocrx_word' id='word_1_584' title='bbox 2422 4211 2524 4250; x_wconf 87' lang='lat' dir='ltr'><strong>una</strong></span> <span class='ocrx_word' id='word_1_585' title='bbox 2552 4210 2670 4248; x_wconf 89' lang='lat' dir='ltr'><strong>cum</strong></span> <span class='ocrx_word' id='word_1_586' title='bbox 2719 4195 2955 4261; x_wconf 91' lang='lat' dir='ltr'><strong>proprio,</strong></span> <span class='ocrx_word' id='word_1_587' title='bbox 2987 4203 3041 4244; x_wconf 90' lang='lat' dir='ltr'><strong>et</strong></span> <span class='ocrx_word' id='word_1_588' title='bbox 3080 4190 3338 4243; x_wconf 87' lang='lat' dir='ltr'><strong>diaconus</strong></span> <span class='ocrx_word' id='word_1_589' title='bbox 3374 4199 3403 4235; x_wconf 72' lang='grc' dir='ltr'><strong>ιι</strong></span> 
     </span>
    </p>
   </div>
   <div class='ocr_carea' id='block_1_86' title="bbox 1938 4290 2237 4345">
    <p class='ocr_par' dir='ltr' id='par_1_86' title="bbox 1938 4290 2237 4345">
     <span class='ocr_line' id='line_1_86' title="bbox 1938 4290 2237 4345; baseline -0.013 -3"><span class='ocrx_word' id='word_1_590' title='bbox 1938 4311 1954 4342; x_wconf 84' lang='grc' dir='ltr'>ι</span> <span class='ocrx_word' id='word_1_591' title='bbox 1993 4290 2183 4345; x_wconf 86' lang='lat' dir='ltr'><strong>tribus.</strong></span> <span class='ocrx_word' id='word_1_592' title='bbox 2219 4307 2237 4338; x_wconf 80' lang='grc' dir='ltr'><strong>ι</strong></span> 
     </span>
    </p>
   </div>
   <div class='ocr_carea' id='block_1_87' title="bbox 257 4449 1753 4531">
    <p class='ocr_par' dir='ltr' id='par_1_87' title="bbox 257 4458 1744 4531">
     <span class='ocr_line' id='line_1_87' title="bbox 257 4458 1744 4531; baseline 0.002 -16"><span class='ocrx_word' id='word_1_593' title='bbox 257 4461 467 4515; x_wconf 81' lang='grc' dir='ltr'><strong>ΒΑΛΣ.</strong></span> <span class='ocrx_word' id='word_1_594' title='bbox 501 4459 609 4513; x_wconf 82' lang='grc' dir='ltr'>Τοῦ</span> <span class='ocrx_word' id='word_1_595' title='bbox 639 4458 680 4513; x_wconf 87' lang='grc' dir='ltr'>δ’</span> <span class='ocrx_word' id='word_1_596' title='bbox 711 4463 935 4523; x_wconf 85' lang='grc' dir='ltr'>κανόνος</span> <span class='ocrx_word' id='word_1_597' title='bbox 964 4462 1062 4530; x_wconf 79' lang='grc' dir='ltr'>τῆς</span> <span class='ocrx_word' id='word_1_598' title='bbox 1091 4462 1152 4514; x_wconf 88' lang='grc' dir='ltr'><strong>ἐν</strong></span> <span class='ocrx_word' id='word_1_599' title='bbox 1195 4461 1494 4531; x_wconf 78' lang='grc' dir='ltr'>Ἀντιοχείᾳ</span> <span class='ocrx_word' id='word_1_600' title='bbox 1527 4465 1744 4518; x_wconf 90' lang='grc' dir='ltr'>συνόδου</span> 
     </span>
    </p>
   </div>
   <div class='ocr_carea' id='block_1_88' title="bbox 1852 4449 3398 4531">
    <p class='ocr_par' dir='ltr' id='par_1_88' title="bbox 1933 4455 3398 4525">
     <span class='ocr_line' id='line_1_88' title="bbox 1933 4455 3398 4525; baseline -0.013 -3"><span class='ocrx_word' id='word_1_601' title='bbox 1933 4469 2120 4523; x_wconf 79' lang='lat' dir='ltr'><strong>BALS.</strong></span> <span class='ocrx_word' id='word_1_602' title='bbox 2156 4467 2288 4521; x_wconf 91' lang='lat' dir='ltr'><strong>Cum</strong></span> <span class='ocrx_word' id='word_1_603' title='bbox 2343 4479 2515 4519; x_wconf 85' lang='lat' dir='ltr'><strong>canon</strong></span> <span class='ocrx_word' id='word_1_604' title='bbox 2547 4464 2579 4516; x_wconf 75' lang='grc'><strong>4</strong></span> <span class='ocrx_word' id='word_1_605' title='bbox 2616 4459 2958 4514; x_wconf 65' lang='lat' dir='ltr'><strong>Antiocheam</strong></span> <span class='ocrx_word' id='word_1_606' title='bbox 3008 4455 3193 4525; x_wconf 82' lang='lat' dir='ltr'><strong>synodi</strong></span> <span class='ocrx_word' id='word_1_607' title='bbox 3221 4455 3398 4509; x_wconf 79' lang='lat' dir='ltr'><strong>decla-</strong></span> 
     </span>
    </p>
   </div>
   <div class='ocr_carea' id='block_1_89' title="bbox 181 4551 1745 4625">
    <p class='ocr_par' dir='ltr' id='par_1_89' title="bbox 181 4551 1745 4625">
     <span class='ocr_line' id='line_1_89' title="bbox 181 4551 1745 4625; baseline 0.001 -18"><span class='ocrx_word' id='word_1_608' title='bbox 181 4555 556 4624; x_wconf 74' lang='grc' dir='ltr'>ἐμφαίνοντος</span> <span class='ocrx_word' id='word_1_609' title='bbox 587 4553 685 4614; x_wconf 72' lang='grc' dir='ltr'>τὰς</span> <span class='ocrx_word' id='word_1_610' title='bbox 723 4551 821 4620; x_wconf 81' lang='grc' dir='ltr'>μὲν</span> <span class='ocrx_word' id='word_1_611' title='bbox 848 4552 1201 4621; x_wconf 85' lang='grc' dir='ltr'>καθαιρέσεις</span> <span class='ocrx_word' id='word_1_612' title='bbox 1223 4552 1330 4605; x_wconf 85' lang='grc' dir='ltr'><strong>τῶν</strong></span> <span class='ocrx_word' id='word_1_613' title='bbox 1357 4556 1745 4625; x_wconf 83' lang='grc' dir='ltr'>πρεσϐυτέρων</span> 
     </span>
    </p>
   </div>
   <div class='ocr_carea' id='block_1_90' title="bbox 181 4643 1748 4712">
    <p class='ocr_par' dir='ltr' id='par_1_90' title="bbox 181 4643 1748 4712">
     <span class='ocr_line' id='line_1_90' title="bbox 181 4643 1748 4712; baseline 0.001 -13"><span class='ocrx_word' id='word_1_614' title='bbox 181 4648 290 4700; x_wconf 73' lang='grc' dir='ltr'>καὶ</span> <span class='ocrx_word' id='word_1_615' title='bbox 325 4644 591 4697; x_wconf 85' lang='grc' dir='ltr'>διακόνων</span> <span class='ocrx_word' id='word_1_616' title='bbox 619 4644 769 4712; x_wconf 80' lang='grc' dir='ltr'><strong>παρά</strong></span> <span class='ocrx_word' id='word_1_617' title='bbox 795 4643 912 4705; x_wconf 79' lang='grc' dir='ltr'>ἐνὸς</span> <span class='ocrx_word' id='word_1_618' title='bbox 941 4644 1240 4697; x_wconf 84' lang='grc' dir='ltr'>ἐπισκόπου</span> <span class='ocrx_word' id='word_1_619' title='bbox 1267 4645 1534 4712; x_wconf 89' lang='grc' dir='ltr'>γίνεσθαι,</span> <span class='ocrx_word' id='word_1_620' title='bbox 1565 4649 1662 4709; x_wconf 85' lang='grc' dir='ltr'><strong>τάς</strong></span> <span class='ocrx_word' id='word_1_621' title='bbox 1693 4649 1748 4700; x_wconf 84' lang='grc' dir='ltr'><strong>δέ</strong></span> 
     </span>
    </p>
   </div>
   <div class='ocr_carea' id='block_1_91' title="bbox 1859 4546 3402 4627">
    <p class='ocr_par' dir='ltr' id='par_1_91' title="bbox 1859 4546 3402 4627">
     <span class='ocr_line' id='line_1_91' title="bbox 1859 4546 3402 4627; baseline -0.012 -13"><span class='ocrx_word' id='word_1_622' title='bbox 1859 4570 2030 4614; x_wconf 82' lang='lat' dir='ltr'><strong>rasset</strong></span> <span class='ocrx_word' id='word_1_623' title='bbox 2070 4559 2407 4627; x_wconf 84' lang='lat' dir='ltr'><strong>presbyteros</strong></span> <span class='ocrx_word' id='word_1_624' title='bbox 2462 4563 2516 4608; x_wconf 92' lang='lat' dir='ltr'><strong>et</strong></span> <span class='ocrx_word' id='word_1_625' title='bbox 2563 4553 2818 4606; x_wconf 83' lang='lat' dir='ltr'><strong>diaconos</strong></span> <span class='ocrx_word' id='word_1_626' title='bbox 2871 4550 2936 4601; x_wconf 85' lang='lat' dir='ltr'><strong>ab</strong></span> <span class='ocrx_word' id='word_1_627' title='bbox 2996 4564 3102 4599; x_wconf 91' lang='lat' dir='ltr'><strong>ttno</strong></span> <span class='ocrx_word' id='word_1_628' title='bbox 3151 4546 3402 4614; x_wconf 76' lang='lat' dir='ltr'><strong>episeopo</strong></span> 
     </span>
    </p>
   </div>
   <div class='ocr_carea' id='block_1_92' title="bbox 1856 4633 3406 4717">
    <p class='ocr_par' dir='ltr' id='par_1_92' title="bbox 1856 4633 3406 4717">
     <span class='ocr_line' id='line_1_92' title="bbox 1856 4633 3406 4717; baseline -0.014 -12"><span class='ocrx_word' id='word_1_629' title='bbox 1856 4651 2072 4717; x_wconf 86' lang='lat' dir='ltr'><strong>deponi,</strong></span> <span class='ocrx_word' id='word_1_630' title='bbox 2123 4649 2489 4715; x_wconf 87' lang='lat' dir='ltr'><strong>episcoporum</strong></span> <span class='ocrx_word' id='word_1_631' title='bbox 2519 4651 2694 4696; x_wconf 89' lang='lat' dir='ltr'><strong>autem</strong></span> <span class='ocrx_word' id='word_1_632' title='bbox 2755 4637 3115 4706; x_wconf 89' lang='lat' dir='ltr'><strong>depositiones</strong></span> <span class='ocrx_word' id='word_1_633' title='bbox 3146 4650 3172 4685; x_wconf 83' lang='lat' dir='ltr'><strong>a</strong></span> <span class='ocrx_word' id='word_1_634' title='bbox 3204 4633 3406 4703; x_wconf 84' lang='lat' dir='ltr'><strong>synodo</strong></span> 
     </span>
    </p>
   </div>
   <div class='ocr_carea' id='block_1_93' title="bbox 1434 4783 2216 4860">
    <p class='ocr_par' dir='ltr' id='par_1_93' title="bbox 1434 4783 2216 4860">
     <span class='ocr_line' id='line_1_93' title="bbox 1434 4783 2216 4860; baseline 0.004 -20"><span class='ocrx_word' id='word_1_635' title='bbox 1434 4783 1621 4842; x_wconf 88' lang='lat' dir='ltr'><strong>Guill.</strong></span> <span class='ocrx_word' id='word_1_636' title='bbox 1656 4784 1980 4860; x_wconf 76' lang='lat' dir='ltr'><strong>Beveregii</strong></span> <span class='ocrx_word' id='word_1_637' title='bbox 2033 4791 2216 4843; x_wconf 76' lang='lat' dir='ltr'><strong>notae.</strong></span> 
     </span>
    </p>
   </div>
   <div class='ocr_carea' id='block_1_94' title="bbox 267 4890 1745 4972">
    <p class='ocr_par' dir='ltr' id='par_1_94' title="bbox 267 4890 1745 4972">
     <span class='ocr_line' id='line_1_94' title="bbox 267 4890 1745 4972; baseline 0.001 -13"><span class='ocrx_word' id='word_1_638' title='bbox 267 4909 384 4969; x_wconf 71' lang='grc' dir='ltr'><strong>(ιδ)</strong></span> <span class='ocrx_word' id='word_1_639' title='bbox 423 4907 568 4958; x_wconf 79' lang='grc' dir='ltr'><strong>’Υπὸ</strong></span> <span class='ocrx_word' id='word_1_640' title='bbox 596 4890 823 4959; x_wconf 78' lang='grc' dir='ltr'>δώδεκα</span> <span class='ocrx_word' id='word_1_641' title='bbox 853 4907 1199 4959; x_wconf 74' lang='grc' dir='ltr'>ἐπισκόπων</span> <span class='ocrx_word' id='word_1_642' title='bbox 1251 4906 1548 4972; x_wconf 78' lang='grc' dir='ltr'>ἀκουσθῇ.</span> <span class='ocrx_word' id='word_1_643' title='bbox 1599 4908 1745 4962; x_wconf 84' lang='lat' dir='ltr'><strong>Con-</strong></span> 
     </span>
    </p>
   </div>
   <div class='ocr_carea' id='block_1_95' title="bbox 1849 4910 2205 4974">
    <p class='ocr_par' dir='ltr' id='par_1_95' title="bbox 1849 4910 2205 4974">
     <span class='ocr_line' id='line_1_95' title="bbox 1849 4910 2205 4974; baseline 0 -14"><span class='ocrx_word' id='word_1_644' title='bbox 1849 4911 1920 4974; x_wconf 81' lang='grc' dir='ltr'>μὴ</span> <span class='ocrx_word' id='word_1_645' title='bbox 1950 4910 2205 4961; x_wconf 77' lang='grc' dir='ltr'>ἐπέκεινα</span> 
     </span>
    </p>
   </div>
   <div class='ocr_carea' id='block_1_96' title="bbox 2245 4900 3400 4977">
    <p class='ocr_par' dir='ltr' id='par_1_96' title="bbox 2245 4900 3400 4977">
     <span class='ocr_line' id='line_1_96' title="bbox 2245 4900 3400 4977; baseline -0.003 -20"><span class='ocrx_word' id='word_1_646' title='bbox 2245 4903 2310 4977; x_wconf 80' lang='grc' dir='ltr'>ἦν</span> <span class='ocrx_word' id='word_1_647' title='bbox 2351 4907 2512 4966; x_wconf 74' lang='grc' dir='ltr'>αὐτὸς</span> <span class='ocrx_word' id='word_1_648' title='bbox 2560 4908 2660 4973; x_wconf 80' lang='grc' dir='ltr'>τῆς</span> <span class='ocrx_word' id='word_1_649' title='bbox 2697 4905 2812 4977; x_wconf 80' lang='grc' dir='ltr'><strong>τῶν</strong></span> <span class='ocrx_word' id='word_1_650' title='bbox 2849 4902 3052 4977; x_wconf 74' lang='grc' dir='ltr'>λοιπῶν</span> <span class='ocrx_word' id='word_1_651' title='bbox 3084 4900 3400 4977; x_wconf 74' lang='grc' dir='ltr'>δωδεκᾴδος.</span> 
     </span>
    </p>
   </div>
   <div class='ocr_carea' id='block_1_97' title="bbox 195 4970 3401 5044">
    <p class='ocr_par' dir='ltr' id='par_1_97' title="bbox 195 4970 3401 5044">
     <span class='ocr_line' id='line_1_97' title="bbox 195 4970 3401 5044; baseline -0.003 -16"><span class='ocrx_word' id='word_1_652' title='bbox 195 4979 480 5034; x_wconf 74' lang='lat' dir='ltr'><strong>stantinus</strong></span> <span class='ocrx_word' id='word_1_653' title='bbox 543 4976 973 5040; x_wconf 83' lang='lat' dir='ltr'><strong>Harmenopulus</strong></span> <span class='ocrx_word' id='word_1_654' title='bbox 1005 4983 1321 5044; x_wconf 64' lang='lat' dir='ltr'><strong>praesentem</strong></span> <span class='ocrx_word' id='word_1_655' title='bbox 1369 4970 1630 5035; x_wconf 81' lang='lat' dir='ltr'><strong>canonetu</strong></span> <span class='ocrx_word' id='word_1_656' title='bbox 1662 4979 1743 5030; x_wconf 89' lang='lat' dir='ltr'><strong>his</strong></span> <span class='ocrx_word' id='word_1_657' title='bbox 1846 4970 1984 5029; x_wconf 72' lang='lat' dir='ltr'><strong>Hinc</strong></span> <span class='ocrx_word' id='word_1_658' title='bbox 2021 4977 2187 5031; x_wconf 82' lang='lat' dir='ltr'><strong>Lucas</strong></span> <span class='ocrx_word' id='word_1_659' title='bbox 2240 4970 2548 5041; x_wconf 73' lang='lat' dir='ltr'><strong>patriarcha</strong></span> <span class='ocrx_word' id='word_1_660' title='bbox 2589 4970 2760 5027; x_wconf 83' lang='lat' dir='ltr'><strong>motus</strong></span> <span class='ocrx_word' id='word_1_661' title='bbox 2797 4975 2999 5024; x_wconf 87' lang='lat' dir='ltr'><strong>irritam</strong></span> <span class='ocrx_word' id='word_1_662' title='bbox 3026 4970 3223 5023; x_wconf 80' lang='lat' dir='ltr'><strong>censuit</strong></span> <span class='ocrx_word' id='word_1_663' title='bbox 3249 4970 3401 5020; x_wconf 82' lang='lat' dir='ltr'><strong>Ama-</strong></span> 
     </span>
    </p>
   </div>
   <div class='ocr_carea' id='block_1_98' title="bbox 193 5045 1745 5112">
    <p class='ocr_par' dir='ltr' id='par_1_98' title="bbox 193 5045 1745 5112">
     <span class='ocr_line' id='line_1_98' title="bbox 193 5045 1745 5112; baseline -0.001 -14"><span class='ocrx_word' id='word_1_664' title='bbox 193 5047 385 5101; x_wconf 70' lang='lat' dir='ltr'><strong>verbis</strong></span> <span class='ocrx_word' id='word_1_665' title='bbox 425 5053 760 5097; x_wconf 87' lang='lat' dir='ltr'><strong>contractum</strong></span> <span class='ocrx_word' id='word_1_666' title='bbox 810 5045 974 5105; x_wconf 85' lang='lat' dir='ltr'><strong>dedit.</strong></span> <span class='ocrx_word' id='word_1_667' title='bbox 1027 5045 1356 5095; x_wconf 84' lang='grc' dir='ltr'>Ἐπισκόπου</span> <span class='ocrx_word' id='word_1_668' title='bbox 1408 5062 1745 5112; x_wconf 75' lang='grc' dir='ltr'>κατηγορουο</span> 
     </span>
    </p>
   </div>
   <div class='ocr_carea' id='block_1_99' title="bbox 199 5113 1744 5182">
    <p class='ocr_par' dir='ltr' id='par_1_99' title="bbox 199 5113 1744 5182">
     <span class='ocr_line' id='line_1_99' title="bbox 199 5113 1744 5182; baseline -0.001 -15"><span class='ocrx_word' id='word_1_669' title='bbox 199 5119 386 5182; x_wconf 74' lang='grc' dir='ltr'>μένου.</span> <span class='ocrx_word' id='word_1_670' title='bbox 414 5115 462 5182; x_wconf 75' lang='grc' dir='ltr'><strong>εί</strong></span> <span class='ocrx_word' id='word_1_671' title='bbox 514 5113 770 5179; x_wconf 81' lang='grc' dir='ltr'>δυσχερὲς</span> <span class='ocrx_word' id='word_1_672' title='bbox 801 5115 882 5181; x_wconf 83' lang='grc' dir='ltr'><strong>εῖη</strong></span> <span class='ocrx_word' id='word_1_673' title='bbox 920 5113 1018 5179; x_wconf 82' lang='grc' dir='ltr'><strong>την</strong></span> <span class='ocrx_word' id='word_1_674' title='bbox 1075 5115 1257 5164; x_wconf 77' lang='grc' dir='ltr'>πᾶσαν</span> <span class='ocrx_word' id='word_1_675' title='bbox 1310 5113 1522 5165; x_wconf 80' lang='grc' dir='ltr'>σύνοδον</span> <span class='ocrx_word' id='word_1_676' title='bbox 1560 5115 1744 5165; x_wconf 87' lang='grc' dir='ltr'>συνελ-</span> 
     </span>
    </p>
   </div>
   <div class='ocr_carea' id='block_1_100' title="bbox 197 5181 1739 5246">
    <p class='ocr_par' dir='ltr' id='par_1_100' title="bbox 197 5181 1739 5246">
     <span class='ocr_line' id='line_1_100' title="bbox 197 5181 1739 5246; baseline -0.002 -9"><span class='ocrx_word' id='word_1_677' title='bbox 197 5181 339 5244; x_wconf 83' lang='grc' dir='ltr'>θεῖν,</span> <span class='ocrx_word' id='word_1_678' title='bbox 369 5181 576 5232; x_wconf 85' lang='grc' dir='ltr'>δώδεκα</span> <span class='ocrx_word' id='word_1_679' title='bbox 604 5182 738 5244; x_wconf 82' lang='grc' dir='ltr'>γοῦν</span> <span class='ocrx_word' id='word_1_680' title='bbox 772 5182 870 5246; x_wconf 79' lang='grc' dir='ltr'><strong>τὴν</strong></span> <span class='ocrx_word' id='word_1_681' title='bbox 901 5182 1154 5234; x_wconf 83' lang='grc' dir='ltr'>ὑπόθεσιν</span> <span class='ocrx_word' id='word_1_682' title='bbox 1196 5182 1602 5245; x_wconf 83' lang='grc' dir='ltr'>ἐξετασάτωσαν</span> <span class='ocrx_word' id='word_1_683' title='bbox 1628 5184 1739 5234; x_wconf 75' lang='grc' dir='ltr'>ἐπί·</span> 
     </span>
    </p>
   </div>
   <div class='ocr_carea' id='block_1_101' title="bbox 1845 5040 3404 5112">
    <p class='ocr_par' dir='ltr' id='par_1_101' title="bbox 1845 5040 3404 5112">
     <span class='ocr_line' id='line_1_101' title="bbox 1845 5040 3404 5112; baseline -0.006 -12"><span class='ocrx_word' id='word_1_684' title='bbox 1845 5048 2017 5100; x_wconf 71' lang='lat' dir='ltr'><strong>litanti</strong></span> <span class='ocrx_word' id='word_1_685' title='bbox 2063 5040 2289 5112; x_wconf 75' lang='lat' dir='ltr'><strong>episcopi</strong></span> <span class='ocrx_word' id='word_1_686' title='bbox 2336 5045 2559 5097; x_wconf 83' lang='lat' dir='ltr'><strong>Joannis</strong></span> <span class='ocrx_word' id='word_1_687' title='bbox 2602 5045 2977 5112; x_wconf 84' lang='lat' dir='ltr'><strong>depositionent</strong></span> <span class='ocrx_word' id='word_1_688' title='bbox 3029 5043 3091 5091; x_wconf 90' lang='lat' dir='ltr'><strong>ab</strong></span> <span class='ocrx_word' id='word_1_689' title='bbox 3143 5040 3404 5112; x_wconf 63' lang='lat' dir='ltr'><strong>arcniepi-</strong></span> 
     </span>
    </p>
   </div>
   <div class='ocr_carea' id='block_1_102' title="bbox 1842 5109 3401 5182">
    <p class='ocr_par' dir='ltr' id='par_1_102' title="bbox 1842 5109 3401 5182">
     <span class='ocr_line' id='line_1_102' title="bbox 1842 5109 3401 5182; baseline -0.008 -13"><span class='ocrx_word' id='word_1_690' title='bbox 1842 5131 1994 5178; x_wconf 83' lang='lat' dir='ltr'><strong>scopo</strong></span> <span class='ocrx_word' id='word_1_691' title='bbox 2027 5109 2186 5179; x_wconf 56' lang='lat' dir='ltr'><strong>Cypri</strong></span> <span class='ocrx_word' id='word_1_692' title='bbox 2221 5116 2464 5182; x_wconf 77' lang='lat' dir='ltr'><strong>factam;</strong></span> <span class='ocrx_word' id='word_1_693' title='bbox 2498 5115 2635 5180; x_wconf 84' lang='lat' dir='ltr'><strong>quod</strong></span> <span class='ocrx_word' id='word_1_694' title='bbox 2670 5130 2785 5164; x_wconf 85' lang='lat' dir='ltr'><strong>cum</strong></span> <span class='ocrx_word' id='word_1_695' title='bbox 2829 5112 2875 5163; x_wconf 84' lang='lat' dir='ltr'><strong>ei</strong></span> <span class='ocrx_word' id='word_1_696' title='bbox 2910 5111 3172 5162; x_wconf 73' lang='lat' dir='ltr'><strong>duntaxat</strong></span> <span class='ocrx_word' id='word_1_697' title='bbox 3201 5109 3254 5158; x_wconf 84' lang='grc' dir='ltr'>Η</span> <span class='ocrx_word' id='word_1_698' title='bbox 3291 5110 3401 5172; x_wconf 84' lang='lat' dir='ltr'><strong>epi-</strong></span> 
     </span>
    </p>
   </div>
   <div class='ocr_carea' id='block_1_103' title="bbox 1841 5183 3397 5248">
    <p class='ocr_par' dir='ltr' id='par_1_103' title="bbox 1841 5183 3397 5248">
     <span class='ocr_line' id='line_1_103' title="bbox 1841 5183 3397 5248; baseline -0.008 -10"><span class='ocrx_word' id='word_1_699' title='bbox 1841 5185 1983 5248; x_wconf 82' lang='lat' dir='ltr'><strong>scopi</strong></span> <span class='ocrx_word' id='word_1_700' title='bbox 2011 5184 2274 5246; x_wconf 81' lang='lat' dir='ltr'><strong>adessent,</strong></span> <span class='ocrx_word' id='word_1_701' title='bbox 2312 5183 2692 5234; x_wconf 78' lang='lat' dir='ltr'><strong>duodenarium</strong></span> <span class='ocrx_word' id='word_1_702' title='bbox 2733 5185 2842 5245; x_wconf 85' lang='lat' dir='ltr'><strong>ipse</strong></span> <span class='ocrx_word' id='word_1_703' title='bbox 2876 5194 3146 5231; x_wconf 79' lang='lat' dir='ltr'><strong>numerum</strong></span> <span class='ocrx_word' id='word_1_704' title='bbox 3172 5192 3270 5228; x_wconf 86' lang='lat' dir='ltr'><strong>non</strong></span> <span class='ocrx_word' id='word_1_705' title='bbox 3307 5193 3397 5228; x_wconf 84' lang='lat' dir='ltr'><strong>su-</strong></span> 
     </span>
    </p>
   </div>
   <div class='ocr_carea' id='block_1_104' title="bbox 197 5250 1753 5320">
    <p class='ocr_par' dir='ltr' id='par_1_104' title="bbox 197 5250 1740 5320">
     <span class='ocr_line' id='line_1_104' title="bbox 197 5250 1740 5320; baseline 0 -16"><span class='ocrx_word' id='word_1_706' title='bbox 197 5266 413 5304; x_wconf 83' lang='grc' dir='ltr'>σκοποι’</span> <span class='ocrx_word' id='word_1_707' title='bbox 435 5251 806 5317; x_wconf 83' lang='grc' dir='ltr'>πρεσϐυτέρου</span> <span class='ocrx_word' id='word_1_708' title='bbox 842 5250 900 5320; x_wconf 73' lang='grc' dir='ltr'>δὲ</span> <span class='ocrx_word' id='word_1_709' title='bbox 932 5250 991 5320; x_wconf 78' lang='grc' dir='ltr'><strong>ἐξ</strong></span> <span class='ocrx_word' id='word_1_710' title='bbox 1015 5266 1029 5280; x_wconf 87' lang='grc'><strong>·</strong></span> <span class='ocrx_word' id='word_1_711' title='bbox 1057 5251 1301 5302; x_wconf 85' lang='grc' dir='ltr'>διακόνου</span> <span class='ocrx_word' id='word_1_712' title='bbox 1333 5251 1388 5301; x_wconf 82' lang='grc' dir='ltr'>δὲ</span> <span class='ocrx_word' id='word_1_713' title='bbox 1414 5254 1583 5316; x_wconf 84' lang='grc' dir='ltr'>τρεῖς.</span> <span class='ocrx_word' id='word_1_714' title='bbox 1609 5250 1740 5304; x_wconf 87' lang='lat' dir='ltr'><strong>Cum</strong></span> 
     </span>
    </p>
   </div>
   <div class='ocr_carea' id='block_1_105' title="bbox 1852 5250 2894 5320">
    <p class='ocr_par' dir='ltr' id='par_1_105' title="bbox 1852 5250 2894 5320">
     <span class='ocr_line' id='line_1_105' title="bbox 1852 5250 2894 5320; baseline -0.005 -14"><span class='ocrx_word' id='word_1_715' title='bbox 1852 5263 2070 5320; x_wconf 68' lang='lat' dir='ltr'><strong>peruret.</strong></span> <span class='ocrx_word' id='word_1_716' title='bbox 2108 5252 2436 5309; x_wconf 80' lang='lat' dir='ltr'><strong>Haruienop.</strong></span> <span class='ocrx_word' id='word_1_717' title='bbox 2481 5261 2618 5303; x_wconf 78' lang='lat' dir='ltr'><strong>sect.</strong></span> <span class='ocrx_word' id='word_1_718' title='bbox 2645 5252 2699 5320; x_wconf 80' lang='grc'>1,</span> <span class='ocrx_word' id='word_1_719' title='bbox 2722 5252 2801 5302; x_wconf 93' lang='lat' dir='ltr'><strong>tit.</strong></span> <span class='ocrx_word' id='word_1_720' title='bbox 2844 5250 2894 5320; x_wconf 60' lang='lat'><strong>5.</strong></span> 
     </span>
    </p>
   </div>
   <div class='ocr_carea' id='block_1_106' title="bbox 193 5319 1741 5388">
    <p class='ocr_par' dir='ltr' id='par_1_106' title="bbox 193 5319 1741 5388">
     <span class='ocr_line' id='line_1_106' title="bbox 193 5319 1741 5388; baseline -0.001 -15"><span class='ocrx_word' id='word_1_721' title='bbox 193 5325 470 5388; x_wconf 69' lang='lat' dir='ltr'><strong>episcopus</strong></span> <span class='ocrx_word' id='word_1_722' title='bbox 507 5329 814 5388; x_wconf 69' lang='lat' dir='ltr'><strong>accusatur,</strong></span> <span class='ocrx_word' id='word_1_723' title='bbox 844 5319 892 5388; x_wconf 88' lang='lat' dir='ltr'><strong>si</strong></span> <span class='ocrx_word' id='word_1_724' title='bbox 933 5319 1150 5388; x_wconf 78' lang='lat' dir='ltr'><strong>difﬁcile</strong></span> <span class='ocrx_word' id='word_1_725' title='bbox 1179 5322 1247 5372; x_wconf 82' lang='lat' dir='ltr'><strong>sit</strong></span> <span class='ocrx_word' id='word_1_726' title='bbox 1295 5321 1591 5372; x_wconf 85' lang='lat' dir='ltr'><strong>universam</strong></span> <span class='ocrx_word' id='word_1_727' title='bbox 1617 5337 1741 5373; x_wconf 87' lang='lat' dir='ltr'><strong>con-</strong></span> 
     </span>
    </p>
   </div>
   <div class='ocr_carea' id='block_1_107' title="bbox 193 5385 1738 5454">
    <p class='ocr_par' dir='ltr' id='par_1_107' title="bbox 193 5385 1738 5454">
     <span class='ocr_line' id='line_1_107' title="bbox 193 5385 1738 5454; baseline 0 -12"><span class='ocrx_word' id='word_1_728' title='bbox 193 5385 381 5444; x_wconf 60' lang='lat' dir='ltr'><strong>mira</strong></span> <span class='ocrx_word' id='word_1_729' title='bbox 399 5389 676 5454; x_wconf 80' lang='lat' dir='ltr'><strong>synodum,</strong></span> <span class='ocrx_word' id='word_1_730' title='bbox 709 5385 976 5439; x_wconf 81' lang='lat' dir='ltr'><strong>duodecim</strong></span> <span class='ocrx_word' id='word_1_731' title='bbox 1020 5387 1203 5439; x_wconf 83' lang='lat' dir='ltr'><strong>saltem</strong></span> <span class='ocrx_word' id='word_1_732' title='bbox 1251 5389 1472 5454; x_wconf 57' lang='lat' dir='ltr'><strong>episcopi</strong></span> <span class='ocrx_word' id='word_1_733' title='bbox 1522 5405 1738 5442; x_wconf 80' lang='lat' dir='ltr'><strong>causam</strong></span> 
     </span>
    </p>
   </div>
   <div class='ocr_carea' id='block_1_108' title="bbox 194 5457 1735 5523">
    <p class='ocr_par' dir='ltr' id='par_1_108' title="bbox 194 5457 1735 5523">
     <span class='ocr_line' id='line_1_108' title="bbox 194 5457 1735 5523; baseline -0.001 -11"><span class='ocrx_word' id='word_1_734' title='bbox 194 5459 490 5512; x_wconf 67' lang='lat' dir='ltr'><strong>examinant</strong></span> <span class='ocrx_word' id='word_1_735' title='bbox 512 5472 532 5518; x_wconf 81' lang='lat'><strong>,°</strong></span> <span class='ocrx_word' id='word_1_736' title='bbox 557 5458 604 5510; x_wconf 86' lang='lat' dir='ltr'><strong>si</strong></span> <span class='ocrx_word' id='word_1_737' title='bbox 625 5457 916 5523; x_wconf 80' lang='lat' dir='ltr'><strong>presbyter.</strong></span> <span class='ocrx_word' id='word_1_738' title='bbox 946 5471 1033 5508; x_wconf 72' lang='lat' dir='ltr'><strong>sex</strong></span> <span class='ocrx_word' id='word_1_739' title='bbox 1055 5471 1074 5516; x_wconf 86' lang='lat'><strong><em>;</em></strong></span> <span class='ocrx_word' id='word_1_740' title='bbox 1099 5457 1142 5508; x_wconf 84' lang='lat' dir='ltr'><strong>si</strong></span> <span class='ocrx_word' id='word_1_741' title='bbox 1171 5457 1447 5521; x_wconf 73' lang='lat' dir='ltr'><strong>diaconus,</strong></span> <span class='ocrx_word' id='word_1_742' title='bbox 1479 5468 1603 5510; x_wconf 87' lang='lat' dir='ltr'><strong>tres.</strong></span> <span class='ocrx_word' id='word_1_743' title='bbox 1637 5457 1735 5512; x_wconf 91' lang='lat' dir='ltr'><strong>Ubi</strong></span> 
     </span>
    </p>
   </div>
   <div class='ocr_carea' id='block_1_109' title="bbox 191 5523 1738 5596">
    <p class='ocr_par' dir='ltr' id='par_1_109' title="bbox 191 5523 1738 5596">
     <span class='ocr_line' id='line_1_109' title="bbox 191 5523 1738 5596; baseline -0.003 -16"><span class='ocrx_word' id='word_1_744' title='bbox 191 5527 512 5581; x_wconf 78' lang='lat' dir='ltr'><strong>scholiastes</strong></span> <span class='ocrx_word' id='word_1_745' title='bbox 541 5527 656 5577; x_wconf 66' lang='lat' dir='ltr'><strong>haec</strong></span> <span class='ocrx_word' id='word_1_746' title='bbox 692 5523 986 5596; x_wconf 18' lang='lat' dir='ltr'><strong>thservat,</strong></span> <span class='ocrx_word' id='word_1_747' title='bbox 1024 5524 1312 5596; x_wconf 69' lang='lat' dir='ltr'><strong>_’Ev1e§0_sv</strong></span> <span class='ocrx_word' id='word_1_748' title='bbox 1340 5528 1368 5577; x_wconf 91' lang='grc' dir='ltr'><strong>ό</strong></span> <span class='ocrx_word' id='word_1_749' title='bbox 1397 5527 1738 5596; x_wconf 75' lang='grc' dir='ltr'>πατριάρχης</span> 
     </span>
    </p>
   </div>
   <div class='ocr_carea' id='block_1_110' title="bbox 187 5591 1738 5661">
    <p class='ocr_par' dir='ltr' id='par_1_110' title="bbox 187 5591 1738 5661">
     <span class='ocr_line' id='line_1_110' title="bbox 187 5591 1738 5661; baseline -0.008 -3"><span class='ocrx_word' id='word_1_750' title='bbox 187 5597 404 5656; x_wconf 71' lang='grc' dir='ltr'>Λουκᾶς</span> <span class='ocrx_word' id='word_1_751' title='bbox 449 5595 655 5661; x_wconf 74' lang='grc' dir='ltr'>ἄκυρον</span> <span class='ocrx_word' id='word_1_752' title='bbox 679 5591 926 5661; x_wconf 66' lang='grc' dir='ltr'>ἡγήσᾳτφ</span> <span class='ocrx_word' id='word_1_753' title='bbox 985 5591 1082 5660; x_wconf 77' lang='grc' dir='ltr'><strong>τὴν</strong></span> <span class='ocrx_word' id='word_1_754' title='bbox 1120 5592 1212 5644; x_wconf 82' lang='grc' dir='ltr'>τοῦ</span> <span class='ocrx_word' id='word_1_755' title='bbox 1251 5594 1548 5646; x_wconf 83' lang='grc' dir='ltr'>ἐπισκόπου</span> <span class='ocrx_word' id='word_1_756' title='bbox 1575 5591 1738 5661; x_wconf 79' lang='grc' dir='ltr'>Ἀμα-</span> 
     </span>
    </p>
   </div>
   <div class='ocr_carea' id='block_1_111' title="bbox 189 5659 1738 5730">
    <p class='ocr_par' dir='ltr' id='par_1_111' title="bbox 189 5659 1738 5730">
     <span class='ocr_line' id='line_1_111' title="bbox 189 5659 1738 5730; baseline 0.005 -23"><span class='ocrx_word' id='word_1_757' title='bbox 189 5667 410 5726; x_wconf 52' lang='lat' dir='ltr'><strong>nomen;</strong></span> <span class='ocrx_word' id='word_1_758' title='bbox 439 5659 701 5716; x_wconf 77' lang='grc' dir='ltr'>Ἰωάννου</span> <span class='ocrx_word' id='word_1_759' title='bbox 749 5659 1086 5730; x_wconf 76' lang='grc' dir='ltr'>καθαίρεσιν,</span> <span class='ocrx_word' id='word_1_760' title='bbox 1119 5663 1182 5730; x_wconf 74' lang='grc' dir='ltr'>ἣν</span> <span class='ocrx_word' id='word_1_761' title='bbox 1228 5663 1256 5713; x_wconf 91' lang='grc' dir='ltr'><strong>ό</strong></span> <span class='ocrx_word' id='word_1_762' title='bbox 1315 5659 1738 5730; x_wconf 83' lang='grc' dir='ltr'>ἀρχιεπίσκοπος</span> 
     </span>
    </p>
   </div>
   <div class='ocr_carea' id='block_1_112' title="bbox 190 5726 1743 5797">
    <p class='ocr_par' dir='ltr' id='par_1_112' title="bbox 190 5726 1743 5797">
     <span class='ocr_line' id='line_1_112' title="bbox 190 5726 1743 5797; baseline -0.003 -8"><span class='ocrx_word' id='word_1_763' title='bbox 190 5737 481 5796; x_wconf 72' lang='grc' dir='ltr'>ἐποιήσατο</span> <span class='ocrx_word' id='word_1_764' title='bbox 509 5731 756 5794; x_wconf 78' lang='grc' dir='ltr'>Κύπρου</span> <span class='ocrx_word' id='word_1_765' title='bbox 792 5727 872 5783; x_wconf 81' lang='grc' dir='ltr'>ὅτι</span> <span class='ocrx_word' id='word_1_766' title='bbox 904 5726 968 5782; x_wconf 78' lang='grc' dir='ltr'><strong>ια’</strong></span> <span class='ocrx_word' id='word_1_767' title='bbox 1007 5726 1184 5794; x_wconf 72' lang='grc' dir='ltr'>μόνοις</span> <span class='ocrx_word' id='word_1_768' title='bbox 1209 5726 1743 5797; x_wconf 75' lang='grc' dir='ltr'>συνὼνέπισκόποις,</span> 
     </span>
    </p>
   </div>
   <div class='ocr_carea' id='block_1_113' title="bbox 1918 5315 3400 5387">
    <p class='ocr_par' dir='ltr' id='par_1_113' title="bbox 1918 5315 3400 5387">
     <span class='ocr_line' id='line_1_113' title="bbox 1918 5315 3400 5387; baseline -0.007 -14"><span class='ocrx_word' id='word_1_769' title='bbox 1918 5322 2027 5387; x_wconf 71' lang='lat' dir='ltr'><strong>(ii)</strong></span> <span class='ocrx_word' id='word_1_770' title='bbox 2071 5322 2123 5372; x_wconf 88' lang='grc' dir='ltr'><strong><em>Ὀ</em></strong></span> <span class='ocrx_word' id='word_1_771' title='bbox 2172 5321 2570 5385; x_wconf 81' lang='grc' dir='ltr'>πρεσϐύτερος</span> <span class='ocrx_word' id='word_1_772' title='bbox 2589 5319 2709 5373; x_wconf 80' lang='grc' dir='ltr'><strong>ὑπὸ</strong></span> <span class='ocrx_word' id='word_1_773' title='bbox 2742 5320 2828 5380; x_wconf 79' lang='grc' dir='ltr'><strong>ἓξ.</strong></span> <span class='ocrx_word' id='word_1_774' title='bbox 2863 5317 3013 5381; x_wconf 83' lang='lat' dir='ltr'><strong>Quod</strong></span> <span class='ocrx_word' id='word_1_775' title='bbox 3074 5315 3160 5387; x_wconf 85' lang='lat' dir='ltr'><strong>hic</strong></span> <span class='ocrx_word' id='word_1_776' title='bbox 3193 5316 3400 5387; x_wconf 76' lang='lat' dir='ltr'><strong>consti-</strong></span> 
     </span>
    </p>
   </div>
   <div class='ocr_carea' id='block_1_114' title="bbox 1849 5383 3387 5453">
    <p class='ocr_par' dir='ltr' id='par_1_114' title="bbox 1849 5383 3387 5453">
     <span class='ocr_line' id='line_1_114' title="bbox 1849 5383 3387 5453; baseline -0.003 -10"><span class='ocrx_word' id='word_1_777' title='bbox 1849 5383 2038 5450; x_wconf 82' lang='lat' dir='ltr'><strong>tuitur,</strong></span> <span class='ocrx_word' id='word_1_778' title='bbox 2085 5403 2140 5441; x_wconf 91' lang='lat' dir='ltr'><strong>ut</strong></span> <span class='ocrx_word' id='word_1_779' title='bbox 2198 5383 2362 5443; x_wconf 71' lang='lat' dir='ltr'><strong>causa</strong></span> <span class='ocrx_word' id='word_1_780' title='bbox 2420 5389 2627 5442; x_wconf 70' lang='lat' dir='ltr'><strong>scilicet</strong></span> <span class='ocrx_word' id='word_1_781' title='bbox 2685 5387 2921 5453; x_wconf 81' lang='lat' dir='ltr'><strong>episc0pi</strong></span> <span class='ocrx_word' id='word_1_782' title='bbox 2981 5401 3007 5436; x_wconf 81' lang='lat' dir='ltr'><strong>a</strong></span> <span class='ocrx_word' id='word_1_783' title='bbox 3079 5383 3387 5453; x_wconf 62' lang='lat' dir='ltr'><strong>duodecim.</strong></span> 
     </span>
    </p>
   </div>
   <div class='ocr_carea' id='block_1_115' title="bbox 1845 5451 3393 5527">
    <p class='ocr_par' dir='ltr' id='par_1_115' title="bbox 1845 5451 3393 5527">
     <span class='ocr_line' id='line_1_115' title="bbox 1845 5451 3393 5527; baseline -0.005 -17"><span class='ocrx_word' id='word_1_784' title='bbox 1845 5458 2149 5527; x_wconf 84' lang='lat' dir='ltr'><strong>presbyteri</strong></span> <span class='ocrx_word' id='word_1_785' title='bbox 2205 5475 2230 5510; x_wconf 66' lang='grc' dir='ltr'><strong>ει</strong></span> <span class='ocrx_word' id='word_1_786' title='bbox 2291 5475 2406 5518; x_wconf 82' lang='lat' dir='ltr'><strong>sex,</strong></span> <span class='ocrx_word' id='word_1_787' title='bbox 2459 5467 2509 5527; x_wconf 71' lang='lat' dir='ltr'><strong>et</strong></span> <span class='ocrx_word' id='word_1_788' title='bbox 2564 5451 2774 5527; x_wconf 82' lang='lat' dir='ltr'><strong>diaconi</strong></span> <span class='ocrx_word' id='word_1_789' title='bbox 2826 5451 3088 5527; x_wconf 18' lang='lat' dir='ltr'><strong>artribus”</strong></span> <span class='ocrx_word' id='word_1_790' title='bbox 3121 5451 3393 5517; x_wconf 75' lang='lat' dir='ltr'><strong>episcopis</strong></span> 
     </span>
    </p>
   </div>
   <div class='ocr_carea' id='block_1_116' title="bbox 1845 5520 3395 5590">
    <p class='ocr_par' dir='ltr' id='par_1_116' title="bbox 1845 5520 3395 5590">
     <span class='ocr_line' id='line_1_116' title="bbox 1845 5520 3395 5590; baseline -0.008 -9"><span class='ocrx_word' id='word_1_791' title='bbox 1845 5520 2117 5586; x_wconf 72' lang='lat' dir='ltr'><strong>audiatur,</strong></span> <span class='ocrx_word' id='word_1_792' title='bbox 2143 5543 2169 5578; x_wconf 88' lang='lat' dir='ltr'><strong>a</strong></span> <span class='ocrx_word' id='word_1_793' title='bbox 2203 5528 2430 5580; x_wconf 84' lang='lat' dir='ltr'><strong>concilio</strong></span> <span class='ocrx_word' id='word_1_794' title='bbox 2455 5525 2890 5590; x_wconf 71' lang='lat' dir='ltr'><strong>Carthaginiensi,</strong></span> <span class='ocrx_word' id='word_1_795' title='bbox 2920 5523 3019 5573; x_wconf 78' lang='lat' dir='ltr'><strong>sub</strong></span> <span class='ocrx_word' id='word_1_796' title='bbox 3051 5520 3219 5590; x_wconf 84' lang='lat' dir='ltr'><strong>Grato</strong></span> <span class='ocrx_word' id='word_1_797' title='bbox 3253 5535 3395 5590; x_wconf 84' lang='lat' dir='ltr'><strong>anno</strong></span> 
     </span>
    </p>
   </div>
   <div class='ocr_carea' id='block_1_117' title="bbox 1849 5587 3392 5662">
    <p class='ocr_par' dir='ltr' id='par_1_117' title="bbox 1849 5587 3392 5662">
     <span class='ocr_line' id='line_1_117' title="bbox 1849 5587 3392 5662; baseline -0.004 -13"><span class='ocrx_word' id='word_1_798' title='bbox 1849 5597 2059 5649; x_wconf 87' lang='lat' dir='ltr'><strong>Domini</strong></span> <span class='ocrx_word' id='word_1_799' title='bbox 2084 5597 2190 5649; x_wconf 70' lang='grc'><strong>548</strong></span> <span class='ocrx_word' id='word_1_800' title='bbox 2223 5597 2431 5657; x_wconf 85' lang='lat' dir='ltr'><strong>habito,</strong></span> <span class='ocrx_word' id='word_1_801' title='bbox 2483 5595 2631 5662; x_wconf 88' lang='lat' dir='ltr'><strong>prius</strong></span> <span class='ocrx_word' id='word_1_802' title='bbox 2658 5587 3013 5646; x_wconf 73' lang='lat' dir='ltr'><strong>constitutum</strong></span> <span class='ocrx_word' id='word_1_803' title='bbox 3052 5589 3193 5662; x_wconf 81' lang='lat' dir='ltr'><strong>fuit:</strong></span> <span class='ocrx_word' id='word_1_804' title='bbox 3231 5587 3392 5654; x_wconf 90' lang='lat' dir='ltr'><strong>cujus</strong></span> 
     </span>
    </p>
   </div>
   <div class='ocr_carea' id='block_1_118' title="bbox 1853 5657 3390 5731">
    <p class='ocr_par' dir='ltr' id='par_1_118' title="bbox 1853 5657 3390 5731">
     <span class='ocr_line' id='line_1_118' title="bbox 1853 5657 3390 5731; baseline -0.006 -15"><span class='ocrx_word' id='word_1_805' title='bbox 1853 5665 2012 5719; x_wconf 84' lang='lat' dir='ltr'><strong>verba</strong></span> <span class='ocrx_word' id='word_1_806' title='bbox 2076 5667 2350 5731; x_wconf 74' lang='lat' dir='ltr'><strong>Superius,</strong></span> <span class='ocrx_word' id='word_1_807' title='bbox 2415 5657 2493 5715; x_wconf 64' lang='grc' dir='ltr'><strong>ιη’</strong></span> <span class='ocrx_word' id='word_1_808' title='bbox 2529 5661 2966 5731; x_wconf 80' lang='lat' dir='ltr'><strong>annotationibus</strong></span> <span class='ocrx_word' id='word_1_809' title='bbox 3016 5657 3079 5712; x_wconf 91' lang='lat' dir='ltr'><strong>ad</strong></span> <span class='ocrx_word' id='word_1_810' title='bbox 3141 5666 3390 5714; x_wconf 80' lang='lat' dir='ltr'><strong>octavum</strong></span> 
     </span>
    </p>
   </div>
   <div class='ocr_carea' id='block_1_119' title="bbox 1852 5730 2964 5800">
    <p class='ocr_par' dir='ltr' id='par_1_119' title="bbox 1852 5730 2964 5800">
     <span class='ocr_line' id='line_1_119' title="bbox 1852 5730 2964 5800; baseline -0.008 -12"><span class='ocrx_word' id='word_1_811' title='bbox 1852 5734 2016 5800; x_wconf 89' lang='lat' dir='ltr'><strong>hujus</strong></span> <span class='ocrx_word' id='word_1_812' title='bbox 2058 5730 2279 5789; x_wconf 86' lang='lat' dir='ltr'><strong>concilii</strong></span> <span class='ocrx_word' id='word_1_813' title='bbox 2314 5747 2572 5788; x_wconf 75' lang='lat' dir='ltr'><strong>canonem</strong></span> <span class='ocrx_word' id='word_1_814' title='bbox 2601 5730 2964 5786; x_wconf 80' lang='lat' dir='ltr'><strong>recitavimus.</strong></span> 
     </span>
    </p>
   </div>
  </div>
