4114 6456
733 392 800 457 59
1961 383 2232 445 THEOD.
2276 377 2668 439 BALSAMON
3840 361 3901 422 60

737 503 874 566 ﬁeri,
905 501 1114 554 videtur
1163 514 1400 568 przesens
1447 513 1618 552 canon
1644 499 1690 552 ei
1734 498 2026 558 adversari.
2080 497 2266 550 decer-

2375 488 2720 556 καθαιρέσεις
2748 489 2856 542 τῶν
2906 487 3220 541 ἐπισκόπων
3268 486 3418 551 παρὰ
3472 481 3712 540 συνόδου,
3768 479 3904 530 δοκεῖ

736 607 867 648 nens
895 606 924 644 a
953 589 1240 643 duodecim
1279 590 1345 641 ad
1375 590 1553 642 minus
1583 589 1848 656 episcopis
1874 590 2178 657 episcopum
2215 589 2267 641 in

737 694 893 735 causa
929 678 1194 731 criminali
1261 678 1510 746 judicari,
1565 678 1932 747 presbyterum
1994 693 2022 731 a
2069 693 2183 740 sex.
2219 687 2272 732 et

740 770 1021 823 diaconum
1077 781 1104 818 a
1163 767 1354 819 tribus.
1410 766 1522 819 Non
1574 777 1805 832 pugnant
1836 776 2011 820 autem
2046 768 2184 820 inter
2214 781 2272 821 se

737 871 1011 912 canones:
1043 856 1132 907 sed
1179 855 1526 908 Antiochense
1585 856 1798 922 quidem
1863 855 2050 924 synodi
2100 871 2270 909 canon

736 947 850 1000 hmc
903 944 1101 1012 judicia
1135 945 1290 994 aliter
1310 944 1682 996 constituenda
1717 945 1990 997 decrevit:
2037 958 2270 1010 presens

738 1040 911 1085 autem
960 1048 1150 1088 c-nou.
1179 1033 1266 1095 qui
1307 1033 1463 1099 longo
1519 1043 1633 1098 post
1682 1042 1919 1100 tempore
1973 1035 2140 1086 factus
2167 1043 2269 1096 est,

734 1123 847 1175 ha-c
897 1121 1095 1189 judicia
1158 1123 1365 1175 cautius
1424 1124 1534 1176 fieri
1589 1127 1793 1178 statuit.
1827 1125 2046 1178 Cautiur
2090 1135 2268 1178 autem

731 1211 997 1278 legislatio
1045 1227 1147 1263 non
1198 1213 1401 1264 inducit
1451 1215 1879 1280 repugnantiam.
1914 1214 2063 1278 Quod
2097 1225 2269 1267 autem

732 1300 952 1364 majoris
1005 1303 1307 1354 securitatis
1361 1303 1528 1366 gratia
1581 1302 1693 1356 hmc
1739 1314 1890 1354 cauta
1940 1305 2070 1366 sint,
2114 1320 2175 1356 ex
2211 1319 2271 1358 eo

730 1389 1050 1452 declaratur,
1099 1393 1237 1457 quod
1284 1393 1457 1443 dicant
1511 1391 1716 1453 Patres,
1766 1393 1878 1444 hmc
1909 1400 2035 1446 tunc
2062 1395 2272 1447 demum

730 1478 870 1538 fieri,
900 1479 1113 1544 quando
1139 1490 1219 1531 est
1253 1479 1468 1532 difficile
1505 1493 1561 1532 ut
1609 1481 1787 1545 plures
1814 1483 2048 1547 episcopi
2074 1497 2272 1534 conve-

730 1565 897 1617 niant.
955 1567 1103 1620 Tunc
1138 1569 1275 1620 cnim
1310 1583 1523 1620 necesse
1554 1579 1636 1621 est
1666 1568 1825 1638 526
1855 1570 2033 1637 plures
2063 1587 2274 1640 quoque

727 1655 1009 1722 episcopos
1041 1671 1232 1709 causas
1258 1657 1559 1711 criminales
1591 1660 1795 1714 audire.
1826 1660 1951 1712 Illud
1977 1668 2174 1721 autem,
2209 1676 2275 1715 ne

2371 580 2747 634 ἐναντιοῦσθαι
2800 579 3006 647 αὑτῷὁ
3061 577 3249 645 παρὼν
3307 574 3506 635 κανὼν,
3537 572 3901 640 διοριζόμενος

2373 673 2476 725 ὑπὸ
2506 672 2708 724 δώδεκα
2733 670 3044 723 ἐπισκόπων
3072 666 3134 718 τδ
3164 667 3441 732 ἐλάχιστον
3471 663 3757 730 κρίνεσθαι
3785 659 3897 710 ἐπί-

2373 778 2570 815 σκοπον
2621 763 2777 829 χάριν
2811 755 3215 825 ἐγκληματικῆς
3249 753 3575 812 ὑποθέσεως,
3632 750 3727 800 τον
3775 765 3901 813 πρεο

2374 849 2628 915 σδύτερον
2659 847 2761 899 ὑπὸ
2788 846 2866 910 ἐξ,
2901 846 2994 898 καὶ
3029 845 3119 895 τὸν
3161 843 3403 894 διάκονον
3433 841 3532 891 ὑπ’)
3561 839 3752 906 τριῶν.
3782 837 3888 888 Οὐκ

2372 937 2741 991 ἐναντιοῦνται
2767 936 2822 986 δὲ
2855 936 2902 986 οἱ
2925 934 3147 992 κανόνες
3169 947 3183 962 °
3213 932 3326 983 ἀλλ’
3356 932 3384 980 ό
3415 931 3530 997 μὲν,
3556 932 3651 996 τῆς
3682 930 3743 979 ἐν
3789 928 3906 976 ’Λν-

2372 1030 2580 1096 τιοχείᾳ
2609 1027 2826 1094 δηλαδὴ,
2862 1025 3036 1085 ἄλλως
3064 1022 3164 1083 τὰς
3192 1021 3448 1081 τοιαύτας
3490 1020 3704 1085 κρίσεις
3747 1016 3906 1084 ὥρισε

2370 1116 2809 1170 διευλυτοῦσθαι·
2854 1118 2882 1166 ό
2908 1115 2965 1166 δὲ
3016 1112 3206 1180 παρὼν
3243 1109 3439 1171 κανὼν,
3476 1111 3614 1161 κατᾶ
3644 1108 3782 1159 πολὺ
3815 1124 3903 1173 με·

2373 1208 2760 1273 ταγενέστερος
2789 1205 2885 1264 ὢν,
2923 1203 3335 1270 άσφαλεστέρως
3361 1202 3456 1260 τὰς
3504 1200 3760 1257 τοιαύτας
3795 1197 3904 1262 κρί-

2376 1312 2486 1354 σεις
2515 1293 2953 1361 παρεκελεύσατο
2981 1291 3247 1355 γίνεσθαι.
3282 1289 3388 1339 Καὶ
3435 1287 3532 1337 οὐκ
3581 1287 3733 1337 ἐστιν
3760 1287 3904 1334 ὲνιν-

2372 1385 2610 1452 τίωσιςή
2669 1383 3051 1450 ἀσφαλεστέρα
3115 1379 3427 1446 νομοθεσία.
3461 1378 3581 1429 Ὀτι
3635 1377 3692 1427 δέ
3741 1375 3824 1426 διὰ
3852 1374 3907 1424 τὸ

2374 1473 2768 1540 ἀσφαλέστερον
2795 1471 2963 1522 ταῦτα
3026 1469 3440 1536 νενομοθέτηται
3471 1505 3485 1527 ,
3529 1467 3784 1530 δηλοῦται
3819 1463 3909 1515 καὶ

2373 1563 2481 1614 άπὸ
2513 1563 2604 1615 τοῦ
2631 1563 2808 1629 λέγειν
2843 1563 2968 1623 τοὺς
3003 1561 3255 1627 Ματέρας
3274 1558 3392 1608 τότε
3423 1556 3593 1608 ταῦτα
3646 1553 3909 1620 γίνεσθαι,

2375 1653 2463 1704 ὅτε
2506 1655 2577 1722 μή
2638 1654 2786 1705 ἐστιν
2816 1652 3034 1721 εὐχερὲς
3063 1650 3159 1702 καὶ
3209 1648 3460 1708 πλείονας
3492 1645 3767 1699 συνελθεῖν
3801 1646 3916 1694 ἐπι-

727 1745 1007 1813 episcopus
1033 1748 1081 1799 in
1107 1749 1328 1799 crimine
1347 1747 1564 1810 hzrreat,
1586 1749 1787 1812 sic'est,
1817 1749 2270 1818 interpretandum

2378 1743 2628 1804 σκόπους.
2662 1741 2978 1809 Τηνικαῦτα
3006 1741 3112 1808 γὰρ
3134 1737 3426 1803 ἀναγκαῖόν
3456 1739 3565 1789 ἐστι
3622 1737 3718 1786 καὶ
3749 1733 3918 1784 πλείο·

728 1850 798 1888 ne
851 1836 974 1889 dum
1037 1837 1228 1891 dubius
1287 1847 1370 1890 est
1422 1839 1701 1905 episcopus
1736 1878 1751 1901 ,
1821 1856 1849 1892 a
1923 1856 2020 1896 suo
2077 1844 2273 1911 populo

729 1934 1128 1988 contemnatur,
1169 1934 1225 1977 ut
1257 1926 1345 1994 qui
1399 1939 1682 1983 accusatus
1709 1938 1814 1984 est.
1857 1930 1918 1982 Et
1945 1933 1994 1985 in
2035 1932 2120 1986 his
2154 1934 2274 1999 qui-

731 2013 852 2068 dem
879 2017 1129 2070 consistit
1150 2032 1338 2070 canon.
1357 2018 1768 2086 lnterrogaverit
1787 2030 1960 2074 autem
1984 2024 2271 2089 quispiam,

735 2117 855 2156 cum
891 2118 1057 2156 canon
1091 2119 1376 2158 causarum
1412 2107 1582 2160 solum
1619 2110 1980 2164 criminalium
2013 2113 2277 2166 memine-

727 2193 819 2252 rit,
855 2207 918 2243 an
954 2192 1043 2244 ttni
1072 2193 1480 2257 metropolitano
1507 2197 1590 2248 Vel
1651 2199 1899 2267 episcopo
1938 2203 2278 2266 permittatur

725 2283 1035 2334 examinare
1054 2284 1382 2351 episcopum,
1418 2285 1495 2336 vel
1515 2291 1867 2360 sacerdotem,
1890 2289 1969 2341 vel
1993 2291 2273 2343 diaconum

726 2372 780 2423 in
815 2386 972 2424 causa
1000 2373 1138 2425 civili
1167 2390 1228 2428 ex
1262 2385 1562 2439 contractu,
1595 2394 1712 2445 qua:
1744 2380 2014 2433 infamiam
2052 2384 2273 2449 irrogat,

726 2461 933 2515 scilicet
987 2463 1238 2529 depositi,
1287 2467 1367 2519 vel
1431 2470 1754 2522 commodati
1797 2488 1810 2524 :
1853 2472 2100 2524 similiter
2135 2482 2186 2524 et
2222 2472 2274 2524 in

726 2565 890 2606 causa
924 2569 1040 2620 quae
1066 2571 1128 2606 ex
1155 2557 1349 2608 delicto
1383 2559 1575 2621 oritur,
1611 2561 1816 2614 scilicet
1853 2562 2068 2629 injuria,
2111 2563 2274 2627 furto,

726 2641 799 2702 vi.
852 2650 905 2694 et
949 2643 1232 2698 similibus.
1267 2645 1492 2701 Salutio.
1523 2649 2010 2718 Quinquagesimus
2055 2653 2275 2718 quintus

725 2743 898 2781 canon
949 2732 1296 2796 apostolicus,
1329 2744 1381 2787 et
1415 2738 1774 2804 octogesimus
1815 2749 2038 2807 quartus
2065 2741 2273 2806 jubent,

726 2830 781 2869 nt
813 2819 845 2870 ii
890 2820 1238 2882 deponantur,
1274 2823 1362 2889 qui
1401 2839 1575 2890 reges.
1601 2826 1884 2893 episcopos
1915 2838 1967 2880 et
1994 2830 2275 2896 magistra-

730 2918 816 2961 tus
847 2909 1038 2974 injuria
1093 2909 1352 2964 afliciunt.
1390 2913 1451 2965 Et
1500 2917 1734 2966 nonnulli
1767 2919 1976 2982 quidem
2013 2921 2079 2969 ad
2117 2919 2265 2982 ejus-

725 3000 866 3050 modi
903 3001 1125 3066 injurias
1185 3018 1383 3065 easque
1416 3004 1557 3058 solas
1581 3007 1966 3072 depositiouem
1999 3010 2271 3073 rediguot.

2375 1848 2469 1893 νας
2500 1831 2830 1892 ἐπισκόπους
2860 1831 3160 1897 ἀκροᾶσθαι
3184 1828 3291 1879 τῶν
3335 1824 3756 1893 ἐγκληματικῶν
3791 1824 3917 1874 ὐπο-

2377 1919 2602 1973 θέσεων.
2638 1921 2712 1971 Τὸ
2737 1919 2792 1972 δὲ
2829 1920 2902 1988 μὴ
2946 1921 3236 1987 ὑπομεῖναι
3287 1918 3378 1970 τὸν
3412 1916 3715 1968 ἐπίσκοπον
3761 1915 3814 1976 ἐν
3841 1910 3916 1980 τῷ

2375 2011 2680 2076 ἐγκλήματι
2723 2008 2894 2068 οὕτως
2947 2008 3324 2077 ἐρμηνευτέον,
3361 2006 3444 2058 ἵνα
3483 2005 3578 2072 μή,
3620 2003 3921 2070 ἀμφίϐολος

2377 2100 2459 2152 ὣν
2497 2103 2527 2153 (ι
2554 2100 2870 2161 ἐπίσκοπος,
2909 2099 3302 2165 καταφρονοῖτο
3335 2097 3439 2147 ὑπο
3494 2095 3585 2148 τοῦ
3620 2093 3714 2146 ὑπ’
3757 2092 3919 2144 αὑτὸν

2376 2191 2531 2249 λαου,
2568 2189 2641 2251 ὡς
2671 2190 2776 2240 ὑπὸ
2821 2191 3157 2256 κατηγορίαν
3203 2187 3298 2240 ὢν.
3327 2187 3437 2239 Καὶ
3467 2189 3536 2238 τὰ
3573 2187 3670 2253 μὲν
3703 2183 3794 2236 τοῦ
3819 2199 3919 2235 και

2377 2279 2523 2340 νόνος
2551 2281 2608 2330 ἐν
2633 2277 2862 2339 τούτοις.
2899 2278 3191 2346 Ἐρωτήσει
3225 2276 3281 2327 δέ
3307 2293 3411 2337 τις,
3441 2276 3511 2338 εί,
3566 2275 3662 2326 τοῦ
3697 2271 3920 2330 κανόνος

2381 2368 2555 2436 μόνων
2583 2368 2748 2435 ἐγκλη
2761 2369 3004 2432 ματικῶν
3036 2367 3344 2418 ὑποθέσεων
3378 2364 3749 2433 μεμνημένου,
3777 2363 3921 2429 ἐφετ-

2377 2476 2469 2510 ται
2518 2460 2884 2527 μητροπολίτῃ
2968 2460 3048 2510 ἐνὶ
3101 2460 3133 2526 ἢ
3186 2457 3469 2520 ἐπισκόπῳ
3539 2458 3620 2509 ἐνὶ
3674 2455 3919 2515 δικάζειν

2377 2547 2672 2598 ἐπίσκοπον
2731 2549 2761 2615 ἢ
2813 2547 2960 2614 ἱερέα
3003 2547 3035 2616 ἢ
3075 2548 3320 2599 διάκονον
3365 2544 3537 2614 ’χάριν
3611 2545 3922 2604 ὑποθέσεως

2380 2637 2889 2704 συναλλαγματικῆς
2918 2636 3267 2705 άτιμοποιοῦς
3301 2638 3468 2706 ἤγουν
3502 2637 3638 2703 περὶ
3672 2635 3922 2703 παραθή-

2376 2743 2499 2793 κης,
2536 2727 2567 2794 ἢ
2596 2726 2722 2796 περὶ
2754 2729 3065 2796 κιχρήσεως
3095 2744 3109 2758 θ
3143 2728 3405 2788 ὡσαύτως
3430 2727 3522 2778 καὶ
3560 2727 3692 2792 περὶ
3719 2725 3920 2777 ὑποθέ-

2379 2831 2513 2874 σεως
2545 2817 2601 2880 ἐξ
2627 2817 3028 2884 ἁμαρτήματος
3056 2818 3462 2884 ἀναφυομένης,
3497 2817 3665 2884 ήγουν
3696 2815 3922 2882 ὕϐρεως,

2375 2905 2597 2970 κλοπῆς,
2637 2905 2773 2972 βίας,
2826 2907 2918 2957 καὶ
2967 2906 3072 2956 τῶν
3105 2907 3323 2973 ὁμοίων.
3358 2908 3568 2969 Λύσις.
3605 2905 3670 2955 Ὀ
3699 2904 3772 2956 νε’
3797 2907 3926 2956 ἀπο-

2377 2992 2617 3052 στολικδς
2648 2993 2825 3043 κανὼν
2871 2995 2963 3045 καῖ
3007 2996 3033 3043 δ
3069 2993 3148 3046 πδ’
3182 2994 3556 3061 καθαιρεῖσθαι
3601 2995 3922 3059 διορέςονται

723 3085 849 3139 Mihi
891 3099 1066 3140 autem
1101 3090 1312 3143 videtur
1334 3107 1396 3144 ex
1426 3094 1570 3144 omni
1611 3096 1821 3146 actione
1847 3111 1964 3162 qua:
1997 3098 2268 3150 infamiam

2375 3083 2499 3144 τοὺς
2529 3082 2850 3149 ύόρίξοντας
2881 3084 3140 3151 βασιλεῖς,
3167 3085 3499 3141 ἐπισκόπους
3520 3087 3612 3135 καὶ
3632 3086 3923 3153 ἄρχοντας.

726 3177 952 3242 irrogat,
1006 3181 1314 3245 pecuniaria
1359 3183 1566 3235 scilicet
1619 3193 1674 3236 et
1733 3185 2024 3250 criminali,
2064 3189 2129 3242 iis
2181 3192 2271 3258 qui

725 3268 1359 3321 suntsarratiinfamiam
1386 3271 1547 3330 inuri.
1587 3276 1879 3327 secundum
1919 3280 2272 3331 nniversalem

724 3368 776 3410 et
842 3358 1208 3412 indistinctam
1273 3359 1448 3427 legum
1482 3365 1944 3419 constitutionem.
1987 3368 2101 3420 Vidi
2131 3371 2272 3421 enim

723 3449 885 3499 etiam
921 3449 1115 3500 multos
1148 3461 1384 3503 sacratos
1434 3465 1648 3519 propter
1701 3453 1898 3506 furtum
1946 3460 2274 3526 synodaliter

725 3537 1017 3598 depositos.
1071 3539 1124 3589 Si
1161 3549 1336 3589 autem
1390 3541 1802 3594 interroaavcrit
1831 3546 2122 3612 quispiam,
2148 3549 2273 3613 quid

725 3625 882 3676 debet
936 3627 1047 3677 fieri
1106 3626 1429 3691 lectoribus;
1502 3631 1706 3692 audiet,
1766 3633 1905 3698 quod
1990 3636 2274 3689 vicesimus

725 3728 896 3766 canon
959 3719 1239 3778 praesentis
1298 3718 1486 3788 synodi
1530 3721 1766 3788 reliquus
1797 3723 2047 3784 clericos,
2079 3736 2274 3792 praeter

723 3805 1096 3874 presbyterum
1132 3807 1336 3860 scilicet
1374 3817 1425 3860 et
1459 3811 1763 3871 diaconum,
1792 3814 1856 3864 ab
1882 3829 1984 3865 uno
2020 3815 2273 3882 episcopo

714 3894 1039 3961 jndicandos
1085 3912 1203 3950 esse
1267 3900 1478 3950 statuit.
1534 3896 1802 3953 Praeterea
1859 3904 2272 3969 iutcrrogaverit

722 3987 1012 4052 quispiam,
1051 4003 1168 4039 cum
1207 4003 1373 4040 canon
1409 3991 1699 4052 contineat,
1734 4001 1857 4043 tunc
1911 3994 2023 4045 fieri
2077 4012 2102 4044 a
2137 3996 2271 4046 duo-

721 4076 894 4128 decim
926 4077 1189 4144 episcopis
1227 4087 1279 4131 et
1311 4080 1440 4132 solis
1475 4081 1850 4149 episcoporum
1889 4084 2270 4152 depositioncs,

720 4167 936 4234 quando
961 4168 1069 4220 fieri
1102 4171 1318 4222 omnino
1341 4186 1448 4222 non
1482 4181 1653 4236 potest
1678 4182 1733 4224 ut
1759 4173 1906 4226 mttlti
1931 4177 2271 4241 conveniant;

721 4260 764 4309 si
807 4259 1080 4324 depositus
1113 4257 1273 4312 fuerit
1295 4260 1577 4326 episcopus
1609 4276 1637 4313 a
1672 4263 1951 4315 duodecim
1981 4267 2268 4332 episcopis,

721 4343 879 4409 idque
900 4359 1018 4394 cum
1058 4345 1125 4396 sit
1157 4343 1314 4399 facile
1345 4355 1400 4397 ut
1431 4347 1580 4398 mulli
1613 4350 1972 4415 conveniant;
2010 4354 2267 4409 dissolve-

719 4444 811 4486 tur
881 4434 1139 4501 depositio
1211 4436 1430 4488 annon?
1498 4437 1725 4493 Salutio.
1785 4441 1972 4496 Dicunt
2050 4445 2263 4513 quidem

720 4524 957 4576 n0nnulli
991 4526 1092 4577 hoc
1137 4529 1291 4577 modo
1324 4541 1424 4579 non
1462 4529 1716 4583 infirmari
1757 4534 2100 4587 sententiam.
2131 4535 2262 4591 Cum

719 4625 896 4664 autem
950 4612 1181 4669 Joannes
1239 4616 1324 4669 ille
1359 4619 1702 4674 Amathuntis
1730 4621 2012 4689 episcopus
2043 4639 2073 4677 a
2107 4625 2264 4692 Cypri

718 4704 1121 4770 archiepiscopo
1156 4704 1371 4761 domino
1399 4706 1609 4762 Joanne
1666 4709 1857 4764 fuisset
1887 4714 2184 4779 depositus.
2213 4725 2266 4769 et

719 4792 1067 4860 depositionis
1117 4797 1345 4849 edictmn
1400 4797 1451 4850 in
1501 4799 1747 4851 tribunali
1800 4801 2145 4868 imperatorio
2183 4804 2268 4856 le-

718 4891 861 4931 ctum
895 4893 1056 4942 esset,
1089 4884 1338 4948 quoniam
1372 4885 1572 4938 inventi
1601 4897 1730 4940 sunt
1763 4890 2006 4941 undecim
2033 4892 2266 4960 episcopi

719 4979 773 5021 et
823 4973 1256 5039 archiepiscopus
1331 4975 1717 5038 depositionem
1794 4977 2032 5043 fecisse,
2085 4983 2271 5036 statuit

721 5061 1093 5116 sanctissimtts
1152 5063 1238 5116 ille
1280 5066 1583 5131 patriarcha
1640 5067 1886 5122 dominus
1923 5067 2092 5123 Lucas
2145 5085 2265 5122 cum

723 5161 981 5214 praesente
1037 5151 1125 5202 illa
1177 5154 1404 5220 synodo,
1439 5153 1567 5219 quin
1617 5162 1670 5204 et
1710 5154 1967 5206 assistens
2027 5166 2268 5219 senatus,

720 5253 839 5292 esse
868 5241 1130 5294 infirmam
1164 5252 1215 5294 ct
1245 5244 1442 5297 nullius
1471 5245 1720 5298 momenti
1763 5246 2181 5312 depositionem;
2215 5258 2267 5301 et

721 5345 784 5381 ro
812 5332 949 5398 quod
981 5348 1084 5386 non
1125 5335 1571 5402 accersita'fuerit
1611 5337 1855 5390 universa
1892 5339 2130 5406 synodus
2163 5339 2269 5409 Cy-

725 5417 958 5483 priorum
1012 5421 1286 5485 Ecclesizc,
1326 5433 1413 5476 aut
1473 5423 1659 5477 saltem
1722 5425 1894 5490 major
1959 5440 2082 5491 pars
2134 5427 2268 5492 ejus,

725 5527 844 5564 cum
905 5530 1095 5582 magna
1124 5525 1263 5569 esset
1291 5516 1412 5584 ejus
1451 5515 1703 5584 cogendre
1745 5515 2007 5580 facultas;
2045 5526 2098 5569 et
2127 5517 2270 5583 quod

723 5604 1162 5671 archiepiscopus
1198 5622 1301 5659 non
1350 5608 1484 5658 ultra
1519 5606 1802 5660 duodecim
1847 5607 2150 5674 episcotios,
2181 5607 2271 5658 sed

728 5712 827 5748 una
861 5714 977 5749 cum
1009 5698 1110 5752 iliis
1139 5711 1278 5754 esset
1312 5708 1755 5754 conuumcratus.
1783 5696 2050 5754 Praeterea
2086 5708 2264 5751 autem

2381 3173 2490 3225 Καί
2528 3192 2672 3235 τινες
2701 3176 2781 3236 είς
2813 3175 2911 3237 τὰς
2956 3177 3212 3236 τοιαύτας
3247 3177 3437 3244 ὕϐρεις
3468 3179 3560 3228 καὶ
3615 3177 3785 3237 μόνας
3813 3194 3928 3227 στε-

2375 3266 2676 3332 νοχωροῦσι
2729 3267 3070 3335 καθαίρεσιν.
3118 3268 3272 3334 Ἐμοὶ
3323 3267 3379 3318 δὲ
3431 3268 3581 3318 δοκεῖ
3612 3268 3720 3320 ἀπὸ
3750 3269 3925 3337 πάσης

2373 3353 2697 3422 ἀτιμοποιοῦ
2721 3356 2967 3422 ἀγωγῆς.
2999 3357 3355 3424 χρηματικῆς
3383 3357 3584 3424 δηλαδὴ
3613 3359 3711 3409 καὶ
3741 3360 3930 3424 ἐγκλη-

2379 3444 2634 3511 ματικῆς,
2670 3445 2970 3510 ἐπάγεσθαι
3029 3448 3257 3512 ἀτιμίαν
3292 3448 3384 3498 καὶ
3414 3450 3528 3508 τοῖς
3586 3449 3928 3516 ίερωμένοις,

2377 3533 2518 3585 κατὰ
2545 3534 2642 3602 τήν
2678 3535 2906 3587 καθόλου
2936 3536 3042 3586 τῶν
3071 3538 3251 3604 νόμων
3277 3538 3370 3588 καὶ
3397 3538 3745 3590 άδιάστικτον
3775 3557 3932 3605 νομοο

2376 3621 2581 3678 θεσὶαν.
2626 3622 2776 3677 Εἶδον
2827 3627 2936 3695 γάρ
2996 3627 3090 3678 καὶ⁵
3142 3627 3371 3688 πολλοὺς
3446 3628 3781 3695 ίερωμένους
3830 3630 3933 3680 ἀπὸ

2375 3715 2580 3782 κλοπῆς
2624 3715 3050 3784 καθαιρεθέντας
3082 3715 3394 3776 συνοδικῶς.
3447 3717 3507 3767 Ei
3560 3717 3615 3768 δὲ
3661 3720 3929 3785 ἐρωτήσει

2372 3821 2477 3866 τις,
2515 3804 2566 3854 τί
2600 3803 2803 3870 ὀφείλει
2834 3803 3076 3869 γίνεσθαι
3102 3805 3182 3863 εἰς
3205 3804 3328 3864 τοὺς
3361 3803 3734 3870 ἀναγνώστας,
3766 3806 3930 3857 ἀκού-

2376 3910 2460 3943 σει
2488 3894 2568 3944 ὃτι
2599 3895 2624 3944 ό
2657 3891 2702 3944 κ’
2737 3891 2915 3945 κανὼν
2955 3895 3050 3959 τῆς
3082 3894 3364 3958 παρούσης
3395 3893 3614 3945 συνόδου
3645 3895 3792 3962 παρὰ
3818 3896 3931 3953 ἐνὸς

2374 3981 2670 4032 ἐπισκόπου
2703 3982 2826 4042 τοὺς
2868 3981 3090 4042 λοιποὺς
3139 3981 3457 4049 κληρικοὺς,
3496 3985 3621 4044 τοὺς
3667 3985 3820 4051 παρὰ
3846 3987 3930 4035 τον

2374 4073 2752 4140 πρεσϐύτερον
2793 4071 2991 4140 δηλαδὴ
3020 4073 3112 4123 καὶ
3146 4073 3237 4123 τον
3288 4073 3556 4132 διάκονον,
3611 4073 3929 4136 δικάζεσθαι

2372 4162 2684 4233 διορίζεται.
2720 4161 2846 4215 Ἔτι
2879 4164 3144 4232 ἐρωτήσει
3177 4179 3281 4226 τις,
3314 4162 3389 4226 ὡς
3437 4165 3528 4215 τοῦ
3565 4167 3789 4228 κανόνος
3821 4169 3931 4219 δια-

2373 4251 2742 4320 λαμΰάνοντος
2769 4253 2891 4305 τότε
2927 4251 3175 4318 γίνεσθαι
3210 4253 3359 4321 παρὰ
3382 4253 3589 4307 δώδεκα
3617 4255 3931 4307 ἐπισκόπων

2373 4344 2466 4395 καὶ
2509 4344 2685 4411 μόνων
2736 4342 2835 4404 τὰς
2881 4343 2988 4394 τῶν
3046 4343 3358 4395 ἐπισκόπων
3422 4345 3794 4409 καθαιρέσεις,
3845 4347 3930 4397 ὅτε

2376 4435 2590 4502 ἀνάγκη
2617 4433 2784 4501 πολλή
2817 4435 2929 4485 ἐστι
2963 4435 3035 4503 μὴ
3060 4435 3323 4486 δύνασθαι
3353 4435 3582 4497 πολλοὺς
3636 4438 3930 4498 συνελθεῖν,

2377 4526 2470 4576 ἐὰν
2503 4524 2798 4594 καθαιρεθῇ
2834 4526 3131 4585 ἐπίσκοπος
3161 4526 3312 4591 παρά
3347 4525 3555 4578 δώδεκα
3592 4529 3929 4588 ἐπισκόπων,

2370 4614 2658 4682 εὐχερείας
2691 4614 2859 4684 οὔσης
2893 4616 2988 4667 καὶ
3021 4615 3192 4666 ταῦτα
3229 4614 3454 4676 πολλοὺς
3490 4617 3781 4677 συνελθεῖν,
3826 4614 3930 4683 ἄρα

2371 4703 2657 4774 λυθήσεται
2683 4709 2713 4774 ή
2746 4707 3058 4775 καθαίρεσις
3087 4705 3118 4774 ἢ
3159 4704 3248 4769 οὓς
3283 4707 3494 4770 Λύσις.
3525 4707 3678 4764 Τινὲς
3717 4709 3815 4769 μὲν
3845 4707 3928 4758 λέ-

2371 4808 2560 4856 γουσιν
2585 4795 2647 4845 ἐκ
2681 4793 2869 4844 τούτου
2924 4792 3016 4844 τοῦ
3074 4794 3275 4860 τρόπου
3319 4794 3392 4861 μὴ
3452 4794 3792 4860 ἀκυροῦσθαι
3838 4797 3933 4861 τὴν

2372 4883 2647 4950 ἀπόφασιν
2673 4900 2687 4913 ·
2717 4882 2810 4934 τοῦ
2841 4883 2896 4934 δὲ
2952 4883 3260 4934 ἐπισκόπου
3322 4882 3694 4950 Ἀμαθοῦντος
3726 4886 3932 4936 ἐκείνου

2383 4976 2628 5029 Ἰωάννου
2683 4972 3104 5040 καθαιρεθέντος
3159 4971 3265 5025 ὑπὸ
3336 4971 3426 5024 τοῦ
3500 4973 3930 5045 ὰρχιεπισκόπου

2372 5066 2599 5133 Κύπρου
2631 5063 2823 5128 κυρίου
2871 5063 3149 5120 Ἰωάννου.
3181 5062 3274 5112 καὶ
3300 5061 3393 5112 τοῦ
3419 5061 3800 5129 καθαιρετικοῦ
3835 5081 3931 5133 ση-

2378 5153 2689 5224 μειώματος
2719 5151 3168 5218 ἀναγνωσθέντος
3215 5152 3307 5203 ἐπὶ
3344 5150 3589 5219 βήματος
3625 5151 3929 5221 βασιλικοῦ,

2375 5247 2498 5295 ἐπεὶ
2529 5242 2788 5312 εὕρηνται
2818 5241 3008 5293 ἕνδεκα
3043 5241 3333 5293 ἐπίσκοποι
3371 5244 3462 5292 καὶ
3521 5243 3548 5293 ὀ
3583 5244 3933 5310 ἀρχιεπίσκο·

2375 5349 2473 5394 πος
2507 5333 2601 5400 τὴν
2633 5330 2950 5396 καθαίρεσιν
2983 5330 3361 5395 πεποιηκότες,
3393 5329 3585 5394 διέγνω
3634 5333 3660 5382 ὁ
3694 5331 3932 5396 ἁγιώτα-

2375 5439 2464 5483 τος
2498 5423 2704 5480 ἐκεῖνος
2763 5419 3108 5487 πατριάρχης
3167 5418 3352 5488 κύριος
3402 5420 3616 5480 Λουκᾶς
3669 5424 3806 5487 μετὰ
3832 5419 3928 5487 τῆς

2379 5511 2824 5580 παρουσιασάσης
2856 5510 3096 5573 συνόδου,
3124 5508 3256 5560 ἀλλὰ
3296 5507 3398 5576 μὴν
3429 5510 3521 5560 καὶ
3546 5509 3578 5574 ἡ
3604 5509 3927 5577 παρεστῶσα

2385 5601 2707 5668 σύγκλητος,
2733 5600 2936 5666 ἄκυρον
2966 5593 3107 5649 εἶναι
3154 5597 3252 5665 τὴν
3299 5597 3638 5661 καθαίρεσιν,
3674 5597 3760 5650 διά
3781 5613 3840 5648 τε
3873 5599 3928 5649 τὺ

2390 5695 2462 5760 μὴ
2500 5689 2902 5758 μετακληθῆναι
2936 5691 3030 5751 τὴν
3065 5691 3237 5742 πᾶσαν
3273 5688 3483 5740 σύνοδον
3518 5689 3613 5751 τῆς
3661 5690 3766 5740 τῶν
3821 5690 3926 5742 Κυ-
