4114 6456
247 408 299 472 61
1218 409 1297 467 IN
1321 409 1479 467 CAN.
1510 406 1654 464 XIII
1686 404 1892 468 CONC.
1936 407 2309 467 CARTHAG.
3331 400 3402 464 οε

246 518 398 587 πρίων
424 518 713 586 ἃκκλησίας,
746 518 779 587 ἢ
806 517 907 571 κᾶν
928 518 1022 587 τὴν
1055 517 1290 576 πλείονα,
1319 512 1618 582 εὐχερείας,
1657 512 1747 563 καὶ
1780 542 1821 595 Α
1852 527 1871 563 a

1780 542 1821 595 Α
1852 512 2146 581 allegarunt
2167 524 2221 567 et
2242 529 2499 569 canonem
2522 513 2592 567 20
2620 512 2897 581 praesentis
2916 513 3103 583 synodi
3128 522 3182 567 et
3210 512 3273 565 ιι
3290 528 3305 576 ς
3325 521 3399 576 et,

245 609 397 661 ταῦτα
422 607 567 674 οὔσης
590 607 723 676 πρὸς
768 607 947 669 τοῦτο,
982 607 1074 658 καὶ
1103 605 1189 657 διὰ
1238 605 1298 657 τὸ
1346 604 1420 672 μὴ
1448 605 1538 653 τὸν
1566 604 1750 669 ἀρχιε-

248 696 487 747 πίσκοπον
517 696 767 748 ἐπέκεινα
792 690 927 747 εἶναι
954 695 1048 762 τῆς
1076 693 1372 754 δωδεκάδος
1392 692 1499 743 τῶν
1525 688 1746 741 ἐπισκός

246 800 367 846 πων,
394 785 513 837 ἁλλὰ
537 785 704 854 ταύτῃ
737 785 926 837 τοῦτον
950 782 1373 849 συνυπάγεσθαι.
1420 782 1753 849 Ἐχρήσαντο

1856 603 2103 666 quamvis
2124 605 2387 658 dixissent
2418 604 2654 657 nonnulli
2684 602 2783 657 hoc
2812 602 2881 656 de
2922 602 3050 657 solis
3074 601 3405 671 presbyteris

1856 698 1910 740 et
1957 690 2198 745 diaconis
2253 692 2454 745 dictum
2510 706 2648 755 esse,
2712 700 2893 744 tamen
2924 705 3029 743 non
3082 699 3205 744 sunt
3244 704 3407 743 exau-

1857 777 1972 832 diti.

244 874 291 925 δὲ
322 877 443 942 πρὸς
459 875 599 928 τοῦτο
626 878 719 929 καὶ
748 876 827 943 τῷ
862 881 908 927 κ’
937 874 1118 927 κανόνι
1149 874 1246 940 τῆς
1279 871 1559 938 παρούσης
1589 866 1831 925 συνὸδου.
1868 870 1964 920 καὶ
1997 870 2069 938 τῷ
2106 874 2184 927 ιδ’.
2221 875 2335 927 Κᾶν
2364 891 2507 937 τινες
2569 874 2627 927 δὶ
2688 869 2841 927 εἶπον
2904 873 3025 926 τότε
3072 873 3151 935 είς
3216 872 3410 942 μόνους

245 970 601 1035 πρεσϐυτέρους
660 973 756 1021 καὶ
816 970 1091 1030 διακόνους
1146 966 1305 1018 τοῦτο
1348 962 1750 1032 ἐκφωνηθῆντιι.
1788 958 2026 1015 ἀλλὀὐκ
2058 968 2507 1036 εἰσηκούσοησαν.

308 1061 520 1113 ΖΩΝΑΡ.
551 1061 610 1112 Ol
650 1060 940 1110 ἐπίσκοποι
974 1057 1439 1125 κατηγορούμενοι
1473 1053 1621 1119 παρὰ
1647 1048 1755 1099 τῶν

244 1152 435 1203 οίκείων
460 1152 679 1202 συνόδων
710 1150 1025 1218 ὡρίσθησαν
1053 1149 1352 1217 κρίνεσθαι.
1391 1146 1517 1197 Ἐὰν
1546 1144 1601 1195 δὲ
1636 1145 1757 1193 ἐπι-

245 1244 424 1295 σκόπου
450 1244 530 1293 ἐπὶ
552 1242 855 1308 ἐγκλήματι
882 1240 1360 1307 κατηγορουμένου
1383 1237 1635 1304 δυσχερὲς
1667 1232 1753 1300 είη

242 1333 370 1384 πάνυ
397 1331 508 1399 ὃλην
539 1332 636 1399 τὴν
669 1330 889 1382 σύνοδον
916 1328 1211 1391 συνελθεῖν,
1238 1329 1270 1398 ἢ
1302 1329 1425 1387 τοὺς
1478 1325 1752 1386 πλείονας,

239 1423 438 1485 δώδεκα,
466 1424 606 1489 φησι,
636 1423 1023 1491 συνερχόμενοι
1042 1422 1331 1473 ἐπίσκοποι
1356 1415 1753 1481 ἐξεταζέτωσαν

241 1514 327 1582 τὴν
357 1491 611 1575 ὑπόθέσιν,
674 1514 763 1565 ἴνα
814 1512 887 1581 μὴ
928 1512 955 1563 ὁ
1010 1508 1405 1580 κατηγορηθεὶς
1461 1506 1755 1566 ἐπίσκοπος

240 1604 483 1670 ἁπομείιῃ
512 1604 565 1653 ὲν
590 1601 667 1670 τῷ
715 1601 1045 1670 ἐγκλήματι,
1077 1600 1353 1652 τουτέστιν
1389 1600 1477 1651 ῖνσ.
1514 1598 1611 1664 μὴ.
1644 1596 1753 1663 άμ-

240 1692 431 1756 φίεολος
452 1691 539 1755 ὣν,
571 1694 967 1760 καταφρονοῖτο
1002 1692 1108 1744 ὑπὸ
1133 1690 1229 1743 τοῦ
1261 1690 1352 1742 ὑπ’
1385 1689 1546 1741 αὑτὸν
1596 1684 1751 1750 λαοῦ,

239 1781 301 1840 ὡς
324 1782 419 1833 ὑπὸ
446 1783 769 1849 κατηγορίαν
804 1780 901 1834 ὧν.
937 1780 1317 1850 Πρεσϐυτέρου
1344 1778 1399 1829 δὲ
1436 1791 1751 1843 κατηγορη·

1931 1052 2181 1110 ΖΟΝᾹΙὶ.
2217 1058 2526 1126 Episcopos,
2553 1057 2642 1125 qui
2670 1064 3017 1116 accusantur,
3044 1070 3069 1106 a
3106 1070 3199 1109 sua
3223 1070 3409 1122 quem-

1857 1158 1963 1211 que
2022 1148 2221 1213 synodo
2248 1148 2475 1213 judicm'i
2510 1148 2788 1200 decretura
2812 1156 2915 1199 est.
2958 1144 3107 1211 Quod
3144 1146 3187 1198 si
3235 1146 3410 1198 delato

1856 1235 2152 1301 cujuspiam
2179 1239 2411 1304 episcopi
2455 1239 2691 1297 nomine.
2727 1247 2817 1289 aut
2850 1250 3036 1289 omnes
3059 1235 3123 1286 ad
3147 1236 3405 1302 synodum

1858 1336 1948 1376 aut
1977 1325 2155 1392 plures
2207 1338 2353 1381 certe
2410 1329 2699 1381 convenire
2731 1328 3018 1380 admodum
3077 1324 3286 1377 diilicile
3315 1326 3408 1387 sit,

1859 1415 2165 1481 duodecim,
2211 1420 2406 1485 inquit,
2442 1420 2674 1487 episcopi
2710 1428 2924 1484 coeant,
2957 1426 3011 1471 et
3042 1432 3258 1470 causam
3294 1406 3413 1482 quae

1861 1505 1913 1559 iu
1962 1507 2223 1574 judicium
2272 1508 2513 1562 defertur
2570 1510 2901 1570 examinent.
2962 1520 3030 1560 ne
3078 1506 3129 1560 in
3190 1506 3415 1559 crimin

1859 1608 2143 1651 accusatus
2166 1598 2449 1665 episcopus
2476 1601 2697 1659 haereat,
2722 1599 2770 1653 id
2800 1608 2899 1662 est,
2927 1596 3135 1651 nedum
3167 1594 3413 1662 ambigua

1858 1684 1975 1755 ejus
2009 1688 2317 1743 innocentia
2352 1697 2455 1753 est,
2490 1699 2747 1757 tanquam
2782 1686 3114 1741 accusationi
3146 1684 3411 1739 obnoxius

1860 1794 1887 1831 a
1922 1782 2118 1847 populo
2166 1783 2250 1835 cui
2298 1791 2491 1850 prmest
2526 1781 2879 1850 despiciatnr.
2931 1778 3253 1848 Presbytero
3281 1789 3412 1827 vero

241 1870 383 1936 μένου
413 1870 465 1934 ἒξ
488 1872 768 1923 ἐπίσκοποι
797 1871 1014 1923 δικάσαι
1046 1871 1363 1938 ἀρκέσουσι.
1397 1864 1671 1917 Διακόνων
1695 1862 1752 1915 δὲ
1780 1863 1828 1922 Β
1858 1872 1866 1924 i

1780 1863 1828 1922 B
1858 1872 1909 1924 in
1942 1872 2200 1939 judicium
2234 1884 2423 1926 vocato
2465 1889 2557 1927 sex
2582 1872 2821 1941 episcopi
2877 1869 3139 1937 judicium
3195 1864 3404 1920 satisfa-

238 1966 303 2023 είς
332 1963 557 2025 ἐξέτασιν
600 1963 794 2029 ὁμοίαν
816 1962 983 2030 τριῶν
1034 1959 1347 2013 ἐπισκόπων
1395 1954 1551 2021 ἱκανὴ
1598 1953 1752 2005 ἔσται

236 2052 516 2119 διάγνωσις.
550 2052 736 2105 Ἐοικε
766 2052 821 2108 δὲ
873 2055 902 2104 ὁ
931 2049 1111 2103 κανὼν
1166 2042 1317 2109 οὗτος
1376 2044 1754 2100 ἔναντιοῦσθαι

235 2144 301 2211 τῷ
327 2142 367 2195 δ’
387 2142 556 2195 κανόνι
584 2124 685 2210 τῆς
715 2144 772 2194 ὲν
810 2140 1109 2211 Ἀντιοχείᾳ
1132 2138 1348 2192 συνόδου
1374 2153 1387 2167 ·
1415 2136 1475 2197 δς
1496 2135 1621 2196 τοὺς
1655 2134 1754 2203 μὲν

237 2234 533 2296 ιπισκόπους
561 2234 666 2286 ύπδ
698 2232 932 2285 συνόδων
955 2229 1334 2297 καθαιρεῖσθαί
1367 2245 1522 2296 φησι,
1548 2227 1674 2288 τοὺς
1700 2226 1756 2279 δὲ

236 2324 606 2391 πρεσϐυτέρους
634 2323 728 2375 καί⁵
755 2322 1041 2382 διακόνους
1067 2320 1172 2372 ὐπὸ
1202 2319 1311 2371 τῶν
1348 2318 1492 2371 ίδῐων
1530 2315 1757 2368 ἐπισκό-

237 2431 357 2465 πων.
390 2415 535 2467 Εἴποι
564 2414 618 2466 δέ
650 2431 731 2476 τις
768 2413 1121 2480 συμϐιϐάζων
1145 2412 1272 2473 τοὺς
1293 2410 1569 2469 τοιούτους
1594 2405 1757 2459 κανό-

236 2521 320 2565 νας
350 2505 423 2557 ὅτι
448 2505 472 2556 ὁ
503 2505 599 2572 μὲν
623 2504 724 2573 τῆς
753 2506 811 2555 ἒν
845 2503 1145 2572 Ἀντιοχείᾳ
1174 2500 1352 2554 κανὼν
1378 2501 1474 2561 τὰς
1503 2498 1758 2567 ζητήσεις

236 2592 329 2643 τῶν
356 2594 687 2662 κατηγοριῶν
720 2594 831 2646 τῶν
852 2594 993 2647 κατὰ
1027 2579 1413 2661 πρεσϐυτέρων
1456 2591 1547 2641 καὶ
1572 2588 1756 2641 διακό-

236 2701 328 2736 νων
359 2685 410 2749 ἐξ
434 2684 602 2753 ἀρχῆς
628 2684 707 2753 τῷ
758 2684 1052 2753 ιπισκόπῳ
1100 2680 1349 2745 ἀνέθετο,
1401 2679 1639 2747 κάκείνῳ
1672 2676 1759 2731 δέ·

234 2778 358 2825 ὸωκε
391 2773 714 2842 ψηφίζεσθαι
749 2774 881 2843 περὶ
934 2772 1111 2825 αὐτῶν
1136 2789 1150 2802 ·
1182 2773 1294 2825 ὁδὶ
1328 2768 1516 2839 παρὼν
1552 2766 1756 2829 κανὼν,

237 2867 279 2915 εἰ
306 2866 331 2915 ὁ
357 2863 767 2924 καταδικασθεὶς
800 2865 905 2915 ὑπὸ
936 2864 1029 2915 τοῦ
1064 2863 1197 2915 ίδίου
1227 2862 1533 2913 ἐπισκόπου
1589 2860 1759 2911 οῐεται

236 2953 527 3017 ἀδικεῖσθαι,
561 2956 653 3007 ἐπὶ
689 2954 1063 3024 πρεσϐυτέρου
1110 2951 1293 3019 μὶν-ἒξ
1320 2950 1656 3009 ἐπισκόπους
1680 2946 1759 2998 δίο

234 3043 348 3096 δωσι
376 3043 756 3113 διαγνώμονας,
780 3046 868 3098 ἐπὶ
890 3044 945 3095 δὲ
975 3044 1431 3121 διικόνουςτρεῖς.

231 3219 428 3275 ειηετ.
485 3236 504 3273 ι
553 3220 886 3274 Ἑπίσκ-οπσν
922 3217 1278 3287 ὲγκληθέντα,
1314 3215 1411 3270 ἐὰν
1463 3213 1537 3283 μὴ
1578 3212 1758 3268 τελεία

298 3332 315 3365 ι
354 3315 572 3375 σύνοδος,
600 3314 736 3374 τέως
776 3313 981 3365 δώδεκα
1032 3309 1387 3377 ἐπιτηροῦσιν
1426 3308 1757 3361 ἐπίσκοπον

294 3422 313 3455 ε
349 3406 435 3456 καὶ
462 3402 828 3470 πρεσϐύτερον
861 3400 937 3464 ἓξ,
974 3401 1064 3452 καὶ
1092 3402 1119 3451 ὁ
1143 3400 1274 3459 ἴδιος
1300 3414 1314 3429 ο
1368 3397 1461 3449 καὶ
1510 3396 1758 3448 διάκονον

296 3513 313 3545 ε
354 3495 511 3557 τρεῖς.
557 3510 574 3542 ι

292 3584 388 3637 Τὸν
431 3585 908 3651 κατηγορούμενον
952 3581 1248 3631 ἐπίσκοπον
1280 3577 1397 3629 δέον
1442 3579 1547 3628 (mo
1576 3575 1758 3642 πάσης

235 3674 485 3743 κρίνεσθαι
531 3674 630 3741 τῆς
670 3671 929 3723 συνόδουο
962 3671 1007 3721 εί
1038 3669 1093 3721 δὲ
1126 3668 1334 3727 πάντας
1384 3668 1442 3718 οὗ
1490 3666 1761 3718 συνελθεῖν

232 3765 454 3824 δυνατξν,
507 3763 656 3832 παρὰ
718 3760 925 3813 δώδεκα
977 3760 1037 3809 τὸ
1090 3757 1372 3825 ἐλάχιστον
1446 3757 1761 3807 ἐπισκόπων

231 3853 477 3923 κρίνεσθαι
504 3869 518 3883 ’
566 3853 659 3903 τὸν
712 3851 769 3904 δι
811 3849 1183 3919 πρεσϐύτερον
1240 3847 1389 3915 παρὰ
1437 3846 1517 3911 ἐξ,
1544 3848 1760 3897 καὶτὸν

231 3945 444 3996 διάκονον
467 3940 618 4010 παρὰ
640 3939 808 4007 τριῶν
832 3953 849 3969 ⁸
881 3938 1191 4005 ὀφείλοντος
1237 3938 1494 3991 ἐπέκεινα
1526 3938 1620 3988 καὶ
1666 3935 1760 3987 τοῦ

231 4028 345 4082 ἰδίου
375 4031 474 4083 τῶν
502 4030 992 4101 κατηγορουμένων
1019 4028 1316 4080 tmen-{nou
1364 4028 1755 4097 συμπαρεῖναι,

228 4122 309 4172 καὶ
337 4118 700 4186 σκνεξετάζειν
722 4120 819 4179 τάς
846 4116 968 4171 κατ’
997 4118 1174 4170 αὐτῶν
1202 4117 1488 4179 αἰτιάσεις.

743 4207 981 4262 ΚΔΝΩΝ
1031 4206 1130 4259 ll".

230 4317 247 4349 ι
289 4300 411 4365 Περὶ
434 4299 525 4353 τοῦ
561 4301 637 4369 μὴ
668 4300 867 4363 ἐξεῖναι
898 4301 1193 4351 ἐπίσκοπον
1224 4300 1271 4351 εί
1302 4298 1375 4368 μὴ
1405 4299 1509 4352 ὑπὸ
1546 4298 1761 4351 πολλῶν

286 4407 304 4440 ι
341 4392 755 4459 χειροτονεῖσθαι
779 4405 794 4421 ’
832 4391 879 4443 sl
907 4390 962 4443 δὲ
994 4391 1206 4458 ἀνάγκη
1243 4391 1491 4460 γένηται,
1523 4392 1615 4442 καὶ
1658 4389 1762 4442 ὑπὸ

1858 1964 2023 2017 cient.
2060 1964 2247 2018 Trium
2285 1980 2446 2034 porro
2476 1968 2856 2034 episcoporum
2903 1960 3139 2029 cognitio
3180 1958 3409 2010 diacono

1857 2068 2073 2108 causam
2099 2056 2294 2108 dicenti
2330 2054 2573 2108 sufficiet.
2602 2053 2834 2107 Videtur
2874 2060 3049 2104 autem
3102 2048 3189 2100 hic
3236 2060 3406 2099 canon

1859 2154 2055 2211 quarto
2110 2145 2457 2197 Aulim-liena:
2487 2144 2678 2214 synodi
2715 2141 2907 2198 canoni
2966 2151 3285 2205 repugnare.
3317 2134 3409 2187 Ille

1859 2234 2126 2303 siquidem
2163 2235 2476 2302 episcopum
2525 2248 2554 2285 a
2606 2231 2849 2302 synodo,
2892 2226 3238 2297 presbyteros
3292 2234 3417 2273 vero

1858 2334 1913 2378 et
1940 2325 2192 2379 diacanos
2224 2338 2251 2375 a
2282 2338 2382 2377 suo
2410 2338 2675 2391 quemque
2704 2320 2954 2389 episcopo
2994 2314 3191 2383 deponi
3220 2311 3416 2365 debere

1860 2400 2112 2465 affirmat.
2167 2409 2469 2480 Utrumque
2538 2421 2715 2464 tamen
2772 2409 2873 2462 hoc
2933 2416 3091 2474 pacto
3146 2401 3413 2470 quispial

1859 2502 2211 2568 conciliabit;
2253 2502 2719 2555 utAntiocbenum
2743 2511 3005 2552 canonem
3040 2509 3158 2562 quae
3187 2490 3415 2545 crimina

1860 2594 2193 2664 presbyteris
2225 2603 2318 2648 aut
2352 2594 2593 2647 diaconis
2636 2590 2986 2661 objiciuntur.
3012 2601 3199 2641 eorum
3230 2582 3417 2636 crimi-

1862 2700 1989 2741 num
2021 2685 2349 2754 qurestiones
2400 2684 2577 2753 primo
2632 2683 2698 2735 ad
2752 2681 3060 2748 episcOpum
3120 2674 3414 2745 pertinere,

1862 2776 2035 2844 deque
2065 2776 2132 2829 iis
2160 2775 2428 2829 statuendi
2455 2788 2617 2842 penes
2649 2772 2801 2826 illum
2828 2770 3139 2824 facultatem
3163 2779 3282 2819 esse.
3322 2776 3416 2815 vo-

1864 2868 2076 2922 luisse:
2106 2868 2268 2935 hujus
2304 2880 2431 2919 vero
2472 2866 2693 2921 canonis
2734 2860 3143 2923 constitutione,
3193 2856 3235 2909 si
3297 2855 3417 2923 quis

1866 2955 2071 3021 injuste
2121 2970 2179 3008 se
2232 2956 2298 3007 ab
2355 2954 2610 3021 episcopo
2639 2967 2738 3006 suo
2770 2954 3082 3003 damnatum
3125 2954 3416 3015 qumratur,

1865 3043 2179 3113 presbytero
2209 3043 2423 3109 quidem
2450 3058 2564 3103 sex,
2590 3043 2815 3095 diacono
2843 3055 2971 3094 vero
3004 3050 3113 3092 tres
3135 3037 3418 3106 episcopos

1867 3149 2042 3187 causze
2074 3134 2377 3199 cognitores
2406 3132 2697 3200 praeﬁnitus
2726 3146 2843 3184 esse
2869 3128 3137 3183 defendat.

1864 3224 2022 3296 527
2056 3222 2277 3278 ARIST.
2314 3242 2331 3274 ι
2374 3223 2694 3290 EpiscOpum
2724 3224 2772 3273 in
2803 3238 2889 3285 jus
2929 3230 3198 3279 vocatum,
3238 3217 3282 3271 si
3312 3232 3415 3269 non

1942 3334 1959 3365 ι
1990 3316 2057 3368 sit
2091 3314 2323 3382 perfecta
2374 3312 2629 3382 synodus,
2662 3311 2940 3363 duodecim
2973 3308 3251 3361 minimum
3304 3308 3417 3373 epi—

1938 3424 1957 3456 ι
1990 3406 2134 3472 scopi
2163 3406 2483 3468 observant;
2534 3414 2585 3455 et
2628 3401 3013 3470 presbyterum,
3074 3413 3166 3452 sex
3203 3404 3253 3450 et
3292 3412 3419 3464 pro-

1938 3516 1955 3547 ‹
1997 3498 2177 3563 prius;
2210 3504 2261 3549 et
2295 3494 2601 3555 diaconum,
2635 3503 2764 3546 tres.
2790 3511 2807 3543 ι

1933 3585 2256 3654 Episcopum
2290 3587 2377 3651 qui
2410 3593 2693 3637 accusatur
2722 3597 2748 3633 a
2783 3591 2891 3636 tota
2940 3580 3168 3648 judicari
3214 3577 3417 3648 synodo

1862 3685 2119 3742 oportet:
2150 3679 2193 3730 si
2224 3690 2410 3729 onmes
2440 3684 2615 3727 autem
2657 3673 2948 3726 convenire
2976 3686 3078 3722 non
3105 3679 3185 3722 est
3238 3668 3411 3737 possi-

1862 3762 1989 3824 bile,
2042 3776 2073 3814 a
2133 3761 2409 3814 duodecim
2486 3760 2764 3811 minimum
2824 3757 3092 3824 episeOpis
3136 3756 3416 3823 judicari;

1862 3849 2232 3915 presbyterum
2266 3857 2441 3900 autem
2478 3861 2507 3899 a
2557 3862 2673 3909 sex,
2713 3856 2766 3899 et
2794 3846 3075 3899 diaconum
3118 3858 3146 3896 a
3197 3845 3367 3896 tribus
3402 3862 3415 3896 :

1862 3946 1916 3991 et
1938 3938 2194 4005 proprius
2226 3938 2443 4003 insuper
2466 3946 2840 3989 accusatorum
2886 3938 3168 4002 episcopus
3219 3934 3413 3987 ibidem

1865 4028 2054 4081 adesse
2081 4028 2257 4091 debet,
2288 4035 2339 4080 et
2391 4026 2759 4079 accusationes
2808 4033 2989 4077 contra
3026 4037 3118 4076 eos
3160 4024 3297 4075 latas
3338 4024 3417 4076 si-

1866 4116 1979 4169 mul
2006 4118 2336 4171 examinare.

2452 4296 2679 4353 CANON
2710 4296 2846 4352 XIII.

1871 4403 1890 4436 ε
1925 4385 2077 4451 Quod
2111 4402 2214 4441 non
2274 4386 2397 4441 licet
2452 4388 2757 4455 episcopum
2801 4388 2904 4441 nisi
2947 4403 2974 4439 a
3033 4388 3210 4441 multis
3247 4385 3418 4455 eligi:

290 4499 306 4529 ι
345 4480 501 4543 τριῶν
559 4483 588 4532 ὁ
643 4482 943 4543 ιπίσκοπος
1008 4481 1438 4551 χειροτονηθείη.
1496 4481 1841 4564 Αύρήλιοςι)

1826 4512 1841 4561 ι
1943 4497 1962 4529 ε
1999 4478 2082 4532 sin
2116 4488 2293 4533 autem
2338 4493 2558 4533 necesse
2593 4480 2684 4543 sit,
2746 4480 2909 4532 etiam
2950 4480 3031 4532 vel
3063 4494 3089 4531 a
3126 4478 3293 4530 tribus
3320 4476 3451 4529 eli-'

289 4589 306 4619 ι
350 4571 641 4630 ἐπίσκοπος
680 4566 839 4621 εἴπεο
884 4569 947 4620 Τί
988 4572 1125 4639 πρδς
1160 4570 1332 4623 ταῦτα
1375 4570 1523 4637 λέγει
1558 4570 1589 4637 ἠ
1624 4570 1761 4635 ὑμε-

290 4681 306 4707 ε
345 4660 475 4727 τέρα
511 4659 826 4727 ἁγιωσύνης
866 4659 998 4712 Ἀπὸ
1051 4661 1267 4712 πάντων
1302 4660 1410 4712 τῶν
1452 4662 1766 4713 ἐπισκόπων

286 4770 303 4799 ι
339 4750 565 4817 ἐλέχθη·
598 4748 835 4815 Ὀερείλει
880 4751 1010 4818 παρ’
1041 4749 1199 4817 ἡμῶν
1234 4750 1299 4801 τά
1328 4749 1617 4817 ὁρισθέντα
1663 4748 1767 4801 ὑπὸ

291 4858 306 4888 ι
346 4833 578 4906 τῶν⁹πρδ
603 4838 760 4908 ἡμῶν
791 4838 1150 4908 φυλαχθῆναι
1180 4831 1420 4891 ὧντινων
1468 4838 1542 4899 ὡς
1575 4838 1763 4905 ἔτυχεν

288 4948 305 4980 ι
342 4930 661 4997 ἀϐουλήτως
730 4929 779 4981 οἱ
825 4932 1211 4996 ’πρωτεύοντες
1271 4928 1370 4996 τῆς
1428 4928 1765 4996 οἱασδήτινος

281 5036 298 5068 ι
336 5020 606 5085 ἐπαρχίας
650 5017 712 5069 οὐ
759 5018 1138 5085 κατατολμῶσι
1163 5018 1410 5087 ἀμελεῖν.
1440 5018 1629 5070 Πολλοὶ
1673 5017 1765 5070 οὖν

285 5126 302 5157 ι
340 5108 631 5159 ἐπίσκοποι
697 5107 1056 5175 συναχθέντες
1107 5108 1407 5160 ἐπίσκοπον
1459 5109 1767 5177 χειροτονή-

284 5216 299 5245 ι
340 5215 525 5250 σουσιν
552 5214 565 5226 ⁵
602 5199 651 5250 εί
677 5197 734 5250 δὲ
764 5198 977 5264 ἀνάγκη
1008 5198 1418 5266 γένηται,τρεῖς
1454 5199 1764 5256 ἐπίσκοποι.

286 5308 303 5338 ι
338 5290 400 5341 εν
422 5288 721 5356 οἱῳδήποτε
748 5286 815 5340 ἂν
843 5288 992 5354 τόπῳ
1019 5282 1140 5350 ὦσι,
1169 5288 1247 5357 τῷ
1272 5287 1365 5340 τοῦ
1402 5288 1768 5356 πρωτεύοντος

282 5399 297 5428 ε
337 5380 763 5447 παραγγέλματι
796 5380 1266 5447 χειροτονήσουσιν
1300 5379 1392 5431 τὸν
1439 5380 1759 5431 ἐπίσκοπον.

274 5489 289 5517 ε
326 5470 436 5521 Καὶ
462 5469 559 5520 ἐάν
584 5486 665 5527 τις
701 5466 757 5517 εν
784 5484 890 5518 τινι
919 5467 1209 5536 ὲναντιωθῇ
1238 5471 1302 5537 τῇ
1351 5468 1457 5537 ίδίᾳ
1502 5468 1764 5536 ὁμολογίᾳ

278 5579 290 5606 ι
326 5558 355 5625 ἦ
392 5560 455 5625 τῇ
490 5558 809 5626 ὑπογραφῇ,
836 5558 994 5620 αὐτὸς
1035 5559 1222 5611 ἑαυτὸν
1265 5560 1628 5629 ἀποστερήσει
1670 5559 1767 5625 τῆς

278 5662 293 5690 ι
332 5642 512 5711 τιμῆς.
545 5659 563 5691 ι

276 5732 463 5785 ΒΛΛΣ.
498 5732 850 5801 Χειροτονίαν
906 5734 1135 5788 ἐνταῦθα
1189 5735 1263 5805 μὴ
1293 5736 1387 5804 τὴν
1420 5735 1761 5806 χειροθεσίαν

1948 4587 1967 4619 ε
2008 4578 2165 4637 gatur
2222 4569 2528 4635 episcopus.
2598 4571 2843 4624 Aurelius
2903 4570 3185 4637 episcopus
3246 4567 3417 4621 dixit:

1945 4677 1963 4708 ε
2001 4659 2137 4724 Quid
2165 4660 2230 4712 ad
2261 4660 2375 4713 haec
2404 4660 2533 4713 dicit
2570 4669 2743 4713 vestra
2787 4659 3093 4713 sanctitas?
3134 4660 3215 4713 Ab
3248 4658 3421 4710 omni-

1940 4767 1959 4799 ε
1998 4750 2095 4803 bus
2138 4749 2400 4817 episcopis
2459 4751 2659 4803 dictum
2711 4759 2793 4803 est
2841 4766 2856 4802 :
2900 4747 3155 4802 Veterum
3221 4755 3420 4801 statuta

1944 4859 1962 4890 ε
1998 4840 2194 4894 debent
2222 4855 2249 4891 a
2285 4840 2442 4893 nobis
2496 4841 2696 4895 servari
2726 4858 2737 4892 :
2770 4854 2889 4909 qua:
2938 4840 3150 4908 quidem
3214 4848 3415 4893 temere

1945 4948 1963 4981 ι
2002 4939 2055 4983 et
2111 4930 2428 4994 inconsulte,
2478 4931 2569 4998 qui
2616 4930 2668 4983 in
2699 4929 2887 4997 quavis
2917 4929 3185 4997 provincia
3222 4928 3420 4995 prima-

1946 5031 2104 5074 ttum
2167 5022 2428 5081 obtinent,
2488 5035 2598 5073 non
2656 5020 2854 5073 audent
2915 5018 3418 5087 riegligere.{Mttlti

1946 5128 1964 5161 ε
1999 5124 2128 5178 ergo
2181 5111 2485 5178 congregati
2562 5109 2795 5177 episcopi
2844 5108 3150 5177 episcOpum
3203 5108 3418 5175 eligent.

1945 5222 1963 5252 ‹
2002 5202 2094 5255 Sin
2125 5200 2628 5277 autem‘oecessitas
2691 5200 2986 5260 incumbat.
3022 5208 3131 5253 tres
3159 5199 3417 5266 episcOpi,

1944 5312 1965 5343 ε
2004 5293 2055 5344 iu
2127 5307 2449 5361 quocunque
2521 5290 2639 5344 loco
2702 5290 2921 5351 fuerint,
2976 5290 3219 5358 primatis
3264 5289 3416 5357 jussu

1947 5401 1964 5432 ε
2005 5382 2203 5450 eligent
2244 5382 2577 5449 episcopum.
2600 5377 2737 5433 Etsi
2770 5379 2888 5445 quis
2930 5380 2979 5429 in
3015 5378 3193 5445 aliquo
3224 5389 3411 5429 contra

1946 5491 1964 5522 ε
2002 5472 2267 5540 prapriam
2310 5470 2702 5524 confessionem
2729 5470 2809 5523 vel
2843 5469 3289 5535 subscriptionem
3340 5469 3416 5521 fe-

1949 5583 1965 5613 ι
2002 5565 2153 5625 cerit,
2185 5562 2297 5630 ipse
2332 5560 2564 5629 seipsum
2598 5560 2801 5615 honore
2828 5559 3079 5628 privabit.

1942 5737 2503 5806 n:\LS.XEtpOtO'J11V
2532 5751 2628 5790 noc
2668 5752 2718 5792 tn
2755 5750 2893 5800 lOCO,
2928 5750 3028 5790 non
3083 5747 3176 5803 pro
3231 5747 3411 5803 χειροο
