4114 6458
704 398 770 457 63
1927 398 2196 458 ΤίῐΕΟῐ).
2243 400 2245 404 ⁴

2343 400 2638 461 [.SAMON
3804 387 3871 447 ⁶⁴

702 504 874 574 θεσίᾳ,
904 507 955 558 id
991 517 1088 564 est.
1140 523 1390 562 manuum
1419 509 1753 577 impositione
1788 519 1836 560 et
1876 511 2228 570 nr'liuatione,

2340 511 2422 561 καὶ
2460 510 2788 578 καθιέρωσιν
2837 509 3066 579 νοήσεις,
3107 507 3238 561 ἀλλὰ
3287 505 3382 577 τήν
3415 505 3614 574 ψῆφον.
3647 501 3775 553 Ὀτι
3817 513 3876 550 τε

701 608 794 644 seu
847 600 1245 650 consecratione
1299 600 1647 661 intellexeris.
1685 601 1775 654 sed
1821 615 1915 668 pro
1945 602 2228 654 electione.

701 679 828 731 Nam
867 693 918 735 et
943 685 1038 736 boc
1079 701 1141 738 ex
1174 686 1276 739 line
1305 691 1522 744 canonis
1565 691 1878 753 ostenditur,
1922 704 2029 758 quo
2075 705 2233 744 cave-

701 777 806 830 tur,
841 781 895 821 ut
927 772 1221 839 deponatur
1251 778 1555 846 episcopus,
1612 782 1701 846 qui
1743 792 1925 834 contra
1966 767 2231 848 propriam

699 861 1140 926 subscriptionem
1194 877 1246 918 et
1281 869 1665 923 confessionem
1722 871 1929 936 fecerit,
1963 888 2079 938 qua
2103 873 2232 926 sub-

702 953 918 1020 scriptio
951 969 1052 1005 non
1092 956 1146 1010 lit
1194 957 1257 1007 ad
1307 959 1694 1012 ordinationem
1728 961 1839 1015 sive
1879 964 2233 1016 consecratio-

699 1051 837 1098 nem,
898 1042 989 1092 sed
1040 1043 1102 1094 ad
1149 1046 1457 1098 electionem
1515 1065 1527 1098 :
1590 1061 1642 1101 et
1677 1052 1822 1118 quia,
1878 1067 2000 1106 cum
2027 1056 2232 1120 primus

698 1143 868 1180 canon
905 1134 1223 1195 apostolicus
1263 1146 1454 1189 statuat
1484 1142 1791 1205 episcOpum
1825 1158 1850 1192 a
1886 1143 2090 1196 duobus
2113 1159 2232 1197 esse

697 1217 956 1282 episcOpis
1004 1223 1375 1283 ordinandum.
1412 1228 1453 1279 si
1500 1230 1834 1296 χειροτονίαν
1888 1247 1982 1298 pro
2017 1234 2233 1286 ordina-

700 1304 842 1356 tione
870 1305 969 1360 hoc
1009 1309 1057 1359 in
1099 1310 1213 1363 loco
1243 1317 1622 1381 acceperimus,
1675 1319 1813 1372 dicto
1869 1323 2059 1375 canoni
2106 1337 2233 1375 con-

700 1385 860 1444 traria
924 1396 1099 1450 dicere
1148 1400 1510 1456 admittemus.
1570 1405 1701 1459 Cum
1752 1421 1926 1462 autent
1975 1425 2144 1464 canon
2200 1413 2233 1464 4

698 1480 883 1545 prima:
939 1483 1160 1537 Maenas
1211 1492 1393 1557 synodi
1437 1493 1620 1558 jubeat
1669 1497 1955 1550 electiones
2001 1501 2068 1551 ab
2119 1517 2234 1554 om-

700 1570 852 1622 nibus
927 1575 1338 1638 provincialibus
1392 1583 1664 1648 constitui,
1735 1586 1814 1638 sin
1879 1595 2051 1639 autem
2133 1590 2235 1643 hoc

705 1660 775 1712 sit
804 1661 1012 1715 diflirile
1042 1675 1146 1718 tres
1187 1669 1341 1720 simul
1407 1676 1736 1740 congregari,
1768 1676 1988 1743 reliquis
2023 1694 2236 1746 quoque

707 1762 794 1812 per
843 1750 1049 1803 litteras
1103 1755 1411 1822 suﬂragium
1468 1759 1775 1824 ferentibus,
1845 1767 2231 1833 metrOpolitani

701 1835 933 1899 quidam,
961 1847 1017 1890 ut
1037 1853 1118 1894 est
1159 1846 1442 1901 verisimile
1472 1849 1587 1916 (eos
1613 1853 1756 1904 enim
1789 1869 2023 1920 pra‘sens
2064 1870 2235 1909 canon

698 1924 950 1986 primates
971 1933 1251 1994 provinciae
1268 1940 1460 2002 vocat),
1481 1953 1581 1990 non
1607 1941 1960 1995 observabant
1984 1959 2237 2000 canones.

697 2011 849 2068 Unde
908 2028 958 2070 et
999 2035 1026 2072 a
1076 2020 1317 2077 Patribus
1375 2029 1648 2084 definitum
1709 2041 1814 2094 est,
1863 2043 1919 2086 ut
1975 2050 2002 2086 a
2059 2036 2239 2088 multis

695 2105 956 2172 episcopis
985 2111 1166 2163 ﬂerent
1196 2115 1484 2172 electiones
1513 2137 1527 2173 :
1565 2123 1646 2174 sin
1690 2133 1863 2177 autem
1893 2125 1990 2178 hoc
2021 2142 2125 2179 non
2152 2128 2222 2182 sit

699 2191 838 2246 factu
880 2195 1055 2261 facile,
1115 2208 1413 2260 necessario
1450 2224 1476 2259 a
1527 2211 1712 2274 tribus,
1771 2216 1859 2282 qui
1896 2215 2086 2268 debent
2116 2232 2266 2270 cnm~

700 2282 918 2338 scientia
954 2297 1003 2339 et
1051 2293 1399 2353 permissioue
1435 2300 1587 2360 primi
1637 2315 1728 2354 seu
1763 2307 2156 2373 metropolitani
2185 2308 2235 2359 iu

701 2390 1014 2444 quocunque
1067 2382 1184 2436 loco
1217 2389 1521 2443 convenire.
1573 2390 1632 2466 Si
1667 2395 1790 2462 quis
1844 2409 2020 2451 autem
2051 2413 2234 2453 eorum

697 2466 784 2529 qui
805 2467 855 2518 iu
887 2471 1144 2525 electione
1173 2477 1419 2545 suffragia
1449 2482 1705 2537 dederunt
1744 2495 1926 2539 contra
1970 2491 2236 2555 propriam

699 2554 1140 2646 subscriptionem
1202 2564 1407 2629 fecerit,
1471 2572 1778 2634 deponetur.
1823 2554 1979 2629 Acin,
2011 2578 2091 2632 Itis
2119 2579 2236 2646 qui-

697 2645 816 2696 dem
853 2651 1098 2703 consistit
1157 2669 1348 2710 canon.
1383 2658 1513 2712 Cum
1566 2674 1742 2717 autem
1775 2668 1986 2734 quidam
2039 2645 2238 2722 metro-

699 2735 962 2794 politauus
1021 2737 1202 2794 fuiss'et
1250 2746 1537 2814 aliquando
1589 2764 1892 2815 acetisatus,
1941 2757 2081 2822 quod
2131 2773 2236 2812 non

697 2839 814 2875 cum
873 2829 982 2879 suis
1028 2833 1440 2895 provincialibus
1490 2839 1789 2906 episcopum
1841 2843 2108 2912 elegisset,
2145 2848 2234 2900 sed

695 2927 816 2965 cum
857 2922 1274 2982 metropolitanis
1303 2965 1318 2986 ,
1370 2928 1456 2993 qui
1496 2929 1544 2979 in
1597 2929 1776 2996 regina
1812 2931 2020 2984 urbium
2061 2949 2237 2988 versa-

700 3003 925 3070 bantur;
961 3008 1170 3074 quidam
1217 3025 1529 3079 praesentem
1563 3033 1814 3074 eanonem
1843 3038 1938 3090 pro
1981 3040 2047 3078 eo
2071 3026 2237 3079 addu-

695 3092 884 3144 (ebant

694 3181 728 3232 4
783 3185 966 3248 prima)
1026 3190 1206 3258 synodi
1261 3190 1489 3247 Niemnte
1537 3212 1753 3251 necesse
1800 3211 1882 3252 est
1934 3216 1962 3254 α
2025 3206 2235 3269 provin-

694 3275 918 3329 cialibus
978 3279 1042 3330 ad
1084 3281 1360 3334 minimum
1409 3285 1577 3338 tribus
1626 3287 1938 3342 electionem
1992 3293 2133 3355 fleri,
2203 3310 2232 3348 a

698 3369 947 3428 prteseuti
993 3377 1166 3420 tamen
1199 3386 1427 3434 canone,
1464 3375 1550 3439 qui
1604 3387 1684 3430 est
1730 3382 1894 3434 multo
1946 3386 2234 3450 posteriOr,

702 3456 1108 3518 metropolitano
1159 3474 1474 3515 concessum
1529 3474 1606 3517 est
1638 3475 1745 3520 tres
1770 3470 2067 3538 episcopos,
2099 3491 2234 3542 quos

698 3547 927 3598 voluerit
973 3564 1282 3614 accersere,
1322 3563 1374 3606 et
1426 3569 1520 3620 per
1570 3571 1666 3610 eos
1707 3559 2018 3616 electionem
2061 3564 2237 3619 facere

704 3639 753 3715 iu
780 3652 1098 3706 quocunque
1136 3641 1251 3694 loco
1284 3644 1528 3707 voluerit,
1565 3656 1617 3699 et
1671 3649 1917 3703 volebant
1969 3664 2238 3720 metropo-

700 3727 917 3780 litanum
990 3730 1118 3782 nulli
1202 3735 1599 3798 reprehensioni
1666 3739 1953 3794 obnoxium
2017 3745 2083 3796 ab
2142 3745 2240 3798 ltoc

698 3832 902 3870 canone
949 3822 1276 3875 conservari.
1327 3822 1625 3878 Audierunt
1674 3837 1847 3882 autem
1901 3833 2072 3898 quod,
2110 3850 2241 3900 quo-

699 3909 840 3958 niam
873 3924 1107 3971 przesens
1140 3925 1308 3964 canon
1357 3913 1486 3964 nihil
1514 3915 1632 3966 novi
1690 3917 1952 3982 decernit,
1993 3921 2088 3973 sed
2121 3939 2239 3990 qua:

705 4014 730 4047 ιι
764 3995 1010 4051 Patribus
1041 4009 1195 4050 antea
1231 4001 1444 4054 definita
1507 4014 1667 4066 sunt,
1729 4007 1978 4075 deinceps
2021 4026 2232 4080 quoquc

700 4087 960 4137 servanda
997 4089 1203 4149 statuit,
1228 4090 1421 4142 debent
1453 4095 1690 4156 omnino,
1722 4097 1921 4162 quzede
1937 4102 2242 4153 convocatis

698 4178 962 4244 episcopis
996 4181 1262 4243 dicuntur,
1297 4185 1588 4236 secundum
1620 4185 1766 4237 illum
1800 4201 2055 4241 canonem
2092 4191 2244 4243 intel-

702 4268 812 4334 ligi,
856 4278 906 4320 et
940 4269 1224 4323 electiones
1251 4275 1554 4326 necessario
1585 4291 1613 4327 a
1654 4278 2070 4343 provincialibus
2103 4281 2239 4337 fieri.

699 4358 828 4410 Illud
865 4369 1040 4410 autem
1074 4359 1124 4411 in
1180 4362 1373 4427 quovis
1417 4362 1534 4415 loco
1559 4367 1868 4431 procedere,
1926 4383 2026 4418 nou
2091 4369 2243 4421 affert

2331 599 2483 649 τοῦτο
2514 599 2834 666 παρίσταται
2865 599 2970 651 ἀπὸ
3002 597 3094 650 τοῦ
3119 597 3298 657 τέλους
3322 595 3419 647 τοῦ
3450 593 3672 655 κανόνος
3701 593 3873 659 διορι-

2333 683 2557 753 ζομένου
2609 685 2982 754 καθαιρεῖσθαι
3037 684 3126 736 τὸν
3171 686 3236 751 τῇ
3273 682 3380 752 ίδίᾳ
3434 681 3722 749 ὑπογραφῇ
3783 677 3878 728 καὶ

2333 775 2586 843 ὁμολογίᾳ
2617 774 3018 841 ἐναντιούμενον
3062 773 3373 831 ἐπίσκοπον,
3423 771 3541 840 ἦτις
3581 764 3878 835 ὑπογραφὴ

2334 865 2393 916 ού
2427 865 2628 931 γίνεται
2681 865 2757 924 είς
2807 863 3134 932 χειροτονίαν
3181 863 3300 930 ἦτοι
3341 861 3690 928 καθιέρωσιν,
3741 854 3880 908 ἀλλὰ

2333 955 2410 1015 είς
2433 955 2610 1022 ψῆφον
2635 969 2648 982 ·
2688 954 2775 1005 καὶ
2823 955 2903 1004 ὅτι
2933 951 3026 1003 τοῦ
3061 949 3415 1003 ἀποστολικοῠ
3461 948 3679 1015 πρώτου
3711 943 3875 997 κανό-

2333 1059 2420 1102 νος
2491 1039 2856 1108 διοριζομένου
2921 1037 3338 1107 χειροτονεῖσθαι
3402 1037 3695 1086 ἐπίσκοπον
3771 1032 3907 1083 61:6-

2333 1131 2642 1184 ἐπισκόπων
2671 1130 2784 1194 δύο,
2815 1130 2972 1197 εῖπερ
3021 1127 3372 1193 ὲκλαὸὡμεθα
3400 1127 3496 1192 τὴν
3528 1122 3874 1191 χειροτονίαν

2333 1226 2410 1285 είς
2441 1221 2792 1290 χειροθεσίαν,
2817 1220 3058 1284 δόξοιμεν
3079 1218 3257 1282 λέγειν
3289 1214 3506 1266 ἐναντία
3545 1212 3622 1282 τῷ
3655 1212 3880 1279 ῥηθέντι

2333 1311 2536 1362 κανόνι.
2566 1309 2669 1360 Τοῦ
2716 1309 2771 1361 6's
2829 1309 2869 1359 δ’
2917 1307 3132 1367 κανόνος
3189 1306 3286 1372 τῆς
3318 1305 3374 1355 έν
3405 1305 3608 1370 Νικαία
3653 1302 3880 1370 πρώτης

2334 1401 2548 1451 συνόδου
2599 1396 3102 1465 παρακελευομένου
3151 1395 3256 1446 ὑπὸ
3307 1395 3522 1446 πάντων
3555 1393 3662 1445 τῶν
3699 1395 3873 1459 έπαρο

2333 1488 2540 1556 χιωτῶν
2596 1486 2947 1540 καθίστασθαι
3004 1484 3098 1546 τὰς
3148 1484 3394 1550 ψήφους’
3444 1483 3491 1533 εί
3526 1470 3582 1534 εὶ
3615 1480 3879 1548 δυσχερὶς

2332 1576 2486 1628 τοῦτό
2516 1577 2648 1636 ἔστι,
2676 1577 2822 1643 τρεῖς
2865 1577 2956 1627 ἐπὶ
2997 1574 3056 1625 τδ
3105 1573 3238 1625 αὐτὸ
3283 1569 3886 1638 συνάγεσθαιίσυμψή-

2336 1683 2448 1732 φων
2473 1665 2769 1732 γινομένων
2797 1664 2886 1714 διὰ
2908 1664 3250 1730 γραμμάτων
3288 1662 3380 1712 καὶ
3413 1661 3519 1712 τῶν
3546 1659 3770 1720 λοιπῶν,
3799 1658 3882 1721 ὡς

2338 1755 2500 1814 ιοικε,
2542 1753 2683 1814 τινὲς
2738 1752 3124 1820 μητροπολῖται
3170 1750 3410 1818 (τούτους
3454 1753 3560 1817 γὰρ
3597 1751 3625 1801 6
3677 1749 3876 1815 παρὼν

2339 1841 2515 1896 κανὼν
2543 1840 2914 1908 πρωτεύοντας
2953 1840 3216 1908 ἐπαρχίας
3240 1838 3412 1903 καλεῖ)
3451 1839 3550 1889 οὐκ
3579 1839 3886 1904 ἐφύλαττον

2337 1932 2402 1983 τὰ
2424 1931 2514 1982 τοῦ
2549 1930 2952 1991 κανόνος.⁶’οθεν
2969 1933 3060 1981 καὶ
3085 1929 3288 1997 ὡρίσθη
3308 1929 3452 1997 παρὰ
3471 1927 3578 1979 τῶν
3601 1929 3888 2004 Πατέρευν,

2339 2018 2441 2070 ὑπὸ
2466 2018 2668 2070 πολλῶν
2698 2019 3014 2070 ἐπισκόπων
3046 2017 3289 2083 γίνεσθαι
3315 2016 3412 2075 τὰς
3439 2017 3655 2084 ψήφους
3682 2033 3695 2047 °
3731 2017 3780 2068 εί
3831 2016 3890 2068 δὲ

2337 2109 2436 2160 ούκ
2491 2108 2604 2158 ἔστι
2636 2107 2792 2158 τοῦτο
2846 2105 3088 2173 εὐχερὲς,
3137 2105 3196 2170 ἐξ
3249 2105 3490 2171 ἀνάγκης
3540 2105 3642 2155 ὑπὸ
3689 2103 3886 2172 τριῶν,

2340 2196 2657 2264 ὀφειλόντων
2691 2196 2828 2263 μετὰ
2862 2194 3118 2262 είδήσεως
3159 2193 3251 2244 καὶ
3281 2192 3579 2262 ἐπιτροπῆς
3606 2193 3700 2245 τοῦ
3729 2193 3890 2261 πρώ-

2339 2305 2472 2349 του,
2521 2287 2684 2355 ήγουν
2762 2285 2856 2336 τοῦ
2925 2283 3354 2353 μητροπολίτου,
3412 2274 3770 2352 συνέρχεσθαι
3833 2283 3894 2334 έν

2335 2372 2605 2447 οιῳδήτινι
2655 2376 2823 2444 τόπῳ.
2876 2375 3006 2427 Ἐὰν
3064 2374 3120 2426 δέ
3171 2391 3255 2436 τις
3319 2373 3426 2424 τῶν
3485 2371 3893 2441 ψηφισαμένων

2293 2474 2295 2476 ’
2339 2469 2631 2536 ἐναντιωθῇ
2665 2470 2727 2536 τῇ
2770 2467 2872 2534 ἰδίᾳ
2911 2465 3194 2533 ὑπογραφῇ
3223 2504 3239 2529 ,
3272 2464 3743 2530 καθαιρεθήσεται.
3775 2461 3895 2513 Καὶ

2338 2563 2366 2613 6
2417 2560 2514 2626 μὲν
2563 2557 2738 2610 κανὼν
2790 2559 2846 2608 ὲν
2906 2556 3130 2617 τούτοις.
3171 2555 3322 2617 Τινδς
3384 2555 3439 2607 δὲ
3491 2552 3895 2622 μητροπολίτου

2339 2649 2670 2709 αίτιαθέντος
2715 2647 2869 2709 ποτε,
2900 2648 2972 2709 ὡς
3023 2647 3097 2716 μὴ
3153 2644 3289 2714 μετὰ
3321 2644 3673 2713 έπαρχιωτῶν
3721 2643 3895 2695 αὑτοῦ

2337 2738 2710 2806 ψηφισαμένου
2759 2739 3076 2800 ἐπίσκοπον,
3107 2735 3240 2788 ἀλλὰ
3287 2735 3426 2805 μετὰ
3475 2734 3896 2802 μητροπολιτῶν

2337 2829 2629 2893 διαγόντων
2661 2830 2736 2890 είς
2781 2830 2878 2897 τὴν
2905 2829 3009 2881 τῶν
3047 2829 3252 2879 πόλεων
3285 2826 3694 2894 βασιλεύουσαν,
3727 2825 3902 2894 ἐχρή-

2341 2920 2498 2972 σαντό
2525 2937 2690 2983 τινες,
2725 2921 2863 2987 ὑπὲρ
2904 2919 3067 2973 αὑτοῦ
3113 2920 3360 2985 λέγοντες
3397 2918 3474 2987 τῷ
3517 2919 3747 2987 παρόντι
3793 2936 3903 2972 κα-

2339 3013 2448 3062 νόνι
2473 3027 2487 3040 ο
2525 3011 2615 3062 καὶ
2645 3007 2796 3062 εῖπον
2825 3009 2920 3071 ὡς.
2955 3011 3004 3061 εί
3031 3011 3126 3062 καὶ
3163 3009 3269 3061 ἀπό
3299 3007 3392 3062 τοῦ
3441 3009 3482 3062 δ’
3529 3010 3752 3070 κανόνος
3799 3009 3902 3074 τῆς

941 3112 953 3146 :
1005 3106 1058 3146 et
1118 3099 1367 3153 dicebant
1421 3107 1586 3170 quod,
1640 3110 1843 3162 etiamsi
1894 3126 1956 3163 ex
2033 3129 2232 3166 canone

2340 3101 2395 3150 εν
2424 3098 2625 3167 Νικαίᾳ
2657 3098 2878 3164 πρώτης
2911 3099 3126 3149 συνόδου
3160 3097 3372 3164 ἀνάγκη
3401 3097 3548 3147 ἐστὶν
3580 3097 3684 3147 ύπδ
3717 3099 3898 3166 ἐπαρ-

2341 3192 2546 3261 χιωτῶν
2592 3192 2650 3242 τὸ
2695 3191 2974 3258 ἐλάχιστον
3005 3190 3172 3259 τριῶν
3215 3190 3314 3251 τὰς
3359 3190 3570 3258 ψήφους
3616 3190 3895 3255 γίνεσθαι,

2339 3281 2472 3334 ἀλλὰ
2524 3280 2630 3331 ἀπὸ
2679 3279 2770 3331 τοῦ
2823 3279 3084 3347 παρόντος
3144 3281 3369 3340 κανόνος
3426 3280 3899 3347 μεταγενεστέρου

2339 3368 2487 3428 ὄντος
2517 3368 2730 3434 ἐνεδόθη
2763 3367 2837 3434 τῷ
2885 3367 3252 3435 μητροπολίτῃ
3288 3367 3714 3435 μετακαλεῖσθαι
3745 3370 3905 3435 τρεῖς

2340 3460 2668 3518 ἐπισκόπους
2698 3460 2819 3518 τοὺς
2851 3457 2998 3523 αύτῷ
3052 3459 3396 3525 βουλητέους,
3431 3461 3521 3508 καὶ
3571 3461 3749 3509 ποιεῖν
3800 3459 3902 3526 τὴν

2341 3548 2518 3614 ψῆφον
2554 3548 2619 3599 δι’
2654 3547 2832 3599 αὐτῶν
2876 3549 2934 3597 ὲν
2974 3547 3070 3614 οῖῳ
3098 3547 3163 3598 ἂν
3192 3548 3340 3615 τόπῳ
3370 3547 3570 3616 θελήσῃ
3595 3563 3611 3577 ⁸
3642 3549 3740 3598 καί⁵
3774 3549 3904 3616 ἠθε-

2340 3639 2428 3692 λον
2458 3639 2563 3690 ἀπὸ
2603 3640 2792 3688 τούτου
2832 3635 2926 3690 τοῦ
2967 3637 3190 3698 κανόνος
3229 3637 3615 3690 ἀκαταιτίατον
3653 3637 3746 3689 τὸν
3798 3655 3906 3706 μη-

2343 3728 2664 3796 τροπολίτην
2720 3726 3144 3793 συντηρηθῆναι.
3178 3727 3454 3778 Ἤκουσαν
3498 3728 3554 3780 δὲ
3595 3727 3692 3790 ὡς,
3718 3727 3846 3779 ἐπεὶ
3878 3731 3907 3780 6

2344 3818 2529 3884 παρὼν
2561 3817 2739 3869 κανὼν
2781 3817 2840 3868 ού
2885 3817 3001 3867 νέον
3044 3833 3096 3866 τι
3128 3816 3459 3884 θεσμοθετεῖ,
3491 3817 3626 3869 ἀλλὰ
3655 3817 3724 3869 τὰ
3755 3835 3902 3884 προ-

2343 3908 2676 3976 διορισθέντα
2721 3906 2871 3973 παρὰ
2904 3907 3012 3957 τῶν
3047 3908 3304 3974 Πατέρων
3347 3911 3442 3960 καὶ
3491 3907 3688 3974 ἐφεξῆς
3725 3909 3906 3975 διορί-

2345 3999 2493 4062 ζεται
2520 3997 2902 4065 φυλάττεσθαι,
2932 3997 3206 4064 ὀφείλουσι
3236 3998 3448 4058 πάντως
3491 3998 3559 4048 τὰ
3609 4001 3739 4066 περὶ
3789 3999 3902 4048 τῶν

2346 4087 2796 4153 συγκαλουμένων
2851 4087 3164 4137 ἐπισκόπων
3229 4085 3466 4138 νοεῖσθαι
3517 4087 3638 4137 κατ’
3689 4089 3906 4139 ἐκεῖνον

2344 4179 2432 4229 τὸν
2459 4177 2678 4237 κανόνα,
2721 4178 2810 4226 καὶ
2841 4177 2898 4240 EE
2936 4176 3180 4244 ἀνάγκης
3215 4176 3350 4244 μετὰ
3393 4177 3760 4242 ὲπαρχιωτῶν
3807 4179 3908 4238 τὰς

2343 4269 2552 4334 ψήφους
2580 4267 2841 4331 γίνεσθαι.
2880 4265 2953 4315 Τὸ
2979 4267 3033 4316 δὲ
3064 4269 3122 4317 ὲν
3149 4267 3446 4334 οίῳδήποτε
3502 4268 3652 4329 τόπῳ
3687 4268 3907 4335 προϐῆ-

2345 4375 2454 4418 ναι,
2482 4357 2540 4406 ού
2593 4356 3010 4424 προκριματίζει
3053 4357 3149 4420 τὴν
3201 4355 3400 4421 ψῆφον,
3460 4356 3620 4422 μόνον
3665 4357 3910 4419 γινέσθω

701 4448 1064 4516 ιιι-α’]υάῖείιιιῐι
1115 4451 1384 4513 electioni,
1443 4455 1614 4504 solum
1655 4456 1743 4505 liat
1794 4471 1914 4507 cum
1970 4459 2140 4510 tribus
2174 4461 2238 4510 ad

2349 4449 2485 4515 μετὰ
2526 4448 2833 4500 ἐπισκόπων
2860 4449 2919 4498 τὸ
2950 4447 3228 4513 ἐλάχιστον
3258 4445 3421 4513 τριῶν
3465 4447 3602 4497 κατὰ
3633 4447 3722 4497 τὸν
3754 4463 3910 4516 παρ-

699 4536 975 4588 tniuimum
1047 4539 1359 4605 episcopis,
1427 4541 1576 4604 juxta
1637 4543 1780 4595 hunc
1851 4560 2106 4599 canonem
2160 4557 2234 4608 et,

697 4635 815 4685 qum
849 4621 896 4673 ei
927 4635 1318 4691 consequenter
1343 4626 1567 4689 obtinet,
1618 4633 2076 4687 consuetudinem.
2107 4634 2240 4686 Cum

697 4718 871 4762 autem
905 4727 1072 4765 canon
1102 4717 1354 4767 decernat
1380 4715 1665 4770 electiones
1692 4719 1802 4771 fieri
1836 4735 1862 4770 a
1915 4720 2082 4774 trilms
2134 4723 2245 4788 epi-

702 4804 902 4867 scopis,
935 4809 976 4858 si
1015 4808 1084 4859 sit
1119 4809 1311 4861 multos
1364 4813 1647 4862 convenire
1679 4812 1906 4873 difficile,
1941 4816 2242 4881 interroga-

700 4896 838 4948 verit
890 4897 1190 4963 quispiam:
1225 4898 1278 4947 Si
1326 4899 1472 4950 multi
1521 4901 1721 4964 possint
1757 4902 1913 4953 facile
1937 4905 2239 4966 convenire,

700 4987 886 5038 electio
911 4986 1284 5051 iullrtnabitur,
1314 5005 1375 5038 au
1401 4991 1542 5041 non?
1563 4989 1781 5044 Salutio.
1810 4991 1936 5054 Quae,
1954 4995 2016 5042 de
2039 4995 2244 5057 episeo-

702 5077 752 5143 pi
785 5092 812 5127 a
835 5075 1108 5129 duodecim
1137 5078 1270 5130 facta
1304 5079 1628 5144 depositione
1657 5097 1810 5147 supra
1845 5081 2004 5150 528
2050 5085 2242 5149 sci-ipta

704 5174 844 5228 sunt,
878 5166 1093 5232 quando
1130 5167 1312 5232 plures
1361 5178 1601 5232 poterant
1642 5168 1794 5220 facile
1845 5172 2153 5231 convenire,
2182 5173 2244 5222 ad

703 5257 976 5323 praesentis
1024 5257 1336 5324 quaestionis
1405 5259 1724 5314 solutionem
1771 5259 2060 5314 sumcitmt.
2117 5263 2244 5315 Illud

700 5355 901 5410 autem,
948 5347 998 5398 iu
1037 5347 1224 5414 quovis
1289 5350 1427 5409 loco,
1476 5350 1732 5413 scriptum
1772 5359 1875 5412 est,
1907 5360 2122 5418 propter
2154 5367 2246 5404 cos

699 5438 787 5505 qui
845 5437 1026 5489 dicunt
1079 5439 1274 5492 debere
1328 5438 1441 5491 ﬁeri
1489 5440 1836 5492 ecclesiarum
1889 5441 2174 5494 electiones
2217 5457 2244 5493 a

701 5527 1106 5593 metropolitano
1167 5529 1216 5579 in
1279 5543 1368 5581 sua
1431 5530 1752 5596 metropoli,
1813 5531 1950 5598 quol
2030 5530 2244 5598 quidem

703 5628 808 5666 non
845 5625 1114 5684 receptum
1149 5627 1248 5670 cst.
1280 5617 1450 5672 Locus
1492 5620 1632 5672 enim
1671 5635 1772 5672 non
1831 5621 2103 5673 constituit
2133 5623 2244 5688 epi-

698 5716 943 5769 scopum,
983 5707 1074 5757 sed
1114 5705 1418 5770 suffragium
1457 5718 1510 5760 et
1560 5711 1848 5762 antistitqu
1875 5709 2080 5763 electio.
2116 5709 2247 5763 Nota

2343 4541 2467 4590 όντα
2510 4540 2726 4597 κανόνα,
2779 4541 2874 4590 καὶ
2907 4538 3002 4606 τὴν
3033 4538 3339 4597 ἀκολούθοις
3367 4537 3554 4587 τούτου
3588 4537 3909 4605 κρατοῦσαν

2348 4627 2652 4696 συνήθειαν.
2683 4628 2789 4680 Τοῦ
2840 4629 2894 4678 δὲ
2923 4629 3143 4686 κανόνος
3179 4627 3548 4692 διοριζομένου
3595 4627 3702 4678 ὑπὸ
3729 4629 3909 4695 τριῶν

2343 4717 2658 4769 ἐπισκόπων
2683 4717 2781 4777 τὰς
2822 4717 3035 4783 ψήφους
3073 4715 3336 4780 γίνεσθαι,
3377 4716 3537 4782 εἰπερ
3563 4717 3680 4767 ἐστὶ
3711 4717 3910 4786 δυσχε-

2348 4809 2435 4874 ρὲς
2467 4806 2693 4866 πολλοὺς
2724 4805 3018 4863 συνελθεῖν,
3052 4806 3312 4874 ἐρωτήσει
3362 4823 3468 4866 τις,
3505 4808 3599 4857 ἐὰν
3643 4809 3910 4878 εύχέρειά

2345 4901 2459 4949 ὲστι
2491 4895 2713 4956 πολλοὺς
2768 4895 3060 4956 συνελθεῖν,
3098 4895 3515 4962 ἀκυρωθήσεται
3562 4897 3594 4962 ή
3638 4898 3846 4962 ψῆφος,
3874 4899 3907 4967 ἢ

2344 4987 2434 5049 οὓς
2469 4987 2658 5050 Λύσις
2712 4985 2791 5036 Τὰ
2819 4983 3018 5035 ἄνωθεν
3048 4985 3323 5051 γραφέντα
3368 4984 3494 5049 περὶ
3525 4985 3910 5049 καθαιρέσεως

2347 5078 2639 5129 ἐπισκόπου
2722 5075 3016 5143 γενομένης
3092 5073 3241 5140 παρὰ
3295 5071 3495 5125 δώδεκα
3561 5076 3908 5139 ἐπισκόπων,

2348 5172 2472 5222 ὅταν
2515 5169 2756 5234 ὑπῆρχεν
2804 5167 3024 5235 εὐχερὲς
3059 5166 3154 5216 καὶ
3197 5165 3414 5225 πλείους
3459 5165 3756 5228 συνελθεῖν,
3803 5170 3910 5236 ἀρ.

2347 5261 2530 5313 κοῦσιν
2575 5261 2652 5320 εἰς
2698 5257 2988 5322 ἀπολογίαν
3032 5254 3125 5306 τοῦ
3158 5258 3419 5322 παρόντος
3451 5255 3791 5322 ζητήματος,
3847 5259 3910 5310 τὸ

2346 5353 2422 5409 δὲ,
2460 5352 2516 5401 ὲν
2539 5349 2834 5418 οίῳδήποτε
2879 5346 3048 5411 τόπῳ,
3081 5345 3390 5414 γέγραπται
3446 5345 3534 5396 διὰ
3563 5346 3692 5406 τοὺς
3723 5346 3910 5414 λέγον-

2349 5459 2464 5500 τας.
2493 5440 2726 5508 ὀφείλειν
2771 5437 2868 5497 τὰς
2900 5437 3113 5504 ψήφους
3157 5435 3264 5486 τῶν
3301 5435 3612 5504 ἐκκλησιῶν
3659 5438 3911 5502 γίνεσθαι

2355 5529 2504 5597 παρὰ
2546 5527 2640 5579 τοῦ
2668 5524 3064 5595 μητροπολίτου
3101 5525 3180 5582 είς
3217 5523 3313 5588 τὴν
3343 5525 3463 5573 κατ’
3497 5523 3660 5574 αὑτὸν
3698 5528 3910 5594 μητρό-

2350 5621 2525 5680 πολιν,
2551 5618 2684 5684 ὅπερ
2710 5619 2810 5668 οὐκ
2845 5614 3054 5683 ἐδέχθη.
3087 5613 3219 5666 Οὐδὲ
3269 5613 3372 5683 γὰρ
3402 5615 3429 5665 6
3461 5613 3626 5677 τόπος
3672 5616 3910 5688 καθιστᾷ

2353 5711 2445 5762 τὸν
2478 5709 2823 5765 -ὲπίσκοπον,
2876 5705 3012 5758 ἀλλὰ
3058 5705 3090 5765 ἡ
3131 5703 3306 5767 ψῆφος
3355 5703 3448 5756 καὶ
3476 5705 3507 5767 ή
3534 5704 3769 5769 ὲιτιλογὴ
3801 5708 3910 5762 τῶν
