4114 6456
222 386 280 452 65
1190 377 1268 435 IN
1297 377 1462 435 CAN.
1503 374 1648 433 XIII
1687 374 1888 434 CONC.
1921 373 2295 431 CARTIIAG.
3292 367 3360 428 66

223 499 508 568 ἀρχιερέων.
557 495 867 565 Σημείωσαι
921 491 978 546 δὲ
1022 492 1116 544 καὶ
1173 490 1279 542 ἀπὸ
1311 487 1407 541 τοῦ
1456 486 1722 554 παρόντος
1751 496 1848 548 Ae

1751 496 1795 548 Α
1820 498 1943 552 ergo
1971 492 2129 535 etiam
2163 496 2224 535 ex
2261 482 2360 534 lioc
2402 495 2628 545 canone,
2659 481 2799 549 quod
2834 480 3030 549 primas
3089 480 3201 533 sive
3249 497 3361 534 me-

220 588 418 646 κανόνος
457 586 532 636 ὅτι
583 586 610 634 ὁ
650 581 964 651 πρωτεύων,
1014 580 1175 646 ἠγουν
1216 580 1243 628 ὁ
1299 574 1717 642 μητροπολίτης,
1826 584 1841 623 ι

1826 573 2170 638 tropolitanns
2202 586 2303 622 non
2338 573 2494 624 debet
2535 573 2792 624 interesse
2840 572 3104 630 elcctioni,
3133 572 3223 622 scd
3261 571 3360 622 soli
3406 583 3410 590 '

215 679 301 727 οὐκ
344 675 529 740 ὀφείλει
579 669 972 738 παρουσιάζειν
1020 669 1098 728 εἰς
1147 667 1244 726 τάς
1294 665 1530 732 ψήφους,
1587 662 1723 712 ἀλλὰ
1823 675 1840 711 ε

1823 660 2073 724 episcopi.
2107 658 2240 722 Quid
2276 674 2421 722 vero,
2473 660 2516 711 si
2548 659 2667 724 quis
2722 674 2904 712 eorum
2935 661 3023 726 qui
3086 660 3360 727 elegerunt

218 767 349 834 μόνοι
395 765 438 814 οί
482 761 784 813 ἐπίσκοποι.
814 759 883 814 Τί
905 759 980 819 δὲ,
1015 758 1108 807 ὲάν
1161 772 1241 814 τις
1273 753 1380 804 τῶν
1410 751 1724 820 ψηφισαμέ-
1825 763 1843 800 s

1825 763 1931 800 sum
1968 748 2346 814 subscriptioni
2377 748 2778 808 contradixetit,
2817 762 2950 799 eone
2983 749 3096 811 ipso
3122 749 3361 813 depone-

215 873 304 903 νων
354 849 630 918 ἐναντιωθῇ
678 853 741 915 τῇ
792 849 966 915 οἰκεία
1021 847 1332 912 ὑπογραςῇ.
1390 840 1722 893 ἀπεντεῦθεν
1831 847 1840 887 1

1831 847 1936 898 tur,
1971 851 2035 888 an
2071 847 2189 903 post
2219 837 2666 889 examinationcm
2701 878 2714 899 ,
2750 853 2868 889 cum
2918 852 2977 889 ea
3014 854 3130 904 qua:
3175 853 3366 905 propo-

215 940 656 1006 καθαιρεθήσεται,
687 943 720 1003 ἢ
751 941 886 1000 μετὰ
915 935 1238 1000 δοκιμασίαν
1286 932 1378 980 καὶ
1425 928 1723 995 ἀποτυχίαν
1828 942 1840 975 l

1828 928 1901 976 nit
1931 927 2154 992 probare
2176 941 2282 979 non
2308 926 2511 992 possit?
2544 925 2764 978 Solutio.
2803 926 2856 977 Si
2903 929 3120 978 canonis
3149 927 3363 989 quidem

211 1019 274 1073 ὦν
306 1024 626 1090 προστίθησιν
653 1039 667 1084 ;
699 1021 907 1083 Λύσις.
937 1021 996 1070 Εἰ
1027 1019 1122 1086 μὲν
1171 1017 1475 1085 έκληφθῶσι
1514 1015 1582 1066 τὰ
1630 1015 1724 1082 ρἡ
1829 1035 1836 1057 ι

1829 1019 1988 1073 verba
2023 1028 2237 1087 accepta
2263 1019 2459 1072 fuerint
2495 1023 2559 1073 ad
2595 1022 2714 1082 hoc,
2747 1031 2802 1071 ut
2835 1021 2877 1071 is
2918 1021 3004 1086 qui
3047 1021 3203 1087 elegit
3240 1035 3363 1086 pro-

215 1131 342 1178 ματα
367 1113 450 1163 τοῦ
477 1112 693 1171 κανόνος
724 1113 801 1170 εἰς
833 1111 892 1161 τὸ
937 1109 1318 1182 ἐπιγινώσκειν
1371 1106 1468 1174 μὲν
1503 1105 1592 1156 τὸν
1622 1107 1724 1171 ψη·
1827 1124 1840 1176 ι

1827 1111 1996 1176 priam
2031 1109 2485 1176 subscriptionem
2511 1123 2787 1176 agnoscat,
2807 1110 2948 1163 dicat
2973 1117 3148 1161 autem
3183 1119 3364 1175 postea

214 1204 480 1269 φισὰμενον
513 1203 608 1269 τὴν
656 1200 863 1251 οἰκείαν
893 1199 1233 1268 ὑπογραφὴν,
1267 1197 1443 1262 λέγειν
1485 1195 1537 1247 δὲ
1589 1194 1725 1261 μετά
1825 1215 1839 1251 ε

1825 1215 1883 1251 se
1917 1200 2191 1267 accepisse
2248 1200 2468 1266 aliquid.
2501 1201 2640 1267 quod
2674 1211 2817 1252 vetet
2867 1201 3154 1265 queininus
3179 1199 3243 1259 is,
3275 1198 3365 1264 qui

209 1292 361 1342 ταῦτα
408 1290 584 1357 μαθεῖν
614 1290 669 1340 τί
702 1289 910 1340 κωλὺον
941 1288 1031 1338 τὸν
1082 1285 1419 1354 ψηφισθέντα
1476 1285 1554 1345 εις
1605 1286 1725 1333 ἐπι-ν
1827 1308 1834 1340 ι

1827 1290 2027 1343 electus
2048 1302 2150 1352 est,
2183 1290 2247 1342 ad
2299 1291 2607 1358 dignitatem
2658 1291 3004 1357 episcopalem
3049 1289 3366 1356 provehatur

211 1381 444 1431 σκοπικὸν
484 1380 761 1445 προελθεῖν
793 1378 1026 1444 ἀξίωμα.
1060 1377 1232 1436 ἄλλως
1286 1375 1347 1426 οὑ
1396 1374 1726 1441 καθαιρεθή-
1830 1399 1836 1433 l

1830 1397 1932 1433 non
1961 1382 2092 1433 alias
2127 1382 2438 1447 deponetur,
2473 1396 2630 1448 quam
2660 1383 2702 1434 si
2760 1382 2809 1434 in
2844 1379 3241 1448 probationibus
3278 1379 3369 1429 de-

210 1484 362 1528 σεται,
394 1469 434 1516 εἰ
491 1466 563 1534 μὴ
597 1470 721 1533 περὶ
771 1468 868 1525 τὰς
918 1464 1230 1528 ἀποδείξεις
1267 1464 1544 1530 ἀτονήσει.
1577 1464 1633 1512 Εἰ
1667 1463 1722 1512 δὲ
1830 1475 1835 1520 1

1830 1470 2034 1522 fecerit.
2065 1468 2166 1521 Sed
2201 1471 2244 1520 si
2274 1469 2684 1537 subscriptionis
2734 1469 3084 1523 contradictio
3127 1483 3218 1533 pro
3253 1453 3368 1531 ejus

208 1557 424 1623 ίκληφθῇ
453 1557 484 1623 ή
515 1555 826 1614 ἐναντίωσις
867 1555 964 1620 τῆς
997 1553 1319 1621 ὑπογραφῆς
1353 1554 1430 1614 εἰς
1476 1553 1724 1618 ἄρνησιν,
1832 1599 1833 1604 η

1832 1558 2109 1621 negatione
2141 1568 2358 1623 accepta
2385 1558 2566 1617 luerit,
2601 1571 2657 1608 re
2695 1571 2787 1623 per
2840 1557 3136 1607 litterarum
3171 1555 3365 1620 probae

212 1647 383 1711 ταύτης
409 1646 753 1712 ὲλεγχομένου
781 1643 874 1694 τοῦ
904 1645 1224 1712 πράγματος
1263 1643 1349 1692 διὰ
1385 1643 1726 1708 συγκρίσεως
1831 1653 1837 1693 1

1831 1643 2050 1707 tionem,
2110 1647 2187 1698 vel
2236 1647 2422 1713 aliquo
2472 1646 2578 1698 alio
2637 1646 2790 1698 modo
2838 1646 3109 1705 convicta,
3155 1659 3219 1696 eo
3256 1643 3367 1709 ipso

208 1737 297 1786 τῶν
318 1738 665 1804 γραμμάτων,
693 1735 726 1803 ἢ
771 1736 944 1795 ἄλλως
999 1752 1134 1797 πως,
1168 1732 1496 1784 ἀπεντεὺθεν
1531 1732 1725 1783 καθαι-
1762 1803 1783 1804 7

1762 1803 1783 1804 ί
1833 1738 2148 1802 deponetur.
2183 1734 2314 1787 Nota
2347 1749 2471 1800 ergo
2515 1748 2831 1802 prwsentem
2875 1749 3153 1795 eanouem,
3189 1736 3276 1800 qui
3307 1735 3371 1786 de

209 1825 483 1891 ρεθήσεται.
538 1825 848 1892 Σημείωσαι
906 1823 998 1874 οὑν
1063 1825 1154 1873 τὸν
1225 1822 1467 1889 παρόντα
1527 1822 1724 1874 κανόνα
1759 1803 1834 1874 Bs

1759 1803 1798 1855 Β
1829 1823 2243 1890 subscriptionis
2273 1824 2596 1877 inliciatioue
2627 1825 2879 1892 loquitur,
2914 1835 2968 1874 ut
3001 1823 3128 1875 milii
3156 1824 3371 1890 quidem

208 1915 317 1981 περὶ
369 1916 640 1981 ἀρνήσεως
691 1912 1015 1980 ὑπογραφῆς
1056 1912 1458 1978 διαλεγόμενον,
1498 1913 1572 1972 ὡς
1606 1913 1726 1979 ἐμοὶ
1831 1929 1833 1936 '

1831 1915 2059 1966 videtur.
2119 1914 2256 1981 Lege
2293 1923 2345 1965 et
2402 1925 2559 1980 caput
2608 1913 2693 1976 '75,
2738 1914 2891 1981 primi
2927 1914 3084 1976 tituli,
3125 1912 3217 1964 lib.
3261 1923 3373 1963 χχιι

204 2003 350 2054 δοκεῖ.
386 2003 675 2068 ’Δνάγνωθι
728 2002 822 2052 καὶ
865 2003 1159 2069 κεφάλαιον
1204 2009 1274 2054 οε¹
1320 2003 1412 2054 106
1458 2010 1507 2055 α’
1537 2004 1722 2056 τίτλου

1835 2001 2074 2066 Basilic.,
2101 2014 2152 2055 et
2204 2018 2321 2070 cap.
2379 2003 2428 2058 1.
2459 2005 2536 2055 tit.
2570 2005 2622 2056 5.
2670 2004 2906 2069 ejusdem
2936 2004 3074 2064 libri,
3123 2013 3175 2053 et
3205 2012 3370 2054 letum

205 2092 284 2143 106
327 2092 404 2160 κβ¹
459 2093 661 2160 βιὸλίου
710 2093 817 2144 τῶν
860 2093 1181 2155 Βασιλικῶν,
1216 2097 1310 2144 καὶ
1339 2110 1459 2158 κεφ.
1492 2091 1537 2145 α’
1561 2093 1653 2144 τοῦ
1678 2099 1724 2159 γ’
1826 2104 1830 2140 ι

1826 2094 1909 2144 tit.
1941 2092 1975 2144 4
2013 2092 2247 2157 ejusdem
2284 2093 2427 2154 libri,
2472 2103 2526 2146 et
2553 2109 2671 2161 cap.
2699 2092 2766 2145 60
2798 2091 2933 2145 tituli
2967 2093 3015 2144 1.
3061 2091 3176 2142 libri
3220 2105 3371 2150 xxiii,

205 2183 361 2233 τίτλου
390 2182 474 2233 τοῦ
505 2182 668 2234 αὑτοῦ
702 2183 929 2250 βιϐλίου,
959 2183 1050 2234 καὶ
1077 2184 1165 2234 τὸν
1199 2185 1318 2234 ὅλον
1354 2184 1394 2233 δ’
1425 2183 1603 2233 τίτλον
1629 2183 1724 2234 τοῦ
1828 2207 1830 2225 ι

1828 2192 1886 2235 et
1911 2182 2058 2234 dices
2088 2185 2371 2249 quomodo,
2406 2182 2692 2249 aliquando
2714 2182 2922 2249 quidem
2953 2195 3043 2247 per
3077 2182 3371 2232 litterarum

206 2271 348 2323 αὐτοῦ
380 2271 574 2337 βιϐλίου
605 2286 617 2299 ·
657 2273 749 2324 καὶ
775 2272 835 2322 τὸ
867 2271 907 2333 ξ’
936 2289 1060 2338 κεφ.
1094 2271 1186 2322 τοῦ
1221 2271 1268 2324 α’
1305 2271 1482 2324 τίτλον
1511 2273 1610 2324 τοῦ
1643 2272 1727 2340 κγ’

1831 2271 2193 2335 collationem,
2220 2271 2507 2337 aliquando
2541 2282 2718 2324 autem
2771 2286 2863 2338 per
2894 2279 3058 2322 testes
3107 2268 3367 2339 iurantes,

205 2358 405 2424 βιῦλίου,
435 2362 524 2410 καὶ
565 2360 744 2428 μάθῃς
773 2361 920 2420 ὅπως
952 2360 1080 2412 ποτὲ
1127 2361 1225 2426 μὲν
1249 2362 1334 2413 διὰ
1363 2361 1727 2429 ἀντισυγγρά-
1828 2386 1830 2401 ι

1828 2361 2169 2412 convincitur
2195 2360 2243 2411 is
2264 2361 2352 2425 qui
2386 2370 2543 2426 negat
2572 2361 2837 2426 prepriam
2864 2357 3316 2423 subscriptionem
3355 2372 3368 2407 :

204 2466 321 2514 φων,
353 2452 468 2501 ποτὲ
498 2451 553 2501 δὲ
585 2452 671 2500 διὰ.
711 2451 1004 2521 μαρτύρων
1040 2453 1350 2518 ὁμνυόντων
1394 2453 1672 2520 ἐλέγχεται
1698 2455 1726 2504 ὁ
1828 2477 1829 2488 ι

1828 2457 1880 2500 et
1907 2451 2044 2514 quod
2071 2459 2185 2512 post
2208 2449 2597 2514 probationem,
2616 2449 2702 2515 qui
2723 2449 2997 2500 convictus
3017 2456 3118 2508 est,
3143 2447 3373 2513 cogitur,

203 2540 500 2605 ἀρνούμενος
545 2539 642 2608 τὴν
689 2540 898 2592 οἰκείαν
948 2533 1293 2610 ὑπογραφῆν,
1324 2543 1417 2592 καὶ
1465 2543 1548 2592 ὅτι
1583 2542 1726 2607 μετά

1832 2555 1933 2591 ιιοιι
1966 2539 2136 2591 solum
2169 2541 2476 2592 satisfacere
2503 2537 2812 2608 adversario
2835 2538 2899 2590 de
2931 2541 3226 2604 quantitate
3259 2551 3375 2602 quae

203 2629 398 2695 ἔλεγχον
418 2630 444 2680 ὁ
473 2631 824 2698 κατακριθεὶς
869 2631 1241 2694 ἀναγκάζεται
1281 2632 1500 2698 ποιῆσαι
1527 2632 1604 2699 τῷ
1634 2632 1725 2682 ἀν-

1831 2630 1884 2682 iu
1941 2629 2156 2696 scriptis
2209 2630 2533 2691 continetur,
2578 2629 2668 2680 sed
2695 2638 2748 2680 et
2781 2627 3006 2679 alterum
3043 2629 3374 2678 tantumdem

203 2717 366 2784 τιδίκῳ
399 2718 469 2785 μὴ
498 2720 658 2784 μόνον
698 2721 760 2770 τὸ
800 2718 982 2770 ἰκανὸν
1012 2720 1103 2771 106
1142 2720 1534 2788 περιεχομένου
1569 2724 1624 2771 ὲν
1649 2719 1728 2787 τῷ

1829 2718 2055 2772 solvere.
2093 2717 2494 2785 Septuagesima
2537 2718 2766 2769 secunda
2801 2725 2976 2768 autem
3038 2715 3377 2781 imperatoris

202 2807 436 2874 ἐγγράφῳ
485 2806 673 2871 ποσοῦ,
704 2807 838 2860 ἀλλά
887 2809 981 2860 καὶ
1013 2808 1199 2877 ἕτερον
1249 2811 1522 2861 τοσοῦτον.
1563 2809 1627 2860 Ἦ
1669 2810 1728 2860 δὲ

1831 2807 2031 2860 domini
2062 2807 2255 2860 Leonis
2286 2805 2592 2872 Philosophi
2627 2806 2829 2858 novella
2876 2807 3084 2868 statuit,
3120 2815 3175 2858 ut
3204 2805 3377 2871 quod-

202 2893 265 2962 οβ’
294 2895 470 2960 Νεαρά
494 2897 586 2947 τοῦ
623 2897 884 2964 βασιλέως
917 2897 1085 2965 κυροῦ
1117 2898 1344 2958 Λέοντος
1374 2898 1468 2949 τοῦ
1512 2899 1730 2949 Φιλοσό-

1831 2911 2039 2964 cunque
2092 2899 2374 2964 scriptum,
2442 2897 2494 2946 in
2554 2910 2658 2963 quo
2725 2897 3034 2949 veneranda:
3071 2905 3125 2949 et
3154 2895 3379 2949 viviﬁcaa

204 3003 290 3050 φου
316 2987 596 3056 διορίζεται
621 2989 733 3040 πᾶν
762 2989 1057 3055 ἔγγραφον,
1095 2989 1151 3039 ὲν
1196 2985 1238 3053 ᾧ
1271 2989 1673 3057 ἐπιγέγραπται
1699 2989 1726 3038 ὁ

1833 2987 2011 3039 crucis
2048 2986 2213 3053 ﬁgura
2256 3001 2350 3053 per
2373 3001 2585 3038 manum
2623 2986 2738 3054 ejus
2773 2987 2864 3051 qui
2891 2986 3060 3051 ipsum
3083 2985 3381 3050 composuit

202 3078 281 3128 106
324 3082 496 3146 τιμίου
531 3078 626 3130 καὶ
651 3079 918 3140 ζωοποιοῦ
966 3079 1198 3147 σταυροῦ
1227 3080 1397 3140 τύπος
1428 3081 1516 3131 διὰ
1548 3083 1727 3148 χειρὸς
1752 3106 1796 3162 c

1752 3106 1796 3162 ο
1833 3076 2029 3143 scripta
2056 3068 2156 3138 esi,
2198 3075 2406 3126 ﬁrmum
2458 3086 2510 3126 ct
2539 3075 2868 3127 immutabile
2903 3083 3131 3139 maneat,
3165 3074 3374 3126 etiamsi

209 3165 281 3217 τοῦ
335 3167 653 3235 συνθεμένου
707 3168 860 3234 αὑτὸ,
907 3168 1049 3233 ἔχειν
1090 3168 1152 3218 τὸ
1199 3169 1416 3237 ἰσχυρὸν
1460 3169 1552 3219 καὶ
1595 3170 1728 3236 ἀμε-

1836 3185 1938 3224 ιιοιι
1965 3172 2033 3225 sit
2077 3171 2372 3240 adjectioue
2420 3185 2592 3237 poena:
2651 3174 2933 3222 munitum.
2993 3167 3132 3234 Lege
3171 3181 3380 3236 quoque

208 3255 478 3317 εάπτωτον,
529 3257 630 3307 κᾶν
707 3258 806 3307 οὑκ
883 3256 998 3308 ἔστι
1067 3258 1572 3326 κατησιραλισμένον
1639 3258 1726 3309 διὰ

1833 3269 2072 3318 eamdem
2103 3264 2382 3317 novellam.
2410 3263 2474 3314 Et
2503 3262 2712 3314 tandem
2743 3261 3025 3320 conclude,
3050 3263 3188 3328 quod
3214 3261 3380 3327 depo-

202 3343 495 3410 προστίμου.
539 3343 649 3394 Καὶ
703 3343 977 3409 ἀνάγνωθι
1032 3348 1133 3412 τὴν
1184 3347 1438 3413 τοιαύτην
1487 3347 1721 3413 Νεαρὰν.

1833 3355 1884 3405 ιιὶ
1916 3353 2183 3404 antistites
2239 3352 2328 3418 qui
2358 3356 2566 3418 {negant
2612 3364 2736 3401 suas
2791 3349 2840 3399 in
2870 3348 3220 3400 electionibus
3250 3348 3380 3400 sub~

203 3433 294 3482 Kat
321 3433 636 3498 συναγαγὼν
668 3435 786 3484 εἰπὲ
816 3435 898 3485 ὅτι
927 3434 986 3484 τὸ
1025 3435 1406 3502 καθαιρεῖσθαι
1454 3437 1579 3497 τοὺς
1626 3439 1724 3504 ἀρ·

1834 3443 2176 3510 seriptiones,
2199 3441 2430 3508 speciale
2455 3448 2561 3501 est,
2595 3449 2648 3490 et
2675 3439 2830 3489 debet
2866 3438 2915 3488 in
2956 3437 3055 3490 hoc
3085 3437 3199 3490 solo
3238 3435 3381 3490 facto

203 3521 377 3588 χιερεῖς
411 3520 774 3588 ἀρνουμένους
797 3523 894 3581 τὰς
925 3524 981 3573 ὲν
1023 3525 1142 3583 ταῖς
1169 3523 1367 3589 ψήφοις
1401 3522 1724 3590 ὑπογραφάς

1835 3529 2035 3583 valere.
2091 3529 2145 3582 Si
2196 3531 2336 3582 eniut
2381 3529 2522 3580 aliud
2572 3543 2724 3580 suum
2787 3528 3042 3592 scriptum
3112 3529 3382 3594 negaverit

201 3611 355 3662 ιὺτών
408 3612 569 3664 ίδικόν
626 3612 742 3662 ἐστι
793 3612 888 3665 καὶ
943 3611 1146 3678 ὀφείλει
1176 3616 1396 3680 κρατεῖν
1442 3617 1520 3675 εἰς
1565 3615 1723 3666 τούτο

1832 3623 2115 3687 episcopus
2137 3621 2218 3671 vel
2250 3620 2496 3678 clericus,
2548 3628 2604 3668 ut
2636 3617 2760 3667 inihi
2805 3619 3030 3680 videtur,
3083 3633 3185 3669 non
3217 3619 3382 3686 depo-

201 3704 278 3750 ιιαὶ
315 3702 472 3768 μόνον
510 3701 569 3751 τὸ
618 3701 842 3766 φὰκτον.
892 3700 1019 3753 Ἐὰν
1066 3706 1173 3769 γὰρ
1213 3703 1400 3769 ἕτερον
1448 3705 1724 3771 ἔγγραφον

1833 3721 2008 3768 netur,
2033 3719 2088 3761 ut
2111 3709 2493 3775 dicuntaliqui,
2532 3707 2625 3761 sed
2659 3721 2723 3759 ex
2765 3706 2964 3775 legibus
3005 3723 3163 3776 supra
3198 3712 3383 3776 pbsitis

200 3789 344 3838 αὑτοῦ
383 3790 683 3857 ἁρνήσηται
735 3789 1032 3850 ἐπίσκοπος
1076 3789 1108 3856 ἢ
1159 3779 1438 3856 κληρικὸς,
1481 3792 1552 3850 ὡς
1603 3792 1723 3859 ἐμοὶ
1833 3799 2103 3862 punietur.

201 3878 366 3970 Satist,
408 3882 468 3930 οὑ
535 3881 1034 3950 καθαιρεθήσεται,
1074 3881 1217 3935 καθά
1269 3899 1412 3945 τινες
1491 3885 1766 3951 λέγουσιν,
1842 3890 1974 3942 ἀλλά
2029 3893 2169 3944 κατά
2221 3897 2346 3958 τοὺς
2403 3898 2605 3950 ἄνωθεν
2659 3901 3138 3970 καταστρωοέντας
3189 3899 3386 3968 νόμους

199 3968 590 4037 κολασθήσεται.

255 4057 488 4110 ΖΩΝΑΡ.
525 4058 582 4109 Ὀ
614 4062 874 4126 τέταρτος
907 4061 1085 4112 κανὼν
1111 4061 1206 4128 τῆς
1240 4063 1296 4114 ὲν
1323 4063 1529 4132 Νικαίᾳ
1581 4063 1728 4132 πρώ-

1904 4071 2150 4128 ZONAR.
2225 4072 2552 4140 Episcopum
2625 4085 2846 4140 quartus
2918 4075 3143 4129 Nica‘na)
3197 4077 3384 4143 prima:

198 4161 281 4212 της
325 4147 542 4198 συνόδου
579 4147 684 4198 ὑπὸ
734 4149 949 4198 πάντων
985 4150 1091 4199 τῶν
1122 4151 1178 4199 ὲν
1214 4154 1279 4218 τῇ
1328 4153 1564 4220 ἐπαρχίᾳ
1609 4155 1728 4203 ὲπι-

200 4237 395 4288 σκόπων
426 4231 784 4288 καθίστασθαι
805 4238 975 4304 ὁρίζει
1009 4240 1327 4291 ἐπίσκοπον.
1358 4241 1418 4290 Εἰ
1451 4243 1506 4291 δέ
1532 4259 1612 4302 τις
1643 4244 1726 4310 εἴη

197 4327 481 4397 δυσχέρεια,
512 4331 659 4397 τρεῖς
694 4330 980 4380 ὲπιτοαυτὸ
1013 4332 1367 4397 συνάγεσθαι,
1419 4335 1725 4400 συμψήειεων

1838 4166 2028 4234 synodi
2065 4178 2234 4216 canon
2264 4168 2502 4217 omnium
2541 4166 2827 4233 provincia:
2871 4168 3240 4233 episcoporum
3269 4167 3388 4220 suf-

1839 4254 2007 4318 fragio
2038 4255 2470 4307 constituendum
2504 4269 2625 4309 esse
2648 4258 2908 4310 decernit.
2939 4260 3008 4309 At
3034 4258 3076 4310 si
3104 4258 3390 4324 quonimus

1839 4343 1888 4394 id
1924 4345 2032 4395 lieri
2059 4347 2244 4411 possit,
2269 4360 2427 4398 causa
2453 4345 2634 4413 aliqua
2679 4348 2891 4414 gravior
2936 4347 3201 4401 obstiterit
3223 4357 3386 4412 ,-tum

198 4417 273 4468 διὰ
318 4418 662 4486 γραμμάτων
715 4423 807 4469 καὶ
858 4421 962 4470 τὼν
1011 4421 1212 4473 λοιπῶν
1258 4425 1584 4490 γινομένων,
1637 4426 1730 4476 καὶ
1763 4436 1806 4490 ι)

1763 4436 1806 4490 ι)
1839 4448 1967 4485 vero
2006 4443 2112 4486 tres
2141 4435 2300 4486 simul
2329 4438 2642 4498 convenire,
2683 4453 2745 4489 ac
2797 4440 3003 4491 caeteris
3040 4453 3133 4504 per
3180 4439 3386 4491 litteras

197 4507 346 4568 οὕτως
374 4511 468 4576 τὴν
521 4512 855 4577 χειροτονίαν
895 4511 1155 4576 γίνεσθαι.
1205 4514 1270 4563 Ἃ
1323 4516 1499 4564 τοίνυν
1526 4519 1550 4565 ὁ
1586 4518 1732 4583 εἰρη-

201 4599 340 4660 μένος
370 4599 549 4650 κανιῖυν
570 4600 932 4662 διατατῖεται,
961 4601 1152 4663 ταῦτα,
1185 4604 1346 4668 φασὶν
1370 4605 1416 4653 οἰ
1447 4604 1545 4670 τῆς
1577 4607 1733 4655 συνό-

199 4688 276 4739 δου
298 4692 519 4759 ταύτης,
561 4692 673 4742 δεῖν
729 4691 1090 4758 φυιαχθῆναι,
1125 4693 1197 4752 ὡς
1242 4693 1527 4758 ὁρισθέντα
1580 4698 1731 4763 παρά

198 4776 290 4828 τῶν
335 4781 441 4845 πρὸ
491 4781 734 4831 ἐκείνων.
767 4779 1113 4847 Χειροτονίαν
1153 4781 1196 4832 δ’
1257 4782 1489 4834 ἐνταῦθα
1527 4784 1600 4852 μὴ
1639 4785 1734 4852 τὴν

198 4871 518 4936 χειροθεσίαν
550 4872 643 4920 καὶ
675 4870 1007 4938 καθιέρωσιν
1045 4887 1286 4939 νοητεον,
1317 4873 1450 4924 ἀλλὰ
1491 4877 1588 4941 τὴν
1634 4875 1734 4942 ψῆ-

199 4965 412 5026 ιξον,ἰνα
450 4961 524 5029 μὴ
555 4962 687 5028 δοκῇ
729 4962 1104 5015 ἐναντιοῦσθαι
1154 4964 1230 5031 τῷ
1297 4967 1494 5031 πρώτῳ
1551 4968 1734 5019 κανόνι

198 5053 287 5102 τῶν
326 5055 496 5116 ἁγίων
545 5052 889 5112 ἀποστόλων,
961 5054 1054 5104 καὶ
1111 5055 1213 5105 ὑπὸ
1267 5054 1362 5105 δύο
1417 5059 1733 5108 ἐπισκόπων

198 5146 417 5209 ὁρίζο,τι
460 5144 880 5211 χειροτονεῖσθαι
933 5143 1253 5197 ἐπίσκοπον.
1287 5147 1470 5208 Ὅπως
1535 5148 1588 5197 δὲ
1636 5151 1736 5198 οὑκ

199 5234 539 5297 ἐναντιοῦται,
573 5235 789 5304 εἴρηται
822 5237 879 5286 ὲν
909 5237 975 5303 τῇ
1010 5235 1264 5304 ἐξηγήσει
1315 5236 1409 5286 106
1444 5237 1483 5287 δ’
1519 5238 1737 5297 κανόνος

199 5324 278 5388 τῆς
307 5327 364 5376 έν
391 5323 594 5393 Νικαία
623 5325 848 5393 πρώτης
881 5326 1117 5388 συνόδου,
1154 5327 1188 5378 ἃ.
1211 5331 1303 5380 καὶ
1333 5331 1732 5396 ἀναγνωστέον.

202 5415 568 5482 Πρωτεύοντας
614 5414 659 5466 δ’
712 5415 947 5468 ἐνταῦθα
992 5417 1100 5469 τῶν
1137 5421 1417 5489 ἐπαρχιῶν
1464 5422 1588 5482 τοὺς
1645 5438 1741 5489 μη.

199 5509 509 5573 τροπολίτας
534 5508 720 5575 φησιν,
749 5503 821 5561 ὧν
856 5511 1297 5579 παραγγέλματι,
1330 5512 1495 5579 ήγουν
1529 5516 1736 5580 ἐντολῇ,

199 5618 534 5670 χειροτονειν,
558 5602 806 5653 τουτέστι
853 5602 1209 5669 ψηφίζεσθαι,
1243 5604 1369 5664 τοὺς
1410 5605 1740 5665 ὲπισκίπους

202 5695 490 5745 ἰπίσκοπον
520 5679 891 5746 διατάττεται.
919 5694 1044 5745 Ἐὰν
1079 5694 1132 5745 δέ
1164 5710 1269 5760 τις,
1314 5695 1466 5762 φητὶ,
1497 5695 1605 5746 τῶν
1633 5695 1705 5763 ψη

1836 4527 2252 4582 assentientibus
2290 4529 2597 4595 episcopum
2626 4531 2832 4582 illorum
2864 4534 3178 4585 auctoritate
3197 4534 3378 4584 creari

1838 4619 2028 4685 placet.
2069 4618 2195 4684 Quae
2234 4621 2394 4686 igitur
2444 4622 2533 4674 illo
2585 4639 2785 4675 canone
2839 4625 3278 4690 pra-scribuntur,
3316 4641 3382 4677 ea

1839 4708 2088 4760 nimirum
2123 4725 2150 4762 a
2180 4713 2468 4776 majoribus
2494 4721 2692 4764 statuta
2724 4714 2923 4765 servari
2951 4725 3198 4778 Oportere
3231 4715 3389 4783 hujus

1835 4798 2023 4865 synodi
2067 4797 2256 4852 Patres
2293 4799 2576 4852 aﬂirmaut.
2626 4800 2923 4852 Creatiouis
2958 4819 3116 4868 porro
3148 4805 3388 4863 nomine,

1837 4901 1941 4935 non
2004 4901 2254 4938 manuum
2306 4889 2575 4954 itnpositio
2603 4898 2653 4940 et
2683 4895 3037 4950 eoiisecratio,
3073 4894 3164 4943 sed
3195 4891 3388 4943 electio

1839 4976 1938 5026 lioe
1971 4975 2084 5028 loco
2113 4978 2330 5045 intelligi
2383 4980 2570 5040 debet;
2605 4991 2672 5030 ne
2718 4981 2890 5044 primo
2913 4994 3220 5033 sanctorum
3256 4994 3382 5046 apo-

1836 5069 2095 5116 stolorum
2140 5067 2352 5127 canoni,
2378 5067 2468 5133 qui
2515 5082 2542 5117 a
2574 5067 2777 5120 duobus
2806 5069 3066 5134 episcopis
3094 5069 3382 5121 creandum

1837 5172 1954 5210 esse
1985 5159 2289 5223 episc0pum
2320 5157 2583 5221 decernit,
2619 5159 2706 5211 hic
2737 5174 2909 5212 canon
2933 5160 3235 5211 contrarius
3260 5174 3384 5213 esse

1837 5249 2192 5299 existimetur.
2222 5246 2353 5297 Nam
2384 5247 2456 5300 illi
2483 5249 2695 5315 quidem
2727 5250 2868 5301 nullo
2902 5249 3054 5300 modo
3087 5249 3382 5314 adversari,

1841 5337 1891 5386 in
1936 5337 2290 5404 explicatione
2343 5337 2567 5389 canonis
2618 5339 2653 5390 4
2709 5337 2929 5390 Nicwnte
2960 5337 3141 5405 prima
3195 5341 3376 5405 synodi

1841 5428 2369 5492 demonstravimus;
2409 5441 2462 5480 tu
2492 5444 2608 5481 eam
2657 5429 2794 5481 vide.
2851 5427 3113 5481 Primates
3149 5442 3272 5480 vero
3297 5429 3384 5481 hic

1841 5516 2288 5584 provinciarum,
2354 5519 2715 5586 metropolitas
2771 5518 3030 5582 nominat,
3089 5532 3383 5585 eorumque

1844 5607 2110 5669 mandato,
2167 5608 2264 5658 hoc
2312 5615 2411 5671 est,
2441 5607 2616 5672 jussu,
2656 5610 2722 5661 ab
2748 5609 3007 5677 episcopis
3072 5611 3380 5668 creandum,

1846 5699 1947 5749 lioc
1972 5708 2078 5758 est,
2123 5695 2425 5762 eligendum
2456 5710 2575 5750 esse
2597 5697 2896 5764 episcopum
2926 5698 3184 5752 decernit.
3231 5694 3377 5760 Quod
