  <div class='ocr_page' id='page_1' title='image "/cluster/home/n/w/nwhite01/storage/ocr_20150623/138/uva.x030486987/055.png"; bbox 0 0 4114 6458; ppageno 0'>
   <div class='ocr_carea' id='block_1_1' title="bbox 690 355 3876 419">
    <p class='ocr_par' dir='ltr' id='par_1_1' title="bbox 690 355 3876 419">
     <span class='ocr_line' id='line_1_1' title="bbox 690 355 3876 419; baseline -0 -1"><span class='ocrx_word' id='word_1_1' title='bbox 690 357 757 418; x_wconf 82' lang='lat'><strong>67</strong></span> <span class='ocrx_word' id='word_1_2' title='bbox 1933 355 2203 416; x_wconf 83' lang='lat' dir='ltr'><strong>THEOD.</strong></span> <span class='ocrx_word' id='word_1_3' title='bbox 2239 356 2630 419; x_wconf 65' lang='lat' dir='ltr'><strong>BALSAMON</strong></span> <span class='ocrx_word' id='word_1_4' title='bbox 3812 357 3876 417; x_wconf 75' lang='lat'><strong>58</strong></span> 
     </span>
    </p>
   </div>
   <div class='ocr_carea' id='block_1_2' title="bbox 685 463 2241 547">
    <p class='ocr_par' dir='ltr' id='par_1_2' title="bbox 685 463 2238 534">
     <span class='ocr_line' id='line_1_2' title="bbox 685 463 2238 534; baseline -0.002 -15"><span class='ocrx_word' id='word_1_5' title='bbox 685 467 733 521; x_wconf 87' lang='lat' dir='ltr'><strong>si</strong></span> <span class='ocrx_word' id='word_1_6' title='bbox 769 466 914 534; x_wconf 86' lang='lat' dir='ltr'><strong>quis,</strong></span> <span class='ocrx_word' id='word_1_7' title='bbox 969 464 1166 532; x_wconf 89' lang='lat' dir='ltr'><strong>inquit,</strong></span> <span class='ocrx_word' id='word_1_8' title='bbox 1206 463 1458 534; x_wconf 70' lang='lat' dir='ltr'><strong>suffragio</strong></span> <span class='ocrx_word' id='word_1_9' title='bbox 1504 464 1612 519; x_wconf 89' lang='lat' dir='ltr'><strong>lato</strong></span> <span class='ocrx_word' id='word_1_10' title='bbox 1680 475 1862 534; x_wconf 80' lang='lat' dir='ltr'><strong>postea</strong></span> <span class='ocrx_word' id='word_1_11' title='bbox 1915 464 2238 520; x_wconf 78' lang='lat' dir='ltr'><strong>confessioni</strong></span> 
     </span>
    </p>
   </div>
   <div class='ocr_carea' id='block_1_3' title="bbox 2349 463 3876 547">
    <p class='ocr_par' dir='ltr' id='par_1_3' title="bbox 2349 469 3876 547">
     <span class='ocr_line' id='line_1_3' title="bbox 2349 469 3876 547; baseline 0.001 -29"><span class='ocrx_word' id='word_1_12' title='bbox 2349 469 2658 547; x_wconf 73' lang='grc' dir='ltr'>φισαμένων</span> <span class='ocrx_word' id='word_1_13' title='bbox 2701 473 2796 526; x_wconf 77' lang='grc' dir='ltr'>καὶ</span> <span class='ocrx_word' id='word_1_14' title='bbox 2831 472 2969 541; x_wconf 80' lang='grc' dir='ltr'>μετὰ</span> <span class='ocrx_word' id='word_1_15' title='bbox 3009 469 3105 541; x_wconf 63' lang='grc' dir='ltr'>τὴν</span> <span class='ocrx_word' id='word_1_16' title='bbox 3138 470 3316 538; x_wconf 71' lang='grc' dir='ltr'>ψῆφον</span> <span class='ocrx_word' id='word_1_17' title='bbox 3345 469 3644 539; x_wconf 78' lang='grc' dir='ltr'>ἐναντιωθῇ</span> <span class='ocrx_word' id='word_1_18' title='bbox 3673 471 3738 537; x_wconf 72' lang='grc' dir='ltr'>τῇ</span> <span class='ocrx_word' id='word_1_19' title='bbox 3776 471 3876 538; x_wconf 74' lang='grc' dir='ltr'>[δια</span> 
     </span>
    </p>
   </div>
   <div class='ocr_carea' id='block_1_4' title="bbox 685 555 2236 620">
    <p class='ocr_par' dir='ltr' id='par_1_4' title="bbox 685 555 2236 620">
     <span class='ocr_line' id='line_1_4' title="bbox 685 555 2236 620; baseline -0.003 -10"><span class='ocrx_word' id='word_1_20' title='bbox 685 572 798 610; x_wconf 76' lang='lat' dir='ltr'><strong>sua:</strong></span> <span class='ocrx_word' id='word_1_21' title='bbox 824 563 912 606; x_wconf 87' lang='lat' dir='ltr'><strong>aut</strong></span> <span class='ocrx_word' id='word_1_22' title='bbox 960 555 1340 620; x_wconf 84' lang='lat' dir='ltr'><strong>subscriptiOni</strong></span> <span class='ocrx_word' id='word_1_23' title='bbox 1381 555 1698 607; x_wconf 78' lang='lat' dir='ltr'><strong>adversatus</strong></span> <span class='ocrx_word' id='word_1_24' title='bbox 1750 555 1933 616; x_wconf 84' lang='lat' dir='ltr'><strong>fuerit,</strong></span> <span class='ocrx_word' id='word_1_25' title='bbox 1989 556 2089 608; x_wconf 89' lang='lat' dir='ltr'><strong>hoc</strong></span> <span class='ocrx_word' id='word_1_26' title='bbox 2133 564 2236 618; x_wconf 89' lang='lat' dir='ltr'><strong>est,</strong></span> 
     </span>
    </p>
   </div>
   <div class='ocr_carea' id='block_1_5' title="bbox 687 643 2237 714">
    <p class='ocr_par' dir='ltr' id='par_1_5' title="bbox 687 643 2237 714">
     <span class='ocr_line' id='line_1_5' title="bbox 687 643 2237 714; baseline 0.001 -19"><span class='ocrx_word' id='word_1_27' title='bbox 687 661 844 714; x_wconf 83' lang='lat' dir='ltr'><strong>quem</strong></span> <span class='ocrx_word' id='word_1_28' title='bbox 877 647 1022 713; x_wconf 89' lang='lat' dir='ltr'><strong>prius</strong></span> <span class='ocrx_word' id='word_1_29' title='bbox 1053 643 1338 710; x_wconf 77' lang='lat' dir='ltr'><strong>episcopali</strong></span> <span class='ocrx_word' id='word_1_30' title='bbox 1371 644 1535 706; x_wconf 79' lang='lat' dir='ltr'><strong>gradu</strong></span> <span class='ocrx_word' id='word_1_31' title='bbox 1568 645 1784 709; x_wconf 88' lang='lat' dir='ltr'><strong>dignum</strong></span> <span class='ocrx_word' id='word_1_32' title='bbox 1833 643 2105 712; x_wconf 72' lang='lat' dir='ltr'><strong>suﬂragio,</strong></span> <span class='ocrx_word' id='word_1_33' title='bbox 2152 646 2237 697; x_wconf 86' lang='lat' dir='ltr'><strong>vel</strong></span> 
     </span>
    </p>
   </div>
   <div class='ocr_carea' id='block_1_6' title="bbox 691 732 2237 800">
    <p class='ocr_par' dir='ltr' id='par_1_6' title="bbox 691 732 2237 800">
     <span class='ocr_line' id='line_1_6' title="bbox 691 732 2237 800; baseline -0.003 -10"><span class='ocrx_word' id='word_1_34' title='bbox 691 739 853 790; x_wconf 83' lang='lat' dir='ltr'><strong>etiam</strong></span> <span class='ocrx_word' id='word_1_35' title='bbox 889 734 1302 800; x_wconf 76' lang='lat' dir='ltr'><strong>subscriptione,</strong></span> <span class='ocrx_word' id='word_1_36' title='bbox 1328 733 1451 784; x_wconf 87' lang='lat' dir='ltr'><strong>dum</strong></span> <span class='ocrx_word' id='word_1_37' title='bbox 1485 735 1549 785; x_wconf 87' lang='lat' dir='ltr'><strong>de</strong></span> <span class='ocrx_word' id='word_1_38' title='bbox 1579 747 1642 784; x_wconf 90' lang='lat' dir='ltr'><strong>eo</strong></span> <span class='ocrx_word' id='word_1_39' title='bbox 1688 732 2088 798; x_wconf 76' lang='lat' dir='ltr'><strong>decerneretur,</strong></span> <span class='ocrx_word' id='word_1_40' title='bbox 2141 737 2237 786; x_wconf 88' lang='lat' dir='ltr'><strong>de-</strong></span> 
     </span>
    </p>
   </div>
   <div class='ocr_carea' id='block_1_7' title="bbox 698 822 2236 888">
    <p class='ocr_par' dir='ltr' id='par_1_7' title="bbox 698 822 2236 888">
     <span class='ocr_line' id='line_1_7' title="bbox 698 822 2236 888; baseline -0.001 -13"><span class='ocrx_word' id='word_1_41' title='bbox 698 823 944 882; x_wconf 84' lang='lat' dir='ltr'><strong>claravit,</strong></span> <span class='ocrx_word' id='word_1_42' title='bbox 974 836 1100 874; x_wconf 79' lang='lat' dir='ltr'><strong>mox</strong></span> <span class='ocrx_word' id='word_1_43' title='bbox 1142 823 1361 888; x_wconf 85' lang='lat' dir='ltr'><strong>dignum</strong></span> <span class='ocrx_word' id='word_1_44' title='bbox 1416 831 1592 888; x_wconf 82' lang='lat' dir='ltr'><strong>negat,</strong></span> <span class='ocrx_word' id='word_1_45' title='bbox 1635 833 1794 888; x_wconf 87' lang='lat' dir='ltr'><strong>atque</strong></span> <span class='ocrx_word' id='word_1_46' title='bbox 1820 837 1848 873; x_wconf 89' lang='lat' dir='ltr'><strong>a</strong></span> <span class='ocrx_word' id='word_1_47' title='bbox 1883 837 1939 874; x_wconf 83' lang='lat' dir='ltr'><strong>se</strong></span> <span class='ocrx_word' id='word_1_48' title='bbox 1969 823 2079 887; x_wconf 86' lang='lat' dir='ltr'><strong>ipse</strong></span> <span class='ocrx_word' id='word_1_49' title='bbox 2124 822 2236 875; x_wconf 88' lang='lat' dir='ltr'><strong>dis-</strong></span> 
     </span>
    </p>
   </div>
   <div class='ocr_carea' id='block_1_8' title="bbox 685 910 2234 979">
    <p class='ocr_par' dir='ltr' id='par_1_8' title="bbox 685 910 2234 979">
     <span class='ocr_line' id='line_1_8' title="bbox 685 910 2234 979; baseline -0.001 -13"><span class='ocrx_word' id='word_1_50' title='bbox 685 913 884 976; x_wconf 87' lang='lat' dir='ltr'><strong>sentit;</strong></span> <span class='ocrx_word' id='word_1_51' title='bbox 919 912 1030 975; x_wconf 86' lang='lat' dir='ltr'><strong>ipse</strong></span> <span class='ocrx_word' id='word_1_52' title='bbox 1073 925 1130 964; x_wconf 87' lang='lat' dir='ltr'><strong>se</strong></span> <span class='ocrx_word' id='word_1_53' title='bbox 1169 910 1363 963; x_wconf 86' lang='lat' dir='ltr'><strong>summi</strong></span> <span class='ocrx_word' id='word_1_54' title='bbox 1414 912 1696 963; x_wconf 74' lang='lat' dir='ltr'><strong>sacerdotii</strong></span> <span class='ocrx_word' id='word_1_55' title='bbox 1742 913 1943 964; x_wconf 83' lang='lat' dir='ltr'><strong>honore</strong></span> <span class='ocrx_word' id='word_1_56' title='bbox 1972 911 2234 979; x_wconf 73' lang='lat' dir='ltr'><strong>privabit,</strong></span> 
     </span>
    </p>
   </div>
   <div class='ocr_carea' id='block_1_9' title="bbox 689 1001 2237 1070">
    <p class='ocr_par' dir='ltr' id='par_1_9' title="bbox 689 1001 2237 1070">
     <span class='ocr_line' id='line_1_9' title="bbox 689 1001 2237 1070; baseline 0 -14"><span class='ocrx_word' id='word_1_57' title='bbox 689 1006 742 1056; x_wconf 93' lang='lat' dir='ltr'><strong>id</strong></span> <span class='ocrx_word' id='word_1_58' title='bbox 776 1012 878 1068; x_wconf 88' lang='lat' dir='ltr'><strong>est,</strong></span> <span class='ocrx_word' id='word_1_59' title='bbox 908 1002 1265 1069; x_wconf 80' lang='lat' dir='ltr'><strong>depositione,</strong></span> <span class='ocrx_word' id='word_1_60' title='bbox 1302 1001 1404 1054; x_wconf 91' lang='lat' dir='ltr'><strong>nisi</strong></span> <span class='ocrx_word' id='word_1_61' title='bbox 1451 1001 1616 1064; x_wconf 78' lang='lat' dir='ltr'><strong>illius,</strong></span> <span class='ocrx_word' id='word_1_62' title='bbox 1642 1016 1800 1070; x_wconf 73' lang='lat' dir='ltr'><strong>(luem</strong></span> <span class='ocrx_word' id='word_1_63' title='bbox 1835 1012 2074 1065; x_wconf 80' lang='lat' dir='ltr'><strong>accusat,</strong></span> <span class='ocrx_word' id='word_1_64' title='bbox 2103 1018 2237 1070; x_wconf 87' lang='lat' dir='ltr'><strong>pro—</strong></span> 
     </span>
    </p>
   </div>
   <div class='ocr_carea' id='block_1_10' title="bbox 686 1091 1592 1153">
    <p class='ocr_par' dir='ltr' id='par_1_10' title="bbox 686 1091 1592 1153">
     <span class='ocr_line' id='line_1_10' title="bbox 686 1091 1592 1153; baseline 0 -8"><span class='ocrx_word' id='word_1_65' title='bbox 686 1095 811 1146; x_wconf 85' lang='lat' dir='ltr'><strong>bato</strong></span> <span class='ocrx_word' id='word_1_66' title='bbox 842 1094 1088 1153; x_wconf 89' lang='lat' dir='ltr'><strong>crimine,</strong></span> <span class='ocrx_word' id='word_1_67' title='bbox 1123 1091 1592 1145; x_wconf 89' lang='lat' dir='ltr'><strong>condemnabilur.</strong></span> 
     </span>
    </p>
   </div>
   <div class='ocr_carea' id='block_1_11' title="bbox 686 1181 2237 1251">
    <p class='ocr_par' dir='ltr' id='par_1_11' title="bbox 686 1181 2237 1251">
     <span class='ocr_line' id='line_1_11' title="bbox 686 1181 2237 1251; baseline 0 -17"><span class='ocrx_word' id='word_1_68' title='bbox 686 1182 850 1251; x_wconf 79' lang='lat'><strong>529</strong></span> <span class='ocrx_word' id='word_1_69' title='bbox 875 1182 1096 1236; x_wconf 51' lang='lat' dir='ltr'><strong>Al‘ilST.</strong></span> <span class='ocrx_word' id='word_1_70' title='bbox 1132 1181 1394 1234; x_wconf 66' lang='lat' dir='ltr'><strong>«Primate</strong></span> <span class='ocrx_word' id='word_1_71' title='bbox 1415 1181 1655 1248; x_wconf 74' lang='lat' dir='ltr'><strong>iubente,</strong></span> <span class='ocrx_word' id='word_1_72' title='bbox 1681 1183 1841 1235; x_wconf 89' lang='lat' dir='ltr'><strong>etiam</strong></span> <span class='ocrx_word' id='word_1_73' title='bbox 1871 1192 1976 1234; x_wconf 88' lang='lat' dir='ltr'><strong>tres</strong></span> <span class='ocrx_word' id='word_1_74' title='bbox 2001 1182 2237 1248; x_wconf 85' lang='lat' dir='ltr'><strong>episcopi</strong></span> 
     </span>
    </p>
   </div>
   <div class='ocr_carea' id='block_1_12' title="bbox 761 1273 2235 1342">
    <p class='ocr_par' dir='ltr' id='par_1_12' title="bbox 761 1273 2235 1342">
     <span class='ocr_line' id='line_1_12' title="bbox 761 1273 2235 1342; baseline 0.001 -18"><span class='ocrx_word' id='word_1_75' title='bbox 761 1293 780 1324; x_wconf 79' lang='grc' dir='ltr'><strong>ι</strong></span> <span class='ocrx_word' id='word_1_76' title='bbox 818 1277 1151 1328; x_wconf 77' lang='grc' dir='ltr'>εοιιειὶιυυιιι</span> <span class='ocrx_word' id='word_1_77' title='bbox 1175 1277 1507 1342; x_wconf 82' lang='lat' dir='ltr'><strong>episcOpum.</strong></span> <span class='ocrx_word' id='word_1_78' title='bbox 1543 1273 1605 1326; x_wconf 85' lang='lat' dir='ltr'><strong>Et</strong></span> <span class='ocrx_word' id='word_1_79' title='bbox 1655 1276 1746 1342; x_wconf 89' lang='lat' dir='ltr'><strong>qui</strong></span> <span class='ocrx_word' id='word_1_80' title='bbox 1779 1289 1888 1328; x_wconf 54' lang='lat' dir='ltr'><strong>sua!</strong></span> <span class='ocrx_word' id='word_1_81' title='bbox 1911 1275 2235 1328; x_wconf 81' lang='lat' dir='ltr'><strong>confessioni</strong></span> 
     </span>
    </p>
   </div>
   <div class='ocr_carea' id='block_1_13' title="bbox 760 1364 2237 1433">
    <p class='ocr_par' dir='ltr' id='par_1_13' title="bbox 760 1364 2237 1433">
     <span class='ocr_line' id='line_1_13' title="bbox 760 1364 2237 1433; baseline 0.002 -19"><span class='ocrx_word' id='word_1_82' title='bbox 760 1384 777 1414; x_wconf 79' lang='grc' dir='ltr'><strong>ι</strong></span> <span class='ocrx_word' id='word_1_83' title='bbox 824 1365 904 1418; x_wconf 80' lang='lat' dir='ltr'><strong>vel</strong></span> <span class='ocrx_word' id='word_1_84' title='bbox 969 1365 1348 1433; x_wconf 85' lang='lat' dir='ltr'><strong>snhscriptioni</strong></span> <span class='ocrx_word' id='word_1_85' title='bbox 1402 1364 1739 1430; x_wconf 82' lang='lat' dir='ltr'><strong>adversatur,</strong></span> <span class='ocrx_word' id='word_1_86' title='bbox 1791 1374 1980 1433; x_wconf 86' lang='lat' dir='ltr'><strong>suopte</strong></span> <span class='ocrx_word' id='word_1_87' title='bbox 2035 1364 2237 1433; x_wconf 90' lang='lat' dir='ltr'><strong>judicio</strong></span> 
     </span>
    </p>
   </div>
   <div class='ocr_carea' id='block_1_14' title="bbox 757 1453 1434 1520">
    <p class='ocr_par' dir='ltr' id='par_1_14' title="bbox 757 1453 1434 1520">
     <span class='ocr_line' id='line_1_14' title="bbox 757 1453 1434 1520; baseline -0.003 -15"><span class='ocrx_word' id='word_1_88' title='bbox 757 1471 776 1504; x_wconf 81' lang='grc' dir='ltr'><strong>ι</strong></span> <span class='ocrx_word' id='word_1_89' title='bbox 816 1453 1021 1507; x_wconf 87' lang='lat' dir='ltr'><strong>honore</strong></span> <span class='ocrx_word' id='word_1_90' title='bbox 1059 1453 1379 1520; x_wconf 89' lang='lat' dir='ltr'><strong>privabitur.</strong></span> <span class='ocrx_word' id='word_1_91' title='bbox 1415 1471 1434 1503; x_wconf 72' lang='grc' dir='ltr'><strong>ι</strong></span> 
     </span>
    </p>
   </div>
   <div class='ocr_carea' id='block_1_15' title="bbox 754 1543 2238 1613">
    <p class='ocr_par' dir='ltr' id='par_1_15' title="bbox 754 1543 2238 1613">
     <span class='ocr_line' id='line_1_15' title="bbox 754 1543 2238 1613; baseline 0.001 -17"><span class='ocrx_word' id='word_1_92' title='bbox 754 1543 979 1607; x_wconf 84' lang='lat' dir='ltr'><strong>Omnes,</strong></span> <span class='ocrx_word' id='word_1_93' title='bbox 1017 1543 1064 1597; x_wconf 90' lang='lat' dir='ltr'><strong>si</strong></span> <span class='ocrx_word' id='word_1_94' title='bbox 1101 1543 1212 1596; x_wconf 84' lang='lat' dir='ltr'><strong>ﬁeri</strong></span> <span class='ocrx_word' id='word_1_95' title='bbox 1243 1552 1434 1610; x_wconf 87' lang='lat' dir='ltr'><strong>potest,</strong></span> <span class='ocrx_word' id='word_1_96' title='bbox 1468 1545 1754 1610; x_wconf 72' lang='lat' dir='ltr'><strong>provincia:</strong></span> <span class='ocrx_word' id='word_1_97' title='bbox 1789 1546 2019 1613; x_wconf 87' lang='lat' dir='ltr'><strong>episcopi</strong></span> <span class='ocrx_word' id='word_1_98' title='bbox 2064 1546 2238 1598; x_wconf 88' lang='lat' dir='ltr'><strong>adsint</strong></span> 
     </span>
    </p>
   </div>
   <div class='ocr_carea' id='block_1_16' title="bbox 684 1633 2237 1702">
    <p class='ocr_par' dir='ltr' id='par_1_16' title="bbox 684 1633 2237 1702">
     <span class='ocr_line' id='line_1_16' title="bbox 684 1633 2237 1702; baseline 0.001 -16"><span class='ocrx_word' id='word_1_99' title='bbox 684 1648 904 1686; x_wconf 62' lang='lat' dir='ltr'><strong>necche</strong></span> <span class='ocrx_word' id='word_1_100' title='bbox 929 1641 1032 1694; x_wconf 85' lang='lat' dir='ltr'><strong>est,</strong></span> <span class='ocrx_word' id='word_1_101' title='bbox 1081 1633 1293 1700; x_wconf 90' lang='lat' dir='ltr'><strong>quando</strong></span> <span class='ocrx_word' id='word_1_102' title='bbox 1361 1633 1414 1685; x_wconf 91' lang='lat' dir='ltr'><strong>in</strong></span> <span class='ocrx_word' id='word_1_103' title='bbox 1465 1636 1779 1688; x_wconf 86' lang='lat' dir='ltr'><strong>vacantibus</strong></span> <span class='ocrx_word' id='word_1_104' title='bbox 1845 1636 2237 1702; x_wconf 77' lang='lat' dir='ltr'><strong>episcopalibus</strong></span> 
     </span>
    </p>
   </div>
   <div class='ocr_carea' id='block_1_17' title="bbox 685 1725 2236 1796">
    <p class='ocr_par' dir='ltr' id='par_1_17' title="bbox 685 1725 2236 1796">
     <span class='ocr_line' id='line_1_17' title="bbox 685 1725 2236 1796; baseline 0.001 -18"><span class='ocrx_word' id='word_1_105' title='bbox 685 1725 919 1796; x_wconf 88' lang='lat' dir='ltr'><strong>episcopi</strong></span> <span class='ocrx_word' id='word_1_106' title='bbox 969 1735 1095 1777; x_wconf 86' lang='lat' dir='ltr'><strong>sunt</strong></span> <span class='ocrx_word' id='word_1_107' title='bbox 1152 1725 1419 1793; x_wconf 78' lang='lat' dir='ltr'><strong>eligendi;</strong></span> <span class='ocrx_word' id='word_1_108' title='bbox 1460 1726 1908 1793; x_wconf 84' lang='lat' dir='ltr'><strong>quemadmodum</strong></span> <span class='ocrx_word' id='word_1_109' title='bbox 1942 1736 1993 1780; x_wconf 91' lang='lat' dir='ltr'><strong>et</strong></span> <span class='ocrx_word' id='word_1_110' title='bbox 2046 1739 2236 1794; x_wconf 87' lang='lat' dir='ltr'><strong>quarto</strong></span> 
     </span>
    </p>
   </div>
   <div class='ocr_carea' id='block_1_18' title="bbox 685 1814 2236 1883">
    <p class='ocr_par' dir='ltr' id='par_1_18' title="bbox 685 1814 2236 1883">
     <span class='ocr_line' id='line_1_18' title="bbox 685 1814 2236 1883; baseline 0.001 -17"><span class='ocrx_word' id='word_1_111' title='bbox 685 1816 874 1883; x_wconf 84' lang='lat' dir='ltr'><strong>synodi</strong></span> <span class='ocrx_word' id='word_1_112' title='bbox 904 1814 1138 1868; x_wconf 71' lang='lat' dir='ltr'><strong>Nicmnze</strong></span> <span class='ocrx_word' id='word_1_113' title='bbox 1169 1817 1360 1869; x_wconf 82' lang='lat' dir='ltr'><strong>eanoni</strong></span> <span class='ocrx_word' id='word_1_114' title='bbox 1397 1817 1567 1869; x_wconf 82' lang='lat' dir='ltr'><strong>visum</strong></span> <span class='ocrx_word' id='word_1_115' title='bbox 1617 1828 1720 1878; x_wconf 89' lang='lat' dir='ltr'><strong>est,</strong></span> <span class='ocrx_word' id='word_1_116' title='bbox 1752 1826 1806 1869; x_wconf 91' lang='lat' dir='ltr'><strong>et</strong></span> <span class='ocrx_word' id='word_1_117' title='bbox 1839 1818 2236 1870; x_wconf 81' lang='lat' dir='ltr'><strong>undevicesimo</strong></span> 
     </span>
    </p>
   </div>
   <div class='ocr_carea' id='block_1_19' title="bbox 686 1901 2239 1966">
    <p class='ocr_par' dir='ltr' id='par_1_19' title="bbox 686 1901 2239 1966">
     <span class='ocr_line' id='line_1_19' title="bbox 686 1901 2239 1966; baseline 0.001 -14"><span class='ocrx_word' id='word_1_118' title='bbox 686 1901 1062 1957; x_wconf 66' lang='lat' dir='ltr'><strong>Antiochenai.</strong></span> <span class='ocrx_word' id='word_1_119' title='bbox 1129 1904 1183 1956; x_wconf 88' lang='lat' dir='ltr'><strong>Si</strong></span> <span class='ocrx_word' id='word_1_120' title='bbox 1236 1905 1336 1956; x_wconf 90' lang='lat' dir='ltr'><strong>hoc</strong></span> <span class='ocrx_word' id='word_1_121' title='bbox 1394 1915 1570 1957; x_wconf 89' lang='lat' dir='ltr'><strong>autem</strong></span> <span class='ocrx_word' id='word_1_122' title='bbox 1641 1903 1851 1956; x_wconf 80' lang='lat' dir='ltr'><strong>diliicile</strong></span> <span class='ocrx_word' id='word_1_123' title='bbox 1905 1902 2087 1966; x_wconf 78' lang='lat' dir='ltr'><strong>fuerit,</strong></span> <span class='ocrx_word' id='word_1_124' title='bbox 2145 1916 2239 1955; x_wconf 86' lang='lat' dir='ltr'><strong>aut</strong></span> 
     </span>
    </p>
   </div>
   <div class='ocr_carea' id='block_1_20' title="bbox 684 1993 2236 2060">
    <p class='ocr_par' dir='ltr' id='par_1_20' title="bbox 684 1993 2236 2060">
     <span class='ocr_line' id='line_1_20' title="bbox 684 1993 2236 2060; baseline 0.003 -20"><span class='ocrx_word' id='word_1_125' title='bbox 684 2000 896 2057; x_wconf 83' lang='lat' dir='ltr'><strong>prOptcr</strong></span> <span class='ocrx_word' id='word_1_126' title='bbox 928 1993 1023 2044; x_wconf 75' lang='lat' dir='ltr'><strong>via:</strong></span> <span class='ocrx_word' id='word_1_127' title='bbox 1074 1993 1480 2060; x_wconf 88' lang='lat' dir='ltr'><strong>longitudinem,</strong></span> <span class='ocrx_word' id='word_1_128' title='bbox 1537 2003 1626 2044; x_wconf 89' lang='lat' dir='ltr'><strong>aut</strong></span> <span class='ocrx_word' id='word_1_129' title='bbox 1677 1994 1832 2045; x_wconf 82' lang='lat' dir='ltr'><strong>aliam</strong></span> <span class='ocrx_word' id='word_1_130' title='bbox 1864 2007 2236 2060; x_wconf 85' lang='lat' dir='ltr'><strong>quamcunque</strong></span> 
     </span>
    </p>
   </div>
   <div class='ocr_carea' id='block_1_21' title="bbox 684 2083 2234 2152">
    <p class='ocr_par' dir='ltr' id='par_1_21' title="bbox 684 2083 2234 2152">
     <span class='ocr_line' id='line_1_21' title="bbox 684 2083 2234 2152; baseline 0.003 -20"><span class='ocrx_word' id='word_1_131' title='bbox 684 2083 1085 2146; x_wconf 79' lang='lat' dir='ltr'><strong>necessitatem,</strong></span> <span class='ocrx_word' id='word_1_132' title='bbox 1137 2095 1243 2137; x_wconf 88' lang='lat' dir='ltr'><strong>tres</strong></span> <span class='ocrx_word' id='word_1_133' title='bbox 1281 2085 1468 2138; x_wconf 88' lang='lat' dir='ltr'><strong>saltem</strong></span> <span class='ocrx_word' id='word_1_134' title='bbox 1513 2085 1660 2152; x_wconf 86' lang='lat' dir='ltr'><strong>jussu</strong></span> <span class='ocrx_word' id='word_1_135' title='bbox 1696 2096 1748 2139; x_wconf 91' lang='lat' dir='ltr'><strong>et</strong></span> <span class='ocrx_word' id='word_1_136' title='bbox 1795 2086 2060 2138; x_wconf 88' lang='lat' dir='ltr'><strong>sententia</strong></span> <span class='ocrx_word' id='word_1_137' title='bbox 2124 2101 2234 2136; x_wconf 86' lang='lat' dir='ltr'><strong>me-</strong></span> 
     </span>
    </p>
   </div>
   <div class='ocr_carea' id='block_1_22' title="bbox 689 2175 2235 2240">
    <p class='ocr_par' dir='ltr' id='par_1_22' title="bbox 689 2175 2235 2240">
     <span class='ocr_line' id='line_1_22' title="bbox 689 2175 2235 2240; baseline 0.004 -18"><span class='ocrx_word' id='word_1_138' title='bbox 689 2175 995 2240; x_wconf 84' lang='lat' dir='ltr'><strong>lropolilani</strong></span> <span class='ocrx_word' id='word_1_139' title='bbox 1027 2176 1106 2227; x_wconf 89' lang='lat' dir='ltr'><strong>sui</strong></span> <span class='ocrx_word' id='word_1_140' title='bbox 1140 2176 1453 2230; x_wconf 82' lang='lat' dir='ltr'><strong>electionein</strong></span> <span class='ocrx_word' id='word_1_141' title='bbox 1479 2175 1695 2239; x_wconf 79' lang='lat' dir='ltr'><strong>facient,</strong></span> <span class='ocrx_word' id='word_1_142' title='bbox 1729 2178 2043 2230; x_wconf 86' lang='lat' dir='ltr'><strong>absentibus</strong></span> <span class='ocrx_word' id='word_1_143' title='bbox 2075 2178 2235 2228; x_wconf 88' lang='lat' dir='ltr'><strong>etiam</strong></span> 
     </span>
    </p>
   </div>
   <div class='ocr_carea' id='block_1_23' title="bbox 684 2263 2236 2330">
    <p class='ocr_par' dir='ltr' id='par_1_23' title="bbox 684 2263 2236 2330">
     <span class='ocr_line' id='line_1_23' title="bbox 684 2263 2236 2330; baseline 0.003 -18"><span class='ocrx_word' id='word_1_144' title='bbox 684 2274 778 2325; x_wconf 89' lang='lat' dir='ltr'><strong>per</strong></span> <span class='ocrx_word' id='word_1_145' title='bbox 827 2263 1033 2316; x_wconf 70' lang='lat' dir='ltr'><strong>litteras</strong></span> <span class='ocrx_word' id='word_1_146' title='bbox 1065 2278 1387 2316; x_wconf 88' lang='lat' dir='ltr'><strong>consensum</strong></span> <span class='ocrx_word' id='word_1_147' title='bbox 1433 2280 1585 2316; x_wconf 89' lang='lat' dir='ltr'><strong>suum</strong></span> <span class='ocrx_word' id='word_1_148' title='bbox 1619 2263 1998 2330; x_wconf 67' lang='lat' dir='ltr'><strong>praebentibus.</strong></span> <span class='ocrx_word' id='word_1_149' title='bbox 2031 2263 2083 2315; x_wconf 90' lang='lat' dir='ltr'><strong>Si</strong></span> <span class='ocrx_word' id='word_1_150' title='bbox 2117 2264 2236 2330; x_wconf 89' lang='lat' dir='ltr'><strong>quis</strong></span> 
     </span>
    </p>
   </div>
   <div class='ocr_carea' id='block_1_24' title="bbox 685 2353 2233 2422">
    <p class='ocr_par' dir='ltr' id='par_1_24' title="bbox 685 2353 2233 2422">
     <span class='ocr_line' id='line_1_24' title="bbox 685 2353 2233 2422; baseline 0.001 -17"><span class='ocrx_word' id='word_1_151' title='bbox 685 2364 864 2407; x_wconf 88' lang='lat' dir='ltr'><strong>autem</strong></span> <span class='ocrx_word' id='word_1_152' title='bbox 926 2357 1214 2422; x_wconf 85' lang='lat' dir='ltr'><strong>cpiscopus</strong></span> <span class='ocrx_word' id='word_1_153' title='bbox 1260 2354 1541 2407; x_wconf 80' lang='lat' dir='ltr'><strong>confessus</strong></span> <span class='ocrx_word' id='word_1_154' title='bbox 1591 2355 1769 2415; x_wconf 78' lang='lat' dir='ltr'><strong>fuerit,</strong></span> <span class='ocrx_word' id='word_1_155' title='bbox 1807 2365 1858 2406; x_wconf 87' lang='lat' dir='ltr'><strong>et</strong></span> <span class='ocrx_word' id='word_1_156' title='bbox 1887 2353 2233 2407; x_wconf 80' lang='lat' dir='ltr'><strong>aﬂirtnaverit</strong></span> 
     </span>
    </p>
   </div>
   <div class='ocr_carea' id='block_1_25' title="bbox 684 2444 2237 2511">
    <p class='ocr_par' dir='ltr' id='par_1_25' title="bbox 684 2444 2237 2511">
     <span class='ocr_line' id='line_1_25' title="bbox 684 2444 2237 2511; baseline 0.001 -17"><span class='ocrx_word' id='word_1_157' title='bbox 684 2445 983 2511; x_wconf 86' lang='lat' dir='ltr'><strong>quempiam</strong></span> <span class='ocrx_word' id='word_1_158' title='bbox 1021 2446 1358 2510; x_wconf 85' lang='lat' dir='ltr'><strong>episcopatus</strong></span> <span class='ocrx_word' id='word_1_159' title='bbox 1397 2445 1561 2511; x_wconf 87' lang='lat' dir='ltr'><strong>gradu</strong></span> <span class='ocrx_word' id='word_1_160' title='bbox 1587 2445 1803 2511; x_wconf 83' lang='lat' dir='ltr'><strong>dignum</strong></span> <span class='ocrx_word' id='word_1_161' title='bbox 1833 2459 1989 2508; x_wconf 86' lang='lat' dir='ltr'><strong>esse;</strong></span> <span class='ocrx_word' id='word_1_162' title='bbox 2047 2444 2237 2496; x_wconf 89' lang='lat' dir='ltr'><strong>deinde</strong></span> 
     </span>
    </p>
   </div>
   <div class='ocr_carea' id='block_1_26' title="bbox 685 2532 2237 2600">
    <p class='ocr_par' dir='ltr' id='par_1_26' title="bbox 685 2532 2237 2600">
     <span class='ocr_line' id='line_1_26' title="bbox 685 2532 2237 2600; baseline 0 -16"><span class='ocrx_word' id='word_1_163' title='bbox 685 2543 866 2585; x_wconf 84' lang='lat' dir='ltr'><strong>autem</strong></span> <span class='ocrx_word' id='word_1_164' title='bbox 905 2546 998 2599; x_wconf 87' lang='lat' dir='ltr'><strong>per</strong></span> <span class='ocrx_word' id='word_1_165' title='bbox 1033 2532 1334 2600; x_wconf 73' lang='lat' dir='ltr'><strong>passimtem</strong></span> <span class='ocrx_word' id='word_1_166' title='bbox 1372 2533 1607 2598; x_wconf 86' lang='lat' dir='ltr'><strong>aliquam</strong></span> <span class='ocrx_word' id='word_1_167' title='bbox 1663 2548 1772 2586; x_wconf 67' lang='lat' dir='ltr'><strong>sure</strong></span> <span class='ocrx_word' id='word_1_168' title='bbox 1806 2533 2124 2585; x_wconf 81' lang='lat' dir='ltr'><strong>confessioni</strong></span> <span class='ocrx_word' id='word_1_169' title='bbox 2157 2532 2237 2586; x_wconf 87' lang='lat' dir='ltr'><strong>vel</strong></span> 
     </span>
    </p>
   </div>
   <div class='ocr_carea' id='block_1_27' title="bbox 687 2621 2238 2691">
    <p class='ocr_par' dir='ltr' id='par_1_27' title="bbox 687 2621 2238 2691">
     <span class='ocr_line' id='line_1_27' title="bbox 687 2621 2238 2691; baseline -0.003 -15"><span class='ocrx_word' id='word_1_170' title='bbox 687 2623 1070 2690; x_wconf 79' lang='lat' dir='ltr'><strong>subscriptioni</strong></span> <span class='ocrx_word' id='word_1_171' title='bbox 1101 2625 1421 2676; x_wconf 81' lang='lat' dir='ltr'><strong>adversatus</strong></span> <span class='ocrx_word' id='word_1_172' title='bbox 1449 2624 1631 2688; x_wconf 80' lang='lat' dir='ltr'><strong>fuerit,</strong></span> <span class='ocrx_word' id='word_1_173' title='bbox 1666 2630 1720 2675; x_wconf 89' lang='lat' dir='ltr'><strong>et</strong></span> <span class='ocrx_word' id='word_1_174' title='bbox 1750 2638 1870 2676; x_wconf 91' lang='lat' dir='ltr'><strong>eum</strong></span> <span class='ocrx_word' id='word_1_175' title='bbox 1900 2623 1989 2691; x_wconf 89' lang='lat' dir='ltr'><strong>qni</strong></span> <span class='ocrx_word' id='word_1_176' title='bbox 2025 2623 2090 2675; x_wconf 90' lang='lat' dir='ltr'><strong>ab</strong></span> <span class='ocrx_word' id='word_1_177' title='bbox 2125 2621 2238 2689; x_wconf 89' lang='lat' dir='ltr'><strong>ipso</strong></span> 
     </span>
    </p>
   </div>
   <div class='ocr_carea' id='block_1_28' title="bbox 686 2713 2240 2782">
    <p class='ocr_par' dir='ltr' id='par_1_28' title="bbox 686 2713 2240 2782">
     <span class='ocr_line' id='line_1_28' title="bbox 686 2713 2240 2782; baseline -0.003 -14"><span class='ocrx_word' id='word_1_178' title='bbox 686 2716 896 2768; x_wconf 89' lang='lat' dir='ltr'><strong>electus</strong></span> <span class='ocrx_word' id='word_1_179' title='bbox 948 2715 1070 2778; x_wconf 79' lang='lat' dir='ltr'><strong>fuit,</strong></span> <span class='ocrx_word' id='word_1_180' title='bbox 1114 2715 1388 2782; x_wconf 89' lang='lat' dir='ltr'><strong>indignum</strong></span> <span class='ocrx_word' id='word_1_181' title='bbox 1419 2715 1754 2777; x_wconf 85' lang='lat' dir='ltr'><strong>vocitaverit,</strong></span> <span class='ocrx_word' id='word_1_182' title='bbox 1788 2728 1910 2767; x_wconf 86' lang='lat' dir='ltr'><strong>cum</strong></span> <span class='ocrx_word' id='word_1_183' title='bbox 1944 2727 2048 2765; x_wconf 91' lang='lat' dir='ltr'><strong>non</strong></span> <span class='ocrx_word' id='word_1_184' title='bbox 2093 2713 2240 2778; x_wconf 83' lang='lat' dir='ltr'><strong>igno—</strong></span> 
     </span>
    </p>
   </div>
   <div class='ocr_carea' id='block_1_29' title="bbox 683 2805 2240 2873">
    <p class='ocr_par' dir='ltr' id='par_1_29' title="bbox 683 2805 2240 2873">
     <span class='ocr_line' id='line_1_29' title="bbox 683 2805 2240 2873; baseline -0.001 -17"><span class='ocrx_word' id='word_1_185' title='bbox 683 2807 819 2860; x_wconf 75' lang='lat' dir='ltr'><strong>ravit</strong></span> <span class='ocrx_word' id='word_1_186' title='bbox 872 2806 1037 2858; x_wconf 80' lang='lat' dir='ltr'><strong>etiam</strong></span> <span class='ocrx_word' id='word_1_187' title='bbox 1111 2815 1254 2871; x_wconf 87' lang='lat' dir='ltr'><strong>ante,</strong></span> <span class='ocrx_word' id='word_1_188' title='bbox 1319 2807 1492 2872; x_wconf 80' lang='lat' dir='ltr'><strong>qualis</strong></span> <span class='ocrx_word' id='word_1_189' title='bbox 1545 2805 1666 2869; x_wconf 79' lang='lat' dir='ltr'><strong>fuit,</strong></span> <span class='ocrx_word' id='word_1_190' title='bbox 1707 2821 1803 2860; x_wconf 90' lang='lat' dir='ltr'><strong>suo</strong></span> <span class='ocrx_word' id='word_1_191' title='bbox 1829 2807 2031 2859; x_wconf 88' lang='lat' dir='ltr'><strong>honore</strong></span> <span class='ocrx_word' id='word_1_192' title='bbox 2060 2807 2240 2873; x_wconf 79' lang='lat' dir='ltr'><strong>priva-</strong></span> 
     </span>
    </p>
   </div>
   <div class='ocr_carea' id='block_1_30' title="bbox 687 2879 2241 2966">
    <p class='ocr_par' dir='ltr' id='par_1_30' title="bbox 687 2879 2241 2966">
     <span class='ocr_line' id='line_1_30' title="bbox 687 2879 2241 2966; baseline 0 -18"><span class='ocrx_word' id='word_1_193' title='bbox 687 2895 848 2949; x_wconf 82' lang='lat' dir='ltr'><strong>bitnr.</strong></span> <span class='ocrx_word' id='word_1_194' title='bbox 879 2899 943 2949; x_wconf 86' lang='lat' dir='ltr'><strong>Et</strong></span> <span class='ocrx_word' id='word_1_195' title='bbox 980 2899 1063 2950; x_wconf 82' lang='lat' dir='ltr'><strong>lex</strong></span> <span class='ocrx_word' id='word_1_196' title='bbox 1091 2899 1230 2951; x_wconf 85' lang='lat' dir='ltr'><strong>enim</strong></span> <span class='ocrx_word' id='word_1_197' title='bbox 1270 2913 1362 2952; x_wconf 88' lang='lat' dir='ltr'><strong>eos</strong></span> <span class='ocrx_word' id='word_1_198' title='bbox 1383 2937 1397 2961; x_wconf 93' lang='lat'><strong>,</strong></span> <span class='ocrx_word' id='word_1_199' title='bbox 1428 2900 1516 2966; x_wconf 90' lang='lat' dir='ltr'><strong>qui</strong></span> <span class='ocrx_word' id='word_1_200' title='bbox 1564 2899 1890 2952; x_wconf 88' lang='lat' dir='ltr'><strong>mendaciter</strong></span> <span class='ocrx_word' id='word_1_201' title='bbox 1922 2879 1988 2951; x_wconf 38' lang='lat' dir='ltr'><strong>et.</strong></span> <span class='ocrx_word' id='word_1_202' title='bbox 2023 2898 2241 2950; x_wconf 88' lang='lat' dir='ltr'><strong>sibimet</strong></span> 
     </span>
    </p>
   </div>
   <div class='ocr_carea' id='block_1_31' title="bbox 686 2986 2241 3056">
    <p class='ocr_par' dir='ltr' id='par_1_31' title="bbox 686 2986 2241 3056">
     <span class='ocr_line' id='line_1_31' title="bbox 686 2986 2241 3056; baseline -0.001 -17"><span class='ocrx_word' id='word_1_203' title='bbox 686 2987 959 3039; x_wconf 81' lang='lat' dir='ltr'><strong>contrario</strong></span> <span class='ocrx_word' id='word_1_204' title='bbox 1022 2989 1198 3040; x_wconf 78' lang='lat' dir='ltr'><strong>testati</strong></span> <span class='ocrx_word' id='word_1_205' title='bbox 1234 2999 1378 3050; x_wconf 89' lang='lat' dir='ltr'><strong>sunt,</strong></span> <span class='ocrx_word' id='word_1_206' title='bbox 1441 3003 1534 3054; x_wconf 89' lang='lat' dir='ltr'><strong>per</strong></span> <span class='ocrx_word' id='word_1_207' title='bbox 1590 2990 1955 3056; x_wconf 76' lang='lat' dir='ltr'><strong>magistratus,</strong></span> <span class='ocrx_word' id='word_1_208' title='bbox 2019 2987 2109 3054; x_wconf 92' lang='lat' dir='ltr'><strong>qui</strong></span> <span class='ocrx_word' id='word_1_209' title='bbox 2155 2986 2241 3054; x_wconf 82' lang='lat' dir='ltr'><strong>ju-</strong></span> 
     </span>
    </p>
   </div>
   <div class='ocr_carea' id='block_1_32' title="bbox 2338 557 3878 631">
    <p class='ocr_par' dir='ltr' id='par_1_32' title="bbox 2338 557 3878 631">
     <span class='ocr_line' id='line_1_32' title="bbox 2338 557 3878 631; baseline -0.001 -22"><span class='ocrx_word' id='word_1_210' title='bbox 2338 557 2597 628; x_wconf 76' lang='grc' dir='ltr'>ὁμολογίᾳ.</span> <span class='ocrx_word' id='word_1_211' title='bbox 2649 561 2680 630; x_wconf 78' lang='grc' dir='ltr'>ἡ</span> <span class='ocrx_word' id='word_1_212' title='bbox 2718 565 2784 631; x_wconf 79' lang='grc' dir='ltr'>τῇ</span> <span class='ocrx_word' id='word_1_213' title='bbox 2824 563 3137 630; x_wconf 75' lang='grc' dir='ltr'>ὑπογραφῇ,</span> <span class='ocrx_word' id='word_1_214' title='bbox 3175 562 3339 628; x_wconf 67' lang='grc' dir='ltr'>ἤγουν</span> <span class='ocrx_word' id='word_1_215' title='bbox 3394 561 3486 611; x_wconf 74' lang='grc' dir='ltr'><strong>ἐὰν</strong></span> <span class='ocrx_word' id='word_1_216' title='bbox 3533 559 3878 627; x_wconf 77' lang='grc' dir='ltr'>ὡμολόγησεν</span> 
     </span>
    </p>
   </div>
   <div class='ocr_carea' id='block_1_33' title="bbox 2335 643 3874 715">
    <p class='ocr_par' dir='ltr' id='par_1_33' title="bbox 2335 643 3874 715">
     <span class='ocr_line' id='line_1_33' title="bbox 2335 643 3874 715; baseline -0.003 -16"><span class='ocrx_word' id='word_1_217' title='bbox 2335 647 2481 710; x_wconf 76' lang='grc' dir='ltr'>ἄξιον</span> <span class='ocrx_word' id='word_1_218' title='bbox 2514 645 2651 699; x_wconf 78' lang='grc' dir='ltr'>εἶναι</span> <span class='ocrx_word' id='word_1_219' title='bbox 2685 650 2929 715; x_wconf 86' lang='grc' dir='ltr'>γίνεσθαι</span> <span class='ocrx_word' id='word_1_220' title='bbox 2954 648 3268 706; x_wconf 69' lang='grc' dir='ltr'>ἐπίσκοπον,</span> <span class='ocrx_word' id='word_1_221' title='bbox 3303 646 3333 712; x_wconf 79' lang='grc' dir='ltr'>ἢ</span> <span class='ocrx_word' id='word_1_222' title='bbox 3368 647 3687 712; x_wconf 72' lang='grc' dir='ltr'><strong>ὑπέγραψεν</strong></span> <span class='ocrx_word' id='word_1_223' title='bbox 3715 647 3772 695; x_wconf 82' lang='grc' dir='ltr'><strong>ἐν</strong></span> <span class='ocrx_word' id='word_1_224' title='bbox 3803 643 3874 711; x_wconf 82' lang='grc' dir='ltr'>τῷ</span> 
     </span>
    </p>
   </div>
   <div class='ocr_carea' id='block_1_34' title="bbox 2341 732 3882 806">
    <p class='ocr_par' dir='ltr' id='par_1_34' title="bbox 2341 732 3882 806">
     <span class='ocr_line' id='line_1_34' title="bbox 2341 732 3882 806; baseline -0.003 -19"><span class='ocrx_word' id='word_1_225' title='bbox 2341 739 2467 804; x_wconf 77' lang='grc' dir='ltr'>περὶ</span> <span class='ocrx_word' id='word_1_226' title='bbox 2517 739 2724 790; x_wconf 88' lang='grc' dir='ltr'>ἐκείνου</span> <span class='ocrx_word' id='word_1_227' title='bbox 2761 739 3098 806; x_wconf 74' lang='grc' dir='ltr'>ψηφίσματι,</span> <span class='ocrx_word' id='word_1_228' title='bbox 3133 735 3324 787; x_wconf 81' lang='grc' dir='ltr'>τοῦτον</span> <span class='ocrx_word' id='word_1_229' title='bbox 3371 735 3508 801; x_wconf 80' lang='grc' dir='ltr'>μετὰ</span> <span class='ocrx_word' id='word_1_230' title='bbox 3540 734 3712 785; x_wconf 82' lang='grc' dir='ltr'>ταῦτα</span> <span class='ocrx_word' id='word_1_231' title='bbox 3752 732 3882 801; x_wconf 74' lang='grc' dir='ltr'>λέγῃ</span> 
     </span>
    </p>
   </div>
   <div class='ocr_carea' id='block_1_35' title="bbox 2341 824 3878 896">
    <p class='ocr_par' dir='ltr' id='par_1_35' title="bbox 2341 824 3878 896">
     <span class='ocr_line' id='line_1_35' title="bbox 2341 824 3878 896; baseline -0.004 -18"><span class='ocrx_word' id='word_1_232' title='bbox 2341 828 2413 896; x_wconf 76' lang='grc' dir='ltr'>μὴ</span> <span class='ocrx_word' id='word_1_233' title='bbox 2441 825 2577 880; x_wconf 71' lang='grc' dir='ltr'>εἶναι</span> <span class='ocrx_word' id='word_1_234' title='bbox 2615 829 2782 892; x_wconf 76' lang='grc' dir='ltr'>ἄξιον,</span> <span class='ocrx_word' id='word_1_235' title='bbox 2815 829 2908 879; x_wconf 69' lang='grc' dir='ltr'><strong>καὶ</strong></span> <span class='ocrx_word' id='word_1_236' title='bbox 2934 826 3245 879; x_wconf 74' lang='grc' dir='ltr'>ἐναντιῶται</span> <span class='ocrx_word' id='word_1_237' title='bbox 3271 825 3434 886; x_wconf 67' lang='grc' dir='ltr'>αὐτος</span> <span class='ocrx_word' id='word_1_238' title='bbox 3474 824 3670 890; x_wconf 79' lang='grc' dir='ltr'>ἐαυτῷ,</span> <span class='ocrx_word' id='word_1_239' title='bbox 3692 824 3878 874; x_wconf 71' lang='grc' dir='ltr'>ἐαυτὸν</span> 
     </span>
    </p>
   </div>
   <div class='ocr_carea' id='block_1_36' title="bbox 2339 913 3880 986">
    <p class='ocr_par' dir='ltr' id='par_1_36' title="bbox 2339 913 3880 986">
     <span class='ocr_line' id='line_1_36' title="bbox 2339 913 3880 986; baseline -0.004 -18"><span class='ocrx_word' id='word_1_240' title='bbox 2339 919 2697 986; x_wconf 79' lang='grc' dir='ltr'><strong>ἀποστερήσει</strong></span> <span class='ocrx_word' id='word_1_241' title='bbox 2724 921 2819 986; x_wconf 77' lang='grc' dir='ltr'>τῆς</span> <span class='ocrx_word' id='word_1_242' title='bbox 2864 915 3256 984; x_wconf 77' lang='grc' dir='ltr'><strong>ἀρχιερατικῆς</strong></span> <span class='ocrx_word' id='word_1_243' title='bbox 3285 914 3470 981; x_wconf 79' lang='grc' dir='ltr'>τιμῆς,</span> <span class='ocrx_word' id='word_1_244' title='bbox 3504 913 3755 963; x_wconf 80' lang='grc' dir='ltr'><strong>τουτέστι</strong></span> <span class='ocrx_word' id='word_1_245' title='bbox 3788 929 3880 962; x_wconf 79' lang='grc' dir='ltr'>κα-</span> 
     </span>
    </p>
   </div>
   <div class='ocr_carea' id='block_1_37' title="bbox 2338 999 3876 1076">
    <p class='ocr_par' dir='ltr' id='par_1_37' title="bbox 2338 999 3876 1076">
     <span class='ocr_line' id='line_1_37' title="bbox 2338 999 3876 1076; baseline -0.007 -16"><span class='ocrx_word' id='word_1_246' title='bbox 2338 1008 2733 1076; x_wconf 75' lang='grc' dir='ltr'>θαιρεθήσεται,</span> <span class='ocrx_word' id='word_1_247' title='bbox 2771 1009 2844 1076; x_wconf 81' lang='grc' dir='ltr'>μὴ</span> <span class='ocrx_word' id='word_1_248' title='bbox 2870 1007 3189 1065; x_wconf 76' lang='grc' dir='ltr'>ἀποδεικνὺς</span> <span class='ocrx_word' id='word_1_249' title='bbox 3219 1005 3280 1056; x_wconf 76' lang='grc' dir='ltr'><strong>τὸ</strong></span> <span class='ocrx_word' id='word_1_250' title='bbox 3307 1003 3444 1057; x_wconf 82' lang='grc' dir='ltr'>κατὰ</span> <span class='ocrx_word' id='word_1_251' title='bbox 3473 1003 3566 1054; x_wconf 71' lang='grc' dir='ltr'>τοῦ</span> <span class='ocrx_word' id='word_1_252' title='bbox 3597 999 3876 1052; x_wconf 73' lang='grc' dir='ltr'>διαϐαλλοο</span> 
     </span>
    </p>
   </div>
   <div class='ocr_carea' id='block_1_38' title="bbox 2341 1098 2806 1166">
    <p class='ocr_par' dir='ltr' id='par_1_38' title="bbox 2341 1098 2806 1166">
     <span class='ocr_line' id='line_1_38' title="bbox 2341 1098 2806 1166; baseline 0.006 -17"><span class='ocrx_word' id='word_1_253' title='bbox 2341 1099 2500 1164; x_wconf 87' lang='grc' dir='ltr'>μένου</span> <span class='ocrx_word' id='word_1_254' title='bbox 2532 1098 2806 1166; x_wconf 69' lang='grc' dir='ltr'>αἰτίαμα..</span> 
     </span>
    </p>
   </div>
   <div class='ocr_carea' id='block_1_39' title="bbox 2337 1182 3874 1256">
    <p class='ocr_par' dir='ltr' id='par_1_39' title="bbox 2337 1182 3874 1256">
     <span class='ocr_line' id='line_1_39' title="bbox 2337 1182 3874 1256; baseline -0.005 -16"><span class='ocrx_word' id='word_1_255' title='bbox 2337 1189 2557 1241; x_wconf 76' lang='grc' dir='ltr'>ΑΡΙΣΤ.</span> <span class='ocrx_word' id='word_1_256' title='bbox 2651 1208 2667 1239; x_wconf 84' lang='grc' dir='ltr'><strong>ι</strong></span> <span class='ocrx_word' id='word_1_257' title='bbox 2732 1188 2836 1239; x_wconf 81' lang='grc' dir='ltr'>Τοῦ</span> <span class='ocrx_word' id='word_1_258' title='bbox 2896 1185 3267 1256; x_wconf 82' lang='grc' dir='ltr'><strong>πρωτεύοντος</strong></span> <span class='ocrx_word' id='word_1_259' title='bbox 3327 1182 3727 1246; x_wconf 86' lang='grc' dir='ltr'>ἐπιτάττοντος,</span> <span class='ocrx_word' id='word_1_260' title='bbox 3783 1185 3874 1233; x_wconf 75' lang='grc' dir='ltr'>καὶ</span> 
     </span>
    </p>
   </div>
   <div class='ocr_carea' id='block_1_40' title="bbox 2410 1269 3885 1347">
    <p class='ocr_par' dir='ltr' id='par_1_40' title="bbox 2410 1269 3885 1347">
     <span class='ocr_line' id='line_1_40' title="bbox 2410 1269 3885 1347; baseline -0.006 -18"><span class='ocrx_word' id='word_1_261' title='bbox 2410 1297 2428 1329; x_wconf 80' lang='grc' dir='ltr'><strong>ι</strong></span> <span class='ocrx_word' id='word_1_262' title='bbox 2475 1281 2622 1347; x_wconf 96' lang='grc' dir='ltr'>τρεῖς</span> <span class='ocrx_word' id='word_1_263' title='bbox 2655 1279 2942 1330; x_wconf 86' lang='grc' dir='ltr'>ἐπίσκοποι</span> <span class='ocrx_word' id='word_1_264' title='bbox 2989 1275 3322 1328; x_wconf 76' lang='grc' dir='ltr'><strong>καθιστῶσιν</strong></span> <span class='ocrx_word' id='word_1_265' title='bbox 3354 1273 3654 1325; x_wconf 82' lang='grc' dir='ltr'>ἐπίσκοπον</span> <span class='ocrx_word' id='word_1_266' title='bbox 3681 1287 3696 1303; x_wconf 88' lang='grc'><strong>·</strong></span> <span class='ocrx_word' id='word_1_267' title='bbox 3727 1271 3819 1322; x_wconf 78' lang='grc' dir='ltr'>καὶ</span> <span class='ocrx_word' id='word_1_268' title='bbox 3855 1269 3885 1320; x_wconf 77' lang='grc' dir='ltr'><strong>δ</strong></span> 
     </span>
    </p>
   </div>
   <div class='ocr_carea' id='block_1_41' title="bbox 2411 1360 3885 1436">
    <p class='ocr_par' dir='ltr' id='par_1_41' title="bbox 2411 1360 3885 1436">
     <span class='ocr_line' id='line_1_41' title="bbox 2411 1360 3885 1436; baseline -0.005 -18"><span class='ocrx_word' id='word_1_269' title='bbox 2411 1386 2429 1418; x_wconf 85' lang='grc' dir='ltr'><strong>ι</strong></span> <span class='ocrx_word' id='word_1_270' title='bbox 2473 1371 2537 1436; x_wconf 79' lang='grc' dir='ltr'>τῇ</span> <span class='ocrx_word' id='word_1_271' title='bbox 2573 1367 2748 1435; x_wconf 77' lang='grc' dir='ltr'>οίκεία</span> <span class='ocrx_word' id='word_1_272' title='bbox 2788 1365 3047 1434; x_wconf 75' lang='grc' dir='ltr'>ὁμολογίᾳ</span> <span class='ocrx_word' id='word_1_273' title='bbox 3081 1364 3114 1433; x_wconf 78' lang='grc' dir='ltr'><strong>ἦ</strong></span> <span class='ocrx_word' id='word_1_274' title='bbox 3150 1363 3441 1432; x_wconf 79' lang='grc' dir='ltr'>ὑπογραφῇ</span> <span class='ocrx_word' id='word_1_275' title='bbox 3473 1360 3885 1427; x_wconf 67' lang='grc' dir='ltr'>ἐναντιούμενος</span> 
     </span>
    </p>
   </div>
   <div class='ocr_carea' id='block_1_42' title="bbox 2403 1456 3207 1524">
    <p class='ocr_par' dir='ltr' id='par_1_42' title="bbox 2403 1456 3207 1524">
     <span class='ocr_line' id='line_1_42' title="bbox 2403 1456 3207 1524; baseline -0.007 -13"><span class='ocrx_word' id='word_1_276' title='bbox 2403 1479 2421 1511; x_wconf 81' lang='grc' dir='ltr'><strong>ι</strong></span> <span class='ocrx_word' id='word_1_277' title='bbox 2468 1459 2676 1511; x_wconf 75' lang='grc' dir='ltr'>οἴκοθεν</span> <span class='ocrx_word' id='word_1_278' title='bbox 2707 1458 2817 1520; x_wconf 75' lang='grc' dir='ltr'>ἔξει</span> <span class='ocrx_word' id='word_1_279' title='bbox 2845 1458 2902 1509; x_wconf 76' lang='grc' dir='ltr'>τὸ</span> <span class='ocrx_word' id='word_1_280' title='bbox 2928 1456 3142 1524; x_wconf 65' lang='grc' dir='ltr'>ἄτιμον.</span> <span class='ocrx_word' id='word_1_281' title='bbox 3188 1473 3207 1505; x_wconf 70' lang='grc' dir='ltr'><strong>ι</strong></span> 
     </span>
    </p>
   </div>
   <div class='ocr_carea' id='block_1_43' title="bbox 2406 1541 3887 1616">
    <p class='ocr_par' dir='ltr' id='par_1_43' title="bbox 2406 1541 3887 1616">
     <span class='ocr_line' id='line_1_43' title="bbox 2406 1541 3887 1616; baseline -0.009 -12"><span class='ocrx_word' id='word_1_282' title='bbox 2406 1551 2616 1610; x_wconf 80' lang='grc' dir='ltr'>Πάντας</span> <span class='ocrx_word' id='word_1_283' title='bbox 2653 1549 2750 1616; x_wconf 81' lang='grc' dir='ltr'>μὲν</span> <span class='ocrx_word' id='word_1_284' title='bbox 2775 1550 2880 1615; x_wconf 82' lang='grc' dir='ltr'>χρὴ</span> <span class='ocrx_word' id='word_1_285' title='bbox 2903 1549 3182 1615; x_wconf 83' lang='grc' dir='ltr'>παρεῖναι,</span> <span class='ocrx_word' id='word_1_286' title='bbox 3213 1545 3260 1596; x_wconf 85' lang='grc' dir='ltr'><strong>εί</strong></span> <span class='ocrx_word' id='word_1_287' title='bbox 3291 1543 3534 1606; x_wconf 78' lang='grc' dir='ltr'>δυνατὸν,</span> <span class='ocrx_word' id='word_1_288' title='bbox 3572 1541 3674 1607; x_wconf 86' lang='grc' dir='ltr'>τῆς</span> <span class='ocrx_word' id='word_1_289' title='bbox 3714 1542 3887 1610; x_wconf 81' lang='grc' dir='ltr'>ἐπαρ-</span> 
     </span>
    </p>
   </div>
   <div class='ocr_carea' id='block_1_44' title="bbox 2339 1630 3888 1712">
    <p class='ocr_par' dir='ltr' id='par_1_44' title="bbox 2339 1630 3888 1712">
     <span class='ocr_line' id='line_1_44' title="bbox 2339 1630 3888 1712; baseline -0.009 -17"><span class='ocrx_word' id='word_1_290' title='bbox 2339 1643 2458 1712; x_wconf 83' lang='grc' dir='ltr'>χίας</span> <span class='ocrx_word' id='word_1_291' title='bbox 2494 1641 2619 1700; x_wconf 79' lang='grc' dir='ltr'>τοὺς</span> <span class='ocrx_word' id='word_1_292' title='bbox 2667 1640 3020 1700; x_wconf 84' lang='grc' dir='ltr'>ἐπισκόπους,</span> <span class='ocrx_word' id='word_1_293' title='bbox 3056 1637 3143 1688; x_wconf 85' lang='grc' dir='ltr'>ὅτε</span> <span class='ocrx_word' id='word_1_294' title='bbox 3178 1636 3362 1701; x_wconf 83' lang='grc' dir='ltr'>μέλλει</span> <span class='ocrx_word' id='word_1_295' title='bbox 3401 1631 3660 1701; x_wconf 83' lang='grc' dir='ltr'>γενέσθαι</span> <span class='ocrx_word' id='word_1_296' title='bbox 3708 1630 3888 1699; x_wconf 76' lang='grc' dir='ltr'>ψῆφος</span> 
     </span>
    </p>
   </div>
   <div class='ocr_carea' id='block_1_45' title="bbox 2337 1719 3890 1794">
    <p class='ocr_par' dir='ltr' id='par_1_45' title="bbox 2337 1719 3890 1794">
     <span class='ocr_line' id='line_1_45' title="bbox 2337 1719 3890 1794; baseline -0.008 -12"><span class='ocrx_word' id='word_1_297' title='bbox 2337 1732 2638 1783; x_wconf 75' lang='grc' dir='ltr'>ἐπισκόπου</span> <span class='ocrx_word' id='word_1_298' title='bbox 2680 1731 2737 1779; x_wconf 75' lang='grc' dir='ltr'><strong>ἐν</strong></span> <span class='ocrx_word' id='word_1_299' title='bbox 2765 1729 2886 1790; x_wconf 88' lang='grc' dir='ltr'>ταῖς</span> <span class='ocrx_word' id='word_1_300' title='bbox 2918 1729 3277 1794; x_wconf 83' lang='grc' dir='ltr'>χηρευούσαις</span> <span class='ocrx_word' id='word_1_301' title='bbox 3311 1725 3636 1784; x_wconf 83' lang='grc' dir='ltr'>ἐπισκοπαῖς</span> <span class='ocrx_word' id='word_1_302' title='bbox 3657 1737 3670 1750; x_wconf 95' lang='grc'><strong>·</strong></span> <span class='ocrx_word' id='word_1_303' title='bbox 3711 1719 3890 1781; x_wconf 83' lang='grc' dir='ltr'>καθὼς</span> 
     </span>
    </p>
   </div>
   <div class='ocr_carea' id='block_1_46' title="bbox 2340 1809 3891 1888">
    <p class='ocr_par' dir='ltr' id='par_1_46' title="bbox 2340 1809 3891 1888">
     <span class='ocr_line' id='line_1_46' title="bbox 2340 1809 3891 1888; baseline -0.008 -17"><span class='ocrx_word' id='word_1_304' title='bbox 2340 1826 2433 1875; x_wconf 68' lang='grc' dir='ltr'>καὶ</span> <span class='ocrx_word' id='word_1_305' title='bbox 2467 1821 2543 1888; x_wconf 82' lang='grc' dir='ltr'><strong>τῷ</strong></span> <span class='ocrx_word' id='word_1_306' title='bbox 2573 1819 2816 1886; x_wconf 76' lang='grc' dir='ltr'>τετάρτῳ</span> <span class='ocrx_word' id='word_1_307' title='bbox 2859 1817 3046 1868; x_wconf 84' lang='grc' dir='ltr'>κανόνι</span> <span class='ocrx_word' id='word_1_308' title='bbox 3081 1815 3176 1882; x_wconf 81' lang='grc' dir='ltr'>τῆς</span> <span class='ocrx_word' id='word_1_309' title='bbox 3206 1816 3264 1866; x_wconf 86' lang='grc' dir='ltr'><strong>ἐν</strong></span> <span class='ocrx_word' id='word_1_310' title='bbox 3296 1812 3498 1881; x_wconf 78' lang='grc' dir='ltr'>Νικαίᾳ</span> <span class='ocrx_word' id='word_1_311' title='bbox 3543 1809 3764 1862; x_wconf 83' lang='grc' dir='ltr'>συνόδου</span> <span class='ocrx_word' id='word_1_312' title='bbox 3805 1809 3891 1860; x_wconf 84' lang='grc' dir='ltr'>δο-</span> 
     </span>
    </p>
   </div>
   <div class='ocr_carea' id='block_1_47' title="bbox 2339 1899 3892 1978">
    <p class='ocr_par' dir='ltr' id='par_1_47' title="bbox 2339 1899 3892 1978">
     <span class='ocr_line' id='line_1_47' title="bbox 2339 1899 3892 1978; baseline -0.01 -13"><span class='ocrx_word' id='word_1_313' title='bbox 2339 1917 2442 1972; x_wconf 85' lang='grc' dir='ltr'>κεῖ,</span> <span class='ocrx_word' id='word_1_314' title='bbox 2473 1915 2564 1964; x_wconf 77' lang='grc' dir='ltr'><strong>καὶ</strong></span> <span class='ocrx_word' id='word_1_315' title='bbox 2611 1910 2685 1978; x_wconf 79' lang='grc' dir='ltr'><strong>τῷ</strong></span> <span class='ocrx_word' id='word_1_316' title='bbox 2733 1907 3195 1974; x_wconf 78' lang='grc' dir='ltr'>ἐννεακαιδεκάτῳ</span> <span class='ocrx_word' id='word_1_317' title='bbox 3245 1905 3342 1972; x_wconf 84' lang='grc' dir='ltr'>τῆς</span> <span class='ocrx_word' id='word_1_318' title='bbox 3381 1905 3441 1955; x_wconf 81' lang='grc' dir='ltr'><strong>ἐν</strong></span> <span class='ocrx_word' id='word_1_319' title='bbox 3476 1900 3811 1968; x_wconf 75' lang='grc' dir='ltr'>Ἀντιοχείᾳ*</span> <span class='ocrx_word' id='word_1_320' title='bbox 3843 1899 3892 1950; x_wconf 76' lang='grc' dir='ltr'>ιι</span> 
     </span>
    </p>
   </div>
   <div class='ocr_carea' id='block_1_48' title="bbox 2336 1989 3895 2072">
    <p class='ocr_par' dir='ltr' id='par_1_48' title="bbox 2336 1989 3895 2072">
     <span class='ocr_line' id='line_1_48' title="bbox 2336 1989 3895 2072; baseline -0.011 -16"><span class='ocrx_word' id='word_1_321' title='bbox 2336 2005 2391 2056; x_wconf 82' lang='grc' dir='ltr'><strong>δὲ</strong></span> <span class='ocrx_word' id='word_1_322' title='bbox 2421 2004 2676 2072; x_wconf 74' lang='grc' dir='ltr'>δυσχερὲς</span> <span class='ocrx_word' id='word_1_323' title='bbox 2725 2002 2902 2062; x_wconf 78' lang='grc' dir='ltr'>τοῦτο,</span> <span class='ocrx_word' id='word_1_324' title='bbox 2934 2002 2966 2069; x_wconf 75' lang='grc' dir='ltr'>ἢ</span> <span class='ocrx_word' id='word_1_325' title='bbox 3002 2000 3088 2052; x_wconf 85' lang='grc' dir='ltr'><strong>διὰ</strong></span> <span class='ocrx_word' id='word_1_326' title='bbox 3145 1999 3316 2066; x_wconf 78' lang='grc' dir='ltr'>μῆκος</span> <span class='ocrx_word' id='word_1_327' title='bbox 3365 1994 3508 2058; x_wconf 78' lang='grc' dir='ltr'>ὀδοῦ,</span> <span class='ocrx_word' id='word_1_328' title='bbox 3535 1994 3566 2061; x_wconf 82' lang='grc' dir='ltr'>ἢ</span> <span class='ocrx_word' id='word_1_329' title='bbox 3598 1993 3666 2044; x_wconf 76' lang='grc' dir='ltr'>δι’</span> <span class='ocrx_word' id='word_1_330' title='bbox 3705 1989 3895 2058; x_wconf 79' lang='grc' dir='ltr'>ἑτέραν</span> 
     </span>
    </p>
   </div>
   <div class='ocr_carea' id='block_1_49' title="bbox 2338 2079 3898 2162">
    <p class='ocr_par' dir='ltr' id='par_1_49' title="bbox 2338 2079 3898 2162">
     <span class='ocr_line' id='line_1_49' title="bbox 2338 2079 3898 2162; baseline -0.012 -15"><span class='ocrx_word' id='word_1_331' title='bbox 2338 2095 2456 2146; x_wconf 77' lang='grc' dir='ltr'>τινὰ</span> <span class='ocrx_word' id='word_1_332' title='bbox 2486 2096 2757 2162; x_wconf 81' lang='grc' dir='ltr'>ἀνάγκην,</span> <span class='ocrx_word' id='word_1_333' title='bbox 2796 2094 2943 2160; x_wconf 86' lang='grc' dir='ltr'>τρεῖς</span> <span class='ocrx_word' id='word_1_334' title='bbox 2969 2089 3070 2141; x_wconf 72' lang='lat' dir='ltr'><strong>xiv</strong></span> <span class='ocrx_word' id='word_1_335' title='bbox 3104 2090 3165 2139; x_wconf 73' lang='grc' dir='ltr'>τὸ</span> <span class='ocrx_word' id='word_1_336' title='bbox 3198 2087 3479 2154; x_wconf 77' lang='grc' dir='ltr'>ἐλάχιστον</span> <span class='ocrx_word' id='word_1_337' title='bbox 3529 2083 3767 2148; x_wconf 83' lang='grc' dir='ltr'>ἐπιταγῇ</span> <span class='ocrx_word' id='word_1_338' title='bbox 3802 2079 3898 2131; x_wconf 69' lang='grc' dir='ltr'><strong>καὶ</strong></span> 
     </span>
    </p>
   </div>
   <div class='ocr_carea' id='block_1_50' title="bbox 2337 2174 3898 2254">
    <p class='ocr_par' dir='ltr' id='par_1_50' title="bbox 2337 2174 3898 2254">
     <span class='ocr_line' id='line_1_50' title="bbox 2337 2174 3898 2254; baseline -0.012 -16"><span class='ocrx_word' id='word_1_339' title='bbox 2337 2185 2533 2254; x_wconf 72' lang='grc' dir='ltr'>γνώμῃ</span> <span class='ocrx_word' id='word_1_340' title='bbox 2559 2183 2654 2235; x_wconf 84' lang='grc' dir='ltr'>τοῦ</span> <span class='ocrx_word' id='word_1_341' title='bbox 2688 2180 3086 2251; x_wconf 79' lang='grc' dir='ltr'>μητροπολίτου</span> <span class='ocrx_word' id='word_1_342' title='bbox 3109 2177 3289 2229; x_wconf 77' lang='grc' dir='ltr'>αὐτῶν</span> <span class='ocrx_word' id='word_1_343' title='bbox 3311 2179 3408 2245; x_wconf 70' lang='grc' dir='ltr'>τὴν</span> <span class='ocrx_word' id='word_1_344' title='bbox 3437 2176 3617 2242; x_wconf 65' lang='grc' dir='ltr'>ψῆφον</span> <span class='ocrx_word' id='word_1_345' title='bbox 3647 2174 3898 2231; x_wconf 77' lang='grc' dir='ltr'>ποιήσουο</span> 
     </span>
    </p>
   </div>
   <div class='ocr_carea' id='block_1_51' title="bbox 2344 2258 3898 2344">
    <p class='ocr_par' dir='ltr' id='par_1_51' title="bbox 2344 2258 3898 2344">
     <span class='ocr_line' id='line_1_51' title="bbox 2344 2258 3898 2344; baseline -0.012 -17"><span class='ocrx_word' id='word_1_346' title='bbox 2344 2294 2418 2339; x_wconf 92' lang='grc' dir='ltr'><strong>σι,</strong></span> <span class='ocrx_word' id='word_1_347' title='bbox 2479 2277 2784 2344; x_wconf 60' lang='grc' dir='ltr'>συμψήφων</span> <span class='ocrx_word' id='word_1_348' title='bbox 2826 2272 3130 2339; x_wconf 71' lang='grc' dir='ltr'>γινομένων</span> <span class='ocrx_word' id='word_1_349' title='bbox 3181 2270 3277 2319; x_wconf 71' lang='grc' dir='ltr'><strong>καὶ</strong></span> <span class='ocrx_word' id='word_1_350' title='bbox 3333 2267 3445 2318; x_wconf 80' lang='grc' dir='ltr'>τῶν</span> <span class='ocrx_word' id='word_1_351' title='bbox 3491 2266 3745 2316; x_wconf 79' lang='grc' dir='ltr'>ἀπόντων</span> <span class='ocrx_word' id='word_1_352' title='bbox 3811 2258 3898 2310; x_wconf 74' lang='grc' dir='ltr'><strong>διὰ</strong></span> 
     </span>
    </p>
   </div>
   <div class='ocr_carea' id='block_1_52' title="bbox 2342 2350 3900 2436">
    <p class='ocr_par' dir='ltr' id='par_1_52' title="bbox 2342 2350 3900 2436">
     <span class='ocr_line' id='line_1_52' title="bbox 2342 2350 3900 2436; baseline -0.013 -17"><span class='ocrx_word' id='word_1_353' title='bbox 2342 2367 2709 2436; x_wconf 85' lang='grc' dir='ltr'>γραμμάτων,</span> <span class='ocrx_word' id='word_1_354' title='bbox 2741 2364 2804 2414; x_wconf 79' lang='grc' dir='ltr'><strong>Εἴ</strong></span> <span class='ocrx_word' id='word_1_355' title='bbox 2833 2379 2914 2423; x_wconf 87' lang='grc' dir='ltr'><strong>τις</strong></span> <span class='ocrx_word' id='word_1_356' title='bbox 2946 2362 3001 2411; x_wconf 90' lang='grc' dir='ltr'><strong>δέ</strong></span> <span class='ocrx_word' id='word_1_357' title='bbox 3051 2360 3157 2412; x_wconf 81' lang='grc' dir='ltr'><strong>τῶν</strong></span> <span class='ocrx_word' id='word_1_358' title='bbox 3217 2356 3537 2410; x_wconf 85' lang='grc' dir='ltr'>ἐπισκόπων</span> <span class='ocrx_word' id='word_1_359' title='bbox 3573 2350 3900 2421; x_wconf 78' lang='grc' dir='ltr'>ὁμολογήσει</span> 
     </span>
    </p>
   </div>
   <div class='ocr_carea' id='block_1_53' title="bbox 2342 2437 3897 2512">
    <p class='ocr_par' dir='ltr' id='par_1_53' title="bbox 2342 2437 3897 2512">
     <span class='ocr_line' id='line_1_53' title="bbox 2342 2437 3897 2512; baseline -0.014 -3"><span class='ocrx_word' id='word_1_360' title='bbox 2342 2459 2436 2509; x_wconf 70' lang='grc' dir='ltr'>καὶ</span> <span class='ocrx_word' id='word_1_361' title='bbox 2484 2453 2936 2508; x_wconf 74' lang='grc' dir='ltr'>διαϐεϐαιὼσεταί</span> <span class='ocrx_word' id='word_1_362' title='bbox 2991 2468 3116 2503; x_wconf 83' lang='grc' dir='ltr'>τινα</span> <span class='ocrx_word' id='word_1_363' title='bbox 3161 2449 3309 2512; x_wconf 84' lang='grc' dir='ltr'>άξιον</span> <span class='ocrx_word' id='word_1_364' title='bbox 3361 2446 3499 2500; x_wconf 79' lang='grc' dir='ltr'>εἶναι</span> <span class='ocrx_word' id='word_1_365' title='bbox 3543 2445 3638 2496; x_wconf 74' lang='grc' dir='ltr'>τοῦ</span> <span class='ocrx_word' id='word_1_366' title='bbox 3688 2437 3897 2510; x_wconf 80' lang='grc' dir='ltr'>βαθμοῦ</span> 
     </span>
    </p>
   </div>
   <div class='ocr_carea' id='block_1_54' title="bbox 2341 2531 3901 2614">
    <p class='ocr_par' dir='ltr' id='par_1_54' title="bbox 2341 2531 3901 2614">
     <span class='ocr_line' id='line_1_54' title="bbox 2341 2531 3901 2614; baseline -0.013 -15"><span class='ocrx_word' id='word_1_367' title='bbox 2341 2547 2439 2614; x_wconf 82' lang='grc' dir='ltr'><strong>τῆς</strong></span> <span class='ocrx_word' id='word_1_368' title='bbox 2488 2545 2834 2612; x_wconf 77' lang='grc' dir='ltr'>ἐπισκοπῆς·</span> <span class='ocrx_word' id='word_1_369' title='bbox 2879 2540 2998 2594; x_wconf 76' lang='grc' dir='ltr'>εἷτα</span> <span class='ocrx_word' id='word_1_370' title='bbox 3053 2541 3142 2593; x_wconf 83' lang='grc' dir='ltr'><strong>διά</strong></span> <span class='ocrx_word' id='word_1_371' title='bbox 3193 2557 3246 2591; x_wconf 89' lang='grc' dir='ltr'><strong>τι</strong></span> <span class='ocrx_word' id='word_1_372' title='bbox 3307 2537 3476 2598; x_wconf 80' lang='grc' dir='ltr'>πάθος</span> <span class='ocrx_word' id='word_1_373' title='bbox 3529 2533 3794 2590; x_wconf 85' lang='grc' dir='ltr'>ἐναντίως</span> <span class='ocrx_word' id='word_1_374' title='bbox 3835 2531 3901 2596; x_wconf 73' lang='grc' dir='ltr'>τῇ</span> 
     </span>
    </p>
   </div>
   <div class='ocr_carea' id='block_1_55' title="bbox 2342 2620 3908 2706">
    <p class='ocr_par' dir='ltr' id='par_1_55' title="bbox 2342 2620 3908 2706">
     <span class='ocr_line' id='line_1_55' title="bbox 2342 2620 3908 2706; baseline -0.012 -15"><span class='ocrx_word' id='word_1_375' title='bbox 2342 2639 2602 2706; x_wconf 68' lang='grc' dir='ltr'>ὁμολογίᾳ.</span> <span class='ocrx_word' id='word_1_376' title='bbox 2640 2635 2806 2688; x_wconf 81' lang='grc' dir='ltr'>αὑτοῦ</span> <span class='ocrx_word' id='word_1_377' title='bbox 2839 2636 2870 2703; x_wconf 79' lang='grc' dir='ltr'>ἢ</span> <span class='ocrx_word' id='word_1_378' title='bbox 2908 2636 2973 2702; x_wconf 77' lang='grc' dir='ltr'>τῇ</span> <span class='ocrx_word' id='word_1_379' title='bbox 3024 2632 3316 2700; x_wconf 80' lang='grc' dir='ltr'>ὑπογραφῇ</span> <span class='ocrx_word' id='word_1_380' title='bbox 3343 2627 3603 2697; x_wconf 80' lang='grc' dir='ltr'>χωρήσει,</span> <span class='ocrx_word' id='word_1_381' title='bbox 3647 2624 3744 2675; x_wconf 82' lang='grc' dir='ltr'>καὶ</span> <span class='ocrx_word' id='word_1_382' title='bbox 3784 2620 3908 2674; x_wconf 82' lang='grc' dir='ltr'>ἀνά·</span> 
     </span>
    </p>
   </div>
   <div class='ocr_carea' id='block_1_56' title="bbox 2345 2711 3906 2790">
    <p class='ocr_par' dir='ltr' id='par_1_56' title="bbox 2345 2711 3906 2790">
     <span class='ocr_line' id='line_1_56' title="bbox 2345 2711 3906 2790; baseline -0.01 -12"><span class='ocrx_word' id='word_1_383' title='bbox 2345 2725 2454 2790; x_wconf 82' lang='grc' dir='ltr'>ξιον</span> <span class='ocrx_word' id='word_1_384' title='bbox 2487 2727 2674 2778; x_wconf 82' lang='grc' dir='ltr'>τοῦτον</span> <span class='ocrx_word' id='word_1_385' title='bbox 2705 2725 2796 2776; x_wconf 74' lang='grc' dir='ltr'><strong>τὸν</strong></span> <span class='ocrx_word' id='word_1_386' title='bbox 2839 2725 2970 2789; x_wconf 85' lang='grc' dir='ltr'>παρ’</span> <span class='ocrx_word' id='word_1_387' title='bbox 3021 2720 3184 2773; x_wconf 79' lang='grc' dir='ltr'>αὑτοῦ</span> <span class='ocrx_word' id='word_1_388' title='bbox 3218 2718 3537 2784; x_wconf 87' lang='grc' dir='ltr'>ἐπιλεγέντα</span> <span class='ocrx_word' id='word_1_389' title='bbox 3584 2712 3804 2779; x_wconf 88' lang='grc' dir='ltr'>καλοίη.</span> <span class='ocrx_word' id='word_1_390' title='bbox 3833 2711 3906 2779; x_wconf 82' lang='grc' dir='ltr'>μὴ</span> 
     </span>
    </p>
   </div>
   <div class='ocr_carea' id='block_1_57' title="bbox 2341 2798 3907 2886">
    <p class='ocr_par' dir='ltr' id='par_1_57' title="bbox 2341 2798 3907 2886">
     <span class='ocr_line' id='line_1_57' title="bbox 2341 2798 3907 2886; baseline -0.011 -16"><span class='ocrx_word' id='word_1_391' title='bbox 2341 2816 2710 2886; x_wconf 86' lang='grc' dir='ltr'>ἀγνοούμενον</span> <span class='ocrx_word' id='word_1_392' title='bbox 2749 2814 2879 2882; x_wconf 80' lang='grc' dir='ltr'>παρ’</span> <span class='ocrx_word' id='word_1_393' title='bbox 2907 2811 3072 2864; x_wconf 78' lang='grc' dir='ltr'>αὑτοῦ</span> <span class='ocrx_word' id='word_1_394' title='bbox 3104 2811 3197 2862; x_wconf 77' lang='grc' dir='ltr'><strong>καὶ</strong></span> <span class='ocrx_word' id='word_1_395' title='bbox 3235 2809 3427 2877; x_wconf 81' lang='grc' dir='ltr'>πρώην</span> <span class='ocrx_word' id='word_1_396' title='bbox 3464 2808 3648 2867; x_wconf 79' lang='grc' dir='ltr'>ὁποῖος</span> <span class='ocrx_word' id='word_1_397' title='bbox 3678 2800 3769 2872; x_wconf 79' lang='grc' dir='ltr'>ἦν,</span> <span class='ocrx_word' id='word_1_398' title='bbox 3807 2798 3907 2869; x_wconf 83' lang='grc' dir='ltr'>τῆς</span> 
     </span>
    </p>
   </div>
   <div class='ocr_carea' id='block_1_58' title="bbox 2341 2893 3907 2977">
    <p class='ocr_par' dir='ltr' id='par_1_58' title="bbox 2341 2893 3907 2977">
     <span class='ocr_line' id='line_1_58' title="bbox 2341 2893 3907 2977; baseline -0.01 -16"><span class='ocrx_word' id='word_1_399' title='bbox 2341 2909 2546 2969; x_wconf 84' lang='grc' dir='ltr'>οἰκείας</span> <span class='ocrx_word' id='word_1_400' title='bbox 2600 2906 2763 2977; x_wconf 84' lang='grc' dir='ltr'>τιμῆς</span> <span class='ocrx_word' id='word_1_401' title='bbox 2823 2903 3358 2973; x_wconf 80' lang='grc' dir='ltr'>ἀποστερηθήσεται.</span> <span class='ocrx_word' id='word_1_402' title='bbox 3412 2901 3520 2951; x_wconf 80' lang='grc' dir='ltr'><strong>Καὶ</strong></span> <span class='ocrx_word' id='word_1_403' title='bbox 3577 2899 3688 2964; x_wconf 79' lang='grc' dir='ltr'><strong>γάρ</strong></span> <span class='ocrx_word' id='word_1_404' title='bbox 3742 2894 3836 2947; x_wconf 76' lang='grc' dir='ltr'>καὶ</span> <span class='ocrx_word' id='word_1_405' title='bbox 3879 2893 3907 2945; x_wconf 85' lang='grc' dir='ltr'><strong>ὀ</strong></span> 
     </span>
    </p>
   </div>
   <div class='ocr_carea' id='block_1_59' title="bbox 2343 2984 3908 3066">
    <p class='ocr_par' dir='ltr' id='par_1_59' title="bbox 2343 2984 3908 3066">
     <span class='ocr_line' id='line_1_59' title="bbox 2343 2984 3908 3066; baseline -0.011 -15"><span class='ocrx_word' id='word_1_406' title='bbox 2343 3000 2508 3066; x_wconf 88' lang='grc' dir='ltr'>νόμος</span> <span class='ocrx_word' id='word_1_407' title='bbox 2549 2999 2675 3057; x_wconf 81' lang='grc' dir='ltr'>τοὺς</span> <span class='ocrx_word' id='word_1_408' title='bbox 2729 2996 2941 3063; x_wconf 75' lang='grc' dir='ltr'>ψευδῶς</span> <span class='ocrx_word' id='word_1_409' title='bbox 2991 2996 3022 3062; x_wconf 83' lang='grc' dir='ltr'>ἢ</span> <span class='ocrx_word' id='word_1_410' title='bbox 3059 2993 3316 3052; x_wconf 77' lang='grc' dir='ltr'>ἐναντίως</span> <span class='ocrx_word' id='word_1_411' title='bbox 3355 2991 3569 3050; x_wconf 77' lang='grc' dir='ltr'>ἑαυτοῖς</span> <span class='ocrx_word' id='word_1_412' title='bbox 3626 2984 3908 3056; x_wconf 76' lang='grc' dir='ltr'>μαρτυρήο</span> 
     </span>
    </p>
   </div>
   <div class='ocr_carea' id='block_1_60' title="bbox 686 3077 2241 3166">
    <p class='ocr_par' dir='ltr' id='par_1_60' title="bbox 686 3078 2239 3148">
     <span class='ocr_line' id='line_1_60' title="bbox 686 3078 2239 3148; baseline 0 -20"><span class='ocrx_word' id='word_1_413' title='bbox 686 3078 1050 3131; x_wconf 87' lang='lat' dir='ltr'><strong>risdictionem</strong></span> <span class='ocrx_word' id='word_1_414' title='bbox 1096 3081 1328 3144; x_wconf 89' lang='lat' dir='ltr'><strong>habent,</strong></span> <span class='ocrx_word' id='word_1_415' title='bbox 1384 3083 1556 3148; x_wconf 77' lang='lat' dir='ltr'><strong>poenis</strong></span> <span class='ocrx_word' id='word_1_416' title='bbox 1609 3081 1843 3148; x_wconf 70' lang='lat' dir='ltr'><strong>subiicit,</strong></span> <span class='ocrx_word' id='word_1_417' title='bbox 1889 3089 1947 3132; x_wconf 91' lang='lat' dir='ltr'><strong>ut</strong></span> <span class='ocrx_word' id='word_1_418' title='bbox 1975 3079 2239 3132; x_wconf 90' lang='lat' dir='ltr'><strong>decimum</strong></span> 
     </span>
    </p>
   </div>
   <div class='ocr_carea' id='block_1_61' title="bbox 2349 3077 3903 3166">
    <p class='ocr_par' dir='ltr' id='par_1_61' title="bbox 2349 3077 3903 3150">
     <span class='ocr_line' id='line_1_61' title="bbox 2349 3077 3903 3150; baseline -0.009 -11"><span class='ocrx_word' id='word_1_419' title='bbox 2349 3105 2548 3148; x_wconf 90' lang='grc' dir='ltr'>σαντας</span> <span class='ocrx_word' id='word_1_420' title='bbox 2601 3086 2690 3138; x_wconf 79' lang='grc' dir='ltr'>διὰ</span> <span class='ocrx_word' id='word_1_421' title='bbox 2757 3085 2865 3136; x_wconf 85' lang='grc' dir='ltr'><strong>τῶν</strong></span> <span class='ocrx_word' id='word_1_422' title='bbox 2925 3082 3253 3150; x_wconf 81' lang='grc' dir='ltr'>προσφόρων</span> <span class='ocrx_word' id='word_1_423' title='bbox 3317 3080 3592 3147; x_wconf 80' lang='grc' dir='ltr'>ἀρχόντων</span> <span class='ocrx_word' id='word_1_424' title='bbox 3651 3077 3903 3143; x_wconf 84' lang='grc' dir='ltr'>τιμωρεῖ,</span> 
     </span>
    </p>
   </div>
   <div class='ocr_carea' id='block_1_62' title="bbox 684 3167 2247 3237">
    <p class='ocr_par' dir='ltr' id='par_1_62' title="bbox 684 3167 2247 3237">
     <span class='ocr_line' id='line_1_62' title="bbox 684 3167 2247 3237; baseline -0.001 -17"><span class='ocrx_word' id='word_1_425' title='bbox 684 3175 932 3235; x_wconf 84' lang='lat' dir='ltr'><strong>quartum</strong></span> <span class='ocrx_word' id='word_1_426' title='bbox 969 3169 1127 3237; x_wconf 88' lang='lat' dir='ltr'><strong>primi</strong></span> <span class='ocrx_word' id='word_1_427' title='bbox 1180 3170 1316 3222; x_wconf 89' lang='lat' dir='ltr'><strong>tituli</strong></span> <span class='ocrx_word' id='word_1_428' title='bbox 1366 3171 1600 3224; x_wconf 83' lang='lat' dir='ltr'><strong>vicesimi</strong></span> <span class='ocrx_word' id='word_1_429' title='bbox 1642 3171 1796 3223; x_wconf 81' lang='lat' dir='ltr'><strong>primi</strong></span> <span class='ocrx_word' id='word_1_430' title='bbox 1828 3169 1945 3222; x_wconf 90' lang='lat' dir='ltr'><strong>libri</strong></span> <span class='ocrx_word' id='word_1_431' title='bbox 1979 3176 2134 3236; x_wconf 87' lang='lat' dir='ltr'><strong>caput</strong></span> <span class='ocrx_word' id='word_1_432' title='bbox 2163 3167 2247 3234; x_wconf 87' lang='lat' dir='ltr'><strong>ju-</strong></span> 
     </span>
    </p>
   </div>
   <div class='ocr_carea' id='block_1_63' title="bbox 682 3260 790 3313">
    <p class='ocr_par' dir='ltr' id='par_1_63' title="bbox 682 3260 790 3313">
     <span class='ocr_line' id='line_1_63' title="bbox 682 3260 790 3313; baseline 0.009 -1"><span class='ocrx_word' id='word_1_433' title='bbox 682 3260 790 3313; x_wconf 87' lang='lat' dir='ltr'><strong>bet.</strong></span> 
     </span>
    </p>
   </div>
   <div class='ocr_carea' id='block_1_64' title="bbox 1259 3431 1661 3484">
    <p class='ocr_par' dir='ltr' id='par_1_64' title="bbox 1259 3431 1661 3484">
     <span class='ocr_line' id='line_1_64' title="bbox 1259 3431 1661 3484; baseline -0.005 0"><span class='ocrx_word' id='word_1_434' title='bbox 1259 3431 1486 3484; x_wconf 79' lang='lat' dir='ltr'><strong>CANON</strong></span> <span class='ocrx_word' id='word_1_435' title='bbox 1522 3431 1661 3482; x_wconf 73' lang='lat' dir='ltr'><strong>XIV.</strong></span> 
     </span>
    </p>
   </div>
   <div class='ocr_carea' id='block_1_65' title="bbox 691 3521 2243 3592">
    <p class='ocr_par' dir='ltr' id='par_1_65' title="bbox 691 3521 2243 3592">
     <span class='ocr_line' id='line_1_65' title="bbox 691 3521 2243 3592; baseline 0.003 -19"><span class='ocrx_word' id='word_1_436' title='bbox 691 3540 710 3573; x_wconf 79' lang='grc' dir='ltr'><strong>ι</strong></span> <span class='ocrx_word' id='word_1_437' title='bbox 752 3521 823 3576; x_wconf 86' lang='lat' dir='ltr'><strong>Ut</strong></span> <span class='ocrx_word' id='word_1_438' title='bbox 856 3538 993 3576; x_wconf 90' lang='lat' dir='ltr'><strong>unus</strong></span> <span class='ocrx_word' id='word_1_439' title='bbox 1037 3539 1102 3577; x_wconf 73' lang='lat' dir='ltr'><strong>ex</strong></span> <span class='ocrx_word' id='word_1_440' title='bbox 1131 3522 1331 3592; x_wconf 89' lang='lat' dir='ltr'><strong>Tripoli</strong></span> <span class='ocrx_word' id='word_1_441' title='bbox 1361 3525 1646 3589; x_wconf 88' lang='lat' dir='ltr'><strong>episcopus</strong></span> <span class='ocrx_word' id='word_1_442' title='bbox 1695 3523 1749 3575; x_wconf 92' lang='lat' dir='ltr'><strong>in</strong></span> <span class='ocrx_word' id='word_1_443' title='bbox 1799 3523 2118 3590; x_wconf 86' lang='lat' dir='ltr'><strong>legationem</strong></span> <span class='ocrx_word' id='word_1_444' title='bbox 2152 3539 2243 3577; x_wconf 75' lang='lat' dir='ltr'><strong>ve~</strong></span> 
     </span>
    </p>
   </div>
   <div class='ocr_carea' id='block_1_66' title="bbox 766 3614 2246 3682">
    <p class='ocr_par' dir='ltr' id='par_1_66' title="bbox 766 3614 2246 3682">
     <span class='ocr_line' id='line_1_66' title="bbox 766 3614 2246 3682; baseline 0.003 -20"><span class='ocrx_word' id='word_1_445' title='bbox 766 3631 786 3662; x_wconf 77' lang='grc' dir='ltr'><strong>ι</strong></span> <span class='ocrx_word' id='word_1_446' title='bbox 824 3615 937 3668; x_wconf 89' lang='lat' dir='ltr'><strong>niat</strong></span> <span class='ocrx_word' id='word_1_447' title='bbox 969 3631 982 3669; x_wconf 90' lang='lat'><strong>:</strong></span> <span class='ocrx_word' id='word_1_448' title='bbox 1011 3625 1061 3667; x_wconf 92' lang='lat' dir='ltr'><strong>et</strong></span> <span class='ocrx_word' id='word_1_449' title='bbox 1114 3625 1170 3667; x_wconf 86' lang='grc' dir='ltr'><strong>ιιι</strong></span> <span class='ocrx_word' id='word_1_450' title='bbox 1201 3616 1478 3682; x_wconf 77' lang='lat' dir='ltr'><strong>presbyter</strong></span> <span class='ocrx_word' id='word_1_451' title='bbox 1508 3614 1614 3664; x_wconf 88' lang='lat' dir='ltr'><strong>illic</strong></span> <span class='ocrx_word' id='word_1_452' title='bbox 1663 3627 1691 3664; x_wconf 89' lang='lat' dir='ltr'><strong>a</strong></span> <span class='ocrx_word' id='word_1_453' title='bbox 1726 3616 1963 3681; x_wconf 90' lang='lat' dir='ltr'><strong>quinque</strong></span> <span class='ocrx_word' id='word_1_454' title='bbox 1999 3617 2246 3666; x_wconf 86' lang='lat' dir='ltr'><strong>audiatur</strong></span> 
     </span>
    </p>
   </div>
   <div class='ocr_carea' id='block_1_67' title="bbox 761 3702 2247 3771">
    <p class='ocr_par' dir='ltr' id='par_1_67' title="bbox 761 3702 2247 3771">
     <span class='ocr_line' id='line_1_67' title="bbox 761 3702 2247 3771; baseline 0.002 -18"><span class='ocrx_word' id='word_1_455' title='bbox 761 3722 778 3753; x_wconf 78' lang='grc' dir='ltr'><strong>ι</strong></span> <span class='ocrx_word' id='word_1_456' title='bbox 820 3703 1108 3771; x_wconf 87' lang='lat' dir='ltr'><strong>episcopis.</strong></span> <span class='ocrx_word' id='word_1_457' title='bbox 1144 3703 1402 3756; x_wconf 83' lang='lat' dir='ltr'><strong>Similiter</strong></span> <span class='ocrx_word' id='word_1_458' title='bbox 1449 3703 1700 3769; x_wconf 83' lang='lat' dir='ltr'><strong>plaeuita</strong></span> <span class='ocrx_word' id='word_1_459' title='bbox 1748 3702 1972 3769; x_wconf 83' lang='lat' dir='ltr'><strong>Tripoli,</strong></span> <span class='ocrx_word' id='word_1_460' title='bbox 2033 3714 2247 3771; x_wconf 90' lang='lat' dir='ltr'><strong>propter</strong></span> 
     </span>
    </p>
   </div>
   <div class='ocr_carea' id='block_1_68' title="bbox 765 3793 2246 3862">
    <p class='ocr_par' dir='ltr' id='par_1_68' title="bbox 765 3793 2246 3862">
     <span class='ocr_line' id='line_1_68' title="bbox 765 3793 2246 3862; baseline 0.001 -19"><span class='ocrx_word' id='word_1_461' title='bbox 765 3813 782 3843; x_wconf 83' lang='grc' dir='ltr'><strong>ι</strong></span> <span class='ocrx_word' id='word_1_462' title='bbox 828 3796 1060 3862; x_wconf 86' lang='lat' dir='ltr'><strong>regionis</strong></span> <span class='ocrx_word' id='word_1_463' title='bbox 1115 3794 1369 3860; x_wconf 84' lang='lat' dir='ltr'><strong>inopiam,</strong></span> <span class='ocrx_word' id='word_1_464' title='bbox 1429 3809 1590 3845; x_wconf 88' lang='lat' dir='ltr'><strong>unum</strong></span> <span class='ocrx_word' id='word_1_465' title='bbox 1642 3793 1950 3859; x_wconf 62' lang='lat' dir='ltr'><strong>epismipum</strong></span> <span class='ocrx_word' id='word_1_466' title='bbox 2014 3793 2064 3845; x_wconf 89' lang='lat' dir='ltr'><strong>in</strong></span> <span class='ocrx_word' id='word_1_467' title='bbox 2101 3797 2246 3860; x_wconf 82' lang='lat' dir='ltr'><strong>lega-</strong></span> 
     </span>
    </p>
   </div>
   <div class='ocr_carea' id='block_1_69' title="bbox 769 3882 2249 3950">
    <p class='ocr_par' dir='ltr' id='par_1_69' title="bbox 769 3882 2249 3950">
     <span class='ocr_line' id='line_1_69' title="bbox 769 3882 2249 3950; baseline 0 -16"><span class='ocrx_word' id='word_1_468' title='bbox 769 3902 786 3934; x_wconf 83' lang='lat'><strong>(</strong></span> <span class='ocrx_word' id='word_1_469' title='bbox 825 3885 1024 3936; x_wconf 89' lang='lat' dir='ltr'><strong>tionem</strong></span> <span class='ocrx_word' id='word_1_470' title='bbox 1062 3883 1263 3942; x_wconf 87' lang='lat' dir='ltr'><strong>venire,</strong></span> <span class='ocrx_word' id='word_1_471' title='bbox 1293 3892 1348 3934; x_wconf 93' lang='lat' dir='ltr'><strong>et</strong></span> <span class='ocrx_word' id='word_1_472' title='bbox 1399 3891 1457 3933; x_wconf 92' lang='lat' dir='ltr'><strong>ut</strong></span> <span class='ocrx_word' id='word_1_473' title='bbox 1511 3883 1792 3950; x_wconf 87' lang='lat' dir='ltr'><strong>presbyter</strong></span> <span class='ocrx_word' id='word_1_474' title='bbox 1827 3882 1932 3934; x_wconf 89' lang='lat' dir='ltr'><strong>illic</strong></span> <span class='ocrx_word' id='word_1_475' title='bbox 1962 3897 1988 3933; x_wconf 91' lang='lat' dir='ltr'><strong>a</strong></span> <span class='ocrx_word' id='word_1_476' title='bbox 2017 3883 2249 3950; x_wconf 88' lang='lat' dir='ltr'><strong>quinque</strong></span> 
     </span>
    </p>
   </div>
   <div class='ocr_carea' id='block_1_70' title="bbox 771 3970 2250 4041">
    <p class='ocr_par' dir='ltr' id='par_1_70' title="bbox 771 3970 2250 4041">
     <span class='ocr_line' id='line_1_70' title="bbox 771 3970 2250 4041; baseline 0 -18"><span class='ocrx_word' id='word_1_477' title='bbox 771 3993 788 4023; x_wconf 82' lang='grc' dir='ltr'><strong>ι</strong></span> <span class='ocrx_word' id='word_1_478' title='bbox 837 3974 1103 4041; x_wconf 77' lang='lat' dir='ltr'><strong>episcopis</strong></span> <span class='ocrx_word' id='word_1_479' title='bbox 1142 3973 1408 4034; x_wconf 87' lang='lat' dir='ltr'><strong>audiatur,</strong></span> <span class='ocrx_word' id='word_1_480' title='bbox 1462 3981 1516 4024; x_wconf 88' lang='lat' dir='ltr'><strong>et</strong></span> <span class='ocrx_word' id='word_1_481' title='bbox 1569 3972 1825 4024; x_wconf 88' lang='lat' dir='ltr'><strong>diaconus</strong></span> <span class='ocrx_word' id='word_1_482' title='bbox 1888 3985 1915 4022; x_wconf 88' lang='lat' dir='ltr'><strong>a</strong></span> <span class='ocrx_word' id='word_1_483' title='bbox 1969 3970 2158 4030; x_wconf 83' lang='lat' dir='ltr'><strong>tribus.</strong></span> <span class='ocrx_word' id='word_1_484' title='bbox 2195 3979 2250 4023; x_wconf 90' lang='lat' dir='ltr'><strong>ut</strong></span> 
     </span>
    </p>
   </div>
   <div class='ocr_carea' id='block_1_71' title="bbox 771 4058 2249 4129">
    <p class='ocr_par' dir='ltr' id='par_1_71' title="bbox 771 4058 2249 4129">
     <span class='ocr_line' id='line_1_71' title="bbox 771 4058 2249 4129; baseline -0.002 -16"><span class='ocrx_word' id='word_1_485' title='bbox 771 4083 789 4113; x_wconf 85' lang='grc'><strong>‹</strong></span> <span class='ocrx_word' id='word_1_486' title='bbox 834 4062 1081 4129; x_wconf 85' lang='lat' dir='ltr'><strong>superius</strong></span> <span class='ocrx_word' id='word_1_487' title='bbox 1113 4061 1310 4112; x_wconf 88' lang='lat' dir='ltr'><strong>dictum</strong></span> <span class='ocrx_word' id='word_1_488' title='bbox 1341 4070 1446 4122; x_wconf 89' lang='lat' dir='ltr'><strong>est,</strong></span> <span class='ocrx_word' id='word_1_489' title='bbox 1501 4061 1715 4127; x_wconf 78' lang='lat' dir='ltr'><strong>proprio</strong></span> <span class='ocrx_word' id='word_1_490' title='bbox 1754 4059 1959 4111; x_wconf 89' lang='lat' dir='ltr'><strong>scilicet</strong></span> <span class='ocrx_word' id='word_1_491' title='bbox 1998 4058 2249 4126; x_wconf 81' lang='lat' dir='ltr'><strong>episcopo</strong></span> 
     </span>
    </p>
   </div>
   <div class='ocr_carea' id='block_1_72' title="bbox 771 4152 1214 4219">
    <p class='ocr_par' dir='ltr' id='par_1_72' title="bbox 771 4152 1214 4219">
     <span class='ocr_line' id='line_1_72' title="bbox 771 4152 1214 4219; baseline -0.007 -18"><span class='ocrx_word' id='word_1_492' title='bbox 771 4171 789 4201; x_wconf 80' lang='grc' dir='ltr'><strong>ι</strong></span> <span class='ocrx_word' id='word_1_493' title='bbox 822 4152 1163 4219; x_wconf 73' lang='lat' dir='ltr'><strong>praesidente.</strong></span> <span class='ocrx_word' id='word_1_494' title='bbox 1198 4167 1214 4198; x_wconf 74' lang='grc' dir='ltr'><strong>ι</strong></span> 
     </span>
    </p>
   </div>
   <div class='ocr_carea' id='block_1_73' title="bbox 770 4329 2246 4399">
    <p class='ocr_par' dir='ltr' id='par_1_73' title="bbox 770 4329 2246 4399">
     <span class='ocr_line' id='line_1_73' title="bbox 770 4329 2246 4399; baseline -0.003 -13"><span class='ocrx_word' id='word_1_495' title='bbox 770 4332 966 4386; x_wconf 76' lang='lat' dir='ltr'><strong>BALS.</strong></span> <span class='ocrx_word' id='word_1_496' title='bbox 996 4330 1092 4385; x_wconf 85' lang='lat' dir='ltr'><strong>Est</strong></span> <span class='ocrx_word' id='word_1_497' title='bbox 1129 4332 1288 4384; x_wconf 89' lang='lat' dir='ltr'><strong>etiam</strong></span> <span class='ocrx_word' id='word_1_498' title='bbox 1323 4331 1377 4384; x_wconf 91' lang='lat' dir='ltr'><strong>in</strong></span> <span class='ocrx_word' id='word_1_499' title='bbox 1411 4329 1591 4385; x_wconf 78' lang='lat' dir='ltr'><strong>Africa</strong></span> <span class='ocrx_word' id='word_1_500' title='bbox 1618 4329 1884 4399; x_wconf 87' lang='lat' dir='ltr'><strong>Tripolis;</strong></span> <span class='ocrx_word' id='word_1_501' title='bbox 1909 4338 1962 4382; x_wconf 90' lang='lat' dir='ltr'><strong>et</strong></span> <span class='ocrx_word' id='word_1_502' title='bbox 1994 4329 2246 4397; x_wconf 85' lang='lat' dir='ltr'><strong>quoniam</strong></span> 
     </span>
    </p>
   </div>
   <div class='ocr_carea' id='block_1_74' title="bbox 2351 3165 3905 3243">
    <p class='ocr_par' dir='ltr' id='par_1_74' title="bbox 2351 3165 3905 3243">
     <span class='ocr_line' id='line_1_74' title="bbox 2351 3165 3905 3243; baseline -0.01 -14"><span class='ocrx_word' id='word_1_503' title='bbox 2351 3177 2533 3239; x_wconf 84' lang='grc' dir='ltr'>καθὼς</span> <span class='ocrx_word' id='word_1_504' title='bbox 2581 3177 2640 3228; x_wconf 86' lang='grc' dir='ltr'><strong>τὸ</strong></span> <span class='ocrx_word' id='word_1_505' title='bbox 2690 3173 3257 3243; x_wconf 81' lang='grc' dir='ltr'>τεσσαρακαιδέκατον</span> <span class='ocrx_word' id='word_1_506' title='bbox 3290 3170 3586 3238; x_wconf 81' lang='grc' dir='ltr'>κεφάλαιον</span> <span class='ocrx_word' id='word_1_507' title='bbox 3625 3168 3721 3218; x_wconf 83' lang='grc' dir='ltr'>τοῦ</span> <span class='ocrx_word' id='word_1_508' title='bbox 3758 3165 3905 3232; x_wconf 80' lang='grc' dir='ltr'>πρώ-</span> 
     </span>
    </p>
   </div>
   <div class='ocr_carea' id='block_1_75' title="bbox 2349 3255 3909 3332">
    <p class='ocr_par' dir='ltr' id='par_1_75' title="bbox 2349 3255 3909 3332">
     <span class='ocr_line' id='line_1_75' title="bbox 2349 3255 3909 3332; baseline -0.01 -12"><span class='ocrx_word' id='word_1_509' title='bbox 2349 3285 2441 3320; x_wconf 86' lang='grc' dir='ltr'><strong>του</strong></span> <span class='ocrx_word' id='word_1_510' title='bbox 2478 3267 2658 3319; x_wconf 81' lang='grc' dir='ltr'>τίτλου</span> <span class='ocrx_word' id='word_1_511' title='bbox 2702 3264 2796 3317; x_wconf 82' lang='grc' dir='ltr'>τοῦ</span> <span class='ocrx_word' id='word_1_512' title='bbox 2850 3262 3100 3318; x_wconf 79' lang='grc' dir='ltr'>εἰκοστοῦ</span> <span class='ocrx_word' id='word_1_513' title='bbox 3159 3261 3378 3332; x_wconf 84' lang='grc' dir='ltr'>πρώτου</span> <span class='ocrx_word' id='word_1_514' title='bbox 3428 3259 3635 3328; x_wconf 75' lang='grc' dir='ltr'>βιὸλίου</span> <span class='ocrx_word' id='word_1_515' title='bbox 3679 3255 3909 3322; x_wconf 76' lang='grc' dir='ltr'>διαλαμο</span> 
     </span>
    </p>
   </div>
   <div class='ocr_carea' id='block_1_76' title="bbox 2349 3357 2522 3410">
    <p class='ocr_par' dir='ltr' id='par_1_76' title="bbox 2349 3357 2522 3410">
     <span class='ocr_line' id='line_1_76' title="bbox 2349 3357 2522 3410; baseline 0.023 -4"><span class='ocrx_word' id='word_1_516' title='bbox 2349 3357 2522 3410; x_wconf 86' lang='grc' dir='ltr'>6ἀνει.</span> 
     </span>
    </p>
   </div>
   <div class='ocr_carea' id='block_1_77' title="bbox 2936 3438 3311 3496">
    <p class='ocr_par' dir='ltr' id='par_1_77' title="bbox 2936 3438 3311 3496">
     <span class='ocr_line' id='line_1_77' title="bbox 2936 3438 3311 3496; baseline -0.005 0"><span class='ocrx_word' id='word_1_517' title='bbox 2936 3442 3174 3496; x_wconf 81' lang='grc' dir='ltr'><strong>ΚΑΝΩΝ</strong></span> <span class='ocrx_word' id='word_1_518' title='bbox 3217 3438 3311 3494; x_wconf 83' lang='lat' dir='ltr'><strong>IA&#39;.</strong></span> 
     </span>
    </p>
   </div>
   <div class='ocr_carea' id='block_1_78' title="bbox 2356 3533 3910 3603">
    <p class='ocr_par' dir='ltr' id='par_1_78' title="bbox 2356 3533 3910 3603">
     <span class='ocr_line' id='line_1_78' title="bbox 2356 3533 3910 3603; baseline -0.005 -16"><span class='ocrx_word' id='word_1_519' title='bbox 2356 3556 2374 3587; x_wconf 84' lang='grc' dir='ltr'><strong>ι</strong></span> <span class='ocrx_word' id='word_1_520' title='bbox 2417 3539 2579 3590; x_wconf 82' lang='grc' dir='ltr'>Ὥστε</span> <span class='ocrx_word' id='word_1_521' title='bbox 2603 3538 2710 3589; x_wconf 78' lang='grc' dir='ltr'><strong>ἀπὸ</strong></span> <span class='ocrx_word' id='word_1_522' title='bbox 2739 3535 3052 3603; x_wconf 84' lang='grc' dir='ltr'>Τριπόλεως</span> <span class='ocrx_word' id='word_1_523' title='bbox 3089 3533 3185 3585; x_wconf 84' lang='grc' dir='ltr'>ἓνα</span> <span class='ocrx_word' id='word_1_524' title='bbox 3219 3533 3514 3583; x_wconf 87' lang='grc' dir='ltr'>ἐπίσκοπον</span> <span class='ocrx_word' id='word_1_525' title='bbox 3553 3545 3633 3592; x_wconf 64' lang='grc' dir='ltr'><strong>εις</strong></span> <span class='ocrx_word' id='word_1_526' title='bbox 3682 3547 3910 3598; x_wconf 79' lang='grc' dir='ltr'>τοποτηο</span> 
     </span>
    </p>
   </div>
   <div class='ocr_carea' id='block_1_79' title="bbox 2425 3622 3909 3697">
    <p class='ocr_par' dir='ltr' id='par_1_79' title="bbox 2425 3622 3909 3697">
     <span class='ocr_line' id='line_1_79' title="bbox 2425 3622 3909 3697; baseline -0.004 -19"><span class='ocrx_word' id='word_1_527' title='bbox 2425 3648 2441 3678; x_wconf 84' lang='grc' dir='ltr'><strong>ι</strong></span> <span class='ocrx_word' id='word_1_528' title='bbox 2491 3631 2684 3697; x_wconf 85' lang='grc' dir='ltr'>ρησίαν</span> <span class='ocrx_word' id='word_1_529' title='bbox 2743 3627 2951 3693; x_wconf 77' lang='grc' dir='ltr'>ἐ).θεῖν;</span> <span class='ocrx_word' id='word_1_530' title='bbox 3038 3628 3132 3678; x_wconf 76' lang='grc' dir='ltr'>καὶ</span> <span class='ocrx_word' id='word_1_531' title='bbox 3195 3624 3334 3676; x_wconf 81' lang='grc' dir='ltr'>ὥστε</span> <span class='ocrx_word' id='word_1_532' title='bbox 3424 3623 3514 3675; x_wconf 77' lang='grc' dir='ltr'><strong>τὸν</strong></span> <span class='ocrx_word' id='word_1_533' title='bbox 3571 3622 3909 3691; x_wconf 76' lang='grc' dir='ltr'>πρεσϐύτερο</span> 
     </span>
    </p>
   </div>
   <div class='ocr_carea' id='block_1_80' title="bbox 2427 3712 3907 3770">
    <p class='ocr_par' dir='ltr' id='par_1_80' title="bbox 2427 3712 3907 3770">
     <span class='ocr_line' id='line_1_80' title="bbox 2427 3712 3907 3770; baseline -0.006 -2"><span class='ocrx_word' id='word_1_534' title='bbox 2427 3737 2444 3768; x_wconf 86' lang='grc' dir='ltr'><strong>ι</strong></span> <span class='ocrx_word' id='word_1_535' title='bbox 2496 3722 2700 3770; x_wconf 69' lang='grc' dir='ltr'>νὲκεῖσε</span> <span class='ocrx_word' id='word_1_536' title='bbox 2789 3717 2894 3769; x_wconf 81' lang='grc' dir='ltr'>ὑπὸ</span> <span class='ocrx_word' id='word_1_537' title='bbox 2982 3715 3144 3768; x_wconf 83' lang='grc' dir='ltr'>πέντε</span> <span class='ocrx_word' id='word_1_538' title='bbox 3233 3713 3528 3766; x_wconf 79' lang='grc' dir='ltr'>ἀκούεσθαι</span> <span class='ocrx_word' id='word_1_539' title='bbox 3578 3712 3907 3762; x_wconf 83' lang='grc' dir='ltr'>ἐπισκόπων.</span> 
     </span>
    </p>
   </div>
   <div class='ocr_carea' id='block_1_81' title="bbox 2419 3800 3910 3876">
    <p class='ocr_par' dir='ltr' id='par_1_81' title="bbox 2419 3800 3910 3876">
     <span class='ocr_line' id='line_1_81' title="bbox 2419 3800 3910 3876; baseline -0.005 -18"><span class='ocrx_word' id='word_1_540' title='bbox 2419 3828 2436 3858; x_wconf 82' lang='grc' dir='ltr'><strong>ι</strong></span> <span class='ocrx_word' id='word_1_541' title='bbox 2494 3808 2722 3874; x_wconf 82' lang='grc' dir='ltr'>Ὁμοίως</span> <span class='ocrx_word' id='word_1_542' title='bbox 2771 3807 2964 3876; x_wconf 69' lang='grc' dir='ltr'>ἤρεσεν</span> <span class='ocrx_word' id='word_1_543' title='bbox 3017 3807 3122 3857; x_wconf 83' lang='grc' dir='ltr'>ἀπὸ</span> <span class='ocrx_word' id='word_1_544' title='bbox 3173 3804 3488 3874; x_wconf 85' lang='grc' dir='ltr'>Τριπόλεως</span> <span class='ocrx_word' id='word_1_545' title='bbox 3536 3802 3624 3853; x_wconf 77' lang='grc' dir='ltr'>διὰ</span> <span class='ocrx_word' id='word_1_546' title='bbox 3663 3803 3764 3869; x_wconf 76' lang='grc' dir='ltr'>τὴν</span> <span class='ocrx_word' id='word_1_547' title='bbox 3816 3800 3910 3867; x_wconf 83' lang='grc' dir='ltr'>τῆς</span> 
     </span>
    </p>
   </div>
   <div class='ocr_carea' id='block_1_82' title="bbox 2425 3893 3910 3966">
    <p class='ocr_par' dir='ltr' id='par_1_82' title="bbox 2425 3893 3910 3966">
     <span class='ocr_line' id='line_1_82' title="bbox 2425 3893 3910 3966; baseline -0.006 -17"><span class='ocrx_word' id='word_1_548' title='bbox 2425 3917 2442 3948; x_wconf 82' lang='grc' dir='ltr'><strong>ι</strong></span> <span class='ocrx_word' id='word_1_549' title='bbox 2491 3898 2672 3966; x_wconf 85' lang='grc' dir='ltr'>χώρας</span> <span class='ocrx_word' id='word_1_550' title='bbox 2704 3897 2910 3948; x_wconf 76' lang='grc' dir='ltr'>ἔνδειαν</span> <span class='ocrx_word' id='word_1_551' title='bbox 2954 3897 3048 3948; x_wconf 82' lang='grc' dir='ltr'><strong>ἐνα</strong></span> <span class='ocrx_word' id='word_1_552' title='bbox 3079 3895 3371 3946; x_wconf 82' lang='grc' dir='ltr'>ἐπίσκοπον</span> <span class='ocrx_word' id='word_1_553' title='bbox 3405 3897 3482 3951; x_wconf 83' lang='grc' dir='ltr'><strong>είς</strong></span> <span class='ocrx_word' id='word_1_554' title='bbox 3511 3893 3910 3962; x_wconf 85' lang='grc' dir='ltr'>τοποτηρησίαν</span> 
     </span>
    </p>
   </div>
   <div class='ocr_carea' id='block_1_83' title="bbox 2425 3978 3911 4051">
    <p class='ocr_par' dir='ltr' id='par_1_83' title="bbox 2425 3978 3911 4051">
     <span class='ocr_line' id='line_1_83' title="bbox 2425 3978 3911 4051; baseline -0.003 -17"><span class='ocrx_word' id='word_1_555' title='bbox 2425 4003 2442 4034; x_wconf 84' lang='grc' dir='ltr'><strong>ι</strong></span> <span class='ocrx_word' id='word_1_556' title='bbox 2489 3985 2679 4044; x_wconf 86' lang='grc' dir='ltr'>ἐλθεῖν,</span> <span class='ocrx_word' id='word_1_557' title='bbox 2743 3984 2835 4034; x_wconf 68' lang='grc' dir='ltr'>καὶ</span> <span class='ocrx_word' id='word_1_558' title='bbox 2918 3983 3003 4033; x_wconf 83' lang='grc' dir='ltr'><strong>ἵνα</strong></span> <span class='ocrx_word' id='word_1_559' title='bbox 3058 3986 3085 4034; x_wconf 89' lang='grc' dir='ltr'><strong>ὀ</strong></span> <span class='ocrx_word' id='word_1_560' title='bbox 3142 3981 3514 4051; x_wconf 74' lang='grc' dir='ltr'>πρεσϐύτερος</span> <span class='ocrx_word' id='word_1_561' title='bbox 3569 3982 3754 4032; x_wconf 78' lang='grc' dir='ltr'>ἐκεῖσε</span> <span class='ocrx_word' id='word_1_562' title='bbox 3812 3978 3911 4036; x_wconf 80' lang='grc' dir='ltr'><strong>ὑπὸ</strong></span> 
     </span>
    </p>
   </div>
   <div class='ocr_carea' id='block_1_84' title="bbox 2430 4070 3911 4143">
    <p class='ocr_par' dir='ltr' id='par_1_84' title="bbox 2430 4070 3911 4143">
     <span class='ocr_line' id='line_1_84' title="bbox 2430 4070 3911 4143; baseline -0.002 -19"><span class='ocrx_word' id='word_1_563' title='bbox 2430 4094 2447 4124; x_wconf 82' lang='grc' dir='ltr'><strong>ι</strong></span> <span class='ocrx_word' id='word_1_564' title='bbox 2497 4075 2658 4126; x_wconf 81' lang='grc' dir='ltr'>πέντε</span> <span class='ocrx_word' id='word_1_565' title='bbox 2698 4075 2962 4143; x_wconf 86' lang='grc' dir='ltr'>ἀκούηται</span> <span class='ocrx_word' id='word_1_566' title='bbox 3019 4075 3352 4138; x_wconf 88' lang='grc' dir='ltr'>ἐπισκόπων,</span> <span class='ocrx_word' id='word_1_567' title='bbox 3387 4075 3482 4126; x_wconf 75' lang='grc' dir='ltr'><strong>καὶ</strong></span> <span class='ocrx_word' id='word_1_568' title='bbox 3527 4073 3776 4136; x_wconf 88' lang='grc' dir='ltr'>διάκονος</span> <span class='ocrx_word' id='word_1_569' title='bbox 3811 4070 3911 4123; x_wconf 80' lang='grc' dir='ltr'>ὑπὸ</span> 
     </span>
    </p>
   </div>
   <div class='ocr_carea' id='block_1_85' title="bbox 2427 4159 3910 4234">
    <p class='ocr_par' dir='ltr' id='par_1_85' title="bbox 2427 4159 3910 4234">
     <span class='ocr_line' id='line_1_85' title="bbox 2427 4159 3910 4234; baseline -0.002 -18"><span class='ocrx_word' id='word_1_570' title='bbox 2427 4185 2442 4216; x_wconf 83' lang='grc' dir='ltr'><strong>ι</strong></span> <span class='ocrx_word' id='word_1_571' title='bbox 2487 4165 2774 4234; x_wconf 81' lang='grc' dir='ltr'>τριῶν.ὼς</span> <span class='ocrx_word' id='word_1_572' title='bbox 2824 4167 3079 4233; x_wconf 81' lang='grc' dir='ltr'>ἀνωτέρω</span> <span class='ocrx_word' id='word_1_573' title='bbox 3131 4166 3368 4234; x_wconf 74' lang='grc' dir='ltr'>εἴρηται.</span> <span class='ocrx_word' id='word_1_574' title='bbox 3422 4164 3518 4216; x_wconf 79' lang='grc' dir='ltr'>τοῦ</span> <span class='ocrx_word' id='word_1_575' title='bbox 3565 4165 3696 4216; x_wconf 77' lang='grc' dir='ltr'>ἰδίου</span> <span class='ocrx_word' id='word_1_576' title='bbox 3749 4159 3910 4215; x_wconf 81' lang='grc' dir='ltr'>αὑτοῦ</span> 
     </span>
    </p>
   </div>
   <div class='ocr_carea' id='block_1_86' title="bbox 2424 4255 3604 4324">
    <p class='ocr_par' dir='ltr' id='par_1_86' title="bbox 2424 4255 3604 4324">
     <span class='ocr_line' id='line_1_86' title="bbox 2424 4255 3604 4324; baseline 0 -19"><span class='ocrx_word' id='word_1_577' title='bbox 2424 4275 2442 4305; x_wconf 80' lang='grc' dir='ltr'><strong>ι</strong></span> <span class='ocrx_word' id='word_1_578' title='bbox 2489 4255 2785 4307; x_wconf 78' lang='grc' dir='ltr'>ἐπισκόπου</span> <span class='ocrx_word' id='word_1_579' title='bbox 2821 4255 3060 4324; x_wconf 79' lang='grc' dir='ltr'>δηλονότι</span> <span class='ocrx_word' id='word_1_580' title='bbox 3098 4255 3544 4322; x_wconf 74' lang='grc' dir='ltr'>προκαθημένου.</span> <span class='ocrx_word' id='word_1_581' title='bbox 3587 4272 3604 4304; x_wconf 72' lang='grc' dir='ltr'><strong>ι</strong></span> 
     </span>
    </p>
   </div>
   <div class='ocr_carea' id='block_1_87' title="bbox 2428 4345 3912 4415">
    <p class='ocr_par' dir='ltr' id='par_1_87' title="bbox 2428 4345 3912 4415">
     <span class='ocr_line' id='line_1_87' title="bbox 2428 4345 3912 4415; baseline 0.003 -19"><span class='ocrx_word' id='word_1_582' title='bbox 2428 4346 2622 4397; x_wconf 81' lang='grc' dir='ltr'>ΒΑΛΣ.</span> <span class='ocrx_word' id='word_1_583' title='bbox 2655 4345 2808 4397; x_wconf 86' lang='grc' dir='ltr'>Ἐστι</span> <span class='ocrx_word' id='word_1_584' title='bbox 2865 4348 2960 4396; x_wconf 69' lang='grc' dir='ltr'><strong>καὶ</strong></span> <span class='ocrx_word' id='word_1_585' title='bbox 3003 4347 3059 4396; x_wconf 87' lang='grc' dir='ltr'><strong>ἐν</strong></span> <span class='ocrx_word' id='word_1_586' title='bbox 3108 4349 3172 4413; x_wconf 83' lang='grc' dir='ltr'>τῇ</span> <span class='ocrx_word' id='word_1_587' title='bbox 3208 4348 3444 4415; x_wconf 78' lang='grc' dir='ltr'>Ἀφρικῇ</span> <span class='ocrx_word' id='word_1_588' title='bbox 3496 4347 3790 4413; x_wconf 78' lang='grc' dir='ltr'>Τρίπολις⁶</span> <span class='ocrx_word' id='word_1_589' title='bbox 3822 4353 3912 4403; x_wconf 65' lang='grc' dir='ltr'><strong>καὶ</strong></span> 
     </span>
    </p>
   </div>
   <div class='ocr_carea' id='block_1_88' title="bbox 695 4419 2241 4511">
    <p class='ocr_par' dir='ltr' id='par_1_88' title="bbox 695 4421 2241 4493">
     <span class='ocr_line' id='line_1_88' title="bbox 695 4421 2241 4493; baseline -0.001 -19"><span class='ocrx_word' id='word_1_590' title='bbox 695 4427 746 4475; x_wconf 86' lang='lat' dir='ltr'><strong>in</strong></span> <span class='ocrx_word' id='word_1_591' title='bbox 778 4442 837 4476; x_wconf 88' lang='lat' dir='ltr'><strong>ea</strong></span> <span class='ocrx_word' id='word_1_592' title='bbox 871 4433 1024 4477; x_wconf 89' lang='lat' dir='ltr'><strong>erant</strong></span> <span class='ocrx_word' id='word_1_593' title='bbox 1051 4425 1201 4492; x_wconf 87' lang='lat' dir='ltr'><strong>pauci</strong></span> <span class='ocrx_word' id='word_1_594' title='bbox 1233 4427 1492 4493; x_wconf 88' lang='lat' dir='ltr'><strong>episcopi,</strong></span> <span class='ocrx_word' id='word_1_595' title='bbox 1517 4423 1704 4476; x_wconf 89' lang='lat' dir='ltr'><strong>statuit</strong></span> <span class='ocrx_word' id='word_1_596' title='bbox 1737 4421 1994 4491; x_wconf 83' lang='lat' dir='ltr'><strong>synodus,</strong></span> <span class='ocrx_word' id='word_1_597' title='bbox 2025 4431 2083 4472; x_wconf 90' lang='lat' dir='ltr'><strong>ut</strong></span> <span class='ocrx_word' id='word_1_598' title='bbox 2112 4434 2241 4474; x_wconf 79' lang='lat' dir='ltr'><strong>unus</strong></span> 
     </span>
    </p>
   </div>
   <div class='ocr_carea' id='block_1_89' title="bbox 2349 4419 3919 4511">
    <p class='ocr_par' dir='ltr' id='par_1_89' title="bbox 2355 4438 3919 4511">
     <span class='ocr_line' id='line_1_89' title="bbox 2355 4438 3919 4511; baseline 0.002 -22"><span class='ocrx_word' id='word_1_599' title='bbox 2355 4439 2476 4489; x_wconf 78' lang='grc' dir='ltr'>ἐπεὶ</span> <span class='ocrx_word' id='word_1_600' title='bbox 2507 4443 2648 4508; x_wconf 75' lang='grc' dir='ltr'>ὴσαν</span> <span class='ocrx_word' id='word_1_601' title='bbox 2700 4439 2755 4488; x_wconf 85' lang='grc' dir='ltr'><strong>ἐν</strong></span> <span class='ocrx_word' id='word_1_602' title='bbox 2801 4438 2937 4506; x_wconf 80' lang='grc' dir='ltr'>αὐτῇ</span> <span class='ocrx_word' id='word_1_603' title='bbox 2973 4438 3143 4503; x_wconf 74' lang='grc' dir='ltr'>ὀλίγοι</span> <span class='ocrx_word' id='word_1_604' title='bbox 3177 4439 3495 4504; x_wconf 84' lang='grc' dir='ltr'>ἐπίσκοποι,</span> <span class='ocrx_word' id='word_1_605' title='bbox 3527 4439 3728 4508; x_wconf 82' lang='grc' dir='ltr'>ὥρισεν</span> <span class='ocrx_word' id='word_1_606' title='bbox 3761 4443 3794 4511; x_wconf 80' lang='grc' dir='ltr'>ἠ</span> <span class='ocrx_word' id='word_1_607' title='bbox 3829 4441 3919 4492; x_wconf 90' lang='grc' dir='ltr'>σύ-</span> 
     </span>
    </p>
   </div>
   <div class='ocr_carea' id='block_1_90' title="bbox 695 4512 2252 4581">
    <p class='ocr_par' dir='ltr' id='par_1_90' title="bbox 695 4512 2252 4581">
     <span class='ocr_line' id='line_1_90' title="bbox 695 4512 2252 4581; baseline -0.001 -18"><span class='ocrx_word' id='word_1_608' title='bbox 695 4517 909 4579; x_wconf 81' lang='lat' dir='ltr'><strong>quidem</strong></span> <span class='ocrx_word' id='word_1_609' title='bbox 939 4514 1082 4564; x_wconf 87' lang='lat' dir='ltr'><strong>illinc</strong></span> <span class='ocrx_word' id='word_1_610' title='bbox 1131 4515 1378 4566; x_wconf 87' lang='lat' dir='ltr'><strong>mittatur</strong></span> <span class='ocrx_word' id='word_1_611' title='bbox 1421 4515 1623 4581; x_wconf 85' lang='lat' dir='ltr'><strong>legatus</strong></span> <span class='ocrx_word' id='word_1_612' title='bbox 1651 4515 1715 4564; x_wconf 84' lang='lat' dir='ltr'><strong>atl</strong></span> <span class='ocrx_word' id='word_1_613' title='bbox 1741 4512 2136 4564; x_wconf 79' lang='lat' dir='ltr'><strong>anniversarias</strong></span> <span class='ocrx_word' id='word_1_614' title='bbox 2166 4525 2252 4578; x_wconf 84' lang='lat' dir='ltr'><strong>sy-</strong></span> 
     </span>
    </p>
   </div>
   <div class='ocr_carea' id='block_1_91' title="bbox 699 4601 2251 4667">
    <p class='ocr_par' dir='ltr' id='par_1_91' title="bbox 699 4601 2251 4667">
     <span class='ocr_line' id='line_1_91' title="bbox 699 4601 2251 4667; baseline -0.001 -15"><span class='ocrx_word' id='word_1_615' title='bbox 699 4603 906 4652; x_wconf 82' lang='lat' dir='ltr'><strong>nodos:</strong></span> <span class='ocrx_word' id='word_1_616' title='bbox 941 4614 969 4651; x_wconf 83' lang='lat' dir='ltr'><strong>a</strong></span> <span class='ocrx_word' id='word_1_617' title='bbox 1017 4601 1250 4667; x_wconf 88' lang='lat' dir='ltr'><strong>quinque</strong></span> <span class='ocrx_word' id='word_1_618' title='bbox 1289 4610 1464 4652; x_wconf 87' lang='lat' dir='ltr'><strong>autem</strong></span> <span class='ocrx_word' id='word_1_619' title='bbox 1515 4601 1802 4667; x_wconf 86' lang='lat' dir='ltr'><strong>episcopis.</strong></span> <span class='ocrx_word' id='word_1_620' title='bbox 1857 4611 2072 4667; x_wconf 88' lang='lat' dir='ltr'><strong>propter</strong></span> <span class='ocrx_word' id='word_1_621' title='bbox 2113 4601 2251 4651; x_wconf 85' lang='lat' dir='ltr'><strong>anti-</strong></span> 
     </span>
    </p>
   </div>
   <div class='ocr_carea' id='block_1_92' title="bbox 699 4689 2252 4756">
    <p class='ocr_par' dir='ltr' id='par_1_92' title="bbox 699 4689 2252 4756">
     <span class='ocr_line' id='line_1_92' title="bbox 699 4689 2252 4756; baseline 0 -14"><span class='ocrx_word' id='word_1_622' title='bbox 699 4689 882 4743; x_wconf 84' lang='lat' dir='ltr'><strong>stitum</strong></span> <span class='ocrx_word' id='word_1_623' title='bbox 918 4691 1262 4756; x_wconf 86' lang='lat' dir='ltr'><strong>paucitatem,</strong></span> <span class='ocrx_word' id='word_1_624' title='bbox 1297 4690 1665 4742; x_wconf 82' lang='lat' dir='ltr'><strong>examinentur</strong></span> <span class='ocrx_word' id='word_1_625' title='bbox 1694 4705 1868 4742; x_wconf 71' lang='lat' dir='ltr'><strong>cansze</strong></span> <span class='ocrx_word' id='word_1_626' title='bbox 1915 4691 2252 4742; x_wconf 81' lang='lat' dir='ltr'><strong>sacerdotum</strong></span> 
     </span>
    </p>
   </div>
   <div class='ocr_carea' id='block_1_93' title="bbox 700 4779 2254 4844">
    <p class='ocr_par' dir='ltr' id='par_1_93' title="bbox 700 4779 2254 4844">
     <span class='ocr_line' id='line_1_93' title="bbox 700 4779 2254 4844; baseline 0.001 -12"><span class='ocrx_word' id='word_1_627' title='bbox 700 4781 1026 4844; x_wconf 71' lang='lat' dir='ltr'><strong>criminales,</strong></span> <span class='ocrx_word' id='word_1_628' title='bbox 1094 4791 1148 4832; x_wconf 91' lang='lat' dir='ltr'><strong>et</strong></span> <span class='ocrx_word' id='word_1_629' title='bbox 1217 4795 1245 4831; x_wconf 92' lang='lat' dir='ltr'><strong>a</strong></span> <span class='ocrx_word' id='word_1_630' title='bbox 1312 4779 1480 4832; x_wconf 86' lang='lat' dir='ltr'><strong>tribus</strong></span> <span class='ocrx_word' id='word_1_631' title='bbox 1546 4779 1890 4831; x_wconf 88' lang='lat' dir='ltr'><strong>diaconorum</strong></span> <span class='ocrx_word' id='word_1_632' title='bbox 1949 4779 2080 4830; x_wconf 85' lang='lat' dir='ltr'><strong>ultra</strong></span> <span class='ocrx_word' id='word_1_633' title='bbox 2137 4780 2254 4833; x_wconf 87' lang='lat' dir='ltr'><strong>illos</strong></span> 
     </span>
    </p>
   </div>
   <div class='ocr_carea' id='block_1_94' title="bbox 700 4868 2250 4938">
    <p class='ocr_par' dir='ltr' id='par_1_94' title="bbox 700 4868 2250 4938">
     <span class='ocr_line' id='line_1_94' title="bbox 700 4868 2250 4938; baseline -0.001 -16"><span class='ocrx_word' id='word_1_634' title='bbox 700 4871 988 4938; x_wconf 82' lang='lat' dir='ltr'><strong>episcopis,</strong></span> <span class='ocrx_word' id='word_1_635' title='bbox 1026 4872 1124 4921; x_wconf 84' lang='lat' dir='ltr'><strong>sub</strong></span> <span class='ocrx_word' id='word_1_636' title='bbox 1155 4870 1349 4936; x_wconf 86' lang='lat' dir='ltr'><strong>quibus</strong></span> <span class='ocrx_word' id='word_1_637' title='bbox 1389 4879 1514 4922; x_wconf 90' lang='lat' dir='ltr'><strong>sunt</strong></span> <span class='ocrx_word' id='word_1_638' title='bbox 1550 4868 1871 4935; x_wconf 67' lang='lat' dir='ltr'><strong>litigatores,</strong></span> <span class='ocrx_word' id='word_1_639' title='bbox 1911 4871 2250 4934; x_wconf 56' lang='lat' dir='ltr'><strong>praesidenti-</strong></span> 
     </span>
    </p>
   </div>
   <div class='ocr_carea' id='block_1_95' title="bbox 699 4961 2256 5028">
    <p class='ocr_par' dir='ltr' id='par_1_95' title="bbox 699 4961 2256 5028">
     <span class='ocr_line' id='line_1_95' title="bbox 699 4961 2256 5028; baseline -0.001 -15"><span class='ocrx_word' id='word_1_640' title='bbox 699 4961 819 5013; x_wconf 88' lang='lat' dir='ltr'><strong>bus.</strong></span> <span class='ocrx_word' id='word_1_641' title='bbox 881 4961 1054 5024; x_wconf 83' lang='lat' dir='ltr'><strong>Quare</strong></span> <span class='ocrx_word' id='word_1_642' title='bbox 1114 4971 1237 5013; x_wconf 89' lang='lat' dir='ltr'><strong>nota</strong></span> <span class='ocrx_word' id='word_1_643' title='bbox 1284 4975 1348 5012; x_wconf 80' lang='lat' dir='ltr'><strong>ex</strong></span> <span class='ocrx_word' id='word_1_644' title='bbox 1413 4963 1515 5015; x_wconf 87' lang='lat' dir='ltr'><strong>hoc</strong></span> <span class='ocrx_word' id='word_1_645' title='bbox 1570 4974 1782 5028; x_wconf 87' lang='lat' dir='ltr'><strong>quoque</strong></span> <span class='ocrx_word' id='word_1_646' title='bbox 1839 4974 2063 5020; x_wconf 81' lang='lat' dir='ltr'><strong>canone,</strong></span> <span class='ocrx_word' id='word_1_647' title='bbox 2117 4961 2256 5027; x_wconf 86' lang='lat' dir='ltr'><strong>quod</strong></span> 
     </span>
    </p>
   </div>
   <div class='ocr_carea' id='block_1_96' title="bbox 699 5051 2257 5121">
    <p class='ocr_par' dir='ltr' id='par_1_96' title="bbox 699 5051 2257 5121">
     <span class='ocr_line' id='line_1_96' title="bbox 699 5051 2257 5121; baseline 0 -20"><span class='ocrx_word' id='word_1_648' title='bbox 699 5052 957 5117; x_wconf 84' lang='lat' dir='ltr'><strong>episcopi,</strong></span> <span class='ocrx_word' id='word_1_649' title='bbox 1014 5053 1209 5116; x_wconf 82' lang='lat' dir='ltr'><strong>quibus</strong></span> <span class='ocrx_word' id='word_1_650' title='bbox 1267 5053 1494 5121; x_wconf 76' lang='lat' dir='ltr'><strong>subjecti</strong></span> <span class='ocrx_word' id='word_1_651' title='bbox 1531 5061 1660 5105; x_wconf 89' lang='lat' dir='ltr'><strong>sunt</strong></span> <span class='ocrx_word' id='word_1_652' title='bbox 1713 5052 2032 5118; x_wconf 84' lang='lat' dir='ltr'><strong>litigatores,</strong></span> <span class='ocrx_word' id='word_1_653' title='bbox 2065 5051 2257 5104; x_wconf 88' lang='lat' dir='ltr'><strong>debent</strong></span> 
     </span>
    </p>
   </div>
   <div class='ocr_carea' id='block_1_97' title="bbox 702 5141 2258 5207">
    <p class='ocr_par' dir='ltr' id='par_1_97' title="bbox 702 5141 2258 5207">
     <span class='ocr_line' id='line_1_97' title="bbox 702 5141 2258 5207; baseline 0.001 -16"><span class='ocrx_word' id='word_1_654' title='bbox 702 5156 822 5194; x_wconf 74' lang='lat' dir='ltr'><strong>esse</strong></span> <span class='ocrx_word' id='word_1_655' title='bbox 873 5141 1009 5194; x_wconf 85' lang='lat' dir='ltr'><strong>ultra</strong></span> <span class='ocrx_word' id='word_1_656' title='bbox 1067 5143 1370 5204; x_wconf 75' lang='lat' dir='ltr'><strong>duodecim,</strong></span> <span class='ocrx_word' id='word_1_657' title='bbox 1429 5159 1522 5196; x_wconf 75' lang='lat' dir='ltr'><strong>sex</strong></span> <span class='ocrx_word' id='word_1_658' title='bbox 1571 5153 1625 5196; x_wconf 90' lang='lat' dir='ltr'><strong>et</strong></span> <span class='ocrx_word' id='word_1_659' title='bbox 1677 5153 1784 5196; x_wconf 90' lang='lat' dir='ltr'><strong>tres</strong></span> <span class='ocrx_word' id='word_1_660' title='bbox 1835 5142 2162 5207; x_wconf 71' lang='lat' dir='ltr'><strong>conjudices.</strong></span> <span class='ocrx_word' id='word_1_661' title='bbox 2195 5141 2258 5192; x_wconf 85' lang='lat' dir='ltr'><strong>Et</strong></span> 
     </span>
    </p>
   </div>
   <div class='ocr_carea' id='block_1_98' title="bbox 703 5231 2251 5299">
    <p class='ocr_par' dir='ltr' id='par_1_98' title="bbox 703 5231 2251 5299">
     <span class='ocr_line' id='line_1_98' title="bbox 703 5231 2251 5299; baseline 0.001 -19"><span class='ocrx_word' id='word_1_662' title='bbox 703 5233 840 5296; x_wconf 85' lang='lat' dir='ltr'><strong>quod</strong></span> <span class='ocrx_word' id='word_1_663' title='bbox 893 5233 938 5283; x_wconf 89' lang='lat' dir='ltr'><strong>si</strong></span> <span class='ocrx_word' id='word_1_664' title='bbox 997 5246 1108 5286; x_wconf 83' lang='lat' dir='ltr'><strong>n0n</strong></span> <span class='ocrx_word' id='word_1_665' title='bbox 1177 5233 1246 5282; x_wconf 90' lang='lat' dir='ltr'><strong>sit</strong></span> <span class='ocrx_word' id='word_1_666' title='bbox 1305 5232 1675 5299; x_wconf 86' lang='lat' dir='ltr'><strong>episcoporum</strong></span> <span class='ocrx_word' id='word_1_667' title='bbox 1716 5233 1912 5299; x_wconf 89' lang='lat' dir='ltr'><strong>inopia,</strong></span> <span class='ocrx_word' id='word_1_668' title='bbox 1969 5231 2149 5299; x_wconf 91' lang='lat' dir='ltr'><strong>plures</strong></span> <span class='ocrx_word' id='word_1_669' title='bbox 2178 5233 2251 5284; x_wconf 80' lang='lat' dir='ltr'><strong>his</strong></span> 
     </span>
    </p>
   </div>
   <div class='ocr_carea' id='block_1_99' title="bbox 704 5322 2234 5390">
    <p class='ocr_par' dir='ltr' id='par_1_99' title="bbox 704 5322 2234 5390">
     <span class='ocr_line' id='line_1_99' title="bbox 704 5322 2234 5390; baseline 0.005 -23"><span class='ocrx_word' id='word_1_670' title='bbox 704 5322 938 5388; x_wconf 72' lang='lat' dir='ltr'><strong>episcopi</strong></span> <span class='ocrx_word' id='word_1_671' title='bbox 996 5322 1194 5374; x_wconf 85' lang='lat' dir='ltr'><strong>debent</strong></span> <span class='ocrx_word' id='word_1_672' title='bbox 1245 5336 1440 5374; x_wconf 84' lang='lat' dir='ltr'><strong>causas</strong></span> <span class='ocrx_word' id='word_1_673' title='bbox 1501 5337 1706 5387; x_wconf 83' lang='lat' dir='ltr'><strong>eorum,</strong></span> <span class='ocrx_word' id='word_1_674' title='bbox 1761 5323 1851 5390; x_wconf 90' lang='lat' dir='ltr'><strong>qui</strong></span> <span class='ocrx_word' id='word_1_675' title='bbox 1885 5332 2010 5382; x_wconf 84' lang='lat' dir='ltr'><strong>sunt</strong></span> <span class='ocrx_word' id='word_1_676' title='bbox 2040 5322 2234 5375; x_wconf 80' lang='lat' dir='ltr'><strong>sacrati</strong></span> 
     </span>
    </p>
   </div>
   <div class='ocr_carea' id='block_1_100' title="bbox 701 5426 1046 5477">
    <p class='ocr_par' dir='ltr' id='par_1_100' title="bbox 701 5426 1046 5477">
     <span class='ocr_line' id='line_1_100' title="bbox 701 5426 1046 5477; baseline 0.014 -16"><span class='ocrx_word' id='word_1_677' title='bbox 701 5426 1046 5477; x_wconf 85' lang='lat' dir='ltr'><strong>cognoscere.</strong></span> 
     </span>
    </p>
   </div>
   <div class='ocr_carea' id='block_1_101' title="bbox 787 5699 2248 5774">
    <p class='ocr_par' dir='ltr' id='par_1_101' title="bbox 787 5699 2248 5774">
     <span class='ocr_line' id='line_1_101' title="bbox 787 5699 2248 5774; baseline 0.001 -20"><span class='ocrx_word' id='word_1_678' title='bbox 787 5699 1025 5759; x_wconf 75' lang='lat' dir='ltr'><strong>ZONAR.</strong></span> <span class='ocrx_word' id='word_1_679' title='bbox 1068 5704 1322 5770; x_wconf 84' lang='lat' dir='ltr'><strong>Tripolim</strong></span> <span class='ocrx_word' id='word_1_680' title='bbox 1360 5702 1499 5756; x_wconf 87' lang='lat' dir='ltr'><strong>illam</strong></span> <span class='ocrx_word' id='word_1_681' title='bbox 1539 5717 1654 5770; x_wconf 75' lang='lat' dir='ltr'><strong>qua:</strong></span> <span class='ocrx_word' id='word_1_682' title='bbox 1692 5702 1743 5755; x_wconf 90' lang='lat' dir='ltr'><strong>in</strong></span> <span class='ocrx_word' id='word_1_683' title='bbox 1772 5702 1951 5755; x_wconf 82' lang='lat' dir='ltr'><strong>Africa</strong></span> <span class='ocrx_word' id='word_1_684' title='bbox 1985 5704 2248 5774; x_wconf 71' lang='lat' dir='ltr'><strong>llil(‘lll3ll.</strong></span> 
     </span>
    </p>
   </div>
   <div class='ocr_carea' id='block_1_102' title="bbox 2354 4530 3918 4602">
    <p class='ocr_par' dir='ltr' id='par_1_102' title="bbox 2354 4530 3918 4602">
     <span class='ocr_line' id='line_1_102' title="bbox 2354 4530 3918 4602; baseline 0.001 -22"><span class='ocrx_word' id='word_1_685' title='bbox 2354 4530 2518 4594; x_wconf 88' lang='grc' dir='ltr'>νοδος,</span> <span class='ocrx_word' id='word_1_686' title='bbox 2549 4531 2644 4581; x_wconf 81' lang='grc' dir='ltr'><strong>ἐνα</strong></span> <span class='ocrx_word' id='word_1_687' title='bbox 2689 4531 2786 4599; x_wconf 79' lang='grc' dir='ltr'><strong>μὲν</strong></span> <span class='ocrx_word' id='word_1_688' title='bbox 2817 4530 3135 4597; x_wconf 82' lang='grc' dir='ltr'>πέμπεσθαι</span> <span class='ocrx_word' id='word_1_689' title='bbox 3185 4531 3393 4582; x_wconf 86' lang='grc' dir='ltr'>ἐκεῖθεν</span> <span class='ocrx_word' id='word_1_690' title='bbox 3425 4548 3626 4600; x_wconf 86' lang='grc' dir='ltr'>τοποτη</span> <span class='ocrx_word' id='word_1_691' title='bbox 3641 4535 3816 4602; x_wconf 80' lang='grc' dir='ltr'>ρητὴν</span> <span class='ocrx_word' id='word_1_692' title='bbox 3843 4538 3918 4594; x_wconf 76' lang='grc' dir='ltr'><strong>εις</strong></span> 
     </span>
    </p>
   </div>
   <div class='ocr_carea' id='block_1_103' title="bbox 2352 4620 3908 4688">
    <p class='ocr_par' dir='ltr' id='par_1_103' title="bbox 2352 4620 3908 4688">
     <span class='ocr_line' id='line_1_103' title="bbox 2352 4620 3908 4688; baseline -0.001 -15"><span class='ocrx_word' id='word_1_693' title='bbox 2352 4622 2450 4682; x_wconf 85' lang='grc' dir='ltr'>τὰς</span> <span class='ocrx_word' id='word_1_694' title='bbox 2494 4621 2741 4688; x_wconf 78' lang='grc' dir='ltr'>ἐτησίους</span> <span class='ocrx_word' id='word_1_695' title='bbox 2783 4622 3030 4682; x_wconf 80' lang='grc' dir='ltr'>συνόδους</span> <span class='ocrx_word' id='word_1_696' title='bbox 3057 4637 3070 4652; x_wconf 87' lang='grc'><strong>·</strong></span> <span class='ocrx_word' id='word_1_697' title='bbox 3113 4620 3218 4672; x_wconf 82' lang='grc' dir='ltr'><strong>ὑπὸ</strong></span> <span class='ocrx_word' id='word_1_698' title='bbox 3247 4623 3408 4673; x_wconf 85' lang='grc' dir='ltr'>πέντε</span> <span class='ocrx_word' id='word_1_699' title='bbox 3470 4623 3524 4673; x_wconf 78' lang='grc' dir='ltr'><strong>δέ</strong></span> <span class='ocrx_word' id='word_1_700' title='bbox 3572 4623 3908 4683; x_wconf 83' lang='grc' dir='ltr'>ἐπισκόπων,</span> 
     </span>
    </p>
   </div>
   <div class='ocr_carea' id='block_1_104' title="bbox 2353 4708 3917 4779">
    <p class='ocr_par' dir='ltr' id='par_1_104' title="bbox 2353 4708 3917 4779">
     <span class='ocr_line' id='line_1_104' title="bbox 2353 4708 3917 4779; baseline 0 -18"><span class='ocrx_word' id='word_1_701' title='bbox 2353 4710 2439 4761; x_wconf 78' lang='grc' dir='ltr'>διὰ</span> <span class='ocrx_word' id='word_1_702' title='bbox 2482 4711 2582 4779; x_wconf 78' lang='grc' dir='ltr'>τὴν</span> <span class='ocrx_word' id='word_1_703' title='bbox 2639 4709 2929 4776; x_wconf 82' lang='grc' dir='ltr'>ὀλιγότητα</span> <span class='ocrx_word' id='word_1_704' title='bbox 2979 4710 3087 4760; x_wconf 85' lang='grc' dir='ltr'><strong>τῶν</strong></span> <span class='ocrx_word' id='word_1_705' title='bbox 3118 4709 3442 4777; x_wconf 84' lang='grc' dir='ltr'>ἀρχιερέων,</span> <span class='ocrx_word' id='word_1_706' title='bbox 3483 4708 3771 4778; x_wconf 83' lang='grc' dir='ltr'>τηρεῖσθαι</span> <span class='ocrx_word' id='word_1_707' title='bbox 3825 4710 3917 4767; x_wconf 79' lang='grc' dir='ltr'><strong>τὰς</strong></span> 
     </span>
    </p>
   </div>
   <div class='ocr_carea' id='block_1_105' title="bbox 2356 4799 3915 4871">
    <p class='ocr_par' dir='ltr' id='par_1_105' title="bbox 2356 4799 3915 4871">
     <span class='ocr_line' id='line_1_105' title="bbox 2356 4799 3915 4871; baseline -0.001 -19"><span class='ocrx_word' id='word_1_708' title='bbox 2356 4801 2765 4869; x_wconf 71' lang='grc' dir='ltr'>ἐγκληματικὰς</span> <span class='ocrx_word' id='word_1_709' title='bbox 2798 4800 2905 4851; x_wconf 84' lang='grc' dir='ltr'>τῶν</span> <span class='ocrx_word' id='word_1_710' title='bbox 2933 4799 3126 4869; x_wconf 86' lang='grc' dir='ltr'>ίερέων</span> <span class='ocrx_word' id='word_1_711' title='bbox 3160 4799 3468 4862; x_wconf 82' lang='grc' dir='ltr'>ὑποθέσεις,</span> <span class='ocrx_word' id='word_1_712' title='bbox 3503 4803 3594 4852; x_wconf 69' lang='grc' dir='ltr'>καὶ</span> <span class='ocrx_word' id='word_1_713' title='bbox 3616 4800 3723 4851; x_wconf 76' lang='grc' dir='ltr'>ὑπὸ</span> <span class='ocrx_word' id='word_1_714' title='bbox 3753 4801 3915 4871; x_wconf 84' lang='grc' dir='ltr'>τριῶν</span> 
     </span>
    </p>
   </div>
   <div class='ocr_carea' id='block_1_106' title="bbox 2359 4892 3918 4957">
    <p class='ocr_par' dir='ltr' id='par_1_106' title="bbox 2359 4892 3918 4957">
     <span class='ocr_line' id='line_1_106' title="bbox 2359 4892 3918 4957; baseline -0.003 -12"><span class='ocrx_word' id='word_1_715' title='bbox 2359 4893 2456 4954; x_wconf 88' lang='grc' dir='ltr'>τὰς</span> <span class='ocrx_word' id='word_1_716' title='bbox 2507 4893 2614 4943; x_wconf 82' lang='grc' dir='ltr'><strong>τῶν</strong></span> <span class='ocrx_word' id='word_1_717' title='bbox 2663 4893 2960 4952; x_wconf 85' lang='grc' dir='ltr'>διακόνων,</span> <span class='ocrx_word' id='word_1_718' title='bbox 3025 4892 3344 4957; x_wconf 56' lang='grc' dir='ltr'>ὀ-ξειλόντων</span> <span class='ocrx_word' id='word_1_719' title='bbox 3401 4896 3653 4945; x_wconf 81' lang='grc' dir='ltr'>ἐπέκεινα</span> <span class='ocrx_word' id='word_1_720' title='bbox 3714 4895 3918 4946; x_wconf 83' lang='grc' dir='ltr'>τούτων</span> 
     </span>
    </p>
   </div>
   <div class='ocr_carea' id='block_1_107' title="bbox 2360 4982 3916 5050">
    <p class='ocr_par' dir='ltr' id='par_1_107' title="bbox 2360 4982 3916 5050">
     <span class='ocr_line' id='line_1_107' title="bbox 2360 4982 3916 5050; baseline 0 -16"><span class='ocrx_word' id='word_1_721' title='bbox 2360 4982 2739 5050; x_wconf 81' lang='grc' dir='ltr'>προκαθῆσθαι</span> <span class='ocrx_word' id='word_1_722' title='bbox 2767 4984 2860 5033; x_wconf 79' lang='grc' dir='ltr'>καὶ</span> <span class='ocrx_word' id='word_1_723' title='bbox 2905 4984 3013 5032; x_wconf 84' lang='grc' dir='ltr'><strong>τῶν</strong></span> <span class='ocrx_word' id='word_1_724' title='bbox 3048 4983 3383 5045; x_wconf 86' lang='grc' dir='ltr'>ἐπισκόπων,</span> <span class='ocrx_word' id='word_1_725' title='bbox 3423 4982 3514 5049; x_wconf 84' lang='grc' dir='ltr'><strong>ὑφ’</strong></span> <span class='ocrx_word' id='word_1_726' title='bbox 3552 4982 3644 5044; x_wconf 81' lang='grc' dir='ltr'><strong>οὓς</strong></span> <span class='ocrx_word' id='word_1_727' title='bbox 3681 4986 3735 5034; x_wconf 84' lang='lat' dir='ltr'><strong>ol</strong></span> <span class='ocrx_word' id='word_1_728' title='bbox 3769 4984 3916 5035; x_wconf 82' lang='grc' dir='ltr'>δικα·</span> 
     </span>
    </p>
   </div>
   <div class='ocr_carea' id='block_1_108' title="bbox 2365 5071 3916 5142">
    <p class='ocr_par' dir='ltr' id='par_1_108' title="bbox 2365 5071 3916 5142">
     <span class='ocr_line' id='line_1_108' title="bbox 2365 5071 3916 5142; baseline 0.001 -19"><span class='ocrx_word' id='word_1_729' title='bbox 2365 5073 2581 5140; x_wconf 82' lang='grc' dir='ltr'>ζόμενοι</span> <span class='ocrx_word' id='word_1_730' title='bbox 2611 5073 2914 5124; x_wconf 82' lang='grc' dir='ltr'>τάττονται.</span> <span class='ocrx_word' id='word_1_731' title='bbox 2943 5073 3110 5124; x_wconf 81' lang='grc' dir='ltr'>Ὥστε</span> <span class='ocrx_word' id='word_1_732' title='bbox 3139 5073 3445 5142; x_wconf 86' lang='grc' dir='ltr'>σημείωσαι</span> <span class='ocrx_word' id='word_1_733' title='bbox 3475 5077 3565 5124; x_wconf 67' lang='grc' dir='ltr'>καὶ</span> <span class='ocrx_word' id='word_1_734' title='bbox 3596 5071 3706 5124; x_wconf 77' lang='grc' dir='ltr'>ἀπὸ</span> <span class='ocrx_word' id='word_1_735' title='bbox 3731 5074 3916 5125; x_wconf 74' lang='grc' dir='ltr'>τούτου</span> 
     </span>
    </p>
   </div>
   <div class='ocr_carea' id='block_1_109' title="bbox 2359 5160 3916 5230">
    <p class='ocr_par' dir='ltr' id='par_1_109' title="bbox 2359 5160 3916 5230">
     <span class='ocr_line' id='line_1_109' title="bbox 2359 5160 3916 5230; baseline 0.001 -20"><span class='ocrx_word' id='word_1_736' title='bbox 2359 5161 2440 5210; x_wconf 83' lang='grc' dir='ltr'>ὅτι</span> <span class='ocrx_word' id='word_1_737' title='bbox 2469 5161 2517 5210; x_wconf 77' lang='grc' dir='ltr'>οἱ</span> <span class='ocrx_word' id='word_1_738' title='bbox 2556 5160 2862 5222; x_wconf 81' lang='grc' dir='ltr'>ἐπίσκοποι,</span> <span class='ocrx_word' id='word_1_739' title='bbox 2893 5162 2940 5211; x_wconf 80' lang='grc' dir='ltr'><strong>οἱ</strong></span> <span class='ocrx_word' id='word_1_740' title='bbox 2984 5160 3199 5230; x_wconf 74' lang='grc' dir='ltr'>ἔχοντες</span> <span class='ocrx_word' id='word_1_741' title='bbox 3238 5160 3326 5228; x_wconf 77' lang='grc' dir='ltr'><strong>ὑφ’</strong></span> <span class='ocrx_word' id='word_1_742' title='bbox 3357 5163 3581 5222; x_wconf 72' lang='grc' dir='ltr'>ἑαυτοὺς</span> <span class='ocrx_word' id='word_1_743' title='bbox 3612 5162 3740 5223; x_wconf 81' lang='grc' dir='ltr'>τοὺς</span> <span class='ocrx_word' id='word_1_744' title='bbox 3772 5162 3916 5212; x_wconf 80' lang='grc' dir='ltr'>δικα-</span> 
     </span>
    </p>
   </div>
   <div class='ocr_carea' id='block_1_110' title="bbox 2364 5247 3912 5321">
    <p class='ocr_par' dir='ltr' id='par_1_110' title="bbox 2364 5247 3912 5321">
     <span class='ocr_line' id='line_1_110' title="bbox 2364 5247 3912 5321; baseline 0.003 -21"><span class='ocrx_word' id='word_1_745' title='bbox 2364 5250 2643 5317; x_wconf 76' lang='grc' dir='ltr'>ζομένους,</span> <span class='ocrx_word' id='word_1_746' title='bbox 2670 5253 2927 5304; x_wconf 79' lang='grc' dir='ltr'>ἐπέκεινα</span> <span class='ocrx_word' id='word_1_747' title='bbox 2957 5251 3266 5318; x_wconf 63' lang='grc' dir='ltr'>ὀφείλουσιν</span> <span class='ocrx_word' id='word_1_748' title='bbox 3298 5247 3436 5305; x_wconf 78' lang='grc' dir='ltr'>εἶναι</span> <span class='ocrx_word' id='word_1_749' title='bbox 3468 5256 3566 5321; x_wconf 80' lang='grc' dir='ltr'><strong>τῆς</strong></span> <span class='ocrx_word' id='word_1_750' title='bbox 3596 5253 3912 5311; x_wconf 82' lang='grc' dir='ltr'>δωδεκάδος.</span> 
     </span>
    </p>
   </div>
   <div class='ocr_carea' id='block_1_111' title="bbox 2362 5343 3915 5412">
    <p class='ocr_par' dir='ltr' id='par_1_111' title="bbox 2362 5343 3915 5412">
     <span class='ocr_line' id='line_1_111' title="bbox 2362 5343 3915 5412; baseline -0.001 -17"><span class='ocrx_word' id='word_1_751' title='bbox 2362 5345 2457 5409; x_wconf 80' lang='grc' dir='ltr'>τῆς</span> <span class='ocrx_word' id='word_1_752' title='bbox 2497 5345 2806 5407; x_wconf 72' lang='grc' dir='ltr'>ἐξάδοςκαὶ</span> <span class='ocrx_word' id='word_1_753' title='bbox 2851 5345 2950 5411; x_wconf 71' lang='grc' dir='ltr'>τῆς</span> <span class='ocrx_word' id='word_1_754' title='bbox 2992 5343 3211 5412; x_wconf 84' lang='grc' dir='ltr'>τριάδος</span> <span class='ocrx_word' id='word_1_755' title='bbox 3238 5345 3345 5394; x_wconf 81' lang='grc' dir='ltr'><strong>τῶν</strong></span> <span class='ocrx_word' id='word_1_756' title='bbox 3383 5343 3777 5398; x_wconf 84' lang='grc' dir='ltr'>συνδικαστῶν.</span> <span class='ocrx_word' id='word_1_757' title='bbox 3810 5345 3915 5398; x_wconf 76' lang='grc' dir='ltr'>Καὶ</span> 
     </span>
    </p>
   </div>
   <div class='ocr_carea' id='block_1_112' title="bbox 2364 5433 3915 5504">
    <p class='ocr_par' dir='ltr' id='par_1_112' title="bbox 2364 5433 3915 5504">
     <span class='ocr_line' id='line_1_112' title="bbox 2364 5433 3915 5504; baseline 0 -20"><span class='ocrx_word' id='word_1_758' title='bbox 2364 5436 2466 5497; x_wconf 80' lang='grc' dir='ltr'>ὅτι,</span> <span class='ocrx_word' id='word_1_759' title='bbox 2500 5435 2705 5494; x_wconf 83' lang='grc' dir='ltr'>ἐνδείας</span> <span class='ocrx_word' id='word_1_760' title='bbox 2741 5434 2814 5502; x_wconf 81' lang='grc' dir='ltr'>μὴ</span> <span class='ocrx_word' id='word_1_761' title='bbox 2860 5433 3024 5504; x_wconf 72' lang='grc' dir='ltr'>οὔσης</span> <span class='ocrx_word' id='word_1_762' title='bbox 3056 5435 3391 5498; x_wconf 84' lang='grc' dir='ltr'>ἐπισκόπων,</span> <span class='ocrx_word' id='word_1_763' title='bbox 3427 5435 3672 5492; x_wconf 81' lang='grc' dir='ltr'>πλείονες</span> <span class='ocrx_word' id='word_1_764' title='bbox 3716 5436 3915 5488; x_wconf 87' lang='grc' dir='ltr'>τούτων</span> 
     </span>
    </p>
   </div>
   <div class='ocr_carea' id='block_1_113' title="bbox 2370 5524 3916 5592">
    <p class='ocr_par' dir='ltr' id='par_1_113' title="bbox 2370 5524 3916 5592">
     <span class='ocr_line' id='line_1_113' title="bbox 2370 5524 3916 5592; baseline 0 -18"><span class='ocrx_word' id='word_1_765' title='bbox 2370 5524 2657 5575; x_wconf 82' lang='grc' dir='ltr'>ἐπίσκοποι</span> <span class='ocrx_word' id='word_1_766' title='bbox 2695 5524 2969 5589; x_wconf 59' lang='grc' dir='ltr'>ὀφείλουσι</span> <span class='ocrx_word' id='word_1_767' title='bbox 3003 5527 3188 5592; x_wconf 85' lang='grc' dir='ltr'>τηρεῖν</span> <span class='ocrx_word' id='word_1_768' title='bbox 3222 5526 3317 5586; x_wconf 84' lang='grc' dir='ltr'>τὰς</span> <span class='ocrx_word' id='word_1_769' title='bbox 3347 5524 3630 5588; x_wconf 76' lang='grc' dir='ltr'>ὑποθέσεις</span> <span class='ocrx_word' id='word_1_770' title='bbox 3677 5526 3786 5577; x_wconf 76' lang='grc' dir='ltr'>τῶν</span> <span class='ocrx_word' id='word_1_771' title='bbox 3832 5526 3916 5574; x_wconf 79' lang='lat' dir='ltr'><strong>ls-</strong></span> 
     </span>
    </p>
   </div>
   <div class='ocr_carea' id='block_1_114' title="bbox 2367 5617 2642 5681">
    <p class='ocr_par' dir='ltr' id='par_1_114' title="bbox 2367 5617 2642 5681">
     <span class='ocr_line' id='line_1_114' title="bbox 2367 5617 2642 5681; baseline 0.025 -22"><span class='ocrx_word' id='word_1_772' title='bbox 2367 5617 2642 5681; x_wconf 51' lang='grc' dir='ltr'>φωμένων.</span> 
     </span>
    </p>
   </div>
   <div class='ocr_carea' id='block_1_115' title="bbox 2437 5702 3913 5776">
    <p class='ocr_par' dir='ltr' id='par_1_115' title="bbox 2437 5702 3913 5776">
     <span class='ocr_line' id='line_1_115' title="bbox 2437 5702 3913 5776; baseline 0.002 -22"><span class='ocrx_word' id='word_1_773' title='bbox 2437 5704 2671 5755; x_wconf 67' lang='grc' dir='ltr'><strong>ΖΩΝΑΓ.</strong></span> <span class='ocrx_word' id='word_1_774' title='bbox 2701 5703 2957 5768; x_wconf 68' lang='grc' dir='ltr'>Τρίπολιν</span> <span class='ocrx_word' id='word_1_775' title='bbox 2982 5706 3078 5768; x_wconf 76' lang='grc' dir='ltr'>τὴν</span> <span class='ocrx_word' id='word_1_776' title='bbox 3110 5704 3166 5760; x_wconf 79' lang='grc' dir='ltr'><strong>ἐν</strong></span> <span class='ocrx_word' id='word_1_777' title='bbox 3214 5705 3441 5776; x_wconf 76' lang='grc' dir='ltr'>’Δφρικῇ</span> <span class='ocrx_word' id='word_1_778' title='bbox 3475 5705 3642 5774; x_wconf 76' lang='grc' dir='ltr'>λέγει.</span> <span class='ocrx_word' id='word_1_779' title='bbox 3675 5702 3785 5759; x_wconf 85' lang='grc' dir='ltr'>Ἦν</span> <span class='ocrx_word' id='word_1_780' title='bbox 3812 5703 3913 5772; x_wconf 67' lang='grc' dir='ltr'>γὰρ</span> 
     </span>
    </p>
   </div>
  </div>
