4114 6468
210 404 285 469 ΒΘ
1286 406 1368 467 ΙΝ
1405 403 1565 465 CAN.
1606 403 1704 464 XV
1740 400 1782 460 C

1894 400 1945 460 [ἒ.
1989 398 2074 458 CA
2085 398 2361 458 RTHAG.
3345 389 3420 452 ’10

212 517 378 569 κάκεῖ
429 518 717 588 Τρίπολις,
761 516 890 569 ενθα
925 515 1094 582 ὀλίγοι
1134 510 1271 586 ἦσαν
1316 514 1632 568 ἐπίσκοποι.
1682 509 1773 562 Διὸ

1894 505 2010 561 Erat
2060 505 2326 574 siquidem
2356 506 2407 558 in
2439 519 2500 558 ea
2533 519 2742 573 quoque
2804 503 3016 571 regione
3069 500 3320 568 Tripolis,
3358 503 3410 555 in

209 608 307 660 καὶ
360 608 899 678 ινατοποτηρητὴν
956 610 1154 678 ὥρισεν
1200 607 1234 674 ἡ
1287 604 1502 666 σύνοδος
1557 601 1770 656 ἐκεῖθεν

211 696 570 762 πέμπεσθαι·
615 697 707 749 διὰ
758 697 816 750 δέ
863 697 962 765 τὴν
1005 695 1175 765 αὐτὴν
1227 695 1406 747 αἰτίαν
1457 691 1555 744 καὶ
1611 690 1771 742 πέντε

209 787 552 848 ἐπισκόπους
609 790 803 855 ἀρκεῖν
872 784 1242 838 διετυπώσατο
1296 784 1376 840 είς
1426 783 1489 834 τὺ
1552 781 1773 833 δικασαι

211 874 622 944 πρεσϐύτερον,
655 873 1076 942 προκαθημένου
1106 873 1199 925 τοῦ
1237 871 1558 930 ἐπισκόπου,
1585 867 1677 931 ὑφ’
1713 867 1773 919 ὃν

209 963 480 1016 τέτακται
503 966 531 1015 ό
559 963 913 1031 δικαζόμενος
942 958 1486 1030 πρεσϐύτερος,ῶστε
1517 956 1584 1018 ιε
1613 957 1774 1010 πάλιν

207 1047 356 1106 εῖναι
383 1055 514 1115 τοὺς
541 1051 941 1121 διαγνώμονας.

207 1228 446 1282 ΔΡΙΣΤ.
514 1247 531 1279 ι
583 1227 684 1280 Διὰ
730 1227 830 1296 τὴν
876 1227 960 1290 είς
1007 1225 1270 1296 τρίπολιν
1310 1224 1420 1280 τῶν
1461 1223 1778 1277 ἐπισκόπων

287 1335 310 1368 ε
357 1319 569 1370 ἔνδειαν
617 1316 711 1370 καὶ
765 1312 846 1378 εἷς
899 1315 1192 1378 ιπίσκοπος
1241 1316 1322 1376 είς
1371 1311 1779 1382 τοποτηρησίαν

281 1427 313 1459 r
349 1409 640 1478 ἐπάρκιος.
675 1424 694 1458 ι

278 1497 344 1549 0i
385 1499 486 1564 μὲν
517 1496 666 1549 ἄλλοι
712 1495 820 1546 τῶν
851 1492 1132 1562 ἐπαρχιῶν
1177 1491 1431 1561 πρόεδροι
1469 1488 1562 1541 δύο
1605 1488 1638 1556 ἦ
1686 1488 1780 1540 καὶ

212 1590 475 1650 πλείονας
551 1585 883 1646 ἐπισκόπους
967 1581 1344 1650 τοποτηρητὰς
1431 1579 1778 1644 ἐπιλέγεσθαι

212 1675 559 1744 ῶρίσϐησαν.
618 1675 711 1725 καὶ
767 1671 1116 1724 ἀποστέλλειν
1172 1671 1371 1729 αὐτοὺς
1421 1668 1481 1719 ἐν
1535 1671 1600 1735 τῇ
1653 1665 1777 1719 κατ’

213 1764 472 1818 ἐνιαυτὸν
505 1763 704 1831 συνόδῳ
739 1765 796 1814 ἐν
849 1762 1195 1831 Καρχηδόνι·
1232 1759 1339 1813 ἀπὸ
1381 1759 1437 1811 δὲ
1469 1759 1782 1825 Τριπόλεως

1877 607 1980 660 qua
2006 594 2375 660 episcOporum
2391 606 2646 644 numerus
2669 605 2798 642 sane
2811 587 3160 655 exiguusl'oit.
3186 586 3418 640 Proinde

1877 687 1928 730 et
1955 693 2118 729 unum
2165 691 2228 729 ex
2257 691 2320 730 eo
2351 677 2466 729 loco
2496 676 2724 742 legatum
2766 677 2969 742 synodo
3021 674 3272 727 destinari
3306 674 3419 739 pla-

1883 767 2014 829 cuit,
2056 776 2110 818 et
2166 767 2403 818 eamdem
2451 764 2520 816 ob
2567 778 2808 824 causam,
2869 777 2972 814 non
3009 764 3229 827 amplius
3261 776 3421 829 quam

1877 853 2116 919 quinque
2138 853 2435 919 episcopos,
2457 865 2541 915 eo,
2569 851 2651 904 cui
2682 850 2951 915 subjectus
2975 857 3055 901 est
3106 863 3244 913 reus,
3279 863 3424 915 qua:-

1880 941 2037 995 stioni
2073 942 2343 1008 prmiecto,
2373 955 2494 993 cum
2539 955 2646 1006 quo
2682 953 2775 991 set
2826 937 3069 990 videlicet
3123 940 3423 1003 cognitores

1882 1032 2301 1095 constituantur,
2332 1031 2385 1082 in
2411 1029 2711 1082 sacerdotis
2747 1042 2908 1080 causa
2941 1027 3148 1092 judices
3180 1041 3428 1079 necessa-

1883 1120 1964 1172 rio
1992 1117 2325 1172 adhibendos
2353 1132 2474 1172 esse
2496 1118 2758 1170 decernit.

1885 1205 2107 1260 ABIST.
2156 1225 2175 1258 ι
2211 1206 2433 1273 Propter
2487 1205 2722 1272 inopiam
2777 1203 2979 1272 Tripoli
3032 1205 3424 1272 episcoporum,

1964 1315 1982 1346 ι
2021 1312 2157 1350 unus
2213 1299 2373 1350 etiam
2422 1297 2700 1364 episcopus
2751 1294 2816 1347 ad
2897 1293 3210 1361 legationem
3277 1293 3426 1346 solli-

1961 1403 1981 1437 t
2016 1387 2111 1441 cit.
2157 1404 2176 1438 ι

1953 1475 2054 1527 Alii
2075 1475 2286 1542 quidem
2317 1473 2709 1540 provinciarum
2733 1471 2984 1538 presides
3007 1472 3137 1524 duos
3165 1470 3245 1523 vel
3268 1471 3426 1522 etiam

1887 1565 2062 1631 plures
2101 1567 2376 1632 episcopos
2407 1563 2610 1629 legatos
2632 1564 2827 1629 eligere
2851 1561 2901 1614 iu
2929 1561 3190 1613 mandatis
3209 1573 3429 1625 accepe-

1891 1665 2037 1716 runt,
2076 1667 2272 1719 eosque
2331 1652 2394 1704 ad
2442 1651 2706 1718 synodum
2762 1649 3084 1712 Carthagine
3140 1645 3425 1715 quotannis

1891 1745 2124 1800 habitam
2159 1744 2389 1795 mittere.
2431 1742 2475 1792 Α
2505 1739 2702 1806 Tripoli
2734 1749 2910 1792 autem
2941 1747 2995 1790 et
3025 1753 3183 1789 unum
3220 1737 3431 1802 episco-

213 1855 310 1905 καὶ
346 1853 445 1903 ἕνα
486 1825 786 1903 ἐπίσκοπον
821 1825 1088 1917 ἐπαρκείν
1116 1851 1199 1910 είς
1239 1845 1646 1916 τοποτηρησίαν
1693 1845 1781 1899 διὰ
1809 1825 1857 1883 Β
1885 1848 2008 1901 PM“
2035 1832 2099 1884 ad
2134 1831 2448 1899 ιεεδιίοηειη
2499 1828 2740 1881 “uicere
2794 1836 3013 1895 ντοριετ
3060 1826 3431 1892 θνίεεοροτυιιι

213 1939 311 2010 τὴν
335 1941 451 1991 τῶν
480 1936 798 1990 ἐπισκόπων
830 1937 1059 1990 ἔνδειαν.

814 2044 1051 2100 ΚΔΝΩΝ
1105 2042 1203 2098 ιε’.
1523 2074 1534 2086 ο

223 2154 241 2188 ι
286 2139 436 2209 Περὶ
484 2140 757 2208 διαφόρων
804 2135 1013 2198 τάξεων
1063 2135 1162 2202 τῆς
1207 2130 1539 2198 Ἐκκλησίας
1577 2127 1788 2180 δουλευ·

289 2247 314 2281 ε
362 2231 478 2281 τῶν
528 2228 677 2299 (15)⁶
731 2225 911 2286 ὥστε,
964 2224 1058 2276 ἐάν
1123 2239 1205 2283 τις
1257 2223 1336 2282 είς
1386 2215 1787 2286 ἐγκληματικὸν

284 2336 307 2368 ι
360 2318 599 2386 πρᾶγμα
657 2315 952 2382 περιπέσῃ,
995 2312 1090 2363 καὶ
1139 2309 1550 2378 παραιτήσηται
1582 2305 1642 2356 τὸ
1694 2305 1786 2356 ἐκ·

294 2425 314 2458 ι
368 2405 762 2476 κλησιαστικὸν
799 2387 1170 2471 δικαστήριον,
1199 2399 1437 2466 ὀφείλειν
1485 2396 1576 2448 τὸν
1608 2394 1787 2446 τοιοῦ-

291 2519 308 2546 ι
355 2513 453 2548 τον
486 2495 837 2557 κινδυνεύειν,
864 2493 958 2544 καὶ
985 2490 1125 2543 ὥστε
1162 2488 1233 2540 τὰ
1255 2487 1419 2541 τέκνα
1450 2485 1559 2538 τῶν
1591 2484 1787 2553 ἱερέων

291 2607 308 2638 ι
359 2587 656 2654 κοσμικοῖς
724 2584 972 2652 θεωρίοις
1041 2581 1114 2648 μὴ
1170 2578 1482 2647 προσιέναι.
1555 2572 1787 2642 Ὁμοίως

289 2699 306 2729 ι
359 2678 582 2748 ἠρεσεν,
614 2676 702 2728 ἵνα
757 2675 906 2734 ὅστις
965 2672 1166 2741 δήποτε
1212 2669 1324 2720 τῶν
1377 2663 1694 2718 ἐπισκόπων
1751 2663 1783 2732 ῆ

288 2786 306 2817 ι
368 2766 758 2837 πρεσϐυτέρων
781 2764 814 2832 ἢ
839 2762 1104 2815 διακόνων
1136 2760 1170 2829 ἢ
1202 2755 1499 2826 κληρικῶν,
1534 2754 1788 2822 πράγμα-

294 2876 311 2905 ι
363 2871 459 2916 τος
509 2853 657 2922 αὺτῷ
710 2849 1119 2920 ἐγκληματικού
1186 2850 1220 2917 ἢ
1272 2843 1552 2898 πολιτικοῦ
1614 2847 1671 2893 ἐν
1719 2846 1786 2911 τῇ

291 2963 312 2993 ι
372 2943 641 3010 ἐκκλησίᾳ.
688 2939 1035 3007 κινουμένου,
1083 2937 1176 2987 ἐὰν
1233 2934 1667 3003 παραιτούμενος
1725 2933 1789 2982 τὸ

291 3056 310 3086 ι
361 3033 825 3103 ἐκκλησιαστικὸν
872 3029 1225 3098 δικαστήριον
1265 3026 1549 3094 δημοσίοις
1585 3022 1788 3091 θελήσῃ

1889 1923 2138 1989 inopiam.

2473 2027 2699 2084 CANON
2729 2026 2843 2082 XV.

1895 2139 1913 2174 ι
1953 2122 2024 2175 De
2056 2121 2278 2175 diversis
2308 2120 2579 2174 ordinibus
2606 2119 2854 2172 Ecclesiae
2884 2116 3256 2177 servientibus,
3296 2122 3353 2167 ut
3383 2114 3431 2169 si

1960 2231 1980 2263 ι
2019 2213 2138 2282 quis
2174 2213 2224 2264 in
2263 2211 2423 2280 530
2451 2209 2725 2262 criminale
2768 2206 3039 2272 negotium
3087 2202 3346 2263 inciderit,
3383 2211 3437 2254 et

1963 2319 1982 2352 ι
2017 2301 2261 2355 almuerit
2315 2299 2574 2368 judicium
2645 2296 3087 2355 ecclesiasticum,
3142 2292 3330 2344 debeat
3383 2289 3435 2342 in

1964 2409 1982 2441 ι
2019 2389 2313 2458 periculum
2355 2388 2555 2448 venire,
2590 2394 2642 2438 et
2698 2395 2754 2437 ut
2819 2384 2907 2435 lilii
2970 2383 3304 2434 sacerdotum
3367 2379 3434 2432 ad

1965 2498 1984 2530 ι
2024 2480 2291 2532 mundana
2348 2475 2649 2542 spectacula
2691 2488 2797 2526 non
2847 2473 3119 2525 accedant.
3183 2468 3441 2520 Similiter

1964 2587 1982 2621 ι
2024 2569 2240 2638 placuit,
2277 2577 2333 2619 ut
2373 2567 2674 2633 quicunque
2716 2563 2999 2629 episcopus
3033 2559 3131 2618 vel,
3158 2559 3437 2624 presbyter

1966 2679 1984 2712 ι
2029 2659 2111 2713 vel
2146 2659 2402 2712 diaconus
2435 2656 2514 2708 vel
2564 2655 2818 2716 clericus,
2879 2650 3145 2703 criminali
3189 2647 3266 2700 vel
3298 2645 3440 2699 civili

1968 2766 1986 2798 ι
2032 2744 2479 2801 controversiain
2514 2740 2750 2794 Ecclesia
2805 2739 3060 2792 adversus
3089 2750 3216 2787 eum
3277 2744 3440 2792 nmta,

1966 2856 1984 2889 ι
2026 2841 2071 2891 si
2103 2850 2356 2889 recusans
2389 2834 2565 2884 forum
2587 2828 3009 2884 ecclesiasticum
3037 2824 3162 2878 velit
3214 2822 3441 2890 publicis

1968 2946 1986 2978 ι
2019 2926 2236 2992 iudiciis
2281 2922 2521 2992 purgari,
2575 2919 2782 2973 etiamsi
2818 2933 2914 2987 pro
2948 2931 3012 2970 eo
3043 2913 3303 2968 sententia
3336 2912 3442 2963 lata

1969 3034 1987 3068 ι
2024 3017 2114 3078 sit,
2147 3024 2326 3068 tamen
2360 3011 2637 3080 proprium
2669 3010 2840 3063 locum
2875 3007 3103 3060 amittat.
3135 3004 3198 3056 Et
3237 3004 3286 3055 id
3321 3002 3442 3068 qui-

297 3146 319 3178 ι
368 3091 712 3195 καθαρθῆναι
759 3091 1151 3189 δικαστηρίοιξ,
1193 3091 1479 3182 κᾶν-ὑπὲρ
1538 3115 1702 3168 αὑτοῦ
1749 3116 1783 3182 ἠ

1969 3126 1988 3159 ι
2027 3110 2146 3161 dem
2199 3107 2252 3158 in
2281 3103 2583 3165 criminali;
2623 3101 2674 3153 in
2721 3099 2862 3153 civili
2913 3107 3113 3158 autem,
3149 3093 3337 3162 perdat
3393 3091 3445 3144 id

296 3235 318 3267 ε
367 3217 548 3283 ψῆφος
582 3211 896 3281 ἐκφωνηθῇ,
928 3214 1080 3279 ὅμως
1129 3208 1221 3258 τὸν
1272 3207 1400 3259 [διον
1454 3205 1619 3257 τόπον
1656 3205 1790 3255 ἀπο-

297 3324 319 3356 ε
371 3306 524 3373 iis-1.].
557 3303 668 3353 Kal
709 3299 867 3351 τοῦτο
920 3301 1016 3366 μὲν
1064 3299 1156 3349 ἐπὶ
1195 3295 1289 3347 τοῦ
1337 3292 1783 3362 ἐγκληματικοῦ·

301 3415 324 3446 ε
377 3394 476 3446 ἐπὶ
515 3393 574 3445 δὲ
620 3388 922 3449 πολιτικοῦ,
955 3388 1196 3457 ἀπολέσῃ
1241 3388 1302 3438 τὸ
1334 3389 1414 3447 είς
1446 3386 1474 3437 ὃ
1517 3384 1788 3451 ἐνίκησεν,

300 3503 322 3535 ι
374 3483 473 3536 ἐὰν
498 3483 588 3533 τὸν
617 3481 747 3532 ἴδιον
772 3479 933 3530 τόπον
963 3476 1167 3546 θελήσῃ
1196 3477 1466 3544 κατέχειν.
1494 3475 1602 3527 Kal
1634 3472 1794 3524 τοῦτό

301 3592 324 3624 ε
377 3587 444 3638 γε
508 3571 614 3638 μὴν
677 3569 892 3637 ήρεσεν,
946 3566 1108 3628 ὥστε,
1165 3565 1261 3615 ἐὰν
1313 3565 1419 3616 ἀπὸ
1465 3561 1791 3628 οίωνδήποτε

303 3681 327 3716 ε
379 3661 649 3714 δικαστῶν
679 3655 1146 3725 ἐκκλησιαστικῶν
1175 3655 1268 3706 ἐπὶ
1297 3653 1490 3712 ἄλλους
1524 3651 1789 3710 δικαστὰς

305 3771 327 3803 ι
376 3749 884 3818 ἐκκλησιαστικοὺς,
924 3746 1144 3812 ἔχοντας
1196 3741 1416 3809 μείζονα
1463 3744 1563 3808 τὴν
1601 3739 1792 3790 αὐθεν-

304 3857 327 3890 ε
376 3839 516 3898 τίαν,
536 3836 796 3901 ἐκκλητος
825 3835 1067 3899 γένηται,
1095 3829 1262 3898 μηδὲν
1288 3828 1545 3896 βλάπτειν
1574 3826 1794 3887 τούτους

306 3949 328 3980 ι
379 3921 457 3980 ῶν
489 3929 520 3995 ἠ
551 3926 730 3992 ψῆφος
764 3924 968 3982 λύεται,
1003 3920 1099 3971 ἐὰν
1131 3919 1457 3988 ἐλεγχθῆναι
1515 3918 1588 3987 μὴ
1633 3917 1793 3983 δυνη-

315 4037 336 4069 σ
382 4017 546 4070 Θῶσιν
590 4015 622 4084 ἢ
666 4015 806 4065 κατὰ
869 4011 1071 4081 ἔχθραν
1118 4011 1151 4080 ἢ
1203 4011 1346 4062 κατὰ
1415 4009 1793 4079 προσπάθειαν

311 4127 332 4158 ε
379 4106 738 4164 δεδικακέναι,
768 4104 802 4172 ἡ
851 4119 955 4153 τινι
1007 4102 1189 4169 χάριτι
1243 4099 1658 4169 ὐποιρθαρῆναν
1697 4100 1792 4151 ἐὰν

311 4214 334 4246 ε
379 4194 434 4245 δὲ
465 4194 602 4245 κατὰ
627 4192 936 4243 συναίνεσιν
965 4190 1072 4241 τῶν
1105 4191 1286 4258 μερῶν
1319 4190 1662 4256 ἐπιλεγέντες
1693 4184 1794 4243 ὦσι

314 4303 334 4336 ι
381 4285 654 4348 δικασταὶ,
714 4283 763 4334 εί
847 4282 944 4334 καὶ
1009 4279 1322 4350 ὀλιγώτεροι
1395 4281 1608 4334 ἔσονται
1683 4282 1793 4333 τῶν

313 4395 335 4427 ε
380 4375 720 4443 ὁρισθέντων,
755 4373 830 4440 μὴ
865 4370 1064 4433 ἐξεῖναι
1095 4369 1470 4422 ἐκκαλεῖσθαι.
1500 4370 1613 4421 Καὶ
1645 4370 1789 4422 ὥστε

1969 3217 1987 3249 ι
2022 3213 2118 3266 pro
2149 3210 2253 3263 quo
2287 3195 2551 3247 actionem
2587 3189 2833 3250 intendit,
2861 3187 2906 3240 si
2962 3188 3232 3252 proprium
3270 3181 3444 3232 locum

1969 3305 1988 3337 ι
2026 3284 2269 3338 obtinere
2301 3279 2550 3333 voluerit.
2582 3277 2759 3344 Atque
2812 3275 2915 3327 hoc
2940 3273 3152 3340 quidem
3204 3267 3444 3337 placoit;

1971 3393 1990 3426 ι
2028 3383 2084 3426 ιιι
2133 3373 2179 3427 si
2215 3386 2246 3425 a
2280 3370 2691 3440 quibuscunque
2747 3346 3127 3419 ecclesiasticis
3178 3359 3448 3426 jutlicihus

1970 3484 1988 3517 ι
2025 3466 2092 3518 ad
2149 3463 2281 3515 alios
2331 3461 2542 3529 jodlces
2601 3455 3020 3514 ecclesiasticos,
3064 3450 3317 3518 majorem
3350 3460 3448 3514 p0-

1969 3575 1986 3606 ι
2033 3561 2281 3607 testatetn
2320 3542 2599 3611 habentes,
2643 3542 3060 3610 tiatappellatio,
3091 3538 3142 3592 id
3193 3536 3326 3588 nihil
3351 3549 3446 3586 eos

1969 3664 1987 3695 ι
2031 3645 2188 3697 lmdat
2220 3643 2448 3693 duorum
2508 3635 2768 3689 sententia
2826 3633 3074 3692 solvitur,
3109 3629 3152 3681 si
3203 3624 3448 3679 convinci

1973 3752 1991 3784 ι
2035 3747 2138 3784 non
2177 3731 2386 3797 possint
2419 3724 2500 3780 vel
2557 3725 2682 3776 odio
2733 3721 2810 3774 vel
2858 3721 3031 3786 aliqua
3095 3717 3258 3770 animi
3318 3714 3449 3765 alie-

1973 3843 1990 3875 ι
2025 3824 2199 3876 ctione
2228 3820 2522 3888 iudicasse,
2585 3813 2666 3868 vel
2711 3815 2874 3879 gratia
2939 3812 3116 3877 aliqua
3163 3814 3445 3871 corruptos

1974 3932 1992 3965 ι
2031 3926 2187 3976 esse;
2223 3910 2306 3963 sin
2347 3917 2523 3960 autent
2564 3917 2630 3959 ex
2684 3915 2952 3956 consensu
3013 3899 3244 3965 partium
3293 3891 3452 3945 electi

1972 4024 1990 4056 ι
2027 4004 2134 4057 sint
2161 4001 2389 4068 indices,
2415 3996 2626 4050 etiamsi
2676 3994 2788 4049 sint
2837 3990 3137 4059 pauciores,
3188 4001 3348 4055 quam
3382 3984 3454 4035 sit

1971 4110 1989 4142 ι
2029 4072 2324 4148 deﬁnitum,
2389 4102 2492 4138 non
2526 4084 2690 4137 licere
2755 4081 3044 4150 appellare.
3077 4077 3142 4130 Et
3178 4085 3232 4126 ut
3270 4089 3453 4126 sact-r-

1973 4200 1992 4234 ι
2036 4183 2218 4234 dotum
2254 4177 2367 4241 lilii,
2397 4176 2674 4230 sarcularia
2708 4172 3010 4240 spectacula
3064 4183 3159 4222 nec
3193 4174 3458 4236 peragant

1975 4289 1993 4322 ι
2043 4285 2141 4323 nec
2169 4274 2436 4336 spectent.
2486 4265 2599 4317 Hoc
2628 4273 2803 4315 autem
2836 4269 2890 4312 et
2917 4259 3166 4312 omnibus
3195 4256 3458 4307 Christia-

1975 4381 1993 4413 ι
2024 4364 2107 4416 uis
2131 4374 2345 4428 semper
2369 4366 2449 4409 est
2477 4353 2844 4412 interdictum,
2874 4357 2930 4402 ut
2953 4348 3019 4400 ab
3047 4347 3111 4398 iis
3132 4345 3458 4400 abstineant,

313 4486 337 4516 ε
377 4435 452 4515 τα
476 4463 638 4514 τέκνα
667 4435 775 4512 τῶν
801 4435 988 4531 ἱερέων
1019 4459 1221 4528 Θεώρια
1267 4460 1506 4526 κοσμικὰ
1539 4460 1783 4528 μὴέκτει

1973 4472 1990 4503 ι
2027 4463 2081 4504 ιιι
2113 4450 2200 4503 ubi
2232 4456 2360 4503 sunt
2412 4442 2761 4511 blasphemia:
2795 4447 2848 4494 et
2899 4435 3180 4490 maledicta
3218 4449 3319 4484 non
3369 4446 3460 4481 ac—

316 4572 337 4605 ι
381 4553 490 4604 λεῖν
541 4551 674 4618 μηδὲ
733 4531 977 4617 Θεωρεζν.
1028 4548 1196 4600 Τοῦτο
1259 4549 1315 4600 δὲ
1365 4552 1458 4601 καὶ
1509 4550 1639 4601 πᾶσι
1685 4553 1795 4611 τοῖς

315 4664 334 4695 ι
377 4646 724 4714 Χριστιανοῖς
791 4643 878 4693 ἀεὶ
953 4643 1311 4710 κεκήρυκται,
1374 4640 1517 4692 ὥστε
1589 4641 1795 4692 τούτων

318 4755 341 4787 ε
381 4734 698 4802 ἀπέχεσθαι,
727 4729 866 4783 ῶστε
892 4731 1024 4783 ὅπου
1043 4728 1377 4799 βλασφημίαι
1399 4729 1504 4782 εἰσὶ
1527 4728 1602 4799 μὴ
1633 4745 1800 4799 προσ-

317 4845 337 4876 σ
379 4825 536 4878 ιέναι.
573 4843 592 4875 ι

315 4917 506 4969 ῐὶΔΛΣ.
541 4915 647 4966 Kal
679 4913 788 4964 ἀπὸ
813 4912 923 4963 τῶν
951 4912 1128 4980 νόμων
1157 4927 1249 4963 και
1281 4911 1386 4963 ἀπὸ
1414 4911 1523 4962 τῶν
1553 4911 1795 4965 κανόνων

234 5008 474 5068 δέδοται,
507 5005 582 5072 μὴ
637 5002 782 5071 ἐχειν
840 4999 932 5053 ἐπ’
972 4999 1167 5087 ,ἁδείας
1224 5000 1454 5053 ἕκαστον
1512 5000 1642 5070 παρ’
1702 5002 1797 5071 οἴῳ

236 5098 489 5166 βούλεται
507 5091 842 5161 δικαστηρίῳ
864 5091 1348 5158 ἁποκριματίστως
1371 5093 1604 5158 ἐνάγειν.
1631 5093 1796 5144 ’Δλλὰ

231 5189 351 5247 τοῖς
391 5186 492 5252 μὲν
520 5185 732 5242 λαῖκοίς
761 5181 1192 5249 ἀπενεμήθησαν
1240 5182 1306 5232 τα
1343 5181 1596 5233 πολιτικὰ
1648 5183 1800 5233 δικα-

233 5275 595 5344 στήρια.τοτς
627 5271 684 5322 δέ
741 5270 1057 5338 ἱερωμένοις
1113 5269 1207 5321 καὶ
1259 5273 1372 5330 τοῖς
1427 5275 1678 5340 μοναχοίς
1726 5274 1792 5324 τὰ

205 5363 682 5436 ’ἐκκλησιαστικὼ
743 5361 812 5415 Et
849 5378 934 5423 τις
982 5357 1073 5414 οὗν
1106 5363 1414 5433 ἱερωμένος,
1451 5370 1614 5432 φησὶν
1640 5371 1668 5419 ὀ
1703 5388 1802 5423 κα-

1976 4561 1994 4595 ι
2031 4545 2242 4598 cedant.
2283 4557 2301 4592 ι

1977 4929 2167 4983 BALS.
2196 4929 2260 4982 Et
2295 4945 2323 4982 ιι
2359 4929 2565 4999 legibus
2591 4941 2644 4984 et
2667 4945 2697 4982 a
2728 4929 3026 4983 canonibus
3063 4930 3314 4980 traditum
3347 4940 3454 4990 est,

1905 5038 2008 5076 non
2035 5023 2197 5076 licere
2228 5021 2515 5088 unicuique
2543 5022 2680 5087 apud
2734 5022 3091 5088 quodcunque
3125 5021 3249 5071 velit
3280 5019 3453 5071 forum

1904 5116 2040 5165 citra
2081 5110 2451 5180 prwjudicium
2482 5126 2662 5178 agere.
2697 5111 2800 5164 Sed
2838 5111 2988 5164 laicis
3013 5113 3229 5178 quidem
3263 5113 3463 5165 tributa

1903 5214 2025 5256 sunt
2058 5200 2174 5254 [ora
2227 5200 2404 5254 civilia
2439 5219 2451 5253 :
2487 5203 2565 5255 eis
2615 5211 2819 5265 autem,
2855 5203 2945 5268 qui
2981 5210 3105 5253 sunt
3151 5202 3372 5264 sacrati,
3411 5212 3461 5254 et

1904 5292 2188 5344 monachis
2215 5291 2608 5344 ecclesiastica.
2648 5289 2701 5344 Si
2732 5295 2852 5360 quis
2878 5306 3029 5359 ergo,
3065 5290 3238 5358 inquit
3264 5307 3459 5348 canon.

1904 5390 2194 5444 sacratus,
2263 5381 2363 5434 hac
2391 5383 2774 5435 constitutione
2830 5391 3155 5450 contempta,
3206 5383 3256 5434 in
3319 5382 3462 5435 civili

1468 5508 1662 5572 Guill.
1691 5515 2012 5594 Beveregii
2045 5527 2233 5580 notae.

300 5623 415 5706 (με)
448 5623 563 5703 γῆς
588 5623 928 5688 ἐκκλησίας
957 5621 1308 5679 δουλωτῶν.
1353 5627 1412 5681 ln
1445 5643 1578 5685 mss.
1613 5635 1783 5688 Amer}

1899 5641 2042 5694 iiano
2066 5654 2119 5697 et
2150 5643 2455 5700 Etutaiensi
2517 5648 2716 5699 rectius
2775 5645 2991 5712 legitur.
3055 5645 3133 5713 Τῇ
3193 5641 3459 5711 ἐκκλησίᾳ

221 5695 621 5748 δουλευουσῶν.
