4114 6450
690 347 758 408 67
1933 353 2202 415 ΤΗΕΟῙ).
2239 357 2630 420 BALSAMON
3815 367 3884 427 68

685 456 731 510 si
769 456 913 524 quis,
968 455 1165 524 inquit,
1205 457 1458 528 suffragio
1503 459 1610 515 lato
1678 472 1861 530 postea
1913 464 2217 520 confession

2341 471 2657 550 φισαμένων
2699 476 2794 529 καὶ
2830 477 2966 546 μετὰ
3008 475 3104 547 τὴν
3137 477 3315 545 ψῆφον
3345 479 3641 549 ἐναντιωθῇ
3670 481 3736 548 τῇ
3775 481 3883 548 ὶδιᾳ

683 562 797 599 sua:
823 554 911 597 aut
958 547 1338 613 subscriptioui
1380 549 1696 604 adversatus
1748 551 1930 614 fuerit.
1987 555 2087 608 hoc
2131 564 2234 617 est,

685 652 842 704 quem
875 637 1020 703 prius
1051 636 1335 703 episc0pali
1369 638 1533 700 gradu
1566 640 1781 705 dignum
1831 640 2103 711 suffragio,
2149 646 2234 697 vel

689 729 851 779 etiam
885 726 1300 792 subscriptione,
1325 726 1448 778 dum
1482 729 1547 780 de
1577 743 1640 780 eo
1685 729 2084 796 decerneretur,
2138 736 2234 786 de-

695 813 940 873 claravit,
971 827 1097 865 mox
1139 815 1357 880 dignum
1412 826 1589 882 negat,
1632 828 1790 885 atque
1816 834 1844 871 a
1879 835 1936 872 se
1965 821 2076 885 ipse
2120 822 2232 874 dis-

681 904 880 968 sentit;
915 903 1027 966 ipse
1069 918 1127 956 se
1166 904 1359 956 sumini
1410 907 1692 958 sacerdotii
1737 909 1939 961 honore
1967 911 2230 978 privabil,

685 995 737 1046 id
772 1002 873 1059 est,
903 994 1261 1060 depositione,
1297 995 1400 1048 nisi
1447 995 1611 1060 illius,
1637 1011 1796 1065 quem
1830 1010 2069 1064 accusat,
2096 1018 2232 1069 pro—

681 1084 806 1136 bato
837 1085 1083 1145 crimine,
1118 1084 1586 1141 condemnabitur.

681 1171 845 1242 529
869 1173 1091 1228 ARIST.
1126 1173 1387 1228 «Primate
1409 1176 1648 1242 iubente,
1674 1179 1835 1232 etiam
1865 1189 1970 1233 tres
1995 1183 2230 1248 episcopi

755 1283 774 1314 ι
811 1268 1145 1320 εοιιειὶιυυιιι
1169 1270 1500 1335 episcopum.
1537 1268 1598 1322 Et
1648 1272 1739 1338 qui
1773 1286 1881 1325 suae.
1905 1274 2227 1328 confessioni

753 1374 770 1404 ι
817 1356 898 1409 vel
962 1357 1341 1425 subscriptioni
1395 1359 1731 1426 adversatur,
1783 1372 1972 1431 suopte
2026 1363 2229 1432 judicio

750 1461 769 1493 ι
809 1444 1014 1499 honore
1051 1445 1372 1512 privabitur.
1407 1465 1426 1497 ι

746 1533 970 1598 Omnes,
1009 1535 1056 1588 si
1092 1535 1204 1588 ﬁeri
1234 1546 1426 1602 potest,
1459 1538 1745 1604 provinciae
1780 1544 2010 1610 episcopi
2054 1545 2230 1598 adsint

677 1638 896 1676 lleCCSse
920 1634 1023 1687 est,
1073 1626 1284 1692 quando
1352 1627 1404 1679 in
1455 1632 1770 1684 vacantibus
1835 1634 2226 1700 episcopalibus

676 1716 910 1785 episcopi
959 1727 1086 1768 sunt
1143 1718 1409 1786 eligendi;
1450 1723 1897 1788 quemadmodum
1931 1734 1982 1778 et
2035 1738 2226 1793 quarto

677 1806 865 1872 synodi
894 1805 1128 1860 Nicamze
1159 1811 1349 1862 canoni
1386 1811 1557 1864 visum
1606 1825 1709 1873 est,
1741 1823 1795 1866 et
1828 1816 2224 1870 undevicesimo

676 1890 1052 1948 Antiochense.
1118 1897 1171 1949 Si
1224 1897 1324 1950 hoc
1383 1910 1559 1952 autem
1630 1900 1840 1954 dillicile
1893 1900 2075 1965 fuerit,
2134 1916 2227 1955 aut

673 1990 886 2047 prOpter
917 1984 1012 2034 viae
1062 1984 1468 2052 longitudinem,
1525 1999 1629 2040 aut.
1665 1990 1820 2042 aliam
1852 2006 2224 2060 quamcunque

673 2073 1072 2138 necessitatem,
1125 2087 1231 2130 tres
1268 2079 1455 2132 saltem
1500 2080 1647 2148 jussu
1683 2094 1734 2135 et
1782 2084 2046 2136 sententia
2110 2101 2221 2136 me-

677 2164 981 2230 tropolitani
1015 2168 1093 2219 sui
1127 2169 1440 2224 elcctionein
1466 2169 1682 2235 facient,
1715 2175 2029 2228 absentibus
2061 2177 2221 2228 etiam

671 2263 765 2314 per
813 2253 1020 2307 litteras
1051 2270 1373 2310 consensum
1419 2275 1571 2310 suum
1605 2260 1983 2326 prmbentibns.
2016 2260 2068 2314 Si
2103 2264 2222 2329 quis

671 2353 850 2396 autem
912 2348 1199 2414 episcopus
1245 2347 1526 2402 confessus
1576 2351 1754 2413 fuerit,
1791 2362 1843 2403 et
1871 2351 2218 2406 aﬂirtnaverit

670 2435 968 2501 quempiam
1005 2438 1342 2502 episcopatus
1381 2440 1546 2505 gradu
1571 2441 1788 2506 dignum
1817 2457 1973 2507 esse;
2031 2443 2221 2495 deinde

670 2533 850 2576 autetn
889 2537 982 2589 per
1017 2524 1319 2593 passionem
1355 2527 1591 2592 aliquam
1647 2543 1756 2582 sua:
1790 2530 2108 2584 confessioni
2141 2531 2222 2585 vel

671 2614 1053 2681 subscriptioni
1085 2617 1404 2669 adversatus
1432 2618 1614 2682 fuerit,
1649 2626 1703 2671 et
1733 2635 1853 2672 eum
1883 2620 1972 2689 qui
2007 2622 2073 2674 ab
2107 2620 2221 2688 ipso

669 2706 879 2759 electus
930 2706 1052 2770 fuit,
1096 2707 1370 2774 indigmnn
1402 2709 1736 2773 vocitaverit,
1771 2725 1892 2763 cum
1926 2725 2030 2762 non
2075 2712 2223 2777 igno-

667 2797 801 2850 ravit
854 2797 1019 2849 etiam
1093 2807 1236 2863 ante,
1301 2800 1474 2865 qualis
1527 2800 1648 2864 fuit,
1689 2817 1785 2855 suo
1811 2803 2014 2856 honore
2041 2805 2222 2871 priva-

669 2886 830 2939 bitnr.
859 2890 924 2940 Et
961 2890 1045 2942 lex
1072 2891 1212 2943 enim
1251 2906 1343 2945 eos
1364 2931 1378 2955 ,
1409 2894 1497 2960 qui
1545 2895 1872 2949 mendaciter
1903 2876 1969 2949 et.
2004 2896 2222 2948 sibimet

667 2977 940 3030 contrario
1003 2981 1180 3032 testati
1215 2993 1359 3044 sunt,
1421 2998 1515 3049 per
1571 2986 1936 3051 magistratus,
2000 2986 2089 3052 qui
2135 2985 2222 3054 ju-

2336 559 2595 630 ὁμολογίᾳ
2648 564 2678 632 ἢ
2716 569 2782 634 τῇ
2822 567 3134 635 ὑπογραφῇ,
3173 568 3337 635 ἤγουν
3391 569 3484 620 ἐὰν
3529 569 3885 638 ὡμολόγησεν

2332 648 2478 711 ἄξιον
2511 646 2649 702 εἶναι
2682 653 2926 718 γίνεσθαι
2951 654 3266 713 ἐπίσκοπον,
3301 655 3331 720 ἦ
3365 655 3682 722 ὑπέγραψεν
3709 657 3768 706 ἐν
3799 653 3879 722 τῷ

2337 740 2464 805 περὶ
2513 741 2721 793 ἐκείνου
2758 743 3095 810 ψηφίσματι,
3130 742 3320 794 τοῦτον
3367 744 3504 809 μετὰ
3535 744 3708 794 ταῦτα
3747 743 3887 812 λέγῃ

2337 829 2409 897 μὴ
2437 827 2573 882 εἶναι
2612 833 2778 896 ἄξιον,
2811 833 2904 884 καὶ
2929 833 3241 884 ἐναντιῶται
3267 833 3430 894 αὐτὸς
3469 834 3664 900 ἐαυτῷ,
3687 835 3883 884 ἑαυτὸν

2333 921 2692 990 ἀποστερήσει
2719 924 2814 990 τῆς
2860 921 3252 990 ἀρχιερατικῆς
3280 922 3465 989 τιμῆς,
3498 923 3747 973 τουτέστι
3781 938 3883 974 κα-

2333 1009 2727 1079 θαιρεθήσεται,
2765 1013 2838 1080 μὴ
2865 1012 3184 1072 ἀποδεικνὺς
3214 1012 3274 1063 τὸ
3301 1012 3438 1065 κατὰ
3467 1012 3560 1064 τοῦ
3590 1010 3879 1063 διαϐαλλο-

2335 1101 2494 1165 μένου
2526 1101 2800 1170 αίτίαμα..

2331 1191 2551 1244 ΑΡΙΣΤ.
2644 1211 2661 1243 ι
2725 1192 2830 1243 Τοῦ
2889 1191 3260 1262 πρωτεύοντος
3320 1191 3717 1256 ἐπιτάττοντος,
3774 1195 3873 1244 καὶ

2402 1298 2420 1331 ί
2468 1284 2615 1349 τρεῖς
2649 1282 2935 1334 ἐπίσκοποι
2983 1282 3315 1334 καθιστῶσιν
3346 1281 3645 1333 ἐπίσκοπον
3671 1297 3686 1314 ο
3717 1281 3812 1332 καλ⁸
3853 1281 3884 1331 6

2403 1387 2422 1420 ι
2465 1373 2529 1438 τῇ
2565 1371 2740 1438 οἰκείᾳ
2781 1371 3039 1440 ὁμολογία
3073 1370 3106 1439 ἦ
3142 1370 3432 1440 ὑπογραφῇ
3465 1371 3883 1437 ἐναντιούμενος

2395 1481 2413 1512 ι
2459 1461 2667 1513 οἴκοθεν
2699 1462 2809 1524 ἕξει
2837 1462 2894 1513 τὸ
2920 1461 3133 1530 ἄτιμον.
3180 1480 3198 1512 ι

2397 1553 2607 1612 Πάντας
2643 1553 2741 1619 μὲν
2766 1553 2871 1620 χρὴ
2895 1554 3173 1620 παρεῖναι,
3203 1553 3251 1604 εί
3281 1551 3524 1615 δυνατὸν,
3562 1551 3664 1616 τῆς
3702 1552 3882 1620 ἐπαρ-

2329 1645 2449 1713 χίας
2484 1644 2610 1703 τοὺς
2657 1643 3009 1705 ἐπισκόπους,
3047 1643 3134 1694 ὅτε
3168 1643 3353 1707 μέλλει
3391 1640 3649 1709 γενέσθαι
3696 1641 3882 1710 ψῆφος

2327 1734 2628 1785 ἐπισκόπου
2670 1734 2727 1782 ἐν
2756 1734 2875 1794 ταῖς
2908 1735 3267 1800 χηρευούσαις
3301 1734 3658 1793 ὲπισκονπαῖς·
3697 1729 3884 1792 καθὼς

2329 1827 2422 1876 καὶ
2456 1823 2532 1890 τῷ
2562 1822 2806 1889 τετάρτῳ
2847 1821 3034 1872 κανόνι
3070 1821 3166 1888 τῆς
3195 1823 3254 1872 ὲν
3284 1820 3487 1889 Νικαίᾳ
3531 1819 3749 1871 συνόδου
3793 1820 3883 1871 δο-

2327 1918 2431 1975 κεί,
2461 1917 2553 1966 καὶ
2600 1913 2674 1981 τῷ
2721 1912 3184 1980 ἐννεακαιδεκάτῳ
3233 1912 3330 1979 τῆς
3369 1912 3429 1962 ὲν
3464 1909 3797 1978 Ἀντιοχείᾳο
3830 1910 3884 1960 ιι

2323 2006 2379 2057 δὲ
2409 2006 2664 2075 δυσχερὲς
2712 2005 2889 2066 τοῦτο,
2923 2007 2953 2074 ἤ
2989 2005 3076 2057 διὰ
3132 2005 3304 2072 μῆκος
3352 2002 3552 2070 όδοῦ,ἢ
3585 2001 3652 2053 δι’
3690 1999 3887 2068 ἑτέραν

2325 2097 2444 2148 τινὰ
2473 2097 2744 2165 ἀνάγκην,
2783 2098 2930 2164 τρεῖς
2956 2094 3057 2146 κᾶν
3092 2096 3152 2145 τὸ
3185 2093 3465 2161 ἐλάχιστον
3515 2093 3750 2158 ὲπιταγῇ
3787 2090 3888 2142 καὶ

2324 2187 2520 2256 γνώμῃ
2545 2186 2640 2238 τοῦ
2674 2185 3072 2255 μητροπολίτου
3096 2184 3274 2235 αὐτῶν
3297 2186 3394 2252 τὴν
3423 2184 3602 2250 ψῆφον
3633 2183 3888 2241 ποιήσου-

2329 2295 2403 2339 σι,
2465 2279 2769 2346 συμψήφων
2812 2277 3115 2343 γινομένων
3167 2277 3262 2326 καὶ
3319 2274 3430 2325 τῶν
3476 2274 3727 2324 ἀπόντων
3794 2268 3886 2321 διὰ

2327 2369 2694 2436 γραμμάτων.
2726 2367 2790 2417 Εἴ
2818 2384 2900 2427 τις
2931 2367 2986 2416 δὲ
3036 2365 3142 2418 τῶν
3203 2364 3522 2416 ἐπισκόπων
3557 2360 3888 2430 ὁμολογήσει

2327 2460 2421 2510 καὶ
2469 2457 2921 2510 διαϐεόαιὼσεταί
2975 2473 3101 2508 τινα
3146 2455 3293 2518 ἄξιον
3345 2454 3484 2507 εἶναι
3527 2454 3622 2504 τοῦ
3670 2449 3884 2520 βαθμοῦ

2324 2548 2422 2616 τῆς
2472 2549 2818 2616 ἐπισκοπῆςο
2863 2544 2981 2599 εἶτα
3037 2547 3126 2599 διά
3177 2563 3230 2598 τι
3290 2544 3459 2606 πάθος
3511 2542 3774 2601 ἐναντίως
3816 2541 3888 2609 τῇ

2325 2640 2585 2707 ὁμολογίᾳ.
2622 2639 2789 2691 αὑτοῦ
2822 2640 2853 2707 ἢ
2891 2641 2956 2706 τῇ
3007 2638 3298 2706 ὑπογραφῇ
3326 2636 3585 2704 χωρήσει,
3629 2633 3723 2686 καὶ
3763 2631 3894 2685 ἀνά-

2327 2726 2437 2790 ξιον
2469 2728 2657 2779 τοῦτον
2688 2727 2778 2779 τὸν
2821 2729 2953 2793 παρ’
3003 2727 3167 2778 αὑτοῦ
3201 2725 3519 2792 ὲπιλεγέντα
3566 2722 3783 2790 καλοίη.
3812 2721 3893 2790 μὴ

2323 2817 2692 2887 ἀγνοούμενον
2730 2817 2861 2886 παρ’
2889 2816 3053 2869 αὑτοῦ
3086 2817 3179 2869 καὶ
3217 2816 3409 2884 πρώην
3446 2817 3628 2876 ὁποῖος
3659 2810 3746 2882 ἦν,
3785 2810 3892 2881 τῆς

2322 2910 2528 2971 οἰκείας
2581 2909 2744 2980 τιμῆς
2803 2909 3339 2978 ἀποστερηθήσεται.
3393 2909 3502 2959 Καὶ
3558 2908 3668 2974 γὰρ
3720 2904 3813 2957 καὶ
3859 2905 3892 2957 ὁ

2324 3000 2488 3066 νόμος
2530 3001 2656 3059 τοὺς
2709 3000 2921 3066 ψευδῶς
2971 3000 3002 3067 ἢ
3039 2999 3296 3059 ἐναντίως
3336 2999 3550 3059 ἑαυτοῖς
3605 2995 3892 3066 μαρτυρήο

665 3069 1031 3122 risdictionem
1076 3073 1308 3137 habent,
1364 3077 1536 3142 pmnis
1589 3078 1823 3144 subiicit,
1871 3087 1926 3129 ut
1955 3077 2219 3130 decimum

2329 3106 2528 3149 σαντας
2581 3089 2671 3141 διὰ
2738 3088 2845 3140 τῶν
2905 3089 3232 3157 προσφόρων
3296 3087 3571 3154 ἀρχόντων
3630 3087 3887 3154 τιμωρεῖ,

663 3166 912 3224 quartum
947 3160 1106 3228 primi
1159 3162 1296 3216 tituli
1346 3165 1580 3218 vicesimi
1622 3167 1776 3220 nrimi
1807 3166 1925 3219 libri
1959 3175 2114 3234 caput
2141 3166 2227 3233 ju—

662 3249 770 3303 bet.

1237 3424 1465 3477 CANON
1499 3425 1639 3478 XIV.

669 3529 687 3562 ι
731 3511 801 3566 Ut
833 3528 971 3566 unus
1015 3530 1079 3568 ex
1108 3514 1308 3584 Tripoli
1339 3519 1623 3583 episcopus
1673 3518 1726 3572 in
1775 3520 2095 3587 legationem
2127 3538 2220 3576 ve~

743 3621 763 3651 ε
801 3605 913 3658 niat
946 3616 1038 3659 :et
1090 3617 1147 3658 ut
1177 3609 1455 3675 presbyter
1485 3608 1590 3659 illic
1640 3623 1668 3660 a
1702 3612 1939 3678 quinque
1975 3615 2223 3666 audiatur

738 3711 755 3742 ι
797 3693 1085 3763 episc0pis.
1121 3695 1380 3749 Similiter
1425 3697 1675 3764 placuita
1724 3698 1948 3766 Tripoli,
2009 3713 2222 3770 propter

741 3801 759 3832 ι
804 3786 1036 3853 regionis
1091 3786 1345 3852 inopiam,
1405 3803 1566 3839 unum
1618 3789 1924 3856 epismipum
1989 3792 2039 3844 in
2076 3795 2221 3860 lega-

744 3892 762 3924 ‹
800 3862 998 3926 tionem
1036 3875 1238 3936 venire,
1269 3886 1323 3928 et
1374 3885 1432 3926 ut
1486 3878 1767 3946 presbyter
1801 3879 1906 3932 illic
1936 3895 1962 3930 a
1991 3882 2223 3950 quinque

745 3983 762 4013 ι
811 3966 1077 4031 episcopis
1116 3966 1383 4027 audiatur,
1436 3975 1491 4018 et
1543 3967 1799 4020 diaconus
1861 3981 1889 4019 a
1943 3969 2132 4030 tribus,
2169 3978 2224 4022 ut

745 4073 762 4103 ‹
807 4054 1054 4119 superius
1087 4054 1284 4105 dictum
1315 4063 1420 4117 est,
1474 4056 1688 4122 proprio
1727 4055 1932 4108 scilicet
1971 4057 2222 4124 episcopo

744 4161 761 4191 ι
795 4143 1136 4209 praesidente.
1171 4159 1188 4190 ι

742 4322 938 4375 BALS.
968 4321 1064 4376 Est
1101 4324 1260 4376 etiam
1295 4323 1348 4377 in
1384 4323 1563 4379 Africa
1590 4324 1856 4395 Tripolis;
1881 4335 1934 4379 et
1966 4329 2217 4395 quoniam

665 4415 718 4464 iu
749 4431 809 4465 ea
843 4424 995 4467 erant
1022 4417 1173 4482 pauci
1205 4420 1463 4486 episcopi,
1489 4418 1676 4470 statuit
1709 4419 1965 4487 synodus,
1995 4430 2053 4471 ut
2083 4434 2222 4473 unus

2327 4439 2446 4490 ἐπεὶ
2477 4443 2618 4509 ὴσαν
2670 4442 2725 4491 ἐν
2772 4442 2908 4510 αὐτῇ
2943 4443 2970 4493 ό

666 4505 880 4568 quidem
910 4504 1054 4555 illinc
1101 4506 1349 4558 mittatur
1392 4509 1594 4575 legatus
1622 4510 1686 4560 ad
1712 4511 2106 4563 anniversarias
2136 4525 2222 4578 sy-

669 4591 876 4642 nodos:
911 4604 940 4641 a
987 4592 1220 4658 quinque
1258 4603 1434 4645 autem
1485 4596 1772 4662 episcopis.
1826 4609 2041 4666 propter
2082 4601 2220 4651 anti-

667 4679 852 4732 stitum
887 4681 1231 4746 paucitatem,
1266 4684 1635 4735 examinentur
1663 4701 1837 4738 causa:
1885 4690 2220 4741 sacerdomm

668 4771 995 4835 crjtninaics,
1063 4782 1117 4824 et
1186 4786 1214 4822 a
1281 4773 1449 4825 tribus
1513 4774 1859 4827 diaconorum
1918 4777 2048 4828 ultra
2104 4778 2222 4832 illos

669 4860 956 4927 episcopis,
994 4863 1092 4913 suh
1123 4862 1318 4928 quibus
1357 4874 1482 4916 sunt
1518 4863 1839 4931 litigatores,
1879 4868 2218 4932 przesidenti~

666 4950 787 5003 bus.
848 4951 1023 5014 Quare
1082 4964 1205 5006 nota
1252 4969 1316 5006 ex
1381 4957 1482 5009 hoc
1537 4970 1749 5024 quoque
1806 4972 2030 5018 canone,
2083 4961 2222 5026 quod

666 5042 924 5108 episcopi,
981 5045 1176 5108 quibus
1234 5047 1462 5115 subjecﬁ
1497 5057 1626 5100 sunt
1680 5048 1998 5115 litigatores,
2031 5049 2223 5101 debent

667 5146 788 5184 esse
840 5132 975 5185 ultra
1034 5135 1336 5198 duodecim,
1395 5153 1488 5190 sex
1537 5149 1591 5191 et
1642 5149 1750 5192 tres
1800 5139 2128 5205 conjudices.
2160 5139 2224 5192 Et

668 5223 806 5286 quod
858 5224 902 5274 si
961 5238 1074 5278 non
1143 5227 1212 5275 sit
1271 5226 1640 5293 episcoporum
1681 5229 1877 5294 inopia,
1933 5229 2114 5297 plures
2144 5232 2216 5282 his

669 5313 903 5380 episcopi
961 5314 1159 5366 debent
1210 5329 1404 5368 causas
1465 5331 1671 5383 eorum,
1724 5319 1816 5386 qui
1849 5329 1974 5378 sunt
2005 5321 2198 5373 sacrati

665 5416 1010 5468 cognoscere.

748 5691 988 5751 ZONAR.
1029 5697 1284 5766 Tripolim
1322 5695 1462 5750 illam
1501 5712 1617 5765 quae
1654 5698 1706 5751 in
1733 5699 1914 5752 Afiica
1948 5702 2211 5774 intelligit.

2329 3177 2512 3240 καθὼς
2560 3179 2619 3230 τὸ
2670 3179 3237 3247 τεσσαρακαιδέκατον
3269 3178 3566 3245 κεφάλαιον
3604 3178 3698 3228 τοῦ
3732 3176 3888 3242 πρώ-

2327 3286 2420 3321 του
2457 3269 2637 3322 τίτλον
2681 3267 2775 3320 τοῦ
2829 3267 3078 3321 εἰκοστοῦ
3138 3268 3357 3339 πρώτου
3407 3268 3612 3336 βιῦλίου
3656 3265 3893 3334 διαλαμ-

2328 3357 2500 3411 δάνει.

2915 3448 3152 3501 ΚᾹΝΩΝ
3194 3445 3289 3501 ῙΔ⁹.

2333 3557 2351 3588 ι
2394 3540 2556 3591 Ὥστε
2580 3541 2687 3592 ἀπὸ
2717 3539 3029 3606 Τριπόλεως
3066 3539 3162 3591 ἕνα
3195 3539 3491 3591 ἐπίσκοπον
3530 3555 3608 3602 αις
3657 3557 3892 3610 τοποτη-

2401 3649 2418 3680 ι
2467 3633 2661 3699 ρησίαν
2719 3631 2928 3697 ὲλθεῖνς
3014 3633 3108 3684 κα)⁸
3172 3630 3311 3682 ὥστε
3400 3631 3490 3683 τὸν
3546 3631 3889 3702 πρεσϐύτερα

2403 3739 2420 3769 ι
2472 3723 2676 3772 νὲκεῖσε
2765 3721 2869 3772 ὑπὸ
2958 3720 3119 3772 πέντε
3208 3720 3503 3772 ἀκούεσθαι
3553 3721 3887 3773 ἐπισκόπων.

2393 3829 2411 3859 ί
2469 3809 2699 3876 Ὁμοίως
2746 3811 2939 3878 ἤρεσεν
2992 3812 3097 3862 ἀπὸ
3148 3811 3462 3880 Τριπόλεως
3511 3811 3598 3862 διὰ
3637 3811 3734 3879 τὴν
3785 3811 3889 3880 τῆς

2400 3917 2416 3948 ι
2464 3900 2646 3968 χώρας
2679 3900 2884 3952 ἔνδειαν
2929 3901 3022 3952 ἓνα
3053 3901 3346 3952 ἐπίσκοπον
3380 3905 3458 3960 είς
3485 3904 3889 3972 τοποτηρησίαν

2400 4003 2416 4035 ι
2462 3986 2653 4047 ἐλθεῖν,
2717 3987 2809 4038 καὶ
2892 3987 2976 4037 ἵνα
3031 3991 3059 4039 ό
3116 3988 3488 4057 πρεσϐύτερος
3541 3991 3722 4041 ἐκεῖσε
3781 3990 3889 4043 ὑπὸ

2403 4095 2420 4126 ι
2470 4077 2631 4128 πέντε
2671 4077 2935 4146 ἀκούηται
2992 4081 3325 4146 ἐπισκόπων,
3360 4083 3455 4134 καὶ
3501 4082 3743 4145 διάκονος
3779 4083 3888 4134 ὑπὸ

2399 4186 2415 4217 ι
2459 4167 2746 4236 τριῶν,ὼς
2796 4171 3051 4238 ἀνωτέρω
3104 4172 3341 4240 εἴρηται,
3395 4172 3489 4224 τοῦ
3537 4173 3667 4225 ἰδίου
3717 4172 3886 4226 αὐτοῦ

2395 4275 2413 4306 ι
2461 4258 2756 4308 ἐπισκόπου
2792 4259 3032 4328 δηλονότι
3070 4262 3515 4330 προκαθημένου.
3558 4281 3576 4313 ι

2399 4348 2592 4398 ΒΑΛΣ.
2626 4348 2779 4399 Ἔστι
2835 4352 2930 4400 καὶ
2973 4352 3030 4401 ὲν
3079 4355 3143 4420 τῇ
3180 4355 3414 4422 Ἀφρικῇ
3467 4355 3756 4423 Τρίπολις*
3789 4367 3887 4416 καὶ

2975 4443 3114 4509 λίγοι
3148 4445 3465 4512 ἐπίσκοποι,
3497 4447 3696 4517 ὥρισεν
3727 4453 3759 4521 ἠ
3797 4453 3895 4504 σύ-

2323 4531 2488 4596 νοδος,
2519 4532 2614 4584 ἕνα
2659 4533 2756 4600 μὲν
2786 4534 3105 4601 πέμπεσθαι
3154 4538 3363 4589 ἐκεῖθεν
3395 4557 3596 4610 τοποτη
3610 4544 3782 4612 ρητὴν
3810 4551 3892 4608 εἰς

2321 4623 2419 4682 τὰς
2463 4623 2710 4689 ἐτησίους
2752 4626 3000 4688 συνόδους
3026 4643 3039 4657 ο
3083 4627 3188 4678 ὑπὸ
3217 4629 3378 4681 πέντε
3439 4631 3493 4681 δὲ
3540 4633 3881 4697 ἐπισκόπων,

2321 4711 2407 4761 διὰ
2451 4711 2550 4780 τὴν
2608 4712 2898 4779 ὀλιγότητα
2947 4714 3056 4764 τῶν
3087 4716 3410 4784 ἀρχιερέων,
3452 4719 3736 4787 τηρεῖσθαι
3789 4722 3892 4782 τὰς

2323 4802 2733 4870 ὲγκληματικὰς
2766 4803 2873 4854 τῶν
2902 4805 3094 4873 ἱερέων
3128 4806 3436 4871 ὑποθέσεις,
3470 4811 3562 4861 καὶ
3584 4810 3687 4861 ὑπὸ
3717 4814 3887 4882 τριῶν

2326 4893 2423 4954 τὰς
2473 4894 2581 4944 τῶν
2631 4895 2928 4957 διακόνων,
2992 4898 3311 4962 ὀρειλόντων
3369 4904 3621 4953 ἐπέκεινα
3679 4904 3890 4956 τούτων

2326 4983 2706 5051 προκαθῆσθαι
2734 4988 2827 5037 καὶ
2872 4988 2980 5038 τῶν
3015 4990 3349 5053 ἐπισκόπων,
3390 4991 3480 5058 ὑφ’
3519 4992 3611 5054 οὓς
3648 4995 3697 5044 οί
3731 4995 3887 5046 δικα-

2330 5073 2547 5140 ζόμενοι
2578 5076 2881 5128 τάττονται.
2910 5077 3076 5130 Ὥστε
3106 5079 3411 5148 σημείωσαι
3440 5086 3530 5133 καὶ
3561 5082 3669 5133 ἀπὸ
3693 5085 3887 5138 τούτου

2325 5161 2406 5210 ὃτι
2435 5161 2483 5211 οἱ
2521 5163 2827 5226 ἐπίσκοποι,
2859 5165 2905 5215 οί
2949 5165 3165 5234 ἔχοντες
3204 5167 3291 5234 ὑφ’
3323 5171 3547 5232 ἑαυτοὺς
3577 5173 3700 5233 τοὺς
3733 5172 3887 5225 δικα-

2328 5251 2608 5318 ζομένους,
2635 5256 2892 5307 ἐπέκεινα
2921 5256 3231 5323 ὀφείλουσιν
3263 5254 3402 5313 εἶναι
3433 5264 3530 5330 τῆς
3561 5263 3882 5327 δωδεκάδος,

2325 5345 2422 5409 τῆς
2461 5346 2770 5408 ἑξάδοςκαὶ
2815 5349 2914 5414 τῆς
2957 5349 3176 5416 τριάδος
3202 5351 3309 5402 τῶν
3347 5352 3737 5408 συνδικαστῶν.
3771 5357 3885 5410 Καὶ

2327 5437 2430 5499 ὅτι,
2464 5436 2669 5497 ἐνδείας
2704 5437 2777 5505 μὴ
2824 5437 2988 5507 οὔσης
3020 5441 3355 5506 ἐπισκόπων,
3392 5444 3635 5502 πλείονες
3676 5448 3885 5500 τούτων

2333 5525 2619 5576 ἐπίσκοποι
2657 5527 2931 5593 ὀφείλουσι
2966 5532 3150 5597 τηρεῖν
3186 5533 3280 5593 τὰς
3309 5533 3592 5597 ὑποθέσεις
3639 5536 3746 5586 τῶν
3793 5539 3884 5587 ls—

2330 5618 2475 5683 ρωμέ
2485 5635 2583 5667 νων
2593 5658 2604 5668 .

2397 5705 2633 5758 ΖΩΝΛΓ.
2662 5706 2919 5771 Τρίπολιν
2943 5709 3039 5774 τὴν
3071 5709 3128 5765 ὲν
3176 5711 3403 5784 Ἀφρικῇ
3438 5713 3602 5783 λέγει.
3636 5711 3744 5768 Ἦν
3773 5717 3881 5788 γὰρ
