4114 6450
208 402 266 465 59
1247 398 1328 458 ιΝ
1365 395 1526 457 CAN.
1567 395 1665 454 XV
1700 390 1791 452 (ΣΟ

1860 391 1904 451 3.
1948 388 2322 448 CARTHAG.
3305 377 3378 438 70

210 515 343 565 xm!
385 511 674 581 Τρίπολις,
720 509 850 562 ἔνθα
885 508 1052 574 ὀλίγοι
1093 503 1232 578 ἦσαν
1276 506 1592 560 ἐπίσκοποι.
1642 498 1794 558 ΔιδΑ

1860 496 1969 551 Erat
2020 495 2286 565 siquidem
2317 495 2367 548 in
2399 508 2460 548 ea
2494 507 2702 562 quoque
2764 491 2976 559 regione
3029 487 3280 556 Tripolis,
3319 490 3370 542 in

208 605 285 656 καὶ
328 573 859 671 ινα-τοποτηρητὴν
918 573 1129 671 ὥρισεν*
1160 599 1194 666 ἡ
1248 596 1462 657 σύνοδος
1517 593 1730 648 ἐκεῖθεν

1860 599 1940 650 tua
1966 584 2336 650 episcoporum
2352 595 2606 633 numerus
2629 593 2758 632 sane
2771 575 3120 643 exiguusi'nit.
3146 573 3379 628 Proinde

209 691 529 757 πίμπεσθαιυ
576 661 776 742 διὰηδλ
813 661 924 757 ’τὴν
965 661 1135 757 αὐτὴν
1182 661 1367 739 αἰτίαν
1418 683 1516 735 καὶ
1571 682 1732 733 πέντε

1860 678 1888 719 ιι
1916 683 2078 720 unum
2125 682 2188 719 ex
2217 681 2280 720 eo
2312 666 2426 718 loco
2457 666 2685 730 legatum
2727 666 2930 731 synodo
2982 661 3232 715 destinari
3267 661 3380 726 plac

207 782 513 841 ἐπισκόπους
570 783 763 848 ἀρκεῖν
833 776 1203 831 διετυπὼσατο
1257 776 1338 832 είς
1387 774 1450 826 τὸ
1513 772 1734 824 δικασαι

209 868 584 938 πρεσϐύτερον,
618 866 1038 935 προκαθημένου
1066 865 1160 917 τοῦ
1199 863 1520 922 ἐπισκόπου,
1546 858 1638 923 ὑφ’
1674 857 1734 910 δν

207 959 440 1011 τέτακται
463 960 492 1009 ὁ
521 955 875 1024 δικαζόμενος
904 952 1290 1022 πρεσϐύτερος,
1308 950 1446 1004 ὥστε
1478 947 1546 1009 ιε
1574 948 1735 1001 πάλιν

205 1043 328 1100 εἶναι
349 1048 475 1109 τοὺς
503 1044 903 1114 διαγνώμονας.

1844 758 1975 820 cuit,
2017 766 2071 808 et
2127 757 2364 807 eamdem
2411 754 2480 806 ob
2527 767 2769 812 causam,
2830 765 2932 802 non
2970 752 3191 816 amplius
3221 765 3381 818 quam

1839 844 2077 910 quinque
2099 843 2396 910 episcopos,
2418 855 2502 904 eo,
2529 841 2612 893 cui
2643 839 2912 904 subjectus
2935 845 3016 889 est
3067 851 3205 900 reus,
3240 850 3385 903 quae-

1841 931 1998 985 stioni
2033 931 2304 998 praefecto,
2335 945 2455 982 cum
2500 945 2607 996 quo
2643 942 2736 980 set
2788 925 3030 978 videlicet
3083 928 3384 992 cognitores

1843 1022 2263 1084 constituantur,
2293 1020 2347 1071 in
2372 1018 2672 1072 sacerdotis
2708 1031 2869 1070 causa
2902 1015 3108 1080 judices
3141 1029 3389 1067 necessa-

1845 1110 1925 1163 rio
1955 1108 2286 1162 adhibendos
2315 1122 2435 1161 esse
2458 1107 2720 1159 decernit.

205 1223 407 1278 ΔΡΙΣΤ.
475 1241 494 1272 ι
546 1220 648 1273 Διὰ
693 1221 793 1289 τὴν
839 1220 922 1282 είς
970 1218 1233 1288 Τρίπολιν
1272 1217 1382 1272 τῶν
1424 1215 1739 1270 ἐπισκόπων

1860 1196 2069 1250 LBIST.
2119 1215 2138 1248 t
2173 1196 2395 1262 Propter
2449 1195 2683 1262 inOpiam
2738 1192 2941 1262 Tripoli
2994 1193 3386 1260 episcoporum,

269 1330 288 1363 t
329 1313 533 1365 ἔνδειαν
582 1310 676 1363 καὶ
728 1306 809 1372 εἷς
862 1308 1156 1370 ἐπίσκοπος
1204 1309 1284 1368 sic
1333 1303 1740 1374 τοποτηρησίαν

265 1423 292 1454 r
322 1403 605 1472 ἐπάρκιος.
639 1418 658 1452 ι

262 1492 319 1545 οι
352 1493 448 1558 μὲν
481 1490 630 1543 ἄλλοι
677 1489 784 1540 τῶν
815 1485 1095 1555 ἐπαρχιῶν
1141 1484 1394 1554 πρόεδροι
1432 1480 1525 1533 δύο
1568 1480 1600 1548 ἢ
1648 1479 1742 1532 καὶ

208 1585 439 1644 πλείονας
517 1579 847 1640 ἐπισκόπους
931 1574 1308 1643 τοποτηρητὰς
1395 1571 1740 1636 ἐπιλέγεσθαι

209 1670 525 1740 ὡρίσθησαν.
583 1668 676 1719 καὶ⁵
732 1665 1080 1718 ἀποστέλλειν
1135 1664 1335 1722 αὐτοὺς
1384 1661 1444 1711 ἐν
1499 1663 1563 1728 τῇ
1617 1657 1740 1711 κατ’

1926 1307 1944 1337 ι
1982 1302 2118 1340 unus
2175 1289 2335 1340 etiam
2383 1286 2663 1354 episcopus
2713 1283 2777 1336 ad
2859 1282 3172 1350 legationem
3239 1281 3388 1334 sum-

1923 1395 1943 1428 t
1979 1378 2074 1432 cit.
2119 1395 2138 1428 ι

1915 1466 2016 1518 Alii
2038 1465 2248 1533 quidem
2279 1463 2671 1530 provinciarum
2695 1461 2945 1528 praesides
2970 1460 3099 1513 duos
3127 1458 3208 1511 vel
3231 1459 3388 1510 etiam

1849 1557 2025 1622 plures
2063 1558 2338 1622 episcopos
2369 1553 2572 1619 legatos
2594 1553 2790 1618 eligere
2813 1551 2864 1603 itt
2891 1549 3153 1602 mandatis
3171 1560 3392 1613 accepe-

1853 1657 2000 1707 runt,
2038 1657 2235 1710 eosque
2293 1643 2356 1694 ad
2405 1640 2668 1709 synodum
2724 1638 3046 1701 Carthagine
3103 1634 3387 1703 quotannis

210 1725 436 1813 ἐνιαυτδν
469 1725 670 1825 συνόδῳ
703 1759 761 1808 ἐν
813 1755 1158 1825 Καρχηδόνι·
1195 1752 1303 1805 ἀπὸ
1344 1752 1400 1804 δὲ
1432 1725 1745 1818 Τριπόλεως
1773 1817 1794 1825 _

1860 1737 2087 1793 habitam
2123 1734 2352 1786 mittere.
2394 1733 2437 1782 A
2468 1729 2665 1795 Tripoli
2697 1739 2873 1781 autem
2904 1736 2958 1779 et
2987 1741 3145 1778 unum
3183 1725 3393 1791 episco-

210 1850 290 1899 καὶ
319 1848 412 1898 ἱνα
450 1815 751 1897 ἐπίσκοπον
787 1815 1053 1910 ιπαρἒέιν
1080 1844 1162 1902 είς
1202 1815 1609 1908 τοποτηρησίαν
1655 1837 1744 1890 διὰ
1773 1817 1820 1875 Β
1849 1839 1971 1892 Ριιπι
1999 1823 2062 1875 3d
2097 1822 2411 1890 ιεεθιίοηειη
2462 1818 2702 1871 “uicere
2757 1826 2976 1884 ντοριει·
3023 1815 3394 1881 θμίεεοροτυω

211 1934 292 2005 τὴν
312 1935 416 1986 τῶν
443 1930 762 1984 ἐπισκόπων
794 1931 1024 1983 ἔνδειαν.

779 2037 1016 2094 ΚΔΝΩΝ
1069 2035 1167 2091 ιε’.
1487 2067 1498 2080 .

219 2149 234 2182 t
272 2134 402 2204 Περὶ
447 2134 722 2202 διαφόρων
770 2128 978 2191 τάξεων
1028 2129 1126 2194 τῆς
1171 2123 1503 2191 Ἐκκλησίας
1541 2119 1752 2172 δουλευ⁸

274 2242 295 2275 ι
334 2225 442 2276 τῶν
493 2223 644 2293 (15)⁶
698 2219 876 2280 ὥστε,
929 2218 1024 2270 ἐάν
1087 2231 1170 2276 τις
1222 2215 1300 2275 είς
1351 2207 1751 2278 ἐγκληματικὸν

271 2330 290 2362 ι
333 2312 566 2381 πρᾶγμα
622 2308 916 2376 περιπέσῃ,
960 2305 1055 2356 καὶ
1103 2301 1514 2371 παραιτήσηται
1547 2298 1606 2349 τὸ
1658 2297 1750 2348 ἐκ-

280 2419 297 2452 ι
339 2400 728 2470 κλησιαστικδν
765 2381 1135 2463 δικαστήριον,
1164 2391 1402 2459 ὀφείλειν
1449 2388 1541 2440 τὸν
1572 2386 1751 2438 τοιοῦ-

278 2513 292 2540 ι
329 2507 418 2543 τον
449 2489 803 2550 κινδυνεύειν,
830 2486 924 2538 καὶ
951 2483 1090 2536 ὥστε
1127 2480 1199 2532 τὰ
1220 2480 1384 2534 τέκνα
1415 2478 1524 2531 τῶν
1555 2477 1752 2544 ίερέων

279 2582 621 2649 ικοσμικοῖς
690 2577 938 2645 Θεωρίοις
1006 2574 1080 2642 μὴ
1136 2571 1446 2640 προσιέναι.
1520 2565 1752 2634 Ὁμοίως

277 2673 549 2742 ιῆρεσεν,
580 2670 669 2721 ἵνα
723 2668 871 2728 ὅστις
931 2665 1131 2734 δήποτε
1179 2661 1289 2713 τῶν
1343 2656 1660 2711 ἐπισκόπων
1715 2655 1748 2725 ἦ

276 2779 292 2810 t
337 2759 725 2831 πρεσϐυτέρων
747 2758 780 2826 ἢ
807 2755 1070 2809 διακόνων
1103 2753 1136 2822 ἢ
1168 2748 1465 2819 κληρικῶν,
1499 2746 1754 2814 πράγμα-

281 2870 295 2898 ι
334 2866 423 2911 τος
472 2847 623 2916 αὺτῷ
677 2842 1085 2912 ἐγκληματικώ
1153 2843 1186 2910 ἢ
1237 2835 1518 2891 πολιτικοῦ
1580 2840 1636 2885 ἐν
1684 2837 1751 2903 τῇ

279 2955 296 2986 ι
340 2937 608 3004 ἐκκλησίᾳ.
655 2933 1001 3000 κινουμένου,
1049 2930 1142 2980 ἐὰν
1200 2927 1633 2996 παραιτούμενος
1690 2925 1754 2974 τὸ

280 3048 294 3078 ι
331 3027 791 3098 ἐκκλησιαστικὸν
839 3022 1192 3090 δικαστήριον
1233 3018 1515 3087 δημοσίοις
1551 3013 1754 3082 θελήσῃ

283 3139 299 3172 ι
337 3119 678 3189 καθαρθῆναι
726 3112 1118 3182 δικαστηρίοις,
1161 3109 1262 3162 κᾶν
1306 3108 1445 3174 ὑπὲρ
1504 3106 1668 3159 αὐτοῦ
1715 3107 1753 3173 ἡ
1783 3124 1826 3186 c

283 3227 299 3258 ι
336 3211 514 3277 ψῆφος
549 3205 864 3274 ἐκφωνηθῇ,
895 3207 1047 3272 ὅμως
1097 3201 1188 3251 τὸν
1239 3199 1367 3251 ίδιον
1421 3197 1586 3249 τόπον
1623 3196 1756 3246 ἁπο-

283 3318 298 3349 ι
340 3300 488 3368 λέσῃ.
525 3297 635 3347 Kal
677 3293 834 3345 τοῦτο
887 3293 983 3359 μὲν
1032 3292 1124 3342 ἐπ)⁸
1162 3288 1256 3339 τοῦ
1304 3283 1749 3353 ἐγκληματικοῦ’

285 3407 303 3438 ι
345 3389 436 3439 ἐπὶ
478 3387 540 3439 δὲ
588 3381 889 3441 πολιτικοῦ,
923 3381 1164 3449 ἀπολέσῃ
1209 3380 1268 3430 τὸ
1302 3381 1381 3438 είς
1413 3377 1441 3428 ὃ
1483 3375 1755 3442 ἐνίκησεν,

284 3496 300 3528 ι
342 3478 434 3530 ἐὰν
461 3477 555 3528 τὸν
584 3475 714 3525 ἴδιον
739 3472 900 3523 τόπον
931 3469 1134 3538 Θελήσῃ
1163 3468 1433 3536 κατέχειν.
1463 3466 1569 3517 Kal
1602 3462 1760 3515 τοῦτό

285 3584 301 3616 ι
345 3581 407 3632 γε
471 3565 581 3632 μὴν
644 3563 859 3630 ἤρεσεν,
914 3558 1076 3619 ὥστε,
1133 3558 1228 3607 ἐὰν
1281 3557 1386 3608 ἀπὸ
1432 3552 1758 3620 οίωνδήποτε

285 3674 303 3709 t
346 3655 617 3708 δικαστῶν
646 3647 1113 3717 ἐκκλησιαστικῶν
1142 3647 1235 3698 ἐπὶ
1264 3645 1457 3704 ἄλλους
1491 3642 1756 3702 δικαστὰς

285 3764 302 3796 ι
342 3742 852 3812 ἐκκλησιαστικοὺς,
892 3739 1111 3805 ἔχοντας
1164 3733 1383 3801 μείζονα
1431 3735 1530 3800 τὴν
1569 3730 1760 3781 αὐθεν-

284 3850 301 3884 ι
341 3834 480 3893 τίαν,
503 3830 763 3894 ἐκκλητος
793 3828 1034 3892 γένηται,
1063 3821 1230 3890 μηδὲν
1257 3820 1513 3888 βλάπτειν
1542 3817 1762 3877 τούτους

285 3943 301 3972 ι
344 3916 418 3974 ὧν
451 3923 484 3990 ἡ
517 3919 697 3986 ψῆφος
731 3917 936 3975 λύεται,
971 3912 1067 3964 ἐὰν
1099 3911 1425 3980 ἐλεγχθῆναι
1483 3909 1556 3978 μὴ
1601 3909 1762 3975 δυνη-

291 4030 306 4063 ι
346 4013 511 4065 θῶσιν
557 4009 591 4077 ἣ
634 4008 775 4058 κατὰ
837 4005 1040 4074 ἔχθραν
1086 4003 1120 4072 ἢ
1173 4003 1313 4054 κατὰ
1383 4000 1761 4070 προσπάθειαν

287 4121 302 4150 ι
344 4101 707 4158 δεδικακέναι,
736 4097 770 4164 ἡ
819 4113 923 4147 τινι
975 4095 1157 4161 χάριτι
1211 4091 1627 4160 ὑποφθαρῆναι·
1666 4092 1760 4143 ἐὰν

287 4207 302 4239 ι
342 4188 395 4240 δὲ
425 4187 570 4240 κατὰ
596 4185 904 4236 συναίνεσιν
933 4183 1040 4234 τῶν
1074 4183 1254 4250 μερῶν
1287 4182 1631 4247 ἐπιλεγόντες
1661 4175 1762 4234 ὦσι

287 4279 622 4342 ιδικασταὶ,
684 4276 732 4327 εί
815 4276 912 4328 καὶ
977 4272 1291 4342 ὀλιγώτεροι
1364 4273 1577 4326 ἔσονται
1653 4273 1761 4325 τῶν

287 4389 302 4420 ι
343 4369 690 4438 ὸρισθέντων,
725 4366 799 4433 μὴ
834 4364 1032 4427 ἐξεῖναι
1064 4362 1440 4414 ἐκκαλεῖσθαι.
1469 4362 1582 4414 Kal
1614 4361 1758 4413 ὥστε

287 4480 303 4510 ι
341 4435 411 4510 ea
437 4458 608 4509 τέκνα
636 4455 744 4506 τῶν
771 4455 957 4524 ἱερέων
988 4451 1189 4520 Θεώρια
1237 4451 1476 4519 κοσμικὰ
1509 4451 1762 4520 μὴέκτεο
1797 4435 1836 4486 ο

287 4565 303 4598 ι
344 4548 451 4599 λείν
505 4545 645 4612 μηδέ
703 4524 946 4610 Θεωρεῖν.
997 4540 1164 4594 Τοῦτο
1229 4541 1284 4593 δὲ
1334 4544 1428 4593 καὶ
1478 4543 1609 4592 πᾶσι
1654 4544 1764 4602 τοῖς

287 4658 302 4688 ι
339 4640 694 4709 Χριστιανοῖς
762 4637 848 4686 ἀεὶ
923 4635 1280 4702 κεκήρυκται,
1343 4633 1487 4685 ὥστε
1559 4633 1764 4683 τούτων

288 4749 306 4780 ι
343 4728 669 4798 ἀπέχεσθαι,
697 4723 836 4776 ὥστε
862 4725 993 4776 ὅπου
1012 4721 1347 4792 βλασφημίαι
1369 4721 1475 4774 εἰσὶ
1497 4720 1572 4791 μὴ
1603 4737 1770 4791 προσ-

288 4840 305 4869 ι
343 4821 499 4873 ιέναι.
540 4837 562 4870 ι

286 4913 468 4964 ίὶΔΛΣ.
505 4908 618 4961 Καὶ
651 4906 760 4957 ἀπὸ
784 4905 893 4957 τῶν
921 4906 1098 4974 νόμων
1127 4920 1220 4956 και
1251 4903 1357 4956 ἀπὸ
1385 4903 1493 4955 τῶν
1523 4903 1764 4956 κανόνων

222 5001 435 5064 δέδοται,
470 4999 550 5069 μὴ
607 4996 752 5064 ἐχειν
810 4993 902 5046 ἐπ’
942 4992 1138 5080 ,ἁδείας
1194 4993 1424 5044 ἕκαστον
1483 4992 1613 5062 παρ’
1671 4993 1767 5062 οἴῳ

224 5091 452 5156 βούλεται
471 5085 811 5154 δικαστηρίῳ
835 5084 1319 5152 ἁποκριματίστως
1341 5085 1574 5151 ἐνάγειν.
1601 5085 1766 5136 Ἀλλὰ

221 5181 319 5242 τοῖς
356 5182 454 5247 μὲν
483 5181 703 5236 λαῖκοίς
731 5174 1162 5242 ἁπενεμήθησαν
1211 5175 1278 5224 τὰ
1314 5173 1567 5226 πολιτικά
1619 5175 1771 5224 δικα-

223 5269 565 5337 στήρια,τοῐς
597 5266 655 5317 δὲ
711 5263 1026 5332 ἱερωμένοις
1083 5262 1178 5314 καὶ
1231 5265 1344 5323 τοῖς
1398 5267 1649 5331 μοναχοῖς
1697 5265 1763 5314 τὰ

203 5352 654 5431 ἶκκλησιαστιγά.
715 5355 783 5409 Εἴ
821 5373 904 5418 τις
951 5350 1043 5408 οὖν
1077 5356 1386 5426 ίερωμένος,
1422 5361 1584 5424 φησιν
1612 5363 1638 5410 ό
1674 5380 1773 5415 κα-

1852 1914 2101 1980 inopiam.

2435 2016 2662 2074 CANON
2692 2015 2806 2071 XV.

1858 2131 1877 2165 ι
1917 2113 1987 2166 De
2020 2112 2242 2166 diversis
2272 2111 2542 2164 ordinibus
2570 2109 2817 2162 Ecclesia:
2848 2105 3220 2166 servientibus,
3260 2111 3317 2155 ut
3346 2102 3395 2157 si

1924 2222 1943 2255 t
1983 2204 2102 2274 quis
2139 2205 2188 2255 in
2227 2202 2386 2271 530
2415 2199 2688 2252 criminale
2731 2195 3002 2261 negotium
3051 2191 3310 2251 inciderit,
3347 2199 3401 2242 et

1927 2311 1946 2344 ι
1981 2293 2225 2346 abnuerit
2279 2290 2538 2358 judicium
2608 2285 3051 2344 ecclesiasticum,
3106 2281 3294 2332 debeat
3347 2277 3399 2330 itt

1928 2400 1946 2432 t
1983 2381 2278 2450 periculum
2319 2379 2519 2438 venire,
2555 2384 2606 2428 et
2662 2384 2718 2426 ιιι
2783 2373 2871 2424 lilii
2935 2372 3268 2424 sacerdotum
3331 2368 3399 2420 ιι

1929 2489 1949 2522 ι
1989 2472 2255 2523 mundana
2312 2465 2614 2532 spectacula
2656 2478 2762 2515 non
2811 2462 3084 2514 accedant.
3146 2457 3405 2509 Similiter

1928 2579 1946 2613 t
1988 2561 2204 2630 placuit.
2241 2568 2297 2610 ut
2337 2557 2638 2624 quicunque
2680 2553 2963 2619 episcopus
2997 2549 3095 2607 vel,
3123 2549 3402 2613 presbyter

1931 2671 1949 2703 ι
1992 2651 2076 2704 vel
2111 2651 2365 2702 diaconus
2399 2647 2479 2698 vel
2528 2645 2783 2706 clericus,
2843 2639 3109 2693 criminali
3153 2636 3230 2688 vel
3263 2633 3405 2687 civili

1933 2757 1951 2790 t
1997 2735 2364 2792 controversia
2395 2735 2444 2784 in
2479 2730 2715 2784 Ecclesia
2771 2729 3024 2781 adversus
3054 2739 3180 2776 eum
3242 2732 3404 2780 mota,

1931 2847 1948 2880 ι
1992 2832 2036 2882 si
2068 2841 2320 2879 recusans
2353 2823 2530 2875 forum
2552 2817 2973 2874 ecclesiasticum
3001 2813 3127 2867 velit
3179 2810 3405 2879 publicis

1934 2937 1952 2969 t
1984 2917 2201 2983 jttdiciis
2246 2913 2487 2982 purgari,
2540 2909 2748 2963 etiamsi
2783 2923 2878 2976 pro
2913 2921 2977 2959 eo
3008 2902 3268 2957 sententia
3301 2900 3407 2951 lata

1934 3025 1952 3058 t
1989 3008 2080 3068 sit,
2113 3015 2291 3058 tamen
2325 3001 2603 3070 proprium
2634 2999 2806 3053 locum
2840 2996 3068 3050 amittat.
3100 2993 3163 3045 Et
3203 2992 3251 3044 id
3286 2990 3407 3057 qui-

1935 3117 1954 3150 ι
1993 3102 2111 3151 dem
2165 3097 2218 3148 in
2247 3093 2549 3155 criminali;
2589 3091 2640 3144 in
2687 3088 2828 3143 civili
2878 3096 3078 3146 autent,
3114 3082 3302 3151 perdat
3358 3079 3410 3131 id

1935 3207 1954 3240 ι
1988 3203 2084 3257 pro
2115 3200 2219 3254 quo
2253 3185 2517 3237 actionem
2553 3179 2799 3239 intendit,
2826 3176 2871 3230 si
2928 3177 3197 3241 proprium
3235 3169 3410 3220 locum

1935 3295 1954 3326 ι
1989 3255 2235 3328 obtinere
2267 3269 2517 3322 voluerit.
2548 3267 2726 3334 Atque
2779 3265 2880 3316 ltoc
2906 3262 3118 3330 quidem
3169 3255 3410 3325 plaettit;

1938 3384 1956 3416 ι
1995 3373 2050 3416 ttt
2100 3363 2145 3416 si
2182 3376 2213 3415 a
2246 3361 2658 3430 qnibuscunqtte
2713 3335 3093 3408 ecclesiasticis
3145 3347 3414 3414 indicibus

1936 3474 1955 3508 ι
1992 3457 2059 3509 ad
2116 3453 2248 3505 alios
2298 3450 2508 3518 judices
2569 3444 2987 3503 ecclesiasticos,
3030 3438 3282 3506 majorem
3315 3448 3414 3502 po-

1936 3565 1953 3596 t
2000 3552 2248 3597 testatem
2287 3531 2566 3601 habentes,
2610 3535 2703 3587 ﬁat
2723 3531 3026 3600 appellatio,
3057 3527 3108 3580 id
3159 3524 3292 3577 ttiltil
3317 3537 3411 3574 eos

1937 3655 1953 3686 t
1997 3635 2155 3687 laniat
2187 3633 2415 3684 duorum
2475 3624 2735 3679 sententia
2793 3621 3040 3680 solvitur,
3075 3617 3118 3670 si
3170 3612 3414 3667 convim-i

1940 3743 1958 3774 ι
2002 3737 2104 3775 ιιοιι
2144 3721 2353 3788 possint
2386 3714 2467 3769 vel
2524 3714 2648 3766 odio
2700 3710 2776 3763 vel
2826 3709 2998 3775 aliqua
3062 3705 3224 3758 animi
3284 3702 3416 3753 alie-

1940 3834 1958 3865 ι
1993 3814 2167 3867 ctione
2195 3811 2490 3879 iudicasse,
2552 3803 2633 3857 vel
2678 3804 2842 3868 gratia
2906 3801 3083 3866 aliqua
3130 3801 3411 3860 corruptos

1943 3923 1960 3956 t
1999 3917 2155 3966 esse;
2191 3878 2274 3954 sin
2315 3907 2491 3950 autem
2532 3907 2597 3948 ex
2651 3904 2919 3945 consensu
2981 3887 3211 3954 partium
3259 3878 3419 3934 electi

1940 4015 1958 4047 ι
1995 3995 2102 4048 sint
2129 3991 2356 4058 iudices,
2383 3986 2593 4041 etiamsi
2644 3983 2756 4038 sint
2805 3979 3104 4048 pauciores,
3155 3988 3314 4042 quam
3349 3971 3420 4022 sit

1939 4101 1958 4133 ι
1998 4063 2292 4138 deﬁnitum,
2357 4091 2460 4128 non
2494 4074 2658 4127 licere
2722 4069 3012 4138 appellare.
3044 4065 3109 4116 Et
3145 4072 3200 4113 ιιι
3237 4076 3420 4113 sact-r-

1941 4191 1961 4224 t
2005 4175 2186 4225 dotum
2222 4167 2335 4231 lilii,
2365 4164 2642 4220 smcularia
2675 4159 2978 4227 spectacula
3031 4170 3127 4209 nec
3160 4161 3426 4222 peragant

1943 4280 1962 4312 ι
2011 4275 2110 4314 nec
2137 4264 2404 4326 Spectent.
2454 4254 2566 4305 Hoc
2595 4261 2771 4304 autem
2804 4257 2858 4300 et
2885 4247 3134 4300 omnibus
3163 4243 3426 4294 Christia-

1944 4372 1961 4404 t
1993 4355 2076 4406 nis
2100 4363 2313 4417 semper
2337 4355 2417 4398 est
2445 4342 2812 4400 interdictum,
2843 4345 2898 4390 ut
2921 4336 2987 4388 ab
3015 4334 3079 4386 iis
3100 4332 3426 4388 abstineant,

1942 4463 1959 4494 ι
1995 4453 2050 4494 ιιι
2081 4440 2168 4493 tibi
2201 4445 2328 4493 sunt
2380 4430 2729 4500 blasphemia:
2762 4435 2816 4482 et
2867 4423 3148 4477 maledicta
3186 4436 3288 4472 non
3337 4433 3428 4468 ac—

1944 4552 1963 4585 ι
1999 4534 2211 4588 cedant.
2252 4547 2270 4582 ι

1945 4920 2137 4974 BALS.
2165 4920 2229 4973 Et
2265 4935 2292 4973 a
2328 4919 2534 4990 legibus
2561 4931 2613 4973 et
2637 4935 2667 4972 a
2697 4918 2996 4972 canonibus
3033 4918 3283 4969 traditum
3315 4927 3423 4978 est,

1875 5029 1978 5067 non
2005 5014 2166 5067 licere
2197 5011 2484 5079 unicuique
2512 5012 2650 5077 apud
2704 5011 3060 5077 quodcunque
3094 5009 3218 5059 velit
3249 5007 3422 5059 rerum

1874 5107 2010 5157 citra
2051 5101 2420 5170 pratjudicium
2452 5116 2632 5168 agere.
2666 5101 2769 5153 Sed
2807 5099 2957 5152 laicis
2982 5102 3199 5167 quidem
3231 5101 3432 5153 tributa

1873 5205 1996 5247 sunt
2028 5191 2144 5245 fora
2197 5191 2373 5244 civilia
2409 5208 2421 5243 :
2457 5193 2534 5244 eis
2585 5200 2788 5254 autem,
2824 5191 2915 5258 qui
2951 5199 3075 5242 sunt
3122 5190 3342 5252 sacrati,
3380 5200 3430 5241 et

1875 5282 2158 5335 monachis
2186 5281 2579 5335 ecclesiastica.
2618 5278 2671 5333 Si
2701 5285 2822 5348 quis
2848 5295 3000 5347 ergo,
3035 5278 3208 5346 inquit
3235 5295 3429 5336 canon.

1875 5381 2164 5436 sacratus,
2233 5371 2334 5424 bac
2361 5372 2744 5424 constitutione
2800 5380 3126 5438 contempta,
3177 5372 3227 5422 in
3290 5370 3432 5422 civili

1439 5499 1634 5564 Guill.
1662 5505 1983 5584 Beveregii
2016 5517 2204 5570 notae.

221 5683 255 5702 ᾗ,
282 5616 384 5697 (l5)
417 5619 532 5699 Τῆς
557 5616 898 5682 ἐκκλησίας
927 5613 1281 5671 δουλωτῶν.
1325 5618 1385 5673 in
1417 5635 1550 5677 mss.
1584 5626 1794 5680 Amerb:

1860 5629 2013 5684 biano
2037 5644 2090 5686 et
2121 5633 2425 5690 Etoniensi
2487 5637 2687 5688 rectius
2746 5634 2962 5702 legitur.
3026 5633 3104 5701 Τῇ
3165 5629 3431 5700 ἐκκλησίᾳ

219 5691 590 5742 ὀουλευουσῶν.
