4114 6472
607 397 675 461 71
1855 382 2130 442 ΤΠΕΟΙ).
2180 383 2191 439 ]

2294 377 2576 438 LSAMON
3766 369 3838 428 7‘2

607 504 809 573 judicio
840 502 1096 555 adversus
1139 506 1409 551 sacratum
1446 494 1529 547 vel
1559 492 1879 547 monacbutn
1917 492 2169 544 crimina-

2298 490 2391 556 ὼν,
2462 489 2881 559 καταφρονήσας
2956 487 3051 556 τῆς
3122 484 3378 554 τοιαύτης
3448 482 3834 554 θεσμοθεσὶας,

614 597 715 649 lem
748 596 1012 646 actionem
1047 588 1373 649 intenderit;
1404 584 1484 637 vel
1530 584 1577 639 si
1617 586 1738 653 quis
1764 584 1829 637 ad
1860 594 2168 650 competens

614 687 788 738 forum
847 680 1273 735 ecclesiasticum
1339 687 1565 740 tractus,
1629 677 1678 729 id
1738 674 2087 736 recusaverit,
2116 684 2171 727 et

615 777 885 846 publicum
946 788 1041 825 seu
1094 770 1248 825 civile
1301 770 1522 836 elegerit
1575 767 1650 835 (id
1706 766 1851 819 enim
1897 776 1980 820 est
2038 765 2171 819 velle

616 868 857 937 purgari,
919 881 1009 917 seu
1064 878 1090 913 a
1134 860 1359 913 crimine
1394 858 1529 911 velle
1560 856 1765 909 absolvi
1809 857 2172 921 iun0cmtsque

614 956 879 1010 declarari
946 968 1040 1018 per
1094 952 1364 1019 publicum
1391 944 1697 1014 ju'dicium).
1741 947 1951 999 etiamsi
1984 946 2035 998 in
2083 946 2174 998 illo

620 1048 835 1115 publico
890 1044 1089 1111 judicio
1152 1040 1367 1101 vicerit,
1401 1038 1515 1090 sive
1547 1046 1713 1098 actor,
1762 1037 1877 1089 sive
1905 1051 2025 1089 reus
2054 1054 2064 1087 :
2099 1044 2176 1089 ta-

622 1155 742 1193 men
778 1137 1046 1206 proprium
1092 1133 1290 1192 locum,
1352 1131 1462 1181 sive
1531 1129 1749 1197 gradum
1809 1135 1863 1179 et
1918 1126 2174 1180 honorem

618 1229 1010 1284 sacerdotalem
1068 1224 1309 1282 amittet;
1361 1231 1576 1288 propter
1638 1218 1737 1269 boc
1780 1217 1951 1283 ipsum
2003 1220 2173 1269 solum

622 1318 914 1385 depositus,
953 1315 1090 1381 quod
1133 1314 1334 1363 scilicet
1362 1310 1533 1362 forum
1554 1307 1979 1362 ecclesiasticum
2018 1321 2176 1359 recu-

628 1408 850 1469 saverit,
878 1415 930 1458 et
960 1404 1113 1455 civile
1148 1399 1393 1467 elegerit.
1424 1400 1490 1451 Et
1530 1399 1746 1465 quando
1775 1395 1938 1448 fuerit
1962 1396 2175 1462 quidem

624 1496 904 1551 criminale
966 1490 1356 1560 jndicium,sic
1410 1489 1551 1540 erit:
1616 1488 1829 1554 quando
1883 1496 2064 1538 autem
2097 1496 2179 1537 est

625 1587 784 1641 civile
813 1587 954 1653 quod
981 1596 1243 1645 movetur,
1276 1594 1365 1631 seu
1411 1580 1803 1646 pecuniarium,
1845 1578 2055 1631 etiamsi
2088 1591 2178 1629 sa-

626 1690 814 1732 cratus
847 1676 1166 1729 sententiam
1202 1670 1515 1733 obtinuerit,
1555 1676 1633 1722 sic
1665 1685 1876 1737 quoque
1903 1684 1929 1720 a
1962 1668 2182 1737 prOprio

630 1770 794 1836 gradu
856 1768 1085 1829 excidet,
1127 1763 1227 1816 nisi
1289 1778 1399 1814 rem
1464 1762 1863 1828 contempserit,
1915 1774 2009 1827 pro
2074 1773 2178 1827 qua

630 1862 948 1913 sententiam
996 1856 1241 1916 obtinuit,
1276 1862 1327 1906 ct
1374 1868 1435 1906 ea
1483 1852 1702 1904 cesserit
1752 1850 2060 1903 adversario
2082 1864 2179 1903 suo

631 1968 660 2001 a
689 1964 748 2002 se
782 1957 1055 2015 snperato.
1093 1946 1353 1997 Praeterea
1404 1943 1755 1994 decreverunt
1802 1939 2009 2003 Patres,
2047 1950 2103 1991 ut
2135 1940 2178 1992 si

634 2040 756 2108 quis
785 2040 1041 2091 adversus
1073 2037 1444 2103 episcoporum
1483 2033 1563 2084 vel
1606 2033 1830 2084 aliorum
1856 2031 2183 2085 ecclesiasti-

634 2143 820 2182 corum
871 2127 1108 2194 judicum
1143 2124 1461 2178 sententiam
1521 2124 1887 2191 appellaverit,
1922 2131 1975 2176 et
2008 2122 2183 2189 appel-

636 2218 763 2272 latio
802 2217 866 2270 ad
900 2216 1153 2283 majorem
1179 2217 1434 2283 judicem,
1464 2216 1890 2268 ecclesiasticum
1918 2216 2182 2279 videlicet,

644 2310 893 2371 redierit,
960 2306 1107 2374 juata
1163 2307 1515 2360 universalem
1566 2305 1703 2372 juris
1768 2307 2025 2372 regulam,
2066 2318 2185 2371 qua:

639 2400 847 2459 statuit,
891 2398 1120 2465 judices,
1152 2397 1215 2449 ad
1246 2412 1379 2463 quos
1410 2397 1721 2465 appellatur.
1779 2407 2028 2461 Oportere
2067 2410 2187 2447 eSse

641 2486 873 2551 majores
898 2486 963 2537 iis
995 2486 1082 2553 qui
1115 2485 1345 2550 primum
1388 2484 1743 2554 judicavcrint
1774 2500 1787 2535 :
1823 2491 1876 2535 et
1904 2486 2188 2552 comigerit

639 2590 670 2627 a
694 2574 960 2644 indicibus
980 2575 1351 2642 appellationis
1382 2576 1605 2643 primam
1631 2578 1948 2628 sententiam
1980 2574 2146 2628 everti
2171 2592 2187 2640 ;

642 2642 786 2715 nulla
816 2662 867 2713 in
906 2642 962 2715 re
994 2664 1255 2714 laedantur
1278 2662 1334 2725 ii,
1363 2662 1454 2729 qui
1487 2662 1713 2729 primam
1753 2666 2077 2716 sententiam
2111 2673 2191 2712 tn-

644 2752 838 2813 lerunt,
861 2753 975 2804 sive
1023 2753 1092 2803 sit
1145 2766 1307 2803 causa
1341 2753 1655 2814 criminalls,
1697 2755 1812 2805 sive
1844 2758 2189 2821 pecuniaria;

645 2839 747 2891 nisi
783 2840 817 2891 ti
855 2838 1088 2891 convicti
1140 2838 1339 2890 fuerint
1368 2839 1690 2890 sententiam
1728 2839 1912 2892 tulisse
1978 2853 2193 2908 propter

641 2929 823 2982 odimn
854 2929 971 2997 ejus
1002 2928 1093 2994 qui
1143 2927 1431 2980 damnatus
1459 2937 1560 2990 est,
1596 2930 1678 2982 vel
1711 2938 1927 2997 propter
1954 2929 2193 2983 all'ectio-

644 3032 763 3070 nem
797 3020 849 3071 in
883 3034 1007 3070 eum
1061 3019 1152 3085 qui
1194 3028 1275 3070 est
1327 3018 1623 3082 absolutus,
1653 3019 1735 3071 vel
1781 3029 1836 3071 ut
1884 3020 2193 3072 muneribus

2270 581 2516 650 ἐναγάγῃ
2568 581 2720 641 παρά
2782 577 3043 641 πολιτικῷ
3098 575 3437 645 δικαστηρίῳ
3492 576 3638 628 κατά
3672 576 3833 642 ίερω-

2275 677 2435 743 μένου
2471 674 2504 742 ἢ
2552 672 2786 742 μοναχοῦ
2840 670 2969 738 περὶ
3020 667 3435 737 ἐγκληματικῆς
3496 665 3836 729 ὑποθέσεως,

2274 768 2306 837 ἢ
2340 768 2390 817 εἴ
2414 783 2497 827 τις
2526 764 2727 823 αὐτῶν,
2762 764 2910 831 παρά
2939 760 3015 829 τῷ
3046 762 3342 828 προσφόρῳ
3381 756 3833 824 ἐκκλησιαστικῷ

2272 854 2606 921 δικαστηρίῳ
2662 850 2979 911 ἐλκυσθεὶς,
3036 849 3433 921 παραιτήσεται
3495 847 3674 909 τοῦτο,
3735 845 3833 896 καὶ

2275 943 2576 1006 ἐπιλέξεται
2618 940 2970 1007 δικαστήριον
3019 937 3317 1003 δημοτικὸν
3366 936 3485 1005 ἦτοι
3548 936 3831 986 πολιτικὸν

2277 1033 2455 1103 (τοῦτο
2533 1032 2640 1099 γάρ
2701 1033 2813 1081 ἐστι
2884 1030 2946 1079 τὸ
3020 1026 3226 1080 ἐθέλειν
3296 1027 3640 1095 καθαρθῆναι
3712 1027 3835 1096 ήτοι

2277 1122 2600 1190 ἀθωωθῆναι
2638 1119 2733 1171 τοῦ
2765 1119 3088 1184 αίτιάματος
3130 1118 3221 1171 διά
3259 1118 3520 1187 δημοσίου
3566 1117 3831 1185 δικαστη-

2280 1211 2441 1277 ρίου),
2486 1209 2588 1262 κάν
2630 1208 2826 1276 νικήσῃ
2871 1208 2929 1257 ἐν
2994 1207 3073 1273 τῷ
3129 1207 3470 1274 δικαστηρίῳ
3516 1206 3709 1274 ἐκείνῳ
3757 1204 3837 1274 τῷ

2277 1301 2565 1370 πολιτικῷ,
2610 1300 2720 1352 είτε
2764 1298 2840 1360 ὡς
2884 1297 3128 1361 ἐνάγων,
3176 1299 3229 1349 εἰ
3271 1314 3331 1349 τε
3370 1299 3444 1361 ὡς
3486 1299 3839 1365 ἐναγόμενος,

2278 1393 2432 1458 ὅμως
2460 1394 2550 1441 τὸν
2587 1392 2717 1445 ῐδιον
2744 1394 2927 1457 τόπον,
2949 1396 3065 1463 ήτοι
3092 1393 3299 1462 βαθμὸν
3321 1393 3414 1444 καὶ
3441 1390 3537 1460 τὴν
3562 1389 3843 1461 ἱερατικὴν

2279 1478 2444 1545 τιμὴν
2472 1478 2731 1531 ἀπολέσει
2760 1495 2775 1509 ⁸
2801 1480 2889 1531 διὰ
2922 1481 3079 1531 τοῦτο
3128 1480 3259 1531 αὐτὸ
3289 1481 3385 1532 καὶ
3431 1481 3591 1549 μόνον
3641 1479 3840 1531 καθαι-

2286 1568 2564 1637 ροόμενος,
2600 1570 2686 1621 διὰ
2717 1571 2777 1621 τὸ
2810 1569 3249 1639 παραιτήσασθαι
3280 1570 3341 1620 τὸ
3370 1568 3836 1637 ἐκκλησιαστικὸν

2283 1658 2651 1728 δικαστήριον,
2680 1661 2773 1713 καὶ
2806 1660 3159 1723 ἐπιλέξασθαι
3189 1660 3248 1711 τὸ
3274 1660 3573 1712 πολιτικόν.
3603 1659 3729 1710 Καὶ·
3748 1659 3839 1710 ὅτε

2242 1814 2248 1821 ς
2291 1751 2388 1817 μὲν
2437 1750 2838 1818 ἐγκληματικὸν
2889 1751 2977 1818 εἴη
3016 1752 3075 1803 τὸ
3128 1751 3500 1819 δικαστήριον,
3546 1751 3842 1817 γενήσεται

2285 1844 2442 1897 τοῦτο
2470 1861 2484 1875 ·
2534 1846 2621 1895 ὅτε
2670 1844 2727 1895 δὲ
2777 1843 3053 1895 πολιτικόν
3108 1845 3226 1895 ἐστι
3267 1843 3328 1894 τὸ
3380 1841 3690 1911 κινούμενον
3722 1842 3843 1911 ήτοι

2286 1936 2644 2007 χρηματικδν,
2680 1935 2783 1987 κᾶν
2824 1934 3085 2003 δικαιωθῇ
3120 1936 3147 1986 6
3179 1935 3490 2003 ίερωμένος,
3547 1937 3641 1985 καὶ
3669 1932 3843 1996 οὕτως

2288 2028 2599 2078 ἐκπεσεῖται
2627 2026 2721 2077 τοῦ
2752 2025 2953 2077 οἰκείου
2985 2023 3294 2094 βαθμοῦκεί
3330 2026 3403 2092 μὴ
3431 2024 3844 2092 καταφρονήσει

2286 2116 2379 2168 τοῦ
2406 2116 2729 2185 πράγματος
2758 2115 2845 2183 ἐφ’
2877 2109 2921 2181 ᾧ
2955 2113 3271 2182 ἐδικαιώθη,
3303 2116 3396 2165 καὶ
3440 2115 3842 2183 παραχωρήσει

2288 2204 2583 2258 εἶναιαὺτὸ
2616 2207 2767 2275 παρὰ
2786 2206 2863 2274 τῷ
2896 2206 3152 2274 ἀντιδίκῳ
3196 2204 3360 2257 αὑτοῦ
3403 2204 3478 2273 τῷ
3521 2204 3838 2273 ήττηθέντι.

2291 2297 2431 2366 Πρὸς
2464 2295 2674 2356 τούτοις
2706 2295 2914 2362 ὥρισαν
2942 2296 2989 2347 oi
3015 2295 3278 2365 Πατέρες,
3317 2294 3427 2356 ἵνα,
3461 2295 3558 2347 ἐὰν
3605 2296 3838 2348 ἐκκαλέ-

2294 2389 2451 2457 σηταί
2496 2404 2580 2448 τις
2635 2388 2777 2439 κατά
2819 2386 3147 2452 ἀποφάσεως
3192 2386 3512 2437 ἐπισκόπων
3558 2386 3590 2455 ἢ
3642 2388 3847 2455 ἐτέρων

2292 2479 2559 2531 δικαστῶν
2598 2478 3090 2547 ἐκκλησιαπικῶν,
3122 2477 3215 2529 καὶ
3268 2479 3301 2545 ή
3337 2477 3600 2545 ἔκκλητος
3636 2480 3845 2529 ἐπανα-

2292 2571 2473 2639 δράμῃ
2500 2570 2575 2629 είς
2601 2568 2817 2636 μείζονα
2840 2568 3118 2632 δικαστήν,
3138 2567 3350 2627 πάντως
3372 2568 3845 2636 ἐκκλησιαστικὸν,

2293 2662 2431 2713 κατά
2474 2662 2571 2728 τήν
2613 2659 2841 2711 καθόλου
2875 2658 3103 2728 νομικὴν
3138 2656 3514 2720 διδασκαλίαν,
3540 2658 3638 2727 τὴν
3670 2659 3846 2728 διορι-

2296 2750 2531 2819 ζομινην
2574 2752 2699 2812 τοὺς
2761 2748 3051 2817 ἐκκλήτους
3098 2749 3362 2809 δικαστὰς
3408 2748 3643 2814 ὀφείλειν
3699 2745 3847 2802 εἶναι

2298 2844 2545 2911 μείζονας
2595 2842 2702 2892 τῶν
2767 2840 2996 2907 πρώτως
3071 2840 3443 2900 δικασάντων,
3503 2839 3596 2890 καὶ
3665 2841 3846 2909 συμϐῇ

2294 2931 2679 2999 ἀνατραπῆναι
2729 2930 2827 2998 τὴν
2897 2929 3119 2996 πρώτην
3188 2930 3466 2995 ἀπόφασιν
3531 2928 3681 2997 παρά
3743 2931 3851 2981 τῶν

2298 3020 2668 3089 ἐκκληταρίων
2716 3020 3024 3081 δικαστῶν,
3089 3018 3233 3071 κατά
3289 3020 3456 3089 μηδὲν
3514 3020 3849 3087 βλάπτεσθαι

642 3111 880 3177 corrupti
909 3127 923 3172 ;
969 3112 1020 3161 id
1052 3110 1195 3162 enim
1227 3118 1309 3161 est
1336 3109 1503 3177 gratia
1548 3119 1861 3177 corruptum
1898 3123 2055 3165 esse:
2098 3117 2191 3160 aut

2296 3112 2422 3171 τοὺς
2469 3110 2700 3177 πρώτως
2763 3109 3257 3177 ἀποφηναμένους,
3304 3111 3408 3159 κᾶν
3460 3111 3847 3177 ἐγκληματική

646 3202 955 3252 muneribus
1020 3200 1387 3265 corrumpitur
1432 3199 1742 3265 quispiam,
1803 3198 1885 3250 vel
1937 3200 2190 3264 pecunias

646 3290 977 3356 accipiendo,
1003 3289 1083 3338 vel
1111 3302 1174 3339 eo
1197 3288 1287 3353 qui
1312 3289 1481 3353 ipsum
1516 3288 1778 3353 corrupit,
1812 3288 1988 3353 aliqua
2016 3289 2188 3357 gratia

646 3378 731 3432 vel
761 3378 1020 3432 beneﬁcio
1053 3380 1381 3430 demerente.
1424 3376 1558 3429 Nota
1593 3391 1719 3444 ergo
1743 3388 2061 3445 praeSentem
2098 3394 2194 3430 cae

648 3485 863 3533 nonem,
920 3469 1162 3521 homines
1194 3475 1434 3520 θεοποιός
1488 3470 1637 3523 valde
1696 3472 2048 3538 punientem,
2105 3470 2193 3533 qui

648 3563 1128 3629 qnonmdocunque
1183 3560 1234 3610 in
1293 3558 1523 3625 politicis
1575 3559 1792 3625 judiciis
1824 3560 2049 3627 litigant.
2084 3557 2194 3610 Nec

655 3651 750 3703 tibi
801 3651 1128 3702 contrarium
1175 3650 1411 3698 videatur
1460 3662 1577 3715 cap.
1620 3648 1708 3709 90,
1761 3650 1843 3703 tit.
1897 3650 1948 3712 1,
2004 3649 2094 3701 lib.
2147 3664 2195 3701 χι

650 3740 843 3792 Basilic
876 3778 889 3801 ,
923 3750 976 3791 et
1008 3754 1130 3805 cap.
1166 3737 1219 3797 9.
1248 3738 1328 3789 tit.
1356 3736 1407 3799 5,
1439 3736 1532 3787 lib.
1561 3754 1639 3799 tn,
1672 3740 1809 3804 quod
1837 3738 1983 3799 dicit,
2018 3753 2199 3791 sacra-

653 3841 734 3882 tos
762 3830 1070 3881 renuntiare
1096 3844 1249 3896 posse
1278 3831 1562 3884 sacerdotii
1594 3828 1996 3897 praescriptioni.
2019 3828 2199 3891 Quan-

653 3928 761 3971 tum
821 3919 960 3971 enim
1018 3923 1082 3970 ad
1143 3910 1507 3974 adversarium
1539 3923 1752 3981 attinet,
1783 3920 1917 3970 valet
1971 3920 2070 3971 hoc
2103 3936 2188 3985 pa-

651 4021 816 4062 ctum.
881 4008 973 4061 Est
1024 4018 1200 4060 autem
1254 4010 1358 4061 alia
1386 4011 1525 4063 ratio
1550 4011 1691 4075 quod
1720 4010 2015 4062 secundum
2065 4024 2199 4076 prce-

653 4110 858 4154 sentem
893 4115 1152 4153 canonem
1211 4100 1421 4152 laeditur
1484 4100 1572 4167 qui
1632 4116 1753 4153 eum
1819 4102 2202 4167 contempserit

654 4191 825 4243 Sacris
908 4191 1168 4242 initiatus.
1230 4188 1368 4256 Lege
1429 4199 1480 4241 et
1542 4189 1897 4243 centesimum
1952 4199 2201 4251 quartum

655 4284 913 4332 canonem
978 4278 1535 4350 .syttodiijprwsentis,
1586 4287 1639 4329 et
1686 4276 1940 4328 Cbalced.
2015 4276 2200 4343 synodi

657 4382 913 4421 canonem
947 4366 1000 4419 9.
1024 4366 1155 4418 Cum
1190 4378 1366 4416 autent
1389 4380 1559 4416 canon
1578 4365 1821 4429 superius
1852 4366 2117 4421 Statuerit,
2149 4370 2203 4412 nt

2296 3201 2548 3265 ὲστι,κᾶν
2578 3202 2890 3269 χρηματικῇ
2931 3200 3202 3261 ὑπόθεσιςο
3239 3201 3285 3252 εί
3319 3201 3483 3268 μήπω
3514 3200 3847 3269 ἐλεγχθῶσιν

2296 3287 2437 3344 οὗτοι
2473 3293 2879 3359 ἀποφηνάμενοι
2908 3293 3045 3343 κατά
3075 3290 3273 3359 ἔχθραν
3303 3290 3395 3343 τοῦ
3424 3293 3854 3345 καταδικασθέν-

2297 3398 2407 3442 τος,
2443 3383 2475 3448 ἢ
2505 3380 2643 3431 κατά
2702 3380 3077 3445 προσπάθειαν
3115 3380 3209 3431 τοῦ
3260 3381 3661 3443 δικαιωθέντος,
3704 3383 3737 3451 ἢ
3775 3381 3853 3441 ῶς

2297 3470 2754 3539 δωροδοκηθέντες
2776 3487 2787 3499 ·
2822 3470 2979 3521 τοῦτο
3018 3472 3124 3537 γάρ
3156 3473 3271 3521 ἐστι
3302 3473 3359 3521 τὸ
3393 3472 3576 3541 χάριτι
3610 3471 3848 3538 ὑποφθα-

2304 3562 2488 3630 ρῆναι·
2514 3562 2630 3630 ήτοι
2662 3562 3035 3630 δωροδοκεϊταί
3065 3577 3146 3619 τις
3173 3562 3205 3630 ἢ
3240 3562 3501 3630 χρήματα
3534 3560 3853 3631 λαμϐάνων,

2299 3651 2332 3719 ἢ
2384 3650 2548 3717 ἄλλην
2593 3651 2713 3702 τινά
2760 3651 2921 3718 χάριν
2965 3649 3112 3719 αύτῷ
3162 3650 3494 3716 πληροῦντος
3542 3650 3635 3701 τοῦ
3691 3652 3856 3703 αὐτὸν

2301 3738 2745 3805 ὑποφθείραντος.
2772 3739 3079 3806 Σημείωσαι
3116 3738 3208 3790 οὖν
3241 3740 3330 3789 τὸν
3356 3740 3597 3808 παρόντα
3625 3744 3847 3804 κανόνα,

2305 3828 2550 3895 μεγάλως
2596 3828 2891 3891 κολάζοντα
2932 3829 3055 3889 τοὺς
3101 3830 3410 3897 ἱερατικοὺς
3457 3830 3852 3897 δικαζομένους

2302 3919 2655 3985 ὁπωσδήποτε
2719 3920 2797 3978 εἰς
2862 3918 3187 3986 δικαστήρια
3251 3922 3525 3972 πολιτικά.
3588 3922 3697 3973 Καὶ
3778 3926 3854 3989 μὴ

2304 4012 2592 4078 ἐναντιωθῇ
2621 4025 2700 4059 σοι
2720 4012 2779 4059 τὸ
2808 4026 2929 4075 κεφ.
2951 4014 2997 4074 ι(
3025 4010 3117 4062 τοῦ
3148 4008 3195 4060 α’
3217 4010 3395 4061 τίτλου
3427 4010 3519 4062 τοῦ
3551 4017 3619 4063 ια’
3652 4013 3854 4079 βιϐλίου

2302 4100 2407 4151 τῶν
2438 4098 2757 4162 Βασιλικῶν,
2785 4103 2876 4150 καὶ
2924 4100 2983 4151 τὸ
3018 4100 3061 4150 θ’
3112 4116 3240 4163 κεφ.
3289 4099 3384 4151 τοῦ
3420 4099 3595 4165 γ’τὶτ.
3649 4102 3855 4168 βιϐλίου

2302 4189 2394 4243 τοῦ
2433 4188 2479 4256 γ’
2512 4190 2761 4254 λέγοντος
2804 4189 3060 4241 δύνασθαι
3096 4189 3221 4250 τοὺς
3261 4190 3585 4258 ίερωμένους
3624 4192 3857 4243 ἀποτάτ-

2303 4279 2489 4330 τεσθαι
2545 4282 2609 4347 τῇ
2658 4279 2755 4343 τῆς
2810 4279 3112 4347 ἱερωσύνης
3158 4284 3527 4348 παραγραφῇ⁹
3581 4282 3704 4332 ὅσον
3750 4278 3899 4352 γὰρ’

2306 4369 2440 4431 πρὸς
2486 4371 2576 4419 τὸν
2629 4368 2899 4419 ἀντίδικον
2960 4368 3193 4437 ἔρρωται
3235 4370 3296 4419 τὸ
3345 4369 3635 4437 σύμφωνον
3678 4371 3856 4423 τοῦτο.

655 4450 887 4528 episcopi
911 4458 1065 4526 531
1096 4473 1120 4507 ιι
1146 4457 1422 4508 duodecim
1441 4454 2040 4522 episcopisjmlicentnr,
2066 4472 2090 4502 a
2113 4469 2191 4504 se!

2310 4459 2535 4526 Ἕτερον
2567 4458 2621 4508 δὲ
2650 4456 2807 4522 λόγου
2834 4460 2969 4520 ἐστὶ,
3002 4461 3081 4511 ὃτι
3113 4460 3407 4526 βλάπτεται
3433 4461 3571 4512 κατά
3595 4462 3685 4513 τὸν
3720 4479 3859 4531 παρ-

659 4561 835 4602 autem
886 4549 1218 4609 sacerdotes,
1252 4556 1303 4598 et
1331 4547 1541 4598 diaconi
1579 4561 1606 4596 a
1660 4547 1830 4597 tribus
1864 4562 1877 4596 :
1914 4545 2206 4611 snbjnnxe-

663 4655 787 4694 rttnt
855 4640 1061 4699 Patres,
1114 4638 1254 4704 quod
1314 4652 1431 4704 qua:
1486 4640 1549 4687 de
1583 4636 2204 4703 appellationibnsdicta

660 4740 783 4781 sunt
816 4740 869 4781 et
907 4730 1104 4793 reliqua
1151 4726 1322 4778 locum
1362 4730 1576 4787 habent,
1618 4728 1836 4793 quando
1882 4725 2085 4792 judicia
2114 4738 2205 4777 ec-

658 4820 957 4874 clesiastica
1013 4820 1149 4885 apud
1178 4830 1254 4873 tot
1280 4828 1646 4885 competentes
1694 4817 1903 4884 judices
1951 4816 2149 4867 fuerint
2187 4830 2202 4868 :

662 4924 765 4961 non
818 4919 1019 4969 autem,
1046 4909 1260 4975 quando
1290 4924 1351 4961 ex
1382 4907 1713 4961 accusatoris
1756 4916 1810 4959 et
1844 4905 1958 4971 ejns
1997 4906 2089 4972 qui
2120 4919 2210 4957 ac-

662 5007 878 5049 cusatur
907 5001 1201 5059 voluntate,
1241 5000 1380 5066 apud
1409 4998 1618 5065 aliquos
1650 4998 1847 5048 electos
1889 5011 1980 5048 seu
2010 5011 2073 5047 ex
2100 4995 2207 5045 ele-

662 5088 841 5141 ctione
888 5101 1165 5155 susceptos
1190 5089 1418 5154 jndices,
1452 5091 1541 5155 qui
1590 5102 1729 5151 saepe
1778 5098 1899 5138 sunt
1931 5086 2210 5152 pauciores

664 5194 822 5245 quam
880 5180 1176 5231 canonibus
1231 5180 1582 5231 constitutum
1647 5178 1738 5240 sit,
1799 5176 1962 5242 aliqui
2006 5175 2211 5241 judicio

659 5268 1049 5319 contenderint.
1103 5267 1255 5320 Tunc
1283 5268 1425 5321 enim
1459 5268 1511 5319 in
1565 5281 1749 5320 eorum
1787 5268 2109 5317 sententiam
2146 5281 2209 5317 ne

658 5354 941 5421 appellatio
996 5356 1204 5423 quidem
1259 5356 1439 5418 cadit,
1474 5365 1529 5407 tit
1587 5357 1715 5407 dicit
1766 5355 1843 5405 lex
1903 5356 1951 5405 in
1989 5354 2077 5407 lib.
2115 5367 2209 5412 vit,

662 5446 744 5497 tit.
780 5445 835 5509 2,
893 5460 1010 5514 cap.
1038 5446 1132 5509 27,
1167 5449 1327 5501 Ibem.
1356 5448 1409 5509 5,
1464 5446 1606 5514 quod
1640 5448 1726 5498 hic
1760 5460 1817 5500 se
1850 5447 2048 5509 habet;
2084 5446 2212 5497 Sive

652 5535 804 5601 thSla
861 5536 975 5589 sive
1030 5538 1226 5604 injusta
1261 5548 1341 5590 cst
1372 5539 1527 5590 electi
1574 5539 1771 5605 judicis
1843 5542 2126 5599 sententia,
2161 5538 2208 5588 ei

656 5635 800 5677 atare
844 5636 1077 5692 oportet.
1118 5626 1180 5679 Et
1216 5643 1379 5696 caput
1424 5631 1639 5681 tertium
1697 5630 1936 5698 ejusdem
1989 5629 2112 5681 libri
2148 5644 2212 5681 ac

658 5714 795 5767 tituli
823 5728 837 5766 :
865 5712 979 5768 Non
1010 5718 1247 5783 indigent
1281 5720 1657 5787 provocatione
1684 5719 1881 5781 judicis
1909 5721 2064 5775 electi
2091 5734 2212 5774 sen-

2306 4550 2431 4601 όντα
2476 4552 2674 4600 κανόνα
2718 4552 2744 4600 ὁ
2775 4552 3193 4618 καταφρονήσας
3234 4552 3426 4603 τούτου
3459 4555 3485 4603 ὁ
3524 4553 3857 4621 ίερωμένοςο

2308 4641 2400 4690 καὶ
2428 4638 2696 4703 ἀνάγνωθι
2732 4638 2821 4689 τὸν
2851 4637 2924 4707 ρδ¹
2962 4642 3159 4691 κανόνα
3190 4626 3288 4706 τῆς
3322 4645 3606 4709 παρούσης
3637 4645 3857 4694 συνόδου

2309 4730 2400 4777 καὶ
2448 4728 2545 4793 τῆς
2591 4730 2648 4777 ἐν
2692 4726 2998 4794 Χαλκηδόνι
3048 4730 3247 4779 κανόνα
3285 4728 3349 4782 θ’.
3397 4730 3501 4781 Τοῦ
3543 4732 3599 4781 δὲ
3640 4737 3862 4791 κανόνος

2310 4818 2513 4869 ἄνωθεν
2547 4816 2925 4883 διορισαμένου
2957 4820 3059 4868 ὑπό
3089 4819 3295 4870 δώδεκα
3328 4822 3644 4871 ἐπισκόπων
3675 4823 3861 4888 κρίνε-

2311 4908 2431 4957 σθαι
2455 4908 2578 4964 τοὺς
2604 4908 2950 4969 ἐπισκόπους,
2984 4912 3085 4959 ὑπὸ
3124 4908 3182 4971 ἒξ
3209 4911 3332 4969 τοὺς
3385 4910 3568 4977 ἱερεῖς,
3601 4914 3693 4960 καὶ
3734 4914 3863 4972 τοὺς

2308 4995 2589 5055 διακόνους
2634 4994 2738 5045 ὑπὸ
2778 4996 2963 5063 τριῶν,
2997 4997 3271 5063 ἐπήγαγον
3319 4998 3367 5047 οἱ
3418 4998 3656 5064 Πατέρες
3695 4999 3770 5058 ὡς
3800 5002 3866 5050 τα

2311 5084 2438 5151 περὶ
2478 5083 2584 5135 τῶν
2638 5083 2916 5150 ἐκκλήτων
2952 5088 3043 5135 καὶ
3077 5086 3143 5135 τά
3190 5085 3349 5137 λοιπὰ
3400 5087 3583 5154 χώραν
3626 5087 3866 5155 ἔχουσιν,

2310 5173 2395 5223 ὅτε
2436 5176 2502 5222 τὰ
2543 5173 2967 5238 ἐκκλησιαστικα
3016 5174 3341 5242 δικαστήρια
3390 5177 3541 5246 παρά
3592 5178 3868 5237 τοσούτοις

2312 5267 2639 5334 προσφόροις
2670 5267 2947 5328 δικασταῖς
2985 5271 3283 5331 γένωνται“
3323 5271 3385 5321 ού
3421 5274 3548 5337 μὴν.
3585 5273 3676 5323 ὅτε
3720 5275 3866 5323 κατὰ

2312 5357 2530 5421 θέλησιν
2594 5357 2690 5408 τοῦ
2757 5360 3064 5426 κατηγόρου
3112 5360 3338 5412 καὶτοῦ
3393 5364 3869 5430 κατηγορουμένου

2313 5450 2461 5517 παρά
2514 5465 2653 5499 τισιν
2719 5449 3069 5514 ἐπιλιγείσιν,
3126 5449 3200 5508 ὡς
3274 5451 3512 5519 alga-toi;
3584 5452 3871 5509 δικασταῖς

2313 5540 2567 5599 πολλάκις
2592 5537 2681 5589 καὶ
2709 5539 3050 5606 ὀλιγωτέροις
3075 5534 3192 5589 οὖσι
3225 5540 3332 5591 τῶν
3355 5540 3681 5609 ὁρισθέντων
3717 5542 3869 5608 παρὰ

2313 5631 2417 5681 τῶν
2466 5631 2731 5690 κανόνων,
2791 5628 3087 5681 δικασθώσί
3155 5649 3318 5692 τινες.
3376 5631 3688 5698 Τηνικχῦτα
3766 5647 3874 5697 γαρ

2316 5721 2436 5773 ούδέ
2464 5720 2711 5787 ἐκκλήτῳ
2737 5718 3092 5772 ὑποπεσείται
3129 5726 3159 5790 ή
3202 5723 3400 5775 τούτων
3458 5722 3755 5782 ἀπόφασις,
3801 5723 3871 5780 ὣς
