4114 6460
227 376 289 438 73
1302 382 1385 443 IN
1421 385 1583 444 CAN.
1627 383 1723 445 XV
1749 385 1952 448 CONC.
1997 389 2366 451 CAliTlIAG.
3354 385 3425 450 ’14

226 500 380 552 φησιν
422 485 453 539 6
511 486 688 554 νόμος
740 488 799 540 ἐν
837 484 1022 557 βιϐλίῳ
1061 485 1126 551 ζ’,
1174 487 1337 557 τίτλῳ
1391 489 1456 557 β’,
1495 506 1621 557 κεφ.
1659 489 1760 553 κζ’,

1870 492 2194 548 tentia.Post
2230 494 2339 548 haec
2367 509 2539 547 canon
2588 496 2654 549 de
2697 494 2822 550 aliis
2860 495 3224 561 sacerdotum,
3263 496 3417 552 dicit.

226 571 406 639 θέματι
455 578 530 638 γ’,
574 572 758 635 οὕτως
808 575 1013 641 ἔχοντι·
1045 574 1166 626 Εῐτε
1215 575 1399 628 δικαία
1443 579 1554 628 εῐτε
1589 578 1760 639 ἄδικός

1873 579 1951 632 Ne
1980 581 2285 649 spectacula
2336 592 2611 651 peragant,
2648 596 2745 636 nec
2775 582 2896 637 aliis
2931 585 3302 654 peragentibus
3336 585 3420 637 in-

222 660 354 709 ἐστιν
381 660 413 726 ή
452 659 550 710 τοῦ
578 659 804 728 αἱρετοῦ
835 659 1031 727 ψῆφος,
1067 661 1326 728 ἐμμένειν
1353 661 1460 712 δεῖ’
1493 662 1585 712 καὶ
1630 662 1694 712 τὸ
1722 669 1760 726 γ¹

1873 673 2061 724 tersint
2107 681 2162 725 et
2209 679 2500 740 spectent:
2557 671 2678 737 quia
2721 680 2775 724 et
2808 673 3057 726 omnibus
3092 672 3419 727 Christianis

224 763 338 812 κεφ.
383 747 478 800 τοῦ
547 747 720 800 αὐτοῦ
766 748 967 816 βιϐλίου
1013 751 1106 804 καὶ
1165 750 1377 802 τίτλουο
1428 751 1518 818 Μὴ
1581 751 1760 819 χρείαν

1873 761 2214 813 interdictum
2269 770 2370 823 est,
2404 774 2471 812 ne
2498 760 2755 814 accedant
2802 761 2888 814 ubi
2921 770 3044 815 sunt
3073 761 3420 827 blasphemia:

219 839 380 905 ἐχέτω
405 839 676 905 ἐκκλήτου
721 841 754 906 ἠ
796 839 889 891 τοῦ
919 839 1134 908 αἱρετοῦ
1175 839 1426 892 δικαστοῦ
1474 842 1768 908 ἀπόφασις.

231 928 347 979 Ἐπὶ
377 929 594 991 τούτοις
625 932 654 982 ὁ
674 929 853 982 κανὼν
882 932 1007 994 περὶ
1040 930 1149 980 τῶν
1181 929 1385 983 τέκνων
1428 931 1537 982 τῶν
1573 932 1764 1000 ίερέων

219 1022 399 1086 φησὶν,
447 1020 537 1080 ἵνα
567 1007 741 1089 ’μήτε
785 1019 986 1088 θεὼρια
1041 1020 1326 1083 ἐκτελῶσι,
1393 1022 1531 1090 μήτε
1589 1022 1768 1074 ἄλλων

217 1109 468 1161 τοιούτων
504 1109 915 1177 παραγίνωνται
950 1111 1041 1161 καὶ
1072 1109 1350 1177 θεωρῶσιν
1371 1128 1388 1144 ο
1414 1112 1495 1162 ὅτι
1519 1113 1612 1162 καὶ
1634 1113 1767 1164 πᾶσι

218 1203 561 1270 Χριστιανοῖς
623 1200 956 1268 κεκήρυκται
1003 1198 1077 1268 μὴ
1116 1201 1396 1269 προσιέναι
1450 1202 1584 1252 ὅπου
1636 1200 1767 1269 βλαο

219 1292 451 1359 σφημιαι
481 1291 609 1344 εἰσί.
639 1289 849 1359 Θεώρια
887 1289 944 1340 δὲ
982 1290 1234 1355 λέγονται
1265 1291 1325 1342 οὑ
1363 1290 1523 1358 μόνον
1569 1293 1636 1341 τὰ
1675 1291 1766 1342 ιπ-

217 1383 507 1449 ποδρόμια,
531 1381 665 1432 ἀλλά
691 1382 784 1432 καὶ
827 1382 975 1433 πᾶσα
1019 1380 1134 1443 θέα,
1168 1379 1501 1448 θηριομαχία
1543 1380 1762 1448 δηλαδὴ,

221 1474 446 1538 παίγνια
485 1470 687 1538 μίμων,
717 1471 960 1537 ὄρχησις,
1011 1469 1102 1522 καὶ
1143 1470 1277 1522 ἄλλα
1318 1469 1542 1521 τοιαῦτα
1577 1469 1771 1535 δαιμο-

217 1562 372 1630 vube
407 1563 565 1630 ἔργα.
601 1560 784 1612 Ταῦτα
820 1560 914 1611 τοῦ
950 1561 1169 1620 κανόνος
1209 1559 1609 1626 διοριζομένου,
1644 1557 1766 1610 εἰπὲ

214 1653 290 1703 ὅτι
318 1653 402 1713 τὸ,
439 1654 544 1704 κᾶν
584 1654 616 1720 ή
653 1653 833 1720 ψῆφος
877 1653 1018 1720 ὑπὲρ
1062 1652 1226 1704 αὑτοῦ
1258 1649 1570 1718 ἐκφωνηθῇ,
1600 1665 1768 1719 προσ-

218 1743 375 1812 ετέθη
410 1745 498 1796 διὰ
526 1744 652 1805 τοὺς
696 1743 953 1809 λέγοντας
982 1742 1221 1808 ὀφείλειν
1252 1739 1634 1807 καθαιρεῖσθαι
1666 1739 1766 1807 μό-

215 1853 297 1886 νον
323 1836 414 1885 τὸν
437 1830 578 1885 οὕτω
619 1834 980 1901 δικασάμενον
1027 1831 1319 1901 ἱερωμένον
1358 1831 1518 1900 χάριν
1563 1829 1763 1898 ἐγκλη-

217 1926 444 1991 ματικῆς
477 1924 784 1985 ὑποθέσεως
817 1928 908 1975 καὶ
939 1924 1264 1990 ἡττηθέντα,
1295 1924 1354 1972 οὐ
1401 1920 1508 1991 μὴν
1541 1922 1638 1972 καὶ
1671 1920 1764 1973 τὸν

213 2017 532 2080 νικήσαντα.
562 2013 636 2074 ὡς
665 2013 875 2066 δικαίαν
907 2013 1098 2080 ἔχοντα
1143 2011 1422 2064 ὑπόθεσιν.
1457 2012 1566 2062 Καὶ
1592 2013 1760 2078 ἄμφω

212 2107 316 2172 γὰρ
343 2105 858 2172 καθαιρεθήσονται,
883 2103 958 2163 ὡς
990 2102 1246 2172 ὑϐρισταὶ
1272 2103 1370 2168 τῆς
1406 2102 1762 2168 Ἐκκλησίας,

215 2199 300 2247 καὶ
321 2197 414 2248 τοῦ
447 2196 671 2255 κανόνος
693 2194 971 2261 άθετηταί.
1018 2194 1075 2243 Ὀ
1118 2193 1303 2259 μέντοι
1348 2193 1437 2243 τὸν
1471 2193 1769 2259 ἐκκλησια-

214 2288 390 2339 στικὸν
426 2287 663 2347 ἑλκύσας
695 2285 991 2353 ἱερωμένος
1018 2286 1096 2345 είς
1128 2284 1393 2350 κοσμικὸν
1419 2284 1767 2352 δικαστήριον

214 2378 371 2451 χάριν
393 2375 743 2446 χρηματικῆς
763 2375 1050 2435 αἱτιὰσεως
1078 2375 1172 2426 καὶ
1209 2375 1439 2442 νικήσας
1486 2375 1765 2440 καθαιρεῖ-

215 2479 317 2527 ται,
345 2467 438 2516 ἐάν
479 2467 662 2533 στοιχῇ
695 2467 760 2532 τῇ
786 2464 927 2531 ὺπέρ
961 2463 1126 2516 αὑτοῦ
1172 2465 1466 2530 ἀποφάσει,
1505 2465 1598 2515 καὶ
1672 2461 1800 2531 θέλῃ

1797 1806 1840 1861 Β

1870 859 1922 902 et
1945 851 2246 904 maledicta.
2279 848 2594 917 Spectacula
2621 859 2798 905 autem
2829 850 3098 915 dicuntur,
3125 867 3224 904 non
3249 853 3422 906 solum

1871 954 2128 1006 equorum
2185 953 2403 1000 cursus,
2439 940 2532 993 sed
2581 947 2635 992 οι
2661 939 2836 992 omnis
2881 941 3094 1007 generis
3137 940 3424 1006 spectatio,

1873 1028 2168 1080 helluarum
2221 1028 2432 1082 scilicet
2474 1027 3145 1092 eertamina,histrionum
3195 1029 3420 1092 ludicra,

1871 1119 2208 1182 saltationes,
2262 1128 2317 1173 et
2373 1117 2679 1186 huiusmodi
2748 1118 2849 1172 alia
2912 1133 3075 1187 opera
3134 1119 3421 1173 diabolica.

1871 1207 1996 1261 Haec
2029 1217 2210 1263 autem
2271 1209 2596 1264 decernente
2645 1223 2872 1274 canone,
2935 1208 3021 1262 dic
3078 1210 3221 1277 quod
3275 1207 3421 1273 illud,

1871 1295 2081 1348 etiamsi
2120 1309 2215 1360 pro
2237 1310 2301 1350 eo
2327 1297 2592 1349 sententia
2629 1297 2733 1348 lata
2763 1298 2853 1361 sit,
2885 1298 3152 1362 adjectum
3185 1306 3266 1350 est
3297 1311 3424 1362 pro-

1870 1391 1990 1452 pter
2012 1398 2121 1446 eos,
2155 1384 2243 1451 qui
2269 1385 2480 1447 dicunt,
2515 1398 2637 1436 eum
2684 1384 2855 1438 solum
2881 1383 3076 1437 debere
3108 1383 3300 1450 deponi
3338 1397 3425 1435 sa-

1868 1481 2098 1534 cratum,
2150 1475 2241 1540 qui
2291 1473 2370 1525 sic
2412 1471 2616 1540 judicio
2654 1471 2930 1524 contendit
2964 1471 3015 1523 in
3049 1484 3212 1523 causa
3239 1470 3426 1522 crimi-

1870 1564 1996 1626 nali,
2046 1573 2100 1616 et
2128 1563 2304 1616 victus
2330 1572 2410 1616 est
2443 1581 2455 1615 :
2487 1578 2594 1615 non
2645 1572 2825 1615 autem
2871 1577 2993 1614 eum
3037 1563 3125 1629 qui
3185 1562 3336 1627 vicit,
3370 1571 3427 1616 nt

1869 1652 1957 1720 qui
1983 1652 2185 1718 justam
2213 1667 2429 1706 causam
2461 1654 2669 1705 haheat.
2695 1652 2866 1705 Ambo
2891 1651 3035 1705 enim
3064 1653 3424 1720 deponentur,

1871 1750 1930 1794 ut
1967 1743 2056 1809 qui
2109 1726 2411 1797 Ecclesiam
2471 1742 2665 1810 injuria
2742 1742 3000 1807 alliciant,
3059 1751 3113 1796 et
3157 1757 3424 1797 canonem

1871 1842 2242 1887 contemnant.
2291 1832 2549 1886 Sacratus
2576 1834 2796 1902 quidem
2835 1835 2926 1901 qui
2968 1833 3132 1886 traxit
3165 1833 3426 1886 ecclesia-

1874 1924 2064 1977 sticum
2110 1924 2160 1976 in
2193 1922 2447 1976 saeculare
2481 1923 2738 1991 judicium
2771 1938 2866 1990 pro
2905 1939 3060 1976 causa
3094 1925 3424 1991 pecuniaria,

1877 2024 1930 2068 et
1961 2013 2112 2075 vicit,
2168 2013 2474 2081 deponitur,
2510 2014 2552 2064 si
2598 2015 2897 2075 sententir,
2930 2029 3048 2082 qua:
3082 2029 3176 2080 pto
3208 2029 3266 2068 se
3320 2014 3426 2067 lata

1875 2113 1980 2167 est,
2017 2104 2242 2164 steterit,
2273 2113 2328 2155 et
2359 2103 2583 2156 voluerit
2609 2118 2720 2156 rem
2785 2103 2982 2158 habere
3039 2119 3196 2171 quam
3245 2103 3373 2155 vicit
3407 2119 3422 2156 :

1877 2195 2326 2264 quemadmodum
2357 2203 2410 2246 et
2454 2208 2598 2256 reus,
2632 2194 2674 2247 si
2698 2193 2955 2258 judicium
2997 2195 3424 2248 eet-lesiasticum

1875 2283 2166 2342 recusavit,
2197 2290 2249 2333 et
2293 2280 2451 2333 civile
2485 2281 2693 2347 petivit,
2728 2291 2782 2334 et
2812 2281 2961 2332 vicit.
3008 2281 3061 2334 Si
3104 2286 3245 2335 enim
3280 2281 3426 2334 cedit

1874 2385 2070 2437 re,pro
2096 2383 2198 2435 qua
2229 2367 2478 2435 litigavit,
2516 2382 2666 2420 suum
2704 2368 2922 2420 honoris
2946 2370 3164 2434 gradum
3204 2370 3424 2423 retinet.

1877 2462 2017 2530 ἔχειν
2044 2461 2103 2511 τὸ
2131 2476 2195 2527 nr.
2209 2460 2360 2526 ἄγμα
2389 2458 2416 2510 ὃ
2440 2458 2710 2527 ἐνίκησεν,
2739 2456 2929 2526 ὥσπερ
2967 2459 3062 2510 καὶ
3095 2462 3122 2511 ὁ
3152 2459 3423 2529 ἐναχθεὶς,

215 2559 305 2608 ἐὰν
352 2561 708 2625 παρῃτήσατο
760 2555 818 2606 τὸ
879 2555 1326 2622 ἐκκλησιαστικὸν
1374 2555 1742 2622 δικαστήριον,
1803 2553 1900 2603 καὶ
1944 2552 2177 2618 ἐζήτησε
2223 2552 2285 2600 τὸ
2361 2548 2659 2614 πολιτικὸν,
2719 2551 2815 2602 καὶ
2889 2551 3164 2620 ἐνίκησεν.
3216 2551 3278 2602 Et
3319 2549 3426 2618 γὰρ

213 2649 500 2714 ἀφίσταται
526 2644 622 2697 τοῦ
660 2645 1003 2714 πράγματος,
1028 2645 1156 2711 περὶ
1183 2636 1243 2694 οὗ
1278 2643 1587 2705 ἐδικάσατο,
1610 2642 1762 2711 μένει
1801 2640 1940 2709 ἔχων
1970 2641 2067 2707 τὴν
2098 2641 2304 2692 οἰκείαν
2334 2639 2642 2707 ἐπιτιμίαν.

279 2738 386 2789 Καὶ
423 2734 599 2786 ταῦτα
633 2735 731 2801 μὲν
767 2735 793 2784 ὁ
817 2731 996 2784 κανὼν
1039 2731 1354 2802 διορίζεται.
1409 2733 1655 2802 Σήμερον
1709 2731 1767 2782 δὲ

1943 2729 2006 2782 Et
2043 2732 2153 2783 haec:
2205 2731 2421 2797 quidem
2453 2746 2623 2782 canon
2667 2731 2966 2785 constituit.
3003 2731 3173 2788 Hodie
3237 2745 3417 2790 autem

211 2824 560 2894 παρορῶνται
592 2823 764 2875 ταῦτα
803 2822 866 2873 δι’
897 2821 964 2890 ἢν
991 2822 1174 2874 αἰτίαν
1209 2823 1269 2874 οὐ
1319 2819 1594 2888 γινώσκω.
1628 2821 1760 2873 [Ιολ-

1874 2820 1986 2872 haec
2044 2821 2406 2888 negliguntur,
2466 2831 2684 2885 propter
2739 2835 2901 2888 quam
2962 2836 3178 2876 causam
3217 2828 3422 2880 nescio.

212 2914 291 2966 λοὶ
327 2916 455 2981 γὰρ,
487 2912 548 2964 οὐ
576 2913 742 2980 μόνον
773 2909 974 2973 λαῖκοὶ,
1021 2911 1157 2963 ἀλλὰ
1212 2912 1306 2962 καὶ
1349 2911 1655 2980 ίερωμένοι,
1680 2909 1760 2960 ἔλ-

1878 2908 2029 2962 Multi
2064 2911 2227 2971 enim,
2260 2925 2362 2960 non
2414 2909 2584 2960 solum
2639 2911 2799 2972 laici,
2829 2913 2922 2963 sed
2980 2914 3142 2965 etiam
3199 2918 3422 2978 sacrati,

215 3022 399 3058 κουσιν
435 3007 513 3064 εἰς
547 3003 803 3054 πολιτικὰ
826 3001 1158 3069 δικαστήρια
1184 3000 1538 3063 ἐπισκόπους,
1575 3000 1760 3069 κληρι-

1871 3001 2175 3068 cpiscopus,
2219 3000 2445 3053 clericos
2487 3009 2541 3052 et
2591 3001 2881 3054 monachos
2920 3004 2984 3054 ad
3020 3005 3193 3056 civilia
3221 3004 3424 3072 judicia

211 3096 338 3158 κους
358 3112 417 3146 τε
453 3097 550 3147 καὶ
606 3093 897 3162 μοναχοὺς,
949 3091 1086 3159 μηδέ
1141 3089 1438 3158 πρόσταξιν
1482 3089 1760 3158 βασιλικὴν

1871 3086 2113 3145 trahunt,
2172 3100 2272 3138 nec
2323 3087 2682 3154 imperatoris}
2711 3089 2924 3154 quidem
2991 3094 3300 3146 mandatum
3357 3098 3424 3147 de

212 3187 335 3253 περὶ
373 3183 563 3236 τούτου
623 3181 1004 3250 πορισάμενοι,
1047 3179 1142 3232 καὶ
1181 3177 1304 3230 οὒτε
1340 3181 1373 3247 ή
1426 3178 1517 3230 τοῦ
1551 3180 1760 3246 άπροσ·

1866 3190 1926 3226 ea
1965 3190 2024 3226 re
2068 3174 2363 3240 exhibent;
2414 3187 2468 3228 et
2526 3191 2698 3243 neque
2758 3179 3172 3245 incotnpetentis
3219 3183 3423 3250 judicia

210 3277 371 3344 φόρου
402 3271 661 3327 δικαστοῦ
687 3269 1027 3338 παραγραφὴ
1053 3268 1327 3320 λυσιτελεῖ
1363 3271 1474 3329 τοῖς
1505 3268 1760 3335 ἐναγομέ-

1866 3267 2205 3333 pra-scriptio
2260 3282 2350 3318 seu
2380 3270 2630 3333 exceptio
2664 3269 2881 3332 prodest
2911 3270 2997 3331 iis,
3024 3273 3110 3336 qni
3145 3273 3219 3324 rei
3253 3289 3420 3341 agun-

209 3384 316 3426 νοις
336 3383 354 3397 ο
393 3361 874 3428 καταναγκάζουσι
906 3362 1013 3426 γὰρ
1040 3359 1265 3420 τούτους
1298 3360 1390 3410 καὶ
1422 3358 1654 3419 ἄκοντας
1681 3359 1760 3410 δι-

1868 3365 1994 3409 tur:
2039 3371 2132 3408 eos
2180 3359 2320 3408 enim
2368 3365 2567 3425 mgunt
2611 3359 2690 3410 vel
2734 3359 2931 3412 invitos
2960 3361 3164 3425 judicio
3196 3375 3422 3418 conten-

212 3457 469 3520 κάζεσθαι
498 3471 513 3486 ο
561 3454 686 3504 οὕτε
744 3453 796 3504 οι
846 3451 1172 3512 ἑλκύσαντες
1224 3449 1422 3510 αὐτοὺς
1478 3449 1762 3518 ἱερωμένοι

207 3547 510 3613 ἐόλάὸησαν
535 3544 912 3611 ὁπωσδήποτε,
941 3541 1052 3593 ἀλλ’
1084 3541 1204 3592 οὐδὲ
1235 3541 1284 3592 οἱ
1316 3539 1634 3616 ἐναγόμενοι
1669 3557 1764 3608 μο-

210 3638 417 3706 ναχοὶή
456 3635 714 3703 κληρικοὶ
767 3633 846 3693 εἰς
881 3631 1237 3698 δικαστήριον
1284 3629 1759 3697 ἐκκλησιαστικὸν,

211 3730 301 3778 καὶ
334 3723 812 3793 παραιτησάμενοι
833 3719 1013 3781 τοῦτο,
1036 3719 1320 3786 πολιτικὴν
1349 3718 1404 3770 δὲ
1427 3719 1760 3788 ζητήσαντες

208 3817 583 3878 κατεξέτασιν,
621 3810 764 3863 κατά
790 3827 842 3861 τι
895 3809 1314 3877 ἐτιμωρήθησαν
1339 3823 1354 3838 ·
1403 3809 1591 3877 ὥσπερ
1637 3809 1760 3861 οὐδὲ

205 3909 251 3958 οἱ
313 3904 673 3964 ἐλκυσθέντες
727 3901 1044 3971 κληρικοὶἢ
1095 3898 1321 3967 μοναχοὶ
1369 3901 1448 3960 εἰς
1494 3899 1759 3966 κοσμικὸν

204 3997 576 4062 δικαστήριον,
618 3992 715 4045 καὶ
767 3989 1192 4057 καταδεξάμενοι
1235 3992 1314 4051 είς
1344 3987 1501 4041 τοῦτο
1532 3989 1759 4040 δικάσα-

206 4088 342 4138 σθαι.
375 4084 482 4136 Τ(ιῦ
521 4085 581 4135 δὲ
613 4082 1058 4151 χρηματίσαντος
1089 4079 1509 4148 καθηγουμένου
1538 4079 1636 4145 τῆς
1663 4095 1758 4146 μο-

205 4177 294 4242 νῆς
333 4175 428 4225 τοῦ
465 4173 855 4225 Παντεπόπτου
916 4168 1154 4238 μοναχοῦ
1211 4168 1421 4220 ἐκείνου
1468 4169 1754 4231 Μελετίου,

205 4265 553 4324 ἐλκυσθέντος
589 4264 669 4322 εἰς
697 4261 760 4312 τὸ
791 4258 1062 4311 συνοδικὸν
1101 4258 1471 4326 δικαστήριον,
1506 4257 1600 4309 καὶ
1651 4274 1758 4309 πα-

207 4355 604 4426 ραιτησαμένου
632 4351 765 4403 αὐτὸ
793 4350 868 4411 ὡς
896 4348 1103 4401 καταθύ
1114 4367 1260 4418 μιον,
1291 4349 1386 4400 καὶ⁸
1415 4349 1756 4417 μεταγαγόν-

1866 3444 2015 3498 dere.
2050 3444 2157 3498 Nec
2189 3447 2406 3509 sat-rati,
2440 3446 2532 3513 qui
2561 3462 2654 3499 eos
2691 3458 2993 3512 traxerunt,
3028 3450 3229 3514 aliquid
3262 3455 3417 3521 peni-

1863 3548 1950 3590 tus
1976 3539 2157 3591 damni
2208 3554 2469 3602 sensere;
2521 3540 2617 3593 sed
2650 3555 2751 3594 nec
2789 3543 3034 3594 monachi
3065 3545 3146 3595 vel
3207 3546 3417 3611 clerici,

1863 3631 2122 3682 adversus
2149 3644 2285 3697 quos
2342 3631 2392 3684 in
2457 3629 2571 3680 loro
2634 3630 3006 3684 ecclesiastico
3052 3633 3250 3700 agitur,
3286 3635 3327 3685 si
3365 3635 3417 3688 id

1861 3721 2074 3787 quidem
2110 3720 2492 3778 recusaverint,
2519 3717 2726 3771 civilem
2757 3733 2932 3772 autem
2965 3723 3416 3776 examinatioan

1860 3813 2172 3879 petiverint,
2208 3810 2311 3862 ulla
2341 3810 2393 3863 in
2450 3825 2509 3863 re
2541 3813 2708 3878 puniti
2737 3822 2858 3864 sunt
2894 3828 2910 3865 :
2963 3815 3417 3880 quemadmodum

1861 3919 1960 3955 nec
1999 3901 2179 3956 clerici
2213 3902 2296 3954 vel
2348 3902 2620 3958 monachi.
2653 3903 2742 3970 qni
2780 3904 2832 3955 in
2860 3906 3119 3958 saeculare
3153 3907 3418 3972 judicinut

1860 3994 2014 4047 tracti
2051 4003 2194 4057 snnt,
2237 4003 2290 4046 et
2320 3994 2371 4044 in
2406 4008 2470 4046 eo
2497 3993 2709 4059 litigare
2754 4007 2858 4044 non
2908 4005 3243 4046 recusarunt.
3276 3995 3410 4049 Cum

1866 4091 2043 4134 autem
2097 4083 2390 4133 monachus
2445 4083 2528 4132 ille
2558 4081 2820 4145 Melelius,
2855 4084 2942 4149 qui
2979 4089 3293 4151 pra-positus
3320 4086 3418 4138 fuit

1870 4170 2178 4223 monasterii
2237 4167 2573 4236 Pantepopti,
2609 4169 2675 4221 ad
2727 4170 2983 4238 synodale
3009 4171 3267 4238 judicium
3304 4183 3418 4226 tra-

1858 4268 1997 4319 ctus,
2034 4259 2208 4322 ipsum
2243 4266 2300 4309 ut
2334 4258 2432 4309 sibi
2465 4271 2567 4308 non
2609 4267 2819 4323 gratum
2853 4272 3180 4324 recusasset,
3210 4272 3263 4313 et
3291 4277 3417 4314 cau-

1860 4364 1976 4403 sam
2011 4349 2074 4400 ad
2125 4348 2383 4401 saaculare
2443 4346 2674 4398 tribunal
2709 4349 3035 4401 traduxisset
3067 4364 3160 4416 per
3193 4351 3416 4402 manda-

203 4467 285 4512 τος
307 4451 403 4518 τὴν
427 4447 682 4499 ὑπόθεσιν
706 4446 783 4505 εἰς
809 4443 1070 4511 κοσμικὸν
1098 4442 1444 4512 δικαστήριον
1468 4443 1555 4495 διὰ
1586 4443 1755 4511 πρόσ-

1865 4449 1970 4492 tum
2009 4437 2315 4504 imperiale;
2359 4436 2740 4490 sanctissimus
2799 4439 3106 4506 patriarcha
3169 4440 3417 4494 dominus

206 4540 353 4605 ταξιν
386 4533 689 4605 βασιλικὴν,
735 4535 763 4584 ὁ
809 4531 1111 4597 ἁγιώτατος
1155 4533 1501 4600 πατριάρχης
1543 4533 1751 4592 ἐκεῖνος

204 4631 384 4699 κύριος
408 4626 622 4685 Λουκᾶς
656 4621 1074 4691 ὑϐριοπαθήσας
1099 4622 1191 4673 ἐπὶ
1221 4621 1297 4689 τῷ
1318 4624 1588 4688 γεγονότι,
1625 4621 1757 4674 πολ..

204 4719 295 4786 λὴν
348 4718 504 4768 ἐθετο
556 4712 792 4782 σπουδὴν
843 4710 1240 4780 διορθώσασθαι
1314 4713 1376 4765 τὸ
1442 4714 1753 4780 γενόμενον.

204 4810 440 4860 Ἤκουσε
473 4805 531 4856 δὲ
563 4806 669 4857 ἀπὸ
699 4801 1144 4878 τῶηπολιτικῶν
1172 4802 1442 4854 δικαστῶν
1472 4803 1546 4863 ὡς
1582 4805 1614 4870 ἠ
1657 4804 1754 4868 βα-

205 4898 379 4964 σιλικὴ
416 4893 638 4956 ἐξουσία
686 4893 863 4944 πάντα
890 4891 1112 4943 δύναται
1147 4893 1318 4942 ποιεῖν
1343 4905 1357 4919 °
1424 4891 1518 4943 καὶ
1563 4892 1753 4961 ὥσπερ

201 4986 412 5038 ἐδύνατο
446 4980 818 5052 πρωτοτὺπως
838 4979 1022 5030 δοῦναι
1057 4979 1334 5031 πολιτικὸν
1378 4978 1635 5044 δικαστὴν
1659 4981 1757 5048 χά.

203 5091 281 5143 ριν
329 5073 427 5126 τοῦ
485 5073 706 5124 δικάσαι
754 5069 1053 5122 ἐπίσκοπον
1118 5069 1150 5136 ἢ
1205 5069 1391 5138 ἕτερον
1454 5070 1752 5136 ἱερωμένον

201 5164 541 5231 ἐναγόμενον·
567 5159 713 5213 οὕτω
762 5159 856 5211 καὶ
880 5157 1022 5210 κατὰ
1051 5157 1339 5225 μετάθεσιν
1373 5157 1432 5208 τὸ
1456 5157 1752 5225 ἐκκλησια-

202 5255 376 5306 στικὸν
417 5253 768 5320 δικαστήριον
801 5248 1091 5318 μεταγάγῃ
1115 5248 1257 5299 κατὰ
1277 5247 1507 5315 νόμιμον
1547 5245 1751 5314 παραί-

199 5361 346 5413 τησιν
376 5345 458 5406 εἰς
486 5341 784 5394 πολιτικόν.
819 5339 965 5408 Πλὴν
991 5342 1019 5390 ὁ
1047 5339 1196 5399 ἐντὸς
1220 5336 1546 5406 δηλούμενος
1577 5337 1679 5389 καθ
1693 5355 1752 5406 η-

199 5436 482 5502 γούμενος,
515 5432 618 5484 κᾶν
651 5429 982 5498 εἰσηκούσθη
1002 5429 1062 5480 τὸ
1095 5429 1372 5480 συνοδικδν
1405 5427 1753 5497 παραιτησάο

205 5542 356 5592 μενος
383 5524 763 5592 δικαστήριον,
798 5523 895 5574 καὶ
928 5521 1230 5589 διετηρήθη
1262 5520 1749 5589 ἁποκριμάτιστοςο

201 5616 330 5668 ἀλλὰ
365 5617 472 5668 ἀπὸ
501 5613 596 5666 τοῦ
633 5613 710 5683 ρδ¹
736 5613 954 5673 κανόνος
976 5613 1073 5679 τῆς
1109 5611 1389 5680 παρούσης
1419 5610 1660 5673 συνόδου,
1694 5610 1751 5660 ὃν

204 5711 292 5758 καὶ
316 5705 616 5773 ἀνάγνωθι,
665 5701 864 5771 ὤφειλε
922 5702 1338 5769 καθαιρεθῆναι.
1393 5703 1465 5754 Τὸ
1528 5701 1632 5769 γὰρ
1687 5699 1748 5761 ιζ’

476 5797 743 5854 ΡΑτιιοι..
774 5793 863 5851 Gn
934 5792 1329 5852 CXXXVIII.

1859 4531 2033 4584 Lucas
2057 4528 2110 4581 id
2137 4543 2279 4597 aegre
2341 4527 2545 4592 ferens,
2581 4527 2863 4594 plurimum
2898 4530 3132 4581 studium
3167 4530 3417 4584 adhibuit

1861 4632 1918 4675 ut
1962 4622 2326 4710 corrigeretur
2365 4620 2506 4688 quod
2566 4618 2764 4673 factum
2805 4620 3004 4674 fuerat.
3041 4622 3263 4674 Audivit
3322 4639 3417 4674 au-

1861 4724 1964 4768 tem
2000 4728 2027 4765 a
2051 4711 2608 4779 civilibusjudicibus,
2634 4711 2776 4779 quod
2800 4711 3138 4778 imperatoris
3177 4721 3413 4779 potestas

1856 4803 2036 4856 omnia
2071 4801 2248 4856 facere
2283 4812 2456 4868 potest
2487 4818 2500 4854 :
2532 4811 2586 4854 et
2615 4805 3066 4866 quemadmodum
3100 4805 3274 4869 primo
3297 4804 3414 4859 loco

1857 4896 2030 4961 potuit
2066 4895 2362 4961 imperator
2411 4893 2621 4946 civilem
2663 4893 2902 4959 judicem
2959 4910 3053 4959 pro
3117 4895 3412 4962 judicando

1855 4983 2112 5051 episcopo
2149 4982 2230 5034 vel
2281 4981 2389 5034 alio
2446 4991 2680 5045 sacrato,
2715 4987 2979 5036 adversus
3025 4999 3184 5051 quem
3237 4977 3413 5051 agitur

1857 5075 2190 5128 constituere
2222 5085 2238 5124 :
2273 5073 2346 5124 ita
2375 5081 2428 5125 et
2479 5086 2573 5139 per
2607 5073 3102 5140 transpositionem,
3139 5074 3406 5139 judicium

1855 5164 2285 5219 ecclesiasticum
2314 5178 2380 5214 ex
2411 5163 2648 5227 legitima
2675 5165 2992 5230 exceptione
3026 5166 3076 5215 in
3117 5165 3272 5217 civile
3300 5175 3412 5215 tra-

1856 5257 2088 5308 duxerit.
2142 5252 2246 5306 Sed
2310 5253 2523 5306 etiamsi
2557 5253 2647 5320 qui
2713 5253 2800 5305 hic
2845 5254 3044 5305 dicitur
3091 5256 3409 5308 monasterii

1857 5341 2143 5409 praefectus
2185 5340 2469 5393 exauditus
2523 5349 2626 5399 est,
2652 5339 2915 5408 synodale
2957 5339 3217 5408 judicium
3251 5353 3409 5392 recn-

1856 5447 2002 5495 sans,
2031 5440 2084 5484 ct
2113 5431 2232 5483 sine
2260 5430 2569 5498 prazjttdicio
2589 5439 2943 5482 conservatus
2976 5440 3056 5480 est
3091 5447 3103 5481 :
3145 5437 3317 5481 tamen
3343 5441 3412 5482 ex

1854 5537 2057 5577 cancue
2084 5522 2184 5573 104
2226 5521 2504 5588 ιιτωεθιιιίς
2551 5519 2740 5587 synodi
2782 5518 2978 5586 deponi
3015 5518 3217 5580 debuit,
3249 5532 3410 5586 quem

1859 5615 1969 5680 lege
2001 5628 2014 5664 :
2051 5612 2316 5663 decimum
2350 5611 2634 5676 septimum
2666 5611 2803 5660 enim
2852 5617 3014 5676 caput
3057 5609 3213 5676 primi
3274 5607 3408 5660 tituli

1857 5703 1998 5757 tertii
2033 5702 2178 5762 lihri,
2201 5700 2325 5752 licet
2352 5701 2606 5752 decernat
2639 5714 2758 5752 Cum
2795 5700 3134 5765 imperatoris
3163 5697 3412 5750 mandato

3034 5789 3068 5846 3
