4114 6448
730 386 800 446 75
1959 378 2216 437 ἿἩΕΟΙ).
2258 381 2265 434 l

2363 378 2486 436 LSA
2495 377 2644 434 ΜοΝ
3822 365 3898 429 76

732 509 888 564 posse
942 491 1213 550 adversus
1245 497 1523 559 episc0pos
1572 488 1674 556 agi,
1709 497 1761 538 et
1799 504 1888 539 eos
1918 488 2037 540 sisti
2085 499 2262 539 coram

2366 503 2491 553 κεφ.
2525 485 2618 536 τοῦ
2662 491 2708 534 α’
2764 483 2943 534 τίτλου
2976 480 3068 532 τοῦ
3112 478 3158 546 γ’
3189 478 3414 545 βιϐλίου,
3452 477 3552 530 κᾶν
3597 477 3899 546 διορίζητιι

732 583 974 636 civilibus
995 582 1256 649 judicihus
1279 594 1292 628 :
1319 580 1419 630 hoc
1445 586 1638 638 tamen,
1666 583 1723 626 ut
1751 575 1878 626 mihi
1903 575 2130 635 videtur,
2159 587 2262 626 non

734 672 954 738 quadrat
1016 668 1286 720 canonicxe
1325 665 1597 720 doctrinm.
1633 663 1788 732 532
1836 663 2095 715 Debemus
2123 663 2261 714 enim

736 757 934 820 dicere,
970 765 1095 808 tunc
1120 756 1254 807 trahi
1286 755 1588 820 episcopum
1622 767 1719 819 pro
1748 766 1823 814 re,
1866 766 1983 816 qua:
2012 751 2260 818 privatim

731 845 795 897 ad
830 845 999 910 ipsum
1064 843 1296 909 pertinet
1333 859 1346 894 :
1382 850 1687 894 nouantem
1724 853 1818 903 pro
1855 840 2144 905 quaestione
2165 853 2262 890 ec-

729 931 1053 984 clesiastica.
1106 929 1183 980 Re
1207 929 1347 981 enim
1375 926 1631 995 ejusmodi
1685 926 1980 994 proposita,
2029 940 2134 978 non
2169 925 2263 976 de-

732 1020 855 1071 bent
885 1018 1065 1070 civiles
1089 1013 1294 1084 judices
1328 1015 1487 1067 ullam
1507 1014 1621 1082 ejus
1652 1014 1852 1067 habere
1881 1015 2262 1080 cognitionem.

725 1107 839 1158 Jam
876 1122 1000 1158 vero
1041 1121 1226 1172 magna
1269 1117 1476 1170 quoque
1531 1110 1613 1155 est
1659 1102 1775 1168 ejus
1819 1101 2139 1163 differentia,
2171 1105 2260 1169 qui

727 1215 822 1251 sua
849 1207 1036 1262 Sponte
1077 1194 1489 1248 ecclesiasticum
1537 1191 1792 1258 judicium
1828 1200 2035 1243 recusat
2079 1201 2129 1242 et
2164 1205 2262 1242 sae-

727 1288 908 1339 culare
930 1301 992 1336 ex
1030 1283 1372 1348 imperatoris
1399 1281 1649 1332 mandato
1698 1279 1910 1345 quaerit,
1944 1287 1997 1330 et
2027 1277 2138 1341 ejus
2171 1277 2260 1343 qui

724 1376 875 1440 jussu
912 1372 1246 1437 imperatoris
1299 1370 1495 1421 invitus
1529 1377 1723 1421 tractus
1779 1377 1858 1419 est
1911 1368 1974 1419 ad
2011 1368 2264 1420 saeculare

722 1460 1002 1527 judicium.
1076 1455 1215 1521 Lege
1281 1459 1440 1508 etiam
1516 1468 1635 1519 cap.
1695 1456 1714 1505 ι
1787 1454 1934 1507 tit.9
1989 1456 2265 1519 prmsmitis

729 1548 929 1614 operis,
966 1556 1017 1596 et
1049 1559 1164 1610 qua:
1197 1544 1384 1609 inipso
1409 1560 1435 1592 ιι
1479 1544 1632 1594 uobis
1671 1543 1868 1610 scripta
1901 1553 2045 1594 sunt.
2081 1542 2266 1596 Petere

725 1646 904 1688 autem
936 1631 1264 1697 conjudicem
1289 1627 1500 1680 civilem
1535 1641 1627 1694 per
1648 1628 1952 1678 mandatum
1991 1626 2262 1692 imperiale

726 1733 956 1786 nonest,
1003 1731 1058 1773 ut
1111 1719 1236 1773 tnilti
1278 1717 1510 1772 videtur.
1555 1715 1879 1782 prohibitum
1933 1722 1985 1765 et
2037 1715 2264 1765 maxinm

2369 576 2505 644 μετὰ
2543 571 2827 642 βασιλικῆς
2854 569 3148 632 κελεύσεως
3183 568 3456 635 διάγεσθαι
3505 567 3594 619 καὶ
3628 565 3902 631 παρίστα-

2363 665 2487 716 σθαι
2533 663 2657 721 τοὺς
2692 661 3019 721 ἐπισκόπους
3051 660 3200 727 παρὰ
3254 658 3548 718 πολιτικοῖς
3604 655 3895 721 ἄρχουσιν,

2361 752 2493 804 ἀλλὰ
2518 752 2672 802 τοῦτο
2705 752 2764 803 οὑ
2805 750 3183 818 προσίσταται,
3217 747 3291 809 ὡς
3321 748 3446 814 ἐμοὶ
3501 745 3664 807 δοκεῖ,
3697 745 3763 817 τῇ
3801 759 3904 792 κα-
3977 754 3980 755 ⁷

2362 843 2545 906 νονικῇ
2568 837 2902 905 διδασκαλίᾳ.
2942 835 3257 903 Ὀφείλομεν
3294 834 3403 900 γάρ
3443 833 3617 884 εἰπεῖν
3661 830 3749 880 τὸν
3779 829 3897 878 ἐπί-

2365 944 2566 980 σκοπον
2591 926 2890 994 τηνικαῦτα
2914 917 3169 977 ἕλκεσθαι
3207 925 3335 991 περὶ
3357 920 3678 988 πράγματος
3707 906 3899 976 ίδικῶς

2363 1017 2510 1084 αὑτῴ
2542 1016 2912 1084 διαφέροντος,
2942 1016 3001 1066 οὑ
3029 1014 3134 1082 μην
3162 1014 3289 1081 περὶ
3322 1007 3769 1077 ὲκκλησιαστικοῦ
3802 1006 3902 1071 ζη-

2361 1108 2602 1173 τήματος
2628 1120 2644 1134 ο
2671 1106 2915 1155 τοιούτου
2948 1104 3054 1170 γὰρ
3080 1102 3440 1168 προκειμένου
3471 1098 3611 1157 τινος
3643 1099 3902 1163 ἀμέτοχος,

2365 1191 2506 1248 εἶναι
2537 1195 2846 1261 ὀφείλουσιν
2881 1194 2929 1242 οί
2963 1190 3226 1243 πολιτικοὶ
3248 1188 3516 1250 δικασταί.
3543 1187 3689 1247 Τέως
3717 1185 3773 1236 δὲ
3803 1186 3900 1234 καὶ

2367 1282 2575 1350 μεγάλη
2597 1282 2709 1334 ἐστὶ
2738 1280 2967 1348 διαφορά
2993 1278 3083 1330 τοῦ
3110 1277 3440 1344 αὐθαιρέτως
3465 1273 3901 1342 παραιτουμένου

2364 1371 2423 1420 τὸ
2467 1370 2909 1436 ἐκκλησιαστικὸν
2948 1365 3312 1434 δικαστήριον,
3358 1365 3448 1414 καὶ
3507 1362 3786 1430 ζητοῦντος
3837 1360 3902 1411 τὸ

2379 1455 2652 1507 πολιτικὸν
2698 1454 3042 1522 δικαστήριον
3086 1451 3169 1503 διὰ
3205 1449 3548 1518 προστάξεως
3596 1448 3900 1516 βασιλικῆς,

2368 1545 2461 1594 καὶ
2485 1545 2577 1595 τοῦ
2612 1544 2956 1603 ἐλκυσθέντος
2979 1538 3243 1598 ἀκουσίως
3293 1537 3428 1588 κατὰ
3459 1537 3699 1588 κέλευσιν
3752 1535 3905 1605 βασι-

2364 1633 2520 1700 λικὴν
2578 1635 2658 1692 είς
2706 1633 2967 1699 κοσμικδν
3025 1630 3386 1696 δικαστήριον.
3465 1623 3760 1688 ’Δνάγνωθι
3806 1623 3904 1672 καὶ

2367 1737 2492 1787 κεφ.
2532 1719 2580 1772 α’
2614 1721 2708 1772 τοῦ
2753 1722 2795 1773 θ’
2849 1721 3027 1772 τίτλου
3059 1718 3150 1770 τοῦ
3193 1717 3454 1785 παρόντος
3505 1714 3898 1778 συντάγματος,

732 1813 949 1882 quando
968 1821 1230 1864 estcausa
1269 1804 1601 1874 pecuniaria,
1641 1817 1758 1868 quae
1811 1812 1894 1856 est
1939 1803 2265 1870 synodallter

2369 1811 2464 1861 καὶ
2492 1811 2558 1862 τὰ
2589 1813 2646 1862 ὲν
2678 1809 2824 1877 αὑτῷ
2850 1809 2977 1877 παρ’
3014 1808 3169 1876 ἡμῶν
3217 1803 3590 1874 γεγραμμένα.
3619 1801 3690 1854 τὸ
3717 1801 3904 1868 μέντοι

725 1904 973 1958 dicenda.

2374 1897 2603 1965 ζητῆσαι
2639 1895 2991 1964 συνδικαστὴν
3018 1894 3291 1946 πολιτικὸν
3313 1893 3402 1944 διὰ
3439 1891 3779 1959 προστάξεως
3812 1889 3911 1956 βα-

727 1992 955 2058 σιλικῆς,
985 1989 1058 2050 ὼς
1087 1987 1206 2054 ἐμοὶ
1240 1985 1403 2048 δοκεῖ,
1429 1983 1526 2035 οὑκ
1568 1982 1683 2033 ἔστι
1713 1979 2110 2047 κεκωλυμένον,
2152 1982 2246 2034 καὶ
2285 1986 2485 2053 μᾶλλον
2507 1989 2634 2040 ὅταν
2663 1988 2978 2056 χρηματική
3002 1988 3146 2036 ἐστιν
3196 1984 3466 2046 ὑπόθεσις,
3533 1985 3565 2050 ἡ
3641 1983 3908 2051 μέλλουσα

724 2079 1022 2149 λαληθῆναι
1057 2075 1368 2134 συνοδικῶς.

794 2155 1212 2233 Interrogaverit
1256 2172 1430 2217 autem
1487 2161 1772 2228 quispiam,
1803 2161 1932 2212 Cum
1985 2157 2066 2213 lex
2095 2160 2257 2221 dicat,

725 2277 844 2315 cum
877 2262 943 2313 ab
991 2259 1205 2310 actione
1241 2268 1332 2306 sua
1373 2251 1643 2313 excidere,
1681 2251 1769 2317 qui
1825 2263 1978 2301 suum
2011 2249 2263 2300 adversa-

729 2354 866 2403 rium
912 2348 975 2401 ad
1028 2345 1292 2414 judicium
1343 2343 1707 2405 incompelens
1747 2337 2006 2398 traxerit,
2036 2337 2124 2402 qui
2176 2350 2266 2388 sa-

727 2452 930 2495 cratum
967 2438 1032 2489 ad
1067 2433 1220 2488 civile
1261 2431 1516 2500 judicium
1553 2428 1774 2481 traxerit
1805 2466 1819 2489 ,
1871 2441 2043 2478 annon
2070 2440 2132 2477 ex
2163 2425 2266 2478 hoc

727 2541 930 2582 canone
984 2539 1080 2578 suo
1115 2524 1236 2590 jure
1269 2521 1479 2574 excidet
1511 2519 1534 2569 ?
1577 2516 1796 2570 Salutio.
1845 2515 2255 2581 lncompetcntis

723 2616 921 2686 judieis
952 2611 1283 2680 prmscriptio
1315 2611 1366 2660 in
1397 2607 1654 2674 principio
1695 2605 1880 2671 judicii
1915 2604 2085 2656 solum
2133 2618 2256 2669 pro-

732 2704 972 2771 ponitur,
1004 2715 1104 2752 non
1134 2707 1307 2749 autem
1339 2695 1497 2746 etiam
1522 2703 1726 2760 postea.
1751 2689 1914 2756 Finge
1939 2704 2089 2757 ergo,
2125 2690 2266 2756 quod

729 2807 789 2845 ea
821 2805 848 2842 a
889 2788 1145 2856 principio
1197 2801 1299 2837 non
1333 2792 1417 2836 est
1451 2781 1726 2849 proposita
1762 2795 1788 2830 a
1821 2793 1911 2831 reo
1945 2793 1959 2828 :
2009 2779 2086 2830 vel
2139 2793 2264 2846 pro-

732 2879 904 2947 posita
933 2892 959 2928 a
995 2875 1173 2942 judice
1201 2873 1433 2925 admissa
1484 2887 1585 2922 non
1615 2878 1716 2920 est.
1759 2866 1822 2920 Et
1860 2875 2138 2934 propterea
2169 2869 2263 2918 de-

731 2968 982 3020 ﬁnierunt
1031 2964 1214 3014 l‘atres
1241 3001 1253 3023 ,
1310 2958 1476 3026 quod,
1511 2957 1718 3009 etiamsi
1753 2964 1904 3008 actor
1951 2955 2168 3017 vicerit,
2200 2967 2264 3006 eo

2447 2160 2742 2227 Ἐρωτήσει
2782 2159 2837 2210 δέ
2868 2176 2974 2221 τις,
3007 2159 3095 2218 Ὠς
3125 2156 3219 2208 τοῦ
3252 2156 3414 2222 νόμου
3469 2155 3714 2221 λέγοντος
3746 2158 3908 2208 ἐκπί-

2369 2264 2520 2300 πτειν
2549 2251 2645 2314 τῆς
2673 2247 2875 2308 οίκείας
2911 2245 3293 2312 ὲναγωγῆςτδν
3327 2247 3404 2305 είς
3441 2246 3778 2312 ἀπρόσφορον
3823 2249 3906 2298 δι-

2368 2337 2660 2404 καστήριον
2688 2337 2988 2386 ἑλκύσαντα
3013 2335 3102 2384 τδν
3123 2334 3254 2385 ῐδιον
3277 2333 3562 2395 ἀντίδικον,
3584 2334 3681 2383 οὐκ
3706 2334 3903 2399 ἔμελλε

2370 2424 2465 2475 καί
2489 2427 2593 2493 πρὸ
2622 2425 2714 2476 τοῦ
2757 2425 2978 2485 κανόνος
3010 2424 3200 2474 τούτου
3231 2425 3257 2473 ό
3294 2423 3385 2472 τὸν
3421 2421 3716 2490 ἱερωμένον
3747 2423 3912 2474 ἐλκύ-

2373 2532 2468 2575 σας
2502 2519 2579 2576 εἰς
2613 2514 2884 2566 πολιτικὴν
2914 2514 3259 2580 δικαστήριον
3288 2512 3542 2562 ἐκπεσεῖν
3569 2512 3660 2562 τοῦ
3691 2513 3909 2564 δικαίου

2369 2604 2530 2656 αὑτοῦ
2555 2621 2570 2669 ;
2599 2605 2807 2667 Λύσις.
2840 2603 2901 2653 'll
2929 2601 3019 2654 τοῦ
3047 2600 3389 2670 ἀπροσφόρου
3417 2602 3748 2670 παραγραφὴ
3765 2606 3910 2654 κατᾶ

2366 2697 2460 2765 τὴν
2493 2697 2662 2765 ἀρχὴν
2697 2693 2790 2745 τοῦ
2830 2693 3173 2760 δικαστηρίου
3217 2691 3529 2758 προτίθεται
3573 2692 3665 2742 καὶ
3706 2692 3899 2758 μόνον,

2369 2785 2428 2834 οὑ
2483 2783 2588 2851 μὴν
2651 2783 2742 2834 καὶ
2795 2782 2930 2848 μετὰ
2981 2779 3169 2831 ταῦτα.
3213 2777 3514 2846 Θεμάτισον
3577 2773 3669 2830 οὖν
3708 2780 3788 2830 ϐτι
3841 2780 3907 2828 οὑ

2370 2869 2638 2936 προετέθη
2668 2868 2803 2934 αὑτη
2838 2867 2986 2935 παρὰ
3014 2867 3106 2918 τοῦ
3137 2865 3543 2934 ὲναγομένου,ἢ
3577 2866 3909 2934 προτεθεῖσα

2367 2957 2467 3008 οὑκ
2496 2957 2686 3025 ἐδέχθη
2719 2957 2866 3022 παρὰ
2887 2955 2979 3006 τοῦ
3014 2953 3288 3006 δικαστοῦ.
3316 2953 3423 3006 Καὶ
3458 2954 3546 3005 διὰ
3575 2955 3732 3006 τοῦτο
3767 2953 3909 3022 ὦρι-

730 3056 872 3123 quod
928 3051 1336 3116 ineompetentis
1369 3049 1562 3114 judicis
1595 3047 1835 3112 exceptio
1868 3047 2265 3111 quomodocun-

2371 3068 2468 3102 σαν
2497 3053 2544 3101 οί
2584 3021 2823 3116 ίίατέρες
2857 3049 2951 3111 ὡς,
2987 3047 3088 3099 κᾶν
3115 3048 3312 3115 νικήσῃ
3341 3047 3368 3098 ό
3395 3045 3697 3112 ἑναγαγὼν,
3733 3021 3908 3099 διὰτὸ

730 3160 830 3210 que
880 3143 1122 3194 inefﬁcax
1190 3139 1342 3189 fuerit
1389 3153 1401 3187 :
1466 3137 1543 3186 sic
1583 3148 1794 3200 quoque
1847 3144 2022 3185 tamen
2051 3143 2266 3200 prepter

734 3235 985 3285 honorem
1018 3227 1264 3279 Ecclesia:
1295 3238 1474 3274 eorum
1507 3223 1726 3272 victoria
1767 3221 1894 3270 nihil
1919 3222 1964 3272 ei
1997 3222 2262 3285 proderit;

731 3325 822 3375 sed
854 3323 1168 3386 deponetur,
1214 3317 1254 3366 si
1298 3328 1414 3365 eam
1449 3311 1694 3362 retineat.
1735 3308 1993 3360 l’rrcterea
2034 3309 2265 3359 interro-

733 3410 938 3480 gavcrit
993 3407 1273 3474 quispiam,
1311 3417 1466 3470 quam
1527 3416 1734 3468 puniant
1791 3398 2131 3450 sustinebunt
2184 3410 2270 3448 ec-

733 3494 1026 3547 clesiastici
1052 3491 1285 3556 judices,
1324 3491 1366 3540 si
1395 3489 1620 3539 convicti
1657 3485 1874 3546 luet-int,
1905 3499 1968 3535 ex
2006 3485 2150 3542 odio,
2187 3482 2268 3534 vel

733 3583 1031 3642 aﬂectiOne,
1064 3579 1146 3631 vel
1187 3587 1405 3644 propter
1440 3578 1664 3643 gratiam
1717 3575 2034 3628 sententiam
2066 3573 2268 3637 tulisse,

731 3681 1049 3722 cumcanon
1111 3667 1173 3718 de
1223 3680 1286 3717 eo
1329 3664 1456 3715 nihil
1507 3662 1738 3729 jubeat?
1791 3661 2016 3713 Salutio.
2087 3659 2266 3712 Genus

733 3769 918 3817 patrne,
957 3754 1054 3804 etsi
1082 3767 1143 3803 ex
1179 3764 1382 3801 canone
1407 3764 1510 3800 non
1531 3757 1802 3814 appareat,
1835 3763 1898 3796 ex
1933 3747 2136 3812 legibus
2188 3755 2263 3796 ta-

731 3858 850 3895 men
901 3840 1228 3893 declaratur.
1291 3837 1406 3888 Jant
1441 3837 1582 3888 enim
1618 3837 1682 3887 de
1724 3834 1904 3902 judice
1954 3836 2264 3886 muneribus

730 3942 978 3997 corrupto
1009 3929 1136 3981 dicit
1165 3941 1281 3993 cap.
1313 3926 1366 3988 5,
1400 3926 1484 3977 tit.
1520 3924 1607 3986 25,
1640 3925 1728 3976 lib.
1786 3939 1834 3975 ix
1862 3965 1876 3987 ,
1908 3923 2263 3989 Magistratus,

731 4021 820 4088 qui
859 4019 1116 4087 pecunias
1147 4016 1342 4083 accipit
1393 4016 1455 4066 ad
1486 4013 1574 4080 jus
1632 4013 1941 4072 dicendum,
1968 4013 2046 4062 vel
2078 4013 2262 4062 decer-

733 4114 988 4171 nendum,
1018 4107 1097 4159 vel
1141 4109 1204 4159 ad
1239 4106 1357 4172 plus
1388 4105 1470 4156 vel
1520 4105 1691 4154 minus
1719 4117 1815 4153 suo
1858 4100 2034 4152 oflicio
2064 4098 2264 4150 facien-

733 4203 892 4260 dum,
939 4208 990 4250 et
1041 4198 1445 4263 magistratuum
1501 4206 1709 4260 quoque
1759 4205 2088 4254 assessores,
2153 4190 2264 4254 lege

739 4295 1008 4339 tenentur.
1061 4284 1124 4335 Et
1173 4283 1346 4335 thema
1378 4283 1431 4345 .‘5,
1467 4297 1584 4346 cap.
1620 4281 1684 4332 8:
1713 4278 1872 4332 Pinna
1913 4279 2043 4346 legis
2064 4285 2143 4330 est
2172 4291 2264 4329 ex-

2371 3141 2716 3209 ἀπρακτῆσαι
2757 3138 3104 3205 ὁπωσδήποτε
3134 3138 3230 3202 τὴν
3261 3135 3349 3189 τοῦ
3379 3137 3720 3205 ἀπροσφόρου
3754 3136 3909 3187 δικα-

2370 3228 2493 3280 στοῦ
2532 3230 2926 3296 παραγρανξὴν,
2971 3227 3104 3278 ἀλλὰ
3145 3229 3234 3276 καὶ
3277 3227 3415 3277 οὕτω
3469 3226 3552 3277 διὰ
3592 3227 3687 3292 τὴν
3740 3225 3907 3294 τιμὴν

2360 3315 2464 3381 τῆς
2500 3315 2822 3381 Ἐκκλησίας
2858 3314 2934 3372 είς
2964 3313 3116 3364 οὐδὲν
3143 3314 3289 3378 αὑτῴ
3322 3315 3354 3380 ἡ
3385 3315 3508 3380 νίκη
3540 3314 3903 3382 λυσιτελήσει·

2365 3403 2498 3454 ἀλλὰ
2526 3403 3004 3469 καθαιρεθήσεται,
3043 3403 3197 3470 εἴπερ
3219 3402 3502 3470 ἀντέχεται
3527 3403 3747 3469 ταύτης,
3785 3405 3910 3455 Ἐτι

2368 3493 2631 3559 ἐρωτήσει
2663 3507 2768 3551 τις,
2806 3490 2962 3540 ποίαν
2997 3489 3198 3557 βλάϐην
3221 3491 3609 3558 ὑποστήσονται
3635 3492 3683 3542 οί
3711 3491 3910 3559 ἐκκληο

2368 3581 2636 3632 σιαστικοὶ
2666 3581 2937 3641 δικασταὶ,
2991 3580 3146 3648 εἴπερ
3183 3581 3478 3648 ἐλεγχθῶσι
3511 3582 3651 3632 κατὰ
3705 3581 3910 3650 ἔχθραν

2366 3668 2398 3736 ἢ
2429 3671 2570 3720 κατὰ
2603 3668 2976 3737 προσπὰθειαν
3005 3669 3035 3736 ἢ
3060 3669 3143 3719 διά
3165 3670 3319 3736 χάριν
3352 3671 3779 3736 ἀποφηνάμενοι,
3813 3673 3909 3723 τοῦ

2367 3758 2581 3818 κανόνος
2601 3758 2763 3825 μηδὲν
2788 3773 2850 3806 πε
2861 3758 2910 3824 pi
2927 3756 3115 3807 τούτου
3134 3759 3634 3827 παρακελευομένου
3653 3777 3666 3825 ;
3693 3762 3873 3825 Λύσις
3890 3801 3907 3815 .

2365 3847 2436 3898 Τὸ
2471 3843 2606 3906 εἶδος
2647 3846 2746 3914 τῆς
2815 3847 3036 3914 βλάϐης,
3097 3847 3197 3898 κᾶν
3231 3847 3338 3899 ἀπὸ
3401 3848 3495 3900 τοῦ
3553 3852 3775 3909 κανόνος
3809 3853 3910 3902 οὑκ

2363 3935 2745 4002 ἀναφαίνηται,
2772 3935 2905 3985 άλλὰ
2938 3937 3042 3986 ἀπὸ
3064 3937 3169 3987 τῶν
3195 3937 3372 4004 νόμων
3395 3937 3666 4005 δηλοῦται.
3698 3941 3910 3992 Αὐτίκα

2365 4025 2472 4094 γὰρ
2503 4029 2629 4092 περὶ
2654 4023 2744 4076 τοῦ
2771 4024 3228 4092 δωροδοκηθέντος
3273 4026 3524 4078 δικαστοῦ
3562 4044 3692 4094 φησι
3730 4028 3793 4080 τδ
3848 4030 3908 4096 γ’

2362 4130 2486 4181 κεφ.
2518 4113 2610 4164 τοῦ
2643 4110 2729 4179 μγ¹
2757 4113 2936 4162 τίτλου
2972 4113 3066 4165 τοῦ
3091 4113 3132 4178 ξ’
3173 4113 3378 4180 βιϐλίου
3403 4131 3418 4146 ·
3463 4115 3519 4166 Ὀ
3558 4116 3740 4183 ἄρχων
3765 4119 3910 4188 λαμ-

2362 4200 2537 4251 ϐάλλων
2568 4200 2822 4267 χρήματα
2861 4201 2951 4251 ὲπὶ
2977 4198 3054 4267 τῷ
3084 4201 3323 4265 δικάσαι,
3351 4202 3383 4270 ἢ
3414 4202 3775 4269 ψηφίσασθαι,
3811 4209 3908 4259 ἐπὶ

2364 4287 2440 4355 τῷ
2473 4288 2694 4354 ποιῆσαί
2726 4304 2776 4337 τι
2831 4287 2992 4338 πλέον
3030 4288 3061 4355 ἢ
3110 4278 3283 4356 ἦττον
3314 4291 3408 4341 τοῦ
3460 4291 3588 4342 ἰδίου
3622 4295 3910 4360 όφφικίου,

735 4374 1111 4434 traordinaria,
1142 4383 1192 4425 et
1250 4381 1306 4424 ut
1347 4372 1627 4438 plurimum
1675 4370 1864 4421 essilio
1901 4372 2258 4426 condemnat,

2372 4377 2465 4428 καὶ
2496 4378 2543 4426 οἱ
2573 4377 2816 4445 σύνεδροι
2844 4376 2950 4428 τῶν
2984 4379 3261 4445 ἀρχόντων
3293 4379 3605 4434 ὑπόκεινται
3631 4382 3706 4449 τῷ
3733 4382 3910 4454 νόμῳ.

735 4479 1116 4528 nonnumquam
1175 4463 1335 4513 etiam
1383 4459 1615 4526 gravius.
1651 4457 1716 4509 Et
1764 4457 2011 4519 thema?”
2045 4470 2162 4523 cap.
2191 4456 2222 4508 9
2253 4474 2265 4508 :

733 4555 829 4618 Qui
895 4555 994 4607 hac
1058 4553 1169 4618 lege
1219 4552 1627 4612 condemnatur,
1676 4564 1772 4601 nec
1831 4559 2004 4614 potest
2063 4547 2270 4614 publice

734 4642 1099 4694 testimonium
1151 4640 1354 4698 dicere,
1400 4653 1497 4690 nec
1542 4639 1698 4704 judex
1749 4652 1886 4693 (35:8,
1945 4652 2041 4688 nec
2083 4650 2269 4687 tausas

731 4744 907 4797 agerc.
967 4728 1104 4794 Lege
1150 4737 1200 4780 et
1237 4729 1408 4778 thema
1445 4725 1500 4788 Ω,
1560 4741 1678 4792 c.tp.
1743 4727 1805 4787 6,
1839 4726 1917 4777 tit.
1967 4724 2021 4781 Δ,
2049 4726 2138 4774 lib.
2170 4739 2262 4788 cx,

730 4821 868 4886 quod
906 4820 1115 4885 quidem
1149 4827 1229 4869 est
1272 4831 1392 4883 pars
1431 4815 1526 4867 l2-i
1570 4813 1855 4867 Justiniani
1894 4814 2124 4872 novella-,
2154 4829 2269 4878 qua:

731 4910 809 4961 sic
832 4907 998 4961 dicit:
1035 4907 1088 4959 Si
1124 4919 1242 4973 quis
1273 4914 1446 4956 autem
1484 4918 1691 4965 eorum,
1721 4905 1807 4970 qui
1860 4904 2083 4969 litigant,
2113 4903 2268 4953 dixe-

733 4998 800 5049 rit
832 5011 890 5047 se
924 4995 1123 5062 aliquid
1148 4995 1376 5057 dedisse,
1407 4993 1488 5046 vel
1542 5008 1662 5046 esse
1720 4991 2035 5060 pollicitum,
2065 5000 2116 5044 et
2147 5008 2266 5059 per-

730 5099 915 5138 sonam
946 5084 1322 5147 nominarerit,
1351 5092 1405 5136 et
1444 5084 1542 5136 hoc
1571 5084 1895 5150 probaverit,
1923 5082 2033 5146 ipse
2052 5085 2263 5147 quidem

732 5175 783 5228 iu
838 5175 944 5228 litis
995 5178 1140 5228 exitu
1179 5174 1327 5226 venia
1385 5175 1576 5241 dignus
1609 5173 1890 5224 habeatur.
1934 5173 2030 5233 Qui
2088 5179 2262 5221 autem

731 5267 927 5318 donum
958 5265 1034 5317 vel
1091 5266 1413 5330 promissum
1455 5263 1739 5315 admisisse
1786 5261 2056 5313 convictus
2082 5259 2263 5321 fuerit,

732 5358 774 5408 si
811 5356 1110 5422 sitquidcm
1172 5368 1330 5405 causa
1387 5354 1712 5418 pecuniaria,
1755 5351 1893 5418 quod
1944 5351 2126 5402 datum
2160 5358 2262 5410 est,

733 5445 970 5510 tt'iplutn,
1009 5445 1149 5512 quod
1193 5460 1317 5495 veru
1349 5443 1690 5510 promissum,
1735 5442 1948 5507 duplum
2012 5455 2036 5488 a
2069 5438 2264 5490 romitc

732 5533 1056 5598 privatarqu
1111 5542 1420 5582 nostrarum
1477 5531 1784 5580 facultatum
1816 5529 2074 5594 exigatur,
2102 5537 2153 5577 et
2183 5525 2262 5577 di-

731 5622 979 5685 gnitatem
1005 5636 1096 5673 seu
1128 5623 1515 5688 magistratum,
1554 5636 1705 5686 quem
1742 5620 1916 5682 halitu,
1963 5619 2011 5667 in
2040 5627 2263 5683 utroque

2371 4469 2480 4520 Καὶ
2507 4468 2564 4519 τὸ
2590 4466 2636 4533 γ’
2674 4467 2813 4535 θέμα
2841 4468 2933 4520 τοῦ
2957 4467 3008 4536 η’
3051 4486 3176 4534 κεφ.
3210 4469 3309 4537 (Ἤ
3332 4469 3488 4536 ποινὴ
3515 4470 3605 4522 τοῦ
3631 4474 3791 4541 νόμου
3815 4475 3908 4527 ἐκ-

2371 4557 2790 4624 στραορδιναρία
2821 4559 2961 4619 ἐστὶ,
2992 4559 3084 4611 καὶ
3107 4558 3312 4611 ἐπίπαν
3339 4560 3416 4620 είς
3453 4559 3665 4626 ὲξορίαν
3688 4564 3908 4614 καταδι-

2367 4643 2543 4707 κάζει,
2576 4645 2686 4697 ἔσθ’
2735 4645 2822 4696 ὅτε
2855 4646 2912 4697 δὲ
2941 4649 3036 4698 καὶ
3077 4646 3451 4715 σφοδρότερον.
3474 4649 3580 4700 Καὶ
3606 4649 3665 4699 τὸ
3697 4649 3741 4714 β’
3764 4650 3910 4719 θέμα

2373 4735 2469 4785 τοῦ
2515 4734 2558 4784 θ’
2593 4735 2741 4799 κεφ.)
2789 4733 2848 4788 Ὀ
2884 4735 2962 4802 τῷ
3011 4736 3158 4802 νόμῳ
3212 4736 3384 4805 τούτῳ
3418 4736 3910 4805 καταδικαζόμενος

2371 4822 2489 4873 οὕτε
2533 4827 2833 4894 μαρτυρεῖν
2889 4824 3123 4893 δημοσίᾳ
3171 4825 3414 4889 δύναται,
3465 4825 3586 4878 οὔτε
3639 4827 3905 4891 δικάζειν,

2373 4909 2494 4959 οὕτε
2525 4913 2861 4978 συνηγορεῖν.
2919 4912 3212 4974 ’Λνάγνωθι
3264 4915 3353 4963 καὶ
3381 4914 3441 4964 τδ
3482 4914 3522 4982 β’
3553 4913 3692 4981 θέμα
3721 4915 3813 4968 τοῦ
3853 4925 3907 4979 ς’

2369 5014 2494 5064 κεφ.
2529 4998 2618 5048 τοῦ
2653 5001 2691 5048 δ’
2717 4999 2896 5050 τίτλου
2923 4999 3012 5049 τοῦ
3055 4999 3094 5060 ξ’
3142 4999 3368 5067 βιϐλίου,
3418 5003 3552 5070 ὅπερ
3581 5005 3696 5054 ἐστὶ
3740 5005 3906 5072 μέρος

2367 5086 2464 5151 τῆς
2499 5084 2611 5151 ρκδ’
2650 5085 3073 5136 Ίουστινιανείου
3121 5088 3341 5154 νεαρᾶς,
3397 5087 3568 5152 λέγων
3596 5089 3764 5152 οὓτως
3791 5105 3808 5123 ..
3839 5092 3904 5144 ει

2365 5174 2419 5224 δέ
2451 5188 2532 5231 τις
2563 5173 2625 5220 ἐκ
2683 5174 2788 5222 τῶν
2841 5173 3211 5240 δικαζομένων
3262 5175 3407 5224 εῖποι
3453 5175 3736 5226 δεδωκέναι
3781 5193 3833 5227 τι
3870 5181 3902 5246 ἢ

2368 5259 2715 5327 ὑποσχέσθαι,
2770 5262 2861 5310 καὶ
2903 5262 2963 5311 τὸ
3015 5260 3306 5329 πρόσωπον
3347 5260 3555 5333 ἐξείπῃ,
3619 5265 3709 5315 καὶ
3747 5265 3906 5316 τοῦτο

2367 5350 2658 5412 ἀποδείξει,
2688 5350 2845 5409 αὑτὸς
2872 5352 2967 5416 μὲν
2994 5350 3089 5402 ἐπὶ
3109 5353 3175 5418 τῇ
3217 5352 3313 5415 τῆς
3343 5351 3495 5418 δίκης
3524 5351 3742 5402 ἐκϐάσει
3773 5370 3905 5418 συγ-

2365 5439 2585 5506 γνώμης
2617 5439 2914 5501 άξιούσθω·
2939 5442 2966 5490 ό
2995 5441 3048 5490 δὲ
3085 5441 3232 5490 δόσιν
3342 5441 3629 5507 ὑπόσχεσιν
3677 5441 3905 5493 καταδέ-

2367 5529 2554 5591 ξασθσι
2581 5526 2941 5593 δεικνύμενος,
2962 5532 3005 5578 εἰ
3031 5530 3130 5594 μὲν
3148 5529 3458 5596 χρηματικὴ
3473 5530 3558 5594 εἰη
3582 5530 3613 5596 ἡ
3633 5529 3907 5594 ὑπόθεσις,

2364 5619 2421 5666 τὸ
2453 5617 2547 5683 μὲν
2575 5615 2854 5682 δεδομένον
2885 5617 3159 5684 τριπλοῦν,
3185 5619 3242 5669 τὸ
3270 5619 3324 5668 δὲ
3357 5617 3654 5684 ὑποσχεθὲν
3683 5617 3906 5669 διπλοῦν
