4114 6446
234 381 292 442 77
1299 389 1380 449 IN
1433 390 1596 450 CAN.
1625 387 1723 448 xv
1756 383 1960 445 CONC.
2002 383 2370 445 CARTIIAG.
3351 373 3419 433 78

234 488 368 554 παρά
405 489 502 540 τοῦ
531 490 781 560 κόμητος
808 493 906 562 τῆς
940 494 1108 564 ἰδικῆς
1131 496 1285 566 ήμῶν
1321 499 1632 566 περιουσίας
1665 499 1760 545 είσ‹

1877 505 2000 544 casu
2028 493 2239 560 perdat.
2293 491 2387 544 Sin
2420 497 2600 543 autem
2658 488 2729 544 sit
2777 485 3077 542 criminalis
3119 483 3417 538 accusatio.

228 577 567 643 πραττέσθω,
610 583 707 631 καὶ
732 584 836 650 τὴν
873 583 1025 648 ἀξίαν
1067 586 1184 654 ήτοι
1223 587 1398 655 ἀρχὴν
1426 587 1492 657 ἣν
1532 586 1642 654 ἔχει
1684 586 1766 650 ἐφ’

224 664 474 734 ἑκατέρου
517 666 759 736 θέματος
807 671 1113 728 ἀπολλύτω.
1175 676 1237 728 Εἰ
1280 677 1336 728 δὲ
1390 675 1769 746 έγκληματικὴ

224 754 356 823 είηή
388 759 730 826 κατηγορία,
766 760 1032 830 δήμευσιν
1076 762 1175 832 τῆς
1214 766 1421 828 οἰκείας
1451 765 1769 834 ὑπομενέτω

225 847 557 913 περιουσίας,
587 851 682 901 καὶ
721 853 799 912 εἰς
856 853 1070 923 ὲξορίαν
1135 857 1458 924 πεμπέσθω,
1507 859 1653 919 ὅστις
1681 857 1769 908 διὰ

223 935 371 1003 λῆψιν
402 937 694 1006 ἀλλότριον
727 941 982 1011 ἔγκλημα
1007 947 1082 1007 εἰς
1116 948 1310 999 ἑαυτὸν
1337 948 1636 1000 ἐσπούδακε
1671 965 1768 1015 μεο

219 1030 510 1092 τενεγκεῖν.
556 1030 620 1080 Εἰ
658 1030 716 1082 δε
753 1033 852 1099 τὴν
881 1033 1082 1105 δόσινή
1128 1038 1230 1106 τὴν
1264 1039 1554 1107 ὑπόσχεσιν
1595 1038 1623 1089 ὁ
1651 1038 1764 1092 διά·

217 1116 353 1180 δικος
382 1117 458 1186 μὴ
486 1118 697 1191 δυνηθῇ
720 1123 912 1189 δεῖξαι,
939 1125 1162 1194 ὀμνύτω
1186 1128 1246 1178 τὸ
1268 1128 1558 1197 πρόσωπον
1582 1128 1644 1180 τὸ
1670 1128 1768 1197 τήν

218 1207 349 1258 δόσιν
383 1209 415 1276 ή
447 1210 555 1278 τὴν
589 1210 883 1282 ὑπόσχεσιν
909 1215 1206 1284 λεγόμενον
1232 1217 1651 1281 καταδέξασθαι,
1683 1219 1766 1270 ὅτι

216 1297 326 1349 οὐδί
356 1297 426 1350 δι’
467 1301 675 1354 ἑαυτοῦ
714 1304 836 1356 οὐδὲ
858 1306 928 1358 δι’
954 1306 1115 1359 ἄλλου
1139 1307 1491 1376 προσώπουή
1517 1308 1676 1360 έλαδέ
1710 1325 1762 1358 τι

213 1387 241 1453 ἢ
271 1388 572 1456 ὑπόσχεσιν
612 1389 758 1460 ἔσχε.
789 1394 898 1445 Καὶ
926 1394 1020 1447 τοῦ
1054 1395 1301 1448 τοιούτου
1331 1397 1497 1466 ὅρκου
1530 1412 1767 1465 παρεχο-

217 1477 389 1542 μένου,
415 1477 588 1541 αὐτὸς
625 1480 725 1548 μὲν
759 1481 1046 1552 ἐλεύθερος
1077 1483 1222 1536 ἔστω
1246 1501 1260 1515 ·
1295 1487 1324 1537 6
1369 1486 1427 1538 δὲ
1474 1485 1711 1546 διάδικος
1737 1485 1766 1535 δ

214 1565 280 1631 μὴ
313 1565 577 1632 δυνηθεὶς
600 1568 772 1631 δείξαι
791 1571 884 1622 ἐπὶ
912 1572 1011 1639 μὲν
1033 1575 1153 1636 ταῐς
1171 1576 1538 1643 χρηματικαϊς
1564 1575 1764 1636 αἰτίαις

213 1653 298 1712 τὴν
323 1654 674 1724 ἀποτίμησιν
699 1659 796 1726 τῆς
825 1660 986 1729 δίκης
1011 1662 1116 1714 ὑπὸ
1145 1662 1237 1715 τοῦ
1265 1663 1505 1733 κόμητος
1534 1664 1632 1730 τῆς
1669 1664 1764 1715 ἰδι-

209 1743 298 1810 κῆς
327 1744 489 1812 ἡμῶν
528 1748 849 1816 περιουσίας
882 1753 1315 1819 εἰσπραττέσθω,
1357 1753 1457 1822 τῆς
1487 1753 1644 1820 δίκης
1669 1753 1762 1821 δηο

1875 580 2215 648 propriarum
2259 578 2572 633 facultatum
2608 577 3047 631 confiscationem
3078 573 3332 641 patiatur,
3364 579 3419 622 et

1875 671 1926 722 in
1960 669 2210 724 exsilium
2267 669 2532 732 mittatur,
2585 669 2765 736 utqui
2816 666 3130 736 accipiendo
3185 663 3416 715 alienum

1872 759 2074 812 crimen
2130 759 2180 811 in
2215 760 2446 827 seipsum
2492 757 2786 812 transferre
2822 757 3106 811 studuerit.
3139 754 3192 807 St
3241 761 3417 804 autem

1871 846 2213 901 donationem
2266 849 2346 902 vel
2379 849 2791 917 promissionem
2847 846 3086 916 litigator
3135 845 3420 897 ostemlcm

1868 950 1975 989 non
2033 937 2288 1004 potuerit,
2333 937 2478 1004 juret
2520 952 2771 1006 persona,
2804 951 2921 1004 quae
2965 935 3308 987 donationem
3341 929 3419 983 vel

1869 1025 2282 1092 promissionem
2335 1027 2636 1092 suscepisse
2663 1025 2877 1087 dicitur,
2907 1024 3048 1090 quod
3091 1034 3187 1072 nec
3215 1034 3308 1086 per
3336 1032 3417 1074 se.

1868 1129 1971 1169 nec
2010 1129 2105 1182 per
2167 1115 2325 1167 aliam
2373 1130 2686 1184 personam,
2727 1115 2808 1168 vel
2838 1112 3038 1182 aliquid
3079 1110 3306 1174 accepit,
3335 1108 3416 1160 vel

1867 1205 2195 1274 promissum
2248 1204 2458 1258 habuit.
2493 1202 2556 1256 Et
2605 1204 2708 1258 boc
2755 1203 2878 1255 dato
2903 1199 3275 1269 jurejurando,
3307 1198 3422 1264 ipse

1867 1297 2086 1363 quidem
2140 1296 2460 1350 liberabitur
2493 1312 2507 1349 :
2540 1295 2781 1366 litigator
2843 1307 2992 1356 vero,
3057 1290 3148 1358 Qui
3188 1288 3420 1357 probare

1869 1401 1975 1440 non
2014 1388 2210 1455 potuit,
2245 1388 2297 1439 in
2327 1386 2504 1439 causis
2535 1386 2746 1452 quidem
2777 1382 3122 1452 pecuniariis,
3151 1380 3259 1434 litis
3277 1377 3422 1433 testi-

1867 1479 2160 1530 mationem
2219 1493 2247 1530 a
2288 1477 2487 1531 comite
2518 1474 2848 1544 privatarum
2887 1484 3192 1528 nostrarum
3246 1471 3420 1525 facul-

1865 1579 2033 1622 tatum
2065 1569 2332 1636 exigatur,
2390 1568 2595 1636 judicio
2631 1568 2843 1621 scilicet
2870 1582 3025 1620 suum
3050 1575 3301 1619 eventum
3328 1579 3421 1616 ex-

1863 1669 2143 1727 spectante
2164 1677 2190 1712 -:
2223 1661 2274 1714 in
2309 1660 2679 1714 criminalibus
2700 1668 2877 1713 autem
2898 1659 3162 1711 bonorum
3198 1669 3417 1708 suorum

1866 1748 2281 1815 publicationem
2329 1749 2615 1811 sustineat,
2645 1759 2699 1800 et
2731 1763 2760 1799 ιι
2790 1745 3234 1800 convenientibus
3272 1743 3419 1812 judi-

209 1831 369 1884 λονότι
405 1837 511 1904 τὴν
549 1837 688 1890 ἰδίαν
719 1838 945 1892 ἔκϐασιν
971 1843 1357 1911 ἀναμενούσης
1378 1861 1390 1875 ο
1434 1845 1524 1895 ἐπὶ
1551 1844 1604 1895 δὲ
1643 1847 1760 1906 ταῖς

1863 1836 2016 1890 cibus
2070 1851 2136 1890 ex
2172 1837 2348 1906 legum
2385 1837 2576 1892 ordine
2619 1836 2891 1903 negotium
2948 1836 3290 1889 terminetur.
3323 1830 3417 1885 Sin

207 1921 640 1991 ἐγκληματικαὴ
671 1926 938 1996 δήμευσιν
957 1932 1054 1998 τῆς
1103 1931 1239 1993 ἰδίας
1281 1934 1598 2002 περιουσίας
1623 1935 1759 1984 ὑπο·

212 2013 434 2079 μενέτω,
473 2016 574 2066 καὶ
613 2016 674 2068 τὸ
697 2019 931 2087 πρᾶγμα
965 2021 1115 2088 παρὰ
1145 2024 1260 2084 τοῖς
1287 2023 1565 2092 ἀρμοδίοις
1600 2025 1759 2075 δικα·

211 2105 348 2164 σταῖς
378 2105 528 2156 κατά
559 2106 660 2175 τὴν
687 2107 796 2161 τῶν
820 2109 1003 2176 νόμων
1027 2110 1180 2176 τάξιν
1206 2114 1572 2181 περαιούσθω.
1607 2115 1668 2164 Εἰ
1703 2115 1760 2166 δὲ

1863 1935 2041 1980 autem
2091 1940 2322 1994 persona
2372 1941 2400 1979 ε
2455 1927 2727 1995 litigatore
2776 1926 3047 1979 declarata
3107 1923 3418 1992 praedictum

1860 2017 2242 2085 jusjurandum
2301 2018 2638 2072 recusaverit
2665 2057 2680 2080 ,
2722 2026 2844 2069 4am
2904 2016 2960 2068 in
3003 2013 3413 2074 criminalibus,

1863 2121 2026 2176 quam
2061 2108 2115 2161 in
2151 2108 2477 2174 pecuniatiis
2516 2107 2719 2169 causis,
2752 2105 3024 2174 pradictis
3052 2105 3230 2170 ptenis
3285 2102 3416 2156 sub-

207 2191 258 2242 τὸ
291 2195 442 2263 παρὰ
474 2195 573 2247 τοῦ
615 2195 976 2266 δικαζομένου
1006 2202 1320 2268 φανερωθὲν
1349 2205 1638 2272 πρόσωπον
1669 2206 1760 2257 τδν

1863 2198 2097 2267 iiciatur.
2139 2196 2195 2251 Si
2231 2197 2351 2264 quis
2383 2207 2561 2249 autem
2607 2211 2821 2260 eorum,
2865 2197 2953 2258 qui
3011 2195 3240 2261 litigant,
3270 2192 3418 2260 jura-

210 2283 654 2350 μνημονευθέντα
684 2289 1086 2357 παραιτήσεται
1111 2292 1294 2359 ὅρκον,
1337 2292 1494 2346 τοῦτο
1534 2296 1631 2362 μὲν
1664 2295 1758 2346 ἐπὶ

207 2374 313 2433 ταῖς
351 2373 820 2443 ὲγκληματικαῐς,
855 2378 1012 2430 τοῦτο
1034 2380 1090 2431 δὲ
1126 2383 1220 2432 ἐπὶ
1242 2385 1360 2443 ταῖς
1384 2386 1757 2451 χρηματικαϊς

206 2463 415 2529 αἰτίαις,
447 2469 574 2528 ταῖς
619 2469 1113 2536 μνημονευθείσαις
1150 2471 1466 2524 ὑποκείσθω
1512 2478 1748 2535 ποιναῖς.

210 2553 258 2603 ΕΞ
286 2554 339 2606 δέ
373 2571 456 2616 τις
487 2556 598 2607 τῶν
626 2556 1000 2626 δικαζομένων
1028 2561 1220 2628 ὀμόσει
1274 2563 1349 2631 μὴ
1393 2564 1686 2615 δεδωκέναι
1719 2565 1750 2634 ἢ

205 2646 653 2713 ἐπαγγείλασθαι,
681 2650 828 2712 ἐντὸς
876 2652 931 2702 δὲ
960 2653 1240 2721 τεσσάρων
1273 2655 1457 2724 μηνῶν
1478 2696 1493 2716 ,
1528 2661 1663 2723 μετά
1694 2659 1754 2708 τὸ

210 2739 596 2807 προενεχθῆναι
625 2739 722 2809 τὴν
737 2740 916 2808 ψῆφον
939 2743 1377 2811 ἀριθμουμένων,
1401 2746 1584 2814 δειχθῇ
1609 2746 1758 2797 δοθέν

209 2844 253 2879 τι
282 2829 312 2898 ἢ
343 2830 679 2899 ὑποσχεθὲν,
719 2834 775 2885 αἰ
805 2833 1094 2902 εἰρημέναι
1143 2837 1327 2888 ποιναὶ
1377 2838 1521 2893 κατά
1565 2855 1619 2889 τε
1651 2840 1759 2891 τῶν

207 2921 445 2973 διδόντων
477 2924 624 2974 κατά
654 2938 713 2974 τε
753 2923 862 2975 τῶν
917 2925 1301 2993 λαμϐανόντων
1331 2928 1512 2996 χώραν
1552 2930 1754 2994 aesar.

211 3009 303 3060 Καὶ
335 3011 511 3063 ταῦτα
564 3011 664 3081 μὲν
719 3013 814 3065 ἐὰν
860 3017 1000 3067 κατά
1034 3017 1251 3083 χρῆσιν,
1277 3018 1444 3085 ήγουν
1474 3018 1562 3068 διὰ
1588 3018 1748 3086 λῆψιν

1863 2287 2004 2340 verit
2042 2299 2101 2339 se
2152 2285 2284 2339 nihil
2345 2286 2582 2349 dedisse,
2629 2286 2710 2340 vel
2770 2285 3068 2354 pollicitum
3096 2297 3238 2347 esse,
3272 2282 3410 2335 intra

1862 2386 2092 2445 quatuor
2115 2384 2292 2429 autem
2310 2390 2543 2438 menses,
2563 2385 2840 2442 postquam
2859 2373 3014 2443 533
3033 2374 3296 2427 sententia
3315 2372 3417 2424 lata

1862 2473 1948 2519 est
2001 2467 2388 2528 numerandos,
2441 2466 2622 2516 datum
2688 2465 2891 2530 aliquid
2943 2465 3025 2516 vel
3091 2463 3414 2530 promissum

1861 2565 2137 2611 ostensum
2187 2555 2379 2620 fuerit,
2441 2555 2707 2624 praedicta:
2764 2570 2934 2624 ρωιιαδ
2986 2565 3093 2607 tam
3160 2555 3416 2608 adversus

1862 2647 2054 2699 dantes
2078 2659 2241 2714 quam
2277 2646 2534 2698 adversus
2555 2645 2888 2713 accipientes
2911 2643 3083 2697 locum
3119 2643 3410 2695 habebunt.

1863 2736 1928 2789 Et
1955 2737 2067 2789 haec
2102 2735 2341 2802 quidem,
2373 2735 2419 2786 si
2460 2745 2676 2801 pr0pter
2730 2735 2919 2787 sordes
2946 2747 3036 2786 seu
3069 2733 3413 2800 pecuniarum

1863 2825 2232 2894 acceptionem
2278 2823 2362 2878 vel
2393 2838 2630 2878 amorem
2667 2823 2748 2877 vel
2779 2824 2959 2878 odium
3001 2822 3264 2876 sententia
3307 2821 3414 2874 lata

1860 2916 1932 2969 sit
1966 2931 1980 2967 :
2017 2915 2254 2981 ejusdem
2295 2915 2438 2968 enim
2471 2914 2688 2968 virtutis
2736 2923 2862 2968 sunt
2909 2914 3023 2967 haec
3065 2915 3188 2966 tria.
3223 2911 3278 2964 Si
3310 2926 3414 2964 au-

1865 3015 1969 3058 tem
2005 3019 2109 3058 nou
2144 3016 2367 3073 propter
2400 3003 2662 3071 ejusmodi
2693 3004 2850 3057 ullam
2886 3019 3135 3066 causam,
3175 3003 3266 3056 sed
3320 3017 3415 3070 per

208 3107 555 3170 νομισμάτων
590 3107 622 3172 ἢ
657 3105 1034 3173 προσπάθειαν
1087 3107 1116 3174 ἢ
1147 3107 1368 3174 ἔχθραν,
1395 3110 1425 3176 ή
1456 3107 1634 3176 ψῆφος
1671 3109 1758 3171 ἐξ·

1863 3096 2188 3163 impcritiam
2235 3097 2492 3149 adversus
2523 3096 2753 3162 aliquem
2786 3094 2893 3150 fert
2940 3095 3260 3147 sententiam
3300 3094 3413 3161 epi-

211 3195 389 3261 ενξχθῇ
414 3210 429 3224 ·
464 3194 570 3261 τῆς
609 3196 717 3264 γὰρ
753 3196 925 3263 αὐτῆς
956 3197 1237 3266 δυνάμεως
1267 3201 1374 3250 εἰσι
1402 3200 1468 3249 τά
1488 3199 1631 3268 τρία·
1664 3200 1758 3250 ὲάν

1863 3198 2083 3252 scopus,
2115 3185 2244 3254 quid
2295 3184 2426 3238 fiet?
2483 3182 2711 3238 Salutio.
2770 3182 3132 3253 Magistratus,
3189 3197 3282 3235 seu
3321 3185 3411 3252 qui

207 3284 252 3334 δὲ
279 3286 348 3353 μὴ
369 3285 458 3337 διὰ
497 3285 760 3355 τοιαύτην
785 3287 987 3346 αἰτίαν.
1009 3289 1143 3341 ἀλλά
1167 3290 1304 3340 κατά
1335 3290 1590 3357 ἀπειρίαν
1624 3289 1758 3341 ἀπο-

212 3375 433 3442 οήνηται
474 3376 783 3436 ἐπίσκοπος
821 3378 962 3430 κατά
990 3394 1156 3440 τινος,
1191 3381 1242 3429 τί
1288 3379 1580 3448 γενήσεται
1603 3393 1618 3442 ;
1644 3378 1758 3430 Λύ-

209 3477 316 3527 σις.
356 3465 417 3515 υἰ
446 3463 736 3530 ἄρχοντες,
771 3465 890 3533 ἦτοι
924 3467 971 3516 οἰ
1008 3467 1413 3536 προκαθήμενοι
1449 3468 1556 3518 τῶν
1600 3467 1754 3520 δικα-

211 3551 358 3613 στῶν,
384 3554 490 3604 οὐκ
528 3555 936 3618 ἀναγκάζονται
965 3555 1207 3623 ἀκριϐῶς
1251 3557 1447 3609 εἰδέναι
1495 3559 1618 3618 τοὺς
1671 3556 1760 3607 v6-

211 3655 349 3706 μους,
373 3641 460 3707 ἐφ’
485 3642 703 3708 ἑτέραις
725 3643 990 3709 μεγάλαις
1007 3644 1273 3705 δουλείαις
1289 3645 1754 3714 ὲνασχολούμενοι’

212 3731 294 3780 καὶ
322 3731 410 3783 διὰ
470 3732 636 3783 τοῦτο
678 3733 735 3798 ἐξ
771 3735 1032 3804 ἀπειρίας
1064 3736 1512 3804 ἀποφαινόμενοι,
1570 3752 1759 3802 συγγιο

209 3819 520 3875 νώσκονται.
548 3825 613 3875 Οἱ
636 3823 692 3875 δὲ
725 3824 1214 3893 σύνεδροιτούτων,
1238 3826 1569 3895 παρανόμως
1590 3828 1759 3895 ψηφι-

209 3907 437 3976 ζόμενοι,
473 3912 820 3974 κολάζονται.
853 3914 992 3981 Φησί
1022 3915 1130 3984 γὰρ
1156 3918 1184 3967 ό
1217 3917 1377 3985 νόμος
1405 3917 1667 3985 ένβιὸλίῳ
1692 3916 1754 3979 ζ’,

207 4001 355 4072 τίτλῳ
385 4009 462 4071 γ’,
500 4005 782 4071 κεφαλαίῳ
825 4006 923 4058 κδ’⁶
963 4007 1228 4068 Τδνρόλον
1271 4008 1635 4076 ἐπιζητοῦμεν
1665 4009 1756 4061 τοῦ

215 4091 492 4160 ἄρχοντος.
560 4095 692 4147 Ἑάν
741 4097 857 4164 γὰρ
901 4098 1127 4163 ἀπειρία
1158 4097 1252 4148 τοῦ
1289 4099 1544 4168 συνέδρου
1583 4101 1758 4162 ἄλλως

218 4180 479 4252 ψηφισθῇ.
513 4187 540 4236 ὁ
579 4187 764 4254 ἄρχων
797 4187 896 4239 οὐκ
925 4189 1211 4246 ἀδικεῖται,
1237 4190 1351 4240 ἀλλ’
1384 4194 1410 4242 ὁ
1449 4192 1757 4259 συμπονῶν.

213 4273 310 4323 Καὶ
347 4278 373 4325 ὁ
407 4275 678 4343 λογισμὸς
707 4275 951 4344 εὔλογος.
1003 4281 1066 4332 Οἰ
1101 4281 1201 4348 μὲν
1233 4282 1340 4350 γὰρ
1367 4284 1644 4350 ἄρχοντες,
1691 4284 1759 4334 δι’

211 4363 268 4429 ἣν
307 4368 528 4436 εἴρηται
561 4367 761 4426 αἰτίαν,
797 4369 895 4420 οὐκ
926 4369 1202 4422 αἰτιῶνται
1235 4387 1247 4400 ’
1283 4373 1332 4422 οἰ
1363 4373 1418 4424 δὲ
1454 4375 1662 4441 κριταὶ,
1698 4374 1757 4425 τὸ

1861 3281 2101 3344 praesunt
2129 3274 2425 3342 judicibus,
2453 3289 2557 3327 non
2584 3282 2849 3343 coguntur
2878 3273 3020 3341 leges
3044 3281 3232 3325 exacte
3253 3287 3411 3336 scire,

1862 3372 1918 3416 ut
1952 3364 2044 3432 qui
2104 3365 2154 3417 in
2189 3363 2371 3418 multis
2401 3365 2520 3417 aliis
2563 3363 2770 3432 magnis
2817 3364 3264 3430 occupationibus
3291 3379 3415 3416 ver-

1859 3462 2082 3518 sentur;
2115 3462 2174 3507 et
2196 3464 2479 3520 propterea
2513 3455 2557 3507 si
2586 3469 2680 3521 per
2726 3452 3049 3520 imperitiam
3087 3456 3412 3506 sententiam

1859 3542 2061 3604 ferant,
2096 3543 2176 3596 eis
2231 3545 2388 3595 venia
2426 3544 2604 3596 datur.
2641 3542 2838 3596 Eorum
2878 3552 3055 3595 autem
3090 3557 3412 3605 assessores,

1860 3633 1904 3685 si
1941 3643 2130 3685 contra
2162 3631 2306 3699 leges
2333 3631 2512 3684 {erant
2535 3632 2884 3689 sententiam.
2932 3632 3247 3698 puniuntur.
3277 3629 3415 3682 Dicit

1860 3721 2005 3773 enim
2050 3721 2134 3772 lex
2166 3721 2219 3773 in
2274 3720 2374 3773 lib.
2404 3734 2497 3784 vn,
2530 3721 2611 3772 tit.
2637 3720 2690 3780 3,
2733 3735 2850 3786 cap.
2875 3719 2946 3772 24
2978 3730 2993 3770 :
3029 3719 3215 3770 Delum
3252 3719 3416 3785 magi-

1861 3818 2063 3863 stratus
2095 3809 2441 3877 requirimus.
2475 3809 2530 3861 Si
2563 3810 2704 3860 enim
2750 3823 2844 3875 per
2882 3810 3208 3875 imperitiam
3239 3823 3416 3860 asses-

1859 3901 2001 3954 soris
2026 3898 2494 3965 aliterjudicatum
2522 3897 2703 3963 fuerit,
2723 3914 2825 3951 non
2856 3897 2986 3951 facit
3015 3899 3260 3966 injuriam
3281 3911 3416 3964 prae-

1861 4005 1946 4043 ses
1976 4005 2072 4045 seu
2129 3992 2477 4058 magistratus
2499 4028 2514 4052 ,
2546 3991 2638 4043 sed
2681 3990 2774 4055 qui
2807 3989 2854 4041 ei
2903 3989 3007 4042 fert
3042 3988 3318 4043 auxilium.
3352 3989 3415 4041 Et

1858 4088 1946 4135 est
2004 4080 2302 4149 probabilis
2366 4079 2582 4149 quidem
2636 4080 2790 4132 ratio.
2847 4078 3195 4146 Magistratus
3246 4081 3408 4144 enim,

1860 4178 2080 4240 propter
2104 4184 2223 4224 eam
2247 4185 2366 4238 quae
2400 4169 2540 4222 dicta
2574 4181 2658 4222 est
2687 4183 2930 4234 causam,
2962 4185 3070 4223 non
3099 4171 3415 4224 insimulan-

1863 4269 1950 4313 tnr
1985 4276 2001 4313 :
2032 4259 2250 4329 judices
2274 4269 2471 4322 autem,
2504 4273 2728 4324 quorum
2777 4269 2861 4312 est
2911 4263 3184 4328 proprium
3224 4277 3414 4314 munus

1858 4349 2124 4417 judicare.
2179 4349 2225 4402 si
2278 4356 2463 4401 contra
2502 4349 2648 4416 leges
2689 4349 2936 4412 fecerim,
2981 4359 3232 4403 tenentur
3261 4369 3324 4404 ac
3367 4371 3413 4403 ot

207 4455 438 4519 δικάζειν
472 4461 565 4511 καὶ
608 4461 771 4526 μόνον
809 4459 968 4528 ἔργον
1001 4461 1236 4530 ἔχοντες,
1297 4464 1390 4514 ἐὰν
1436 4467 1751 4532 παρανομή-

1863 4439 1980 4494 dolo
2011 4437 2288 4502 fecissent,
2312 4440 2604 4492 secundum
2645 4439 2815 4505 legem
2849 4455 2966 4506 quin
2995 4441 3161 4494 dicit:
3191 4440 3415 4510 Imperi—

214 4561 384 4610 σωσιν,
415 4551 702 4617 ἐνέχονται
742 4549 816 4612 ὡς
874 4549 1028 4603 δόλον
1083 4553 1431 4621 ποιήσαντες,
1490 4556 1628 4607 κατὰ
1662 4556 1752 4606 τὸν

212 4636 361 4702 νόμον
392 4640 489 4689 τον
515 4638 769 4705 λέγοντα·
813 4639 879 4692 Ἦ
909 4643 1140 4711 ἀπειρία
1199 4643 1347 4695 ἔοικε
1380 4647 1446 4713 τῇ
1488 4646 1718 4714 ἀμελείᾳ⁵
1741 4663 1752 4676 ’

217 4727 515 4780 καὶπάλιν·
553 4727 715 4780 Δόλον
776 4746 856 4792 τις
913 4733 1058 4784 ποιεῖ
1089 4731 1163 4801 μὴ
1221 4733 1376 4794 εἰδὼς
1434 4734 1677 4798 ἀκριὸῶς
1728 4736 1755 4785 ὃ

214 4817 604 4886 ἐπαγγέλλεται
633 4820 853 4873 εἰδέναι.

275 4910 379 4962 Καὶ
414 4909 580 4960 τοῦτο
625 4911 724 4977 μὲν
755 4909 1068 4980 ὲξεφωνήθη
1118 4916 1246 4983 περὶ
1291 4914 1398 4965 τῶν
1459 4915 1755 4966 πολιτικῶν

209 4996 494 5052 δικαστῶν.
544 5000 637 5060 Εἰς
686 4999 742 5052 δὲ
789 5002 914 5063 τοὺς
965 5001 1454 5071 ἐκκλησιαστικοὺς
1499 5004 1759 5063 δικαστὰς

211 5086 332 5156 ἄλλη
357 5105 441 5148 τις
470 5089 738 5157 κρατήσει
793 5090 1106 5150 ἀκολουθία,
1161 5091 1234 5153 ὼς
1283 5094 1405 5160 ἐμοὶ
1442 5093 1593 5144 δοκεῖ
1618 5107 1630 5120 °
1666 5095 1757 5144 καὶ

214 5179 340 5249 αὕτη
371 5180 562 5248 μέντοι
615 5181 755 5232 κατὰ
800 5180 902 5249 τὴν
949 5180 1232 5249 παροῦσαν
1277 5180 1657 5249 θεσμοθεσίαν.
1699 5184 1757 5233 1·ὶί

214 5270 304 5334 μὲν
351 5274 462 5336 γαρ
521 5271 776 5322 ἐναντίαν
809 5274 916 5330 τοῖς
951 5272 1170 5322 κανόσιν
1203 5273 1503 5332 ἐπίσκοπος
1559 5273 1756 5341 ἐνέγκῃ

213 5360 401 5426 ψῆφον,
453 5358 926 5428 τιμωρηθήσεται,
976 5360 1144 5428 ἤγουν
1172 5361 1648 5430 καθαιρεθήσεται,
1686 5363 1758 5431 μὴ

213 5447 496 5514 δυνάμενος
524 5446 766 5514 ἀμαθίαν
796 5447 828 5516 ἢ
860 5449 1121 5516 ἀπειρίαν
1149 5448 1535 5515 προϐαλέσθαι.
1557 5449 1630 5500 Οὐ
1653 5453 1758 5518 γὰρ

214 5539 580 5605 συγγνωστέος
614 5536 770 5589 ἔσται
823 5538 995 5606 λέγων
1027 5540 1101 5606 μὴ
1138 5539 1338 5591 εἰδέναι
1365 5539 1488 5602 τοὺς
1509 5539 1759 5601 κανόνας,

211 5629 294 5690 οὓς
328 5630 702 5697 ἀναγκάζεται
751 5629 838 5680 διὰ
867 5630 1115 5697 γλώττης
1162 5629 1306 5698 ἔχειν
1337 5630 1524 5698 σχεδὸν
1565 5631 1671 5681 ἀεί.
1703 5630 1761 5681 ΕΞ

211 5717 262 5767 ἂ
295 5719 650 5786 ἀποφήνηταί
686 5733 738 5769 τι
775 5718 955 5786 νόμοις
989 5717 1328 5783 ἀνένδεκτον,
1371 5718 1403 5788 ἢ
1439 5716 1762 5785 δικαστικῆς

1857 4532 1933 4583 tia
2001 4530 2336 4598 negligentiae
2390 4529 2789 4598 cquiparatur;
2848 4541 2902 4584 et
2958 4547 3191 4586 rursus:
3228 4533 3411 4586 Dolum

1859 4621 1979 4686 quis
2002 4621 2133 4673 faeit
2161 4621 2253 4688 qui
2285 4617 2525 4689 perfecte
2548 4622 2721 4675 nescit
2754 4622 2896 4688 quod
2934 4637 2991 4674 sc
3024 4622 3167 4676 scire
3194 4626 3412 4690 proﬁte-

1862 4719 1965 4760 tur.

1936 4900 1998 4953 Et
2030 4901 2128 4954 hoc
2162 4901 2375 4969 quidem
2404 4902 2600 4956 dictum
2632 4911 2712 4955 est
2751 4905 2813 4954 dc.
2845 4906 3091 4959 civilibus
3117 4906 3407 4975 judicilius.

1862 4991 1919 5042 in
1948 4991 2158 5058 judices
2178 5001 2353 5045 autem
2386 4993 2786 5047 ecclesiasticos
2811 4994 2912 5046 alia
2933 4995 3177 5064 quaedam
3217 4998 3416 5052 uictui

1863 5083 2272 5148 consequentia,
2305 5083 2514 5135 utmilti
2543 5083 2753 5136 videtur
2790 5100 2803 5137 :
2852 5095 2904 5138 et
2949 5101 3011 5138 ea
3068 5088 3280 5155 quidem
3327 5104 3414 5141 sc-

1863 5174 2098 5227 cundum
2135 5183 2451 5239 ptatsentem
2498 5175 2960 5228 constitutionem.
3000 5177 3055 5230 Si
3101 5178 3242 5231 enim
3288 5194 3415 5232 con-

1864 5264 2082 5316 trariam
2115 5265 2418 5317 canonibus
2445 5266 2773 5318 sententiam
2801 5267 3087 5335 episcopus
3111 5269 3413 5338 pratulertt,

1864 5353 2117 5420 punietur
2153 5352 2270 5406 sive
2301 5352 2603 5421 deponetur
2628 5394 2642 5416 ,
2677 5364 2731 5406 ut
2755 5357 2842 5423 qui
2890 5372 2992 5411 non
3044 5359 3213 5426 possit
3265 5360 3416 5429 igno-

1866 5443 2095 5497 rantiam
2125 5443 2206 5497 vel
2237 5444 2558 5511 imperitiam
2603 5447 2859 5514 allegare.
2893 5446 3075 5515 Neque
3113 5452 3254 5504 enim
3311 5455 3415 5506 erit

1864 5536 1910 5588 ei
1949 5535 2354 5605 ignoscendum,
2386 5534 2432 5587 si
2469 5535 2612 5588 dicat
2644 5551 2702 5589 se
2734 5537 2946 5592 nescire
2975 5555 3231 5606 canones,
3278 5560 3413 5612 quos

1863 5628 2074 5695 cegitur
2096 5624 2147 5677 in
2182 5624 2362 5692 lingua
2390 5640 2602 5693 semper
2634 5626 2850 5683 habere.
2889 5627 2982 5682 Sin
3014 5640 3187 5683 autem
3216 5633 3413 5702 aliquid

1867 5712 2325 5784 prouunliaverit,
2355 5717 2493 5783 quod
2528 5731 2558 5768 a
2590 5715 2799 5783 legibus
2834 5731 2938 5772 non
2980 5720 3299 5783 admittitur,
3337 5727 3417 5777 vel
