4114 6446
654 379 721 439 ’79
1887 379 2158 439 THEOD.
2207 375 2599 436 BALSAMON
3779 361 3850 422 80

658 492 739 536 est
765 494 914 537 extra
948 484 1284 553 iudiciariam
1315 485 1777 554 consequentiam,
1801 486 1956 538 venia
1981 485 2198 538 dabitur

2319 482 2620 545 ικολουθίας
2652 481 2849 548 ἔξωθεν
2869 520 2884 548 ,
2922 478 3398 548 συγγνωσθήσεται
3423 475 3511 529 διὰ
3553 474 3654 542 τὴν
3687 475 3852 526 ἀπει-

661 582 875 640 propter
932 575 1254 643 imperitiam
1311 614 1324 637 ,
1377 583 1435 626 ut
1476 575 1570 642 qui
1627 588 1723 626 nec
1775 574 2009 641 perfecte
2058 575 2199 642 leges

659 661 796 713 scire
847 662 1052 715 debeat.
1102 662 1224 716 llaec
1271 672 1446 715 autem
1481 663 1934 725 observabuntur,
1985 664 2200 731 quando

658 750 989 802 critttinalem
1013 765 1226 805 causam
1255 752 1575 819 judicaverit
1608 752 1911 818 episcopus.
1937 753 2018 805 vel
2042 754 2199 807 aliam

659 839 1080 894 ecclesiasticam
1133 841 1521 909 quzestionem,
1567 856 1687 909 qua:
1738 842 1942 894 inducit
1985 843 2202 910 deposi-

662 928 880 979 tionctn.
918 929 973 980 bi
999 930 1141 981 enim
1169 928 1536 996 pecuniariam
1574 937 1760 981 contra
1809 929 1952 997 leges
1991 940 2204 983 senten-

662 1015 785 1066 tiam
819 1018 1107 1083 protulerit
1137 1030 1230 1085 per
1278 1017 1622 1084 imperitiam,
1658 1018 1706 1070 id
1745 1017 1792 1069 ei
1842 1017 2201 1084 prmjudicium

660 1119 762 1157 non
797 1106 1004 1159 aﬂ'eret.
1037 1106 1304 1159 Praeterea
1352 1107 1705 1173 interrogabit
1757 1107 2046 1175 quispiam,
2080 1124 2203 1162 cum

660 1208 831 1246 eanou
867 1196 1141 1261 permittat
1187 1196 1359 1249 sacris
1407 1195 1644 1247 initiatos
1683 1194 1898 1262 judices
1941 1197 2205 1251 electitios

658 1286 877 1349 eligere,
907 1285 1056 1337 eisne
1088 1284 1268 1337 licebit
1305 1283 1489 1337 civiles
1520 1282 1757 1350 eligere?
1807 1281 2038 1338 Salutio.
2073 1286 2205 1350 Quia

659 1373 846 1424 slalull
872 1387 1066 1438 canon,
1105 1383 1162 1426 ut
1194 1373 1487 1426 electorum
1514 1372 1755 1440 judicum
1790 1373 1965 1425 valeat
1987 1383 2206 1427 senten-

659 1465 749 1523 tia,
806 1477 902 1515 nec
954 1463 1295 1530 appellationi
1354 1463 1423 1515 sit
1455 1461 1710 1524 obnoxia,
1745 1462 1955 1514 etiamsi
2013 1462 2048 1514 ii
2101 1463 2208 1517 sint

659 1554 935 1618 pauciores
984 1568 1145 1621 quam
1201 1552 1504 1615 duodecim,
1561 1565 1722 1618 quam
1777 1565 1893 1616 sex,
1946 1561 2000 1605 et
2046 1567 2207 1619 quam

661 1655 787 1706 tres,
819 1644 1097 1696 evidenter
1117 1652 1336 1711 apparet
1363 1640 1601 1694 civilium
1630 1640 1870 1709 jutlicum
1893 1641 2208 1695 electionem

661 1749 764 1784 non
799 1735 1012 1787 admitti
1045 1750 1072 1786 a
1103 1732 1418 1787 canonibus.
1469 1731 1637 1794 Unde,
1696 1741 1753 1784 ut
1805 1731 1932 1784 mihi
1980 1733 2206 1797 videtur,

658 1825 949 1874 secundum
985 1833 1303 1890 praesentem
1353 1835 1615 1873 canonem
1652 1822 1944 1887 punientur
1989 1825 2205 1886 sacrati,

623 1967 627 1970 ,
659 1911 746 1976 qui
778 1925 805 1962 a
839 1911 1083 1964 civilibus
1107 1910 1378 1978 judicibus
1407 1909 1639 1977 judicari
1667 1910 1950 1978 elegerint.
1991 1910 2216 1967 Videtur

663 2009 840 2052 autem
891 2015 956 2054 ex
1008 2001 1190 2053 verbis
1214 1999 1460 2061 canonis,
1499 2014 1618 2066 quae
1654 1999 1840 2052 dicunt
1877 2000 2074 2067 deponi
2128 2017 2217 2055 sa-

661 2096 864 2149 cratos,
903 2088 992 2153 qui
1042 2087 1374 2155 litigaverint
1428 2087 1476 2138 in
1537 2086 1654 2140 foro
1704 2087 1848 2139 civili
1906 2103 2002 2157 pro
2053 2105 2214 2144 causa

663 2176 965 2242 pecuniaria
999 2218 1012 2238 ,
1045 2185 1095 2228 et
1142 2178 1390 2240 vicerint,
1437 2179 1537 2232 nisi
1585 2194 1612 2232 a
1669 2195 1762 2233 sua
1805 2183 2066 2234 sententia
2119 2183 2216 2237 de-

663 2268 878 2330 sistunt,
913 2266 1339 2334 quodjudicium
1376 2270 1590 2337 quidem
1641 2269 1843 2324 factum
1893 2273 1959 2325 ab
2012 2273 2217 2326 incont-

663 2358 859 2423 petctlll
884 2356 1088 2423 judice,
1123 2371 1184 2408 ex
1224 2357 1496 2412 voluntate
1525 2359 1642 2424 ejus
1673 2361 1762 2427 qui
1808 2370 1892 2414 est
1943 2373 2216 2423 sacratus.

664 2445 950 2500 tenendum
995 2456 1077 2499 est
1125 2458 1178 2499 et
1233 2463 1336 2500 non
1385 2447 1836 2503 labefactandum.
1895 2450 1994 2514 Qui
2037 2463 2216 2506 autem

663 2532 1088 2587 ecclesiasticum
1125 2536 1675 2602 recusavitjudicium
1710 2547 1764 2592 et
1815 2539 1915 2593 fori
1969 2544 2210 2608 praescri-

664 2624 844 2689 ptione
875 2638 980 2676 non
1009 2632 1092 2676 est
1127 2639 1279 2686 usus,
1317 2637 1558 2679 sacratus
1583 2628 1854 2694 punietur,
1887 2640 1946 2681 ut
1969 2633 2218 2697 superius

665 2715 859 2766 dictum
910 2725 1012 2768 est.
1048 2713 1324 2770 Electitios
1355 2729 1532 2771 autem
1571 2719 1775 2786 judices
1803 2719 1890 2774 hic
1929 2737 1995 2774 ue
2022 2723 2221 2777 dixeris

662 2803 960 2870 cujusmodi
995 2807 1083 2858 tit.
1116 2805 1151 2857 2
1188 2807 1308 2860 libri
1363 2822 1436 2860 vn
1491 2808 1643 2870 dicit,
1694 2810 1786 2878 qui
1838 2811 2047 2864 scilicet
2095 2828 2219 2866 cum

669 2911 836 2961 gratia:
925 2897 1268 2966 stipulatione
1331 2899 1618 2967 judicant,
1672 2903 1763 2954 sed
1830 2902 2222 2956 ecclesiasticos

667 2988 990 3040 rrtlinarios.
1031 2988 1110 3040 Illi
1137 2989 1280 3040 enim
1320 3003 1426 3041 non
1458 2999 1680 3057 possunt
1715 3005 1932 3044 causam
1961 2993 2224 3045 crimina-

2303 571 2444 635 ρίαν,
2496 572 2571 634 ὡς
2611 571 2747 640 μηδέ
2794 569 3027 637 ὀφείλων
3077 567 3276 620 είδέναι
3329 568 3526 635 νόμους
3579 561 3848 630 ἀκριϐῶς.

2299 661 2483 715 Ταῦτα
2505 662 2560 713 δέ
2581 663 2968 731 κρατήσουσιν.
2987 661 3114 712 ὅταν
3143 655 3557 726 ἐγκληματικὴν
3588 652 3854 705 ὑπόθεσιν

2298 751 2493 820 δικάσῃ
2552 753 2870 812 ἐπίσκοπος,
2931 750 3099 817 ἄλλην
3130 745 3594 816 ἐκκλησιαστικὴν
3619 745 3852 810 ζήτησιν

2301 842 2611 907 ἐπάγουσαν
2641 841 2980 909 καθαίρεσιν.
3027 840 3089 891 El
3134 839 3242 906 γὰρ
3287 834 3638 905 χρηματικὴν
3674 849 3854 900 παρα-

2303 931 2485 998 νόμως
2517 930 2780 1000 ἐξενέγκῃ
2812 930 3087 996 ἀπόφασιν
3117 926 3178 990 ἐξ
3199 926 3479 994 ἀπειρίας,
3527 924 3588 975 οὗ
3622 937 3858 989 προκρι-

2309 1021 2724 1090 ματισθήσεται.
2752 1022 2872 1073 Ἔτι
2927 1019 3194 1088 ἐρωτήσει
3247 1032 3353 1080 τις,
3406 1014 3481 1074 ὡς
3509 1014 3601 1065 τοῦ
3629 1010 3856 1069 κανόνος

2307 1109 2594 1172 ἐνδιδόντος
2651 1113 2764 1172 τοῖς
2819 1111 3133 1180 ἱερωμένοις
3191 1103 3540 1172 ἐπιλέγεσθαι
3595 1099 3860 1161 δικαστὰς

2307 1201 2577 1268 αἱρετοὺς.
2609 1201 2827 1266 ἐξέσται
2860 1201 3045 1261 αὐτοῖς
3099 1195 3453 1263 ἐπιλέγεσθαι
3503 1191 3860 1255 πολιτικούς;

2308 1290 2516 1351 Λύσις.
2555 1286 2704 1339 Ἐπεὶ
2733 1289 2761 1340 ό
2785 1286 2961 1339 κανὼν
2985 1285 3277 1354 διορίζεται
3306 1284 3530 1351 κρατεῖν
3553 1281 3652 1350 τὴν
3679 1279 3862 1348 ψῆφον

2309 1376 2416 1426 τῶν
2470 1377 2761 1444 αἱρετικῶν
2811 1377 3104 1437 δικαστῶν,
3150 1374 3246 1426 καὶ
3291 1373 3367 1443 μὴ
3402 1371 3724 1424 ὑποκεῖσθαι
3759 1371 3862 1421 ἐκ-

2309 1467 2512 1535 κλήτῳ,
2550 1467 2653 1519 κᾶν
2679 1466 2902 1536 ἥττονες
2931 1459 3069 1518 ὦσιν
3096 1457 3245 1516 οὗτοι
3275 1463 3380 1515 τῶν
3406 1461 3641 1525 δώδεκα,
3669 1461 3777 1511 τῶν
3803 1458 3867 1523 ἒξ

2310 1557 2406 1606 καὶ
2435 1555 2542 1608 τῶν
2567 1555 2754 1624 τριῶν,
2799 1554 3052 1622 φαίνεται
3095 1552 3343 1622 ἐναργῶς
3375 1551 3694 1605 ἀνένδεκτόν
3722 1545 3866 1600 εἶναι

2308 1647 2420 1705 τοῖς
2453 1646 2641 1696 κανόσι
2671 1645 2771 1715 τὴν
2796 1644 3056 1713 ἐπιλογὴν
3101 1644 3208 1694 τῶν
3239 1642 3534 1694 πολιτικῶν
3568 1640 3866 1692 δικαστῶν.

2317 1733 2502 1796 Ὀθεν,
2564 1735 2640 1796 ὡς
2695 1734 2818 1806 ἐμοὶ
2860 1733 3032 1796 δοκεῖ,
3094 1730 3523 1798 κολασθήσονται
3574 1728 3716 1781 κατὰ
3771 1728 3872 1778 τὸν

2315 1823 2560 1890 παρόντα
2593 1822 2798 1874 κανόνα
2831 1823 2880 1872 oi
2917 1819 3070 1889 παρά
3097 1819 3393 1880 πολιτικοῖς
3441 1817 3726 1877 δικασταῖς
3783 1815 3874 1868 αί-

2320 1911 2662 1980 ρετισάμενοι
2719 1909 3044 1977 δικασθῆναι
3089 1909 3411 1976 ἱερωμένον
3465 1907 3609 1958 ἐοικε
3654 1906 3710 1958 δέ
3760 1904 3876 1957 ἀπὺ

2317 2003 2425 2053 τῶν
2451 2002 2714 2071 ῥημάτων
2742 2000 2834 2053 τοῦ
2860 2001 3103 2062 κανόνος,
3156 1996 3264 2050 τῶν
3293 1997 3561 2064 λεγόντων
3588 1995 3878 2063 καθαιρεῖ-

2319 2094 2442 2145 σθαι
2467 2095 2591 2155 τυὺς
2623 2093 2946 2162 ίερωμένους
2993 2089 3391 2158 δικασαμὲνους
3425 2089 3578 2155 παρά
3603 2085 3874 2153 πολιτικῷ

2316 2182 2650 2250 δικαστηρίῳ
2679 2183 2842 2252 χάριν
2873 2180 3220 2250 χρηματικῆς
3249 2179 3562 2240 αίτιάσεως,
3593 2175 3687 2228 καὶ
3718 2176 3880 2248 νικῄ-

2318 2289 2538 2342 σαντας,
2573 2274 2665 2324 ἐὰν
2694 2273 2769 2341 μὴ
2801 2270 3078 2324 ἀποστῶσι
3123 2271 3219 2336 τῆς
3248 2269 3388 2335 ὑπὲρ
3424 2269 3606 2320 αὐτῶν
3654 2267 3877 2333 ἀποφά-

2321 2378 2478 2426 σεως,
2503 2364 2578 2424 ὼς
2605 2363 2638 2431 η
2673 2363 2771 2431 μὲν
2802 2363 3068 2429 γενομένη
3091 2361 3274 2428 κρίσις
3319 2359 3471 2426 παρά
3514 2357 3871 2426 ἀπροσφόρου

2318 2451 2570 2503 δικαστοῦ
2628 2453 2770 2505 κατά
2821 2451 3040 2518 θέλησιν
3091 2449 3185 2501 τοῦ
3240 2448 3537 2518 ἱερωμένου
3602 2445 3878 2516 στερκτία

2319 2543 2472 2594 ἐσται
2530 2543 2624 2594 καὶ
2671 2544 3102 2602 ἀκατάσειστος·
3162 2542 3189 2591 ό
3221 2538 3365 2591 δὲτὸ
3416 2536 3875 2598 ἐκκλησιαστικὸν

2321 2633 2803 2700 παραιτησάμενος
2831 2630 3181 2698 δικαστήριον
3208 2631 3298 2680 καὶ
3337 2628 3410 2696 μὴ
3436 2627 3779 2694 χρησάμενος
3806 2629 3878 2694 τῇ

2319 2721 2410 2771 τοῦ
2463 2724 2629 2791 φόρου
2684 2723 3026 2790 παραγραφῇ
3092 2720 3389 2787 ἱερωμένος
3451 2718 3882 2779 κολασθήσεται,

2320 2810 2502 2874 καθὼς
2558 2810 2762 2863 ἄνωθεν
2819 2812 3056 2880 εἴρηται.
3089 2810 3349 2878 Αίρετοὺς
3389 2809 3444 2860 δὲ
3494 2810 3753 2868 δικαστὰς
3789 2810 3882 2859 ἐν-

2319 2901 2491 2953 ταῦθα
2520 2905 2592 2971 μὴ
2624 2903 2783 2970 εἴπῃς
2808 2904 2954 2963 οἴους
2983 2903 3008 2951 ό
3036 2899 3080 2968 β’
3102 2901 3240 2954 τίτλ.
3265 2901 3360 2951 τοῦ
3387 2899 3432 2963 ζ’
3463 2899 3667 2968 βιδλίου
3718 2904 3882 2966 φησι,

2326 2989 2462 3058 μετὰ
2511 2991 2907 3057 ἐπερωτήσεως
2961 2987 3206 3057 δηλονότι
3270 2987 3461 3054 ποινῆς
3512 2984 3877 3046 δικάζοντας·

665 3080 767 3128 tem
819 3079 1108 3146 judicare:
1145 3079 1196 3131 lll
1261 3093 1406 3140 vero,
1471 3091 1528 3132 ut
1578 3095 1641 3133 ex
1697 3083 1950 3150 praesenti
2015 3099 2215 3139 eamne

2322 3080 2458 3133 ἀλλὰ
2489 3079 2976 3148 ἐκκλησιαστικοὺς
3030 3079 3354 3146 ἐνορδίνους.
3396 3078 3624 3128 Ἐκεῖνοι
3652 3078 3757 3142 γὰρ
3786 3079 3887 3142 ἐγο

665 3169 987 3231 mtenditur,
1025 3182 1238 3219 onmem
1266 3182 1481 3220 causam
1512 3168 1774 3236 judicaut.
1804 3169 1876 3223 De
1897 3174 2215 3239 spectaculis

2324 3170 2674 3240 κληματικὴν
2711 3170 2971 3221 ὑπόθεσιν
3001 3169 3058 3221 οὑ
3117 3168 3370 3219 δύνανται
3427 3166 3698 3227 δικάζειν·
3730 3160 3886 3218 οὗτοι

663 3264 860 3318 autem,
894 3265 948 3309 et
970 3271 1232 3325 equorum
1267 3257 1577 3321 curriculis,
1622 3266 1676 3311 et
1719 3261 2127 3324 venationibus,
2163 3273 2216 3315 et

664 3347 899 3398 scenicis
924 3348 1336 3408 saltationibus,
1371 3346 1505 3399 satis
1541 3347 1774 3399 diximus
1827 3348 1877 3400 in
1909 3364 2118 3404 canone
2147 3352 2217 3403 ει

664 3437 850 3506 synodi
903 3439 952 3489 in
1004 3437 1213 3499 Trullo,
1249 3447 1303 3489 et
1349 3438 1400 3490 in
1463 3436 1523 3489 51
1584 3438 1674 3490 ubi
1720 3439 1880 3491 etiam
1938 3441 2218 3508 praesentis

665 3528 888 3579 canonis
920 3527 1314 3583 meminimus:
1367 3534 1420 3578 et
1470 3526 1586 3594 lcge
1636 3542 1750 3580 eos.
1810 3528 2000 3592 Quaere
2050 3530 2214 3582 etiam

663 3628 966 3670 sanctorum
1001 3616 1360 3684 apostolorum
1424 3630 1684 3669 canonem
1737 3617 1824 3680 74,
1872 3619 2058 3687 synodi
2107 3621 2218 3672 An-

671 3707 931 3770 tiochena:
965 3719 1200 3758 canones
1236 3704 1298 3756 N
1329 3713 1380 3756 et
1409 3702 1495 3766 l5,
1543 3703 1728 3773 synodi
1760 3705 2220 3762 Chalcedonensis

666 3810 899 3849 canones
935 3794 1022 3855 10,
1059 3793 1148 3856 17,
1197 3794 1384 3862 synodi
1416 3793 1750 3847 Sardiccnsis
1781 3809 2022 3848 canones
2063 3797 2118 3859 ὅ,
2163 3799 2218 3863 5,

666 3889 757 3950 14,
797 3900 846 3939 ct
877 3885 1033 3950 huius
1062 3899 1294 3939 canones
1332 3884 1421 3943 28,
1476 3883 1575 3936 1Ξο
1616 3895 1670 3938 et
1702 3885 1824 3937 121.
1855 3886 2006 3949 Quod
2041 3897 2216 3940 autem

666 3979 872 4048 possint
900 3977 1096 4030 sacrati
1133 3977 1443 4028 renuntiare
1469 3976 1856 4042 prmscriptioni
1883 3977 2003 4043 fori,
2037 3993 2216 4046 quer

663 4084 780 4136 cap.
815 4069 845 4122 9
879 4070 961 4120 tit.
992 4067 1025 4117 5
1057 4069 1145 4119 lib.
1173 4081 1228 4117 ιιι
1257 4065 1629 4117 Basilicorum.

2321 3264 2399 3325 δέ,
2429 3264 2500 3325 ὠς
2524 3261 2631 3315 ἀπὸ
2660 3261 2752 3313 τοῦ
2787 3261 3049 3330 παρόντος
3078 3260 3298 3320 κανόνος
3324 3257 3674 3325 παρίσταται,
3695 3258 3885 3308 πᾶσαν

2325 3351 2579 3405 ὑπόθεσιν
2642 3352 2908 3419 κρίνουσι.
2961 3351 3098 3417 Περὶ
3136 3349 3321 3420 μέντοι
3357 3348 3465 3398 τῶν
3499 3347 3744 3415 θεωρίων
3779 3349 3884 3399 καὶ

2324 3442 2430 3492 τῶν
2470 3441 2838 3508 ἱπποδρομίων
2866 3441 2960 3492 καὶ
2994 3441 3101 3492 τῶν
3151 3439 3496 3507 κυνηγεσίων
3530 3440 3620 3488 καὶ
3645 3429 3747 3489 τῶν
3785 3441 3888 3492 ἐπὶ

2327 3534 2550 3598 σκηναῖς
2579 3532 2856 3600 ὀρχήσεων
2905 3530 3107 3590 ἱκανῶς
3149 3530 3471 3597 ἐγράψαμεν
3497 3531 3553 3579 ἐν
3583 3528 3663 3597 τῷ
3691 3527 3888 3580 κδ’κα-

2327 3622 2438 3673 νόνι
2463 3622 2560 3689 τῆς
2586 3624 2643 3672 ἐν
2674 3621 2752 3689 τῷ
2782 3620 3039 3689 Τρούλλῳ
3081 3619 3324 3678 συνόδου,
3360 3621 3456 3670 καὶ
3508 3618 3585 3686 τῷ
3612 3617 3712 3681 να’,
3743 3620 3888 3669 ὅπου

2325 3712 2420 3762 καὶ
2469 3711 2563 3762 τοῦ
2609 3712 2876 3777 παρόντος
2911 3709 3137 3769 κανόνος
3194 3706 3553 3776 ἐμνήσθημεν
3579 3724 3590 3734 ·
3623 3709 3716 3758 καὶ
3745 3707 3889 3759 ἀνά-

2323 3816 2530 3866 γνωσον
2559 3799 2808 3859 τούτους.
2857 3799 3016 3867 Ζήτει
3049 3796 3282 3848 καὶτῶν
3329 3796 3500 3862 ἁγίων
3563 3795 3888 3847 ἀποστόλων

2323 3893 2522 3944 κανόνα
2544 3891 2638 3950 οδ’,
2673 3889 2771 3956 τῆς
2802 3890 2858 3938 ἐν
2883 3887 3185 3956 Ἀντιοχείᾳ
3218 3886 3433 3937 συνόδου
3471 3887 3669 3936 κανόνα
3699 3882 3757 3935 ιδ’
3784 3886 3886 3937 καὶ

2327 3987 2408 4042 ιε’,
2443 3981 2542 4046 τῆς
2603 3980 2660 4028 ἐν
2710 3974 3016 4042 Χαλκηδόνι
3043 3991 3162 4026 καν.
3223 3977 3278 4035 ι’,
3311 3973 3397 4036 ιζ’,
3425 3973 3520 4040 τῆς
3549 3974 3606 4023 ἐν
3641 3973 3750 4040 Σαρ
3787 3975 3884 4041 ικῇ

2325 4073 2526 4124 κανόνα
2571 4075 2640 4135 γ’,
2674 4075 2738 4131 ε’,
2787 4067 2872 4129 ιδ’,
2905 4069 3000 4118 καὶ
3033 4066 3235 4133 ταύτης
3267 4065 3468 4116 κανόνα
3501 4062 3606 4133 κη’,
3642 4068 3732 4115 καὶ
3771 4072 3884 4132 ρκ’,

667 4159 758 4208 καὶ
827 4155 965 4226 ρκα’.
1003 4155 1137 4222 Περὶ
1219 4152 1275 4203 δέ
1320 4150 1411 4203 τοῦ
1463 4150 1720 4204 δύνασθαι
1773 4153 1898 4214 τοὺς
1952 4156 2283 4224 ίερωμένονς
2350 4157 2746 4228 ἀποτὰττεσθαι
2804 4159 2870 4224 τῇ
2932 4153 3026 4208 τοῦ
3101 4157 3266 4223 φόρου
3331 4159 3664 4224 παραγραφῇ
3728 4155 3887 4225 ζήτει

666 4261 788 4312 κεφ.
819 4243 861 4294 θ’
889 4244 983 4292 τοῦ
1019 4240 1063 4308 γ’
1085 4240 1264 4292 τίτλου
1295 4238 1387 4290 τοῦ
1428 4245 1474 4305 γ’
1510 4239 1718 4308 βιϐλίου
1746 4242 1853 4293 τῶν
1880 4243 2202 4302 Βασιλικῶν.

737 4332 898 4402 534
914 4330 1160 4384 ZONAlt.
1184 4332 1237 4381 lu
1266 4330 1526 4393 omnium,
1543 4332 1628 4398 qui
1654 4334 1823 4386 sacris
1861 4334 2054 4388 initiati
2081 4347 2232 4402 sunt,

2410 4338 2655 4390 ΖΩΝΑΡ.
2710 4337 2834 4396 Τοῖς
2891 4335 3210 4403 ἱεριιιμένοις
3240 4333 3466 4394 ἅπασιν,
3529 4330 3664 4384 ἀλλὰ
3698 4335 3888 4401 μέντοι

667 4427 794 4491 quin
844 4435 898 4474 et
936 4423 988 4473 in
1043 4422 1435 4472 monachorum
1495 4423 1905 4488 controversiis,
1965 4426 2084 4493 ejus
2134 4429 2215 4481 cui

2327 4429 2421 4479 καὶ
2473 4429 2725 4495 μοναχοῖς
2765 4425 3054 4493 πρόσφορά
3111 4426 3215 4474 εἱσι
3279 4421 3608 4489 δικαστήρια
3659 4424 3726 4474 τὰ
3774 4424 3891 4476 τῶν

667 4513 892 4579 subjecti
920 4520 1044 4562 sunt
1079 4511 1315 4576 episcopi
1355 4511 1572 4576 propria
1620 4525 1796 4563 causae
1831 4516 2070 4581 cognitio
2112 4528 2215 4571 est.

668 4607 790 4657 Sive
818 4602 978 4670 igitur
1023 4599 1216 4664 aliquis
1273 4598 1464 4650 horum
1500 4597 1791 4664 deferatur,
1829 4605 1960 4656 sive
2011 4604 2219 4658 deferat

668 4691 1051 4752 conclericutn,
1090 4703 1269 4741 coram
1303 4689 1469 4754 ipsius
1495 4692 1771 4759 episcnpo,
1807 4691 1918 4744 sive
1962 4696 2040 4746 rei
2068 4698 2219 4764 capi-

671 4782 809 4840 talis,
841 4794 933 4830 scn
961 4776 1160 4837 civilis,
1190 4783 1282 4827 aut
1318 4778 1643 4841 pecuniariae
1688 4778 1918 4845 quiestio
1961 4780 2050 4840 sit,
2103 4796 2216 4834 rem

670 4869 888 4935 transigi
945 4876 1177 4932 Oportet.
1228 4863 1381 4928 Quod
1421 4866 1464 4917 si
1497 4880 1562 4918 ex
1617 4865 1681 4918 iis
1722 4868 2011 4935 quispiam,
2059 4883 2117 4921 se
2155 4871 2221 4924 ab

668 4958 1030 5012 ecclesiastici
1053 4955 1433 5023 jurisdictione
1460 4956 1806 5021 subtrahens,
1842 4958 2058 5024 publico
2078 4960 2223 5026 judi-

667 5051 771 5110 cio,
804 5053 940 5116 apud
972 5049 1310 5113 magistratus
1346 5046 1595 5098 nimirum
1629 5050 1940 5114 populares,
1975 5051 2077 5103 ltoc
2134 5060 2218 5103 est

669 5141 880 5200 civiles,
913 5138 1153 5204 purgari,
1199 5137 1247 5187 id
1284 5142 1383 5198 est,
1419 5151 1475 5188 se
1506 5150 1532 5187 a
1566 5137 1717 5204 culpa
1757 5137 2044 5192 innnuncm
2095 5155 2221 5208 pro-

671 5234 795 5284 bare
839 5229 1163 5292 contendat;
1217 5227 1460 5294 quamvis
1494 5229 1562 5293 ,ιη
1612 5241 1676 5280 eo
1724 5226 1928 5294 judicio
1977 5232 2224 5297 superior

668 5322 920 5382 evaserit,
955 5332 1182 5384 eutnque
1213 5321 1278 5369 ab
1312 5317 1509 5385 objecti
1542 5317 1794 5371 lacinoris
1816 5318 1972 5387 culpa
2001 5324 2223 5374 omnino

671 5412 854 5479 procul
879 5409 1340 5473 abfuissejudices
1375 5408 1806 5476 pronuntiarint;
1836 5411 2012 5462 locum
2045 5421 2221 5465 tamen

669 5503 966 5571 proprium,
1008 5501 1227 5568 gradum
1280 5500 1551 5563 videlicet,
1589 5515 1651 5552 ac
1708 5501 1998 5554 sacerdotii
2049 5504 2224 5570 digiti-

672 5604 830 5646 tatem
888 5593 1115 5650 amittet,
1181 5599 1340 5656 atque
1377 5589 1462 5641 vel
1511 5594 1580 5642 ob
1640 5592 1690 5643 id
1744 5591 1941 5657 ipsum,
1988 5593 2126 5657 quod
2157 5593 2224 5644 ab

667 5683 1004 5736 etzlesiastica
1050 5679 1430 5748 juristlictione
1480 5696 1536 5733 se
1594 5680 1938 5744 subduxerit,
1978 5682 2209 5744 deposi-

2327 4520 2660 4580 ἐπισκόπων,
2687 4510 2768 4576 οἷς
2793 4514 3134 4566 ὑπόκεινται.
3187 4513 3317 4563 Ἐίτε
3348 4507 3442 4563 οὖν
3488 4513 3744 4577 ἐνάγεταί
3799 4531 3888 4576 τις

2325 4610 2552 4669 τούτων,
2599 4608 2710 4658 εἴτε
2762 4607 2948 4671 ἐνάγει
2981 4604 3120 4656 κατά
3171 4603 3566 4670 συγκληρικοῦ,
3621 4606 3772 4670 παρά
3803 4607 3890 4674 τῷ

2327 4699 2606 4766 ἐπισκόπῳ
2629 4696 2793 4748 αὑτοῦ
2830 4698 2923 4746 καὶ
2958 4695 3246 4760 ἐνὰγεσοαι
3287 4696 3380 4744 καὶ
3411 4692 3626 4758 ἐνάγειν
3655 4694 3886 4760 ὀφείλει,

2329 4789 2430 4840 κᾶν
2465 4786 2863 4854 ἐγκληματικὸν
2896 4786 2980 4852 εἴη
3009 4785 3069 4834 τὸ
3099 4783 3578 4850 δικαστήριον,καὶ
3609 4783 3891 4834 πολιτικὸν

2329 4881 2451 4947 ητοι
2510 4878 2869 4947 χρηματικόν.
2934 4877 3057 4926 Ἐὰν
3087 4874 3143 4924 δέ
3174 4872 3578 4941 παραιτήσηταί
3638 4890 3721 4932 τις
3777 4875 3892 4925 τῶν

2327 4971 2585 5020 τοιούτων
2609 4968 2668 5018 τὸ
2699 4967 3154 5034 ἐκκλησιαστικὸν
3182 4965 3556 5032 δικαστήριον,
3592 4965 3686 5014 καὶ
3708 4963 3890 5031 δημο-

2331 5061 2463 5120 σίοις
2503 5057 2905 5125 δικαστηρίοις,
2975 5056 3142 5122 ἤγουν
3206 5053 3520 5122 δημοτικῶν
3579 5054 3887 5121 ἀρχόντων,

2327 5151 2573 5200 τουτέστι
2606 5147 2921 5207 πολιτικῶν,
2980 5145 3186 5213 θελήσῃ
3240 5143 3603 5210 καθαρθῆναι,
3637 5145 3757 5193 ἀντὶ
3790 5145 3891 5194 τοῦ

2329 5235 2563 5301 καθαρὸς
2600 5233 2831 5301 φανῆναι
2894 5231 2986 5282 τοῦ
3020 5231 3371 5296 αἱτιὰματος,
3411 5229 3513 5280 κᾶν
3570 5230 3769 5298 νικήσῃ
3829 5235 3892 5282 ὲν

2329 5325 2406 5392 τῷ
2435 5325 2772 5392 δικαστηρίῳ
2810 5325 3024 5390 ἐκείνῳ,
3057 5323 3148 5372 καὶ
3206 5322 3342 5388 ὑπὲρ
3373 5321 3536 5371 αὑτοῦ
3587 5321 3815 5386 γένηται
3854 5323 3887 5389 ἠ

2330 5417 2621 5483 ἀπόφασις,
2657 5414 2832 5465 ἀθῶον
2881 5413 3042 5464 αὑτὸν
3095 5411 3507 5479 ἀποφαινομένη
3558 5409 3652 5461 τοῦ
3684 5410 3896 5478 ἐγκλή⁸

2334 5522 2519 5574 ματος,
2549 5503 2629 5570 ἐφ’
2656 5496 2700 5568 ᾧ
2734 5503 3112 5570 κατηγορεῖτο,
3146 5500 3294 5568 ὅμως
3317 5500 3409 5550 τὸν
3443 5498 3571 5550 [διον
3595 5497 3894 5556 τόπον,τὺν

2333 5594 2533 5664 βαθμὸν
2560 5592 2780 5660 δηλαδὴ,
2809 5592 2903 5642 καὶ
2937 5591 3032 5658 τὴν
3079 5589 3360 5658 ἱερατικὴν
3406 5588 3574 5656 τιμὴν
3607 5585 3886 5648 ἀπολέσει,

2331 5683 2415 5734 διὰ
2447 5681 2600 5732 τοῦτο
2631 5681 2760 5732 αὐτὸ
2794 5677 3245 5748 καθαιρούμενος,
3269 5677 3404 5730 διότι
3438 5675 3793 5745 παρῃτήσατο
3825 5673 3888 5726 τὸ
