4114 6482
233 388 280 454 st
1266 394 1337 454 ιιι
1384 396 1545 454 CAN.
1585 395 1680 452 xv
1712 391 1914 450 CONC.
1959 393 2326 452 CARTHAG.
3315 373 3380 436 82

239 504 657 570 ἐκκλησιαστικὸν
685 509 1057 576 δικαστήριον.
1091 509 1216 560 Ὅτε
1258 504 1372 569 οὖν,
1426 507 1610 574 φησὶν,
1659 505 1742 567 ἔγ·
1775 502 1821 558 Α
1849 511 1864 551 ι

1775 501 1989 558 Atioue
2047 504 2314 569 punietur.
2379 502 2551 564 Atque
2608 497 2719 548 ha‘c
2773 499 3006 562 quidem,
3068 503 3384 558 quocunque

236 595 390 660 κλημα
415 597 493 661 εῖη
519 597 578 646 τὸ
609 595 835 661 κινηθὲν
865 596 1002 648 κατά
1034 595 1124 646 τοῦ
1157 596 1468 662 ἱερωμένου,
1502 594 1568 644 τὰ
1599 596 1751 662 είρηο

238 682 350 748 μένα
377 684 730 750 γενήσονται·
761 686 847 734 ὅτε
880 684 936 734 δὲ
970 684 1241 735 πολιτικόν
1275 686 1389 734 ἐστι
1421 683 1480 733 τὸ
1507 683 1752 747 κινούμε-

230 790 322 832 νον,
351 772 465 839 ἢτοι
497 773 862 838 χρηματικὸν,
911 771 1010 823 κᾶν
1040 771 1295 838 δικαιωθῇ
1353 774 1380 822 6
1440 771 1749 836 ἱερωμένος,

232 859 310 905 καὶ
358 855 522 913 οὕτως
588 859 899 908 ἐκπεσεῖται
939 857 1030 908 τοῦ
1074 857 1272 908 οἱκείου
1324 857 1566 925 βαθμοῦ,
1603 860 1649 908 εί
1679 859 1750 925 μὴ

231 947 610 1013 καταφρονήσει
639 947 735 998 τοῦ
770 948 1110 1014 πράγματος,
1146 947 1228 1013 ἐφ’
1258 942 1301 1014 ᾧ
1329 949 1641 1014 ἐδικαιώθη,
1663 949 1754 1000 καὶ

228 1035 310 1101 τῆς
334 1034 532 1086 δικαιού
545 1053 643 1104 σης
675 1039 837 1088 αὐτὸν
870 1038 1216 1103 ἀποφάσεως.
1261 1039 1384 1090 Ἐὰν
1411 1038 1467 1090 δὲ
1496 1038 1754 1105 ἔκκλητος

231 1121 451 1189 γένηται,
501 1125 534 1194 ἢ
584 1126 900 1178 ἐπισκόπων
927 1125 1260 1179 δικασάντων
1288 1127 1319 1195 ἢ
1347 1127 1612 1179 δικαστῶν
1644 1129 1756 1180 ἐτέ-

230 1227 340 1278 ρων,
398 1215 488 1264 ἐπὶ
531 1215 726 1276 ἄλλους
755 1217 1235 1285 ἐκκλησιαστικοὺς
1264 1218 1545 1279 δικαστὰς,
1589 1220 1753 1288 ἤγουν

226 1293 303 1345 ἐπὶ
329 1298 726 1365 μητροπολίτας
758 1300 789 1366 ἦ
813 1305 1171 1368 πατριάρχας,
1201 1305 1292 1354 καὶ
1316 1303 1670 1373 ἐξεταζομένη
1696 1308 1752 1358 ὲν

227 1385 279 1452 τῇ
322 1385 567 1455 ἐκκλήτῳ
615 1391 648 1455 ἠ
685 1391 954 1454 ἀπόφασις
999 1391 1149 1459 λυθῇ,
1181 1392 1300 1444 ἀντὶ
1328 1392 1419 1444 τοῦ
1451 1395 1753 1462 ἀνατραπῇ,

228 1475 392 1541 μηδὲν,
425 1477 586 1546 φησὶ,
619 1479 1041 1548 βλαπτέσθωσαν
1073 1482 1123 1533 οἱ
1167 1481 1358 1549 πρώην
1402 1485 1756 1550 ἀποφηνάμεο

225 1580 323 1616 νοιο
357 1568 403 1618 εί
432 1569 506 1634 μή
539 1587 645 1622 που
683 1570 1010 1638 ἐλεγχθῶσιν
1041 1571 1074 1640 ἢ
1134 1573 1274 1624 κατὰ
1301 1571 1496 1640 ἔχθραν
1522 1573 1755 1636 δικάσαι,

225 1656 286 1715 ὡς
311 1658 598 1725 ἐχθρωδῶς
624 1660 842 1730 ἔχοντες
872 1662 1014 1713 κατὰ
1057 1661 1150 1712 τοῦ
1186 1661 1692 1723 καταδικασθέντος,
1723 1661 1755 1729 ἢ

227 1743 348 1794 κατὰ
379 1747 780 1813 προσπάθειαν,
817 1749 892 1811 ὡς
919 1750 1108 1815 φιλίως
1141 1750 1476 1817 διακείμενοι
1501 1753 1636 1819 πρὸς
1667 1751 1756 1801 τὸν

226 1833 585 1896 δικαιωθέντα.
623 1839 655 1908 ἢ
700 1840 1161 1908 δωροδοκηθέντες
1183 1857 1196 1870 ο
1233 1839 1388 1892 τοῦτο
1415 1840 1523 1908 γάρ
1554 1841 1669 1892 ἐστι
1697 1843 1756 1892 τὸ

228 1924 383 1992 χάριτι
417 1926 832 1997 ὑποφθαρῆναι.
865 1931 1252 1999 Δωροδοκεῖται
1309 1930 1364 1981 δέ
1406 1947 1509 1992 τις,
1561 1930 1592 1998 ἦ
1630 1931 1757 1999 χρή·

230 2031 354 2077 ματα
384 2017 704 2084 λαμϐάνων,
765 2019 794 2087 ἢ
845 2020 1011 2088 ἄλλην
1036 2021 1161 2073 τινὰ
1209 2020 1365 2089 χάριν
1416 2018 1564 2082 αύτῷ
1618 2021 1757 2089 πλη-

231 2104 426 2171 ροῦντος
447 2107 542 2159 τοῦ
575 2108 737 2161 αὑτὸν
766 2109 1203 2178 ὑποφθείροντος.
1233 2109 1296 2162 Εί
1329 2109 1438 2179 γὰρ
1470 2109 1539 2162 δι’
1563 2110 1762 2180 ἔχθραν

229 2194 255 2261 ἦ
304 2198 680 2261 προσπάθειαν
735 2199 1124 2267 ἢδωροδοκίαν
1185 2203 1402 2267 φανεῖεν
1459 2199 1532 2270 μὴ
1587 2201 1764 2263 καλῶς

229 2283 602 2351 ῂφισάμενοι,
665 2288 1026 2357 βλαὸησονται
1055 2290 1182 2358 περὶ
1207 2289 1307 2358 τὴν
1333 2290 1539 2342 οἱκείαν
1592 2292 1764 2343 ἐπιτι-

233 2374 362 2438 μίαν.
381 2376 504 2430 Ἐάν
531 2377 590 2429 δὲ
621 2379 999 2447 αἱρετίσωνται
1027 2380 1076 2430 οἱ
1107 2378 1205 2446 τὴν
1238 2379 1496 2430 ὑπόθεσιν
1523 2378 1760 2447 ἔχοντες,

229 2462 321 2515 ὅτε
347 2468 656 2535 κατήγορος
699 2469 795 2519 καὶ⁵
825 2471 852 2519 6
880 2469 1375 2537 κατηγορούμενος.
1409 2469 1686 2534 δικαστὰς,
1719 2474 1766 2524 εἰ

232 2556 310 2605 καὶ
349 2556 698 2625 ὀλιγώτεροι,
753 2559 938 2627 φησὶν,
975 2555 1087 2612 εἷεν
1115 2562 1224 2613 τῶν
1267 2561 1613 2630 ὁρισθέντων,
1660 2563 1767 2616 τῶν

233 2642 288 2711 ιβ’
313 2646 403 2697 ἐπὶ
445 2647 792 2712 ἐπισκόπων,
843 2650 1078 2702 καὶτῶν
1130 2651 1190 2716 ἐξ
1235 2652 1326 2703 ἐπὶ
1358 2653 1765 2721 πρεσϐυτέρων,

231 2735 438 2788 καὶτῶν
465 2737 639 2808 τριῶν
701 2738 792 2789 ἐπὶ
840 2738 1124 2804 διακόνων,
1154 2742 1182 2792 6
1236 2741 1646 2802 καταδικασθεὶς
1679 2741 1768 2793 ὑπ’

235 2821 436 2874 ἐκείνων
469 2825 530 2875 ού
555 2824 847 2892 δυνήσεται
880 2826 1062 2894 ζητεῖν
1092 2827 1378 2896 ἔκκλητον.
1399 2830 1568 2883 Τοῦτο
1591 2829 1647 2882 δὲ
1678 2832 1770 2882 καὶ

233 2914 366 2979 νόμοι
398 2916 669 2968 πολιτικοὶ
694 2918 1091 2980 διατάττονται,
1124 2920 1218 2971 καὶ
1246 2919 1395 2988 ζήτει
1430 2921 1633 2988 βιϐλίον
1665 2921 1770 2973 τῶν

234 3002 517 3056 Βασιλικῶν
550 3012 625 3073 γ’,
658 3007 798 3060 τίτλ,
832 3006 901 3070 α’,
931 3008 1223 3073 κεφάλαιον
1252 3010 1356 3078 μδ’,
1403 3012 1494 3063 καὶ
1530 3011 1670 3078 βι6λ.
1702 3014 1765 3066 θ’.

1851 591 2062 642 dentqu
2115 590 2339 642 crimine
2397 597 2641 641 sacratus
2691 594 3007 646 accusetur,
3067 581 3136 632 ita
3185 579 3385 630 servari

1851 678 2026 743 placet
2060 694 2072 729 :
2109 685 2162 727 at
2193 676 2236 728 si
2269 674 2444 727 civilis
2481 675 2592 724 sive
2623 670 2945 736 pecuniaria:
2967 665 3041 718 rei
3077 663 3146 716 sit
3171 671 3386 715 contro-

1850 767 2042 824 versia,
2073 765 2316 832 quamvis
2344 762 2634 816 secundum
2667 773 2808 819 eum,
2838 758 2925 823 qui
2951 754 3120 809 sacris
3146 752 3384 804 initiatus

1851 866 1955 915 est,
1985 855 2050 907 lis
2083 856 2202 906 data
2260 854 2454 916 fuerit;
2493 851 2590 904 nisi
2627 858 2804 901 tamen
2847 845 2959 911 ipse
2994 860 3103 896 rem
3138 852 3299 894 totam
3335 850 3386 892 et

1851 960 2004 1008 eam,
2042 960 2157 1012 qua:
2196 943 2485 998 secundum
2535 942 2701 1006 ipsum
2735 932 3070 1005 pronuntiata
3114 932 3231 994 fuit,
3266 945 3386 982 sen-

1857 1035 2079 1087 tentiam
2113 1041 2445 1091 contemnat,
2471 1028 2633 1097 gradu
2665 1041 2761 1080 suo
2789 1022 3131 1077 nihilominus
3159 1018 3384 1071 excidet.

1855 1122 2005 1187 Quod
2041 1123 2083 1174 si
2121 1122 2186 1172 ab
2215 1120 2505 1187 episcopis,
2539 1116 2724 1169 aliisve
2752 1111 3133 1180 cognitoribus,
3168 1108 3229 1158 ad
3256 1106 3389 1156 alios

1855 1213 2246 1267 ecclesiasticos
2269 1210 2500 1278 judices,
2537 1203 2975 1273 tnetropolitanos
3007 1198 3274 1255 videlicet,
3301 1203 3390 1246 aut

1858 1301 2222 1370 patriarchas,
2259 1299 2526 1367 quispiam
2557 1303 2832 1362 provocet,
2870 1292 3050 1357 illique
3074 1300 3234 1341 causa
3263 1298 3391 1336 exa-

1858 1393 2078 1455 minata,
2106 1391 2400 1458 iudicatum
2448 1387 2611 1450 solvi,
2649 1387 2747 1438 hoc
2775 1393 2878 1444 est,
2928 1377 3160 1433 rescindi
3185 1376 3394 1443 placere

1860 1481 2239 1545 decreverint;
2275 1478 2406 1531 nihil
2439 1480 2489 1529 in
2524 1491 2637 1536 eos,
2685 1473 2876 1540 inquit,
2923 1471 3012 1537 qui
3066 1467 3212 1534 prius
3262 1461 3394 1528 judi-

1859 1567 1998 1618 cium
2057 1581 2370 1630 exercuere,
2434 1579 2595 1632 grave
2640 1560 2999 1615 constituatur
3052 1572 3065 1607 :
3123 1553 3223 1604 nisi
3263 1551 3402 1602 forte

1859 1657 2003 1717 illos,
2045 1665 2138 1708 aut
2169 1656 2293 1708 odio
2329 1655 2606 1722 impulsos,
2655 1650 2795 1718 quod
2847 1645 3096 1700 videlicet
3143 1642 3212 1702 ei,
3245 1653 3398 1706 queu-

1861 1741 2313 1803 condemnarunt,
2355 1739 2548 1792 infensi
2597 1737 2811 1795 forent;
2860 1742 2948 1783 aut
3000 1727 3199 1785 studio.
3260 1725 3400 1791 quod

1864 1834 2167 1900 quempiam
2203 1828 2577 1885 benevolentia
2608 1839 2734 1891 erga
2768 1824 2912 1875 illum
2965 1817 3180 1871 adducti
3218 1813 3398 1866 absol-

1867 1921 2039 1974 verint
2068 1938 2082 1985 ;
2114 1930 2203 1974 aut
2229 1919 2478 1973 mercede
2505 1924 2736 1983 emptos,
2771 1912 2820 1964 id
2852 1899 3077 1974 namque
3105 1915 3205 1964 est,
3233 1901 3403 1968 gratia

1867 2018 2192 2076 corruptos,
2253 2008 2528 2076 iudicasse
2586 2003 2864 2072 probatum
2933 1996 3113 2049 fuerit.
3168 1991 3406 2045 Mercede

1864 2113 2099 2164 namque
2130 2107 2338 2166 emptus
2370 2098 2416 2150 is
2453 2095 2672 2153 dicitur,
2704 2090 2794 2158 qui
2855 2086 3132 2156 pecuniam
3189 2079 3402 2145 accipit,

1865 2199 1957 2240 aut
2008 2189 2150 2240 aliud
2199 2188 2558 2254 quodcunque
2590 2179 2927 2240 beneficium,
2977 2175 3043 2227 ab
3090 2186 3153 2226 eo
3225 2185 3253 2222 a
3301 2182 3405 2234 quo

1865 2290 2147 2344 corruptus
2179 2291 2299 2331 esse
2328 2275 2543 2328 dicitur.
2598 2270 2728 2324 Nam
2788 2268 3092 2337 quicunque
3145 2269 3234 2312 aut
3283 2256 3404 2344 odio

1866 2378 1957 2421 aut
1986 2343 2171 2422 amore
2201 2364 2439 2426 adducti,
2496 2370 2587 2414 aut
2632 2359 2914 2426 largitione
2967 2348 3229 2415 corrupti,
3261 2343 3404 2412 judi~

1867 2458 2006 2510 cium
2036 2459 2215 2510 minus
2251 2453 2478 2506 ﬁdeliter
2505 2450 2810 2503 exercuisse
2840 2440 3152 2509 deprehensi
3188 2435 3402 2493 fuerint,

1867 2546 2077 2615 prapria
2114 2545 2232 2598 illos
2266 2544 2525 2611 dignitate
2559 2537 2772 2592 multari
2803 2535 3074 2588 decretum
3115 2537 3216 2582 est.
3251 2524 3402 2589 Quod

1868 2638 1910 2690 si
1941 2637 2153 2705 judices
2180 2635 2251 2687 illi
2286 2633 2406 2703 ipsi,
2433 2631 2524 2699 qui
2549 2630 2690 2684 inter
2715 2642 2772 2680 se
2793 2623 2992 2693 judicio
3018 2617 3409 2675 conﬂictantur,

1871 2733 2151 2780 accusator
2203 2723 2452 2778 nimirum
2504 2731 2558 2774 et
2613 2733 2755 2781 reus,
2808 2713 3082 2782 elegerint,
3142 2705 3407 2777 quamvis,

1871 2818 2063 2885 inquit,
2092 2815 2393 2884 pauciores,
2427 2826 2583 2882 quam
2621 2807 2940 2878 przelinitum
2981 2810 3080 2864 est,
3134 2798 3412 2885 designen-

1871 2884 1979 2970 tur,
2015 2920 2204 2973 nempe
2235 2906 2287 2958 in
2316 2904 2686 2971 episcoporum
2710 2910 2873 2951 causa
2896 2889 3172 2952 duodenis,
3199 2884 3416 2954 presby-

1873 3006 2106 3047 terorum
2151 3011 2270 3059 sex,
2323 2994 2671 3047 diaconorum
2727 2988 2937 3040 tribus:
2987 2990 3162 3035 tamen
3214 2977 3278 3028 ab
3333 2973 3416 3026 his

245 3091 351 3143 Ἐπὶ
377 3065 593 3156 τούτοις
614 3065 652 3146 v6
692 3065 1028 3164 κανὼννπερλ
1058 3065 1263 3149 τέκνων
1295 3065 1402 3160 τῶν
1435 3065 1621 3167 ἱερέων
1671 3117 1769 3165 φη·
1799 3113 1842 3168 (ζ

1799 3113 1842 3168 C
1873 3086 2146 3151 iudicibus
2177 3086 2430 3136 damnato
2475 3077 2804 3150 provocandi
2852 3073 3074 3127 facultas
3130 3083 3232 3122 non
3290 3065 3411 3118 erit.

239 3184 331 3245 σὶν,
360 3185 443 3235 ἱνα
477 3187 624 3253 μήτε
656 3185 860 3253 θεώρια
892 3186 1186 3238 ἐκτελῶσιν
1223 3187 1395 3250 αὐτοὶ,
1427 3189 1563 3254 μήτε
1597 3190 1769 3241 ἄλλων

237 3274 511 3328 ποιούντων
535 3278 949 3345 παραγίνωνται
979 3277 1073 3329 καὶ
1100 3277 1364 3345 θεωρῶσι.
1387 3279 1460 3329 Τὸ
1479 3278 1536 3330 δὲ
1568 3279 1771 3347 θεώρια

236 3365 456 3417 ἱκτελεῖν
490 3367 736 3420 τοιοῦτόν
767 3369 946 3420 ἐστιν’
989 3367 1074 3419 Ἐν
1107 3369 1224 3430 ταῖς
1257 3369 1542 3436 μεγίσταις
1586 3369 1770 3421 πόλεσι

237 3453 422 3521 θέατρα
452 3451 541 3522 ἦν,
575 3456 671 3508 καὶ
707 3457 863 3508 ἵπποι
916 3457 1206 3523 ἐτρέφοντο
1254 3455 1656 3526 ἁμιλλητήριοι,
1685 3459 1773 3509 καὶ

238 3542 381 3609 θηρία
411 3545 490 3606 είς
518 3544 904 3614 θηριομαχίαν,
931 3544 1024 3595 καὶ
1051 3543 1325 3595 ἀνετίθετο
1354 3546 1385 3612 ἡ
1421 3545 1770 3613 ἱπποτροφία,

237 3633 316 3683 καὶ
343 3635 373 3701 ἡ
403 3634 511 3686 τῶν
547 3635 734 3703 θηρῶν
774 3633 1080 3700 ἐπιμέλεια,
1109 3632 1201 3685 καὶ
1228 3633 1260 3702 ἡ
1294 3636 1517 3701 φροντὶς
1549 3637 1642 3687 τοῦ
1678 3635 1773 3698 τὰς

238 3723 449 3790 θεωρίας
498 3725 558 3777 ἑν
611 3726 723 3786 τοῖς
757 3723 1005 3792 θεάτροις
1035 3723 1426 3786 ἐπιτελεῖσθαι,
1469 3726 1631 3787 ὲνίοις
1665 3727 1774 3778 τῶν

241 3812 533 3878 πολιτικῶν,
572 3813 843 3875 κάκείνοις
893 3812 1052 3880 ἔμελε
1083 3813 1210 3881 περὶ
1236 3831 1296 3866 τε
1325 3815 1422 3882 τῆς
1457 3815 1570 3868 τῶν
1592 3817 1773 3869 ἵππων

241 3902 454 3972 ἁμίλλης
503 3904 605 3956 καὶ
632 3903 734 3970 τῆς
765 3902 1128 3970 θηριομαχίας
1170 3902 1265 3954 καὶ
1315 3903 1422 3955 τῶν
1451 3904 1645 3967 ἄλλων,
1677 3906 1777 3957 ὅσα

239 3991 287 4040 ὲν
315 3994 416 4053 τοῖς
447 3993 707 4061 θεάτροις
730 3991 884 4043 είωθε
913 3990 1180 4056 γίνεσθαι.
1206 3990 1390 4044 Ταῦτα
1415 3988 1506 4045 οὖν
1531 3993 1776 4059 γίνεσθαι

241 4085 373 4151 παρὰ
405 4085 617 4136 παίδων
639 4082 748 4135 τῶν
771 4083 961 4151 ἱερέων
989 4083 1257 4134 ἐκώλυσεν
1282 4085 1310 4136 6
1335 4083 1534 4137 κανών.
1559 4086 1650 4135 Δεῖ
1668 4084 1776 4154 γὰρ

240 4173 346 4232 τοὺς
377 4174 540 4241 ἱερεῖς
569 4174 641 4224 τὰ
674 4173 849 4224 οίκεῖα
873 4173 1040 4223 τέκνα
1065 4173 1121 4223 ὲν
1149 4172 1369 4242 παιδείᾳ
1401 4173 1495 4225 καὶ
1523 4173 1776 4244 νουθεσίᾳ

244 4262 427 4328 Κυρίου
486 4263 740 4327 ἀνάγειν,
775 4262 920 4314 κατὰ
949 4261 1038 4312 τδν
1071 4261 1241 4327 μέγαν
1275 4261 1505 4323 Παῦλον,
1571 4262 1630 4324 ὃς
1685 4263 1778 4314 καὶ

244 4350 362 4412 πρὸς
405 4348 564 4402 Τῖτον
588 4349 820 4418 γράφων
846 4347 991 4407 οἴους
1041 4347 1122 4398 δεῖ
1153 4346 1416 4416 καθιστᾷν
1474 4348 1780 4416 πρεσὸυτέ-

245 4454 374 4503 ρους,
409 4439 546 4506 πρὸς
573 4439 686 4498 τοῖς
713 4437 895 4498 ἄλλοις
954 4438 1048 4489 καὶ
1076 4436 1238 4488 τοῦτο
1273 4436 1543 4506 ἔγραψεν·
1575 4439 1648 4491 El
1686 4440 1778 4504 τίς

243 4524 354 4578 ἐστι
374 4527 556 4580 τέκνα
577 4528 732 4595 ἔχων
749 4526 954 4587 πιστὰ,
971 4527 1056 4591 μὴ
1075 4525 1143 4576 ἐν
1157 4541 1304 4591 κατη
1313 4524 1476 4592 rapid
1493 4526 1773 4590 ἀσωτίας,

243 4616 275 4679 ἢ
298 4617 694 4670 ἀνυπότακτα.
731 4616 840 4668 Καὶ
869 4614 1120 4682 Τιμοθέῳ
1149 4615 1498 4676 ἐπιστέλλων,
1549 4610 1658 4667 οἷον
1701 4617 1782 4669 δεῖ

244 4707 321 4756 τὸν
365 4708 676 4774 ἐπισκοπῆς
730 4704 1058 4774 ὀρεγόμενον
1107 4699 1265 4765 εἶναι,
1299 4705 1412 4764 τοῖς
1447 4703 1654 4767 λοιποῖς
1686 4705 1781 4757 καὶ

245 4793 380 4847 τοῦτο
406 4797 707 4866 προσέθετο
724 4809 739 4824 ·
766 4794 836 4846 τὰ
859 4794 1026 4845 τέκνα
1057 4791 1249 4861 ἔχοντα
1275 4793 1333 4843 ὲν
1367 4793 1613 4862 ὑποταγῇ
1642 4797 1780 4861 μετὰ

246 4887 406 4955 πάσης
461 4887 817 4956 σεμνότητος.
865 4883 945 4936 Τὰ
979 4882 1232 4953 θεωρίαις
1280 4882 1337 4935 δὲ
1389 4884 1568 4952 μίμων
1611 4902 1782 4953 προσ·

247 4974 416 5041 ἔχοντα
446 4977 543 5028 καὶ
577 4974 964 5043 ἱπποδρομίαις
999 4973 1327 5041 σχολάζοντα
1348 5012 1362 5037 ,
1396 4973 1490 5026 καὶ
1516 4973 1781 5036 τοιούτοις

247 5064 427 5126 ἄλλοις,
479 5064 606 5117 οὔτε
661 5063 897 5126 ἀσωτίας
922 5063 1188 5132 ὑπόληψιν
1238 5063 1610 5129 ἐκφεύξονται,
1664 5063 1783 5116 οὔτε

249 5156 489 5222 σεμνότης
517 5155 708 5213 αὐτοῖς
740 5151 1392 5222 προσμαρτυρηθήσεται.
1422 5152 1532 5204 Καὶ
1558 5152 1616 5202 ού
1650 5151 1784 5204 θαυ-

250 5246 437 5307 μαστὸν
471 5249 518 5296 εί
556 5246 623 5296 τά
649 5243 762 5292 τῶν
793 5242 984 5310 ἱερέων
1011 5240 1174 5291 τέκνα
1202 5239 1460 5308 τοιαύτην
1512 5240 1784 5308 διαγωγὴν

249 5335 577 5388 ἀπαιτοῦνται
600 5350 616 5365 ο
652 5333 781 5385 ἐπεὶ
807 5331 901 5382 καὶ
926 5331 1059 5381 πᾶσι
1078 5331 1122 5381 Χ
1131 5332 1420 5397 ριστιανοῖς
1444 5331 1782 5399 κεκήρυκται

252 5423 315 5489 μὴ
343 5423 645 5491 προσιέναι,
677 5422 816 5472 ὅπου
849 5417 1190 5486 βλασφημίαι-
1242 5417 1369 5469 εἱσί.
1427 5416 1782 5482 Βλασφημίας

248 5511 293 5561 δὲ
325 5519 385 5566 τα
417 5515 674 5582 ἀσέμνως
716 5509 978 5578 γινόμενα
1012 5506 1289 5573 ἐκάλεσεν,
1339 5505 1411 5570 ώς
1447 5506 1786 5577 βλασφημεῖ-

301 5693 338 5721 "
365 5691 462 5743 Ttt.
499 5709 534 5746 ι.
567 5691 625 5742 6.

1874 3174 2025 3239 Quod
2055 3175 2241 3228 civiles
2294 3187 2505 3242 quoque
2551 3171 2691 3238 leges
2728 3167 2912 3221 eodem
2965 3162 3120 3216 modo
3165 3171 3414 3219 sanxere,

1874 3277 1930 3318 ut
1961 3267 2120 3319 tertio
2152 3264 2306 3328 libro,
2357 3262 2508 3316 titulo
2551 3261 2748 3327 primo,
2783 3254 2957 3323 capite
3005 3246 3414 3318 quadragesimo

1872 3368 2085 3426 quarto,
2123 3365 2176 3409 et
2207 3355 2344 3408 libro
2395 3366 2536 3406 nono
2581 3347 2930 3402 Basilicorum
2957 3341 3137 3394 videre
3177 3347 3279 3391 eSt.
3319 3332 3414 3386 llis

1875 3447 2159 3508 absolutis,
2193 3445 2256 3497 de
2294 3443 2415 3494 [iliis
2450 3440 2912 3510 presbyterorum,
2947 3445 3014 3484 ne
3073 3437 3164 3480 aut
3207 3432 3416 3493 specta-

1877 3537 1997 3589 cula
2026 3534 2160 3602 ipsis
2209 3531 2470 3586 exhibere
2515 3539 2607 3582 aut
2656 3541 2775 3596 qua:
2824 3525 2890 3576 ab
2941 3521 3058 3574 aliis
3103 3515 3420 3570 exhibentur

1875 3634 2124 3693 spectare
2151 3625 2334 3686 liceat,
2361 3635 2534 3676 canon
2565 3617 2828 3673 decernit.
2861 3612 2952 3666 Est
2986 3624 3111 3664 vero
3138 3608 3238 3661 hoc
3277 3604 3414 3672 quod

1876 3716 2072 3769 dicitur
2101 3715 2165 3768 de
2199 3711 2521 3781 spectaculis
2571 3706 2886 3762 exhibendis
2916 3697 3177 3769 ejusmodi
3208 3712 3222 3749 :
3275 3695 3420 3746 luere

1876 3808 2135 3877 siquidem
2191 3805 2244 3857 in
2298 3803 2506 3872 magnis
2560 3798 2783 3854 urbibus
2837 3794 3073 3854 theatra,
3125 3798 3233 3841 tum
3295 3785 3416 3850 equi

1877 3910 2086 3965 quoque
2112 3896 2177 3948 ad
2204 3893 2500 3948 certamina
2533 3887 2824 3954 bestiaeque
2851 3884 2916 3937 ad
2945 3893 3174 3950 pugnam
3206 3877 3417 3965 aleban-

1880 3964 2211 4053 tiur.7eaque,
2244 3994 2356 4037 tum
2387 3995 2649 4050 equorum
2701 3991 2763 4030 ac
2793 3975 3111 4033 bestiarum,
3151 3977 3260 4020 tum
3299 3964 3422 4017 reli-

1878 4089 2105 4146 quorum
2139 4071 2594 4142 spectaculorum,
2630 4080 2750 4134 qua:
2784 4065 2837 4117 in
2870 4060 3094 4115 theatris
3128 4053 3422 4110 exhibenda

1881 4169 2074 4231 forent,
2111 4167 2320 4220 curatio
2349 4161 2618 4216 nonnullis
2646 4175 2710 4212 ex
2757 4155 2953 4209 civium
3004 4163 3229 4204 numero
3274 4161 3421 4201 com-

1880 4259 2208 4320 mittebatur,
2234 4256 2450 4324 quibus,
2475 4261 2528 4306 et
2559 4259 2808 4318 equestre
2839 4253 3128 4305 certamen,
3147 4249 3200 4292 et
3223 4238 3389 4291 bestia
3408 4266 3423 4277 -

1883 4365 1998 4403 rum
2055 4353 2332 4418 pugna,et
2377 4352 2707 4413 quacunque
2761 4335 2862 4388 alia
2885 4334 2938 4387 in
2963 4330 3182 4384 theatris
3203 4326 3432 4396 praeberi

1806 4417 1853 4472 Ῐ)
1881 4440 2062 4503 solita,
2092 4417 2236 4492 cura:
2265 4436 2438 4489 fuere.
2485 4431 2682 4485 Rerum
2715 4426 2874 4495 igitur
2917 4419 3219 4490 huiusmodi
3264 4425 3424 4470 t-ur‘a-

1883 4538 2027 4582 tores
2096 4541 2214 4582 esse
2272 4523 2610 4578 sacerdotum
2680 4517 2816 4570 filios
2880 4514 2965 4567 hic
3028 4525 3199 4564 canon
3256 4517 3422 4558 vetat.

1884 4618 2208 4673 Sacerdotes
2261 4615 2403 4669 enim
2457 4612 2594 4664 lilios
2641 4622 2769 4662 suos
2823 4606 2876 4658 in
2933 4602 3170 4656 doctrina
3223 4612 3284 4650 ac
3314 4597 3426 4662 lege

1881 4705 2092 4762 Domini
2123 4705 2406 4757 instituere
2434 4698 2648 4762 debent,
2680 4703 2737 4748 ut
2770 4703 2854 4747 est
2899 4692 3035 4757 apud
3079 4689 3258 4740 divum
3288 4683 3424 4736 Pau-

1883 4798 2014 4862 lum,
2069 4796 2160 4863 qui
2207 4793 2365 4848 etiam
2418 4789 2655 4858 Epistola
2691 4785 2756 4839 ad
2805 4782 3006 4843 Titum,
3062 4780 3183 4832 dum
3219 4788 3425 4834 eorum,

1883 4887 1971 4955 qui
2005 4883 2311 4938 sacerdotes
2336 4879 2552 4935 creandi
2574 4885 2718 4937 sunt,
2739 4871 3070 4928 conditiones
3097 4865 3424 4932 exsequitur,

1883 4978 1951 5031 ad
1985 4976 2088 5029 alia
2114 4976 2218 5029 hoc
2271 4985 2481 5040 quoque
2531 4966 2767 5021 addidit:
2805 4962 2864 5016 Si
2920 4960 3034 5028 quis
3093 4957 3228 5022 ﬁlios
3278 4955 3426 5006 habet

1884 5067 2086 5133 ﬁdeles,
2133 5079 2235 5116 non
2266 5063 2319 5116 in
2371 5059 2697 5113 accusatione
2757 5051 3002 5111 luxuriae,
3050 5057 3140 5099 aut
3195 5044 3425 5096 immori-

1890 5130 2039 5223 ροισι
2059 5156 2124 5206 ’⁷.
2158 5153 2223 5205 Ει
2251 5151 2494 5219 Epistola
2526 5146 2592 5198 ad
2625 5141 2988 5200 Timotheum,
3021 5137 3142 5188 dum
3173 5149 3316 5195 eum,
3339 5130 3429 5198 qui

1886 5221 2251 5308 episcopatum
2304 5234 2588 5292 desiderat,
2633 5229 2845 5298 qualem
2894 5231 3134 5291 oporteat
3174 5234 3294 5274 esse
3338 5221 3427 5268 de-

1889 5305 2096 5389 scribit,
2149 5331 2340 5392 praater
2393 5327 2584 5372 caetera
2640 5317 2691 5368 id
2755 5313 2912 5364 etiam
2956 5306 3238 5374 apposuit,
3297 5305 3429 5355 lilios

1890 5416 2174 5470 habentem
2206 5409 2446 5464 subditos
2471 5419 2593 5459 cum
2639 5402 2784 5456 omni
2833 5399 3102 5452 castitate.
3154 5393 3254 5456 Qui
3304 5407 3428 5443 vero

1893 5505 2177 5560 mimorum
2221 5509 2588 5567 equorumque
2642 5487 2992 5562 spectaculis,
3037 5483 3262 5550 aliisque
3315 5483 3428 5533 ltu-
