4114 6450
674 361 745 424 83
1913 368 2185 427 TIlEOD.
2236 367 2633 428 BALSAMON
3797 360 3869 420 84

664 468 899 536 jusmodi
935 472 1176 537 ludicris,
1205 485 1558 546 occupantur,
1590 491 1762 548 neque
1793 479 2205 547 intemperantia

2321 479 2444 533 σθαι
2472 483 2725 534 ποιοῦντα
2780 481 2904 542 τοὺς
2932 480 3151 540 πιστοὺς
3181 478 3326 546 παρὰ
3355 477 3458 530 τῶν
3484 475 3748 540 ἀπίστων,
3774 469 3870 526 οἷα

671 559 872 614 crimen
901 563 1174 633 eﬂ'ugient,
1203 581 1376 635 neque
1419 567 1742 636 integritatis
1793 578 1844 622 ct
1889 569 2205 622 castimonia

2326 569 2401 637 μὴ
2428 572 2484 622 ὲν
2517 570 2836 640 σωφροσύνῃ
2861 570 3066 632 ζῶντας
3093 569 3124 637 ἢ
3151 570 3434 636 σεμνότητι

666 654 976 707 testimonio
1003 658 1539 714 commcndabuntur.
1578 658 1685 714 Nec
1734 676 1862 715 vero
1919 662 2113 714 mirum
2167 660 2210 712 si
2250 658 2363 712 haec
2387 663 2508 712 vitae
2541 661 2790 727 degendae
2817 661 2954 712 ratio
2994 674 3021 713 a
3071 659 3194 713 [iliis
3266 660 3604 711 sacerdotum
3671 655 3866 722 exiga-

667 754 795 800 tur:
832 758 953 796 nam
984 753 1037 797 et
1066 746 1388 803 Christianis
1451 749 1723 814 omnibus,
1781 765 1845 801 ne
1890 751 1956 802 ad
2041 763 2102 803 ea
2157 749 2270 802 loca
2325 748 2413 800 ubi
2443 748 2789 817 blasphemiae
2823 757 2948 802 sunt
2995 747 3250 800 accedere
3286 746 3460 805 liceat,
3520 745 3864 797 interdictum

665 834 788 887 fuit.
825 833 1174 900 Blasphcmiaa
1204 853 1333 893 vero
1365 842 1580 894 nomine
1609 856 1690 904 ea,
1723 857 1841 907 quae
1889 841 2114 895 licenter
2144 854 2207 893 ac
2247 839 2604 894 inverecunde
2678 840 2830 902 fiunt,
2872 839 3216 908 signiﬁcavit.
3266 835 3344 890 0b
3414 836 3504 888 illa
3555 835 3750 904 quippe
3804 834 3870 886 li-

663 927 829 989 dcles,
871 943 1018 995 quasi
1069 934 1435 996 temperantia:
1486 934 1918 1001 integritatisque
1967 940 2386 1000 contemptores,
2413 933 2479 984 ab
2509 931 2813 985 inﬁdelibus
2846 930 3281 996 blasphemanlttr

662 1015 820 1086 535
848 1017 1072 1071 ARIST.
1101 1037 1120 1070 ‹
1166 1019 1458 1090 EpiscOpus
1485 1023 1561 1076 vel
1581 1023 1827 1087 clericus,
1849 1038 2012 1078 causa
2031 1023 2212 1076 crimi-

738 1123 758 1155 ‹
803 1105 906 1158 nali
931 1107 977 1159 ei
1012 1108 1276 1169 instituta,
1312 1112 1380 1174 si,
1417 1110 1601 1165 relicta
1639 1112 1888 1176 ecclesia,
1921 1112 1985 1164 ad
2012 1110 2208 1177 judicia

729 1213 750 1247 ι
790 1196 995 1262 publica
1012 1207 1276 1261 recurrat,
1292 1201 1453 1253 etiam
1475 1201 1659 1267 injuria
1673 1201 1917 1264 aﬂ'ectus,
1936 1200 2206 1269 proprium

741 1304 760 1337 ι
802 1288 1008 1340 amittet
1037 1289 1280 1356 gradum.
1321 1289 1375 1343 Si
1403 1306 1527 1345 vero
1561 1299 1613 1344 et
1662 1291 1844 1344 vicerit
1879 1292 1929 1344 in
1982 1290 2208 1359 negotiis

678 1395 685 1403 -
737 1393 756 1426 ε
801 1376 1054 1444 politicis,
1091 1378 1135 1430 si
1167 1378 1268 1431 hoc
1306 1390 1585 1447 sequatur,
1650 1381 1925 1448 proprium
1982 1379 2204 1448 gradum

731 1483 748 1515 ι
787 1466 1017 1518 amittet.
1064 1466 1468 1523 Ecclesiasticos
1497 1479 1673 1522 autem
1700 1470 1924 1538 judices,
1955 1469 2056 1522 nisi
2089 1482 2209 1536 gra-

733 1573 752 1606 ι
796 1557 866 1608 tia
891 1566 984 1610 aut
1005 1559 1128 1610 odio
1151 1569 1303 1612 antea
1323 1559 1592 1628 jndicasse
1606 1557 2210 1626 convincantur,appel-

733 1660 754 1695 ι
804 1644 932 1698 latio
961 1645 1202 1700 instituta
1234 1663 1335 1701 non
1369 1650 1632 1718 propellit.
1664 1647 1719 1702 Si
1756 1657 1934 1717 partes
1963 1662 2090 1703 vero
2118 1645 2208 1713 ju-

735 1751 754 1784 ‹
791 1734 937 1788 dices
964 1735 1246 1805 elegerint,
1274 1737 1341 1793 ab
1371 1739 1438 1793 lis
1460 1753 1527 1792 ne
1557 1737 1856 1793 discedant.
1893 1755 1914 1789 ι

728 1905 846 1959 Non
876 1916 1086 1976 oportet
1113 1909 1419 1979 episcopum
1449 1921 1542 1965 aut
1567 1913 1818 1966 clericum
1848 1910 2104 1982 judicium
2125 1926 2210 1965 ec-

659 1995 1018 2050 clesiasticum
1057 2014 1324 2056 recusare.
1358 2000 1692 2071 Quapropter
1711 2004 1752 2058 si
1784 2003 1905 2071 quis
1933 2018 1997 2056 ex
2025 2003 2090 2056 iis
2115 2003 2214 2055 cri-

662 2084 927 2138 minaliter
946 2097 1246 2152 accusatus,
1278 2091 1694 2145 ecclesiasticum
1722 2092 2049 2148 recusaverit
2068 2091 2210 2161 judio

658 2174 823 2237 cium,
853 2182 905 2228 et
929 2175 994 2229 ad
1016 2176 1200 2231 civiles
1225 2178 1434 2246 judices
1460 2183 1767 2245 accesserit,
1802 2192 1855 2236 et
1890 2197 2069 2236 coram
2124 2181 2210 2244 iis,

657 2277 780 2330 qua:
800 2263 866 2316 ad
892 2267 1289 2320 accusationem
1334 2283 1484 2322 suam
1536 2281 1802 2338 spectant,
1837 2270 2206 2331 denudaverit,

657 2355 902 2419 quamvis
950 2356 1206 2411 innocens
1225 2369 1498 2426 appareat,
1526 2369 1579 2413 et
1603 2375 1696 2427 pro
1721 2374 1786 2413 eo
1831 2361 1932 2413 lata
1979 2361 2048 2412 sit
2085 2375 2207 2413 sen-

664 2443 849 2502 tentia,
881 2444 1153 2510 pr0prium
1207 2447 1428 2512 gradum
1467 2449 1694 2501 amittet.
1750 2447 1804 2499 Si
1863 2458 2039 2500 autem
2101 2463 2207 2500 non

652 2529 946 2584 criminalis
976 2531 1043 2584 sit
1072 2538 1255 2584 contra
1288 2546 1380 2586 eos
1414 2533 1709 2595 accusatio,
1739 2535 1832 2586 sed
1876 2534 2207 2601 pecuniaria,

654 2630 709 2674 et
735 2622 942 2675 accidat
969 2623 1035 2675 de
1063 2626 1164 2676 ista
1193 2625 1421 2678 evadere
1442 2624 1833 2692 eos,judicium
1861 2626 1988 2693 ipsis
2013 2639 2210 2678 conve-

654 2711 806 2764 niens
837 2720 1160 2772 recusantes,
1180 2721 1235 2767 et
1257 2713 1323 2766 ad
1343 2716 1626 2768 saeculares
1647 2716 1854 2783 judices
1876 2716 2208 2779 accedentes,

655 2810 709 2852 et
739 2798 805 2852 ab
837 2799 899 2852 iis
935 2799 1244 2867 indicatos;
1276 2799 1317 2853 si
1350 2802 1565 2868 quidem
1595 2800 1869 2853 sententiae
1897 2801 1963 2853 ab
1989 2799 2054 2853 iis
2089 2799 2209 2851 latze

655 2890 996 2955 acquiescere
1021 2887 1234 2952 vellent,
1260 2897 1313 2942 et
1333 2889 1382 2942 id
1403 2903 1498 2956 pro
1528 2903 1632 2955 quo
1657 2887 2070 2950 contendebant,
2099 2887 2211 2941 exi-

657 2993 802 3046 gere,
843 2979 1114 3046 proprium
1160 2979 1382 3045 gradum
1456 2979 1720 3032 amittent.
1773 2978 1830 3031 Si
1891 2988 2065 3031 autem
2120 2979 2208 3030 de-

2315 1020 2535 1073 ΑΡΙΣΤ.
2598 1037 2616 1069 ι
2649 1018 2978 1080 Ἐπίσκοπος
3004 1018 3036 1086 ἢ
3067 1017 3324 1085 κληρικδς
3358 1010 3760 1081 ὲγκληματικοῦ
3784 1027 3878 1063 xt-

2395 1129 2414 1162 ι
2454 1109 2716 1177 νουμένου
2767 1109 3110 1177 πράγματος.
3157 1108 3204 1158 εί
3235 1105 3331 1174 τὴν
3352 1103 3645 1162 ἐκκλησίαν
3686 1101 3872 1168 ἀφεὶς,

2389 1217 2407 1248 ι
2445 1201 2556 1260 τοῖς
2618 1198 2896 1265 δημοσίοις
2947 1197 3310 1266 προσδράμοι,
3365 1197 3457 1247 καὶ
3491 1193 3868 1258 ἀδικούμενος,

2386 1306 2406 1338 c
2444 1287 2535 1340 τὸν
2567 1287 2695 1339 ἴδιον
2721 1287 2980 1338 ἀπολέσει
3014 1286 3238 1354 βαθμόν.
3290 1286 3351 1336 El
3388 1283 3637 1351 ὑπερέξει
3671 1281 3727 1333 δε
3772 1280 3871 1331 καὶ

2389 1396 2408 1428 ι
2447 1378 2538 1430 ἐπὶ
2570 1377 2876 1438 πολιτικαῖς
2910 1376 3195 1442 κεφαλαῖς,
3229 1379 3275 1427 εί
3302 1375 3473 1442 τούτῳ
3499 1367 3871 1440 στοιχείη,τδν

2391 1486 2408 1516 ι
2449 1468 2578 1520 ῖδιον
2604 1467 2856 1518 ἀπολέσει
2879 1465 3105 1534 βαθμόν.
3137 1467 3407 1526 Δικαστάς
3434 1481 3497 1530 γε
3537 1464 3638 1531 μὴν
3667 1460 3873 1526 ἐκκλη-

2390 1575 2408 1608 ι
2449 1555 2782 1616 σιαστικοὺς.
2811 1557 2857 1606 εί
2889 1555 2961 1622 μὴ
2995 1555 3301 1622 ἐλέγχοιντο
3321 1553 3460 1606 κατὰ
3491 1549 3873 1621 προσπάοειαν

2391 1666 2408 1696 ι
2448 1646 2480 1714 ἦ
2517 1643 2870 1697 ἀντιπάθειαν
2910 1644 3433 1711 προδεδιῳκηκότες,
3474 1643 3734 1710 ἐκκλητος
3769 1657 3872 1705 γε-

2391 1756 2408 1789 ι
2445 1737 2643 1805 νομένη
2674 1737 2771 1788 οὐκ
2809 1736 3094 1803 ἀμύνεται.
3139 1735 3263 1788 Ἐὰν
3317 1736 3374 1787 δὲ
3414 1735 3481 1788 τά
3513 1737 3651 1802 μέρη
3687 1732 3876 1784 ὲπιλέ·

2392 1849 2410 1881 c
2444 1829 2638 1893 ξωνται
2667 1826 2944 1889 δικαστὰς,
2972 1825 3175 1877 τούτων
3208 1826 3281 1895 μὴ
3333 1823 3771 1892 ἀφιστάσθωσαν.
3803 1838 3824 1871 a

2383 1918 2457 1971 Οὐ
2490 1916 2570 1968 δεῖ
2596 1915 2980 1984 παραιτεῖσθαι
3016 1915 3314 1967 ἐπίσκοπον
3343 1914 3375 1982 ἢ
3399 1913 3658 1981 κληρικὺν
3686 1911 3746 1962 τδ
3772 1910 3873 1961 ικ-

2314 2007 2699 2074 κ).ησιαστικδν
2727 2005 3098 2075 δικαστήριον.
3171 2006 3334 2057 Ὅθεν
3395 2005 3488 2056 ἐάν
3537 2019 3618 2062 τις
3661 2002 3873 2054 τούτων

2315 2095 2783 2168 κατηγορούμενος
2804 2095 3248 2163 ὲγκληματικῶς,
3279 2096 3376 2160 τὴν
3409 2090 3872 2159 ὲκκλησιαστικὴν

2316 2189 2720 2256 παραιτήσηται
2742 2186 2944 2255 κρίσινς
2972 2184 3066 2237 καὶ
3090 2185 3385 2245 πολιτικοῖς
3404 2183 3683 2240 δικασταῖς
3701 2195 3874 2245 προσ-

2317 2277 2463 2347 έλθῃ,
2495 2276 2588 2328 καὶ
2614 2275 2741 2345 παρ’
2775 2277 3002 2336 ἐκείνοις
3038 2274 3292 2344 γυμνάσῃ
3328 2275 3395 2325 τὰ
3426 2273 3522 2341 τῆς
3554 2271 3870 2330 αίτιάσεως⁶

2315 2369 2418 2421 κᾶν
2451 2365 2736 2428 ἀνεύθυνος
2786 2368 2950 2434 φανῇ,
2996 2366 3094 2419 καὶ
3148 2365 3287 2434 ὑπὲρ
3338 2363 3499 2417 αὐτοῦ
3531 2365 3563 2431 ὴ
3594 2360 3873 2424 ἀπόφασις

2316 2456 2588 2524 ἐξενεχθῇ,
2614 2456 2704 2506 τὸν
2735 2455 2865 2507 ἴδιον
2893 2457 3148 2508 ἀπολέσει
3183 2454 3410 2523 βαθμόν.
3458 2454 3520 2505 Et
3563 2453 3617 2503 δὲ
3647 2452 3746 2502 οὐκ
3775 2451 3874 2515 ὲγο

2315 2547 2627 2616 κληματική
2660 2549 2806 2598 ὲστιν
2843 2548 2875 2614 ἡ
2907 2548 3028 2598 κατ’
3063 2546 3241 2597 αὐτῶν
3271 2544 3527 2606 αίτίασις,
3565 2542 3698 2594 ἀλλά
3725 2555 3872 2609 χρη-

2319 2641 2543 2706 ματικὴ,
2576 2639 2667 2689 καὶ
2695 2636 2875 2706 συμϐῇ
2901 2637 2994 2688 καὶ
3025 2637 3118 2687 ἐπὶ
3146 2635 3350 2701 ταύτην
3395 2633 3614 2699 νικῆσαι
3646 2628 3870 2692 αὐτοὺς,

2314 2727 2374 2779 τὸ
2401 2728 2704 2795 πρόσφορον
2732 2726 2913 2787 αὐτοῖς
2950 2726 3468 2794 παραιτησαμένους
3495 2721 3868 2787 δικαστήριον.

2315 2816 2410 2867 καὶ
2459 2819 2746 2883 κοσμικοῖς
2812 2815 3091 2875 δικασταῖς
3143 2813 3554 2882 προσελθόντας,
3615 2811 3708 2863 καὶ
3738 2808 3870 2875 παρ’

2315 2906 2541 2958 ἐκείνων
2565 2905 2851 2973 κριθέντας
2874 2919 2886 2932 ’
2920 2907 2966 2954 εί
3001 2904 3098 2971 μὲν
3124 2901 3402 2971 αἱροῦνται
3432 2903 3497 2970 τῇ
3525 2899 3664 2966 ὑπὲρ
3686 2897 3869 2950 αὐτῶν

2319 2997 2482 3065 ψήφῳ
2513 2997 2768 3063 στοιχεῖν,
2793 2995 2887 3047 καὶ⁸
2910 2994 2971 3046 τὸ
2999 2995 3227 3061 πρᾶγμα
3258 2995 3337 3053 είς
3362 2992 3390 3043 δ
3421 2993 3675 3059 ἐνίκησαν
3697 2991 3871 3040 ἀπαι-

655 3069 858 3136 spectui
897 3068 1184 3121 habuerint
1216 3081 1392 3122 causae
1419 3081 1528 3121 sua:
1573 3068 1948 3135 prolationem,
1983 3068 2205 3132 illudque

2315 3059 2496 3151 τῆσαι,
2529 3059 2781 3135 τὸννῖδιον
2844 3059 3054 3149 βαθμὸν
3081 3081 3459 3132 ἀπολέσουσιν.
3514 3081 3576 3130 Et
3606 3079 3662 3129 δὲ
3699 3094 3871 3128 κατα-

658 3175 754 3227 pro
819 3173 926 3227 quo
967 3157 1360 3211 contendebant
1411 3157 1658 3210 amittere
1733 3156 1976 3220 mallent,
2033 3157 2206 3208 locum

659 3265 814 3305 suum
846 3250 1169 3305 retinebunt.
1198 3247 1253 3301 Si
1277 3247 1396 3315 quis
1418 3257 1594 3300 autem
1617 3246 1683 3300 ab
1701 3247 1967 3315 episcopis
1992 3259 2209 3299 accusa-

659 3351 744 3394 tus
768 3349 820 3394 ct
844 3339 1252 3401 condemnatus,
1277 3337 1341 3390 ad
1368 3337 1596 3405 majores
1632 3335 2022 3390 ecclesiasticos
2065 3333 2210 3402 judi-

655 3444 746 3482 ces
786 3427 1170 3495 appellaverit,
1236 3440 1531 3493 eorumque
1590 3425 1911 3478 sententiam
1968 3433 2209 3478 evertere

656 3515 907 3582 potuerit,
967 3515 1168 3568 nullam
1223 3515 1322 3568 hoc
1360 3514 1466 3568 illis
1498 3513 1767 3583 judicibus
1822 3513 2208 3566 ecclesiasticis

653 3618 878 3670 quorum
933 3602 1196 3655 sententia
1248 3603 1525 3665 evertitur,
1581 3616 1771 3655 noxam
1820 3599 2056 3665 atl‘erret,
2105 3600 2206 3654 nisi

655 3693 879 3748 forsitan
910 3702 1128 3762 propter
1155 3693 1358 3756 odium,
1395 3701 1485 3746 aut
1516 3694 1837 3759 passionem,
1867 3695 1947 3745 vel
1977 3690 2204 3761 gratiam

655 3786 886 3854 aliquam
921 3799 1041 3838 cum
1077 3784 1269 3837 affectu
1305 3784 1624 3838 sententiam
1665 3784 1849 3837 tulisse
1877 3784 2205 3836 convincan-

653 3884 759 3926 tur.
803 3873 1120 3940 Quicunque
1157 3882 1342 3926 autem
1377 3887 1443 3926 ex
1493 3874 1758 3926 accusatis
1807 3871 2074 3938 episcopis
2115 3878 2207 3924 aut

651 3963 888 4027 clericis,
915 3961 1308 4017 ecclesiasticos
1327 3961 1537 4028 judices
1561 3962 1840 4029 elegerint,
1861 3970 1914 4014 et
1940 3962 2005 4013 ab
2029 3959 2093 4013 iis
2118 3960 2207 4027 ju-

652 4053 820 4108 dicari
847 4051 1130 4115 voluerint,
1148 4053 1393 4120 quamvis
1414 4062 1599 4106 contra
1623 4052 1899 4119 episcopos
1926 4060 2206 4105 accusatos

652 4141 928 4196 duodecim
958 4140 1219 4208 episcopis
1253 4142 1356 4193 sint
1392 4141 1693 4208 pauciores,
1744 4149 1932 4195 contra
1970 4141 2199 4210 presby-

651 4242 798 4287 teros
820 4239 993 4286 autem
1025 4239 1079 4284 et
1104 4231 1360 4284 diaconos
1400 4243 1597 4297 septem
1633 4233 1713 4286 vel
1752 4233 1910 4286 etiam
1946 4241 2197 4299 quatuor,

651 4320 1098 4388 quemadmodum
1133 4329 1186 4373 et
1229 4320 1280 4373 in
1333 4321 1649 4375 duodecimo
1681 4322 1962 4389 praesentis
2011 4320 2196 4391 synodi

649 4423 858 4462 canone
891 4409 1226 4477 scripsimus,
1265 4407 1610 4464 condemnati
1641 4425 1741 4464 non
1777 4413 1973 4464 debent
2007 4420 2195 4465 contra

650 4498 908 4566 judicium
943 4514 1124 4553 eorum
1170 4499 1476 4567 appellare:
1513 4501 1801 4569 appellatio
1829 4502 1970 4555 enim
2001 4501 2200 4570 judicis

653 4587 913 4641 inscitiam
949 4589 1033 4641 vel
1067 4588 1380 4656 injustitiam
1429 4591 1670 4659 corrigit.
1690 4589 1970 4656 Quomodo
1997 4592 2199 4658 itaque,

652 4676 742 4743 qui
769 4676 975 4744 judices
1002 4677 1390 4732 ecclesiasticos
1414 4679 1596 4746 elegit,
1621 4695 1754 4748 quos
1778 4689 1831 4733 et
1861 4695 2109 4734 sermone
2145 4690 2201 4734 et

652 4765 759 4819 vita
808 4765 1106 4836 inculpatos
1139 4781 1258 4822 esse
1279 4765 1560 4837 judicavit,
1591 4770 1774 4825 dicens
1800 4785 1858 4826 se
1885 4771 2202 4839 insipienter

653 4863 707 4909 et
737 4854 932 4924 injuste
954 4856 1020 4910 ab
1042 4856 1110 4910 iis
1132 4857 1379 4926 judicari,
1411 4870 1468 4913 et
1505 4861 1974 4928 reprehensionem
2007 4876 2199 4930 qnam-

651 4941 774 4996 dam
828 4942 1129 4996 hominibus
1181 4947 1605 5004 sacerdotalibus
1655 4948 1722 5002 ab
1777 4948 1892 5017 ipso
1944 4948 2199 5018 judicatis

654 5032 849 5088 aﬂ‘erre
875 5033 1230 5089 admittatur?

1220 5317 1455 5374 CANON
1483 5319 1624 5375 XVI.

666 5426 682 5459 t
721 5408 978 5464 Similiter
997 5407 1216 5479 placuit,
1236 5418 1294 5463 ut
1317 5410 1572 5478 episcopi,
1597 5412 1896 5483 presbyteri
1919 5419 1972 5465 et
1992 5410 2200 5464 diaconi

732 5517 750 5549 ι
800 5501 1152 5554 conductores
1189 5500 1274 5555 vel
1317 5511 1692 5568 procuratores
1734 5517 1840 5556 non
1873 5502 2050 5568 ﬂant;
2103 5515 2201 5555 nec

732 5607 750 5638 ι
793 5603 856 5643 ex
888 5592 1024 5659 turpi
1048 5591 1224 5660 aliquo
1246 5592 1327 5647 vel
1349 5592 1438 5645 vili
1462 5592 1674 5662 negotio
1701 5594 1897 5646 victum
1925 5595 2022 5648 sibi
2052 5607 2196 5661 quac-

733 5699 748 5730 ι
803 5689 958 5742 rant;
1001 5683 1355 5737 debentcnim
1385 5687 1448 5738 ad
1474 5683 1524 5739 id
1548 5684 1690 5752 quod
1732 5685 1987 5752 scriptum
2010 5695 2199 5739 estre-

2315 3173 2570 3244 φρονοῦσι
2618 3173 2719 3240 τῆς
2750 3171 3111 3232 δικαιώσεως.
3145 3171 3237 3222 καὶ
3287 3169 3552 3221 ἀπολέσαι
3583 3167 3868 3236 αἱροῦνται

2309 3265 2371 3318 τὸ
2409 3266 2486 3324 είς
2527 3262 2555 3314 ὃ
2607 3262 2888 3331 ἐνίκησαν,
2950 3261 3044 3314 τὸν
3080 3261 3277 3312 οἰκεῖον
3328 3259 3491 3311 τόπον
3522 3258 3864 3320 καθέξουσιν.

2309 3356 2371 3409 El
2408 3355 2464 3408 δέ
2490 3371 2572 3416 τις
2605 3354 2756 3420 παρὰ
2789 3352 3101 3404 ἐπισκόπων
3158 3349 3389 3418 κριθεὶς,
3446 3351 3539 3402 καὶ
3574 3350 3871 3401 καταδικα-

2311 3445 2480 3506 σθεὶς,
2525 3444 2658 3512 πρὸς
2694 3443 2945 3511 μείζονας
2978 3441 3462 3506 ἐκκλησιαστικοὺς
3489 3439 3744 3497 δικαστὰς
3769 3441 3868 3490 ὲκ-

2308 3535 2626 3599 καλέσηται,
2652 3533 2746 3584 καὶ
2781 3531 3083 3599 ἀνατρέψαι
3147 3530 3355 3598 ἰσχύσει
3385 3531 3484 3597 τὴν
3536 3529 3715 3596 ψῆφον
3769 3529 3871 3580 αὐ-

2307 3626 2412 3677 τῶν
2433 3641 2445 3654 ·
2481 3622 2734 3690 οὐδεμίαν
2765 3619 2968 3689 βλάϐην
3022 3619 3181 3672 τοῦτο
3213 3619 3404 3683 ἐπάξει
3431 3619 3544 3671 τοῖς
3569 3615 3868 3683 ἐκκλησια-

2310 3713 2509 3772 στικοῖς
2537 3709 2818 3770 δικασταῖς
2855 3706 3104 3769 ἐκείνοις,
3139 3699 3213 3759 ὧν
3246 3708 3278 3770 ἡ
3323 3705 3597 3771 ἀπόφασις
3627 3701 3866 3768 ἀνατρέ-

2308 3816 2465 3852 πεται
2490 3815 2503 3829 ·
2528 3799 2577 3849 εί
2601 3799 2671 3866 ἰή
2694 3813 2794 3849 που
2816 3798 2956 3849 κατὰ
2995 3796 3217 3864 ἔχθραν,
3239 3795 3270 3864 ἢ
3292 3793 3432 3847 κατά
3461 3791 3864 3862 προσπάθειαν,

2307 3892 2339 3962 ἢ
2371 3891 2512 3942 κατά
2534 3905 2656 3940 τινα
2683 3888 2840 3957 χάριν
2868 3885 3277 3953 ἀπελεγχθῶσιν
3309 3884 3573 3948 ἐμπαθῶς
3611 3883 3707 3950 τὴν
3733 3881 3864 3950 κρί-

2307 3997 2390 4032 σιν
2408 3978 2756 4047 ποιήσασθαι.
2781 3979 2933 4029 Ὅσοι
2954 3975 3009 4027 δὲ
3035 3976 3142 4028 τῶν
3163 3975 3502 4042 αἰτιωμένων
3523 3973 3861 4030 ἐπισκόπων.

2305 4071 2338 4140 ἦ
2374 4068 2672 4138 κληρικῶν,
2697 4065 3036 4129 ὲπιλέξονται
3065 4065 3555 4128 ἐκκλησιαστικοὺς
3579 4063 3864 4124 δικαστὰς.

2305 4163 2398 4214 καὶ
2429 4160 2557 4228 παρ’
2607 4159 2793 4218 αὐτοῖς
2835 4155 3089 4225 κριθῆναι
3138 4154 3450 4221 θελήσουσι,
3508 4154 3611 4205 κᾶν
3641 4154 3867 4220 ἥττονες

2304 4252 2394 4304 ἐπὶ
2422 4251 2518 4319 μὲν
2565 4249 2875 4301 ἐπισκόπων
2932 4246 3462 4315 κατηγορουμένων,
3514 4243 3623 4294 τῶν
3658 4243 3864 4296 δώδεκα

2305 4341 2618 4394 ἐπισκόπων
2647 4333 2799 4399 ὦσιν,
2821 4338 2914 4389 ἐπὶ
2941 4336 2996 4388 δὲ
3027 4335 3433 4406 πρεσόυτέρων,
3457 4336 3552 4386 καὶ
3573 4333 3859 4396 διακόνων,

2307 4432 2412 4485 τῶν
2437 4431 2594 4492 emat,
2627 4430 2658 4498 ἢ
2683 4429 2777 4481 καὶ
2805 4427 3109 4495 τεσσάρων,
3144 4425 3323 4487 καθὼς
3356 4427 3412 4475 ὲν
3460 4424 3538 4490 τῷ
3567 4423 3864 4490 δωδεκάτῳ

2307 4524 2491 4576 κανόνι
2519 4523 2614 4589 τῆς
2638 4519 2923 4589 παρούσης
2966 4518 3183 4571 συνόδου
3212 4515 3552 4585 ἐγράψαμεν,
3590 4516 3690 4566 οὐκ
3715 4514 3868 4581 ὀφεί-

2307 4615 2458 4667 λουσι
2489 4611 2995 4672 καταδικασθέντες
3043 4607 3389 4660 ἐκκαλεῖσθαι
3443 4605 3583 4658 κατά
3610 4607 3706 4672 τῆς
3739 4603 3867 4673 κρί-

2309 4721 2446 4766 σεως
2471 4701 2670 4756 αὐτῶν.
2723 4700 2787 4752 Ἣ
2818 4699 2926 4766 γὰρ
2972 4697 3234 4764 ἐκκλητος
3289 4693 3606 4762 ἀπειρίανῆ
3647 4693 3866 4744 ἀδικίαν

2311 4789 2704 4860 ἐπανορθοῦται
2733 4788 2825 4840 τοῦ
2863 4784 3142 4840 δικαστοῦ.
3173 4785 3299 4846 Πῶς
3320 4783 3451 4849 γοῦν
3481 4783 3510 4834 ὁ
3547 4781 3868 4850 ἐπιλεξάμε-

2309 4897 2397 4940 νος
2420 4876 2902 4945 ἐκκλησιαστικοὺς
2929 4875 3210 4935 δικαστὰς,
3242 4871 3335 4935 οὒς
3367 4873 3458 4924 καὶ
3485 4871 3625 4924 κατά
3680 4870 3860 4938 λόγον,

2308 4971 2399 5022 καὶ
2448 4967 2589 5020 κατά
2617 4965 2738 5034 βίαν
2766 4963 3164 5031 ἀνεπιλήπτους
3193 4963 3409 5031 ἔκρινεν
3441 4956 3598 5022 εἶναι,
3625 4961 3864 5028 παραδε-

2307 5054 2592 5123 χθήοεται,
2629 5051 2824 5117 λέγων,
2859 5051 3097 5120 ἀπείρως
3125 5049 3157 5118 ἢ
3182 5049 3378 5110 ἀδίκως
3413 5046 3505 5099 ὑπ’
3539 5046 3720 5099 αὐτῶν
3743 5063 3858 5115 κρι-

2307 5146 2482 5212 θῆναι,
2511 5142 2606 5195 καὶ
2637 5143 2794 5194 οἱονεί
2824 5157 2945 5192 τινα
2987 5141 3194 5208 μέμψιν
3221 5140 3332 5198 τοῖς
3365 5139 3497 5205 παρ’
3524 5135 3688 5189 αὑτοῦ
3716 5136 3860 5188 clov-

2307 5236 2355 5286 εὶ
2385 5233 2650 5304 κριθεῖσιν
2682 5233 2974 5300 ἱερατικοῖς
2999 5231 3223 5294 ἐπάγειν
3247 5227 3522 5296 ἀνδράσιν.

2893 5317 3127 5372 ΚΑΝΩΝ
3155 5317 3272 5382 ις’.

2313 5433 2331 5463 α
2383 5414 2614 5482 Ὁμοίως
2637 5413 2850 5482 ήρεσεν,
2889 5411 2977 5462 ῖνα
3010 5409 3301 5461 ἐπίσκοποι
3356 5410 3451 5461 κα)⁸
3495 5407 3859 5479 πρεσϐύτεροι

2387 5524 2402 5554 ι
2441 5506 2535 5558 καὶ
2563 5505 2798 5557 διάκονοι
2828 5499 3159 5568 ὲκλήπτορες
3189 5501 3259 5566 μὴ
3288 5500 3542 5565 γίνωνται
3567 5501 3598 5566 ἡ
3626 5515 3866 5567 προκου-

2382 5615 2398 5644 ι
2443 5594 2684 5663 ράτορες,
2714 5590 2845 5658 μηδὲ
2891 5589 2954 5640 ἔκ
2985 5606 3125 5650 τινος
3154 5589 3378 5656 αἰσχροῦ
3410 5588 3441 5656 ἦ
3474 5587 3671 5656 ἀτίμου
3712 5587 3860 5654 πρά·-

2386 5705 2401 5735 ι
2441 5700 2648 5752 γματος
2677 5679 2882 5752 τροφὴν
2915 5678 3272 5748 πορίζωνταιο
3293 5677 3560 5744 ὀφείλουσι
3593 5676 3697 5745 γὰρ
3719 5677 3860 5728 ἀπο-
