4114 6446
202 357 264 419 85
1273 366 1357 425 ΙΝ
1388 364 1547 424 CAN.
1593 364 1721 422 XVI
1765 364 1966 425 CONC.
2011 368 2380 429 CAll'l'llM}.
3354 366 3421 425 86

275 490 293 523 ι
328 472 521 540 ϐλέψαι
546 475 631 536 είς
670 475 739 526 οδ
777 479 1180 545 γεγραμμένων
1226 475 1430 537 Οὐδείς
1450 474 1761 541 στροτευόο
1795 472 1837 529 Α

282 583 298 610 σ
324 579 503 631 μενος
546 565 630 628 τῷ
668 564 807 630 Θεῷ
832 568 1185 633 ἐμπλέκεται
1221 567 1438 618 ἐιιυτεν
1466 564 1767 629 πράγμασι

286 671 301 701 ι
332 653 664 720 κοσμικοῖςο
711 656 810 707 καὶ
834 656 973 707 ὥστε
1017 658 1141 717 τοὺς
1170 654 1528 721 ἀναγνώστας
1561 655 1640 713 είς
1676 656 1768 702 τὸν

288 760 304 789 ι
339 743 529 810 καιρὸν
576 745 680 811 τῆς
733 745 877 814 71611,-
928 745 1255 813 ἐρχομένους
1304 743 1765 810 ἀναγκάζεσθαιῆ

292 849 308 877 ι
345 831 611 899 συμείους
652 835 977 901 ἀγαγέσθαι.
1017 834 1047 903 ἢ
1091 836 1417 903 ἐγκράτειαν
1462 832 1767 901 ὁμολογεῖν.

293 939 307 968 ι
352 921 585 987 Ὁμοίως
608 924 829 992 ἡρεσεν,
866 924 950 976 ἵνα
973 924 1256 994 κληρικδς,
1281 924 1374 976 ἐὰν
1407 923 1666 992 χρήματα
1695 919 1769 988 δῷ

293 1026 309 1057 ‹
343 1010 657 1080 ἐιχρήσει,
689 1013 758 1064 τὰ
792 1014 1053 1082 χρήματα
1087 1014 1225 1085 λάϐῃ
1247 1031 1261 1046 ·
1320 1015 1413 1067 ἐὰν
1455 1008 1618 1077 εἶδος,
1648 1014 1773 1066 ὅσον

295 1118 313 1149 ι
347 1100 541 1153 δέδωκε
580 1102 742 1172 λάϐῃ.
796 1106 904 1157 Kal.
954 1105 1041 1157 ἵνα
1086 1105 1192 1176 πρὸ
1246 1106 1355 1159 τῶν
1427 1105 1769 1158 εἰκοσιπέντε

291 1209 309 1239 ι
341 1190 603 1244 ἐνιαυτῶν
650 1195 784 1261 μήτε
822 1194 1058 1247 διάκονοι
1099 1198 1538 1265 χειροτονῶνται.
1614 1195 1772 1249 Ἀλλά

289 1303 315 1328 ιι
346 1283 439 1333 καὶ
465 1284 513 1333 οἱ
546 1285 894 1351 ἁναγνῶσται
920 1285 1012 1338 τὸν
1041 1287 1213 1355 δῆμον
1241 1288 1315 1356 μὴ
1334 1288 1767 1357 προσκυνῶσιν.ι

285 1372 460 1424 ΒΛΔΣ
504 1374 639 1441 Περὶ
668 1376 764 1442 μὲν
788 1376 897 1429 τῶν
926 1375 1206 1447 κληρικῶν
1232 1377 1339 1429 τῶν
1364 1375 1777 1443 παρεμδαλλόν-

208 1480 318 1514 των
352 1464 581 1524 ἑαυτοὺς
604 1466 684 1525 είς
707 1466 981 1531 κοσμικὰς
1036 1467 1319 1536 ἐνεργείας
1348 1465 1667 1535 ἐγράψαμεν
1696 1467 1776 1528 είς

208 1552 272 1603 τὸ
298 1558 366 1617 ιγ’
391 1567 517 1616 κεφ.
549 1552 643 1603 τοῦ
673 1552 719 1621 η’
751 1554 928 1606 τίτλον
953 1554 1048 1607 τοῦ
1073 1556 1337 1625 παρόντος
1373 1554 1772 1623 συντάγματος,

212 1641 289 1699 εἰς
311 1641 406 1693 τὸν
444 1643 497 1706 ς’
524 1646 619 1696 καὶ
654 1643 745 1711 πγ⁹
778 1646 1132 1698 ἀποστολικδν
1163 1646 1383 1708 κανόνα,
1415 1646 1507 1697 καὶ
1560 1646 1639 1706 είς
1688 1645 1777 1695 τὸν

212 1729 258 1797 γ’
287 1733 494 1785 κανόνα
510 1734 609 1802 τῆς
640 1734 682 1785 δ’
702 1736 919 1787 συνόδου
939 1750 953 1766 ο
984 1738 1076 1788 καὶ
1099 1736 1372 1803 ἀνάγνωθι
1399 1735 1639 1798 τούτους.
1658 1737 1774 1789 Κα-

213 1823 663 1891 ταστρωθήσεται
696 1825 751 1877 δὲ
774 1828 853 1887 είς
876 1826 976 1894 τὴν
998 1825 1274 1894 παροῦσαν
1300 1826 1595 1894 ἑρμηνείαν
1628 1827 1723 1877 καὶ
1744 1826 1776 1894 ἠ

213 1914 355 1964 κατά
384 1914 483 1983 τὴν
504 1913 555 1982 η’
576 1915 668 1967 τοῦ
692 1916 1027 1984 Δεκεμϐρίου
1052 1917 1221 1983 μηνὸς
1250 1917 1348 1983 τῆς
1376 1915 1427 1980 ς’
1454 1915 1779 1977 ίνδικτιῶνος

213 2009 485 2077 γενομένη
520 2009 769 2076 συνοδικὴ
791 2011 1091 2078 σημείωσις
1119 2011 1196 2071 είς
1230 2011 1327 2078 τὴν
1354 2008 1661 2078 ἐφημερίαν
1685 2008 1780 2061 τοῦ

213 2100 523 2163 ἁγιωτάτου
552 2100 760 2153 ἐκείνου
784 2103 1122 2172 πατριάρχου
1160 2102 1349 2172 κυρίου
1384 2102 1642 2168 Λουκᾶ,ή
1689 2102 1781 2152 καὶ

212 2190 383 2257 τόμον
412 2190 571 2255 τάξιν
604 2191 895 2261 ἐπέχουσα.
960 2192 1230 2254 Ὡσαύτως
1280 2194 1372 2245 καὶ
1414 2194 1446 2260 ἡ
1481 2192 1784 2259 σημείωσις

214 2278 305 2330 τοῦ
331 2281 641 2345 ἀγιωτάτου
662 2281 869 2333 ἐκείνου
906 2282 1248 2351 πατριάρχου
1292 2280 1459 2350 κυροῦ
1503 2281 1776 2345 Ἰωάννου,

215 2367 248 2432 ἡ
283 2368 558 2435 γενομένη
607 2369 768 2437 χάριν
796 2366 890 2420 τοῦ
925 2373 999 2437 μὴ
1026 2372 1343 2438 συνηγορεῖν
1392 2369 1515 2431 τοὺς
1552 2368 1783 2438 ιερωμέ-

214 2472 361 2518 νους.
392 2456 501 2508 Καὶ
526 2456 812 2527 ήδύναμις
839 2456 932 2509 τοῦ
959 2442 1341 2527 σημειώματος
1362 2458 1455 2512 τοῦ
1478 2460 1783 2525 ἁγιωτάτου

219 2549 565 2617 πατριάρχου
597 2549 770 2619 κυρού
806 2548 1022 2619 Μιχαὴλ
1054 2548 1149 2599 τοῦ
1205 2548 1414 2601 ὑπάτου
1443 2548 1549 2599 τῶν
1580 2546 1788 2613 φιλοσό-

216 2656 355 2705 φων,
379 2643 413 2709 ἡ
444 2641 694 2709 προσᾶσα
719 2644 876 2711 χάριν
900 2642 994 2694 τοῦ
1018 2641 1212 2705 ἐπίσης
1233 2640 1307 2709 τῷ
1330 2640 1561 2705 διακόνῳ
1594 2638 1689 2690 καὶ
1711 2638 1787 2706 τῷ

219 2735 360 2801 ίερεῖ
392 2732 700 2785 κωλύεσθαι
753 2734 846 2786 καὶ
901 2734 995 2785 τὸν
1027 2730 1377 2798 ἀναγνώστην
1422 2731 1487 2782 ἐκ
1516 2731 1616 2797 τῆς
1641 2731 1789 2793 ἐνερ-

218 2822 374 2889 γείας
406 2822 516 2873 τῶν
542 2822 822 2890 κοσμικῶν
869 2821 1159 2890 ὁφφικίων.
1226 2820 1377 2872 Ἐπεὶ
1414 2819 1470 2870 δὲ
1528 2820 1555 2869 ὁ
1600 2815 1788 2883 παρὼν

218 2911 399 2965 κανὼν
420 2913 737 2980 διορίζεται,
769 2912 842 2981 μὴ
868 2911 1188 2981 πορίζεσθαι
1218 2911 1345 2971 τοὺς
1369 2907 1698 2978 ἱερωμένους
1721 2905 1788 2957 τὰ

218 3004 356 3072 προς
388 3003 596 3073 τροφὴν
622 3003 730 3055 ἀπὸ
762 3001 1105 3070 πραγμάτων
1142 2999 1383 3069 αἰσχρῶν
1426 2999 1519 3049 καὶ
1548 2996 1785 3063 ἀτίμων,

1942 494 1961 526 ε
2009 479 2238 546 spicere,
2269 479 2426 532 Nemo
2480 479 2582 531 Deo
2613 479 2849 532 militum;
2903 481 3129 546 scipsum
3184 477 3417 545 implicat

1949 585 1967 616 ι
2008 567 2345 621 swcularibus
2412 569 2630 638 negotiis
2675 570 2759 632 ",
2816 580 2890 630 et,
2947 580 3003 620 ut
3070 568 3297 620 lectores
3354 569 3417 616 ad

1953 673 1972 706 ι
2016 656 2309 725 pubertatis
2337 666 2543 726 tempus
2570 658 2845 711 venientes
2862 667 3142 725 cogantur,
3176 657 3254 707 vel
3286 670 3420 708 uxo-

1950 764 1966 795 ι
2010 760 2103 799 res
2152 748 2370 807 ducere,
2403 747 2484 800 vel
2517 746 2901 800 continentiam
2929 744 3189 811 proliteri.
3220 742 3421 795 Simili-

1940 853 1959 886 ε
2008 845 2092 890 ter
2118 836 2335 904 placuit,
2386 846 2441 889 ut
2472 838 2515 889 si
2541 836 2773 891 clericus
2809 843 3020 887 mutuas
3046 833 3299 899 pecunias
3336 831 3425 884 de-

1952 946 1971 978 ι
2011 928 2183 993 derit,
2228 929 2483 997 pecunias
2539 926 2803 994 accipiat:
2834 925 2916 979 sin
2966 935 3139 977 autem
3169 920 3423 990 speciem,

1945 1038 1963 1070 ε
2009 1029 2267 1089 quantum
2315 1019 2518 1073 dederit
2572 1017 2819 1086 accipiat.
2848 1015 2911 1068 Et
2944 1025 3002 1068 ut
3028 1023 3156 1067 ante
3189 1012 3427 1078 quinque

1951 1128 1969 1160 ι
2007 1119 2059 1163 et
2114 1107 2300 1176 viginti
2336 1123 2505 1163 annos
2549 1107 2758 1162 diaconi
2790 1120 2897 1159 non
2944 1105 3281 1157 ordinentur.
3320 1100 3426 1153 Sed

1954 1217 1969 1249 ι
2007 1205 2061 1253 et
2117 1196 2344 1253 lectores
2382 1197 2635 1266 populum
2669 1210 2773 1249 non
2802 1194 3054 1248 salutent.
3099 1209 3116 1241 ι

1946 1372 2140 1427 BALS.
2174 1372 2250 1427 De
2297 1374 2508 1427 clericis
2540 1370 2782 1440 quidem.
2823 1368 2911 1436 qui
2952 1381 3010 1421 se
3068 1364 3295 1434 negotiis
3326 1376 3427 1414 sa:-

1875 1464 2145 1519 cularibus
2170 1466 2441 1530 ingerunt,
2470 1461 2785 1529 scripsimus
2817 1460 2870 1512 in
2903 1458 3111 1511 decimo
3144 1454 3301 1507 tertio
3336 1466 3429 1504 ca-
3477 1442 3484 1454 ’

1877 1557 1987 1625 pite
2004 1556 2180 1610 octavi
2215 1555 2351 1609 tituli
2378 1552 2657 1622 praesentis
2686 1550 2863 1619 operis
2889 1565 2904 1614 ;
2936 1548 2987 1599 in
3010 1555 3163 1600 sexto
3192 1554 3246 1599 et
3282 1552 3434 1595 octo-

1878 1648 2083 1717 gesimo
2112 1646 2269 1699 tertio
2297 1658 2503 1698 canone
2543 1642 2860 1710 apostolico,
2888 1647 2941 1692 et
2966 1640 3018 1691 in
3047 1637 3207 1692 tertio
3233 1647 3436 1688 canone
3460 1668 3463 1673 ι

1881 1749 2090 1806 quartae
2119 1737 2328 1807 synodi,
2349 1746 2403 1789 ct
2436 1736 2551 1804 lege
2580 1749 2695 1788 eos.
2732 1735 2788 1786 In
2855 1731 3103 1798 prmseuti
3139 1736 3316 1780 autem
3357 1724 3437 1775 in-

1885 1828 2265 1895 terpretatione
2288 1835 2511 1895 ponetur
2542 1833 2597 1878 et
2621 1838 2739 1892 qua:
2762 1834 2950 1875 octavo
2982 1818 3180 1872 mensis
3218 1815 3441 1868 Decem-

1884 1921 1993 1975 bris
2026 1931 2175 1973 sexta
2211 1917 2502 1972 indictione
2530 1915 2669 1969 facta
2709 1921 2792 1967 est
2821 1907 3091 1981 synodalis
3124 1903 3438 1961 declaratio,

1886 2019 2125 2076 tempore
2156 2005 2484 2060 sanctissimi
2519 2002 2843 2073 patriarcha:
2871 1998 3074 2051 domini
3108 1994 3287 2055 Luem,
3321 2004 3440 2060 qiue

1884 2098 2043 2153 etiam
2069 2095 2356 2150 decisionis
2378 2095 2551 2147 locum
2579 2092 2806 2147 obtinet.
2834 2088 3098 2142 Similiter
3130 2092 3182 2137 ct
3206 2082 3445 2151 promul-

1883 2189 2022 2256 gatio
2041 2187 2355 2255 patriarcha:
2379 2185 2521 2239 illius
2541 2181 2737 2238 domini
2758 2178 3005 2241 Joannis,
3038 2190 3155 2243 quae
3175 2174 3317 2227 facta
3340 2184 3443 2235 εει,

1886 2279 2047 2349 536
2072 2293 2137 2331 ne
2166 2292 2357 2330 causas
2384 2282 2605 2345 agerent
2636 2272 2725 2342 qui
2760 2269 2933 2326 sacris
2962 2266 3158 2321 initiati
3189 2273 3335 2317 sunt.
3375 2262 3438 2315 Et

1879 2372 1966 2435 jus
1994 2366 2155 2420 edicti
2188 2360 2871 2430 sanctissimipatriarchm
2910 2354 3114 2409 domini
3160 2350 3441 2407 Michaelis

1886 2458 2327 2527 philosophorum
2378 2452 2595 2517 summi,
2636 2450 2777 2519 quod
2815 2446 3035 2518 prodiit,
3077 2453 3133 2496 ut
3160 2456 3329 2509 atque,
3384 2454 3449 2491 ac

1886 2551 2145 2604 diaconus
2182 2556 2233 2601 et
2258 2545 2529 2608 sacerdos,
2588 2543 2754 2596 lector
2813 2552 3024 2607 quoque
3075 2532 3450 2603 prohiberetur

1888 2643 1954 2695 ab
1985 2638 2301 2694 exercendis
2327 2634 2674 2690 saecularibus
2700 2629 2909 2686 ciliciis.
2955 2625 3217 2692 Quoniam
3270 2629 3445 2672 autem

1889 2745 2126 2801 praesens
2163 2742 2335 2783 canon
2365 2726 2573 2787 statuit,
2628 2739 2693 2778 ne
2723 2722 2814 2790 qui
2859 2730 2985 2775 sunt
3016 2715 3210 2770 sacrati
3247 2714 3446 2765 victum

1889 2828 2127 2889 quaerant
2163 2832 2230 2871 ex
2254 2818 2411 2871 rebus
2450 2814 2694 2883 turpibus
2725 2821 2777 2865 et
2801 2810 3026 2872 vilibus,
3069 2820 3213 2872 saepe
3245 2800 3449 2871 quaesi-

1892 2926 2004 2968 tum
2035 2921 2136 2976 est,
2162 2923 2406 2979 quasnam
2443 2908 2549 2960 sint
2569 2919 2664 2959 eae.
2698 2904 2763 2956 Et
2789 2899 3025 2954 nonnulli
3054 2897 3268 2964 quidem
3301 2892 3452 2945 dixe-

1894 3013 2019 3057 runt
2046 3017 2142 3056 eas
2174 3014 2319 3061 esse,
2361 2998 2613 3051 lenonem
2659 3007 2778 3047 esse
2806 3005 2869 3043 ac
2919 2985 3233 3041 meretrices
3286 2981 3451 3041 alere,

217 3092 459 3161 ἐζητήθη
499 3091 761 3152 πολλάκις
798 3094 925 3143 ποῖα
969 3089 1146 3141 ταῦτά
1170 3092 1298 3141 εἰσι.
1353 3086 1463 3139 Καί
1512 3100 1658 3145 τινες
1692 3082 1787 3151 μὲν
1813 3095 1856 3157 C
1890 3095 2289 3166 επηροηειοτίε
2312 3093 2547 3145 ηυδε-ηπ
2570 3100 2825 3156 ρτωθεεθ,
2859 3092 2914 3138 ει
2948 3081 3166 3135 similia.
3202 3074 3444 3131 Sanctis.

217 3180 375 3236 εἷπον
399 3181 540 3236 εἶναι
566 3182 743 3234 ταῦτα
788 3181 849 3233 τὸ
897 3180 1302 3249 πορνοϐοσκεῖν,
1361 3179 1421 3229 τὸ
1475 3174 1783 3244 καπηλικοῦ

217 3272 587 3342 ἐργαστηρίου
619 3271 1006 3341 προΐστασθαι,
1047 3270 1142 3323 καὶ
1167 3271 1236 3321 τά
1259 3271 1421 3337 ὃμοια
1445 3283 1458 3299 ·
1485 3269 1511 3319 ὁ
1535 3267 1590 3318 δὲ
1615 3264 1784 3331 ἁγιώ-

215 3380 380 3426 τατος
410 3364 756 3433 πατριάρχης
804 3360 967 3428 κυρὸς
996 3360 1209 3421 Λουκᾶς
1244 3358 1337 3411 καὶ
1382 3356 1449 3408 τὰ
1508 3353 1785 3423 μυρεψικά

216 3453 562 3521 ἐργαστήρια
622 3453 715 3504 καὶ
765 3452 834 3503 τά
900 3450 1157 3519 βαλανεῖα
1232 3444 1591 3515 αἰσχροκερδῆ
1645 3437 1785 3495 εἶναι

217 3544 433 3609 ἔλεγεν,
471 3542 547 3603 ώς
568 3542 663 3594 καὶ⁵
680 3540 909 3609 ψεύδους
954 3540 1240 3607 παραίτια.
1274 3536 1415 3588 Ἀλλ’
1447 3534 1566 3587 οὐδὲ
1593 3534 1787 3602 ἀρχια·

216 3632 387 3700 τροῦς
430 3630 738 3701 παρεχώρει
790 3630 1033 3699 γίνεσθαι
1065 3629 1191 3691 τοὺς
1234 3628 1512 3688 διακόνους
1569 3625 1601 3692 ἢ
1657 3625 1784 3686 τοὺς

223 3725 414 3791 ἱερεῖς,
449 3722 623 3788 λέγων
652 3724 967 3775 ἀνένδεκτον
1012 3715 1151 3773 εἶναι
1178 3720 1303 3779 τοὺς
1331 3718 1467 3786 μετὰ
1499 3714 1788 3784 φαινολίων

220 3817 319 3868 καὶ
341 3815 636 3883 στιχαρίων
655 3816 725 3867 τά
748 3816 877 3879 ᾶγια
930 3810 1484 3881 μεταχειριζομένους
1512 3806 1786 3875 κοσμικὰς

220 3905 419 3964 στολὰς
449 3901 873 3963 ἐνδιδύσκεςθαι,
899 3902 992 3952 καὶ
1025 3898 1163 3967 μετά
1194 3897 1401 3948 λαῖκῶν
1435 3894 1662 3961 ἀνδρῶν,
1682 3893 1790 3944 τῶν

220 3994 429 4063 ἰατρῶν
454 3993 681 4062 δηλαδὴ,
706 3989 1142 4061 προπομπεύειν.
1183 3988 1306 4039 Ἐπὶ
1332 3986 1545 4046 τούτοις
1567 3998 1790 4051 νενομο-

218 4084 448 4150 θέτηται
480 4082 633 4148 παρὰ
659 4080 769 4131 τῶν
798 4079 968 4139 ἀγίων
996 4076 1259 4146 Πατέρων
1286 4076 1408 4135 τοὺς
1439 4071 1789 4138 ἀναγνώστας

219 4178 283 4228 ἐν
306 4174 387 4241 τῷ
418 4172 594 4242 καιρῷ
622 4173 721 4239 τῆς
747 4169 891 4238 ἥϐης
916 4169 1055 4236 μετά
1078 4169 1170 4220 τὸν
1203 4166 1262 4219 ιδ’
1286 4164 1530 4217 ἐνιαυτὸν
1552 4161 1792 4228 ἀναγκά-

219 4265 418 4328 ζεσθαι
469 4264 502 4332 ἢ
564 4262 725 4329 γάμῳ
757 4259 1013 4329 ὁμιλῆσαι
1059 4258 1092 4328 ἢ
1143 4255 1387 4325 ἀγαμίαν
1434 4250 1787 4320 ὑποσχέσθαι.

218 4355 396 4407 Τοῦτο
416 4355 472 4406 δὲ
504 4358 551 4405 εί
582 4354 731 4421 παρά
758 4353 868 4411 τοῖς
894 4352 951 4401 ἐν
979 4350 1046 4419 τῇ
1090 4348 1321 4416 ’Δφρικῇ
1346 4346 1670 4413 ἐκράτησεν,
1690 4341 1789 4392 οὐκ

1895 3188 2064 3240 simus
2096 3194 2275 3238 autem
2297 3180 2613 3249 patriarcha
2648 3174 2895 3229 dominus
2936 3171 3109 3224 Lucas
3147 3172 3452 3235 unguenta-

1895 3277 2004 3328 rias
2037 3286 2252 3340 quoque
2281 3268 2521 3322 oilicinas
2549 3275 2603 3317 et
2637 3263 2828 3315 balnea
2864 3260 3035 3327 turpis
3068 3270 3185 3311 esse
3207 3262 3449 3322 quaesms

1894 3338 2125 3424 diccbat,
2154 3367 2211 3411 ut
2243 3372 2361 3427 qua:
2396 3354 2657 3410 mendacii
2682 3365 2893 3419 quoque
2919 3361 3096 3401 causa:
3113 3351 3314 3399 essent.
3345 3338 3448 3394 Sed

1895 3468 1995 3507 nec
2020 3451 2323 3507 archiatros
2354 3447 2469 3501 ileri
2502 3444 2710 3499 sinebat
2735 3443 2993 3496 diaconos
3009 3437 3091 3492 vel
3119 3433 3451 3493 sacerdotes,

1895 3545 2082 3597 dicens
2114 3555 2219 3593 non
2254 3552 2374 3592 esse
2412 3535 2715 3595 ferendum,
2749 3542 2804 3583 ut
2862 3530 2953 3599 qui
2992 3543 3114 3581 cum
3168 3522 3360 3578 infulis
3397 3530 3451 3574 et

1895 3630 2095 3686 casulis
2127 3636 2311 3682 sancta
2376 3632 2636 3687 tractant,
2677 3620 3029 3675 szecularibus
3081 3615 3319 3670 vestibus
3373 3611 3438 3665 in-

1896 3724 2147 3781 duantur,
2173 3726 2229 3771 et
2256 3732 2376 3771 cum
2404 3715 2575 3776 laicis,
2596 3714 2729 3768 viris
2758 3712 2964 3765 scilicet
3008 3707 3254 3771 medicis,
3298 3706 3438 3758 ince-

1898 3814 2043 3867 dant.
2076 3812 2271 3866 Postea
2304 3818 2479 3862 autem
2511 3814 2727 3860 cautum
2761 3814 2842 3857 est
2877 3818 2905 3855 a
2943 3801 3144 3855 sanctis
3178 3796 3448 3857 Patribus,

1899 3915 1957 3955 ut
1987 3902 2220 3955 lectores
2250 3900 2301 3951 in
2329 3909 2572 3965 tempore
2603 3893 2899 3963 pubertatis
2929 3900 3049 3960 post
3070 3902 3268 3943 annum
3290 3899 3454 3954 quar~

1902 4002 2009 4043 tum
2037 3990 2304 4043 decimum
2329 3996 2592 4054 cogantur
2613 3983 2694 4038 vel
2722 3980 3067 4036 matrimonio
3097 3977 3343 4044 conjungi
3374 3975 3454 4028 vel

1898 4080 2204 4135 caelibatum
2240 4076 2501 4145 proﬁteri.
2533 4077 2613 4128 An
2649 4074 2751 4127 hoc
2779 4081 2958 4126 autem
2996 4070 3132 4137 apud
3166 4067 3456 4121 Africanos

1899 4171 2238 4224 observatum
2273 4166 2365 4231 sit,
2412 4166 2594 4218 nescio
2628 4180 2641 4216 :
2683 4162 2776 4216 sed
2831 4162 2968 4229 apud
3019 4159 3150 4212 alias
3188 4156 3458 4211 Ecclesias

1900 4273 2004 4312 non
2034 4266 2298 4311 servatur.
2326 4254 2586 4309 Existimo
2616 4261 2819 4310 autem.
2843 4248 2984 4318 quod
3014 4263 3113 4300 nec
3145 4246 3197 4299 in
3226 4245 3329 4298 ulla
3361 4259 3461 4295 uu-

1898 4359 2055 4415 quam
2095 4343 2313 4411 regione
2346 4344 2446 4396 hoc
2478 4348 2749 4396 servatum
2779 4340 2845 4393 sit
2870 4355 2885 4403 ;
2909 4347 2967 4389 ut
2998 4336 3135 4404 quod
3160 4333 3455 4400 apostolico

219 4442 364 4507 οἶδα,
416 4444 571 4513 παρὰ
599 4444 657 4495 δὲ
705 4445 823 4503 ταῖς
858 4441 1047 4501 ἄλλαις
1099 4436 1421 4506 ἐκκλησίαις
1452 4435 1512 4486 οὐ
1568 4432 1787 4502 κρατεῖ,

1898 4444 2049 4489 sexto
2076 4432 2272 4487 canoni
2302 4431 2638 4495 adversetur,
2670 4428 2760 4495 qui
2818 4425 3079 4486 decernit,
3124 4434 3181 4473 ut
3225 4422 3457 4474 lectores

219 4533 452 4605 Νομίζω
483 4534 540 4585 δὲ
563 4534 645 4585 ὅτι
676 4532 798 4584 οὐδὲ
827 4532 883 4582 εν
926 4547 1033 4582 τινι
1090 4527 1242 4597 χώρᾳ
1292 4526 1452 4579 τοῦτο
1513 4521 1788 4593 ἐκράτησᾶ

223 4641 382 4685 ποτε,
412 4623 490 4685 ὡς
536 4621 949 4689 ἐναντιούμενον
993 4618 1071 4687 τῷ
1101 4615 1439 4685 ἀποστολικῷ
1493 4620 1545 4678 ς’
1578 4615 1785 4677 κανόνι,

221 4713 304 4782 τῷ
329 4713 566 4782 ὁρίζοντι
623 4710 972 4778 ἀναγνώστας
1026 4708 1118 4761 καὶ
1145 4706 1375 4775 ψάλτας.
1427 4706 1520 4756 καὶ
1556 4703 1694 4765 μετὰ
1728 4703 1788 4754 τὸ

222 4805 309 4865 είς
339 4804 542 4871 κλῆρον
574 4801 878 4870 προελθεῖν,
900 4802 1116 4867 γαμεῖν,
1150 4799 1242 4850 καὶ
1278 4798 1353 4865 μὴ
1389 4795 1581 4863 καιρὸν
1604 4796 1787 4855 αὐτοῖς

222 4896 411 4961 γάμου
470 4891 729 4959 ὁρίζοντι,
781 4892 917 4958 μήτε
968 4890 1297 4958 ἐγκράτειαν
1358 4883 1789 4951 ἐπαγγέλλεσθαι

223 4983 575 5038 ἀπαιτοῦντι.
597 4981 673 5032 Τὸ
700 4980 757 5032 δὲ
788 4972 1053 5042 δανείζειν
1100 4978 1225 5038 τοὺς
1255 4976 1549 5044 κληρικοὺς
1592 4974 1684 5025 ἐπὶ
1708 4974 1795 5025 τό-

224 5093 349 5137 κοις
377 5072 568 5127 πολλοὶ
595 5070 817 5131 κανόνες
849 5068 1281 5137 ἀπαγορεύουσι.
1313 5067 1423 5119 Καὶ
1448 5068 1477 5118 ὁ
1520 5066 1712 5136 παρὼν
1739 5065 1793 5116 δὲ

226 5161 414 5216 κανὼν
444 5162 504 5213 οὐ
531 5161 695 5229 μόνον
722 5160 847 5220 τοὺς
875 5157 967 5210 τοῦ
1003 5157 1266 5226 βήματος,
1302 5154 1439 5207 ἀλλά
1465 5157 1560 5208 καὶ
1590 5154 1795 5215 πάντας

224 5258 358 5317 τοὺς
378 5255 677 5321 κληρικοὺς
711 5251 947 5315 τοκίζειν
994 5249 1291 5320 ἐμποδίζει.
1329 5249 1453 5300 Ὅτι
1482 5248 1537 5299 δὲ
1564 5247 1671 5299 τῶν
1703 5247 1794 5297 τό·

225 5364 346 5399 κων
392 5348 486 5398 ἐπὶ
534 5343 735 5411 δανείῳ
785 5342 1131 5410 νομισμάτων
1183 5339 1481 5407 δεδομένων
1522 5338 1668 5399 εἰκὸς
1723 5333 1794 5404 ἦν

225 5436 413 5487 εἰπεῖν
430 5450 587 5494 τινας
616 5430 779 5483 τοῦτο
809 5430 905 5499 μὲν
937 5426 1075 5482 εἷναι
1102 5429 1501 5496 κεκωλυμένον,
1546 5427 1607 5477 τὸ
1636 5426 1691 5477 δὲ
1722 5425 1797 5475 δι-

223 5524 384 5576 δόναι
406 5523 554 5575 σῖτον
592 5522 627 5589 ἢ
650 5520 841 5588 ἕτερον
862 5516 1017 5584 εἶδος,
1055 5519 1146 5572 καὶ
1171 5517 1467 5587 λαμϐάνειν
1500 5515 1679 5569 πλεῖον
1703 5514 1794 5565 τοῦ

308 5697 357 5727 ⁷⁸
386 5693 529 5748 Tim.
567 5711 628 5757 tt,
676 5695 727 5747 τι.

1897 4534 1952 4578 et
2004 4532 2273 4583 cantores,
2334 4520 2497 4573 etiam
2549 4528 2830 4587 postquam
2884 4515 2936 4567 in
2979 4513 3178 4566 clerum
3218 4508 3456 4579 provecti

1899 4614 2122 4677 iuerint,
2157 4625 2357 4667 uxores
2383 4611 2601 4670 ducent,
2630 4616 2683 4661 et
2710 4620 2808 4661 nec
2829 4619 3050 4659 uxorem
3069 4601 3296 4656 ducendi
3321 4612 3458 4653 tem-

1896 4720 1996 4774 pus
2024 4703 2230 4764 deﬂuit,
2270 4714 2388 4764 nec,
2416 4709 2473 4752 ut
2507 4697 2896 4752 continentiam
2930 4693 3307 4763 profiteantur,
3339 4690 3455 4743 exi-

1899 4798 1997 4864 git.
2028 4795 2168 4847 Dare
2192 4802 2367 4846 autem
2391 4790 2671 4859 pecuniam
2692 4797 2933 4841 mutuam
2958 4786 3020 4837 ad
3046 4796 3266 4835 usuram
3301 4780 3451 4832 multi

1894 4899 2131 4940 canones
2159 4880 2371 4937 clericis
2400 4880 2708 4949 prohibent.
2737 4878 2984 4931 Praesens
3006 4886 3221 4939 quoque
3254 4884 3452 4927 canon.

1895 4990 2001 5029 non
2032 4973 2205 5028 solum
2232 4986 2329 5026 eos
2358 4971 2448 5038 qui
2501 4977 2629 5021 sunt
2666 4980 2697 5019 e
2733 4964 3007 5027 tribunali,
3033 4962 3126 5016 scd
3163 4971 3214 5013 et
3266 4971 3456 5010 omnes

1896 5066 2122 5118 clericos
2156 5060 2392 5115 fenerari
2424 5057 2695 5129 prohibet.
2726 5055 2859 5120 Quia
2894 5062 3095 5113 autem,
3125 5064 3246 5103 cum
3278 5060 3454 5099 usurae

1896 5154 2161 5208 dabantur
2190 5152 2260 5204 ob
2296 5149 2549 5218 pecunias
2578 5154 2763 5199 mutuo
2792 5144 2964 5205 datas,
2997 5136 3291 5193 verisimile
3335 5142 3455 5187 erat

1900 5244 2080 5297 dicere
2116 5242 2324 5310 aliquos
2355 5241 2457 5294 hoc
2489 5238 2701 5307 quidem
2760 5249 2880 5287 esse
2913 5228 3274 5298 prohibitum;
3317 5224 3447 5275 dare

1903 5341 2081 5385 autem
2114 5330 2447 5383 frumentum
2490 5328 2574 5382 vel
2624 5326 2856 5393 aliquam
2890 5322 3049 5374 aliam
3104 5316 3361 5385 speciem,
3398 5322 3452 5368 et

1913 5422 2032 5489 plus
2061 5419 2304 5487 accipere
2336 5433 2495 5486 quam
2527 5417 2709 5471 datum
2779 5415 2867 5476 sit,
2899 5425 3003 5463 non
3034 5424 3155 5463 esse
3208 5407 3449 5475 prohibi-

1908 5504 2017 5565 tum
2060 5527 2072 5562 :
2107 5509 2297 5563 Patres
2338 5510 2436 5563 hoc
2475 5521 2689 5577 quoque
2734 5516 2983 5571 expresse
3036 5498 3448 5567 prohibuerunt.
