  <div class='ocr_page' id='page_1' title='image "/cluster/home/n/w/nwhite01/storage/ocr_20150623/138/uva.x030486987/067.png"; bbox 0 0 4114 6450; ppageno 0'>
   <div class='ocr_carea' id='block_1_1' title="bbox 701 327 2223 420">
    <p class='ocr_par' dir='ltr' id='par_1_1' title="bbox 701 327 2211 403">
     <span class='ocr_line' id='line_1_1' title="bbox 701 327 2211 403; baseline 0 -1"><span class='ocrx_word' id='word_1_1' title='bbox 701 327 774 391; x_wconf 80' lang='grc'><strong>8⁸1</strong></span> <span class='ocrx_word' id='word_1_2' title='bbox 1940 344 2211 403; x_wconf 80' lang='grc' dir='ltr'>ΤιιΕοι).</span> 
     </span>
    </p>
   </div>
   <div class='ocr_carea' id='block_1_2' title="bbox 2328 327 3882 420">
    <p class='ocr_par' dir='ltr' id='par_1_2' title="bbox 2328 348 3882 420">
     <span class='ocr_line' id='line_1_2' title="bbox 2328 348 3882 420; baseline 0.01 -15"><span class='ocrx_word' id='word_1_3' title='bbox 2328 348 2651 415; x_wconf 79' lang='lat' dir='ltr'><strong>lLSAMON</strong></span> <span class='ocrx_word' id='word_1_4' title='bbox 3806 357 3882 420; x_wconf 78' lang='grc'><strong>88</strong></span> 
     </span>
    </p>
   </div>
   <div class='ocr_carea' id='block_1_3' title="bbox 702 436 2223 540">
    <p class='ocr_par' dir='ltr' id='par_1_3' title="bbox 702 436 2223 518">
     <span class='ocr_line' id='line_1_3' title="bbox 702 436 2223 518; baseline 0.005 -27"><span class='ocrx_word' id='word_1_5' title='bbox 702 436 806 491; x_wconf 84' lang='lat' dir='ltr'><strong>Sed</strong></span> <span class='ocrx_word' id='word_1_6' title='bbox 839 451 889 491; x_wconf 90' lang='lat' dir='ltr'><strong>ct</strong></span> <span class='ocrx_word' id='word_1_7' title='bbox 923 439 1074 506; x_wconf 72' lang='lat' dir='ltr'><strong>illud,</strong></span> <span class='ocrx_word' id='word_1_8' title='bbox 1131 454 1254 498; x_wconf 86' lang='lat' dir='ltr'><strong>ante</strong></span> <span class='ocrx_word' id='word_1_9' title='bbox 1311 448 1603 516; x_wconf 78' lang='lat' dir='ltr'><strong>completos</strong></span> <span class='ocrx_word' id='word_1_10' title='bbox 1665 452 1896 518; x_wconf 84' lang='lat' dir='ltr'><strong>quinque</strong></span> <span class='ocrx_word' id='word_1_11' title='bbox 1943 461 1994 503; x_wconf 91' lang='lat' dir='ltr'><strong>et</strong></span> <span class='ocrx_word' id='word_1_12' title='bbox 2047 450 2223 517; x_wconf 63' lang='lat' dir='ltr'><strong>viginti</strong></span> 
     </span>
    </p>
   </div>
   <div class='ocr_carea' id='block_1_4' title="bbox 2328 436 3882 540">
    <p class='ocr_par' dir='ltr' id='par_1_4' title="bbox 2336 458 3882 540">
     <span class='ocr_line' id='line_1_4' title="bbox 2336 458 3882 540; baseline 0.01 -32"><span class='ocrx_word' id='word_1_13' title='bbox 2336 458 2599 522; x_wconf 80' lang='grc' dir='ltr'>δοθέντος,</span> <span class='ocrx_word' id='word_1_14' title='bbox 2630 463 2702 530; x_wconf 81' lang='grc' dir='ltr'>μὴ</span> <span class='ocrx_word' id='word_1_15' title='bbox 2737 464 3196 537; x_wconf 82' lang='grc' dir='ltr'>ἀπαγορευθῆναι,</span> <span class='ocrx_word' id='word_1_16' title='bbox 3242 469 3522 524; x_wconf 76' lang='grc' dir='ltr'>ἐκώλυσαν</span> <span class='ocrx_word' id='word_1_17' title='bbox 3545 473 3592 524; x_wconf 88' lang='grc' dir='ltr'><strong>οί</strong></span> <span class='ocrx_word' id='word_1_18' title='bbox 3638 470 3882 540; x_wconf 76' lang='grc' dir='ltr'>Πατέρις</span> 
     </span>
    </p>
   </div>
   <div class='ocr_carea' id='block_1_5' title="bbox 700 533 2239 601">
    <p class='ocr_par' dir='ltr' id='par_1_5' title="bbox 700 533 2239 601">
     <span class='ocr_line' id='line_1_5' title="bbox 700 533 2239 601; baseline 0.01 -24"><span class='ocrx_word' id='word_1_19' title='bbox 700 541 870 580; x_wconf 90' lang='lat' dir='ltr'><strong>annos</strong></span> <span class='ocrx_word' id='word_1_20' title='bbox 900 544 1005 581; x_wconf 93' lang='lat' dir='ltr'><strong>non</strong></span> <span class='ocrx_word' id='word_1_21' title='bbox 1040 533 1274 584; x_wconf 87' lang='lat' dir='ltr'><strong>ordinari</strong></span> <span class='ocrx_word' id='word_1_22' title='bbox 1303 535 1610 601; x_wconf 85' lang='lat' dir='ltr'><strong>diaconum,</strong></span> <span class='ocrx_word' id='word_1_23' title='bbox 1659 541 1708 591; x_wconf 92' lang='lat' dir='ltr'><strong>in</strong></span> <span class='ocrx_word' id='word_1_24' title='bbox 1763 541 1986 592; x_wconf 79' lang='lat' dir='ltr'><strong>diversis</strong></span> <span class='ocrx_word' id='word_1_25' title='bbox 2019 539 2239 593; x_wconf 87' lang='lat' dir='ltr'><strong>canoni-</strong></span> 
     </span>
    </p>
   </div>
   <div class='ocr_carea' id='block_1_6' title="bbox 697 615 2235 690">
    <p class='ocr_par' dir='ltr' id='par_1_6' title="bbox 697 615 2235 690">
     <span class='ocr_line' id='line_1_6' title="bbox 697 615 2235 690; baseline 0.008 -22"><span class='ocrx_word' id='word_1_26' title='bbox 697 615 796 669; x_wconf 86' lang='lat' dir='ltr'><strong>bus</strong></span> <span class='ocrx_word' id='word_1_27' title='bbox 821 619 1090 672; x_wconf 86' lang='lat' dir='ltr'><strong>decretum</strong></span> <span class='ocrx_word' id='word_1_28' title='bbox 1125 633 1225 675; x_wconf 87' lang='lat' dir='ltr'><strong>est.</strong></span> <span class='ocrx_word' id='word_1_29' title='bbox 1255 624 1584 679; x_wconf 82' lang='lat' dir='ltr'><strong>Proltibitum</strong></span> <span class='ocrx_word' id='word_1_30' title='bbox 1611 641 1695 681; x_wconf 83' lang='lat' dir='ltr'><strong>est</strong></span> <span class='ocrx_word' id='word_1_31' title='bbox 1722 637 1898 682; x_wconf 91' lang='lat' dir='ltr'><strong>autem</strong></span> <span class='ocrx_word' id='word_1_32' title='bbox 1925 629 2235 690; x_wconf 76' lang='lat' dir='ltr'><strong>lectoribus,</strong></span> 
     </span>
    </p>
   </div>
   <div class='ocr_carea' id='block_1_7' title="bbox 696 713 2235 785">
    <p class='ocr_par' dir='ltr' id='par_1_7' title="bbox 696 713 2235 785">
     <span class='ocr_line' id='line_1_7' title="bbox 696 713 2235 785; baseline 0.008 -28"><span class='ocrx_word' id='word_1_33' title='bbox 696 722 762 759; x_wconf 85' lang='lat' dir='ltr'><strong>ne</strong></span> <span class='ocrx_word' id='word_1_34' title='bbox 793 713 1006 775; x_wconf 69' lang='lat' dir='ltr'><strong>mpleto</strong></span> <span class='ocrx_word' id='word_1_35' title='bbox 1059 714 1357 767; x_wconf 90' lang='lat' dir='ltr'><strong>ministerio</strong></span> <span class='ocrx_word' id='word_1_36' title='bbox 1403 721 1468 769; x_wconf 87' lang='lat' dir='ltr'><strong>ad</strong></span> <span class='ocrx_word' id='word_1_37' title='bbox 1509 719 1758 785; x_wconf 84' lang='lat' dir='ltr'><strong>populum</strong></span> <span class='ocrx_word' id='word_1_38' title='bbox 1820 720 2065 772; x_wconf 81' lang='lat' dir='ltr'><strong>conversi</strong></span> <span class='ocrx_word' id='word_1_39' title='bbox 2115 733 2235 772; x_wconf 89' lang='lat' dir='ltr'><strong>cum</strong></span> 
     </span>
    </p>
   </div>
   <div class='ocr_carea' id='block_1_8' title="bbox 2340 545 3883 629">
    <p class='ocr_par' dir='ltr' id='par_1_8' title="bbox 2340 545 3883 629">
     <span class='ocr_line' id='line_1_8' title="bbox 2340 545 3883 629; baseline 0.01 -33"><span class='ocrx_word' id='word_1_40' title='bbox 2340 545 2516 610; x_wconf 77' lang='grc' dir='ltr'>ρητῶς</span> <span class='ocrx_word' id='word_1_41' title='bbox 2546 550 2636 599; x_wconf 75' lang='grc' dir='ltr'><strong>καὶ</strong></span> <span class='ocrx_word' id='word_1_42' title='bbox 2671 551 2844 604; x_wconf 88' lang='grc' dir='ltr'>τοῦτο.</span> <span class='ocrx_word' id='word_1_43' title='bbox 2887 554 3044 608; x_wconf 77' lang='grc' dir='ltr'>’Λλλά</span> <span class='ocrx_word' id='word_1_44' title='bbox 3070 560 3162 609; x_wconf 77' lang='grc' dir='ltr'>καὶ</span> <span class='ocrx_word' id='word_1_45' title='bbox 3188 557 3249 610; x_wconf 85' lang='grc' dir='ltr'><strong>τδ</strong></span> <span class='ocrx_word' id='word_1_46' title='bbox 3281 560 3388 629; x_wconf 76' lang='grc' dir='ltr'><strong>πρὸ</strong></span> <span class='ocrx_word' id='word_1_47' title='bbox 3437 560 3883 629; x_wconf 83' lang='grc' dir='ltr'>συμπληρὼσιως</span> 
     </span>
    </p>
   </div>
   <div class='ocr_carea' id='block_1_9' title="bbox 2339 631 3882 719">
    <p class='ocr_par' dir='ltr' id='par_1_9' title="bbox 2339 631 3882 719">
     <span class='ocr_line' id='line_1_9' title="bbox 2339 631 3882 719; baseline 0.018 -37"><span class='ocrx_word' id='word_1_48' title='bbox 2339 631 2415 684; x_wconf 82' lang='grc' dir='ltr'>κε’</span> <span class='ocrx_word' id='word_1_49' title='bbox 2441 635 2697 691; x_wconf 79' lang='grc' dir='ltr'><strong>ἐνιαυτῶν</strong></span> <span class='ocrx_word' id='word_1_50' title='bbox 2720 642 2793 711; x_wconf 84' lang='grc' dir='ltr'><strong>μὴ</strong></span> <span class='ocrx_word' id='word_1_51' title='bbox 2819 649 3238 712; x_wconf 81' lang='grc' dir='ltr'><strong>χειροτονεῖσθαι</strong></span> <span class='ocrx_word' id='word_1_52' title='bbox 3265 651 3510 703; x_wconf 80' lang='grc' dir='ltr'>διάκονον</span> <span class='ocrx_word' id='word_1_53' title='bbox 3533 652 3590 702; x_wconf 79' lang='grc' dir='ltr'><strong>ἐν</strong></span> <span class='ocrx_word' id='word_1_54' title='bbox 3605 650 3882 719; x_wconf 79' lang='grc' dir='ltr'><strong>διαφόροις</strong></span> 
     </span>
    </p>
   </div>
   <div class='ocr_carea' id='block_1_10' title="bbox 2337 721 3879 803">
    <p class='ocr_par' dir='ltr' id='par_1_10' title="bbox 2337 721 3879 803">
     <span class='ocr_line' id='line_1_10' title="bbox 2337 721 3879 803; baseline 0.021 -36"><span class='ocrx_word' id='word_1_55' title='bbox 2337 721 2556 773; x_wconf 78' lang='grc' dir='ltr'><strong>κανόσιν</strong></span> <span class='ocrx_word' id='word_1_56' title='bbox 2575 723 2823 792; x_wconf 85' lang='grc' dir='ltr'>ὥρισται.</span> <span class='ocrx_word' id='word_1_57' title='bbox 2841 732 3238 800; x_wconf 78' lang='grc' dir='ltr'>’Δπηγόρευται</span> <span class='ocrx_word' id='word_1_58' title='bbox 3264 736 3319 787; x_wconf 77' lang='grc' dir='ltr'>δὲ</span> <span class='ocrx_word' id='word_1_59' title='bbox 3344 742 3453 798; x_wconf 87' lang='grc' dir='ltr'>τοῖς</span> <span class='ocrx_word' id='word_1_60' title='bbox 3479 737 3879 803; x_wconf 77' lang='grc' dir='ltr'>ἀναγνώσταιςο</span> 
     </span>
    </p>
   </div>
   <div class='ocr_carea' id='block_1_11' title="bbox 693 795 2223 892">
    <p class='ocr_par' dir='ltr' id='par_1_11' title="bbox 693 795 2223 868">
     <span class='ocr_line' id='line_1_11' title="bbox 693 795 2223 868; baseline 0.006 -22"><span class='ocrx_word' id='word_1_61' title='bbox 693 795 925 848; x_wconf 76' lang='lat' dir='ltr'><strong>salutent</strong></span> <span class='ocrx_word' id='word_1_62' title='bbox 964 815 976 849; x_wconf 91' lang='lat'><strong>:</strong></span> <span class='ocrx_word' id='word_1_63' title='bbox 1009 810 1064 851; x_wconf 93' lang='lat' dir='ltr'><strong>ttt</strong></span> <span class='ocrx_word' id='word_1_64' title='bbox 1096 802 1185 868; x_wconf 87' lang='lat' dir='ltr'><strong>qui</strong></span> <span class='ocrx_word' id='word_1_65' title='bbox 1243 803 1386 856; x_wconf 87' lang='lat' dir='ltr'><strong>solos</strong></span> <span class='ocrx_word' id='word_1_66' title='bbox 1427 815 1555 857; x_wconf 91' lang='lat' dir='ltr'><strong>tunc</strong></span> <span class='ocrx_word' id='word_1_67' title='bbox 1607 805 1800 858; x_wconf 87' lang='lat' dir='ltr'><strong>debent</strong></span> <span class='ocrx_word' id='word_1_68' title='bbox 1833 805 2136 858; x_wconf 79' lang='lat' dir='ltr'><strong>sacerdotes</strong></span> <span class='ocrx_word' id='word_1_69' title='bbox 2184 815 2223 855; x_wconf 83' lang='lat' dir='ltr'><strong>el</strong></span> 
     </span>
    </p>
   </div>
   <div class='ocr_carea' id='block_1_12' title="bbox 2328 795 3883 892">
    <p class='ocr_par' dir='ltr' id='par_1_12' title="bbox 2336 795 3883 892">
     <span class='ocr_line' id='line_1_12' title="bbox 2336 795 3883 892; baseline 0.012 -35"><span class='ocrx_word' id='word_1_70' title='bbox 2336 807 2392 859; x_wconf 80' lang='grc' dir='ltr'><strong>ἐν</strong></span> <span class='ocrx_word' id='word_1_71' title='bbox 2421 810 2498 876; x_wconf 83' lang='grc' dir='ltr'>τῷ</span> <span class='ocrx_word' id='word_1_72' title='bbox 2529 811 2764 881; x_wconf 82' lang='grc' dir='ltr'>πληροῦν</span> <span class='ocrx_word' id='word_1_73' title='bbox 2787 819 2884 884; x_wconf 76' lang='grc' dir='ltr'><strong>τὴν</strong></span> <span class='ocrx_word' id='word_1_74' title='bbox 2904 795 3178 873; x_wconf 73' lang='grc' dir='ltr'>διακονίαν</span> <span class='ocrx_word' id='word_1_75' title='bbox 3205 823 3382 875; x_wconf 83' lang='grc' dir='ltr'>αὐτῶν</span> <span class='ocrx_word' id='word_1_76' title='bbox 3400 795 3723 892; x_wconf 63' lang='grc' dir='ltr'>στρέφεσθαι</span> <span class='ocrx_word' id='word_1_77' title='bbox 3741 795 3883 890; x_wconf 74' lang='grc' dir='ltr'>πρδς</span> 
     </span>
    </p>
   </div>
   <div class='ocr_carea' id='block_1_13' title="bbox 691 885 2236 958">
    <p class='ocr_par' dir='ltr' id='par_1_13' title="bbox 691 885 2236 958">
     <span class='ocr_line' id='line_1_13' title="bbox 691 885 2236 958; baseline 0.003 -22"><span class='ocrx_word' id='word_1_78' title='bbox 691 885 962 940; x_wconf 80' lang='lat' dir='ltr'><strong>antistites</strong></span> <span class='ocrx_word' id='word_1_79' title='bbox 997 888 1242 950; x_wconf 90' lang='lat' dir='ltr'><strong>adorare,</strong></span> <span class='ocrx_word' id='word_1_80' title='bbox 1293 899 1345 942; x_wconf 90' lang='lat' dir='ltr'><strong>et</strong></span> <span class='ocrx_word' id='word_1_81' title='bbox 1395 905 1502 943; x_wconf 89' lang='lat' dir='ltr'><strong>non</strong></span> <span class='ocrx_word' id='word_1_82' title='bbox 1534 892 1698 944; x_wconf 90' lang='lat' dir='ltr'><strong>laicos</strong></span> <span class='ocrx_word' id='word_1_83' title='bbox 1752 894 1840 958; x_wconf 92' lang='lat' dir='ltr'><strong>qni</strong></span> <span class='ocrx_word' id='word_1_84' title='bbox 1900 891 1952 942; x_wconf 90' lang='lat' dir='ltr'><strong>in</strong></span> <span class='ocrx_word' id='word_1_85' title='bbox 2010 889 2236 943; x_wconf 80' lang='lat' dir='ltr'><strong>ecclesia</strong></span> 
     </span>
    </p>
   </div>
   <div class='ocr_carea' id='block_1_14' title="bbox 687 982 2236 1050">
    <p class='ocr_par' dir='ltr' id='par_1_14' title="bbox 687 982 2236 1050">
     <span class='ocr_line' id='line_1_14' title="bbox 687 982 2236 1050; baseline 0.004 -22"><span class='ocrx_word' id='word_1_86' title='bbox 687 989 1102 1045; x_wconf 77' lang='lat' dir='ltr'><strong>congregantur.</strong></span> <span class='ocrx_word' id='word_1_87' title='bbox 1139 982 1240 1048; x_wconf 89' lang='lat' dir='ltr'><strong>Ipsi</strong></span> <span class='ocrx_word' id='word_1_88' title='bbox 1271 983 1412 1036; x_wconf 90' lang='lat' dir='ltr'><strong>enim</strong></span> <span class='ocrx_word' id='word_1_89' title='bbox 1439 993 1565 1037; x_wconf 88' lang='lat' dir='ltr'><strong>sunt</strong></span> <span class='ocrx_word' id='word_1_90' title='bbox 1595 987 1789 1036; x_wconf 81' lang='lat' dir='ltr'><strong>sacrati</strong></span> <span class='ocrx_word' id='word_1_91' title='bbox 1821 1001 1835 1036; x_wconf 90' lang='lat'><strong>:</strong></span> <span class='ocrx_word' id='word_1_92' title='bbox 1863 983 2086 1050; x_wconf 90' lang='lat' dir='ltr'><strong>populus</strong></span> <span class='ocrx_word' id='word_1_93' title='bbox 2107 995 2236 1034; x_wconf 89' lang='lat' dir='ltr'><strong>vero</strong></span> 
     </span>
    </p>
   </div>
   <div class='ocr_carea' id='block_1_15' title="bbox 687 1069 2236 1138">
    <p class='ocr_par' dir='ltr' id='par_1_15' title="bbox 687 1069 2236 1138">
     <span class='ocr_line' id='line_1_15' title="bbox 687 1069 2236 1138; baseline 0.005 -20"><span class='ocrx_word' id='word_1_94' title='bbox 687 1069 878 1135; x_wconf 87' lang='lat' dir='ltr'><strong>procul</strong></span> <span class='ocrx_word' id='word_1_95' title='bbox 925 1080 1006 1125; x_wconf 88' lang='lat' dir='ltr'><strong>est</strong></span> <span class='ocrx_word' id='word_1_96' title='bbox 1035 1087 1063 1122; x_wconf 92' lang='lat' dir='ltr'><strong>a</strong></span> <span class='ocrx_word' id='word_1_97' title='bbox 1103 1073 1404 1126; x_wconf 87' lang='lat' dir='ltr'><strong>sacerd0tio</strong></span> <span class='ocrx_word' id='word_1_98' title='bbox 1452 1082 1506 1126; x_wconf 92' lang='lat' dir='ltr'><strong>et</strong></span> <span class='ocrx_word' id='word_1_99' title='bbox 1543 1076 1968 1128; x_wconf 84' lang='lat' dir='ltr'><strong>consecratione.</strong></span> <span class='ocrx_word' id='word_1_100' title='bbox 2004 1074 2082 1126; x_wconf 77' lang='lat' dir='ltr'><strong>Ac</strong></span> <span class='ocrx_word' id='word_1_101' title='bbox 2122 1073 2236 1138; x_wconf 89' lang='lat' dir='ltr'><strong>ipse</strong></span> 
     </span>
    </p>
   </div>
   <div class='ocr_carea' id='block_1_16' title="bbox 686 1160 2232 1232">
    <p class='ocr_par' dir='ltr' id='par_1_16' title="bbox 686 1160 2232 1232">
     <span class='ocr_line' id='line_1_16' title="bbox 686 1160 2232 1232; baseline 0.002 -21"><span class='ocrx_word' id='word_1_102' title='bbox 686 1160 862 1225; x_wconf 82' lang='lat' dir='ltr'><strong>potius</strong></span> <span class='ocrx_word' id='word_1_103' title='bbox 896 1160 1121 1216; x_wconf 85' lang='lat' dir='ltr'><strong>lectores</strong></span> <span class='ocrx_word' id='word_1_104' title='bbox 1150 1163 1376 1217; x_wconf 89' lang='lat' dir='ltr'><strong>adorare</strong></span> <span class='ocrx_word' id='word_1_105' title='bbox 1401 1164 1617 1218; x_wconf 85' lang='lat' dir='ltr'><strong>deberet</strong></span> <span class='ocrx_word' id='word_1_106' title='bbox 1641 1174 1856 1232; x_wconf 80' lang='lat' dir='ltr'><strong>propter</strong></span> <span class='ocrx_word' id='word_1_107' title='bbox 1876 1163 2232 1216; x_wconf 90' lang='lat' dir='ltr'><strong>ministerium</strong></span> 
     </span>
    </p>
   </div>
   <div class='ocr_carea' id='block_1_17' title="bbox 685 1250 2229 1320">
    <p class='ocr_par' dir='ltr' id='par_1_17' title="bbox 685 1250 2229 1320">
     <span class='ocr_line' id='line_1_17' title="bbox 685 1250 2229 1320; baseline 0.003 -21"><span class='ocrx_word' id='word_1_108' title='bbox 685 1264 894 1301; x_wconf 87' lang='lat' dir='ltr'><strong>eorum.</strong></span> <span class='ocrx_word' id='word_1_109' title='bbox 930 1250 1069 1319; x_wconf 82' lang='lat' dir='ltr'><strong>Lege</strong></span> <span class='ocrx_word' id='word_1_110' title='bbox 1095 1263 1400 1306; x_wconf 89' lang='lat' dir='ltr'><strong>sanctorum</strong></span> <span class='ocrx_word' id='word_1_111' title='bbox 1435 1255 1798 1320; x_wconf 87' lang='lat' dir='ltr'><strong>apostolorum</strong></span> <span class='ocrx_word' id='word_1_112' title='bbox 1855 1267 2093 1307; x_wconf 83' lang='lat' dir='ltr'><strong>canones</strong></span> <span class='ocrx_word' id='word_1_113' title='bbox 2141 1252 2229 1313; x_wconf 80' lang='grc' dir='ltr'><strong>ΓΙ,</strong></span> 
     </span>
    </p>
   </div>
   <div class='ocr_carea' id='block_1_18' title="bbox 685 1338 2232 1413">
    <p class='ocr_par' dir='ltr' id='par_1_18' title="bbox 685 1338 2232 1413">
     <span class='ocr_line' id='line_1_18' title="bbox 685 1338 2232 1413; baseline 0.003 -24"><span class='ocrx_word' id='word_1_114' title='bbox 685 1338 772 1400; x_wconf 76' lang='grc'><strong>18,</strong></span> <span class='ocrx_word' id='word_1_115' title='bbox 803 1339 888 1400; x_wconf 81' lang='grc'>19,</span> <span class='ocrx_word' id='word_1_116' title='bbox 912 1339 1001 1401; x_wconf 74' lang='lat'><strong>25.</strong></span> <span class='ocrx_word' id='word_1_117' title='bbox 1029 1342 1118 1403; x_wconf 72' lang='lat'><strong>26,</strong></span> <span class='ocrx_word' id='word_1_118' title='bbox 1151 1344 1338 1411; x_wconf 84' lang='lat' dir='ltr'><strong>synodi</strong></span> <span class='ocrx_word' id='word_1_119' title='bbox 1365 1344 1566 1413; x_wconf 81' lang='lat' dir='ltr'><strong>Ancyr.</strong></span> <span class='ocrx_word' id='word_1_120' title='bbox 1586 1358 1847 1396; x_wconf 87' lang='lat' dir='ltr'><strong>canonem</strong></span> <span class='ocrx_word' id='word_1_121' title='bbox 1883 1343 1967 1404; x_wconf 77' lang='grc'><strong>10,</strong></span> <span class='ocrx_word' id='word_1_122' title='bbox 1986 1351 2042 1395; x_wconf 89' lang='lat' dir='ltr'><strong>et</strong></span> <span class='ocrx_word' id='word_1_123' title='bbox 2072 1341 2232 1395; x_wconf 78' lang='lat' dir='ltr'><strong>Chal-</strong></span> 
     </span>
    </p>
   </div>
   <div class='ocr_carea' id='block_1_19' title="bbox 683 1429 2226 1496">
    <p class='ocr_par' dir='ltr' id='par_1_19' title="bbox 683 1429 2226 1496">
     <span class='ocr_line' id='line_1_19' title="bbox 683 1429 2226 1496; baseline 0.004 -18"><span class='ocrx_word' id='word_1_124' title='bbox 683 1429 1006 1482; x_wconf 85' lang='lat' dir='ltr'><strong>cedonensis</strong></span> <span class='ocrx_word' id='word_1_125' title='bbox 1059 1445 1292 1488; x_wconf 83' lang='lat' dir='ltr'><strong>canones</strong></span> <span class='ocrx_word' id='word_1_126' title='bbox 1327 1433 1414 1495; x_wconf 73' lang='grc' dir='ltr'>Ν,</span> <span class='ocrx_word' id='word_1_127' title='bbox 1450 1433 1537 1496; x_wconf 79' lang='grc'>15,</span> <span class='ocrx_word' id='word_1_128' title='bbox 1583 1442 1747 1486; x_wconf 71' lang='lat' dir='ltr'><strong>sexta:</strong></span> <span class='ocrx_word' id='word_1_129' title='bbox 1791 1447 2048 1486; x_wconf 88' lang='lat' dir='ltr'><strong>canonem</strong></span> <span class='ocrx_word' id='word_1_130' title='bbox 2083 1433 2134 1496; x_wconf 81' lang='lat'><strong>3,</strong></span> <span class='ocrx_word' id='word_1_131' title='bbox 2171 1432 2226 1496; x_wconf 80' lang='grc' dir='ltr'><strong>ι,</strong></span> 
     </span>
    </p>
   </div>
   <div class='ocr_carea' id='block_1_20' title="bbox 680 1517 2227 1588">
    <p class='ocr_par' dir='ltr' id='par_1_20' title="bbox 680 1517 2227 1588">
     <span class='ocr_line' id='line_1_20' title="bbox 680 1517 2227 1588; baseline 0.005 -19"><span class='ocrx_word' id='word_1_132' title='bbox 680 1517 733 1578; x_wconf 88' lang='lat'><strong>6,</strong></span> <span class='ocrx_word' id='word_1_133' title='bbox 770 1518 854 1578; x_wconf 71' lang='grc'><strong>12,</strong></span> <span class='ocrx_word' id='word_1_134' title='bbox 891 1519 976 1584; x_wconf 78' lang='grc'><strong>15,</strong></span> <span class='ocrx_word' id='word_1_135' title='bbox 1005 1518 1092 1586; x_wconf 76' lang='grc'><strong>48,</strong></span> <span class='ocrx_word' id='word_1_136' title='bbox 1143 1520 1236 1587; x_wconf 79' lang='grc'>58,</span> <span class='ocrx_word' id='word_1_137' title='bbox 1287 1531 1342 1576; x_wconf 88' lang='lat' dir='ltr'><strong>et</strong></span> <span class='ocrx_word' id='word_1_138' title='bbox 1388 1522 1556 1577; x_wconf 86' lang='lat' dir='ltr'><strong>sancti</strong></span> <span class='ocrx_word' id='word_1_139' title='bbox 1590 1521 1772 1577; x_wconf 89' lang='lat' dir='ltr'><strong>Basilii</strong></span> <span class='ocrx_word' id='word_1_140' title='bbox 1824 1537 2058 1578; x_wconf 87' lang='lat' dir='ltr'><strong>canones</strong></span> <span class='ocrx_word' id='word_1_141' title='bbox 2083 1523 2137 1586; x_wconf 74' lang='grc' dir='ltr'>ὅ,</span> <span class='ocrx_word' id='word_1_142' title='bbox 2173 1523 2227 1588; x_wconf 85' lang='grc'>6,</span> 
     </span>
    </p>
   </div>
   <div class='ocr_carea' id='block_1_21' title="bbox 679 1607 894 1672">
    <p class='ocr_par' dir='ltr' id='par_1_21' title="bbox 679 1607 894 1672">
     <span class='ocr_line' id='line_1_21' title="bbox 679 1607 894 1672; baseline 0 -7"><span class='ocrx_word' id='word_1_143' title='bbox 679 1607 769 1672; x_wconf 72' lang='grc'><strong>49,</strong></span> <span class='ocrx_word' id='word_1_144' title='bbox 810 1610 894 1665; x_wconf 75' lang='grc' dir='ltr'>το.</span> 
     </span>
    </p>
   </div>
   <div class='ocr_carea' id='block_1_22' title="bbox 747 1902 2228 1976">
    <p class='ocr_par' dir='ltr' id='par_1_22' title="bbox 747 1902 2228 1976">
     <span class='ocr_line' id='line_1_22' title="bbox 747 1902 2228 1976; baseline 0.001 -21"><span class='ocrx_word' id='word_1_145' title='bbox 747 1902 815 1955; x_wconf 87' lang='grc' dir='ltr'>Ει</span> <span class='ocrx_word' id='word_1_146' title='bbox 838 1902 1072 1958; x_wconf 88' lang='lat' dir='ltr'><strong>edictum</strong></span> <span class='ocrx_word' id='word_1_147' title='bbox 1098 1905 1310 1973; x_wconf 88' lang='lat' dir='ltr'><strong>quidem</strong></span> <span class='ocrx_word' id='word_1_148' title='bbox 1337 1907 1659 1964; x_wconf 84' lang='lat' dir='ltr'><strong>sanctissimi</strong></span> <span class='ocrx_word' id='word_1_149' title='bbox 1685 1907 2004 1976; x_wconf 67' lang='lat' dir='ltr'><strong>patriarchae</strong></span> <span class='ocrx_word' id='word_1_150' title='bbox 2025 1904 2228 1959; x_wconf 86' lang='lat' dir='ltr'><strong>domini</strong></span> 
     </span>
    </p>
   </div>
   <div class='ocr_carea' id='block_1_23' title="bbox 674 1989 2230 2060">
    <p class='ocr_par' dir='ltr' id='par_1_23' title="bbox 674 1989 2230 2060">
     <span class='ocr_line' id='line_1_23' title="bbox 674 1989 2230 2060; baseline 0.001 -16"><span class='ocrx_word' id='word_1_151' title='bbox 674 1989 832 2047; x_wconf 59' lang='grc' dir='ltr'>[ηεαδ</span> <span class='ocrx_word' id='word_1_152' title='bbox 861 1993 939 2048; x_wconf 91' lang='lat' dir='ltr'><strong>sic</strong></span> <span class='ocrx_word' id='word_1_153' title='bbox 989 2008 1048 2049; x_wconf 91' lang='lat' dir='ltr'><strong>se</strong></span> <span class='ocrx_word' id='word_1_154' title='bbox 1095 1996 1253 2051; x_wconf 87' lang='lat' dir='ltr'><strong>habet</strong></span> <span class='ocrx_word' id='word_1_155' title='bbox 1289 1996 1509 2051; x_wconf 76' lang='lat' dir='ltr'><strong>:Mense</strong></span> <span class='ocrx_word' id='word_1_156' title='bbox 1568 1997 1844 2052; x_wconf 86' lang='lat' dir='ltr'><strong>Decembri</strong></span> <span class='ocrx_word' id='word_1_157' title='bbox 1885 1997 1969 2050; x_wconf 87' lang='lat' dir='ltr'><strong>die</strong></span> <span class='ocrx_word' id='word_1_158' title='bbox 2023 1995 2077 2060; x_wconf 82' lang='lat'><strong>8,</strong></span> <span class='ocrx_word' id='word_1_159' title='bbox 2149 1995 2230 2049; x_wconf 87' lang='lat' dir='ltr'><strong>in-</strong></span> 
     </span>
    </p>
   </div>
   <div class='ocr_carea' id='block_1_24' title="bbox 678 2087 2228 2157">
    <p class='ocr_par' dir='ltr' id='par_1_24' title="bbox 678 2087 2228 2157">
     <span class='ocr_line' id='line_1_24' title="bbox 678 2087 2228 2157; baseline -0.002 -16"><span class='ocrx_word' id='word_1_160' title='bbox 678 2088 808 2141; x_wconf 80' lang='lat' dir='ltr'><strong>dict.</strong></span> <span class='ocrx_word' id='word_1_161' title='bbox 841 2087 894 2142; x_wconf 91' lang='lat'><strong>6.</strong></span> <span class='ocrx_word' id='word_1_162' title='bbox 933 2087 1026 2141; x_wconf 91' lang='lat' dir='ltr'><strong>Sin</strong></span> <span class='ocrx_word' id='word_1_163' title='bbox 1061 2101 1234 2143; x_wconf 86' lang='lat' dir='ltr'><strong>autem</strong></span> <span class='ocrx_word' id='word_1_164' title='bbox 1272 2092 1430 2143; x_wconf 87' lang='lat' dir='ltr'><strong>etiam</strong></span> <span class='ocrx_word' id='word_1_165' title='bbox 1453 2091 1540 2145; x_wconf 91' lang='lat' dir='ltr'><strong>ille</strong></span> <span class='ocrx_word' id='word_1_166' title='bbox 1567 2090 1733 2153; x_wconf 82' lang='lat' dir='ltr'><strong>Ozan,</strong></span> <span class='ocrx_word' id='word_1_167' title='bbox 1764 2091 1853 2157; x_wconf 89' lang='lat' dir='ltr'><strong>qui</strong></span> <span class='ocrx_word' id='word_1_168' title='bbox 1883 2089 2114 2144; x_wconf 80' lang='lat' dir='ltr'><strong>divinam</strong></span> <span class='ocrx_word' id='word_1_169' title='bbox 2141 2101 2228 2138; x_wconf 85' lang='lat' dir='ltr'><strong>ar-</strong></span> 
     </span>
    </p>
   </div>
   <div class='ocr_carea' id='block_1_25' title="bbox 675 2177 2226 2249">
    <p class='ocr_par' dir='ltr' id='par_1_25' title="bbox 675 2177 2226 2249">
     <span class='ocr_line' id='line_1_25' title="bbox 675 2177 2226 2249; baseline 0 -17"><span class='ocrx_word' id='word_1_170' title='bbox 675 2193 817 2239; x_wconf 87' lang='lat' dir='ltr'><strong>cam,</strong></span> <span class='ocrx_word' id='word_1_171' title='bbox 841 2195 962 2247; x_wconf 73' lang='lat' dir='ltr'><strong>qua:</strong></span> <span class='ocrx_word' id='word_1_172' title='bbox 989 2180 1357 2240; x_wconf 85' lang='lat' dir='ltr'><strong>evertebatur,</strong></span> <span class='ocrx_word' id='word_1_173' title='bbox 1390 2181 1586 2247; x_wconf 69' lang='lat' dir='ltr'><strong>attigit,</strong></span> <span class='ocrx_word' id='word_1_174' title='bbox 1624 2196 1728 2234; x_wconf 88' lang='lat' dir='ltr'><strong>non</strong></span> <span class='ocrx_word' id='word_1_175' title='bbox 1757 2195 1920 2249; x_wconf 79' lang='lat' dir='ltr'><strong>parvo</strong></span> <span class='ocrx_word' id='word_1_176' title='bbox 1965 2177 2226 2248; x_wconf 87' lang='lat' dir='ltr'><strong>supplicio</strong></span> 
     </span>
    </p>
   </div>
   <div class='ocr_carea' id='block_1_26' title="bbox 674 2268 2224 2338">
    <p class='ocr_par' dir='ltr' id='par_1_26' title="bbox 674 2268 2224 2338">
     <span class='ocr_line' id='line_1_26' title="bbox 674 2268 2224 2338; baseline 0 -16"><span class='ocrx_word' id='word_1_177' title='bbox 674 2268 900 2324; x_wconf 68' lang='lat' dir='ltr'><strong>affectus</strong></span> <span class='ocrx_word' id='word_1_178' title='bbox 933 2277 1015 2324; x_wconf 87' lang='lat' dir='ltr'><strong>est</strong></span> <span class='ocrx_word' id='word_1_179' title='bbox 1033 2270 1198 2338; x_wconf 81' lang='lat' dir='ltr'><strong>(atqui</strong></span> <span class='ocrx_word' id='word_1_180' title='bbox 1224 2268 1337 2336; x_wconf 71' lang='lat' dir='ltr'><strong>eius</strong></span> <span class='ocrx_word' id='word_1_181' title='bbox 1363 2280 1478 2324; x_wconf 89' lang='lat' dir='ltr'><strong>erat</strong></span> <span class='ocrx_word' id='word_1_182' title='bbox 1501 2271 1804 2324; x_wconf 83' lang='lat' dir='ltr'><strong>institutum</strong></span> <span class='ocrx_word' id='word_1_183' title='bbox 1829 2272 1971 2323; x_wconf 87' lang='lat' dir='ltr'><strong>illam</strong></span> <span class='ocrx_word' id='word_1_184' title='bbox 1996 2273 2224 2336; x_wconf 86' lang='lat' dir='ltr'><strong>erigere,</strong></span> 
     </span>
    </p>
   </div>
   <div class='ocr_carea' id='block_1_27' title="bbox 671 2357 2224 2427">
    <p class='ocr_par' dir='ltr' id='par_1_27' title="bbox 671 2357 2224 2427">
     <span class='ocr_line' id='line_1_27' title="bbox 671 2357 2224 2427; baseline -0.001 -17"><span class='ocrx_word' id='word_1_185' title='bbox 671 2372 780 2410; x_wconf 90' lang='lat' dir='ltr'><strong>non</strong></span> <span class='ocrx_word' id='word_1_186' title='bbox 806 2357 1062 2427; x_wconf 84' lang='lat' dir='ltr'><strong>diruere),</strong></span> <span class='ocrx_word' id='word_1_187' title='bbox 1090 2357 1213 2424; x_wconf 87' lang='lat' dir='ltr'><strong>quis</strong></span> <span class='ocrx_word' id='word_1_188' title='bbox 1241 2367 1321 2412; x_wconf 88' lang='lat' dir='ltr'><strong>est</strong></span> <span class='ocrx_word' id='word_1_189' title='bbox 1351 2358 1483 2412; x_wconf 90' lang='lat' dir='ltr'><strong>adeo</strong></span> <span class='ocrx_word' id='word_1_190' title='bbox 1511 2357 1707 2422; x_wconf 80' lang='lat' dir='ltr'><strong>audax,</strong></span> <span class='ocrx_word' id='word_1_191' title='bbox 1740 2369 1793 2412; x_wconf 92' lang='lat' dir='ltr'><strong>et</strong></span> <span class='ocrx_word' id='word_1_192' title='bbox 1841 2359 1905 2411; x_wconf 89' lang='lat' dir='ltr'><strong>ad</strong></span> <span class='ocrx_word' id='word_1_193' title='bbox 1932 2367 2224 2410; x_wconf 74' lang='lat' dir='ltr'><strong>extremam</strong></span> 
     </span>
    </p>
   </div>
   <div class='ocr_carea' id='block_1_28' title="bbox 671 2446 2224 2517">
    <p class='ocr_par' dir='ltr' id='par_1_28' title="bbox 671 2446 2224 2517">
     <span class='ocr_line' id='line_1_28' title="bbox 671 2446 2224 2517; baseline -0.001 -16"><span class='ocrx_word' id='word_1_194' title='bbox 671 2462 840 2517; x_wconf 85' lang='lat' dir='ltr'><strong>usque</strong></span> <span class='ocrx_word' id='word_1_195' title='bbox 895 2447 1280 2516; x_wconf 87' lang='lat' dir='ltr'><strong>impudentiam</strong></span> <span class='ocrx_word' id='word_1_196' title='bbox 1337 2449 1810 2516; x_wconf 81' lang='lat' dir='ltr'><strong>arrogantiamque</strong></span> <span class='ocrx_word' id='word_1_197' title='bbox 1858 2446 2052 2510; x_wconf 89' lang='lat' dir='ltr'><strong>elatus,</strong></span> <span class='ocrx_word' id='word_1_198' title='bbox 2086 2446 2224 2500; x_wconf 88' lang='lat' dir='ltr'><strong>malo</strong></span> 
     </span>
    </p>
   </div>
   <div class='ocr_carea' id='block_1_29' title="bbox 669 2541 2227 2610">
    <p class='ocr_par' dir='ltr' id='par_1_29' title="bbox 669 2541 2227 2610">
     <span class='ocr_line' id='line_1_29' title="bbox 669 2541 2227 2610; baseline 0.001 -18"><span class='ocrx_word' id='word_1_199' title='bbox 669 2542 890 2595; x_wconf 83' lang='lat' dir='ltr'><strong>omnino</strong></span> <span class='ocrx_word' id='word_1_200' title='bbox 937 2542 1129 2609; x_wconf 87' lang='lat' dir='ltr'><strong>spiritu</strong></span> <span class='ocrx_word' id='word_1_201' title='bbox 1171 2543 1384 2607; x_wconf 85' lang='lat' dir='ltr'><strong>ductus,</strong></span> <span class='ocrx_word' id='word_1_202' title='bbox 1441 2542 1532 2610; x_wconf 89' lang='lat' dir='ltr'><strong>qui</strong></span> <span class='ocrx_word' id='word_1_203' title='bbox 1569 2556 1676 2595; x_wconf 91' lang='lat' dir='ltr'><strong>non</strong></span> <span class='ocrx_word' id='word_1_204' title='bbox 1722 2543 1892 2594; x_wconf 91' lang='lat' dir='ltr'><strong>solum</strong></span> <span class='ocrx_word' id='word_1_205' title='bbox 1948 2541 2124 2594; x_wconf 90' lang='lat' dir='ltr'><strong>divina</strong></span> <span class='ocrx_word' id='word_1_206' title='bbox 2171 2548 2227 2594; x_wconf 90' lang='lat' dir='ltr'><strong>et</strong></span> 
     </span>
    </p>
   </div>
   <div class='ocr_carea' id='block_1_30' title="bbox 669 2631 2222 2701">
    <p class='ocr_par' dir='ltr' id='par_1_30' title="bbox 669 2631 2222 2701">
     <span class='ocr_line' id='line_1_30' title="bbox 669 2631 2222 2701; baseline 0.001 -18"><span class='ocrx_word' id='word_1_207' title='bbox 669 2631 966 2698; x_wconf 80' lang='lat' dir='ltr'><strong>spiritualia</strong></span> <span class='ocrx_word' id='word_1_208' title='bbox 991 2631 1242 2685; x_wconf 88' lang='lat' dir='ltr'><strong>mandata</strong></span> <span class='ocrx_word' id='word_1_209' title='bbox 1277 2632 1330 2685; x_wconf 91' lang='lat' dir='ltr'><strong>in</strong></span> <span class='ocrx_word' id='word_1_210' title='bbox 1364 2633 1630 2701; x_wconf 87' lang='lat' dir='ltr'><strong>integrum</strong></span> <span class='ocrx_word' id='word_1_211' title='bbox 1652 2647 1756 2685; x_wconf 91' lang='lat' dir='ltr'><strong>non</strong></span> <span class='ocrx_word' id='word_1_212' title='bbox 1785 2631 1918 2697; x_wconf 89' lang='lat' dir='ltr'><strong>vult,</strong></span> <span class='ocrx_word' id='word_1_213' title='bbox 1945 2632 2038 2686; x_wconf 89' lang='lat' dir='ltr'><strong>sed</strong></span> <span class='ocrx_word' id='word_1_214' title='bbox 2059 2631 2222 2684; x_wconf 90' lang='lat' dir='ltr'><strong>etiam</strong></span> 
     </span>
    </p>
   </div>
   <div class='ocr_carea' id='block_1_31' title="bbox 670 2721 2225 2790">
    <p class='ocr_par' dir='ltr' id='par_1_31' title="bbox 670 2721 2225 2790">
     <span class='ocr_line' id='line_1_31' title="bbox 670 2721 2225 2790; baseline 0.001 -16"><span class='ocrx_word' id='word_1_215' title='bbox 670 2723 722 2774; x_wconf 90' lang='lat' dir='ltr'><strong>in</strong></span> <span class='ocrx_word' id='word_1_216' title='bbox 752 2722 1085 2775; x_wconf 87' lang='lat' dir='ltr'><strong>contrarium</strong></span> <span class='ocrx_word' id='word_1_217' title='bbox 1135 2721 1486 2790; x_wconf 85' lang='lat' dir='ltr'><strong>detorquens,</strong></span> <span class='ocrx_word' id='word_1_218' title='bbox 1551 2737 1614 2776; x_wconf 87' lang='lat' dir='ltr'><strong>ea</strong></span> <span class='ocrx_word' id='word_1_219' title='bbox 1661 2722 1989 2776; x_wconf 80' lang='lat' dir='ltr'><strong>labefactare</strong></span> <span class='ocrx_word' id='word_1_220' title='bbox 2030 2737 2092 2775; x_wconf 89' lang='lat' dir='ltr'><strong>ac</strong></span> <span class='ocrx_word' id='word_1_221' title='bbox 2135 2721 2225 2776; x_wconf 87' lang='lat' dir='ltr'><strong>de-</strong></span> 
     </span>
    </p>
   </div>
   <div class='ocr_carea' id='block_1_32' title="bbox 667 2812 2220 2882">
    <p class='ocr_par' dir='ltr' id='par_1_32' title="bbox 667 2812 2220 2882">
     <span class='ocr_line' id='line_1_32' title="bbox 667 2812 2220 2882; baseline -0.002 -14"><span class='ocrx_word' id='word_1_222' title='bbox 667 2822 878 2868; x_wconf 79' lang='lat' dir='ltr'><strong>struere</strong></span> <span class='ocrx_word' id='word_1_223' title='bbox 913 2812 1255 2882; x_wconf 86' lang='lat' dir='ltr'><strong>impudenler</strong></span> <span class='ocrx_word' id='word_1_224' title='bbox 1283 2814 1520 2879; x_wconf 86' lang='lat' dir='ltr'><strong>molitur,</strong></span> <span class='ocrx_word' id='word_1_225' title='bbox 1574 2829 1747 2880; x_wconf 87' lang='lat' dir='ltr'><strong>eaque</strong></span> <span class='ocrx_word' id='word_1_226' title='bbox 1777 2812 2069 2866; x_wconf 82' lang='lat' dir='ltr'><strong>dissolvere</strong></span> <span class='ocrx_word' id='word_1_227' title='bbox 2101 2826 2220 2880; x_wconf 71' lang='lat' dir='ltr'><strong>qua:</strong></span> 
     </span>
    </p>
   </div>
   <div class='ocr_carea' id='block_1_33' title="bbox 667 2902 2220 2969">
    <p class='ocr_par' dir='ltr' id='par_1_33' title="bbox 667 2902 2220 2969">
     <span class='ocr_line' id='line_1_33' title="bbox 667 2902 2220 2969; baseline -0.001 -14"><span class='ocrx_word' id='word_1_228' title='bbox 667 2902 820 2957; x_wconf 79' lang='lat' dir='ltr'><strong>ﬁrme</strong></span> <span class='ocrx_word' id='word_1_229' title='bbox 849 2919 910 2958; x_wconf 88' lang='lat' dir='ltr'><strong>ac</strong></span> <span class='ocrx_word' id='word_1_230' title='bbox 935 2902 1198 2958; x_wconf 87' lang='lat' dir='ltr'><strong>stabiliter</strong></span> <span class='ocrx_word' id='word_1_231' title='bbox 1233 2904 1409 2958; x_wconf 85' lang='lat' dir='ltr'><strong>locata</strong></span> <span class='ocrx_word' id='word_1_232' title='bbox 1466 2914 1612 2969; x_wconf 88' lang='lat' dir='ltr'><strong>sunt,</strong></span> <span class='ocrx_word' id='word_1_233' title='bbox 1651 2913 1706 2957; x_wconf 94' lang='lat' dir='ltr'><strong>et</strong></span> <span class='ocrx_word' id='word_1_234' title='bbox 1760 2919 1821 2958; x_wconf 89' lang='lat' dir='ltr'><strong>ea</strong></span> <span class='ocrx_word' id='word_1_235' title='bbox 1881 2915 2220 2957; x_wconf 85' lang='lat' dir='ltr'><strong>commovere</strong></span> 
     </span>
    </p>
   </div>
   <div class='ocr_carea' id='block_1_34' title="bbox 667 2990 2223 3062">
    <p class='ocr_par' dir='ltr' id='par_1_34' title="bbox 667 2990 2223 3062">
     <span class='ocr_line' id='line_1_34' title="bbox 667 2990 2223 3062; baseline 0 -19"><span class='ocrx_word' id='word_1_236' title='bbox 667 3008 788 3058; x_wconf 75' lang='lat' dir='ltr'><strong>qua:</strong></span> <span class='ocrx_word' id='word_1_237' title='bbox 812 2993 1166 3060; x_wconf 84' lang='lat' dir='ltr'><strong>conquassari</strong></span> <span class='ocrx_word' id='word_1_238' title='bbox 1199 3007 1304 3045; x_wconf 94' lang='lat' dir='ltr'><strong>non</strong></span> <span class='ocrx_word' id='word_1_239' title='bbox 1351 3002 1596 3061; x_wconf 84' lang='lat' dir='ltr'><strong>possunt,</strong></span> <span class='ocrx_word' id='word_1_240' title='bbox 1632 3002 1692 3046; x_wconf 89' lang='lat' dir='ltr'><strong>ut</strong></span> <span class='ocrx_word' id='word_1_241' title='bbox 1729 3007 1851 3062; x_wconf 64' lang='lat' dir='ltr'><strong>quae</strong></span> <span class='ocrx_word' id='word_1_242' title='bbox 1895 2993 2006 3046; x_wconf 88' lang='lat' dir='ltr'><strong>sint</strong></span> <span class='ocrx_word' id='word_1_243' title='bbox 2055 2990 2223 3044; x_wconf 73' lang='lat' dir='ltr'><strong>aediﬁ-</strong></span> 
     </span>
    </p>
   </div>
   <div class='ocr_carea' id='block_1_35' title="bbox 2334 897 3884 982">
    <p class='ocr_par' dir='ltr' id='par_1_35' title="bbox 2334 897 3884 982">
     <span class='ocr_line' id='line_1_35' title="bbox 2334 897 3884 982; baseline 0.014 -37"><span class='ocrx_word' id='word_1_244' title='bbox 2334 897 2423 947; x_wconf 82' lang='grc' dir='ltr'>τὸν</span> <span class='ocrx_word' id='word_1_245' title='bbox 2444 899 2612 966; x_wconf 86' lang='grc' dir='ltr'>δῆμον</span> <span class='ocrx_word' id='word_1_246' title='bbox 2643 904 2736 954; x_wconf 57' lang='grc' dir='ltr'><strong>κα)⁵</strong></span> <span class='ocrx_word' id='word_1_247' title='bbox 2769 913 3113 973; x_wconf 80' lang='grc' dir='ltr'><strong>προσκυνεῖν,</strong></span> <span class='ocrx_word' id='word_1_248' title='bbox 3145 913 3220 972; x_wconf 84' lang='grc' dir='ltr'>ὡς</span> <span class='ocrx_word' id='word_1_249' title='bbox 3247 914 3517 979; x_wconf 78' lang='grc' dir='ltr'>ὀφείλουσι</span> <span class='ocrx_word' id='word_1_250' title='bbox 3546 916 3666 965; x_wconf 84' lang='grc' dir='ltr'>τότε</span> <span class='ocrx_word' id='word_1_251' title='bbox 3706 929 3884 982; x_wconf 79' lang='grc' dir='ltr'>προσ-</span> 
     </span>
    </p>
   </div>
   <div class='ocr_carea' id='block_1_36' title="bbox 2335 988 3882 1070">
    <p class='ocr_par' dir='ltr' id='par_1_36' title="bbox 2335 988 3882 1070">
     <span class='ocr_line' id='line_1_36' title="bbox 2335 988 3882 1070; baseline 0.019 -36"><span class='ocrx_word' id='word_1_252' title='bbox 2335 988 2516 1037; x_wconf 83' lang='grc' dir='ltr'>κυνεῖν</span> <span class='ocrx_word' id='word_1_253' title='bbox 2549 988 2742 1054; x_wconf 87' lang='grc' dir='ltr'>μόνους</span> <span class='ocrx_word' id='word_1_254' title='bbox 2789 997 2913 1055; x_wconf 73' lang='grc' dir='ltr'>τοὺς</span> <span class='ocrx_word' id='word_1_255' title='bbox 2949 999 3112 1066; x_wconf 78' lang='grc' dir='ltr'>ἱερεῖς</span> <span class='ocrx_word' id='word_1_256' title='bbox 3147 1000 3238 1053; x_wconf 73' lang='grc' dir='ltr'>καὶ</span> <span class='ocrx_word' id='word_1_257' title='bbox 3268 1000 3390 1063; x_wconf 80' lang='grc' dir='ltr'>τοὺς</span> <span class='ocrx_word' id='word_1_258' title='bbox 3439 1001 3734 1070; x_wconf 72' lang='grc' dir='ltr'>ἀρχιερεῖς.</span> <span class='ocrx_word' id='word_1_259' title='bbox 3761 999 3882 1051; x_wconf 65' lang='grc' dir='ltr'><strong>Γκαὶ</strong></span> 
     </span>
    </p>
   </div>
   <div class='ocr_carea' id='block_1_37' title="bbox 2333 1074 3885 1160">
    <p class='ocr_par' dir='ltr' id='par_1_37' title="bbox 2333 1074 3885 1160">
     <span class='ocr_line' id='line_1_37' title="bbox 2333 1074 3885 1160; baseline -0.003 -17"><span class='ocrx_word' id='word_1_260' title='bbox 2333 1074 2454 1143; x_wconf 69' lang='grc' dir='ltr'>οὐχὶ</span> <span class='ocrx_word' id='word_1_261' title='bbox 2479 1077 2600 1136; x_wconf 65' lang='grc' dir='ltr'><strong>τοὺς</strong></span> <span class='ocrx_word' id='word_1_262' title='bbox 2625 1078 2847 1145; x_wconf 75' lang='grc' dir='ltr'>λαῖκοῦς</span> <span class='ocrx_word' id='word_1_263' title='bbox 2874 1090 2998 1150; x_wconf 77' lang='grc' dir='ltr'>τοὺς</span> <span class='ocrx_word' id='word_1_264' title='bbox 3023 1093 3078 1142; x_wconf 82' lang='grc' dir='ltr'><strong>ἐν</strong></span> <span class='ocrx_word' id='word_1_265' title='bbox 3109 1092 3173 1159; x_wconf 78' lang='grc' dir='ltr'>τῇ</span> <span class='ocrx_word' id='word_1_266' title='bbox 3217 1091 3508 1160; x_wconf 76' lang='grc' dir='ltr'>Ἐκκλησία</span> <span class='ocrx_word' id='word_1_267' title='bbox 3539 1089 3885 1157; x_wconf 73' lang='grc' dir='ltr'>συναθροιζο-</span> 
     </span>
    </p>
   </div>
   <div class='ocr_carea' id='block_1_38' title="bbox 2335 1172 3879 1248">
    <p class='ocr_par' dir='ltr' id='par_1_38' title="bbox 2335 1172 3879 1248">
     <span class='ocr_line' id='line_1_38' title="bbox 2335 1172 3879 1248; baseline 0.009 -26"><span class='ocrx_word' id='word_1_268' title='bbox 2335 1172 2529 1238; x_wconf 80' lang='grc' dir='ltr'>μένους</span> <span class='ocrx_word' id='word_1_269' title='bbox 2553 1191 2566 1204; x_wconf 94' lang='grc'><strong>·</strong></span> <span class='ocrx_word' id='word_1_270' title='bbox 2601 1179 2650 1229; x_wconf 92' lang='grc' dir='ltr'><strong>οί</strong></span> <span class='ocrx_word' id='word_1_271' title='bbox 2683 1179 2780 1240; x_wconf 79' lang='grc' dir='ltr'>μὲν</span> <span class='ocrx_word' id='word_1_272' title='bbox 2803 1179 2910 1246; x_wconf 72' lang='grc' dir='ltr'>γὶρ</span> <span class='ocrx_word' id='word_1_273' title='bbox 2937 1182 3208 1248; x_wconf 84' lang='grc' dir='ltr'>ίέρωνται,</span> <span class='ocrx_word' id='word_1_274' title='bbox 3231 1183 3277 1234; x_wconf 76' lang='grc' dir='ltr'>οἱ</span> <span class='ocrx_word' id='word_1_275' title='bbox 3299 1183 3354 1233; x_wconf 82' lang='grc' dir='ltr'>δὲ</span> <span class='ocrx_word' id='word_1_276' title='bbox 3372 1180 3465 1232; x_wconf 85' lang='grc' dir='ltr'><strong>τοῦ</strong></span> <span class='ocrx_word' id='word_1_277' title='bbox 3490 1182 3660 1248; x_wconf 83' lang='grc' dir='ltr'>δήμου</span> <span class='ocrx_word' id='word_1_278' title='bbox 3688 1181 3879 1247; x_wconf 75' lang='grc' dir='ltr'>πόρῤω</span> 
     </span>
    </p>
   </div>
   <div class='ocr_carea' id='block_1_39' title="bbox 2331 1265 3882 1338">
    <p class='ocr_par' dir='ltr' id='par_1_39' title="bbox 2331 1265 3882 1338">
     <span class='ocr_line' id='line_1_39' title="bbox 2331 1265 3882 1338; baseline 0.002 -20"><span class='ocrx_word' id='word_1_279' title='bbox 2331 1268 2428 1336; x_wconf 83' lang='grc' dir='ltr'>τῆς</span> <span class='ocrx_word' id='word_1_280' title='bbox 2459 1268 2755 1338; x_wconf 73' lang='grc' dir='ltr'>ἱερωσύνης</span> <span class='ocrx_word' id='word_1_281' title='bbox 2785 1271 2912 1322; x_wconf 87' lang='grc' dir='ltr'>είσί.</span> <span class='ocrx_word' id='word_1_282' title='bbox 2949 1273 3057 1322; x_wconf 77' lang='grc' dir='ltr'><strong>Καὶ</strong></span> <span class='ocrx_word' id='word_1_283' title='bbox 3089 1265 3234 1323; x_wconf 71' lang='grc' dir='ltr'>οὗτοι</span> <span class='ocrx_word' id='word_1_284' title='bbox 3262 1271 3462 1337; x_wconf 76' lang='grc' dir='ltr'>μᾶλλον</span> <span class='ocrx_word' id='word_1_285' title='bbox 3482 1272 3606 1331; x_wconf 82' lang='grc' dir='ltr'>τοὺς</span> <span class='ocrx_word' id='word_1_286' title='bbox 3635 1268 3882 1335; x_wconf 82' lang='grc' dir='ltr'>ἀναγνώ-</span> 
     </span>
    </p>
   </div>
   <div class='ocr_carea' id='block_1_40' title="bbox 2333 1359 3874 1428">
    <p class='ocr_par' dir='ltr' id='par_1_40' title="bbox 2333 1359 3874 1428">
     <span class='ocr_line' id='line_1_40' title="bbox 2333 1359 3874 1428; baseline -0.001 -17"><span class='ocrx_word' id='word_1_287' title='bbox 2333 1377 2462 1420; x_wconf 90' lang='grc' dir='ltr'>στας</span> <span class='ocrx_word' id='word_1_288' title='bbox 2486 1363 2808 1428; x_wconf 84' lang='grc' dir='ltr'>προσκυνεῖν</span> <span class='ocrx_word' id='word_1_289' title='bbox 2837 1362 3134 1427; x_wconf 84' lang='grc' dir='ltr'>ὀφείλουσι,</span> <span class='ocrx_word' id='word_1_290' title='bbox 3193 1361 3282 1413; x_wconf 76' lang='grc' dir='ltr'><strong>διὰ</strong></span> <span class='ocrx_word' id='word_1_291' title='bbox 3309 1361 3408 1425; x_wconf 82' lang='grc' dir='ltr'>τὴν</span> <span class='ocrx_word' id='word_1_292' title='bbox 3439 1359 3738 1427; x_wconf 80' lang='grc' dir='ltr'>ὑπουργίαν</span> <span class='ocrx_word' id='word_1_293' title='bbox 3772 1360 3874 1410; x_wconf 79' lang='grc' dir='ltr'>αύ-</span> 
     </span>
    </p>
   </div>
   <div class='ocr_carea' id='block_1_41' title="bbox 2328 1445 3881 1516">
    <p class='ocr_par' dir='ltr' id='par_1_41' title="bbox 2328 1445 3881 1516">
     <span class='ocr_line' id='line_1_41' title="bbox 2328 1445 3881 1516; baseline -0.001 -16"><span class='ocrx_word' id='word_1_294' title='bbox 2328 1450 2458 1502; x_wconf 85' lang='grc' dir='ltr'>τῶν.</span> <span class='ocrx_word' id='word_1_295' title='bbox 2495 1449 2792 1516; x_wconf 81' lang='grc' dir='ltr'>’Δνάγνωθι</span> <span class='ocrx_word' id='word_1_296' title='bbox 2853 1449 2962 1502; x_wconf 85' lang='grc' dir='ltr'><strong>τῶν</strong></span> <span class='ocrx_word' id='word_1_297' title='bbox 2994 1449 3164 1516; x_wconf 80' lang='grc' dir='ltr'>ἁγίων</span> <span class='ocrx_word' id='word_1_298' title='bbox 3191 1449 3503 1503; x_wconf 80' lang='grc' dir='ltr'><strong>ἀποστόλων</strong></span> <span class='ocrx_word' id='word_1_299' title='bbox 3555 1447 3754 1499; x_wconf 84' lang='grc' dir='ltr'>κανόνα</span> <span class='ocrx_word' id='word_1_300' title='bbox 3786 1445 3881 1510; x_wconf 73' lang='grc' dir='ltr'>ιζ’,</span> 
     </span>
    </p>
   </div>
   <div class='ocr_carea' id='block_1_42' title="bbox 2333 1536 3883 1606">
    <p class='ocr_par' dir='ltr' id='par_1_42' title="bbox 2333 1536 3883 1606">
     <span class='ocr_line' id='line_1_42' title="bbox 2333 1536 3883 1606; baseline -0.001 -17"><span class='ocrx_word' id='word_1_301' title='bbox 2333 1543 2421 1604; x_wconf 84' lang='grc' dir='ltr'>ιη’,</span> <span class='ocrx_word' id='word_1_302' title='bbox 2456 1537 2540 1599; x_wconf 81' lang='grc' dir='ltr'>ιϐ’,</span> <span class='ocrx_word' id='word_1_303' title='bbox 2575 1544 2673 1600; x_wconf 84' lang='grc' dir='ltr'>κε’,</span> <span class='ocrx_word' id='word_1_304' title='bbox 2702 1544 2816 1601; x_wconf 80' lang='grc' dir='ltr'>κς’,</span> <span class='ocrx_word' id='word_1_305' title='bbox 2842 1538 3061 1590; x_wconf 82' lang='grc' dir='ltr'>συνόδου</span> <span class='ocrx_word' id='word_1_306' title='bbox 3085 1537 3362 1606; x_wconf 80' lang='grc' dir='ltr'>’Δγκύρας</span> <span class='ocrx_word' id='word_1_307' title='bbox 3384 1536 3585 1589; x_wconf 84' lang='grc' dir='ltr'>κανόνα</span> <span class='ocrx_word' id='word_1_308' title='bbox 3608 1542 3659 1596; x_wconf 85' lang='grc' dir='ltr'>ι’,</span> <span class='ocrx_word' id='word_1_309' title='bbox 3689 1537 3783 1603; x_wconf 79' lang='grc' dir='ltr'>τῆς</span> <span class='ocrx_word' id='word_1_310' title='bbox 3821 1538 3883 1588; x_wconf 81' lang='grc' dir='ltr'><strong>ἐν</strong></span> 
     </span>
    </p>
   </div>
   <div class='ocr_carea' id='block_1_43' title="bbox 2329 1624 3883 1694">
    <p class='ocr_par' dir='ltr' id='par_1_43' title="bbox 2329 1624 3883 1694">
     <span class='ocr_line' id='line_1_43' title="bbox 2329 1624 3883 1694; baseline 0.007 -15"><span class='ocrx_word' id='word_1_311' title='bbox 2329 1627 2633 1694; x_wconf 80' lang='grc' dir='ltr'>Χαλκηδόνι</span> <span class='ocrx_word' id='word_1_312' title='bbox 2660 1628 2861 1681; x_wconf 79' lang='grc' dir='ltr'>κανόνα</span> <span class='ocrx_word' id='word_1_313' title='bbox 2893 1626 2975 1691; x_wconf 82' lang='grc' dir='ltr'>ιδ’,</span> <span class='ocrx_word' id='word_1_314' title='bbox 3004 1635 3066 1680; x_wconf 83' lang='grc' dir='ltr'>ιε’</span> <span class='ocrx_word' id='word_1_315' title='bbox 3090 1644 3104 1658; x_wconf 77' lang='grc' dir='ltr'><strong>ο</strong></span> <span class='ocrx_word' id='word_1_316' title='bbox 3139 1627 3238 1694; x_wconf 82' lang='grc' dir='ltr'><strong>τῆς</strong></span> <span class='ocrx_word' id='word_1_317' title='bbox 3276 1633 3327 1691; x_wconf 81' lang='grc' dir='ltr'>ς’</span> <span class='ocrx_word' id='word_1_318' title='bbox 3361 1627 3558 1680; x_wconf 84' lang='grc' dir='ltr'>κανόνα</span> <span class='ocrx_word' id='word_1_319' title='bbox 3585 1624 3657 1692; x_wconf 76' lang='grc' dir='ltr'>γ’,</span> <span class='ocrx_word' id='word_1_320' title='bbox 3699 1627 3762 1688; x_wconf 75' lang='grc' dir='ltr'><strong>δ’.</strong></span> <span class='ocrx_word' id='word_1_321' title='bbox 3803 1634 3883 1690; x_wconf 75' lang='grc' dir='ltr'><strong>ς’.</strong></span> 
     </span>
    </p>
   </div>
   <div class='ocr_carea' id='block_1_44' title="bbox 2334 1713 3884 1785">
    <p class='ocr_par' dir='ltr' id='par_1_44' title="bbox 2334 1713 3884 1785">
     <span class='ocr_line' id='line_1_44' title="bbox 2334 1713 3884 1785; baseline 0.003 -19"><span class='ocrx_word' id='word_1_322' title='bbox 2334 1713 2420 1784; x_wconf 87' lang='grc' dir='ltr'>ιβ’,</span> <span class='ocrx_word' id='word_1_323' title='bbox 2460 1713 2549 1782; x_wconf 57' lang='grc' dir='ltr'><strong>ιγ,</strong></span> <span class='ocrx_word' id='word_1_324' title='bbox 2580 1721 2692 1784; x_wconf 86' lang='grc' dir='ltr'>μη’,</span> <span class='ocrx_word' id='word_1_325' title='bbox 2725 1722 2827 1784; x_wconf 87' lang='grc' dir='ltr'>νη’,</span> <span class='ocrx_word' id='word_1_326' title='bbox 2854 1717 2946 1770; x_wconf 78' lang='grc' dir='ltr'><strong>καὶ</strong></span> <span class='ocrx_word' id='word_1_327' title='bbox 2975 1715 3070 1769; x_wconf 86' lang='grc' dir='ltr'><strong>τοῦ</strong></span> <span class='ocrx_word' id='word_1_328' title='bbox 3100 1718 3257 1785; x_wconf 89' lang='grc' dir='ltr'>ἀγίου</span> <span class='ocrx_word' id='word_1_329' title='bbox 3282 1717 3564 1770; x_wconf 87' lang='grc' dir='ltr'>Βασιλείου</span> <span class='ocrx_word' id='word_1_330' title='bbox 3589 1718 3782 1770; x_wconf 82' lang='grc' dir='ltr'>κανόνα</span> <span class='ocrx_word' id='word_1_331' title='bbox 3808 1723 3884 1783; x_wconf 86' lang='grc' dir='ltr'>γ’,</span> 
     </span>
    </p>
   </div>
   <div class='ocr_carea' id='block_1_45' title="bbox 2336 1805 2728 1869">
    <p class='ocr_par' dir='ltr' id='par_1_45' title="bbox 2336 1805 2728 1869">
     <span class='ocr_line' id='line_1_45' title="bbox 2336 1805 2728 1869; baseline 0.005 -11"><span class='ocrx_word' id='word_1_332' title='bbox 2336 1806 2411 1868; x_wconf 82' lang='grc' dir='ltr'>ς’,</span> <span class='ocrx_word' id='word_1_333' title='bbox 2445 1805 2522 1869; x_wconf 79' lang='grc' dir='ltr'><strong>ξθ⁸</strong></span> <span class='ocrx_word' id='word_1_334' title='bbox 2542 1805 2637 1859; x_wconf 81' lang='grc' dir='ltr'>καὶ</span> <span class='ocrx_word' id='word_1_335' title='bbox 2665 1812 2728 1860; x_wconf 88' lang='lat' dir='ltr'><strong>o&#39;.</strong></span> 
     </span>
    </p>
   </div>
   <div class='ocr_carea' id='block_1_46' title="bbox 2405 1892 3884 1966">
    <p class='ocr_par' dir='ltr' id='par_1_46' title="bbox 2405 1892 3884 1966">
     <span class='ocr_line' id='line_1_46' title="bbox 2405 1892 3884 1966; baseline 0.003 -22"><span class='ocrx_word' id='word_1_336' title='bbox 2405 1892 2478 1945; x_wconf 80' lang='grc' dir='ltr'>Τὸ</span> <span class='ocrx_word' id='word_1_337' title='bbox 2514 1895 2696 1962; x_wconf 84' lang='grc' dir='ltr'>μέντοι</span> <span class='ocrx_word' id='word_1_338' title='bbox 2728 1896 3022 1963; x_wconf 88' lang='grc' dir='ltr'>σημείωμα</span> <span class='ocrx_word' id='word_1_339' title='bbox 3077 1896 3173 1948; x_wconf 80' lang='grc' dir='ltr'><strong>τοῦ</strong></span> <span class='ocrx_word' id='word_1_340' title='bbox 3211 1897 3513 1964; x_wconf 79' lang='grc' dir='ltr'>ἀγιωτάτου</span> <span class='ocrx_word' id='word_1_341' title='bbox 3547 1898 3884 1966; x_wconf 77' lang='grc' dir='ltr'>πατριάρχου</span> 
     </span>
    </p>
   </div>
   <div class='ocr_carea' id='block_1_47' title="bbox 2332 1978 3887 2058">
    <p class='ocr_par' dir='ltr' id='par_1_47' title="bbox 2332 1978 3887 2058">
     <span class='ocr_line' id='line_1_47' title="bbox 2332 1978 3887 2058; baseline 0.005 -25"><span class='ocrx_word' id='word_1_342' title='bbox 2332 1982 2520 2051; x_wconf 90' lang='grc' dir='ltr'>κυρίου</span> <span class='ocrx_word' id='word_1_343' title='bbox 2541 1984 2721 2036; x_wconf 80' lang='grc' dir='ltr'>Λουκᾶ</span> <span class='ocrx_word' id='word_1_344' title='bbox 2742 1985 2852 2054; x_wconf 79' lang='grc' dir='ltr'>ἔχει</span> <span class='ocrx_word' id='word_1_345' title='bbox 2874 1985 3066 2048; x_wconf 76' lang='grc' dir='ltr'>οὕτως·</span> <span class='ocrx_word' id='word_1_346' title='bbox 3097 1978 3242 2056; x_wconf 74' lang='grc' dir='ltr'>Μηνὶ</span> <span class='ocrx_word' id='word_1_347' title='bbox 3264 1987 3578 2056; x_wconf 77' lang='grc' dir='ltr'>Δεκεμϐρίῳ</span> <span class='ocrx_word' id='word_1_348' title='bbox 3613 1986 3678 2058; x_wconf 87' lang='grc' dir='ltr'>η’,</span> <span class='ocrx_word' id='word_1_349' title='bbox 3700 1988 3887 2058; x_wconf 77' lang='grc' dir='ltr'>ἡμέρα</span> 
     </span>
    </p>
   </div>
   <div class='ocr_carea' id='block_1_48' title="bbox 2333 2071 3886 2146">
    <p class='ocr_par' dir='ltr' id='par_1_48' title="bbox 2333 2071 3886 2146">
     <span class='ocr_line' id='line_1_48' title="bbox 2333 2071 3886 2146; baseline 0.006 -25"><span class='ocrx_word' id='word_1_350' title='bbox 2333 2077 2379 2121; x_wconf 82' lang='grc' dir='ltr'>α’</span> <span class='ocrx_word' id='word_1_351' title='bbox 2418 2071 2742 2135; x_wconf 87' lang='grc' dir='ltr'>ίνδικτιῶνος</span> <span class='ocrx_word' id='word_1_352' title='bbox 2777 2090 2814 2136; x_wconf 84' lang='grc' dir='ltr'><strong>ς</strong></span> <span class='ocrx_word' id='word_1_353' title='bbox 2835 2112 2851 2128; x_wconf 91' lang='grc'><strong>.</strong></span> <span class='ocrx_word' id='word_1_354' title='bbox 2884 2076 2946 2128; x_wconf 84' lang='grc' dir='ltr'><strong>Εἰ</strong></span> <span class='ocrx_word' id='word_1_355' title='bbox 2975 2077 3031 2128; x_wconf 67' lang='grc' dir='ltr'>δὲ</span> <span class='ocrx_word' id='word_1_356' title='bbox 3063 2078 3155 2129; x_wconf 60' lang='grc' dir='ltr'><strong>καὶ⁵</strong></span> <span class='ocrx_word' id='word_1_357' title='bbox 3195 2076 3356 2139; x_wconf 70' lang='grc' dir='ltr'>Ὀζάν</span> <span class='ocrx_word' id='word_1_358' title='bbox 3383 2079 3588 2137; x_wconf 86' lang='grc' dir='ltr'>ἐκεῖνος</span> <span class='ocrx_word' id='word_1_359' title='bbox 3615 2079 3710 2146; x_wconf 82' lang='grc' dir='ltr'>τῆς</span> <span class='ocrx_word' id='word_1_360' title='bbox 3733 2078 3886 2140; x_wconf 80' lang='grc' dir='ltr'>θείας</span> 
     </span>
    </p>
   </div>
   <div class='ocr_carea' id='block_1_49' title="bbox 2333 2160 3891 2240">
    <p class='ocr_par' dir='ltr' id='par_1_49' title="bbox 2333 2160 3891 2240">
     <span class='ocr_line' id='line_1_49' title="bbox 2333 2160 3891 2240; baseline 0.005 -26"><span class='ocrx_word' id='word_1_361' title='bbox 2333 2160 2563 2214; x_wconf 72' lang='grc' dir='ltr'>κιϐωτοῦ</span> <span class='ocrx_word' id='word_1_362' title='bbox 2597 2167 3047 2236; x_wconf 85' lang='grc' dir='ltr'>παρατραπείσης</span> <span class='ocrx_word' id='word_1_363' title='bbox 3070 2168 3346 2238; x_wconf 70' lang='grc' dir='ltr'>ἁψάμενος</span> <span class='ocrx_word' id='word_1_364' title='bbox 3396 2171 3457 2222; x_wconf 88' lang='grc' dir='ltr'><strong>ού</strong></span> <span class='ocrx_word' id='word_1_365' title='bbox 3511 2171 3727 2240; x_wconf 75' lang='grc' dir='ltr'>μικρὸν]</span> <span class='ocrx_word' id='word_1_366' title='bbox 3753 2187 3891 2222; x_wconf 79' lang='grc' dir='ltr'>κατι</span> 
     </span>
    </p>
   </div>
   <div class='ocr_carea' id='block_1_50' title="bbox 2330 2251 3889 2327">
    <p class='ocr_par' dir='ltr' id='par_1_50' title="bbox 2330 2251 3889 2327">
     <span class='ocr_line' id='line_1_50' title="bbox 2330 2251 3889 2327; baseline 0.004 -23"><span class='ocrx_word' id='word_1_367' title='bbox 2330 2251 2525 2320; x_wconf 80' lang='grc' dir='ltr'>εκρίθη</span> <span class='ocrx_word' id='word_1_368' title='bbox 2563 2253 2623 2304; x_wconf 83' lang='grc' dir='ltr'>τὸ</span> <span class='ocrx_word' id='word_1_369' title='bbox 2652 2254 2927 2324; x_wconf 78' lang='grc' dir='ltr'>ἐπιτίμιον</span> <span class='ocrx_word' id='word_1_370' title='bbox 2977 2257 3186 2324; x_wconf 88' lang='grc' dir='ltr'>(καίτοι</span> <span class='ocrx_word' id='word_1_371' title='bbox 3239 2259 3438 2321; x_wconf 79' lang='grc' dir='ltr'>σκοπὸς</span> <span class='ocrx_word' id='word_1_372' title='bbox 3488 2261 3546 2312; x_wconf 90' lang='grc' dir='ltr'><strong>ἐν</strong></span> <span class='ocrx_word' id='word_1_373' title='bbox 3574 2260 3718 2324; x_wconf 86' lang='grc' dir='ltr'>αὑτῷ</span> <span class='ocrx_word' id='word_1_374' title='bbox 3747 2259 3889 2327; x_wconf 79' lang='grc' dir='ltr'>πρὸς</span> 
     </span>
    </p>
   </div>
   <div class='ocr_carea' id='block_1_51' title="bbox 2331 2343 3887 2419">
    <p class='ocr_par' dir='ltr' id='par_1_51' title="bbox 2331 2343 3887 2419">
     <span class='ocr_line' id='line_1_51' title="bbox 2331 2343 3887 2419; baseline 0.003 -23"><span class='ocrx_word' id='word_1_375' title='bbox 2331 2343 2628 2412; x_wconf 87' lang='grc' dir='ltr'>ἀνόρθωσιν</span> <span class='ocrx_word' id='word_1_376' title='bbox 2651 2345 2872 2414; x_wconf 81' lang='grc' dir='ltr'>ταύτης,</span> <span class='ocrx_word' id='word_1_377' title='bbox 2911 2346 2973 2398; x_wconf 88' lang='grc' dir='ltr'><strong>ού</strong></span> <span class='ocrx_word' id='word_1_378' title='bbox 3016 2348 3153 2417; x_wconf 80' lang='grc' dir='ltr'>πρὸς</span> <span class='ocrx_word' id='word_1_379' title='bbox 3202 2348 3575 2419; x_wconf 78' lang='grc' dir='ltr'>καθαίρεσιν),</span> <span class='ocrx_word' id='word_1_380' title='bbox 3601 2349 3684 2411; x_wconf 91' lang='grc' dir='ltr'><strong>τίς</strong></span> <span class='ocrx_word' id='word_1_381' title='bbox 3739 2347 3887 2401; x_wconf 76' lang='grc' dir='ltr'>οὕτω</span> 
     </span>
    </p>
   </div>
   <div class='ocr_carea' id='block_1_52' title="bbox 2328 2434 3886 2510">
    <p class='ocr_par' dir='ltr' id='par_1_52' title="bbox 2328 2434 3886 2510">
     <span class='ocr_line' id='line_1_52' title="bbox 2328 2434 3886 2510; baseline 0.003 -25"><span class='ocrx_word' id='word_1_382' title='bbox 2328 2434 2593 2503; x_wconf 80' lang='grc' dir='ltr'>τολμηρὸς</span> <span class='ocrx_word' id='word_1_383' title='bbox 2617 2435 2708 2487; x_wconf 72' lang='grc' dir='ltr'>καὶ</span> <span class='ocrx_word' id='word_1_384' title='bbox 2728 2437 2806 2498; x_wconf 84' lang='grc' dir='ltr'><strong>είς</strong></span> <span class='ocrx_word' id='word_1_385' title='bbox 2831 2437 3067 2506; x_wconf 78' lang='grc' dir='ltr'>ἐσχάτην</span> <span class='ocrx_word' id='word_1_386' title='bbox 3089 2440 3362 2492; x_wconf 83' lang='grc' dir='ltr'>ἀναίδειαν</span> <span class='ocrx_word' id='word_1_387' title='bbox 3384 2441 3476 2493; x_wconf 84' lang='grc' dir='ltr'>καὶ</span> <span class='ocrx_word' id='word_1_388' title='bbox 3503 2440 3886 2510; x_wconf 79' lang='grc' dir='ltr'>ὑπερηφανίαν</span> 
     </span>
    </p>
   </div>
   <div class='ocr_carea' id='block_1_53' title="bbox 2326 2524 3887 2599">
    <p class='ocr_par' dir='ltr' id='par_1_53' title="bbox 2326 2524 3887 2599">
     <span class='ocr_line' id='line_1_53' title="bbox 2326 2524 3887 2599; baseline 0.009 -23"><span class='ocrx_word' id='word_1_389' title='bbox 2326 2524 2646 2592; x_wconf 78' lang='grc' dir='ltr'>ἐξενεχθεὶς,</span> <span class='ocrx_word' id='word_1_390' title='bbox 2677 2527 2948 2595; x_wconf 87' lang='grc' dir='ltr'>πνεύματι</span> <span class='ocrx_word' id='word_1_391' title='bbox 2980 2529 3198 2591; x_wconf 84' lang='grc' dir='ltr'>πάντως</span> <span class='ocrx_word' id='word_1_392' title='bbox 3226 2530 3491 2597; x_wconf 84' lang='grc' dir='ltr'>ἀγόμενος</span> <span class='ocrx_word' id='word_1_393' title='bbox 3537 2529 3778 2599; x_wconf 75' lang='grc' dir='ltr'>πονηρῷ.</span> <span class='ocrx_word' id='word_1_394' title='bbox 3825 2529 3887 2590; x_wconf 69' lang='grc' dir='ltr'><strong>δῖ</strong></span> 
     </span>
    </p>
   </div>
   <div class='ocr_carea' id='block_1_54' title="bbox 2330 2612 3883 2689">
    <p class='ocr_par' dir='ltr' id='par_1_54' title="bbox 2330 2612 3883 2689">
     <span class='ocr_line' id='line_1_54' title="bbox 2330 2612 3883 2689; baseline 0.005 -24"><span class='ocrx_word' id='word_1_395' title='bbox 2330 2612 2404 2681; x_wconf 80' lang='grc' dir='ltr'>μὴ</span> <span class='ocrx_word' id='word_1_396' title='bbox 2464 2614 2624 2682; x_wconf 78' lang='grc' dir='ltr'>μόνον</span> <span class='ocrx_word' id='word_1_397' title='bbox 2683 2617 2781 2668; x_wconf 87' lang='grc' dir='ltr'><strong>ούκ</strong></span> <span class='ocrx_word' id='word_1_398' title='bbox 2840 2617 3173 2686; x_wconf 68' lang='grc' dir='ltr'>ἐπανορθοῦν</span> <span class='ocrx_word' id='word_1_399' title='bbox 3216 2622 3451 2689; x_wconf 73' lang='grc' dir='ltr'>αἱρεῖται</span> <span class='ocrx_word' id='word_1_400' title='bbox 3503 2623 3572 2674; x_wconf 83' lang='grc' dir='ltr'>τὰ</span> <span class='ocrx_word' id='word_1_401' title='bbox 3639 2619 3756 2673; x_wconf 88' lang='grc' dir='ltr'>θεῖα</span> <span class='ocrx_word' id='word_1_402' title='bbox 3787 2621 3883 2673; x_wconf 80' lang='grc' dir='ltr'>καὶ</span> 
     </span>
    </p>
   </div>
   <div class='ocr_carea' id='block_1_55' title="bbox 2325 2705 3883 2778">
    <p class='ocr_par' dir='ltr' id='par_1_55' title="bbox 2325 2705 3883 2778">
     <span class='ocr_line' id='line_1_55' title="bbox 2325 2705 3883 2778; baseline 0.004 -24"><span class='ocrx_word' id='word_1_403' title='bbox 2325 2705 2672 2773; x_wconf 76' lang='grc' dir='ltr'>πνευματικὰ</span> <span class='ocrx_word' id='word_1_404' title='bbox 2692 2707 3062 2776; x_wconf 72' lang='grc' dir='ltr'>διατέιγματα,</span> <span class='ocrx_word' id='word_1_405' title='bbox 3089 2711 3226 2763; x_wconf 87' lang='grc' dir='ltr'><strong>ἀλλά</strong></span> <span class='ocrx_word' id='word_1_406' title='bbox 3254 2712 3347 2762; x_wconf 65' lang='grc' dir='ltr'><strong>καὶ⁵</strong></span> <span class='ocrx_word' id='word_1_407' title='bbox 3365 2712 3463 2778; x_wconf 77' lang='grc' dir='ltr'>τὴν</span> <span class='ocrx_word' id='word_1_408' title='bbox 3491 2709 3735 2761; x_wconf 79' lang='grc' dir='ltr'>ἐναντίαν</span> <span class='ocrx_word' id='word_1_409' title='bbox 3761 2726 3883 2777; x_wconf 82' lang='grc' dir='ltr'>τρε-</span> 
     </span>
    </p>
   </div>
   <div class='ocr_carea' id='block_1_56' title="bbox 2325 2795 3879 2867">
    <p class='ocr_par' dir='ltr' id='par_1_56' title="bbox 2325 2795 3879 2867">
     <span class='ocr_line' id='line_1_56' title="bbox 2325 2795 3879 2867; baseline 0.003 -23"><span class='ocrx_word' id='word_1_410' title='bbox 2325 2795 2581 2860; x_wconf 86' lang='grc' dir='ltr'>πόμενος,</span> <span class='ocrx_word' id='word_1_411' title='bbox 2609 2797 3009 2862; x_wconf 88' lang='grc' dir='ltr'>παρασαλεύειν</span> <span class='ocrx_word' id='word_1_412' title='bbox 3054 2798 3225 2852; x_wconf 88' lang='grc' dir='ltr'>ταῦτα</span> <span class='ocrx_word' id='word_1_413' title='bbox 3256 2800 3350 2852; x_wconf 70' lang='grc' dir='ltr'>καὶ</span> <span class='ocrx_word' id='word_1_414' title='bbox 3407 2799 3687 2867; x_wconf 82' lang='grc' dir='ltr'>καθαιρεῖν</span> <span class='ocrx_word' id='word_1_415' title='bbox 3723 2800 3879 2851; x_wconf 85' lang='grc' dir='ltr'>ἀναι-</span> 
     </span>
    </p>
   </div>
   <div class='ocr_carea' id='block_1_57' title="bbox 2323 2883 3881 2959">
    <p class='ocr_par' dir='ltr' id='par_1_57' title="bbox 2323 2883 3881 2959">
     <span class='ocr_line' id='line_1_57' title="bbox 2323 2883 3881 2959; baseline 0.004 -25"><span class='ocrx_word' id='word_1_416' title='bbox 2323 2883 2570 2945; x_wconf 82' lang='grc' dir='ltr'>δεύεται,</span> <span class='ocrx_word' id='word_1_417' title='bbox 2601 2885 2697 2937; x_wconf 78' lang='grc' dir='ltr'>καὶ</span> <span class='ocrx_word' id='word_1_418' title='bbox 2725 2887 3024 2954; x_wconf 81' lang='grc' dir='ltr'>παραλύειν</span> <span class='ocrx_word' id='word_1_419' title='bbox 3053 2889 3121 2941; x_wconf 88' lang='grc' dir='ltr'><strong>τά</strong></span> <span class='ocrx_word' id='word_1_420' title='bbox 3156 2889 3369 2956; x_wconf 88' lang='grc' dir='ltr'>παγίως</span> <span class='ocrx_word' id='word_1_421' title='bbox 3407 2888 3740 2959; x_wconf 75' lang='grc' dir='ltr'>ἡδρασμένα,</span> <span class='ocrx_word' id='word_1_422' title='bbox 3785 2889 3881 2941; x_wconf 77' lang='grc' dir='ltr'>καὶ</span> 
     </span>
    </p>
   </div>
   <div class='ocr_carea' id='block_1_58' title="bbox 2324 2979 3881 3052">
    <p class='ocr_par' dir='ltr' id='par_1_58' title="bbox 2324 2979 3881 3052">
     <span class='ocr_line' id='line_1_58' title="bbox 2324 2979 3881 3052; baseline 0.001 -19"><span class='ocrx_word' id='word_1_423' title='bbox 2324 2984 2646 3050; x_wconf 79' lang='grc' dir='ltr'>παρακινεῖν</span> <span class='ocrx_word' id='word_1_424' title='bbox 2675 2983 2744 3035; x_wconf 76' lang='grc' dir='ltr'><strong>τὰ</strong></span> <span class='ocrx_word' id='word_1_425' title='bbox 2771 2982 3061 3045; x_wconf 80' lang='grc' dir='ltr'>ἀσάλευτα,</span> <span class='ocrx_word' id='word_1_426' title='bbox 3095 2981 3509 3052; x_wconf 81' lang='grc' dir='ltr'>ᾠκοδομημένα,</span> <span class='ocrx_word' id='word_1_427' title='bbox 3548 2979 3728 3041; x_wconf 83' lang='grc' dir='ltr'>καθώς</span> <span class='ocrx_word' id='word_1_428' title='bbox 3777 2996 3881 3047; x_wconf 80' lang='grc' dir='ltr'>φη-</span> 
     </span>
    </p>
   </div>
   <div class='ocr_carea' id='block_1_59' title="bbox 665 3071 2223 3149">
    <p class='ocr_par' dir='ltr' id='par_1_59' title="bbox 665 3079 2220 3149">
     <span class='ocr_line' id='line_1_59' title="bbox 665 3079 2220 3149; baseline 0 -17"><span class='ocrx_word' id='word_1_429' title='bbox 665 3090 804 3142; x_wconf 79' lang='lat' dir='ltr'><strong>cata,</strong></span> <span class='ocrx_word' id='word_1_430' title='bbox 837 3091 894 3132; x_wconf 90' lang='lat' dir='ltr'><strong>ut</strong></span> <span class='ocrx_word' id='word_1_431' title='bbox 919 3080 1093 3140; x_wconf 87' lang='lat' dir='ltr'><strong>aiunt,</strong></span> <span class='ocrx_word' id='word_1_432' title='bbox 1125 3095 1284 3147; x_wconf 88' lang='lat' dir='ltr'><strong>supra</strong></span> <span class='ocrx_word' id='word_1_433' title='bbox 1327 3079 1734 3134; x_wconf 81' lang='lat' dir='ltr'><strong>fundamentum</strong></span> <span class='ocrx_word' id='word_1_434' title='bbox 1773 3080 2137 3149; x_wconf 89' lang='lat' dir='ltr'><strong>apostolorum</strong></span> <span class='ocrx_word' id='word_1_435' title='bbox 2165 3091 2220 3132; x_wconf 87' lang='lat' dir='ltr'><strong>et.</strong></span> 
     </span>
    </p>
   </div>
   <div class='ocr_carea' id='block_1_60' title="bbox 2328 3071 3876 3149">
    <p class='ocr_par' dir='ltr' id='par_1_60' title="bbox 2328 3071 3876 3143">
     <span class='ocr_line' id='line_1_60' title="bbox 2328 3071 3876 3143; baseline -0.002 -19"><span class='ocrx_word' id='word_1_436' title='bbox 2328 3089 2429 3136; x_wconf 89' lang='grc' dir='ltr'>σιν,</span> <span class='ocrx_word' id='word_1_437' title='bbox 2470 3075 2560 3125; x_wconf 77' lang='grc' dir='ltr'>ἐπὶ</span> <span class='ocrx_word' id='word_1_438' title='bbox 2589 3073 2664 3142; x_wconf 81' lang='grc' dir='ltr'>τῷ</span> <span class='ocrx_word' id='word_1_439' title='bbox 2690 3074 2925 3143; x_wconf 84' lang='grc' dir='ltr'>θεμελίῳ</span> <span class='ocrx_word' id='word_1_440' title='bbox 2958 3074 3065 3126; x_wconf 85' lang='grc' dir='ltr'><strong>τῶν</strong></span> <span class='ocrx_word' id='word_1_441' title='bbox 3087 3074 3400 3126; x_wconf 76' lang='grc' dir='ltr'>ἀποστόλων</span> <span class='ocrx_word' id='word_1_442' title='bbox 3433 3073 3527 3125; x_wconf 81' lang='grc' dir='ltr'><strong>καὶ</strong></span> <span class='ocrx_word' id='word_1_443' title='bbox 3557 3071 3876 3140; x_wconf 77' lang='grc' dir='ltr'>προφητῶνς</span> 
     </span>
    </p>
   </div>
   <div class='ocr_carea' id='block_1_61' title="bbox 668 3169 2218 3240">
    <p class='ocr_par' dir='ltr' id='par_1_61' title="bbox 668 3169 2218 3240">
     <span class='ocr_line' id='line_1_61' title="bbox 668 3169 2218 3240; baseline 0.003 -18"><span class='ocrx_word' id='word_1_444' title='bbox 668 3169 1093 3239; x_wconf 72' lang='lat' dir='ltr'><strong>prophetarum?</strong></span> <span class='ocrx_word' id='word_1_445' title='bbox 1118 3171 1408 3240; x_wconf 81' lang='lat' dir='ltr'><strong>Propterea</strong></span> <span class='ocrx_word' id='word_1_446' title='bbox 1447 3184 1628 3226; x_wconf 92' lang='lat' dir='ltr'><strong>nostra</strong></span> <span class='ocrx_word' id='word_1_447' title='bbox 1667 3187 1882 3240; x_wconf 91' lang='lat' dir='ltr'><strong>quoque</strong></span> <span class='ocrx_word' id='word_1_448' title='bbox 1917 3173 2218 3226; x_wconf 84' lang='lat' dir='ltr'><strong>moderatio</strong></span> 
     </span>
    </p>
   </div>
   <div class='ocr_carea' id='block_1_62' title="bbox 667 3261 2217 3318">
    <p class='ocr_par' dir='ltr' id='par_1_62' title="bbox 667 3261 2217 3318">
     <span class='ocr_line' id='line_1_62' title="bbox 667 3261 2217 3318; baseline 0.003 -6"><span class='ocrx_word' id='word_1_449' title='bbox 667 3279 770 3315; x_wconf 90' lang='lat' dir='ltr'><strong>non</strong></span> <span class='ocrx_word' id='word_1_450' title='bbox 824 3261 1100 3315; x_wconf 79' lang='lat' dir='ltr'><strong>ferendum</strong></span> <span class='ocrx_word' id='word_1_451' title='bbox 1161 3277 1282 3316; x_wconf 90' lang='lat' dir='ltr'><strong>esse</strong></span> <span class='ocrx_word' id='word_1_452' title='bbox 1342 3271 1455 3316; x_wconf 88' lang='lat' dir='ltr'><strong>rata</strong></span> <span class='ocrx_word' id='word_1_453' title='bbox 1515 3263 1709 3316; x_wconf 91' lang='lat' dir='ltr'><strong>malam</strong></span> <span class='ocrx_word' id='word_1_454' title='bbox 1778 3265 2217 3318; x_wconf 88' lang='lat' dir='ltr'><strong>consuetudinem</strong></span> 
     </span>
    </p>
   </div>
   <div class='ocr_carea' id='block_1_63' title="bbox 665 3353 2218 3421">
    <p class='ocr_par' dir='ltr' id='par_1_63' title="bbox 665 3353 2218 3421">
     <span class='ocr_line' id='line_1_63' title="bbox 665 3353 2218 3421; baseline 0.001 -17"><span class='ocrx_word' id='word_1_455' title='bbox 665 3353 839 3406; x_wconf 82' lang='lat' dir='ltr'><strong>adhuc</strong></span> <span class='ocrx_word' id='word_1_456' title='bbox 870 3355 1095 3413; x_wconf 84' lang='lat' dir='ltr'><strong>servari,</strong></span> <span class='ocrx_word' id='word_1_457' title='bbox 1128 3369 1246 3421; x_wconf 74' lang='lat' dir='ltr'><strong>quae</strong></span> <span class='ocrx_word' id='word_1_458' title='bbox 1287 3354 1465 3408; x_wconf 88' lang='lat' dir='ltr'><strong>divina</strong></span> <span class='ocrx_word' id='word_1_459' title='bbox 1525 3364 1579 3408; x_wconf 91' lang='lat' dir='ltr'><strong>et</strong></span> <span class='ocrx_word' id='word_1_460' title='bbox 1627 3354 1860 3406; x_wconf 87' lang='lat' dir='ltr'><strong>humana</strong></span> <span class='ocrx_word' id='word_1_461' title='bbox 1917 3353 2218 3415; x_wconf 80' lang='lat' dir='ltr'><strong>confundit,</strong></span> 
     </span>
    </p>
   </div>
   <div class='ocr_carea' id='block_1_64' title="bbox 664 3442 2219 3511">
    <p class='ocr_par' dir='ltr' id='par_1_64' title="bbox 664 3442 2219 3511">
     <span class='ocr_line' id='line_1_64' title="bbox 664 3442 2219 3511; baseline -0.001 -15"><span class='ocrx_word' id='word_1_462' title='bbox 664 3453 717 3496; x_wconf 89' lang='lat' dir='ltr'><strong>et</strong></span> <span class='ocrx_word' id='word_1_463' title='bbox 754 3443 1027 3510; x_wconf 67' lang='lat' dir='ltr'><strong>Ecclesiae,</strong></span> <span class='ocrx_word' id='word_1_464' title='bbox 1053 3459 1170 3511; x_wconf 73' lang='lat' dir='ltr'><strong>qum</strong></span> <span class='ocrx_word' id='word_1_465' title='bbox 1211 3455 1293 3498; x_wconf 87' lang='lat' dir='ltr'><strong>est</strong></span> <span class='ocrx_word' id='word_1_466' title='bbox 1327 3446 1393 3497; x_wconf 85' lang='lat' dir='ltr'><strong>ab</strong></span> <span class='ocrx_word' id='word_1_467' title='bbox 1426 3445 1570 3498; x_wconf 90' lang='lat' dir='ltr'><strong>omni</strong></span> <span class='ocrx_word' id='word_1_468' title='bbox 1605 3443 2020 3511; x_wconf 81' lang='lat' dir='ltr'><strong>reprehensione</strong></span> <span class='ocrx_word' id='word_1_469' title='bbox 2049 3442 2219 3495; x_wconf 88' lang='lat' dir='ltr'><strong>aliena</strong></span> 
     </span>
    </p>
   </div>
   <div class='ocr_carea' id='block_1_65' title="bbox 667 3531 2222 3600">
    <p class='ocr_par' dir='ltr' id='par_1_65' title="bbox 667 3531 2222 3600">
     <span class='ocr_line' id='line_1_65' title="bbox 667 3531 2222 3600; baseline -0.001 -16"><span class='ocrx_word' id='word_1_470' title='bbox 667 3534 755 3588; x_wconf 84' lang='lat' dir='ltr'><strong>Dei</strong></span> <span class='ocrx_word' id='word_1_471' title='bbox 791 3549 1008 3600; x_wconf 88' lang='lat' dir='ltr'><strong>sponsa,</strong></span> <span class='ocrx_word' id='word_1_472' title='bbox 1037 3535 1408 3588; x_wconf 90' lang='lat' dir='ltr'><strong>constitutioni</strong></span> <span class='ocrx_word' id='word_1_473' title='bbox 1438 3549 1542 3587; x_wconf 92' lang='lat' dir='ltr'><strong>non</strong></span> <span class='ocrx_word' id='word_1_474' title='bbox 1571 3534 1815 3600; x_wconf 76' lang='lat' dir='ltr'><strong>vulgares</strong></span> <span class='ocrx_word' id='word_1_475' title='bbox 1847 3531 2080 3585; x_wconf 84' lang='lat' dir='ltr'><strong>maculas</strong></span> <span class='ocrx_word' id='word_1_476' title='bbox 2106 3532 2222 3584; x_wconf 86' lang='lat' dir='ltr'><strong>inu-</strong></span> 
     </span>
    </p>
   </div>
   <div class='ocr_carea' id='block_1_66' title="bbox 666 3623 2216 3699">
    <p class='ocr_par' dir='ltr' id='par_1_66' title="bbox 666 3623 2216 3699">
     <span class='ocr_line' id='line_1_66' title="bbox 666 3623 2216 3699; baseline 0.001 -26"><span class='ocrx_word' id='word_1_477' title='bbox 666 3625 752 3687; x_wconf 86' lang='lat' dir='ltr'><strong>rit,</strong></span> <span class='ocrx_word' id='word_1_478' title='bbox 785 3639 1009 3699; x_wconf 58' lang='lat' dir='ltr'><strong>quaeque</strong></span> <span class='ocrx_word' id='word_1_479' title='bbox 1033 3623 1281 3690; x_wconf 85' lang='lat' dir='ltr'><strong>superbia</strong></span> <span class='ocrx_word' id='word_1_480' title='bbox 1307 3633 1359 3676; x_wconf 90' lang='lat' dir='ltr'><strong>et</strong></span> <span class='ocrx_word' id='word_1_481' title='bbox 1384 3639 1520 3676; x_wconf 82' lang='lat' dir='ltr'><strong>vana</strong></span> <span class='ocrx_word' id='word_1_482' title='bbox 1554 3624 1938 3691; x_wconf 80' lang='lat' dir='ltr'><strong>negotiatiOue,</strong></span> <span class='ocrx_word' id='word_1_483' title='bbox 1959 3631 2012 3675; x_wconf 92' lang='lat' dir='ltr'><strong>et</strong></span> <span class='ocrx_word' id='word_1_484' title='bbox 2043 3624 2094 3675; x_wconf 89' lang='lat' dir='ltr'><strong>in</strong></span> <span class='ocrx_word' id='word_1_485' title='bbox 2127 3623 2216 3684; x_wconf 90' lang='lat' dir='ltr'><strong>iis,</strong></span> 
     </span>
    </p>
   </div>
   <div class='ocr_carea' id='block_1_67' title="bbox 664 3713 2223 3781">
    <p class='ocr_par' dir='ltr' id='par_1_67' title="bbox 664 3713 2223 3781">
     <span class='ocr_line' id='line_1_67' title="bbox 664 3713 2223 3781; baseline 0.001 -19"><span class='ocrx_word' id='word_1_486' title='bbox 664 3729 787 3781; x_wconf 69' lang='lat' dir='ltr'><strong>quae</strong></span> <span class='ocrx_word' id='word_1_487' title='bbox 818 3725 943 3766; x_wconf 86' lang='lat' dir='ltr'><strong>sunt</strong></span> <span class='ocrx_word' id='word_1_488' title='bbox 975 3713 1181 3781; x_wconf 83' lang='lat' dir='ltr'><strong>abjecta</strong></span> <span class='ocrx_word' id='word_1_489' title='bbox 1220 3713 1286 3765; x_wconf 85' lang='lat' dir='ltr'><strong>ab</strong></span> <span class='ocrx_word' id='word_1_490' title='bbox 1324 3728 1494 3781; x_wconf 93' lang='lat' dir='ltr'><strong>eaque</strong></span> <span class='ocrx_word' id='word_1_491' title='bbox 1530 3713 1901 3772; x_wconf 85' lang='lat' dir='ltr'><strong>abhorrentia,</strong></span> <span class='ocrx_word' id='word_1_492' title='bbox 1948 3713 2125 3765; x_wconf 88' lang='lat' dir='ltr'><strong>studio</strong></span> <span class='ocrx_word' id='word_1_493' title='bbox 2167 3721 2223 3764; x_wconf 92' lang='lat' dir='ltr'><strong>et</strong></span> 
     </span>
    </p>
   </div>
   <div class='ocr_carea' id='block_1_68' title="bbox 665 3803 2219 3871">
    <p class='ocr_par' dir='ltr' id='par_1_68' title="bbox 665 3803 2219 3871">
     <span class='ocr_line' id='line_1_68' title="bbox 665 3803 2219 3871; baseline -0.001 -16"><span class='ocrx_word' id='word_1_494' title='bbox 665 3805 868 3866; x_wconf 90' lang='lat' dir='ltr'><strong>labore.</strong></span> <span class='ocrx_word' id='word_1_495' title='bbox 898 3813 952 3858; x_wconf 93' lang='lat' dir='ltr'><strong>et</strong></span> <span class='ocrx_word' id='word_1_496' title='bbox 979 3804 1228 3871; x_wconf 86' lang='lat' dir='ltr'><strong>turpibus</strong></span> <span class='ocrx_word' id='word_1_497' title='bbox 1248 3813 1502 3870; x_wconf 67' lang='lat' dir='ltr'><strong>praeterea</strong></span> <span class='ocrx_word' id='word_1_498' title='bbox 1535 3803 1718 3864; x_wconf 87' lang='lat' dir='ltr'><strong>lucris,</strong></span> <span class='ocrx_word' id='word_1_499' title='bbox 1745 3803 1861 3870; x_wconf 80' lang='lat' dir='ltr'><strong>ejus</strong></span> <span class='ocrx_word' id='word_1_500' title='bbox 1886 3803 2219 3856; x_wconf 84' lang='lat' dir='ltr'><strong>honestatem</strong></span> 
     </span>
    </p>
   </div>
   <div class='ocr_carea' id='block_1_69' title="bbox 663 3891 2222 3963">
    <p class='ocr_par' dir='ltr' id='par_1_69' title="bbox 663 3891 2222 3963">
     <span class='ocr_line' id='line_1_69' title="bbox 663 3891 2222 3963; baseline -0.001 -17"><span class='ocrx_word' id='word_1_501' title='bbox 663 3895 1112 3963; x_wconf 65' lang='lat' dir='ltr'><strong>splendoremque</strong></span> <span class='ocrx_word' id='word_1_502' title='bbox 1132 3893 1349 3962; x_wconf 90' lang='lat' dir='ltr'><strong>polluit;</strong></span> <span class='ocrx_word' id='word_1_503' title='bbox 1378 3894 1552 3946; x_wconf 88' lang='lat' dir='ltr'><strong>visum</strong></span> <span class='ocrx_word' id='word_1_504' title='bbox 1579 3902 1660 3946; x_wconf 90' lang='lat' dir='ltr'><strong>est</strong></span> <span class='ocrx_word' id='word_1_505' title='bbox 1681 3908 1797 3947; x_wconf 88' lang='lat' dir='ltr'><strong>eam</strong></span> <span class='ocrx_word' id='word_1_506' title='bbox 1821 3907 1938 3945; x_wconf 91' lang='lat' dir='ltr'><strong>esse</strong></span> <span class='ocrx_word' id='word_1_507' title='bbox 1965 3891 2222 3944; x_wconf 84' lang='lat' dir='ltr'><strong>radicitus</strong></span> 
     </span>
    </p>
   </div>
   <div class='ocr_carea' id='block_1_70' title="bbox 664 3983 2222 4053">
    <p class='ocr_par' dir='ltr' id='par_1_70' title="bbox 664 3983 2222 4053">
     <span class='ocr_line' id='line_1_70' title="bbox 664 3983 2222 4053; baseline -0.002 -17"><span class='ocrx_word' id='word_1_508' title='bbox 664 3987 1015 4051; x_wconf 76' lang='lat' dir='ltr'><strong>evellendam,</strong></span> <span class='ocrx_word' id='word_1_509' title='bbox 1041 3995 1098 4039; x_wconf 92' lang='lat' dir='ltr'><strong>ut</strong></span> <span class='ocrx_word' id='word_1_510' title='bbox 1129 4001 1234 4040; x_wconf 90' lang='lat' dir='ltr'><strong>non</strong></span> <span class='ocrx_word' id='word_1_511' title='bbox 1267 3985 1495 4053; x_wconf 88' lang='lat' dir='ltr'><strong>amplius</strong></span> <span class='ocrx_word' id='word_1_512' title='bbox 1529 3995 1814 4038; x_wconf 88' lang='lat' dir='ltr'><strong>enascatur</strong></span> <span class='ocrx_word' id='word_1_513' title='bbox 1839 3984 1986 4037; x_wconf 80' lang='lat' dir='ltr'><strong>radix</strong></span> <span class='ocrx_word' id='word_1_514' title='bbox 2022 3983 2222 4035; x_wconf 87' lang='lat' dir='ltr'><strong>amari-</strong></span> 
     </span>
    </p>
   </div>
   <div class='ocr_carea' id='block_1_71' title="bbox 667 4073 2220 4141">
    <p class='ocr_par' dir='ltr' id='par_1_71' title="bbox 667 4073 2220 4141">
     <span class='ocr_line' id='line_1_71' title="bbox 667 4073 2220 4141; baseline -0.001 -15"><span class='ocrx_word' id='word_1_515' title='bbox 667 4075 887 4139; x_wconf 87' lang='lat' dir='ltr'><strong>tudinis,</strong></span> <span class='ocrx_word' id='word_1_516' title='bbox 923 4076 1216 4129; x_wconf 86' lang='lat' dir='ltr'><strong>secundum</strong></span> <span class='ocrx_word' id='word_1_517' title='bbox 1275 4076 1514 4127; x_wconf 87' lang='lat' dir='ltr'><strong>divinum</strong></span> <span class='ocrx_word' id='word_1_518' title='bbox 1555 4073 1882 4141; x_wconf 89' lang='lat' dir='ltr'><strong>apostolum,</strong></span> <span class='ocrx_word' id='word_1_519' title='bbox 1944 4087 2038 4139; x_wconf 82' lang='lat' dir='ltr'><strong>per</strong></span> <span class='ocrx_word' id='word_1_520' title='bbox 2079 4087 2220 4140; x_wconf 73' lang='lat' dir='ltr'><strong>prte-</strong></span> 
     </span>
    </p>
   </div>
   <div class='ocr_carea' id='block_1_72' title="bbox 663 4161 2221 4231">
    <p class='ocr_par' dir='ltr' id='par_1_72' title="bbox 663 4161 2221 4231">
     <span class='ocr_line' id='line_1_72' title="bbox 663 4161 2221 4231; baseline -0.001 -16"><span class='ocrx_word' id='word_1_521' title='bbox 663 4172 870 4216; x_wconf 89' lang='lat' dir='ltr'><strong>sentem</strong></span> <span class='ocrx_word' id='word_1_522' title='bbox 904 4175 1141 4216; x_wconf 83' lang='lat' dir='ltr'><strong>nostram</strong></span> <span class='ocrx_word' id='word_1_523' title='bbox 1178 4163 1509 4230; x_wconf 84' lang='lat' dir='ltr'><strong>spiritualem</strong></span> <span class='ocrx_word' id='word_1_524' title='bbox 1543 4173 1596 4218; x_wconf 91' lang='lat' dir='ltr'><strong>et</strong></span> <span class='ocrx_word' id='word_1_525' title='bbox 1623 4162 1782 4231; x_wconf 82' lang='lat'><strong>537</strong></span> <span class='ocrx_word' id='word_1_526' title='bbox 1812 4171 2090 4230; x_wconf 88' lang='lat' dir='ltr'><strong>paternam</strong></span> <span class='ocrx_word' id='word_1_527' title='bbox 2124 4161 2221 4214; x_wconf 81' lang='lat' dir='ltr'><strong>do-</strong></span> 
     </span>
    </p>
   </div>
   <div class='ocr_carea' id='block_1_73' title="bbox 664 4250 2223 4322">
    <p class='ocr_par' dir='ltr' id='par_1_73' title="bbox 664 4250 2223 4322">
     <span class='ocr_line' id='line_1_73' title="bbox 664 4250 2223 4322; baseline -0.002 -16"><span class='ocrx_word' id='word_1_528' title='bbox 664 4255 914 4317; x_wconf 85' lang='lat' dir='ltr'><strong>ctrinam,</strong></span> <span class='ocrx_word' id='word_1_529' title='bbox 938 4270 1053 4320; x_wconf 66' lang='lat' dir='ltr'><strong>quae</strong></span> <span class='ocrx_word' id='word_1_530' title='bbox 1078 4269 1298 4322; x_wconf 86' lang='lat' dir='ltr'><strong>sc0pum</strong></span> <span class='ocrx_word' id='word_1_531' title='bbox 1331 4253 1544 4321; x_wconf 90' lang='lat' dir='ltr'><strong>quidem</strong></span> <span class='ocrx_word' id='word_1_532' title='bbox 1567 4263 1749 4319; x_wconf 83' lang='lat' dir='ltr'><strong>aperte</strong></span> <span class='ocrx_word' id='word_1_533' title='bbox 1776 4250 2018 4304; x_wconf 87' lang='lat' dir='ltr'><strong>declarat</strong></span> <span class='ocrx_word' id='word_1_534' title='bbox 2046 4263 2223 4303; x_wconf 71' lang='lat' dir='ltr'><strong>causte</strong></span> 
     </span>
    </p>
   </div>
   <div class='ocr_carea' id='block_1_74' title="bbox 666 4339 2217 4413">
    <p class='ocr_par' dir='ltr' id='par_1_74' title="bbox 666 4339 2217 4413">
     <span class='ocr_line' id='line_1_74' title="bbox 666 4339 2217 4413; baseline -0.003 -17"><span class='ocrx_word' id='word_1_535' title='bbox 666 4345 950 4413; x_wconf 73' lang='lat' dir='ltr'><strong>propositae</strong></span> <span class='ocrx_word' id='word_1_536' title='bbox 983 4347 1046 4397; x_wconf 92' lang='lat' dir='ltr'><strong>de</strong></span> <span class='ocrx_word' id='word_1_537' title='bbox 1097 4345 1182 4406; x_wconf 89' lang='lat' dir='ltr'><strong>iis,</strong></span> <span class='ocrx_word' id='word_1_538' title='bbox 1219 4343 1311 4412; x_wconf 88' lang='lat' dir='ltr'><strong>qui</strong></span> <span class='ocrx_word' id='word_1_539' title='bbox 1355 4357 1564 4397; x_wconf 86' lang='lat' dir='ltr'><strong>sacram</strong></span> <span class='ocrx_word' id='word_1_540' title='bbox 1613 4341 1985 4395; x_wconf 87' lang='lat' dir='ltr'><strong>auctoritatem</strong></span> <span class='ocrx_word' id='word_1_541' title='bbox 2042 4339 2217 4393; x_wconf 89' lang='lat' dir='ltr'><strong>sortiti</strong></span> 
     </span>
    </p>
   </div>
   <div class='ocr_carea' id='block_1_75' title="bbox 666 4433 2222 4503">
    <p class='ocr_par' dir='ltr' id='par_1_75' title="bbox 666 4433 2222 4503">
     <span class='ocr_line' id='line_1_75' title="bbox 666 4433 2222 4503; baseline -0.001 -15"><span class='ocrx_word' id='word_1_542' title='bbox 666 4447 812 4501; x_wconf 84' lang='lat' dir='ltr'><strong>sttut,</strong></span> <span class='ocrx_word' id='word_1_543' title='bbox 843 4444 898 4490; x_wconf 90' lang='lat' dir='ltr'><strong>et</strong></span> <span class='ocrx_word' id='word_1_544' title='bbox 930 4436 1280 4491; x_wconf 68' lang='lat' dir='ltr'><strong>saecularibus</strong></span> <span class='ocrx_word' id='word_1_545' title='bbox 1295 4435 1504 4503; x_wconf 91' lang='lat' dir='ltr'><strong>seipsos</strong></span> <span class='ocrx_word' id='word_1_546' title='bbox 1533 4433 1937 4501; x_wconf 82' lang='lat' dir='ltr'><strong>magistratibus</strong></span> <span class='ocrx_word' id='word_1_547' title='bbox 1963 4442 2017 4487; x_wconf 88' lang='lat' dir='ltr'><strong>et</strong></span> <span class='ocrx_word' id='word_1_548' title='bbox 2047 4433 2222 4502; x_wconf 80' lang='lat' dir='ltr'><strong>digni-</strong></span> 
     </span>
    </p>
   </div>
   <div class='ocr_carea' id='block_1_76' title="bbox 669 4525 2218 4594">
    <p class='ocr_par' dir='ltr' id='par_1_76' title="bbox 669 4525 2218 4594">
     <span class='ocr_line' id='line_1_76' title="bbox 669 4525 2218 4594; baseline -0.001 -17"><span class='ocrx_word' id='word_1_549' title='bbox 669 4528 870 4580; x_wconf 86' lang='lat' dir='ltr'><strong>tatibus</strong></span> <span class='ocrx_word' id='word_1_550' title='bbox 896 4527 1149 4593; x_wconf 85' lang='lat' dir='ltr'><strong>curisque</strong></span> <span class='ocrx_word' id='word_1_551' title='bbox 1185 4541 1247 4579; x_wconf 88' lang='lat' dir='ltr'><strong>ac</strong></span> <span class='ocrx_word' id='word_1_552' title='bbox 1277 4526 1504 4594; x_wconf 81' lang='lat' dir='ltr'><strong>negotiis</strong></span> <span class='ocrx_word' id='word_1_553' title='bbox 1543 4525 1837 4592; x_wconf 89' lang='lat' dir='ltr'><strong>implicant.</strong></span> <span class='ocrx_word' id='word_1_554' title='bbox 1875 4525 1953 4576; x_wconf 83' lang='lat' dir='ltr'><strong>Ad</strong></span> <span class='ocrx_word' id='word_1_555' title='bbox 1995 4525 2218 4577; x_wconf 83' lang='lat' dir='ltr'><strong>verbum</strong></span> 
     </span>
    </p>
   </div>
   <div class='ocr_carea' id='block_1_77' title="bbox 666 4615 2224 4685">
    <p class='ocr_par' dir='ltr' id='par_1_77' title="bbox 666 4615 2224 4685">
     <span class='ocr_line' id='line_1_77' title="bbox 666 4615 2224 4685; baseline 0.001 -19"><span class='ocrx_word' id='word_1_556' title='bbox 666 4629 842 4670; x_wconf 71' lang='lat' dir='ltr'><strong>autem</strong></span> <span class='ocrx_word' id='word_1_557' title='bbox 869 4617 946 4671; x_wconf 84' lang='lat' dir='ltr'><strong>sic</strong></span> <span class='ocrx_word' id='word_1_558' title='bbox 985 4631 1042 4669; x_wconf 87' lang='lat' dir='ltr'><strong>se</strong></span> <span class='ocrx_word' id='word_1_559' title='bbox 1080 4618 1277 4671; x_wconf 78' lang='lat' dir='ltr'><strong>liabet:</strong></span> <span class='ocrx_word' id='word_1_560' title='bbox 1305 4618 1396 4677; x_wconf 90' lang='lat' dir='ltr'><strong>lis,</strong></span> <span class='ocrx_word' id='word_1_561' title='bbox 1416 4617 1506 4685; x_wconf 85' lang='lat' dir='ltr'><strong>qui</strong></span> <span class='ocrx_word' id='word_1_562' title='bbox 1536 4616 1946 4678; x_wconf 86' lang='lat' dir='ltr'><strong>sacerdotalem,</strong></span> <span class='ocrx_word' id='word_1_563' title='bbox 1975 4615 2224 4683; x_wconf 86' lang='lat' dir='ltr'><strong>inquiunt</strong></span> 
     </span>
    </p>
   </div>
   <div class='ocr_carea' id='block_1_78' title="bbox 667 4706 2224 4774">
    <p class='ocr_par' dir='ltr' id='par_1_78' title="bbox 667 4706 2224 4774">
     <span class='ocr_line' id='line_1_78' title="bbox 667 4706 2224 4774; baseline -0.003 -15"><span class='ocrx_word' id='word_1_564' title='bbox 667 4707 873 4765; x_wconf 84' lang='lat' dir='ltr'><strong>Patres.</strong></span> <span class='ocrx_word' id='word_1_565' title='bbox 900 4707 1217 4774; x_wconf 86' lang='lat' dir='ltr'><strong>dignitatem</strong></span> <span class='ocrx_word' id='word_1_566' title='bbox 1261 4708 1434 4760; x_wconf 87' lang='lat' dir='ltr'><strong>sortiti</strong></span> <span class='ocrx_word' id='word_1_567' title='bbox 1473 4718 1619 4769; x_wconf 91' lang='lat' dir='ltr'><strong>sunt,</strong></span> <span class='ocrx_word' id='word_1_568' title='bbox 1648 4706 1952 4759; x_wconf 83' lang='lat' dir='ltr'><strong>testimonia</strong></span> <span class='ocrx_word' id='word_1_569' title='bbox 1995 4713 2048 4758; x_wconf 95' lang='lat' dir='ltr'><strong>et</strong></span> <span class='ocrx_word' id='word_1_570' title='bbox 2087 4719 2224 4772; x_wconf 74' lang='lat' dir='ltr'><strong>prte-</strong></span> 
     </span>
    </p>
   </div>
   <div class='ocr_carea' id='block_1_79' title="bbox 666 4797 2224 4854">
    <p class='ocr_par' dir='ltr' id='par_1_79' title="bbox 666 4797 2224 4854">
     <span class='ocr_line' id='line_1_79' title="bbox 666 4797 2224 4854; baseline -0.004 0"><span class='ocrx_word' id='word_1_571' title='bbox 666 4798 807 4854; x_wconf 86' lang='lat' dir='ltr'><strong>clara</strong></span> <span class='ocrx_word' id='word_1_572' title='bbox 855 4797 995 4850; x_wconf 74' lang='lat' dir='ltr'><strong>facta</strong></span> <span class='ocrx_word' id='word_1_573' title='bbox 1054 4807 1178 4850; x_wconf 90' lang='lat' dir='ltr'><strong>sunt</strong></span> <span class='ocrx_word' id='word_1_574' title='bbox 1215 4799 1599 4852; x_wconf 83' lang='lat' dir='ltr'><strong>canonicarum</strong></span> <span class='ocrx_word' id='word_1_575' title='bbox 1647 4798 2093 4851; x_wconf 87' lang='lat' dir='ltr'><strong>constitutionum</strong></span> <span class='ocrx_word' id='word_1_576' title='bbox 2144 4797 2224 4848; x_wconf 86' lang='lat' dir='ltr'><strong>in-</strong></span> 
     </span>
    </p>
   </div>
   <div class='ocr_carea' id='block_1_80' title="bbox 666 4885 2222 4952">
    <p class='ocr_par' dir='ltr' id='par_1_80' title="bbox 666 4885 2222 4952">
     <span class='ocr_line' id='line_1_80' title="bbox 666 4885 2222 4952; baseline -0.002 -13"><span class='ocrx_word' id='word_1_577' title='bbox 666 4887 1042 4949; x_wconf 76' lang='lat' dir='ltr'><strong>formationes,</strong></span> <span class='ocrx_word' id='word_1_578' title='bbox 1086 4901 1223 4952; x_wconf 80' lang='lat' dir='ltr'><strong>quas</strong></span> <span class='ocrx_word' id='word_1_579' title='bbox 1276 4887 1438 4938; x_wconf 83' lang='lat' dir='ltr'><strong>etiam</strong></span> <span class='ocrx_word' id='word_1_580' title='bbox 1481 4887 1726 4940; x_wconf 84' lang='lat' dir='ltr'><strong>lubenter</strong></span> <span class='ocrx_word' id='word_1_581' title='bbox 1758 4888 2123 4947; x_wconf 81' lang='lat' dir='ltr'><strong>admittentes,</strong></span> <span class='ocrx_word' id='word_1_582' title='bbox 2158 4885 2222 4936; x_wconf 84' lang='lat' dir='ltr'><strong>ad</strong></span> 
     </span>
    </p>
   </div>
   <div class='ocr_carea' id='block_1_81' title="bbox 669 4975 2218 5039">
    <p class='ocr_par' dir='ltr' id='par_1_81' title="bbox 669 4975 2218 5039">
     <span class='ocr_line' id='line_1_81' title="bbox 669 4975 2218 5039; baseline -0.003 -10"><span class='ocrx_word' id='word_1_583' title='bbox 669 4977 952 5029; x_wconf 78' lang='lat' dir='ltr'><strong>hominum</strong></span> <span class='ocrx_word' id='word_1_584' title='bbox 987 4976 1152 5030; x_wconf 88' lang='lat' dir='ltr'><strong>Deum</strong></span> <span class='ocrx_word' id='word_1_585' title='bbox 1173 4991 1298 5030; x_wconf 92' lang='lat' dir='ltr'><strong>cum</strong></span> <span class='ocrx_word' id='word_1_586' title='bbox 1325 4976 1522 5029; x_wconf 89' lang='lat' dir='ltr'><strong>Davide</strong></span> <span class='ocrx_word' id='word_1_587' title='bbox 1551 4976 1640 5030; x_wconf 84' lang='lat' dir='ltr'><strong>Dei</strong></span> <span class='ocrx_word' id='word_1_588' title='bbox 1672 4991 1916 5039; x_wconf 71' lang='lat' dir='ltr'><strong>praecone</strong></span> <span class='ocrx_word' id='word_1_589' title='bbox 1938 4975 2218 5028; x_wconf 85' lang='lat' dir='ltr'><strong>canimus:</strong></span> 
     </span>
    </p>
   </div>
   <div class='ocr_carea' id='block_1_82' title="bbox 668 5067 2222 5124">
    <p class='ocr_par' dir='ltr' id='par_1_82' title="bbox 668 5067 2222 5124">
     <span class='ocr_line' id='line_1_82' title="bbox 668 5067 2222 5124; baseline -0.005 -2"><span class='ocrx_word' id='word_1_590' title='bbox 668 5067 736 5122; x_wconf 79' lang='lat' dir='ltr'><strong>lu</strong></span> <span class='ocrx_word' id='word_1_591' title='bbox 771 5071 855 5121; x_wconf 85' lang='lat' dir='ltr'><strong>vt&#39;a</strong></span> <span class='ocrx_word' id='word_1_592' title='bbox 908 5070 1318 5122; x_wconf 79' lang='lat' dir='ltr'><strong>testimoniorum</strong></span> <span class='ocrx_word' id='word_1_593' title='bbox 1348 5078 1558 5118; x_wconf 83' lang='lat' dir='ltr'><strong>tuorum</strong></span> <span class='ocrx_word' id='word_1_594' title='bbox 1588 5067 1874 5120; x_wconf 78' lang='lat' dir='ltr'><strong>delectatus</strong></span> <span class='ocrx_word' id='word_1_595' title='bbox 1929 5081 2064 5124; x_wconf 75' lang='lat' dir='ltr'><strong>sum,</strong></span> <span class='ocrx_word' id='word_1_596' title='bbox 2104 5074 2222 5116; x_wconf 86' lang='lat' dir='ltr'><strong>tan-</strong></span> 
     </span>
    </p>
   </div>
   <div class='ocr_carea' id='block_1_83' title="bbox 665 5154 2221 5227">
    <p class='ocr_par' dir='ltr' id='par_1_83' title="bbox 665 5154 2221 5227">
     <span class='ocr_line' id='line_1_83' title="bbox 665 5154 2221 5227; baseline -0.004 -16"><span class='ocrx_word' id='word_1_597' title='bbox 665 5175 821 5227; x_wconf 83' lang='lat' dir='ltr'><strong>quam</strong></span> <span class='ocrx_word' id='word_1_598' title='bbox 855 5160 908 5210; x_wconf 86' lang='lat' dir='ltr'><strong>t&#39;n</strong></span> <span class='ocrx_word' id='word_1_599' title='bbox 939 5159 1172 5212; x_wconf 85' lang='lat' dir='ltr'><strong>omnibus</strong></span> <span class='ocrx_word' id='word_1_600' title='bbox 1211 5159 1407 5211; x_wconf 79' lang='lat' dir='ltr'><strong>divitiis</strong></span> <span class='ocrx_word' id='word_1_601' title='bbox 1441 5158 1501 5210; x_wconf 68' lang='grc'><strong>³⁸.</strong></span> <span class='ocrx_word' id='word_1_602' title='bbox 1543 5158 1608 5210; x_wconf 84' lang='grc' dir='ltr'><strong>Ει</strong></span> <span class='ocrx_word' id='word_1_603' title='bbox 1652 5171 1836 5208; x_wconf 87' lang='lat' dir='ltr'><strong>rursus</strong></span> <span class='ocrx_word' id='word_1_604' title='bbox 1874 5171 1887 5206; x_wconf 93' lang='lat'>:</span> <span class='ocrx_word' id='word_1_605' title='bbox 1947 5154 2221 5207; x_wconf 79' lang='lat' dir='ltr'><strong>Mandasti</strong></span> 
     </span>
    </p>
   </div>
   <div class='ocr_carea' id='block_1_84' title="bbox 667 5247 2221 5312">
    <p class='ocr_par' dir='ltr' id='par_1_84' title="bbox 667 5247 2221 5312">
     <span class='ocr_line' id='line_1_84' title="bbox 667 5247 2221 5312; baseline -0.003 -12"><span class='ocrx_word' id='word_1_606' title='bbox 667 5250 924 5311; x_wconf 74' lang='lat' dir='ltr'><strong>iustitiam</strong></span> <span class='ocrx_word' id='word_1_607' title='bbox 947 5266 964 5312; x_wconf 80' lang='lat'><strong>,&#39;</strong></span> <span class='ocrx_word' id='word_1_608' title='bbox 997 5249 1288 5305; x_wconf 70' lang='lat' dir='ltr'><strong>testimonia</strong></span> <span class='ocrx_word' id='word_1_609' title='bbox 1314 5260 1402 5301; x_wconf 79' lang='lat' dir='ltr'><strong>tua</strong></span> <span class='ocrx_word' id='word_1_610' title='bbox 1439 5249 1493 5300; x_wconf 83' lang='lat' dir='ltr'><strong>in</strong></span> <span class='ocrx_word' id='word_1_611' title='bbox 1519 5258 1770 5299; x_wconf 64' lang='lat' dir='ltr'><strong>(sternam</strong></span> <span class='ocrx_word' id='word_1_612' title='bbox 1797 5250 1921 5298; x_wconf 80' lang='lat' dir='ltr'><strong>doce</strong></span> <span class='ocrx_word' id='word_1_613' title='bbox 1944 5261 2044 5308; x_wconf 87' lang='lat' dir='ltr'><strong>me,</strong></span> <span class='ocrx_word' id='word_1_614' title='bbox 2072 5255 2120 5296; x_wconf 86' lang='lat' dir='ltr'><strong>et</strong></span> <span class='ocrx_word' id='word_1_615' title='bbox 2147 5247 2221 5297; x_wconf 82' lang='lat' dir='ltr'><strong>vi-</strong></span> 
     </span>
    </p>
   </div>
   <div class='ocr_carea' id='block_1_85' title="bbox 667 5338 2220 5407">
    <p class='ocr_par' dir='ltr' id='par_1_85' title="bbox 667 5338 2220 5407">
     <span class='ocr_line' id='line_1_85' title="bbox 667 5338 2220 5407; baseline -0.001 -16"><span class='ocrx_word' id='word_1_616' title='bbox 667 5358 781 5392; x_wconf 74' lang='lat' dir='ltr'><strong>rum</strong></span> <span class='ocrx_word' id='word_1_617' title='bbox 814 5341 879 5393; x_wconf 83' lang='lat'><strong>“.</strong></span> <span class='ocrx_word' id='word_1_618' title='bbox 911 5341 1061 5406; x_wconf 85' lang='lat' dir='ltr'><strong>Quod</strong></span> <span class='ocrx_word' id='word_1_619' title='bbox 1094 5341 1136 5392; x_wconf 89' lang='lat' dir='ltr'><strong>si</strong></span> <span class='ocrx_word' id='word_1_620' title='bbox 1173 5356 1270 5393; x_wconf 81' lang='lat' dir='ltr'><strong>vox</strong></span> <span class='ocrx_word' id='word_1_621' title='bbox 1307 5340 1616 5407; x_wconf 57' lang='lat' dir='ltr'><strong>proiihetica</strong></span> <span class='ocrx_word' id='word_1_622' title='bbox 1661 5354 1756 5391; x_wconf 84' lang='lat' dir='ltr'><strong>nos</strong></span> <span class='ocrx_word' id='word_1_623' title='bbox 1783 5338 1937 5404; x_wconf 87' lang='lat' dir='ltr'><strong>jubet</strong></span> <span class='ocrx_word' id='word_1_624' title='bbox 1967 5340 2019 5390; x_wconf 84' lang='lat' dir='ltr'><strong>in</strong></span> <span class='ocrx_word' id='word_1_625' title='bbox 2059 5347 2220 5391; x_wconf 74' lang='lat' dir='ltr'><strong>teter-</strong></span> 
     </span>
    </p>
   </div>
   <div class='ocr_carea' id='block_1_86' title="bbox 670 5429 2220 5497">
    <p class='ocr_par' dir='ltr' id='par_1_86' title="bbox 670 5429 2220 5497">
     <span class='ocr_line' id='line_1_86' title="bbox 670 5429 2220 5497; baseline -0.001 -16"><span class='ocrx_word' id='word_1_626' title='bbox 670 5448 796 5481; x_wconf 84' lang='lat' dir='ltr'><strong>num</strong></span> <span class='ocrx_word' id='word_1_627' title='bbox 838 5429 926 5481; x_wconf 77' lang='lat' dir='ltr'><strong>Dei</strong></span> <span class='ocrx_word' id='word_1_628' title='bbox 966 5431 1270 5483; x_wconf 83' lang='lat' dir='ltr'><strong>testimonia</strong></span> <span class='ocrx_word' id='word_1_629' title='bbox 1328 5430 1619 5491; x_wconf 84' lang='lat' dir='ltr'><strong>custodire,</strong></span> <span class='ocrx_word' id='word_1_630' title='bbox 1670 5439 1723 5481; x_wconf 88' lang='lat' dir='ltr'><strong>et</strong></span> <span class='ocrx_word' id='word_1_631' title='bbox 1765 5430 1815 5481; x_wconf 89' lang='lat' dir='ltr'><strong>in</strong></span> <span class='ocrx_word' id='word_1_632' title='bbox 1858 5431 1988 5497; x_wconf 90' lang='lat' dir='ltr'><strong>ipsis</strong></span> <span class='ocrx_word' id='word_1_633' title='bbox 2020 5431 2220 5489; x_wconf 85' lang='lat' dir='ltr'><strong>vivere,</strong></span> 
     </span>
    </p>
   </div>
   <div class='ocr_carea' id='block_1_87' title="bbox 672 5521 2219 5577">
    <p class='ocr_par' dir='ltr' id='par_1_87' title="bbox 672 5521 2219 5577">
     <span class='ocr_line' id='line_1_87' title="bbox 672 5521 2219 5577; baseline -0.003 -2"><span class='ocrx_word' id='word_1_634' title='bbox 672 5522 1011 5575; x_wconf 77' lang='lat' dir='ltr'><strong>manifestum</strong></span> <span class='ocrx_word' id='word_1_635' title='bbox 1047 5533 1127 5574; x_wconf 74' lang='lat' dir='ltr'><strong>est</strong></span> <span class='ocrx_word' id='word_1_636' title='bbox 1165 5537 1226 5576; x_wconf 83' lang='lat' dir='ltr'><strong>ea</strong></span> <span class='ocrx_word' id='word_1_637' title='bbox 1265 5523 1582 5577; x_wconf 84' lang='lat' dir='ltr'><strong>inconcussa</strong></span> <span class='ocrx_word' id='word_1_638' title='bbox 1615 5532 1668 5576; x_wconf 90' lang='lat' dir='ltr'><strong>et</strong></span> <span class='ocrx_word' id='word_1_639' title='bbox 1718 5521 1862 5576; x_wconf 86' lang='lat' dir='ltr'><strong>nulla</strong></span> <span class='ocrx_word' id='word_1_640' title='bbox 1900 5523 2110 5574; x_wconf 86' lang='lat' dir='ltr'><strong>ratione</strong></span> <span class='ocrx_word' id='word_1_641' title='bbox 2141 5521 2219 5572; x_wconf 82' lang='lat' dir='ltr'><strong>la-</strong></span> 
     </span>
    </p>
   </div>
   <div class='ocr_carea' id='block_1_88' title="bbox 732 5691 1767 5762">
    <p class='ocr_par' dir='ltr' id='par_1_88' title="bbox 732 5691 1767 5762">
     <span class='ocr_line' id='line_1_88' title="bbox 732 5691 1767 5762; baseline 0.006 -18"><span class='ocrx_word' id='word_1_642' title='bbox 732 5694 776 5744; x_wconf 62' lang='lat' dir='ltr'><strong>i.’</strong></span> <span class='ocrx_word' id='word_1_643' title='bbox 805 5691 944 5759; x_wconf 68' lang='lat' dir='ltr'><strong>Psul.</strong></span> <span class='ocrx_word' id='word_1_644' title='bbox 1001 5709 1183 5752; x_wconf 74' lang='lat' dir='ltr'><strong>CIVIII.</strong></span> <span class='ocrx_word' id='word_1_645' title='bbox 1241 5694 1319 5746; x_wconf 63' lang='lat' dir='ltr'><strong>l1.</strong></span> <span class='ocrx_word' id='word_1_646' title='bbox 1407 5694 1450 5726; x_wconf 74' lang='grc' dir='ltr'><strong>³ο</strong></span> <span class='ocrx_word' id='word_1_647' title='bbox 1489 5694 1625 5762; x_wconf 30' lang='lat' dir='ltr'><strong>ibid.‘</strong></span> <span class='ocrx_word' id='word_1_648' title='bbox 1667 5695 1767 5750; x_wconf 68' lang='grc'><strong>158</strong></span> 
     </span>
    </p>
   </div>
   <div class='ocr_carea' id='block_1_89' title="bbox 2323 3164 3882 3234">
    <p class='ocr_par' dir='ltr' id='par_1_89' title="bbox 2323 3164 3882 3234">
     <span class='ocr_line' id='line_1_89' title="bbox 2323 3164 3882 3234; baseline 0 -19"><span class='ocrx_word' id='word_1_649' title='bbox 2323 3165 2420 3216; x_wconf 84' lang='grc' dir='ltr'>Διά</span> <span class='ocrx_word' id='word_1_650' title='bbox 2468 3164 2626 3216; x_wconf 89' lang='grc' dir='ltr'>τοῦτο</span> <span class='ocrx_word' id='word_1_651' title='bbox 2691 3166 2785 3216; x_wconf 76' lang='grc' dir='ltr'>καὶ</span> <span class='ocrx_word' id='word_1_652' title='bbox 2843 3166 3200 3234; x_wconf 81' lang='grc' dir='ltr'>ἡμετριότης</span> <span class='ocrx_word' id='word_1_653' title='bbox 3255 3165 3408 3233; x_wconf 83' lang='grc' dir='ltr'>ἡμῶν</span> <span class='ocrx_word' id='word_1_654' title='bbox 3460 3165 3559 3216; x_wconf 74' lang='grc' dir='ltr'>οὐκ</span> <span class='ocrx_word' id='word_1_655' title='bbox 3588 3164 3882 3229; x_wconf 68' lang='grc' dir='ltr'>ἀνασχετὸν</span> 
     </span>
    </p>
   </div>
   <div class='ocr_carea' id='block_1_90' title="bbox 2323 3254 3876 3323">
    <p class='ocr_par' dir='ltr' id='par_1_90' title="bbox 2323 3254 3876 3323">
     <span class='ocr_line' id='line_1_90' title="bbox 2323 3254 3876 3323; baseline 0 -19"><span class='ocrx_word' id='word_1_656' title='bbox 2323 3254 2644 3322; x_wconf 74' lang='grc' dir='ltr'>ἡγησαμένη</span> <span class='ocrx_word' id='word_1_657' title='bbox 2677 3255 2918 3322; x_wconf 83' lang='grc' dir='ltr'>πονηρὰν</span> <span class='ocrx_word' id='word_1_658' title='bbox 2948 3255 3234 3323; x_wconf 80' lang='grc' dir='ltr'>συνήθειαν</span> <span class='ocrx_word' id='word_1_659' title='bbox 3264 3254 3358 3308; x_wconf 79' lang='grc' dir='ltr'>καὶ</span> <span class='ocrx_word' id='word_1_660' title='bbox 3393 3255 3474 3306; x_wconf 75' lang='grc' dir='ltr'><strong>ἐτι</strong></span> <span class='ocrx_word' id='word_1_661' title='bbox 3510 3257 3753 3320; x_wconf 83' lang='grc' dir='ltr'>κρατεῖν,</span> <span class='ocrx_word' id='word_1_662' title='bbox 3788 3272 3876 3322; x_wconf 84' lang='grc' dir='ltr'>μι-</span> 
     </span>
    </p>
   </div>
   <div class='ocr_carea' id='block_1_91' title="bbox 2323 3343 3884 3414">
    <p class='ocr_par' dir='ltr' id='par_1_91' title="bbox 2323 3343 3884 3414">
     <span class='ocr_line' id='line_1_91' title="bbox 2323 3343 3884 3414; baseline 0.001 -21"><span class='ocrx_word' id='word_1_663' title='bbox 2323 3344 2592 3409; x_wconf 88' lang='grc' dir='ltr'>γνύουσαν</span> <span class='ocrx_word' id='word_1_664' title='bbox 2619 3345 2736 3396; x_wconf 82' lang='grc' dir='ltr'>θεῖά</span> <span class='ocrx_word' id='word_1_665' title='bbox 2765 3361 2822 3396; x_wconf 91' lang='grc' dir='ltr'><strong>τε</strong></span> <span class='ocrx_word' id='word_1_666' title='bbox 2857 3345 2950 3396; x_wconf 76' lang='grc' dir='ltr'>καὶ</span> <span class='ocrx_word' id='word_1_667' title='bbox 2982 3345 3320 3413; x_wconf 75' lang='grc' dir='ltr'>ἀνθρώπινα,</span> <span class='ocrx_word' id='word_1_668' title='bbox 3359 3345 3453 3397; x_wconf 75' lang='grc' dir='ltr'>καὶ</span> <span class='ocrx_word' id='word_1_669' title='bbox 3509 3347 3576 3414; x_wconf 77' lang='grc' dir='ltr'>τῇ</span> <span class='ocrx_word' id='word_1_670' title='bbox 3632 3345 3728 3412; x_wconf 77' lang='grc' dir='ltr'>τῆς</span> <span class='ocrx_word' id='word_1_671' title='bbox 3760 3343 3884 3394; x_wconf 80' lang='grc' dir='ltr'><strong>Ἔκ-</strong></span> 
     </span>
    </p>
   </div>
   <div class='ocr_carea' id='block_1_92' title="bbox 2323 3435 3881 3504">
    <p class='ocr_par' dir='ltr' id='par_1_92' title="bbox 2323 3435 3881 3504">
     <span class='ocr_line' id='line_1_92' title="bbox 2323 3435 3881 3504; baseline -0.001 -17"><span class='ocrx_word' id='word_1_672' title='bbox 2323 3437 2550 3502; x_wconf 84' lang='grc' dir='ltr'>κλησίας</span> <span class='ocrx_word' id='word_1_673' title='bbox 2580 3436 2938 3501; x_wconf 80' lang='grc' dir='ltr'>καταστάσει,</span> <span class='ocrx_word' id='word_1_674' title='bbox 2978 3438 3075 3504; x_wconf 80' lang='grc' dir='ltr'>τῆς</span> <span class='ocrx_word' id='word_1_675' title='bbox 3117 3436 3420 3504; x_wconf 79' lang='grc' dir='ltr'>ἀμωμήτου</span> <span class='ocrx_word' id='word_1_676' title='bbox 3481 3435 3698 3503; x_wconf 83' lang='grc' dir='ltr'>νύμφης</span> <span class='ocrx_word' id='word_1_677' title='bbox 3749 3435 3881 3502; x_wconf 84' lang='grc' dir='ltr'>Χρι-</span> 
     </span>
    </p>
   </div>
   <div class='ocr_carea' id='block_1_93' title="bbox 2324 3524 3882 3594">
    <p class='ocr_par' dir='ltr' id='par_1_93' title="bbox 2324 3524 3882 3594">
     <span class='ocr_line' id='line_1_93' title="bbox 2324 3524 3882 3594; baseline -0.003 -16"><span class='ocrx_word' id='word_1_678' title='bbox 2324 3527 2471 3588; x_wconf 90' lang='grc' dir='ltr'>στοῦ,</span> <span class='ocrx_word' id='word_1_679' title='bbox 2521 3527 2742 3588; x_wconf 80' lang='grc' dir='ltr'>σπίλους</span> <span class='ocrx_word' id='word_1_680' title='bbox 2770 3529 2830 3579; x_wconf 89' lang='grc' dir='ltr'><strong>ού</strong></span> <span class='ocrx_word' id='word_1_681' title='bbox 2863 3529 2992 3589; x_wconf 71' lang='grc' dir='ltr'>τοὺς</span> <span class='ocrx_word' id='word_1_682' title='bbox 3024 3527 3280 3594; x_wconf 77' lang='grc' dir='ltr'>τυχόντας</span> <span class='ocrx_word' id='word_1_683' title='bbox 3329 3524 3882 3594; x_wconf 75' lang='grc' dir='ltr'>προσεπιτρίϐουσαν,</span> 
     </span>
    </p>
   </div>
   <div class='ocr_carea' id='block_1_94' title="bbox 2322 3615 3883 3689">
    <p class='ocr_par' dir='ltr' id='par_1_94' title="bbox 2322 3615 3883 3689">
     <span class='ocr_line' id='line_1_94' title="bbox 2322 3615 3883 3689; baseline -0.004 -19"><span class='ocrx_word' id='word_1_684' title='bbox 2322 3621 2414 3671; x_wconf 67' lang='grc' dir='ltr'>καὶ</span> <span class='ocrx_word' id='word_1_685' title='bbox 2443 3619 2597 3688; x_wconf 84' lang='grc' dir='ltr'>τύφῳ</span> <span class='ocrx_word' id='word_1_686' title='bbox 2629 3621 2718 3672; x_wconf 72' lang='grc' dir='ltr'>καὶ</span> <span class='ocrx_word' id='word_1_687' title='bbox 2742 3620 2966 3689; x_wconf 69' lang='grc' dir='ltr'>ἀσχολίᾳ</span> <span class='ocrx_word' id='word_1_688' title='bbox 2993 3618 3216 3689; x_wconf 76' lang='grc' dir='ltr'>ματαίᾳ,</span> <span class='ocrx_word' id='word_1_689' title='bbox 3247 3621 3336 3670; x_wconf 70' lang='grc' dir='ltr'><strong>καὶ</strong></span> <span class='ocrx_word' id='word_1_690' title='bbox 3363 3620 3427 3685; x_wconf 77' lang='grc' dir='ltr'>τῇ</span> <span class='ocrx_word' id='word_1_691' title='bbox 3454 3618 3582 3687; x_wconf 81' lang='grc' dir='ltr'>περὶ</span> <span class='ocrx_word' id='word_1_692' title='bbox 3605 3615 3674 3668; x_wconf 77' lang='grc' dir='ltr'>τὰ</span> <span class='ocrx_word' id='word_1_693' title='bbox 3699 3615 3883 3666; x_wconf 86' lang='grc' dir='ltr'>είκαῖα</span> 
     </span>
    </p>
   </div>
   <div class='ocr_carea' id='block_1_95' title="bbox 2323 3704 3885 3780">
    <p class='ocr_par' dir='ltr' id='par_1_95' title="bbox 2323 3704 3885 3780">
     <span class='ocr_line' id='line_1_95' title="bbox 2323 3704 3885 3780; baseline -0.005 -17"><span class='ocrx_word' id='word_1_694' title='bbox 2323 3711 2417 3764; x_wconf 78' lang='grc' dir='ltr'><strong>καὶ</strong></span> <span class='ocrx_word' id='word_1_695' title='bbox 2447 3713 2617 3779; x_wconf 79' lang='grc' dir='ltr'>ταύτῃ</span> <span class='ocrx_word' id='word_1_696' title='bbox 2652 3712 2927 3780; x_wconf 72' lang='grc' dir='ltr'>ἀπᾴδοντα</span> <span class='ocrx_word' id='word_1_697' title='bbox 2946 3711 3260 3779; x_wconf 78' lang='grc' dir='ltr'>διαπονήσει</span> <span class='ocrx_word' id='word_1_698' title='bbox 3300 3725 3358 3761; x_wconf 82' lang='grc' dir='ltr'><strong>τε</strong></span> <span class='ocrx_word' id='word_1_699' title='bbox 3407 3709 3499 3759; x_wconf 82' lang='grc' dir='ltr'>καὶ</span> <span class='ocrx_word' id='word_1_700' title='bbox 3547 3707 3773 3773; x_wconf 83' lang='grc' dir='ltr'>σπουδῇ,</span> <span class='ocrx_word' id='word_1_701' title='bbox 3802 3704 3885 3756; x_wconf 76' lang='grc' dir='ltr'>ἔτι</span> 
     </span>
    </p>
   </div>
   <div class='ocr_carea' id='block_1_96' title="bbox 2323 3797 3888 3870">
    <p class='ocr_par' dir='ltr' id='par_1_96' title="bbox 2323 3797 3888 3870">
     <span class='ocr_line' id='line_1_96' title="bbox 2323 3797 3888 3870; baseline -0.003 -19"><span class='ocrx_word' id='word_1_702' title='bbox 2323 3817 2384 3869; x_wconf 89' lang='grc' dir='ltr'><strong>γε</strong></span> <span class='ocrx_word' id='word_1_703' title='bbox 2418 3800 2522 3869; x_wconf 82' lang='grc' dir='ltr'>μὴν</span> <span class='ocrx_word' id='word_1_704' title='bbox 2545 3801 2637 3852; x_wconf 80' lang='grc' dir='ltr'>καὶ</span> <span class='ocrx_word' id='word_1_705' title='bbox 2669 3800 2920 3870; x_wconf 82' lang='grc' dir='ltr'>ἀχερδέσι</span> <span class='ocrx_word' id='word_1_706' title='bbox 2953 3801 3013 3851; x_wconf 83' lang='grc' dir='ltr'><strong>τὺ</strong></span> <span class='ocrx_word' id='word_1_707' title='bbox 3042 3800 3235 3868; x_wconf 81' lang='grc' dir='ltr'>σεμνὸν</span> <span class='ocrx_word' id='word_1_708' title='bbox 3268 3798 3474 3867; x_wconf 85' lang='grc' dir='ltr'>ταύτης</span> <span class='ocrx_word' id='word_1_709' title='bbox 3506 3797 3888 3866; x_wconf 75' lang='grc' dir='ltr'>καταρρυπαί-</span> 
     </span>
    </p>
   </div>
   <div class='ocr_carea' id='block_1_97' title="bbox 2324 3885 3888 3959">
    <p class='ocr_par' dir='ltr' id='par_1_97' title="bbox 2324 3885 3888 3959">
     <span class='ocr_line' id='line_1_97' title="bbox 2324 3885 3888 3959; baseline -0.003 -18"><span class='ocrx_word' id='word_1_710' title='bbox 2324 3907 2541 3951; x_wconf 83' lang='grc' dir='ltr'>νουσαν,</span> <span class='ocrx_word' id='word_1_711' title='bbox 2574 3890 2843 3958; x_wconf 87' lang='grc' dir='ltr'>ηύδόκησε</span> <span class='ocrx_word' id='word_1_712' title='bbox 2871 3889 3083 3958; x_wconf 78' lang='grc' dir='ltr'>ῥιζόθεν</span> <span class='ocrx_word' id='word_1_713' title='bbox 3111 3889 3312 3959; x_wconf 88' lang='grc' dir='ltr'>ταύτην</span> <span class='ocrx_word' id='word_1_714' title='bbox 3344 3889 3660 3954; x_wconf 85' lang='grc' dir='ltr'>ἀποτεμεῖν,</span> <span class='ocrx_word' id='word_1_715' title='bbox 3690 3887 3776 3936; x_wconf 87' lang='grc' dir='ltr'><strong>ῖνα</strong></span> <span class='ocrx_word' id='word_1_716' title='bbox 3811 3885 3888 3953; x_wconf 75' lang='grc' dir='ltr'>μὴ</span> 
     </span>
    </p>
   </div>
   <div class='ocr_carea' id='block_1_98' title="bbox 2325 3977 3889 4050">
    <p class='ocr_par' dir='ltr' id='par_1_98' title="bbox 2325 3977 3889 4050">
     <span class='ocr_line' id='line_1_98' title="bbox 2325 3977 3889 4050; baseline -0.005 -16"><span class='ocrx_word' id='word_1_717' title='bbox 2325 3981 2450 4050; x_wconf 75' lang='grc' dir='ltr'>ῥίζα</span> <span class='ocrx_word' id='word_1_718' title='bbox 2487 3982 2709 4050; x_wconf 87' lang='grc' dir='ltr'>πικρίας</span> <span class='ocrx_word' id='word_1_719' title='bbox 2737 3981 2831 4038; x_wconf 76' lang='grc' dir='ltr'><strong>καὶ</strong></span> <span class='ocrx_word' id='word_1_720' title='bbox 2865 3981 2942 4032; x_wconf 76' lang='grc' dir='ltr'>ἔτι</span> <span class='ocrx_word' id='word_1_721' title='bbox 2985 3983 3115 4049; x_wconf 78' lang='grc' dir='ltr'>φυῇ,</span> <span class='ocrx_word' id='word_1_722' title='bbox 3163 3982 3305 4034; x_wconf 88' lang='grc' dir='ltr'><strong>κατά</strong></span> <span class='ocrx_word' id='word_1_723' title='bbox 3333 3979 3423 4032; x_wconf 81' lang='grc' dir='ltr'>τὸν</span> <span class='ocrx_word' id='word_1_724' title='bbox 3477 3981 3614 4030; x_wconf 83' lang='grc' dir='ltr'>θεῖον</span> <span class='ocrx_word' id='word_1_725' title='bbox 3651 3977 3889 4029; x_wconf 84' lang='grc' dir='ltr'>ἀπόστο-</span> 
     </span>
    </p>
   </div>
   <div class='ocr_carea' id='block_1_99' title="bbox 2323 4066 3890 4140">
    <p class='ocr_par' dir='ltr' id='par_1_99' title="bbox 2323 4066 3890 4140">
     <span class='ocr_line' id='line_1_99' title="bbox 2323 4066 3890 4140; baseline -0.003 -19"><span class='ocrx_word' id='word_1_726' title='bbox 2323 4070 2437 4131; x_wconf 88' lang='grc' dir='ltr'>λον,</span> <span class='ocrx_word' id='word_1_727' title='bbox 2461 4071 2549 4123; x_wconf 82' lang='grc' dir='ltr'><strong>διά</strong></span> <span class='ocrx_word' id='word_1_728' title='bbox 2578 4073 2675 4138; x_wconf 84' lang='grc' dir='ltr'>τῆς</span> <span class='ocrx_word' id='word_1_729' title='bbox 2708 4071 2990 4139; x_wconf 76' lang='grc' dir='ltr'>παρούσης</span> <span class='ocrx_word' id='word_1_730' title='bbox 3043 4071 3313 4140; x_wconf 78' lang='grc' dir='ltr'>ἡμετέρας</span> <span class='ocrx_word' id='word_1_731' title='bbox 3367 4067 3746 4136; x_wconf 74' lang='grc' dir='ltr'>πνευματικῆς</span> <span class='ocrx_word' id='word_1_732' title='bbox 3793 4066 3890 4118; x_wconf 73' lang='grc' dir='ltr'><strong>καὶ</strong></span> 
     </span>
    </p>
   </div>
   <div class='ocr_carea' id='block_1_100' title="bbox 2325 4156 3886 4230">
    <p class='ocr_par' dir='ltr' id='par_1_100' title="bbox 2325 4156 3886 4230">
     <span class='ocr_line' id='line_1_100' title="bbox 2325 4156 3886 4230; baseline -0.003 -18"><span class='ocrx_word' id='word_1_733' title='bbox 2325 4163 2600 4230; x_wconf 77' lang='grc' dir='ltr'>πατρικῆς</span> <span class='ocrx_word' id='word_1_734' title='bbox 2627 4163 2929 4224; x_wconf 79' lang='grc' dir='ltr'>διαλαλιᾶς,</span> <span class='ocrx_word' id='word_1_735' title='bbox 2968 4162 3067 4229; x_wconf 79' lang='grc' dir='ltr'>τῆς</span> <span class='ocrx_word' id='word_1_736' title='bbox 3103 4160 3370 4228; x_wconf 85' lang='grc' dir='ltr'>δηλούσης</span> <span class='ocrx_word' id='word_1_737' title='bbox 3430 4161 3528 4226; x_wconf 84' lang='grc' dir='ltr'>μὲν</span> <span class='ocrx_word' id='word_1_738' title='bbox 3554 4158 3643 4210; x_wconf 78' lang='grc' dir='ltr'><strong>τὸν</strong></span> <span class='ocrx_word' id='word_1_739' title='bbox 3680 4156 3886 4209; x_wconf 57' lang='grc' dir='ltr'>σκοπὴν</span> 
     </span>
    </p>
   </div>
   <div class='ocr_carea' id='block_1_101' title="bbox 2327 4248 3889 4322">
    <p class='ocr_par' dir='ltr' id='par_1_101' title="bbox 2327 4248 3889 4322">
     <span class='ocr_line' id='line_1_101' title="bbox 2327 4248 3889 4322; baseline -0.005 -17"><span class='ocrx_word' id='word_1_740' title='bbox 2327 4254 2574 4322; x_wconf 86' lang='grc' dir='ltr'>φανερῶς</span> <span class='ocrx_word' id='word_1_741' title='bbox 2596 4253 2696 4320; x_wconf 80' lang='grc' dir='ltr'>τῆς</span> <span class='ocrx_word' id='word_1_742' title='bbox 2721 4253 3080 4322; x_wconf 86' lang='grc' dir='ltr'>προτεθείσης</span> <span class='ocrx_word' id='word_1_743' title='bbox 3106 4252 3419 4313; x_wconf 80' lang='grc' dir='ltr'>ὑποθέσεως</span> <span class='ocrx_word' id='word_1_744' title='bbox 3439 4250 3568 4317; x_wconf 79' lang='grc' dir='ltr'>περὶ</span> <span class='ocrx_word' id='word_1_745' title='bbox 3594 4249 3702 4300; x_wconf 85' lang='grc' dir='ltr'>τῶν</span> <span class='ocrx_word' id='word_1_746' title='bbox 3735 4248 3889 4317; x_wconf 75' lang='grc' dir='ltr'>ίεράν</span> 
     </span>
    </p>
   </div>
   <div class='ocr_carea' id='block_1_102' title="bbox 2326 4336 3889 4407">
    <p class='ocr_par' dir='ltr' id='par_1_102' title="bbox 2326 4336 3889 4407">
     <span class='ocr_line' id='line_1_102' title="bbox 2326 4336 3889 4407; baseline -0.005 -15"><span class='ocrx_word' id='word_1_747' title='bbox 2326 4339 2484 4402; x_wconf 80' lang='grc' dir='ltr'>ἀξίαν</span> <span class='ocrx_word' id='word_1_748' title='bbox 2519 4339 2814 4406; x_wconf 87' lang='grc' dir='ltr'>λαχόντων,</span> <span class='ocrx_word' id='word_1_749' title='bbox 2845 4339 2939 4391; x_wconf 75' lang='grc' dir='ltr'>καὶ</span> <span class='ocrx_word' id='word_1_750' title='bbox 2974 4342 3267 4407; x_wconf 85' lang='grc' dir='ltr'>κοσμικαῖς</span> <span class='ocrx_word' id='word_1_751' title='bbox 3299 4340 3525 4399; x_wconf 77' lang='grc' dir='ltr'>ἑαυτοὺς</span> <span class='ocrx_word' id='word_1_752' title='bbox 3589 4336 3889 4404; x_wconf 80' lang='grc' dir='ltr'>ἐμπλεκόνο</span> 
     </span>
    </p>
   </div>
   <div class='ocr_carea' id='block_1_103' title="bbox 2324 4428 3886 4500">
    <p class='ocr_par' dir='ltr' id='par_1_103' title="bbox 2324 4428 3886 4500">
     <span class='ocr_line' id='line_1_103' title="bbox 2324 4428 3886 4500; baseline -0.004 -18"><span class='ocrx_word' id='word_1_753' title='bbox 2324 4448 2434 4482; x_wconf 88' lang='grc' dir='ltr'><strong>των</strong></span> <span class='ocrx_word' id='word_1_754' title='bbox 2461 4432 2654 4500; x_wconf 80' lang='grc' dir='ltr'>ἀρχαῖς</span> <span class='ocrx_word' id='word_1_755' title='bbox 2684 4432 2775 4481; x_wconf 77' lang='grc' dir='ltr'>καὶ</span> <span class='ocrx_word' id='word_1_756' title='bbox 2799 4429 2974 4492; x_wconf 83' lang='grc' dir='ltr'>ἀξίαις</span> <span class='ocrx_word' id='word_1_757' title='bbox 3029 4431 3121 4481; x_wconf 72' lang='grc' dir='ltr'><strong>καὶ</strong></span> <span class='ocrx_word' id='word_1_758' title='bbox 3150 4428 3396 4498; x_wconf 83' lang='grc' dir='ltr'>φροντίσι</span> <span class='ocrx_word' id='word_1_759' title='bbox 3426 4429 3519 4479; x_wconf 70' lang='grc' dir='ltr'>καὶ</span> <span class='ocrx_word' id='word_1_760' title='bbox 3553 4430 3838 4495; x_wconf 65' lang='grc' dir='ltr'>πράγμασι</span> <span class='ocrx_word' id='word_1_761' title='bbox 3871 4468 3886 4488; x_wconf 92' lang='grc'><strong>,</strong></span> 
     </span>
    </p>
   </div>
   <div class='ocr_carea' id='block_1_104' title="bbox 2322 4516 3890 4586">
    <p class='ocr_par' dir='ltr' id='par_1_104' title="bbox 2322 4516 3890 4586">
     <span class='ocr_line' id='line_1_104' title="bbox 2322 4516 3890 4586; baseline -0.006 -14"><span class='ocrx_word' id='word_1_762' title='bbox 2322 4520 2465 4573; x_wconf 80' lang='grc' dir='ltr'>οῦτιυ</span> <span class='ocrx_word' id='word_1_763' title='bbox 2495 4519 2552 4571; x_wconf 89' lang='grc' dir='ltr'>δὲ</span> <span class='ocrx_word' id='word_1_764' title='bbox 2589 4520 2730 4570; x_wconf 83' lang='grc' dir='ltr'>κατὰ</span> <span class='ocrx_word' id='word_1_765' title='bbox 2766 4519 2919 4586; x_wconf 73' lang='grc' dir='ltr'>ῥῆμα</span> <span class='ocrx_word' id='word_1_766' title='bbox 2943 4518 3195 4585; x_wconf 83' lang='grc' dir='ltr'>ἐχούσης,</span> <span class='ocrx_word' id='word_1_767' title='bbox 3250 4519 3375 4578; x_wconf 84' lang='grc' dir='ltr'>Τοῖς</span> <span class='ocrx_word' id='word_1_768' title='bbox 3428 4520 3526 4584; x_wconf 81' lang='grc' dir='ltr'>τὴν</span> <span class='ocrx_word' id='word_1_769' title='bbox 3585 4516 3890 4584; x_wconf 77' lang='grc' dir='ltr'>ἱερατικὴν,</span> 
     </span>
    </p>
   </div>
   <div class='ocr_carea' id='block_1_105' title="bbox 2328 4605 3893 4678">
    <p class='ocr_par' dir='ltr' id='par_1_105' title="bbox 2328 4605 3893 4678">
     <span class='ocr_line' id='line_1_105' title="bbox 2328 4605 3893 4678; baseline -0.003 -17"><span class='ocrx_word' id='word_1_770' title='bbox 2328 4611 2492 4678; x_wconf 76' lang='grc' dir='ltr'>φασὶν</span> <span class='ocrx_word' id='word_1_771' title='bbox 2517 4611 2565 4660; x_wconf 87' lang='grc' dir='ltr'>οἱ</span> <span class='ocrx_word' id='word_1_772' title='bbox 2603 4609 2864 4676; x_wconf 78' lang='grc' dir='ltr'>Πατέρες,</span> <span class='ocrx_word' id='word_1_773' title='bbox 2896 4608 3152 4676; x_wconf 83' lang='grc' dir='ltr'>λαχοῦσιν</span> <span class='ocrx_word' id='word_1_774' title='bbox 3177 4607 3354 4670; x_wconf 80' lang='grc' dir='ltr'>ἀξίαν,</span> <span class='ocrx_word' id='word_1_775' title='bbox 3396 4605 3670 4674; x_wconf 82' lang='grc' dir='ltr'>μαρτύριά</span> <span class='ocrx_word' id='word_1_776' title='bbox 3704 4622 3763 4656; x_wconf 87' lang='grc' dir='ltr'><strong>τε</strong></span> <span class='ocrx_word' id='word_1_777' title='bbox 3793 4606 3893 4656; x_wconf 79' lang='grc' dir='ltr'>καὶ</span> 
     </span>
    </p>
   </div>
   <div class='ocr_carea' id='block_1_106' title="bbox 2327 4696 3890 4768">
    <p class='ocr_par' dir='ltr' id='par_1_106' title="bbox 2327 4696 3890 4768">
     <span class='ocr_line' id='line_1_106' title="bbox 2327 4696 3890 4768; baseline -0.005 -14"><span class='ocrx_word' id='word_1_778' title='bbox 2327 4700 2729 4768; x_wconf 80' lang='grc' dir='ltr'>κατορθώματα</span> <span class='ocrx_word' id='word_1_779' title='bbox 2763 4702 2816 4750; x_wconf 75' lang='lat' dir='ltr'><strong>at</strong></span> <span class='ocrx_word' id='word_1_780' title='bbox 2868 4699 2974 4750; x_wconf 80' lang='grc' dir='ltr'>τῶν</span> <span class='ocrx_word' id='word_1_781' title='bbox 3023 4697 3322 4750; x_wconf 84' lang='grc' dir='ltr'>κανονικῶν</span> <span class='ocrx_word' id='word_1_782' title='bbox 3356 4697 3651 4760; x_wconf 75' lang='grc' dir='ltr'>διατάξεων</span> <span class='ocrx_word' id='word_1_783' title='bbox 3683 4696 3890 4746; x_wconf 84' lang='grc' dir='ltr'>ύποτυ-</span> 
     </span>
    </p>
   </div>
   <div class='ocr_carea' id='block_1_107' title="bbox 2327 4785 3890 4855">
    <p class='ocr_par' dir='ltr' id='par_1_107' title="bbox 2327 4785 3890 4855">
     <span class='ocr_line' id='line_1_107' title="bbox 2327 4785 3890 4855; baseline -0.004 -13"><span class='ocrx_word' id='word_1_784' title='bbox 2327 4791 2531 4849; x_wconf 86' lang='grc' dir='ltr'>πὼσεις</span> <span class='ocrx_word' id='word_1_785' title='bbox 2564 4791 2721 4847; x_wconf 72' lang='grc' dir='ltr'>εἰσὶν,</span> <span class='ocrx_word' id='word_1_786' title='bbox 2749 4788 2815 4848; x_wconf 79' lang='grc' dir='ltr'><strong>ἀς</strong></span> <span class='ocrx_word' id='word_1_787' title='bbox 2846 4789 2939 4839; x_wconf 75' lang='grc' dir='ltr'>καὶ</span> <span class='ocrx_word' id='word_1_788' title='bbox 2973 4789 3225 4855; x_wconf 76' lang='grc' dir='ltr'>ἀσμένως</span> <span class='ocrx_word' id='word_1_789' title='bbox 3275 4786 3580 4854; x_wconf 84' lang='grc' dir='ltr'>δεχόμενοι,</span> <span class='ocrx_word' id='word_1_790' title='bbox 3614 4785 3745 4852; x_wconf 57' lang='lat' dir='ltr'><strong>apo;</strong></span> <span class='ocrx_word' id='word_1_791' title='bbox 3797 4785 3890 4835; x_wconf 75' lang='grc' dir='ltr'><strong>τὸν</strong></span> 
     </span>
    </p>
   </div>
   <div class='ocr_carea' id='block_1_108' title="bbox 2331 4873 3886 4948">
    <p class='ocr_par' dir='ltr' id='par_1_108' title="bbox 2331 4873 3886 4948">
     <span class='ocr_line' id='line_1_108' title="bbox 2331 4873 3886 4948; baseline -0.005 -16"><span class='ocrx_word' id='word_1_792' title='bbox 2331 4881 2607 4948; x_wconf 86' lang='grc' dir='ltr'>Δεσπότην</span> <span class='ocrx_word' id='word_1_793' title='bbox 2630 4881 2760 4931; x_wconf 79' lang='grc' dir='ltr'>Θεὸν</span> <span class='ocrx_word' id='word_1_794' title='bbox 2799 4879 2934 4946; x_wconf 84' lang='grc' dir='ltr'>μετὰ</span> <span class='ocrx_word' id='word_1_795' title='bbox 2957 4877 3120 4928; x_wconf 67' lang='grc' dir='ltr'>Δαὸὶδ</span> <span class='ocrx_word' id='word_1_796' title='bbox 3152 4877 3244 4928; x_wconf 85' lang='grc' dir='ltr'><strong>τοῦ</strong></span> <span class='ocrx_word' id='word_1_797' title='bbox 3277 4875 3639 4942; x_wconf 84' lang='grc' dir='ltr'>θεοφάντορος</span> <span class='ocrx_word' id='word_1_798' title='bbox 3664 4873 3886 4943; x_wconf 76' lang='grc' dir='ltr'>ᾄδομεν·</span> 
     </span>
    </p>
   </div>
   <div class='ocr_carea' id='block_1_109' title="bbox 2342 4963 3890 5036">
    <p class='ocr_par' dir='ltr' id='par_1_109' title="bbox 2342 4963 3890 5036">
     <span class='ocr_line' id='line_1_109' title="bbox 2342 4963 3890 5036; baseline -0.005 -14"><span class='ocrx_word' id='word_1_799' title='bbox 2342 4970 2442 5023; x_wconf 84' lang='grc' dir='ltr'><strong>Ἐν</strong></span> <span class='ocrx_word' id='word_1_800' title='bbox 2478 4969 2549 5035; x_wconf 73' lang='grc' dir='ltr'>τῇ</span> <span class='ocrx_word' id='word_1_801' title='bbox 2588 4969 2706 5033; x_wconf 82' lang='grc' dir='ltr'><strong>ὀδῷ</strong></span> <span class='ocrx_word' id='word_1_802' title='bbox 2736 4969 2851 5019; x_wconf 81' lang='grc' dir='ltr'><strong>τῶν</strong></span> <span class='ocrx_word' id='word_1_803' title='bbox 2883 4969 3224 5036; x_wconf 77' lang='grc' dir='ltr'>μαρτυρίων</span> <span class='ocrx_word' id='word_1_804' title='bbox 3279 4980 3394 5018; x_wconf 87' lang='grc' dir='ltr'><strong>σου</strong></span> <span class='ocrx_word' id='word_1_805' title='bbox 3433 4963 3746 5030; x_wconf 75' lang='grc' dir='ltr'>ἐτέρφθην,</span> <span class='ocrx_word' id='word_1_806' title='bbox 3807 4966 3890 5028; x_wconf 83' lang='grc' dir='ltr'>ὡς</span> 
     </span>
    </p>
   </div>
   <div class='ocr_carea' id='block_1_110' title="bbox 2327 5055 3886 5123">
    <p class='ocr_par' dir='ltr' id='par_1_110' title="bbox 2327 5055 3886 5123">
     <span class='ocr_line' id='line_1_110' title="bbox 2327 5055 3886 5123; baseline -0.004 -8"><span class='ocrx_word' id='word_1_807' title='bbox 2327 5062 2423 5115; x_wconf 75' lang='grc' dir='ltr'><strong>ἐπὶ</strong></span> <span class='ocrx_word' id='word_1_808' title='bbox 2448 5063 2624 5114; x_wconf 75' lang='grc' dir='ltr'>παντὶ</span> <span class='ocrx_word' id='word_1_809' title='bbox 2648 5062 2888 5123; x_wconf 71' lang='grc' dir='ltr'>πλούτῳ</span> <span class='ocrx_word' id='word_1_810' title='bbox 2909 5075 2921 5088; x_wconf 74' lang='grc'><strong>⁸</strong></span> <span class='ocrx_word' id='word_1_811' title='bbox 2953 5059 3049 5111; x_wconf 74' lang='grc' dir='ltr'>καὶ</span> <span class='ocrx_word' id='word_1_812' title='bbox 3084 5057 3242 5118; x_wconf 79' lang='grc' dir='ltr'>αὖθις</span> <span class='ocrx_word' id='word_1_813' title='bbox 3266 5073 3278 5086; x_wconf 84' lang='grc'><strong>·</strong></span> <span class='ocrx_word' id='word_1_814' title='bbox 3324 5056 3633 5110; x_wconf 79' lang='grc' dir='ltr'>Ἐνετείλω</span> <span class='ocrx_word' id='word_1_815' title='bbox 3660 5055 3886 5108; x_wconf 69' lang='grc' dir='ltr'>δικαίου</span> 
     </span>
    </p>
   </div>
   <div class='ocr_carea' id='block_1_111' title="bbox 2327 5144 3890 5220">
    <p class='ocr_par' dir='ltr' id='par_1_111' title="bbox 2327 5144 3890 5220">
     <span class='ocr_line' id='line_1_111' title="bbox 2327 5144 3890 5220; baseline -0.007 -12"><span class='ocrx_word' id='word_1_816' title='bbox 2327 5157 2545 5218; x_wconf 74' lang='grc' dir='ltr'>σύνην·</span> <span class='ocrx_word' id='word_1_817' title='bbox 2576 5153 2647 5205; x_wconf 78' lang='grc' dir='ltr'>τὰ</span> <span class='ocrx_word' id='word_1_818' title='bbox 2665 5151 2958 5220; x_wconf 76' lang='grc' dir='ltr'>μαρτύριά</span> <span class='ocrx_word' id='word_1_819' title='bbox 2990 5166 3106 5203; x_wconf 87' lang='grc' dir='ltr'><strong>σου</strong></span> <span class='ocrx_word' id='word_1_820' title='bbox 3152 5153 3238 5213; x_wconf 72' lang='grc' dir='ltr'>εἰς</span> <span class='ocrx_word' id='word_1_821' title='bbox 3268 5149 3375 5200; x_wconf 80' lang='grc' dir='ltr'><strong>τὸν</strong></span> <span class='ocrx_word' id='word_1_822' title='bbox 3411 5145 3597 5201; x_wconf 71' lang='grc' dir='ltr'>αἰῶνα</span> <span class='ocrx_word' id='word_1_823' title='bbox 3651 5144 3890 5199; x_wconf 64' lang='lat' dir='ltr'><strong>avreu-</strong></span> 
     </span>
    </p>
   </div>
   <div class='ocr_carea' id='block_1_112' title="bbox 2327 5237 3889 5312">
    <p class='ocr_par' dir='ltr' id='par_1_112' title="bbox 2327 5237 3889 5312">
     <span class='ocr_line' id='line_1_112' title="bbox 2327 5237 3889 5312; baseline -0.006 -15"><span class='ocrx_word' id='word_1_824' title='bbox 2327 5247 2443 5297; x_wconf 80' lang='grc' dir='ltr'>σόν</span> <span class='ocrx_word' id='word_1_825' title='bbox 2471 5264 2562 5312; x_wconf 83' lang='grc' dir='ltr'><strong>με,</strong></span> <span class='ocrx_word' id='word_1_826' title='bbox 2602 5245 2697 5297; x_wconf 78' lang='grc' dir='ltr'>καὶ</span> <span class='ocrx_word' id='word_1_827' title='bbox 2731 5243 3002 5310; x_wconf 68' lang='grc' dir='ltr'>ζήσομαι.</span> <span class='ocrx_word' id='word_1_828' title='bbox 3039 5241 3147 5293; x_wconf 68' lang='grc' dir='ltr'><strong>Καὶ</strong></span> <span class='ocrx_word' id='word_1_829' title='bbox 3176 5241 3334 5308; x_wconf 79' lang='grc' dir='ltr'>εἴπερ</span> <span class='ocrx_word' id='word_1_830' title='bbox 3356 5241 3434 5300; x_wconf 85' lang='grc' dir='ltr'><strong>είς</strong></span> <span class='ocrx_word' id='word_1_831' title='bbox 3465 5237 3556 5289; x_wconf 84' lang='grc' dir='ltr'><strong>τδν</strong></span> <span class='ocrx_word' id='word_1_832' title='bbox 3584 5237 3756 5288; x_wconf 84' lang='grc' dir='ltr'>αίῶνα</span> <span class='ocrx_word' id='word_1_833' title='bbox 3786 5254 3889 5304; x_wconf 77' lang='grc' dir='ltr'>φυ-</span> 
     </span>
    </p>
   </div>
   <div class='ocr_carea' id='block_1_113' title="bbox 2325 5325 3886 5403">
    <p class='ocr_par' dir='ltr' id='par_1_113' title="bbox 2325 5325 3886 5403">
     <span class='ocr_line' id='line_1_113' title="bbox 2325 5325 3886 5403; baseline -0.008 -16"><span class='ocrx_word' id='word_1_834' title='bbox 2325 5337 2541 5387; x_wconf 83' lang='grc' dir='ltr'>λάττειν</span> <span class='ocrx_word' id='word_1_835' title='bbox 2565 5336 2698 5403; x_wconf 78' lang='grc' dir='ltr'>ἡμῖν</span> <span class='ocrx_word' id='word_1_836' title='bbox 2728 5333 3036 5384; x_wconf 75' lang='grc' dir='ltr'>ἐντέλλεται</span> <span class='ocrx_word' id='word_1_837' title='bbox 3063 5332 3094 5400; x_wconf 84' lang='grc' dir='ltr'><strong>ή</strong></span> <span class='ocrx_word' id='word_1_838' title='bbox 3128 5329 3440 5400; x_wconf 81' lang='grc' dir='ltr'>προφητικὴ</span> <span class='ocrx_word' id='word_1_839' title='bbox 3474 5326 3624 5394; x_wconf 82' lang='grc' dir='ltr'>φωνὴ</span> <span class='ocrx_word' id='word_1_840' title='bbox 3650 5325 3718 5377; x_wconf 80' lang='grc' dir='ltr'>τὰ</span> <span class='ocrx_word' id='word_1_841' title='bbox 3743 5343 3886 5394; x_wconf 79' lang='grc' dir='ltr'>μαρο</span> 
     </span>
    </p>
   </div>
   <div class='ocr_carea' id='block_1_114' title="bbox 2324 5418 3880 5498">
    <p class='ocr_par' dir='ltr' id='par_1_114' title="bbox 2324 5418 3880 5498">
     <span class='ocr_line' id='line_1_114' title="bbox 2324 5418 3880 5498; baseline -0.008 -17"><span class='ocrx_word' id='word_1_842' title='bbox 2324 5429 2485 5498; x_wconf 79' lang='grc' dir='ltr'>τύρια</span> <span class='ocrx_word' id='word_1_843' title='bbox 2513 5429 2607 5479; x_wconf 85' lang='grc' dir='ltr'><strong>τοῦ</strong></span> <span class='ocrx_word' id='word_1_844' title='bbox 2633 5426 2791 5488; x_wconf 75' lang='grc' dir='ltr'>θεοῦ,</span> <span class='ocrx_word' id='word_1_845' title='bbox 2826 5427 2918 5478; x_wconf 81' lang='grc' dir='ltr'>καὶ</span> <span class='ocrx_word' id='word_1_846' title='bbox 2967 5425 3064 5494; x_wconf 75' lang='grc' dir='ltr'>ζῇν</span> <span class='ocrx_word' id='word_1_847' title='bbox 3090 5426 3147 5476; x_wconf 83' lang='grc' dir='ltr'><strong>ἐν</strong></span> <span class='ocrx_word' id='word_1_848' title='bbox 3178 5425 3384 5484; x_wconf 81' lang='grc' dir='ltr'>αὐτοῖς,</span> <span class='ocrx_word' id='word_1_849' title='bbox 3415 5420 3572 5486; x_wconf 81' lang='grc' dir='ltr'>δῆλον</span> <span class='ocrx_word' id='word_1_850' title='bbox 3599 5419 3672 5481; x_wconf 86' lang='grc' dir='ltr'><strong>ὡς</strong></span> <span class='ocrx_word' id='word_1_851' title='bbox 3703 5418 3880 5487; x_wconf 78' lang='grc' dir='ltr'>ἀκρα-</span> 
     </span>
    </p>
   </div>
   <div class='ocr_carea' id='block_1_115' title="bbox 2325 5507 3884 5582">
    <p class='ocr_par' dir='ltr' id='par_1_115' title="bbox 2325 5507 3884 5582">
     <span class='ocr_line' id='line_1_115' title="bbox 2325 5507 3884 5582; baseline -0.006 -13"><span class='ocrx_word' id='word_1_852' title='bbox 2325 5518 2492 5570; x_wconf 77' lang='grc' dir='ltr'>δαντα</span> <span class='ocrx_word' id='word_1_853' title='bbox 2528 5518 2619 5570; x_wconf 73' lang='grc' dir='ltr'>καὶ</span> <span class='ocrx_word' id='word_1_854' title='bbox 2653 5516 2925 5569; x_wconf 81' lang='grc' dir='ltr'>ἀσάλευτα</span> <span class='ocrx_word' id='word_1_855' title='bbox 2973 5513 3343 5582; x_wconf 76' lang='grc' dir='ltr'>διαμένουσιν,</span> <span class='ocrx_word' id='word_1_856' title='bbox 3413 5510 3532 5564; x_wconf 76' lang='grc' dir='ltr'><strong>Ὀτι</strong></span> <span class='ocrx_word' id='word_1_857' title='bbox 3583 5507 3725 5560; x_wconf 81' lang='grc' dir='ltr'>οὕτω</span> <span class='ocrx_word' id='word_1_858' title='bbox 3747 5509 3884 5573; x_wconf 76' lang='grc' dir='ltr'>φησὶ</span> 
     </span>
    </p>
   </div>
  </div>
