4114 6462
244 371 306 432 89
1291 372 1365 431 ΙΝ
1405 373 1560 431 CAN.
1609 375 1737 434 XVI
1776 374 1973 434 CONC.
2020 374 2392 433 CARTHAG.
3372 359 3442 424 90

249 481 332 533 καὶ
354 483 379 531 ό
400 480 641 551 θεόπτης
674 484 888 550 Μωσῆς
907 497 920 512 ⁶
962 483 1061 535 Ἐν
1081 485 1283 547 αὐτοῖς
1307 487 1417 536 οὐκ
1460 487 1589 538 ἔστι
1614 501 1796 554 προσ-

1917 483 2212 558 )el'actanda
2249 489 2583 547 permanere.
2613 475 2746 528 Nam
2781 473 2991 526 divinus
3021 481 3229 537 quoque
3273 465 3441 518 Moses

244 570 439 632 θεῖναι,
472 573 576 624 καί
607 572 713 626 ἀπ’
754 571 946 625 αὐτῶν
969 575 1075 626 οὐκ
1105 574 1272 626 ἐστιν
1298 577 1561 641 ἀφελεῖν.
1585 578 1795 630 Τούτων

245 661 414 711 τοίνυν
437 661 620 723 οὕτως
663 662 836 714 ὄντων
890 663 981 714 καὶ
1031 663 1585 734 διαμαρτυρουμένων
1645 669 1794 734 ἡμῖν,

245 750 644 815 ἀγαλλιώμενοι
701 752 792 802 ἐπ’
845 753 1042 813 αὐτοῖς,
1094 754 1187 814 ὡς,
1241 755 1293 805 εἴ
1341 772 1424 817 τις
1458 755 1594 825 ε’ύρῃ
1629 756 1797 808 σκῦλα

247 840 430 903 πολλὰ,
467 845 602 903 τοὺς
634 842 812 904 θείους
864 844 1142 906 ἀσπασίως
1189 845 1417 905 κανόνας
1469 845 1800 913 ενστερνιξό·

248 931 401 997 μεθα,
434 935 538 984 καὶ
565 933 664 1002 τὴν
685 934 866 984 αὐτῶν
895 934 1152 1000 διαταγὴν
1199 936 1492 1002 ὁλόκληρον
1541 938 1633 986 καὶ
1668 937 1800 988 ἀσά-

244 1021 421 1073 λευτον
447 1025 640 1090 μένειν
670 1022 944 1091 όλοψύχως
974 1023 1296 1091 αἱρούμεθα.
1335 1026 1444 1077 Καὶ
1470 1027 1652 1091 ἐπειδὴ
1686 1025 1796 1077 τῶν

245 1112 296 1161 ιν
321 1112 512 1181 κλήρῳ
537 1113 888 1180 τεταγμένων
919 1113 1068 1174 τινὰς
1123 1113 1366 1182 ἔγνωμεν
1397 1115 1682 1183 πράγμασι
1707 1132 1799 1167 κο-

247 1203 455 1264 σμικοίς
488 1203 867 1268 ὲμπλέκοντας
892 1202 1259 1264 ἀκανονίστως
1293 1205 1538 1264 ἑαυτοὺς,
1571 1203 1664 1262 οὒς
1701 1203 1798 1270 μὲν

246 1292 657 1357 κουρατωρείας
714 1292 809 1376 καὶ
845 1292 1164 1358 προνοήσεις
1201 1292 1363 1343 οἴκων
1408 1292 1797 1362 ἀρχοντικῶνῆ

247 1377 543 1442 κτημάτων
586 1379 1102 1444 ἀναλαμβάνοντας,
1145 1379 1240 1442 οὓς
1287 1381 1341 1432 δὲ
1383 1381 1478 1432 καὶ
1526 1380 1800 1447 δημοσίων

242 1463 408 1514 τελῶν
452 1466 834 1537 εἰσπράξειςῆ
862 1468 1170 1534 κεφαλαίων
1203 1470 1423 1538 ἑτέρων,
1471 1470 1502 1537 ἢ
1530 1469 1801 1533 ἐξελάσεις

243 1549 528 1618 πλωῖμων,
573 1554 606 1622 ἢ
637 1555 699 1623 δὴ
723 1555 816 1606 καὶ
861 1556 1178 1624 ἀναγραφὰς
1223 1556 1255 1625 ἢ
1287 1556 1613 1623 λογοποιίας,
1646 1558 1678 1626 ἢ
1708 1559 1802 1609 καὶ

243 1641 430 1710 ἑτέραν
454 1644 656 1710 όμοίαν
680 1645 981 1713 ἐνέργειαν,
1007 1647 1104 1697 οὐκ
1133 1646 1225 1698 ἐπὶ
1251 1647 1570 1716 πράγμασιν
1604 1647 1802 1715 ἐκκλη-

245 1735 568 1796 σιαστικοῖς,
615 1733 746 1784 ἀλλὰ
771 1737 1071 1802 κοσμικοίς,
1122 1736 1292 1796 ἐνίους
1326 1737 1395 1789 ’δὲ
1442 1741 1534 1790 καὶ
1563 1738 1714 1803 ἀξίας
1745 1755 1800 1788 τε

1901 574 1978 626 sic
2002 556 2198 638 inquit:
2221 568 2341 621 Non
2369 570 2486 620 licet
2503 567 2575 620 eis
2605 565 2794 617 addere
2817 577 2904 614 nec
2926 558 3194 612 detrahere
3218 556 3281 607 ³¹.
3309 554 3441 608 Cum

1900 661 2013 714 haec
2039 660 2216 725 itaque
2249 658 2321 710 ita
2351 661 2478 719 sint,
2506 665 2558 708 et
2583 654 2735 708 nobis
2767 648 3125 704 testimonium
3161 645 3355 705 ferant,
3390 644 3440 695 in

1901 750 1979 804 eis
2008 749 2366 808 exsultantes,
2401 756 2652 813 tanquam
2677 743 2719 796 si
2752 743 2872 808 quis
2902 739 3062 792 multa
3088 735 3255 801 spolia
3288 734 3438 785 inve-

1903 842 2061 901 nerit,
2104 839 2310 892 divinos
2370 838 2619 889 lubenter
2676 844 2908 887 canones
2964 824 3355 894 amplectimur,
3394 833 3447 874 et

1901 946 2088 984 eorum
2113 929 2547 985 constitutionem
2580 925 2838 992 integram
2863 928 2915 973 et
2946 919 3312 970 inconcussam
3339 927 3447 964 ma-

1903 1037 2028 1075 nere
2058 1030 2168 1074 toto
2199 1017 2670 1086 animoeligimus.
2708 1011 2968 1078 Quoniam
3003 1016 3178 1061 autem
3214 1003 3446 1056 nonnul-

1901 1113 1978 1167 los
2007 1126 2192 1164 eorum
2228 1109 2316 1177 qui
2353 1115 2479 1162 sunt
2514 1107 2564 1159 in
2593 1103 2737 1158 clero
2790 1097 3061 1154 constituti
3116 1094 3358 1147 novimus
3393 1106 3450 1143 se

1901 1199 2245 1254 saecularibus
2275 1197 2499 1265 negotiis
2527 1203 2711 1247 contra
2737 1202 2969 1243 canones
2999 1185 3272 1253 implicare
3306 1199 3318 1234 :
3355 1182 3448 1232 hos

1902 1291 2112 1356 quidem
2142 1288 2418 1340 domorum
2475 1285 2875 1351 magistratuum
2928 1278 3011 1329 vel
3059 1273 3450 1342 possessionum

1901 1381 2204 1433 curationes
2239 1375 2833 1438 administrationesque
2889 1359 3278 1434 suscipientes;
3338 1359 3452 1414 illus

1908 1483 2033 1520 vero
2066 1469 2226 1521 etiam
2253 1466 2584 1532 publicorum
2619 1458 2958 1528 vectigalium
3013 1457 3342 1513 exactiones,
3370 1451 3453 1500 vol

1903 1557 2130 1610 aliorqu
2163 1557 2415 1624 capitum,
2450 1553 2531 1606 vel
2562 1565 2743 1606 eorum
2777 1563 2894 1616 quae
2923 1546 3148 1599 navibus
3177 1551 3455 1609 portantur

1905 1647 2215 1716 peusionutn
2244 1645 2546 1712 petitiones,
2567 1642 2649 1695 vel
2669 1637 3082 1707 colligendarum
3110 1633 3453 1697 pecuniarum

1905 1736 2275 1799 rationumque
2293 1732 2678 1787 retldendarom
2709 1740 2946 1787 munera,
2971 1724 3049 1776 vel
3074 1721 3287 1788 aliquod
3314 1718 3428 1783 ejus
3445 1747 3456 1754 -

244 1822 332 1871 καὶ
357 1821 544 1889 ἀρχὰς
574 1822 672 1885 τὰς
695 1826 790 1890 τῆς
826 1797 1098 1884 πολιτείας
1133 1797 1637 1894 ἁπονενεμημέναςτ,
1688 1797 1800 1887 τοῖς

1917 1826 2047 1878 ιηοάἱ
2100 1824 2366 1887 olIlt-ium;
2403 1839 2508 1876 non
2564 1822 2612 1872 in
2655 1815 3028 1870 ecclesiasticis
3052 1855 3064 1874 ,
3100 1813 3190 1866 sed
3238 1809 3455 1864 secula-

241 1909 504 1972 τοιούτοις
542 1911 987 1981 παρεγγυώμεοα
1024 1915 1333 1968 παύσασθαι
1361 1917 1452 1968 τοῦ
1486 1917 1674 1968 λοιποῦ
1699 1917 1804 1968 τῶν

234 2000 551 2069 εἰρημένων
577 2003 852 2056 ἁπάντων·
877 2007 995 2066 ταίς
1013 2005 1498 2071 ἐκκλησιαστικαῖς
1521 2006 1575 2057 δὲ
1595 2006 1805 2074 χρείαις

244 2096 701 2162 προσευκαιρεῖν,
739 2095 787 2145 εί
823 2094 895 2162 μὴ
925 2094 1201 2162 βούλοιντο
1258 2098 1324 2164 τῇ
1369 2096 1659 2165 δεδογμένῃ
1697 2099 1808 2156 τοῖς

243 2177 399 2242 θείοις
431 2183 537 2233 xal.
569 2184 734 2251 ίεροῖς
763 2185 953 2236 κανόσι
1011 2185 1330 2253 καθαιρέσει
1385 2185 1478 2236 τοῦ
1513 2186 1808 2252 προσόντος

241 2271 423 2334 αὐτοῖς
458 2273 927 2342 ὲκκλησιαστικοῦ
957 2275 1050 2328 τοῦ
1101 2274 1310 2344 βαθμοῦ
1346 2276 1644 2342 ὑπαγαγεῖν
1685 2277 1810 2327 ἑαυ-

242 2360 386 2422 τούς.
430 2363 497 2415 Εἰ
537 2365 647 2432 γὰρ
677 2365 773 2417 καὶ
803 2367 992 2434 μακρᾷ
1020 2365 1278 2434 συνηθείᾳ
1313 2366 1634 2431 έδράζεσθαί
1665 2383 1810 2427 τινες

243 2450 440 2505 οἴονται
463 2453 569 2504 τοῦ
591 2455 816 2506 τοιαῦτα
841 2454 1089 2522 μετιέναι
1114 2454 1210 2506 καὶ
1231 2457 1336 2524 πρὸ
1369 2455 1547 2507 αὐτῶν
1575 2456 1675 2507 ούκ
1705 2456 1812 2508 ὀλί-

241 2556 390 2605 γους,
427 2543 572 2610 πρὸς
592 2542 648 2594 δὲ
684 2543 780 2594 καὶ
814 2542 1105 2611 βασιλικάς
1127 2545 1256 2612 φασί
1287 2561 1348 2596 τε
1375 2545 1646 2615 προϐῆναι
1671 2548 1814 2598 οίκο.

243 2634 436 2700 νομίας
465 2633 822 2698 ἀνατιθείσας
855 2636 1179 2702 ίερωμένοις
1215 2636 1372 2700 ἀξίας
1401 2653 1460 2687 τε
1501 2637 1593 2688 καὶ
1623 2653 1814 2704 κοσμι-

245 2727 341 2785 κὰς
393 2727 496 2778 καὶ
554 2725 784 2791 όφφίκια
839 2726 872 2788 ἢ
903 2725 1186 2791 ἐνεργείας
1218 2725 1411 2792 ὁμοίας
1439 2728 1548 2777 εἴτε
1605 2726 1808 2792 ἀρχάς’

244 2811 356 2863 ἀλλ’
381 2813 486 2881 οὐχ
516 2814 916 2881 ἐλκυσθήσεται
944 2814 1079 2880 πρὸς
1106 2813 1429 2880 ὑπόδειγμα.
1471 2814 1686 2882 Ἐπειδὴ
1708 2816 1815 2882 γὰρ

245 2903 357 2954 οὔθ’
391 2906 490 2955 ὑπ’
529 2904 867 2971 ἀμφιϐολίαν
905 2906 953 2956 oi
982 2905 1116 2973 περὶ
1146 2904 1349 2956 τούτων
1386 2906 1521 2971 ἱεροὶ
1562 2905 1656 2956 καὶ
1682 2905 1814 2956 θεῖοι

246 2993 465 3054 κανόνες
515 2993 734 3055 ἔπεσον,
785 2993 908 3046 οὗτε
953 2994 1248 3061 δοκιμασία
1275 3012 1356 3056 τις
1389 2996 1481 3046 καὶ
1527 2995 1816 3060 διάγνωσις

1907 1912 2056 1964 ribus
2083 1912 2346 1980 negotiis;
2407 1906 2779 1971 nonnullisque
2834 1916 3017 1955 eorum
3074 1899 3258 1952 civiles
3293 1898 3454 1950 etiam

1907 2001 2257 2068 magistratus
2323 1999 2715 2066 dignitatesque
2777 2006 2897 2046 esse
2956 1989 3240 2042 attributas
3297 2005 3311 2040 :
3377 1987 3456 2037 eis

1910 2091 2248 2160 przecipimus
2279 2098 2335 2140 ut
2381 2088 2630 2153 deinceps
2663 2099 2691 2136 a
2731 2081 2996 2150 prmdietis
3043 2079 3292 2132 omnibus
3347 2091 3464 2129 ces—

1909 2193 2049 2248 sent,
2087 2184 2138 2236 in
2163 2179 2545 2236 ecclesiasticis
2566 2189 2740 2231 autem
2771 2174 2998 2244 negotiis
3025 2171 3318 2232 oﬂiciisque
3343 2185 3464 2221 ver—

1911 2281 2134 2335 sentur;
2165 2269 2264 2323 nisi
2296 2268 2463 2322 velint
2493 2267 2565 2330 ei,
2601 2280 2718 2333 qua:
2757 2264 2926 2318 sacris
2953 2261 3259 2328 divinisque
3294 2272 3460 2311 cano-

1913 2361 2070 2414 uibus
2124 2361 2343 2427 placuit,
2397 2360 2594 2427 gradus
2648 2372 2803 2423 quem
2865 2354 3059 2406 habent
3114 2346 3462 2402 ecclesiastici

1915 2453 2235 2520 depositioni
2273 2450 2484 2515 subjici.
2521 2447 2631 2500 Etsi
2677 2445 2818 2499 enim
2867 2443 3023 2512 longa
3079 2437 3465 2492 consuetudine

1914 2544 2225 2596 confirmari
2281 2540 2619 2605 stabilirique
2653 2537 2868 2604 quidam
2927 2532 3258 2589 existimant,
3323 2526 3464 2595 quod

1915 2651 2018 2688 non
2053 2633 2207 2702 pauci
2245 2642 2368 2685 ante
2397 2645 2492 2684 eos
2521 2629 2609 2682 illa
2657 2623 3021 2694 susceperint;
3062 2631 3323 2687 przeterea
3370 2632 3467 2668 au-

1914 2735 2018 2778 tem
2041 2725 2223 2778 dicunt
2254 2722 2562 2788 imperiales
2592 2712 3110 2772 administrationes,
3139 2725 3257 2778 qua:
3303 2723 3472 2762 saecu-

1913 2817 2056 2870 lares
2087 2815 2375 2884 dignitates
2403 2821 2456 2865 et
2500 2810 2695 2872 cilicia,
2745 2813 2836 2860 aut
2873 2802 3067 2858 similia
3096 2814 3315 2853 munera
3371 2812 3464 2850 seu

1914 2907 2286 2974 magistratus,
2321 2901 2555 2957 sacratis
2604 2897 2911 2952 hominibus
2969 2892 3311 2948 committunt
3343 2903 3469 2955 pro-

1917 2999 2148 3055 cessisse
2185 3017 2198 3051 :
2232 2997 2322 3050 sed
2357 3006 2534 3048 tamen
2581 3005 2683 3044 non
2734 2991 2980 3041 trahetur
3044 2983 3108 3035 ad
3145 2979 3467 3045 exemplum.

246 3083 530 3151 ἔγγραφος
562 3084 893 3152 προϐεϐήκει
935 3086 1088 3152 παρά
1117 3102 1178 3136 τε
1217 3084 1310 3136 τοῦ
1340 3086 1479 3136 κατὰ
1529 3085 1719 3153 καιρὸν
1742 3085 1809 3136 τὰ

1919 3092 2050 3157 Quia
2077 3089 2219 3143 enim
2251 3094 2332 3139 est
2362 3087 2492 3138 citra
2541 3079 2990 3137 controversiam,
3046 3087 3146 3126 nec
3188 3084 3373 3124 sacros
3412 3083 3476 3121 ac

244 3173 338 3238 τῆς
373 3173 660 3240 βασιλείας
689 3175 944 3243 σκῆπτρα
971 3174 1268 3236 διέποντος,
1300 3176 1380 3225 ἔτι
1425 3174 1483 3226 δὲ
1513 3176 1606 3226 καὶ
1644 3175 1811 3241 ἁγιω-

245 3262 421 3314 τάτων
453 3265 820 3332 πατριαρχῶν
849 3265 942 3316 καὶ
977 3265 1210 3317 συνόδων
1236 3265 1458 3325 τούτους
1487 3265 1683 3325 αὐτοὺς
1710 3282 1813 3317 πα-

251 3352 629 3422 ραθραύουσα,
663 3357 722 3406 οὺ
758 3355 883 3418 τοὺς
917 3356 1338 3425 γεγραμμένους
1362 3357 1592 3418 κανόνας
1613 3356 1671 3407 at
1700 3373 1814 3406 τοι-

249 3445 408 3499 αῦται
442 3448 774 3515 οἰκονομίαι,
820 3449 921 3501 καὶ
949 3451 980 3518 ἡ
1030 3450 1103 3519 μὴ
1136 3450 1531 3518 δοκιμασθείσα
1556 3448 1814 3517 συνήθεια

249 3536 382 3597 ὅλως
403 3555 482 3589 πα
494 3539 886 3606 ρασαλεύουσιν
907 3555 922 3569 ο
969 3533 1131 3592 α’ὗται
1158 3539 1214 3589 δὲ
1249 3539 1449 3607 μᾶλλον
1478 3539 1583 3588 ὑπὸ
1607 3538 1813 3588 τούτων

250 3628 570 3680 τούναντίον
599 3631 781 3682 τέλεον
816 3632 1293 3700 συντριϐήσονται,
1345 3631 1420 3693 ὡς
1471 3629 1647 3699 χύτρα
1678 3631 1817 3682 κατὰ

253 3719 342 3769 τὸν
373 3719 704 3785 Σολομῶντα
754 3721 1179 3789 προσκρούσασα
1228 3721 1432 3788 λέϐητι.
1472 3722 1662 3772 Πύλαι
1686 3721 1813 3788 γὰρ,

255 3811 439 3873 φησὶν,
467 3809 618 3874 ᾅδου
645 3807 753 3876 τῆς
796 3811 1159 3876 Ἔκκλησίας
1186 3813 1256 3863 οὐ
1297 3812 1814 3878 κατισχύσουσιν,

255 3901 712 3970 οίκοδομηθείσης
740 3902 891 3969 παρά
921 3903 1127 3970 Κυρίου
1161 3901 1254 3952 ἐπὶ
1279 3901 1354 3968 τῷ
1386 3901 1679 3968 θεοκήρυκι
1714 3899 1819 3952 Πέ-

256 4005 393 4057 τρῳ,
422 3990 500 4058 τῷ
542 3991 640 4041 σὺν
666 3993 777 4052 τοῖς
809 3992 1015 4053 λοιποῖς
1038 3992 1212 4058 ἁγίοις
1241 3991 1563 4051 ἀποστόλοις
1597 3993 1819 4057 νομοθεο

256 4081 484 4144 τήσαντι
517 4079 695 4142 οὕτως
715 4082 773 4132 έν
805 4079 858 4144 ς’
890 4083 1074 4133 κανόνι
1114 4081 1318 4133 αὐτῶν·
1388 4081 1757 4139 Ἐπίσκοπος
1781 4078 1819 4146 ἣ

258 4171 662 4236 πρεσϐύτερος
699 4171 736 4236 ἢ
775 4171 1054 4234 διάκονος
1081 4170 1375 4238 κοσμικὰς
1399 4171 1721 4238 φροντίδας
1735 4169 1820 4237 μὴ

257 4256 728 4324 ἀναλαμϐανέτω
755 4274 768 4287 ⁸
789 4261 843 4310 εί
870 4258 1062 4326 δὲμὴ,
1104 4260 1514 4322 καθαιρείσθω.
1549 4261 1824 4322 Ὡσαύτως

263 4349 356 4398 καὶ
388 4349 448 4401 ὲν
480 4346 573 4401 πα¹
600 4348 825 4416 εἴπομεν
852 4351 936 4402 ὅτι
978 4350 1053 4417 μὴ
1083 4351 1186 4418 χρὴ
1211 4351 1562 4420 ὲπίσκοπονῆ
1588 4351 1827 4419 πρεσῦύ-

1915 3181 2119 3234 divinos
2147 3179 2211 3232 de
2261 3176 2326 3229 iis
2354 3188 2586 3228 canones
2616 3168 2991 3229 intercidisse;
3025 3178 3123 3216 nec
3150 3161 3254 3214 ulla
3291 3159 3476 3226 cogni-

1914 3272 1986 3326 tio
2021 3281 2113 3323 aut
2144 3266 2472 3323 examinatio
2507 3261 2702 3316 litteris
2756 3259 3005 3312 mandata
3041 3254 3108 3308 ab
3144 3267 3208 3306 eo
3257 3251 3344 3318 qui
3386 3248 3476 3301 illo

1919 3371 2158 3429 tempore
2187 3357 2481 3426 imperialia
2528 3361 2738 3420 sceptra
2783 3348 3017 3408 tenebat,
3055 3358 3150 3396 nec
3186 3357 3212 3393 a
3247 3340 3475 3393 sanctis-

1916 3454 2068 3507 simis
2106 3447 2429 3518 patriarchis
2478 3452 2533 3498 ct
2579 3439 2798 3511 synodis
2849 3451 2942 3490 eos
3000 3435 3145 3501 ipsos
3198 3438 3469 3488 evertens,

1916 3538 2178 3611 processit
2214 3556 2226 3589 :
2274 3535 2501 3598 scriptos
2543 3542 2780 3583 canones
2811 3522 3070 3592 ejusmodi
3116 3515 3472 3588 dispensatio-

1921 3647 2013 3685 nes
2049 3636 2102 3683 et
2128 3641 2229 3680 non
2258 3623 2481 3693 probata
2507 3617 2835 3673 consuetudo
2871 3612 3088 3668 omnino
3119 3626 3223 3663 non
3274 3605 3478 3660 labefa-

1922 3719 2170 3779 ctabunt;
2206 3715 2298 3769 sed
2327 3713 2454 3780 ipsae
2484 3709 2664 3778 potius
2685 3706 2751 3759 ab
2771 3707 2848 3759 eis
2875 3702 3087 3771 penitus
3108 3707 3477 3756 conterentur,

1921 3810 2057 3862 sicut
2095 3806 2234 3869 olla,
2278 3801 2450 3869 inquit
2503 3796 2786 3860 Solomon,
2818 3808 2936 3861 qua:
2983 3791 3140 3844 lebeti
3189 3788 3338 3840 allisa
3371 3797 3468 3838 est.

1925 3895 2099 3946 Porta:
2119 3893 2276 3954 enim,
2311 3889 2500 3957 inquit,
2553 3887 2711 3954 inferi
2768 3885 3017 3937 adversus
3067 3879 3480 3932 Ecclesiamnon

1919 3983 2272 4049 praevalebunt
2303 3981 2367 4042 η,
2399 3993 2517 4047 quae
2538 3995 2566 4029 a
2603 3975 2827 4030 Domino
2859 3987 3016 4040 supra
3055 3971 3144 4023 Dei
3177 3979 3481 4034 praeconem

1922 4075 2138 4129 Petrum
2170 4071 2425 4123 aediﬁcata
2458 4078 2558 4132 est,
2586 4067 2675 4135 qui
2705 4081 2824 4120 cum
2854 4061 3070 4130 reliquis
3103 4057 3307 4133 sanctis
3357 4068 3485 4122 apo-

1923 4165 2076 4219 stolis
2106 4163 2156 4215 in
2192 4171 2343 4214 sexto
2370 4173 2556 4211 eorum
2607 4169 2810 4210 canone
2840 4154 2917 4206 sic
2941 4149 3193 4212 decrevitf
3222 4163 3237 4199 :
3266 4145 3483 4213 Episco-

1929 4271 2046 4324 pus,
2081 4253 2160 4307 vel
2187 4252 2485 4319 presbyter,
2538 4247 2621 4301 vel
2659 4247 2918 4298 diaconus
2954 4240 3228 4295 saecularia
3273 4236 3483 4304 negotia

1930 4323 2036 4392 non
2071 4338 2292 4403 recipiat
2324 4352 2337 4388 :
2369 4336 2452 4388 sin
2488 4333 2684 4394 minus,
2712 4332 3029 4398 deponatur.
3061 4325 3320 4380 Similiter
3353 4333 3404 4376 et
3434 4323 3487 4373 in

259 4451 421 4504 τερον
447 4438 696 4491 καθιέναι
730 4415 942 4490 Ϋέαυτὸν
1084 4415 1443 4505 Ξδημοσιακάς
1506 4415 1812 4508 διοικήσεις

1927 4429 2252 4497 octogesimo
2286 4426 2458 4492 primo
2491 4423 2746 4484 diximus,
2778 4420 2918 4488 quod
2947 4432 3050 4470 non
3107 4421 3320 4482 Oportet
3367 4415 3483 4478 epi-

262 4524 406 4577 ἀλλὰ
435 4529 860 4596 προσευκαιρείν
886 4527 1008 4587 ταῖς
1058 4526 1544 4593 ἐκκλησιαστικαῖς
1574 4527 1782 4595 χρείαις
1809 4544 1824 4560 ·

262 4613 297 4682 ἢ
331 4614 607 4666 πειθέσθω
661 4613 754 4666 οὖν
804 4614 963 4666 τοῦτο
1019 4614 1092 4681 μὴ
1144 4616 1339 4676 ποιεῖν,
1370 4615 1400 4683 ἢ
1436 4614 1823 4676 καθαιρείσθω.

267 4703 480 4768 Οὐδεὶς
504 4705 612 4772 γὰρ
645 4704 894 4756 δύναται
916 4703 1061 4756 δυσὶ
1080 4704 1304 4769 κυρίοις
1326 4702 1665 4765 δουλεύειν,
1687 4703 1827 4755 κατά

263 4797 364 4863 τὴν
399 4794 684 4863 Κυριακὴν
708 4793 1129 4862 παρακέλευσιν.
1171 4792 1289 4844 Ἔτι
1333 4793 1425 4844 καὶ
1453 4794 1480 4843 ὁ
1514 4799 1601 4859 πγ⁹
1629 4792 1789 4860 φησίν
1812 4808 1825 4824 ο

275 4883 606 4941 Ἐπίσκοπος
640 4882 673 4950 ἢ
705 4882 1067 4952 πρεσϐύτερος
1095 4882 1126 4950 ἢ
1158 4883 1403 4943 διάκονος
1429 4883 1684 4949 στρατείᾳ⁴
1711 4898 1826 4949 σχοο

264 4973 465 5037 λάζων,
491 4977 586 5028 καὶ
612 4974 934 5043 βουλόμενος
964 4974 1248 5041 ἀμφότερα
1281 4974 1552 5040 κατέχειν,
1592 4971 1828 5038 Ῥωμαῖ-

269 5064 372 5131 κὴν
397 5065 574 5133 ἀρχὴν
600 5063 695 5114 καὶ
719 5061 997 5130 ίερατικὴν
1018 5062 1302 5130 διοίκησιν,
1335 5061 1721 5129 καθαιρείσθω.
1755 5060 1830 5113 Τὰ

270 5154 380 5220 γὰρ
405 5154 726 5217 Καίσαρος,
752 5151 1026 5216 Καίσαρι,
1045 5151 1144 5202 καὶ
1171 5153 1239 5202 τὰ
1269 5150 1372 5203 τοῦ
1396 5149 1562 5213 Θεοῦ,
1589 5150 1664 5213 τῷ
1683 5148 1825 5211 Θεῷ.

269 5243 430 5295 Ἀλλὰ
466 5245 575 5310 μὴν
604 5244 699 5293 καὶ
746 5242 773 5293 ὁ
802 5241 901 5309 τῆς
943 5243 999 5292 ὲν
1050 5242 1377 5311 Καρθαγένῃ
1417 5240 1492 5304 ις’
1548 5241 1718 5299 οὕτως
1766 5241 1824 5289 ὲν

273 5333 433 5402 μέρει
467 5331 810 5401 διαγορεύει·
861 5332 1095 5400 Ὁμοίως
1125 5333 1341 5400 ⁴ἤρεσεν,
1397 5333 1484 5384 ἶνα
1543 5331 1830 5382 ἐπίσκοποι

270 5424 364 5476 καὶ
388 5421 753 5491 πρεσϐύτεροι
786 5423 882 5475 καὶ
902 5421 1138 5473 διάκονοι
1166 5420 1501 5489 ἐκλήπτορες
1534 5419 1606 5488 μὴ
1642 5418 1834 5485 γίνων-

270 5531 361 5567 ται
398 5514 433 5583 ἦ
471 5513 937 5585 προκουρὰτορεῖ.
967 5512 1075 5564 Καὶ
1107 5511 1223 5576 μετ’
1257 5511 1434 5574 ὀλίγον
1458 5527 1471 5540 ·
1507 5511 1697 5570 Οὐδεὶς
1727 5510 1832 5577 γὰρ

413 5703 453 5731 ³³
497 5702 647 5751 lleut.
687 5712 756 5752 ιγ.
787 5696 840 5754 ‘2.
908 5696 948 5725 ³³
977 5695 1156 5748 Matth.
1222 5711 1324 5756 \‘l,
1375 5696 1455 5750 l8.

1539 5695 1581 5725 ³³
1609 5693 1800 5747 Matth.
1843 5707 1908 5753 VI,
1959 5690 2047 5742 ﬁll.

1929 4533 2150 4587 scopum
2183 4515 2267 4569 vel
2295 4515 2662 4582 presbyterum
2692 4511 2756 4562 ad
2780 4508 3020 4577 publicas
3071 4502 3491 4557 administratio-

1932 4626 2027 4664 nes
2059 4606 2412 4666 descendere,
2450 4603 2542 4656 sed
2590 4603 2644 4654 in
2697 4595 3080 4653 ecclesiasticis
3114 4594 3344 4661 negotiis
3374 4590 3494 4643 oili-

1929 4698 2133 4763 ciisque
2163 4693 2364 4747 versari
2405 4709 2417 4744 :
2449 4691 2533 4744 vel
2564 4703 2692 4755 ergo
2720 4689 2818 4741 hoc
2845 4701 2948 4739 non
2969 4683 3142 4736 facere
3167 4679 3493 4749 persuadea-

1930 4799 2034 4850 tur,
2061 4785 2142 4838 vel
2160 4786 2474 4848 deponatur.
2504 4779 2671 4832 Nemo
2701 4780 2837 4831 enim
2865 4785 3026 4841 potest
3050 4773 3248 4825 duobus
3269 4772 3491 4823 dominis

1930 4880 2123 4932 servire
2160 4876 2226 4939 ³⁸,
2260 4883 2318 4927 ut
2343 4883 2426 4927 est
2451 4880 2774 4940 praeceptum
2832 4866 3060 4919 Domini.
3121 4863 3387 4915 Praeterea
3441 4872 3496 4913 et

1931 4984 2098 5024 canon
2133 4967 2201 5020 83
2258 4964 2429 5030 inquit
2465 4978 2478 5013 :
2514 4960 2804 5028 Episcopus
2836 4957 2918 5010 vel
2951 4954 3232 5023 presbyter
3267 4951 3348 5003 vel
3386 4951 3496 5002 dia-

1932 5074 2101 5113 conus
2133 5055 2334 5110 militia:
2368 5067 2585 5112 vacans,
2612 5060 2667 5102 et
2700 5049 2880 5101 volens
2912 5055 3200 5112 utrumque
3227 5042 3489 5100 obtinere,

1935 5149 2232 5202 Romanum
2295 5143 2666 5210 magistratum
2712 5146 2764 5192 et
2823 5135 3208 5189 sacerdotalem
3273 5130 3496 5183 admini-

1935 5232 2610 5300 strationem,deponatur.
2643 5228 2772 5291 Quae
2797 5227 2929 5278 enim
2957 5235 3074 5276 sunt
3101 5221 3349 5281 Caesaris,
3378 5217 3492 5270 Cm-

1935 5328 2064 5388 sari,
2093 5332 2142 5378 et
2163 5339 2278 5393 quae
2302 5333 2421 5375 sunt
2452 5319 2571 5382 Dei,
2606 5317 2711 5369 Deo
2735 5318 2797 5369 “.
2832 5315 2948 5367 Jam
2977 5326 3103 5365 vero
3132 5319 3186 5363 et
3216 5303 3495 5369 Carthagi-

1940 5419 2120 5472 uensis
2154 5415 2394 5468 decimus
2421 5418 2604 5464 sextus
2631 5409 2708 5460 sic
2741 5405 2961 5474 przecise
2993 5403 3123 5456 dicit
3161 5417 3175 5453 :
3233 5395 3493 5452 Similiter

1940 5509 2156 5580 placuit,
2189 5515 2244 5558 ut
2269 5501 2501 5571 episcopi
2525 5507 2578 5552 et
2608 5493 2909 5565 presbyteri
2936 5502 2988 5546 ct
3023 5489 3230 5545 diaconi
3263 5500 3364 5539 non
3389 5481 3497 5537 sint

2134 5687 2177 5718 ³³
2201 5687 2326 5740 Luc.
2372 5699 2463 5746 xx,
2499 5682 2588 5736 25.
