4114 6452
616 347 676 414 91
1847 356 2114 414 ΤΗΕΟΟ.
2156 358 2381 414 BALSA
2395 359 2547 416 ΜοΝ
3735 349 3811 412 92

621 462 1077 517 administratores
1109 465 1189 517 vel
1244 471 1637 528 procuratores.
1676 465 1743 517 Et
1778 467 1936 531 paulo
1990 475 2110 532 post
2145 482 2157 516 :

2275 469 2693 535 στρατευόμενος
2720 469 2793 534 τῷ
2817 469 2932 535 Θεῷ
2951 467 3277 537 ἐμπλέκεται
3305 466 3493 517 ἑαυτὸν
3518 464 3806 532 πράγμασι

618 551 802 604 Nullas
832 553 972 605 enim
1005 551 1110 604 Deo
1147 551 1382 603 militans
1433 553 1666 620 implicat
1720 569 1776 604 se
1819 555 2163 605 smcnlaribus

621 640 867 706 negotiis.
897 639 1027 694 Cum
1066 639 1149 692 his
1181 654 1390 706 quoque
1425 655 1594 693 canon
1630 641 1695 692 77
1718 640 2164 694 Chalcedonensis

619 728 781 797 538
817 728 1000 796 synodi
1032 745 1046 781 :
1079 725 1204 788 Eos,
1230 729 1324 794 qui
1385 729 1544 780 semel
1595 729 1646 781 in
1699 730 1842 781 clero
1893 729 2163 782 constituti

620 834 765 875 sunt.
799 817 880 870 vel
909 817 1222 878 monachos,
1271 817 1552 869 statuimus
1601 832 1770 884 neque
1817 818 1882 871 ad
1915 819 2158 870 militiam

625 921 794 971 neque
823 906 888 957 ad
947 906 1252 960 saecularem
1308 906 1616 969 dignitatem
1669 909 1962 960 accedere:
1996 908 2076 960 vel
2119 906 2162 958 si

622 997 720 1047 hoc
755 996 1008 1056 audeant,
1039 1003 1090 1047 et
1123 1009 1224 1047 non
1253 995 1563 1061 paenitentia
1590 997 1735 1048 ducti
1783 995 1847 1047 ad
1900 996 1948 1047 id
1985 1011 2164 1049 rever-

624 1091 824 1144 tantur,
878 1084 1019 1151 quod
1047 1094 1261 1152 propter
1306 1085 1472 1138 Deum
1525 1085 1818 1154 elegerunt,
1856 1087 2164 1140 anathema-

621 1173 796 1226 titari.
832 1172 896 1226 Et
927 1173 1502 1242 Constantinopolitani
1539 1178 1693 1243 primi
1727 1187 1778 1230 et
1816 1178 2035 1231 secundi
2067 1195 2163 1231 uu-

621 1263 877 1325 decimus,
909 1263 1020 1316 hatc
1053 1264 1121 1315 ita
1157 1266 1222 1317 ad
1257 1266 1470 1318 verbum
1494 1269 1856 1333 persequitur:
1886 1267 2166 1336 Presbyte-

624 1365 714 1402 ros
738 1349 822 1403 vel
851 1352 1102 1404 diaconos
1145 1353 1430 1406 szcculares
1483 1356 1823 1421 magistratus
1873 1355 1957 1407 vel
2011 1369 2164 1408 curas

623 1439 1000 1505 suscipientes,
1029 1440 1108 1492 vel
1143 1455 1262 1508 quae
1301 1442 1352 1494 iu
1410 1444 1812 1509 magistratuum
1843 1444 2049 1498 aedibus
2080 1446 2162 1498 di-

629 1537 827 1580 cuntur
859 1529 1185 1590 curationes,
1216 1529 1382 1582 divini
1412 1540 1464 1584 et
1507 1533 1646 1586 sacri
1692 1549 1922 1588 canones
1954 1535 2164 1602 deposi-

622 1615 751 1669 tioni
801 1617 1109 1684 subjiciunt.
1140 1617 1250 1672 Hoc
1289 1635 1417 1688 ergo
1459 1635 1556 1674 nos
1588 1637 1798 1690 quoque
1836 1625 2161 1678 conﬁrmau-

622 1715 725 1770 tes,
753 1707 915 1759 etiam
945 1708 1011 1760 de
1067 1709 1308 1775 reliquis,
1346 1710 1434 1776 qui
1476 1711 1528 1764 in
1582 1713 1780 1766 clerum
1825 1715 1973 1768 relati
2019 1725 2161 1777 sunt,

2271 561 2570 624 κοσμικοῐς.
2625 559 2728 609 Σὺν
2755 559 2962 620 τούτοις
2991 558 3081 610 καὶ
3112 560 3138 609 ὁ
3189 555 3261 620 οζ¹
3297 557 3393 623 τῆς
3419 556 3474 606 ἐν
3509 555 3808 621 Χαλκηδόνι

2272 649 2512 709 συνόδου,
2540 651 2664 705 τοὺς
2691 649 2831 712 απαξ
2889 649 2943 698 ἐν
2970 648 3156 714 κλήρῳ
3213 644 3579 710 τεταγμένους
3621 641 3652 709 ἢ
3712 643 3809 690 καὶ

2273 738 2537 802 μοναστὰς
2570 738 2848 804 ὼρίσαμεν
2899 738 3030 804 μήτε
3074 737 3162 786 ἐπὶ
3211 733 3496 800 στρατείαν
3531 731 3663 798 μήτε
3718 731 3811 779 ἐπὶ

2272 826 2422 888 ἀξίαν
2455 827 2719 893 κοσμικὴν
2752 825 3037 893 ἔρχεσθαι·
3071 823 3102 890 ἢ
3139 822 3294 872 τοῦτο
3342 819 3672 888 τολμῶντας,
3715 818 3813 867 καὶ

2274 917 2348 982 μὴ
2386 915 2871 982 μεταμελομένους,
2903 914 3041 966 ὥστε
3095 910 3413 978 ἐπιστρέψαι
3473 909 3566 960 ἐπὶ
3596 908 3750 959 τοῦτο
3783 906 3814 956 ὅ

2270 1004 2355 1055 διὰ
2386 1004 2516 1056 Θεὸν
2551 1005 2780 1061 εἵλοντο,
2808 1000 3324 1068 ἀναθεματίζεσθαι.
3377 999 3485 1050 Καὶ
3522 1001 3549 1048 ὁ
3601 996 3698 1060 τῆς
3754 998 3816 1043 ὲν

2271 1093 2830 1146 Κωνσταντινουπόλει
2860 1091 2904 1143 α’
2957 1094 3047 1142 καὶ
3075 1091 3116 1158 β’
3154 1089 3366 1140 συνόδου
3419 1085 3488 1138 ta'
3517 1087 3636 1137 τάδε
3669 1083 3815 1134 κατὰ

2271 1185 2420 1249 ῥῆμα
2446 1183 2697 1246 διέξεισι·
2728 1183 2863 1242 Teii;
2899 1179 3308 1248 πρεσῦυτέρους
3349 1178 3380 1246 ἢ
3413 1175 3689 1228 διακόνους
3714 1189 3812 1223 κο-

2272 1274 2471 1340 σμικὰς
2500 1273 2669 1341 ἀρχὰς
2699 1273 2729 1340 ἦ
2758 1271 3042 1340 φροντίδας
3072 1269 3518 1334 ἀναδεχομένους,
3554 1267 3585 1332 ἢ
3625 1265 3719 1324 τὰς
3753 1265 3814 1313 ἐν

2269 1364 2380 1422 τοῖς
2405 1364 2574 1420 οἴκοις
2601 1362 2708 1413 τῶν
2737 1361 3010 1429 ἀρχόντων
3056 1357 3355 1424 λεγομένας
3386 1352 3817 1423 κουρατωρείας,

2270 1456 2318 1504 oi
2357 1453 2488 1504 θεῖοι
2519 1453 2610 1504 καὶ
2663 1453 2794 1518 ἱεροὶ
2846 1452 3068 1508 κανόνες
3108 1447 3422 1514 καθαιρέσει
3473 1443 3820 1498 καθυποϐάλο

2269 1542 2437 1594 λουσι.
2477 1543 2648 1593 Τοῦτο
2686 1539 2777 1592 οὖν
2807 1541 2902 1592 καὶ
2929 1541 3087 1605 ἡμεῖς
3121 1535 3531 1603 ἐπικυροῦντες,
3561 1535 3651 1585 καὶ
3683 1533 3819 1597 περὶ

2269 1631 2376 1683 τῶν
2405 1631 2605 1681 λοιπῶν
2639 1629 2745 1680 τῶν
2795 1630 2849 1679 ὲν
2890 1628 3073 1697 κλήρῳ
3128 1625 3557 1690 κατειλεγμένων
3589 1622 3823 1687 διοριζὸ-

2275 1719 2432 1786 μεθα,
2463 1719 2557 1781 ὼς,
2589 1719 2640 1768 εῐ
2668 1735 2749 1776 τις
2781 1718 2958 1767 αὐτῶν
2981 1716 3251 1781 κοσμικὰς
3296 1714 3469 1782 ἀρχὰς
3505 1711 3819 1778 μεταχειρί-

621 1796 930 1860 statuimus,
966 1805 1021 1849 ut
1045 1835 1059 1859 ,
1092 1798 1136 1851 si
1166 1799 1284 1865 quis
1309 1813 1490 1852 eorum
1517 1805 1788 1855 szecularia
1827 1804 2030 1872 negotia
2076 1819 2166 1872 ag-

2275 1809 2495 1875 ξοιτο,ἢ
2553 1809 2648 1867 τὰς
2680 1808 2735 1857 ὲν
2767 1809 2874 1866 τοῖς
2906 1806 3012 1856 τῶν
3061 1805 3332 1873 ἀρχόντων
3381 1803 3546 1863 οἴκοις
3602 1801 3631 1867 ἦ
3682 1817 3820 1862 προ-

621 1885 914 1954 grediatur,
941 1885 1176 1954 vel,‘qu:e
1202 1888 1250 1940 in
1276 1890 1676 1956 magistratuum
1706 1892 1906 1944 aedibus
1933 1892 2016 1945 vel
2037 1894 2168 1947 sub-

622 1973 836 2027 urbanis
868 1976 1169 2029 curationes
1229 1977 1478 2030 dicuntur
1505 2020 1519 2042 ,
1553 1981 1824 2046 suscipiat,
1861 1982 1902 2035 is
1929 1997 1990 2035 ex
2025 1983 2166 2035 clero

619 2064 931 2127 expellatur.
966 2062 1130 2116 Nemo
1172 2069 1311 2118 enim
1361 2077 1544 2132 potest,
1603 2071 1890 2122 secundum
1955 2070 2153 2124 Christi

623 2153 733 2204 veri
766 2151 854 2203 Dei
886 2152 1051 2204 nostri
1081 2153 1280 2206 dictum
1316 2165 1372 2208 et
1420 2157 1754 2210 verissimam
1793 2174 2002 2223 vocem,
2033 2162 2167 2212 duo-

621 2241 716 2293 bus
759 2241 984 2294 dominis
1014 2244 1222 2296 servire.
1257 2243 1320 2296 Et
1369 2245 1588 2298 omnino
1646 2247 1912 2301 manifesti
1967 2259 2089 2301 sunt
2118 2259 2170 2302 et

620 2331 790 2397 aperti
821 2331 870 2383 hi
901 2331 1063 2384 divini
1091 2346 1322 2386 canoiies
1361 2350 1373 2384 :
1406 2343 1458 2386 et
1494 2335 1610 2386 ideo
1643 2349 1744 2386 non
1803 2346 1928 2388 sunt
1993 2347 2168 2390 trans-

623 2419 886 2474 forinandi
947 2421 1026 2473 vel
1078 2423 1232 2474 aliter
1297 2424 1613 2490 accipiendi.
1675 2423 1728 2476 Si
1780 2436 1954 2479 autem
2008 2429 2167 2480 etiam

623 2520 798 2560 causaz
837 2519 1233 2574 procuratorem
1263 2525 1380 2578 quae
1431 2511 1494 2564 ad
1542 2512 1846 2576 ecclesiam,
1897 2515 2048 2580 cujus
2087 2525 2171 2570 est

625 2594 876 2658 clericus,
907 2611 1008 2648 non
1047 2599 1301 2664 perti.iet,
1339 2598 1453 2650 ﬁeri
1489 2601 1687 2654 clerico
1710 2602 2035 2669 prohibitum
2067 2616 2167 2666 est,

622 2698 710 2741 ne,
736 2684 929 2752 inquit,
959 2685 1134 2737 divina
1179 2687 1474 2739 ministeria
1531 2689 1911 2756 impediantur,
1969 2703 2170 2759 quanto

626 2774 793 2836 magis
833 2774 1157 2840 prohibitum
1190 2785 1270 2827 est
1300 2777 1594 2843 majoribus
1626 2780 1974 2832 saecularibus
2007 2797 2169 2844 nego-

624 2863 711 2916 tiis
745 2865 1022 2929 implicari,
1053 2879 1170 2930 quze
1207 2867 1517 2933 impediunt,
1556 2882 1618 2920 ue
1655 2869 1818 2935 possit
1849 2871 2171 2923 ecclesiasti-

625 2953 703 3006 cis
737 2954 961 3018 negotiis
1013 2969 1222 3006 vacare.
1267 2956 1520 3007 Omnibus
1579 2972 1705 3022 ergo
1761 2959 2172 3027 religiosissimis

2265 1897 2497 1957 αστείοις
2521 1895 2812 1961 λεγομένας
2839 1892 3236 1958 κουρατωρείας
3271 1890 3598 1957 ἁναδέχοιτο,
3628 1887 3818 1939 τοῦτον

2264 1985 2356 2036 τοῦ
2381 1984 2575 2036 οἰκείου
2601 1983 2800 2048 κλήρου
2837 1981 3248 2032 αποδιώκεσθαι.
3273 1979 3481 2040 Οὐδείς
3551 1977 3656 2044 γὰρ
3717 1974 3819 2026 δύο

2265 2091 2454 2136 ναται,
2497 2073 2634 2124 κατᾶ
2683 2074 2778 2137 τὴν
2833 2071 2926 2123 τοῦ
2977 2071 3211 2137 Χριστοῦ
3250 2070 3340 2121 τοῦ
3379 2067 3631 2136 ἀληθινοῦ
3677 2066 3820 2116 θεοῦ

2267 2161 2418 2229 ήμῶν
2450 2160 2766 2212 αὖτόλεκτον
2802 2162 2892 2209 καὶ
2935 2159 3340 2225 ἁψευδεστάτην
3402 2157 3618 2225 φωνὴν,
3665 2154 3815 2207 δυσὶ

2268 2253 2493 2316 κυρίοις
2526 2250 2858 2302 δουλεύειν.
2892 2249 2996 2300 Καὶ
3033 2250 3223 2312 σαφεῖς
3246 2247 3457 2308 πάντως
3483 2249 3531 2297 ol
3550 2247 3680 2297 θεῖοι
3710 2261 3783 2295 κα
3805 2273 3818 2282 -

2269 2340 2414 2398 νόνες
2437 2333 2579 2390 οὗτοι
2619 2340 2709 2390 καὶ
2740 2338 2994 2406 πρόδηλοι
3016 2353 3028 2366 ο
3065 2341 3156 2387 καὶ
3195 2335 3280 2386 διὰ
3308 2335 3464 2387 τοῦτο
3495 2334 3811 2401 μεταποιεῖ-

2272 2429 2394 2480 σθαι
2422 2428 2638 2489 τούτους
2668 2429 2724 2478 οὗ
2759 2428 2885 2494 χρή.
2915 2427 2970 2476 ΕΞ
3001 2426 3054 2476 δὲ
3079 2427 3170 2476 καὶ
3211 2425 3424 2476 ἐντολὲα
3470 2425 3624 2490 δίκης
3663 2421 3810 2484 γίνε-

2270 2518 2392 2568 σθαι
2416 2519 2501 2567 τὸν
2526 2516 2936 2583 κεκληρωμένον
2966 2514 3266 2566 κεκώλυται
3305 2514 3376 2580 μὴ
3421 2510 3726 2579 ἀνηκούσης
3754 2511 3819 2575 τῇ

2271 2602 2619 2675 ἐκκλ.ησίαῆς
2668 2610 2778 2657 ἐστι
2835 2606 3109 2672 κληρικος,
3149 2605 3252 2664 ἵνα,
3310 2603 3460 2670 φησὶ,
3499 2601 3570 2669 μὴ
3596 2603 3648 2652 al
3681 2600 3821 2651 θεῖαι

2272 2697 2561 2763 ὑπηρεσίαι
2596 2695 3104 2762 παρεμποδίςοιντο,
3154 2692 3301 2757 πόσῳ
3325 2691 3483 2741 πλέον
3518 2688 3824 2740 κεκώλυται

2276 2789 2481 2851 μείζοσι
2507 2789 2792 2853 κοσμικαῖς
2816 2785 3094 2852 φροντίσιν
3117 2779 3502 2843 ἐμπλέκεσθαι,
3535 2794 3826 2846 παρεμποο

2270 2877 2535 2938 διζουσαις
2573 2876 2719 2940 αὐτῷ
2752 2878 2867 2934 ταῖς
2912 2871 3385 2937 ἐκκλησιαστικαῖς
3416 2872 3627 2937 χρείαις
3657 2884 3826 2930 προσο

2273 2969 2566 3035 ευκαιρεῖν.
2619 2967 2759 3017 Πᾶσι
2815 2965 2990 3015 τοίνυν
3019 2963 3431 3022 εὑλαδεστάτοις
3457 2961 3734 3028 κληρικοῖς
3770 2962 3827 3010 ἐν

625 3043 1088 3108 sanctissiinisque
1120 3045 1328 3097 clericis
1357 3046 1407 3097 in
1443 3058 1628 3098 sancto
1676 3047 1876 3112 Spiritu
1932 3051 2168 3116 praecipi-

2277 3057 2413 3124 ἁγίῳ
2446 3053 2875 3121 παρεγγυώμεθα
2905 3052 3175 3118 Πνεὺματι
3224 3051 3329 3101 τῶν
3387 3051 3686 3117 είρημίνων
3720 3051 3826 3099 ἀπο

628 3146 764 3194 mus,
800 3140 854 3183 ut
886 3145 915 3183 a
939 3133 1094 3184 dictis
1130 3135 1476 3186 abstineant:
1515 3135 1597 3187 vel
1626 3136 1794 3186 sciant
1826 3175 1841 3199 ,
1873 3152 1928 3190 se
1958 3140 2172 3205 quidem

626 3223 1014 3290 scgrcgationis
1052 3238 1224 3288 pmnze
1269 3224 1537 3292 subjectos
1582 3225 1727 3288 fore;
1775 3230 1900 3292 quin
1941 3239 1992 3280 et
2031 3233 2172 3297 quod

627 3311 884 3375 majorem
941 3328 1148 3379 quoque
1201 3323 1250 3366 et
1309 3314 1616 3365 canonicam
1670 3314 2014 3367 acerbitatem
2073 3332 2175 3369 non

629 3402 909 3470 effugient,
966 3403 1223 3468 ejusmodi
1287 3404 1628 3455 saecularibus
1694 3404 1920 3469 negotiis
1976 3406 2178 3472 seipsos

629 3493 982 3560 implicantes.
1010 3494 1086 3546 Ad
1132 3494 1234 3546 hoc
1278 3494 1417 3546 enim
1445 3508 1678 3559 praesens
1731 3509 1942 3561 uinoque
1990 3504 2179 3548 nostra:

631 3584 1012 3634 mediocritatis
1070 3585 1341 3635 decretum
1421 3583 1798 3635 sacratissimis
1851 3583 2175 3637 antistitibus

631 3671 842 3735 scriptis
870 3670 1002 3719 tradi
1025 3672 1228 3734 jussum
1259 3677 1360 3732 est,
1387 3680 1444 3720 ut
1468 3669 1627 3722 etiam
1651 3669 1888 3730 clericis,
1930 3670 2020 3737 qui
2055 3681 2181 3724 sunt

635 3760 958 3824 ubicunque,
990 3759 1058 3810 sit
1092 3757 1454 3811 manifestum.

704 3848 942 3900 Edictum
973 3847 1291 3912 patriarcha:
1319 3848 1519 3900 domini
1543 3849 1762 3902 Joannis
1789 3851 1866 3904 sic
1897 3867 1953 3904 se
1981 3851 2174 3905 habet:

637 3937 815 3988 Mense
865 3937 1153 3988 Februario
1203 3937 1289 3989 die
1349 3939 1554 3990 decimo
1584 3948 1774 3998 sexto,
1811 3940 1942 3993 feria
2002 3944 2179 4005 tertia,

636 4026 924 4077 indictione
949 4035 1152 4077 octava.
1244 4026 1374 4078 Cum
1429 4027 1620 4080 multos
1693 4029 2081 4084 ecclesiasticos
2128 4040 2182 4082 et

636 4113 926 4166 monachos
953 4115 1250 4166 videremus
1307 4115 1507 4169 alienas
1553 4131 1742 4171 causas
1791 4121 2099 4179 subeuntes.
2127 4129 2182 4172 et

639 4219 734 4270 pro
768 4205 829 4255 iis
859 4203 1219 4265 decertantes,
1253 4205 1339 4270 qui
1378 4205 1426 4256 iu
1451 4206 1694 4259 civilibus
1722 4218 1772 4261 et
1794 4208 2174 4261 ecclesiasticis

628 4293 848 4356 judiciis
878 4292 1105 4358 litigant,
1171 4295 1238 4344 ab
1281 4293 1639 4347 ecclesiastica
1695 4298 2078 4349 consuetudine
2121 4308 2175 4349 et

2279 3144 2563 3211 έχεσθαιοῆ
2601 3143 2702 3210 μὴν
2732 3143 2928 3192 εἰδέναι
2953 3141 3024 3201 ὡς
3050 3141 3260 3190 ἔσονται
3289 3141 3385 3205 μὲν
3411 3139 3667 3204 ἐπιτιμίῳ
3691 3140 3825 3202 ἀφο-

2279 3233 2472 3300 ρισμοῦ
2509 3232 2955 3297 ὑποϐεϐλημένοι,
2990 3232 3080 3280 καὶ
3110 3229 3207 3296 τὴν
3241 3229 3410 3295 μείζω
3451 3228 3506 3280 δέ
3540 3228 3827 3295 κανονικὴν

2277 3321 2574 3387 αὐστηρίαν
2627 3319 2684 3368 οὐ
2742 3316 3138 3382 διαφεύξονται.
3203 3316 3488 3383 πράγμασι
3538 3319 3826 3380 κοσμικοῐς

2274 3411 2530 3470 τοιούτοις
2557 3407 2917 3475 ἐμπλέκοντες
2943 3406 3188 3466 ἑαυτούς.
3231 3407 3352 3456 Ἐπὶ
3383 3405 3555 3472 τούτῳ
3595 3407 3703 3473 γὰρ
3736 3408 3826 3456 καὶ

2275 3500 2303 3549 ὁ
2328 3497 2511 3564 παρὼν
2538 3496 2807 3564 ἔγγραφος
2835 3495 3054 3560 ὁρισμὸς
3109 3497 3205 3560 τῆς
3257 3495 3409 3561 ἡμῶν
3478 3495 3826 3560 μετριότητος

2278 3587 2508 3646 καὶτοῖς
2545 3586 2856 3652 ἱερωτάτοις
2896 3583 3241 3651 ἀρχιερεῦσιν
3308 3581 3622 3648 ἐπιδοθῆναι
3676 3582 3826 3632 τετύ-

2278 3694 2473 3736 πωται,
2499 3675 2587 3726 ἵνα
2610 3676 2700 3726 καὶ
2735 3677 2841 3734 τοῖς
2875 3672 3185 3739 ἁπανταχοῦ
3217 3673 3494 3738 κληρικοῖς
3525 3670 3829 3737 κατάδηλος

2278 3768 2503 3834 γένηται

2351 3855 2420 3905 Τὸ
2448 3855 2733 3921 σημείωμα
2780 3852 2870 3903 τοῦ
2920 3850 3504 3918 πατριάρχου.Κυρίου
3585 3849 3828 3901 Ἰωάννου

2280 3945 2391 4013 ἔχει
2425 3945 2594 4004 οὕτως
2621 3962 2632 3974 ·
2657 3946 2801 4007 Μηνὶ
2856 3942 3203 4011 Φεϐρουαρίῳ
3235 3939 3329 4002 ις’,
3363 3941 3542 4009 ἡμέρα
3592 3941 3661 4004 γ’,
3701 3942 3828 3992 ίνδιο

2280 4033 2503 4091 κτιῶνος
2536 4029 2604 4098 η’,
2647 4020 2870 4089 πολλοὺς
2905 4030 3010 4079 τῶν
3043 4027 3507 4094 ικκλησιαστικῶν
3540 4027 3633 4079 καὶ
3669 4044 3830 4093 μονα·

2281 4121 2387 4190 χῶν
2419 4120 2750 4187 καθορῶντες
2780 4119 3060 4177 ὑποθέσεις
3087 4117 3369 4182 ἀλλοτρίας
3405 4117 3826 4182 ὑποδυομένους,

2280 4211 2371 4259 καὶ
2402 4205 2974 4273 ὑπεραγωνιςομένους
3001 4205 3104 4254 τῶν
3131 4203 3500 4270 δικαζομένων
3535 4207 3590 4254 ἐν
3619 4205 3832 4256 πολιτιο

2281 4298 2397 4356 κοῖς
2456 4298 2545 4347 καὶ
2583 4296 3052 4361 ἐκκλησιαστικοῖς
3105 4293 3494 4360 δικαστηρίοις,
3547 4293 3828 4362 ἀλλότριον

634 4381 810 4448 legum
843 4379 1124 4447 gravitate,
1150 4385 1288 4446 quod
1324 4383 1500 4447 liebat,
1537 4385 1809 4451 indignum
1849 4387 2172 4452 judicantes,

2279 4386 2373 4452 τῆς
2401 4385 2847 4452 ἐκκλησιαστικῆς
2896 4383 3171 4450 συνηθεία.ι
3241 4383 3332 4433 καὶ
3367 4382 3458 4450 τῆς
3503 4382 3610 4432 τῶν
3645 4383 3829 4450 νόμων

634 4470 936 4532 statuimus,
980 4478 1036 4521 ut
1089 4485 1243 4523 nemo
1278 4472 1548 4539 deinceps,
1591 4490 1685 4526 nec
1734 4477 2044 4537 monachus,
2082 4490 2176 4527 nec

634 4557 773 4609 ullus
823 4557 1242 4621 ecclesiasticus,
1275 4561 1475 4614 alienas
1532 4578 1721 4616 causas
1775 4566 2067 4629 suscipiens
2125 4566 2174 4616 in

631 4645 834 4712 judicio
882 4647 1148 4700 defendat.
1203 4649 1258 4700 ια
1290 4650 1429 4701 enim
1474 4659 1555 4702 est
1597 4662 1776 4717 aperte
1846 4654 2173 4705 mercenaria

634 4750 820 4800 opera.
861 4736 922 4788 Et
954 4750 1110 4789 nemo
1144 4739 1244 4790 tale
1273 4739 1398 4806 quid
1435 4754 1593 4809 agens
1621 4751 1810 4794 nostra:
1859 4743 2180 4794 moderatio-

636 4827 719 4880 nis
755 4827 1068 4894 supplicium
1105 4827 1356 4896 cﬂ‘ugiet:
1391 4840 1763 4896 praeterquam,
1810 4831 1852 4884 si
1895 4831 2028 4884 forte
2055 4847 2173 4884 eum

635 4916 708 4969 sit
750 4931 909 4968 causa
946 4917 1335 4982 ecclesiastica,
1369 4935 1394 4969 a
1430 4919 1579 4972 nobis
1602 4919 2176 4986 juhcaturalterutrms

635 5003 956 5070 litigantium
1016 5005 1184 5070 partis
1243 5006 1602 5060 defensionem
1671 5009 1960 5073 suscipere.
2027 5009 2178 5061 Tunc

633 5098 776 5148 enim
808 5105 1160 5166 prazterquam
1192 5099 1328 5165 quod
1361 5115 1387 5150 a
1435 5101 1852 5166 reprehensione
1902 5103 2002 5152 erit
2045 5100 2177 5152 alie-

635 5200 756 5245 nus,
789 5187 840 5237 in
870 5200 1078 5252 pmnam
1115 5203 1324 5254 quoque
1357 5203 1457 5240 nou
1497 5190 1671 5241 cadet.
1710 5187 1954 5241 Praesens
2002 5199 2175 5241 autem

639 5272 865 5323 edictum
920 5275 1170 5327 omnibus
1223 5290 1434 5343 quoque
1486 5277 1730 5330 civilibus
1779 5277 2048 5344 judicibus
2081 5278 2177 5345 legi

636 5362 842 5427 jussuin
879 5373 980 5422 est,
1015 5375 1098 5427 ut,
1132 5379 1251 5417 cum
1292 5367 1456 5417 nostri
1489 5366 1682 5418 decreti
1751 5367 2026 5419 scientiam
2084 5367 2181 5419 ha-

641 5451 878 5513 buerint,
903 5469 992 5506 eos
1028 5454 1244 5506 omnino
1271 5469 1376 5506 non
1406 5455 1691 5508 admittant
1721 5461 1784 5509 ad
1808 5457 2031 5508 ulloruiu
2056 5473 2181 5509 cauo

642 5556 730 5593 sas
760 5544 1008 5608 agendas.
1042 5542 1133 5598 Vis
1158 5554 1334 5597 autem
1376 5545 1537 5597 edicti
1577 5547 1774 5599 domini
1817 5547 2036 5599 Michael
2070 5549 2178 5599 hazc

642 5636 722 5680 est
755 5647 766 5680 :
800 5629 1244 5684 bienstanuar-io
1272 5633 1577 5685 diedecimo
1610 5636 1782 5696 tertio,
1817 5635 1943 5687 t'cria
1970 5645 2176 5696 quarta,

2278 4475 2559 4541 ἁκριὸείας
2613 4477 2670 4522 το
2721 4472 3086 4539 πραττόμενον
3143 4471 3448 4538 κρίναντες,
3478 4471 3831 4538 διοριζόμεθα

2282 4563 2476 4632 μηκέτι
2513 4562 2606 4614 τοῦ
2649 4561 2831 4612 λοιποῦ
2877 4562 3011 4628 μήτε
3079 4559 3307 4628 μοναχὸν
3377 4561 3514 4628 μήτε
3572 4560 3678 4611 τῶν
3709 4577 3830 4610 τινα

2278 4653 2739 4721 ἐκκλησιαστικῶν
2782 4649 3067 4716 ἀλλοτρίας
3105 4651 3326 4716 ἀγωγὰς
3365 4651 3826 4717 ὑπεισερχόμενον

2279 4744 2333 4794 ἐν
2355 4742 2685 4810 δικαστηρίῳ
2711 4741 3048 4807 συνηγορεῖν.
3085 4738 3404 4807 Ἐργολαϐία
3435 4739 3540 4804 γὰρ
3567 4740 3831 4805 ἄντικρυς

2278 4830 2450 4882 τοῦτο.
2503 4831 2610 4880 Καὶ
2643 4830 2741 4878 οὐκ
2786 4829 2850 4879 ἄν
2887 4844 2968 4888 τις
3002 4825 3240 4877 τοιοῦτόν
3290 4843 3340 4877 τι
3364 4825 3830 4894 διαπραττόμενος

2277 4903 2374 4988 τὴν
2397 4919 2502 4970 ἀπὸ
2523 4919 2619 4982 τῆς
2648 4918 2799 4983 ἡμῶν
2828 4918 3170 4985 μετριότητος
3202 4917 3515 4984 ἐπιτίμησιν
3540 4917 3828 4983 διαφεὺξη-

2278 5029 2385 5070 ται,
2417 5010 2552 5075 πλὴν
2578 5010 2624 5058 εἰ
2659 5009 2822 5075 μήπω
2854 5007 3308 5073 ἐκκλησιαστικῆς
3338 5008 3640 5067 ὑποθέσεως
3665 5008 3826 5076 οὖσης

2280 5098 2588 5164 κελευσθείη
2644 5101 2772 5164 παρ’
2825 5095 2980 5162 ἡμῶν
3033 5097 3540 5162 ὑπεραγωνίζεσθαι
3599 5097 3830 5164 θατέρου

2283 5188 2482 5254 μέρους
2513 5185 2616 5234 τῶν
2643 5181 3025 5248 δικαζομένων.
3088 5181 3402 5248 Τηνικαῦτα
3456 5183 3564 5250 γὰρ
3597 5183 3706 5246 ἕξει
3740 5187 3831 5234 σὺν

2279 5275 2355 5342 τῷ
2398 5275 2665 5343 ἀμέμπτῳ
2695 5274 2786 5323 καὶ
2813 5274 2870 5322 τὸ
2904 5273 3312 5339 ἀνεπιτίμητον.
3345 5273 3417 5324 Τὸ
3445 5274 3503 5324 δὲ
3529 5274 3702 5340 παρὸν
3732 5276 3827 5340 εἴη·

2285 5367 2497 5432 μείωμα
2530 5361 3018 5428 ὑπαναγνωσθῆναι
3043 5360 3250 5429 ὡρίσθη
3281 5363 3375 5414 καὶ
3418 5363 3550 5414 πᾶσι
3581 5365 3689 5422 τοῖς
3723 5379 3790 5412 πο
3813 5393 3824 5398 ν

2282 5455 2502 5513 λιτικοίς
2535 5452 2833 5510 δικασταῖς,
2879 5450 2966 5511 ἵν’,
3003 5451 3251 5500 ἐντεῦθεν
3307 5451 3513 5519 εἰδησιν
3578 5451 3828 5509 λαϐόντες

2282 5543 2374 5594 τοῦ
2401 5542 2666 5608 ἡμετέρου
2697 5539 2999 5605 διορισμοῦ,
3037 5542 3110 5606 μὴ
3134 5539 3530 5607 προσδέχωνται
3571 5540 3694 5600 τοὺς
3715 5556 3825 5589 τοι-

2286 5633 2470 5688 ούτους
2506 5633 2580 5688 εἰς
2608 5629 2666 5677 τὸ
2731 5629 2857 5677 εισ“·.ν
2889 5626 3017 5685 ὅλως
3054 5629 3355 5688 συντηρεῖν.
3409 5627 3470 5678 ῚΙ
3505 5627 3557 5676 δὲ
3605 5627 3826 5692 δύναμις
