4114 6446
239 364 295 427 93
1315 372 1397 434 IN
1437 375 1600 436 CAN.
1657 378 1787 436 XVI
1824 378 2031 441 CONC.
2072 381 2444 442 cantum.
3360 376 3429 436 91

241 469 315 523 τοῦ
352 474 732 543 σημειώματος
792 478 886 530 τοῦ
943 478 1108 548 κυροῦ
1160 480 1376 550 Μιχαὴλ
1412 484 1558 535 ἐστιν
1590 482 1728 551 αὕτη
1750 498 1765 514 ο
1802 528 1803 535 η

1874 482 2180 539 indictionis
2204 498 2428 554 quartae,
2459 497 2513 539 et
2542 487 2815 553 deinceps,
2843 484 3117 538 constituit
3171 498 3237 534 ne
3264 481 3430 536 lecto-

243 565 365 631 Μηνὶ
411 564 729 635 Ἰανουαρίῳ
757 566 844 634 ιγ’,
879 569 1059 639 ἡμέρᾳ
1094 568 1156 633 δ’,
1203 571 1530 632 ἱνδικτιῶνος
1580 570 1643 633 δ’,
1679 572 1771 624 καὶ

242 653 433 719 ἑφεξῆς.
485 654 831 709 διατάττεται
863 663 957 711 καὶ
1002 660 1125 721 τοὺς
1179 660 1533 727 ἀναγνώστας
1584 662 1775 730 ἐπίσης

238 744 332 803 τοῖς
354 743 614 805 διακόνοις
644 746 741 798 καὶ
775 749 887 808 τοῖς
937 748 1137 817 ἱερεῦσι
1176 750 1251 819 μὴ
1301 751 1651 820 ἀναδέχεσθαι
1682 771 1771 803 κο⁸

245 830 392 898 σμικά
414 831 644 897 όφφίκια
678 834 710 902 ἦ
732 841 1121 905 πρακτωρικάς
1140 841 1417 907 ἐνεργείας
1441 843 1473 909 ἢ
1498 859 1773 912 κουρατω-

243 920 493 988 ρείας.διά
522 923 616 975 τὸν
645 924 713 976 ια’
745 926 943 978 κανόνα
970 927 1070 995 τῆς
1100 930 1157 980 ἐν
1206 930 1770 984 Κωνσταντινουπόλει

239 1014 279 1059 α’
300 1011 383 1061 καὶ
412 1009 457 1077 β’
475 1012 722 1065 συνόδου.
756 1015 891 1082 Περὶ
914 1014 970 1067 δέ
999 1017 1310 1086 ἱερωμένων
1329 1022 1771 1087 συνηγορούντων

239 1100 416 1160 ἱκανῶς
441 1101 764 1171 ἐγράψαμεν
793 1105 871 1167 εἱς
902 1105 963 1155 τὸ
991 1104 1058 1172 ιγ’
1093 1122 1217 1173 κεφ.
1265 1108 1359 1160 τοῦ
1396 1107 1444 1178 η’
1470 1110 1649 1161 τίτλου
1675 1111 1769 1162 τοῦ

237 1189 479 1255 παρόντος
524 1194 907 1259 συντάγματος
932 1210 947 1225 ·
996 1195 1092 1247 καὶ
1122 1196 1394 1263 ἀνάγνωθι
1442 1198 1633 1253 ταῦτα.
1663 1200 1774 1253 Καὶ

232 1277 290 1329 τά
316 1276 407 1341 μιν
438 1278 547 1330 τῶν
570 1281 813 1333 κανόνων
846 1283 938 1335 καὶ
979 1284 1087 1336 τῶν
1128 1285 1416 1338 συνοδικῶν
1447 1291 1773 1357 σημειωμά-

233 1382 328 1417 των
352 1370 406 1419 ἐν
423 1371 659 1431 τούτοις.
688 1372 919 1439 Λέγουσι
947 1374 1004 1426 δέ
1036 1391 1181 1437 τινες
1208 1375 1386 1444 χώραν
1412 1377 1585 1430 ταῦτα
1606 1379 1770 1446 ἔχειν,

232 1454 343 1507 ὅταν
362 1457 481 1525 δίχα
510 1460 865 1527 προστάξεως
891 1460 1178 1531 βασιλικῆς
1203 1466 1395 1534 ἐνεργῇ
1429 1483 1511 1527 τις
1540 1468 1773 1535 ἱερωμέ-

232 1561 308 1605 νος
341 1546 586 1600 δουλείαν
634 1549 1008 1620 δημοσιακήνο
1050 1553 1100 1604 εἱ
1134 1554 1239 1623 γὰρ
1292 1557 1411 1607 κατ’
1462 1556 1772 1625 οἱκονομίαν

234 1632 498 1705 βασιλικὴν
551 1642 807 1706 τοιαύτην
850 1642 972 1695 τινα
1022 1643 1269 1697 δουλείαν
1320 1645 1637 1708 ἀναδέξεταί
1664 1664 1769 1711 τις,

232 1724 322 1775 ὑπὸ
343 1726 448 1777 τῶν
474 1726 753 1796 ῥηθέντων
801 1732 1040 1785 κανόνων
1083 1732 1145 1784 οὐ
1193 1733 1591 1803 κωλυθήσεται,
1653 1736 1771 1789 οὐδὲ

231 1812 562 1882 βλαϐήσεται.
595 1818 707 1871 Καὶ
735 1822 1123 1889 προστιθέασιν
1169 1824 1241 1885 ὡς
1283 1825 1310 1875 ό
1342 1823 1592 1892 βασιλεὺς
1645 1824 1770 1878 οὔτε

231 1902 396 1970 νόμοις
440 1903 569 1958 οὔτε
625 1908 846 1961 κανόσιν
875 1911 1158 1965 ὑπόκειται
1179 1928 1193 1943 ’
1249 1912 1328 1964 διὸ
1358 1914 1452 1966 καὶ
1478 1914 1562 1966 ἐπ’
1588 1914 1774 1977 ἀδείας

231 1989 328 2058 ἕχει
359 1993 664 2065 ἐπισκοπὴν
693 1998 772 2059 εἱς
797 1999 1129 2067 μητρόπολιν
1176 2000 1362 2068 ἄγειν,
1420 2001 1516 2053 καὶ
1573 2002 1772 2066 ἀποξε-

232 2080 338 2133 νοῦν
362 2085 424 2135 ἐκ
477 2086 591 2137 τῶν
639 2088 853 2141 οἰκείων
913 2090 1319 2160 μητροπόλεων,
1369 2093 1629 2154 ὡσαύτως
1676 2094 1770 2145 καὶ

230 2171 420 2238 ἐνορίας
443 2176 751 2245 ἀρχιερέων
787 2179 1037 2248 διαιρεῖν,
1059 2182 1153 2233 καὶ
1180 2182 1245 2235 ἐκ
1285 2182 1406 2234 νέου
1437 2182 1771 2245 ἐπισκόπους

229 2262 310 2314 καὶ
340 2259 743 2333 μητροπολίτας
796 2268 1079 2338 καθιστᾷν,
1136 2269 1231 2323 καὶ
1281 2269 1610 2339 διορίζεσθαι
1646 2272 1770 2321 ἐπι-

229 2350 429 2411 σκόποις
468 2354 780 2423 ἱερουργεῖν
834 2357 1319 2425 ἀποκριματὶστως
1373 2359 1454 2420 εἱς
1486 2357 1769 2425 ἀλλοτρίας

227 2438 417 2508 ἱνορὶας
474 2442 629 2507 παρὰ
686 2444 909 2512 γνώμην
962 2446 1068 2499 τών
1124 2448 1404 2515 ἐγχωρίων
1432 2448 1766 2511 ἐπισκόπων,

230 2529 307 2580 καὶ
329 2530 459 2583 ἀλλα
488 2532 615 2584 τινὰ
648 2535 891 2602 ἐνεργεῖν
944 2536 1309 2606 ἀρχιερατικὰ
1336 2536 1543 2589 δίκαια.
1575 2537 1619 2589 Χ
1630 2536 1768 2601 ρῶν-

226 2618 375 2680 ταιδέ
422 2623 518 2673 καὶ
549 2622 629 2689 τῷ
655 2622 721 2690 ιβ’
762 2625 857 2676 καὶ
884 2624 951 2689 ιζ’
998 2626 1183 2678 κανόνι
1233 2626 1334 2693 τῆς
1362 2627 1419 2678 ἐν
1463 2626 1766 2696 Χαλκηδόνι

228 2706 445 2771 συνόδου,
488 2712 584 2763 καὶ
609 2712 688 2780 τῷ
714 2712 797 2782 λη’
828 2715 1010 2767 κανόνι
1039 2714 1138 2783 τῆς
1165 2716 1221 2767 ἐν
1255 2715 1331 2785 τῷ
1362 2715 1615 2785 Τρούλλῳ
1646 2734 1769 2768 συν-

225 2792 346 2861 όδου,
376 2799 441 2852 τά
468 2803 609 2855 αὐτά
640 2804 1191 2874 παρακελευομένοις.
1254 2808 1409 2875 Ἐμοὶ
1438 2808 1493 2860 δέ
1515 2808 1665 2860 δοκεῖ
1690 2809 1767 2872 ώς

225 2885 318 2936 ἀπὸ
348 2889 438 2941 τοῦ
464 2889 507 2942 δ’
528 2892 753 2952 κανόνος
807 2894 901 2962 τῆς
958 2896 1016 2947 ἐν
1072 2896 1377 2965 Χαλκηδόνι
1416 2896 1633 2951 συνόδου
1671 2900 1767 2950 καὶ

229 2974 443 3038 μάλιστα
468 2981 687 3049 ἐνεδόθη
736 2983 813 3050 τῷ
859 2984 1070 3053 βασιλεῖ
1125 2985 1437 3038 ἀνατιθέναι
1486 2988 1766 3056 κοσμικῶν

224 3063 452 3165 δσυὶειών
500 3073 786 3139 ἐνεργείας
835 3076 1152 3145 ἱερωμένοις
1180 3077 1276 3129 καὶ
1315 3080 1584 3146 μοναχοίς,
1628 3080 1763 3131 κατά
1791 3108 1833 3165 c

225 3152 363 3221 λόγον
424 3161 739 3231 οἰκονομίας
794 3164 1057 3233 δοκούσης
1111 3166 1278 3234 αύτῷ.
1343 3167 1761 3237 Είγάρόκατὰ

225 3243 385 3313 χώραν
410 3251 705 3315 ἐπίσκοπος
727 3254 951 3308 δύναται
983 3256 1141 3308 τοῦτο
1164 3259 1358 3330 ποιεῖν,
1387 3256 1567 3324 πολλῷ
1597 3257 1759 3310 πλέον

225 3331 533 3398 όβασιλεὺς,
584 3341 612 3390 ό
658 3340 733 3409 μὴ
795 3342 1241 3409 ἀναγκαζόμενος
1282 3344 1599 3395 ἀκολουθεῖν
1650 3347 1761 3405 τοῖς

228 3422 417 3484 κανόσι,
450 3428 566 3487 τοῖς
590 3427 982 3497 διοριζομένοις
1016 3432 1115 3493 τὰς
1135 3432 1351 3500 ψήφους
1406 3432 1512 3483 τῶν
1542 3434 1764 3484 ἐπισκόο

226 3524 327 3562 πων
346 3515 443 3567 ὑπὸ
490 3520 852 3587 ἐπαρχιωτῶν
895 3522 1207 3574 ἐπισκόπων
1250 3522 1516 3588 γίνεσθαι,
1559 3522 1654 3574 καὶ
1687 3522 1760 3591 μὴ

225 3603 353 3671 πιρά
380 3607 654 3675 ἀρχόντων
675 3625 689 3639 ·
718 3609 1008 3663 κάντεῦθεν
1039 3611 1131 3663 καὶ
1150 3611 1333 3681 ψήφου
1362 3612 1435 3681 μὴ
1458 3613 1758 3680 γενομένης

1885 585 1969 625 res
1998 588 2146 640 mque
2176 591 2237 627 ac
2271 575 2482 626 diaconi
2515 584 2568 627 et
2596 574 2906 627 sacerdotes
2940 571 3215 625 saecularia
3248 568 3424 622 ollleia

1878 662 2290 727 suscipiant,vel
2324 675 2631 716 exactorutn
2678 678 2924 723 munera,
2966 662 3046 713 vel
3096 660 3421 720 curatiOnes,

1878 761 2095 816 propter
2140 752 2476 805 undecimum
2524 767 2784 805 cauonem
2846 753 3031 817 prima:
3078 760 3131 801 et
3183 747 3425 799 secundat

1877 840 2339 909 Constatitinnpol.
2369 842 2579 910 synodi.
2615 843 2685 893 De
2713 840 2939 893 sacratis
2964 849 3138 889 autem
3188 836 3422 889 homini-

1878 931 1976 983 bus
2009 945 2198 983 cau<as
2242 932 2521 995 agentibus
2558 932 2688 984 satis
2724 929 3037 997 scripsimus
3080 926 3129 977 iu
3180 940 3295 990 cap.
3334 925 3418 987 15,

1879 1020 1959 1074 ιίι.
2010 1020 2043 1072 8
2076 1022 2353 1086 prmscntis
2401 1022 2579 1088 aperis
2637 1029 2734 1074 ιρι
2780 1019 2894 1086 lege
2942 1032 3025 1071 ea.
3063 1016 3139 1069 Ac
3192 1026 3425 1067 canones

1876 1110 2089 1177 quidem
2126 1120 2179 1163 et
2211 1110 2481 1181 synodalia
2517 1112 2692 1163 edicta
2731 1110 2780 1160 in
2830 1109 2913 1161 his
2969 1107 3292 1159 consistunt.
3336 1101 3423 1154 Di-

1875 1210 2001 1252 cunt
2030 1209 2206 1253 autem
2256 1201 2494 1268 quidam,
2558 1203 2669 1253 base
2724 1200 2897 1251 locum
2956 1196 3177 1258 habere,
3214 1195 3426 1261 quando

1876 1290 2169 1357 sinejussu
2205 1290 2549 1357 imperatoris
2567 1298 2807 1341 sacratus
2849 1287 3113 1355 quispiam
3166 1284 3425 1337 saeculare

1878 1380 2226 1433 ministerium
2260 1380 2561 1432 exercuerit
2590 1396 2601 1431 :
2636 1379 2680 1432 si
2713 1377 2855 1430 enim
2905 1391 2969 1429 ex
3027 1374 3424 1440 dispensatione

1876 1470 2213 1538 imperatoris
2244 1471 2362 1537 quis
2396 1470 2497 1523 hoc
2524 1466 2875 1520 ministerium
2913 1462 3236 1529 susceperit,
3277 1476 3305 1514 a
3340 1462 3422 1511 di-

1875 1558 1977 1611 ctis
2013 1558 2307 1611 canonibus
2366 1571 2467 1611 non
2521 1555 2912 1623 prohibebitur,
2943 1566 3040 1605 nec
3087 1550 3327 1604 lmdetur.
3359 1549 3425 1601 Et

1874 1647 2148 1714 adjiciunt,
2176 1647 2316 1714 quod
2352 1646 2646 1714 imperator
2673 1658 2768 1696 nec
2810 1640 3108 1695 cauonihus
3162 1654 3257 1691 nec
3294 1638 3425 1705 legi-

1875 1733 1973 1785 bus
2001 1734 2317 1801 subjicitur:
2343 1742 2397 1786 et
2421 1734 2539 1786 ideo
2564 1743 2644 1784 est
2670 1732 2720 1783 iu
2755 1731 2869 1797 ejus
2902 1736 3165 1796 potestate
3208 1726 3419 1794 episco-

1877 1833 2030 1893 patus
2064 1825 2113 1876 in
2152 1824 2470 1891 metropoles
2504 1824 2727 1891 erigere,
2759 1828 2812 1873 et
2835 1834 2864 1872 a
2892 1818 3002 1872 suis
3040 1817 3424 1881 metropolibus

1875 1914 2133 1973 alienare,
2158 1914 2405 1968 similiter
2442 1916 2601 1967 etiam
2650 1911 2951 1966 antistitum
2997 1910 3254 1964 terminos
3283 1905 3423 1959 divi-

1871 2006 1995 2058 dere
2025 2003 2186 2073 539
2214 2015 2266 2057 et
2294 2006 2359 2057 de
2401 2020 2537 2058 novo
2562 2004 2842 2073 episcopos
2898 2011 2952 2055 et
2981 1998 3422 2066 metropolitauos

1871 2096 2230 2158 constituere;
2263 2097 2525 2163 etjubere
2556 2095 2824 2162 episcopis
2856 2092 2908 2145 in
2940 2091 3129 2145 alienis
3159 2088 3421 2143 ditecrsi-

1871 2185 1969 2239 bus
2004 2186 2207 2253 absque
2232 2185 2339 2238 ullo
2366 2184 2675 2252 praejudicio
2705 2181 3019 2237 sacriﬁcare
3069 2188 3262 2248 praeter
3298 2192 3424 2230 sen-

1873 2277 2089 2329 tentiam
2112 2277 2487 2344 episcoporum
2515 2276 2652 2329 illius
2682 2274 2942 2341 regionis,
2959 2280 3014 2324 et
3034 2271 3133 2323 alia
3156 2268 3420 2337 ejusmodi

1869 2366 2195 2432 episcopalia
2238 2365 2359 2431 jura
2408 2380 2682 2418 exercere.
2738 2362 2974 2417 Utuntur
3028 2368 3201 2413 autem
3261 2358 3422 2411 etiam

1869 2453 2181 2506 duodecimo
2213 2461 2265 2504 et
2298 2452 2505 2505 decimo
2526 2459 2679 2505 sexto
2700 2463 2903 2504 canone
2921 2447 3171 2503 Cbalced.
3202 2461 3346 2515 syn.,
3370 2454 3423 2495 et

1869 2544 2143 2597 tricesimo
2167 2544 2394 2609 septimo
2422 2557 2627 2595 canone
2650 2541 2837 2611 synodi
2879 2540 2931 2595 in
2968 2538 3178 2601 Trullo,
3208 2537 3295 2604 qui
3330 2551 3423 2588 ea-

1868 2635 1985 2689 dem
2009 2634 2342 2701 praecipiunt.
2369 2633 2493 2687 Mihi
2526 2643 2701 2687 autem
2725 2632 2953 2693 videtur,
2986 2629 3127 2698 quod
3149 2644 3211 2682 ex
3229 2634 3422 2696 quarto

1868 2739 2073 2780 canone
2146 2724 2595 2779 Chalcedonensis
2690 2723 2875 2792 synodi
2946 2719 3257 2788 imperatori
3338 2718 3421 2771 vel

1872 2816 2105 2867 maxime
2131 2828 2444 2867 concessum
2481 2823 2563 2865 est
2604 2812 2936 2865 saecularium
2977 2822 3252 2861 munerum
3302 2808 3420 2859 l'uu-

1868 2904 2072 2953 etioues
2105 2901 2331 2953 sacratis
2362 2909 2414 2951 et
2469 2899 2762 2962 monachis,
2795 2912 2861 2951 ex
2897 2897 3108 2950 ratione
3144 2896 3422 2959 tliSpensa-

1870 2990 2029 3042 tionis
2058 3004 2177 3056 quze
2210 2989 2281 3041 illi
2322 2990 2527 3043 videtur
2580 2990 2832 3040 tribuere.
2864 2986 2918 3040 Si
2950 2986 3091 3039 enim
3118 2985 3215 3038 hoc
3248 2994 3422 3052 potest

1870 3076 2099 3143 regionis
2130 3077 2429 3145 episcopus,
2456 3077 2621 3129 multo
2647 3078 2813 3146 magis
2842 3078 3156 3143 imperator,
3188 3075 3279 3143 qui
3313 3089 3416 3125 non

1869 3168 2079 3235 cogitur
2117 3169 2269 3236 sequi
2326 3182 2578 3231 canones,
2637 3167 3009 3227 decernentes,
3046 3166 3417 3233 epise0porum

1866 3257 2155 3310 electiones
2188 3272 2215 3308 a
2256 3257 2670 3318 provincialibus
2694 3256 2957 3324 episcopis
2991 3257 3125 3317 ﬁeri,
3175 3269 3275 3305 nou
3322 3267 3419 3303 au-

1867 3352 1973 3394 tem
2006 3360 2033 3393 a
2060 3344 2459 3412 magistratibus
2485 3359 2498 3394 :
2521 3352 2571 3397 et
2594 3343 2685 3410 qui
2718 3342 2931 3408 exinde,
2963 3341 3102 3395 nulla
3142 3340 3277 3391 facta
3306 3338 3419 3391 ele-

1866 3432 2065 3494 ctione,
2100 3432 2434 3499 patriarchas
2460 3442 2514 3486 et
2566 3420 2843 3502 episcopos
2896 3431 3161 3500 provehit.
3194 3429 3259 3483 Et
3301 3428 3421 3495 lege

1866 3536 1982 3589 quae
2005 3521 2056 3573 iu
2076 3524 2262 3575 eodem
2293 3532 2483 3589 quarto
2506 3537 2714 3577 canone
2758 3520 3209 3576 Chalcedonensis
3230 3516 3417 3588 synodi

1866 3611 2062 3678 scripta
2102 3621 2226 3666 sunt

223 3700 544 3767 πατριάρχας
606 3701 701 3753 καὶ
757 3705 1089 3768 ἐπισκόπους
1134 3706 1587 3778 προϐαλλόμενος.
1640 3708 1751 3760 Καὶ
1790 3705 2101 3773 ἀνάγνωσον
2142 3707 2212 3759 τὰ
2251 3707 2309 3757 ἐν
2345 3705 2493 3777 αύτῷ
2518 3708 2559 3760 δ’
2590 3706 2774 3760 κανόνι
2841 3706 2941 3771 τῆς
2981 3706 3039 3757 ἐν
3113 3706 3417 3775 Χαλκηδόνι

225 3786 419 3839 συνόδου
441 3790 744 3857 γραφέντα.

279 3880 508 3937 ΖΩΝΑΡ.
535 3884 672 3953 Περὶ
694 3884 785 3938 τοῦ
820 3886 893 3957 μὴ
916 3889 1160 3955 γίνεσθαὶ
1204 3907 1357 3953 τινας
1378 3891 1487 3944 τών
1518 3892 1761 3962 ἱερωμέ-

224 3983 315 4020 νων
360 3973 653 4043 ἀλλοτρίων
710 3978 1007 4045 κτημάτων
1039 3979 1408 4051 ἐκλήπτορας,
1444 3984 1612 4052 ἤγουν
1667 4001 1759 4051 μι-⁸

224 4057 434 4125 σθωτάς,
470 4064 606 4133 μηδὲ
634 4071 1126 4139 προκουράτωρας,
1164 4072 1415 4124 τουτέστι
1449 4071 1752 4141 διοικητὰς,

223 4154 546 4219 φροντιστὰς,
571 4155 910 4225 πλατύτερον
954 4159 1195 4227 περιέχει
1225 4160 1408 4229 τρίτος
1440 4161 1622 4213 κανὼν
1656 4162 1757 4228 τῆς

221 4236 255 4288 δ’
277 4242 501 4299 συνόδου.
558 4244 668 4298 Καὶ
695 4246 723 4298 ό
749 4252 839 4300 πα¹
874 4247 928 4299 δέ
958 4246 1136 4301 κανὼν
1165 4249 1273 4301 τῶν
1298 4249 1471 4315 ἀγίων
1525 4252 1757 4303 ἀποστό-

223 4325 314 4381 λων
334 4332 421 4385 τὸν
444 4335 783 4403 ἐμδάλλοντα
816 4339 1007 4391 ἐαυτὸν
1035 4340 1115 4401 εἱς
1140 4339 1404 4408 δημοσίας
1455 4340 1753 4409 διοικήσεις

1935 3884 2184 3941 ZONAR.
2217 3883 2332 3938 Non
2391 3886 2554 3939 licere
2597 3884 2849 3954 cuiquam
2902 3898 2969 3940 ex
3016 3898 3170 3939 sacro
3223 3886 3412 3939 ordine

1862 3976 2053 4030 aliena:
2086 3974 2452 4044 possessionis
2484 3973 2890 4038 conductorem,
2916 3974 3310 4027 mercenarium
3335 3976 3417 4028 vi-

1858 4066 2077 4127 delicet,
2112 4078 2285 4132 neque
2317 4074 2727 4132 procuratorem
2778 4062 2891 4117 sive
2941 4063 3280 4129 publicanum
3335 4064 3441 4121 vel,

1860 4155 2357 4209 administratorem
2396 4154 2532 4218 ﬁeri,
2568 4154 2725 4207 tertio
2756 4163 2960 4224 quarta!
2988 4153 3178 4223 synodi
3212 4169 3417 4209 canone

1855 4245 2031 4300 fusius
2061 4244 2386 4314 explicatum
2427 4251 2528 4297 est.
2563 4244 2663 4309 Qui
2694 4259 2819 4298 vero
2861 4259 2917 4298 se
2964 4244 3194 4313 publica:
3243 4247 3419 4299 admi-

1860 4336 2165 4389 nistrationi
2204 4335 2575 4394 iuuniscnerit.
2603 4348 2723 4387 eum
2748 4335 2951 4401 primus
2979 4343 3033 4387 et
3056 4337 3417 4403 octogesimus

222 4420 582 4493 καθαιρεῖσθαι
613 4428 965 4497 προστάττει·
990 4429 1121 4498 μηδέ
1148 4428 1212 4483 ἐκ
1230 4446 1376 4493 τινος
1402 4430 1627 4500 αἰσχροῦ
1653 4434 1745 4485 καὶ
1779 4415 1803 4474 Ῑ

1866 4436 2168 4478 sanctorum
2201 4423 2565 4491 apostolorum
2597 4438 2770 4476 canon
2806 4424 2997 4490 deponi
3043 4422 3199 4490 jubet
3230 4442 3243 4477 :
3294 4441 3416 4479 eos-

225 4508 396 4578 ἀτίμου
427 4514 754 4584 πράγματος
784 4517 989 4586 τροφὴν
1017 4516 1337 4587 πορίζεσθαι
1381 4520 1753 4588 παρακελεύε-

223 4601 345 4651 ταιό
371 4603 568 4659 κανών.
606 4605 839 4675 Δὶσχρδν
885 4606 983 4676 μιν
1040 4602 1132 4661 οὖν
1191 4607 1258 4661 ἀν
1310 4609 1395 4678 είη
1432 4612 1666 4677 πρᾶγμα
1696 4611 1757 4664 τὸ

226 4693 610 4757 πορνοϐοσκεῖν,
637 4698 807 4765 ἤγουν
830 4697 891 4749 τδ
936 4696 1139 4765 πόρνας
1176 4698 1421 4766 τρέφειν,
1452 4697 1593 4751 ὥστε
1625 4716 1756 4767 κερ-

221 4775 402 4835 δαίνειν
433 4784 497 4835 ἐκ
537 4784 631 4836 τοῦ
664 4786 1015 4856 μισθώματος
1046 4788 1295 4852 ἐκείνων,
1330 4788 1423 4840 καὶ
1451 4790 1521 4840 τὰ
1552 4790 1716 4857 ὅμοια
1737 4804 1750 4819 ·

223 4866 398 4939 ἀτιμον
424 4874 473 4925 δ’
501 4876 620 4927 ἐστὶ
665 4876 724 4928 τὸ
779 4876 1141 4946 προΐστασθαι
1178 4877 1498 4946 καπηλείου,
1560 4880 1653 4931 καὶ
1687 4877 1755 4931 τὰ

222 4962 578 5033 παραπλήσια.
626 4965 719 5017 Ἐκ
746 4966 1004 5019 τοιούτων
1052 4968 1147 5022 οὖν
1190 4969 1395 5039 τροφὴν
1429 4969 1754 5040 πορίζεσθαι

219 5046 244 5095 ὁ
264 5050 431 5105 κανὼν
452 5054 790 5125 ἀπαγορεύει
819 5058 930 5118 τοὶς
960 5058 1277 5127 ἱερωμένοις
1296 5073 1313 5091 ·
1369 5060 1463 5112 καὶ
1496 5061 1598 5113 οὐκ
1626 5056 1747 5114 εἷπε

223 5136 408 5207 κέρδος,
437 5143 574 5196 ἀλλά
596 5143 825 5214 τρυφήν.
854 5145 975 5199 Κάν
1003 5140 1109 5214 γὰρ
1136 5149 1214 5209 εἱς
1234 5148 1392 5201 τοῦτο
1425 5152 1753 5219 περιιστῶσι

224 5229 413 5294 πενίας,
447 5232 587 5285 ὥστε
619 5234 759 5302 μηδέ
788 5232 995 5313 τροφῆς
1025 5235 1298 5304 εὐπορεῖν.
1333 5238 1445 5290 οὐδ’
1469 5238 1611 5292 οὕτω
1645 5240 1751 5310 χρὴ

224 5314 398 5381 αὐτοὺς
422 5320 488 5391 ἐκ
510 5322 836 5390 πράγματος
866 5321 1092 5391 αίσχροῦ
1118 5320 1149 5391 ἢ
1180 5322 1376 5391 ἀτίμου
1427 5326 1749 5394 πορίζεσθαι

220 5409 425 5478 τροφήν.
467 5410 773 5479 Ὀφείλουσι
800 5410 928 5480 γὰρ,
963 5412 1118 5481 φησὶ,
1171 5414 1233 5465 τὸ
1257 5413 1615 5467 ἀποστολικὸν
1663 5418 1754 5468 ἐν-

216 5496 385 5564 νοῆσαι
412 5498 802 5570 παράγγελμα,
837 5499 897 5551 τὸ
935 5500 1092 5568 λόγον
1114 5516 1128 5532 ⁸
1190 5501 1401 5567 Οὐδείς
1428 5506 1752 5571 στρατευό-

213 5602 377 5654 μενος
402 5590 768 5657 ἐμπλέκεται
797 5588 926 5654 ταῖς
956 5590 1061 5644 τοῦ
1115 5592 1261 5656 ,Βίου
1309 5596 1753 5662 πραγματείαιρ,

216 5674 302 5738 ινα
336 5679 411 5742 τῷ
434 5680 1000 5751 στρατολογήσαντι
1024 5684 1231 5751 ἀρέσῃ.
1251 5686 1311 5738 Ei
1336 5685 1390 5737 δὲ
1427 5688 1534 5747 τοῖς
1560 5702 1753 5747 κοσμιο

1858 4515 1976 4568 dem
2012 4528 2078 4567 ex
2114 4514 2293 4583 aliquo
2331 4514 2470 4581 turpi
2508 4528 2571 4568 ac
2595 4513 2814 4568 sordido
2842 4512 3052 4579 negotio
3081 4512 3280 4573 victum
3310 4515 3411 4569 sibi

1856 4618 2049 4671 parare
2075 4603 2161 4657 hic
2208 4618 2376 4657 canon
2413 4611 2577 4656 vetat.
2630 4603 2707 4657 Ac
2752 4610 2905 4669 turpe
2954 4601 3169 4671 quidem
3226 4602 3441 4665 l'uerit,’

1855 4695 2083 4761 exempli
2116 4708 2298 4755 causa,
2334 4695 2377 4747 si
2414 4695 2532 4763 quis
2561 4694 2826 4746 lenoniam
2853 4703 3126 4755 exerceat,
3156 4694 3255 4746 hoc
3292 4704 3410 4757 est,

1856 4784 1966 4837 alat
2000 4783 2333 4846 meretrices,
2360 4794 2417 4835 ttt
2446 4798 2512 4837 ex
2542 4798 2725 4835 earum
2778 4782 3028 4835 mercede
3075 4781 3188 4845 ipse
3239 4782 3416 4835 lucre-

1858 4881 1966 4936 tur,
2020 4882 2182 4939 atque
2237 4873 2401 4942 hujus
2472 4873 2686 4943 generis
2747 4872 2872 4925 alia.
2938 4870 3223 4924 Sordidum
3286 4887 3445 4925 vero.

1853 4967 2165 5031 caupouari,
2197 4975 2248 5019 et
2274 4965 2494 5019 similia.
2527 4962 2737 5017 Victum
2778 4963 2939 5030 igitur
2987 4963 3090 5017 sibi
3141 4963 3405 5031 ejusmodi

1855 5055 2060 5108 artibus
2092 5071 2337 5124 quaerere
2364 5055 2464 5109 hoc
2488 5067 2697 5108 (anoue
2725 5053 2897 5107 sacris
2930 5052 3126 5105 initiati
3158 5036 3408 5105 homines

1853 5142 2209 5210 prohibentur
2239 5160 2253 5197 :
2286 5156 2461 5208 neque
2492 5156 2616 5197 vero
2648 5142 2853 5196 lucrum
2878 5142 3033 5207 dixit,
3062 5141 3153 5195 sed
3181 5142 3407 5193 victum.

1856 5228 2113 5295 Quamvis
2148 5232 2295 5285 enim
2320 5247 2386 5286 eo
2419 5231 2609 5301 inopiae
2661 5231 2991 5298 redigantur,
3050 5238 3108 5282 ut
3157 5228 3408 5281 alimenta

1854 5336 2072 5391 quoque
2118 5323 2401 5389 deﬁciant;
2437 5338 2502 5377 ne
2543 5336 2668 5376 tunc
2710 5323 2924 5390 quidem
2980 5334 3075 5374 eos
3131 5319 3269 5386 turpi
3319 5326 3411 5371 aut

1860 5413 2081 5467 sordido
2110 5414 2326 5466 artiﬁcii
2383 5428 2579 5481 genere
2624 5413 2749 5467 vitm
2800 5411 3036 5467 subsidia
3091 5423 3410 5476 comparare

1856 5513 2089 5572 oportet.
2123 5504 2231 5557 Eos
2255 5504 2422 5565 enim,
2448 5504 2644 5573 inquit,
2674 5504 2820 5556 illius
2849 5500 3132 5568 apostolici.
3152 5498 3406 5567 praecepti

1859 5608 2123 5649 memores
2174 5608 2293 5648 esse
2325 5595 2499 5660 decet,
2562 5593 2705 5663 quos!
2764 5594 2839 5645 ait
2894 5589 3109 5643 :Nemo
3174 5588 3406 5639 militans

1858 5686 2087 5751 implicat
2124 5700 2177 5738 se
2221 5686 2440 5753 negotiis
2487 5683 2851 5745 swcnlaribus,
2900 5691 2953 5734 ut
3000 5678 3281 5748 eiyplaccat
3317 5675 3405 5737 qui
