  <div class='ocr_page' id='page_1' title='image "/cluster/home/n/w/nwhite01/storage/ocr_20150623/138/uva.x030486987/071.png"; bbox 0 0 4114 6446; ppageno 0'>
   <div class='ocr_carea' id='block_1_1' title="bbox 693 340 3853 419">
    <p class='ocr_par' dir='ltr' id='par_1_1' title="bbox 693 340 3853 419">
     <span class='ocr_line' id='line_1_1' title="bbox 693 340 3853 419; baseline 0.011 -20"><span class='ocrx_word' id='word_1_1' title='bbox 693 340 758 401; x_wconf 84' lang='lat'><strong>95</strong></span> <span class='ocrx_word' id='word_1_2' title='bbox 1917 358 2179 419; x_wconf 81' lang='lat' dir='ltr'><strong>THEOD.</strong></span> <span class='ocrx_word' id='word_1_3' title='bbox 2226 358 2614 419; x_wconf 81' lang='lat' dir='ltr'><strong>BALSAMON</strong></span> <span class='ocrx_word' id='word_1_4' title='bbox 3781 356 3853 418; x_wconf 80' lang='lat'><strong>96</strong></span> 
     </span>
    </p>
   </div>
   <div class='ocr_carea' id='block_1_2' title="bbox 688 449 2210 536">
    <p class='ocr_par' dir='ltr' id='par_1_2' title="bbox 688 449 2210 531">
     <span class='ocr_line' id='line_1_2' title="bbox 688 449 2210 531; baseline 0.007 -29"><span class='ocrx_word' id='word_1_5' title='bbox 688 449 874 504; x_wconf 73' lang='lat' dir='ltr'><strong>Milites</strong></span> <span class='ocrx_word' id='word_1_6' title='bbox 902 456 1049 523; x_wconf 77' lang='lat' dir='ltr'><strong>elegit</strong></span> <span class='ocrx_word' id='word_1_7' title='bbox 1076 458 1142 511; x_wconf 86' lang='grc'><strong>³⁸.</strong></span> <span class='ocrx_word' id='word_1_8' title='bbox 1174 460 1319 524; x_wconf 87' lang='lat' dir='ltr'><strong>Quod</strong></span> <span class='ocrx_word' id='word_1_9' title='bbox 1347 463 1388 513; x_wconf 90' lang='lat' dir='ltr'><strong>si</strong></span> <span class='ocrx_word' id='word_1_10' title='bbox 1438 465 1501 515; x_wconf 87' lang='lat' dir='ltr'><strong>de</strong></span> <span class='ocrx_word' id='word_1_11' title='bbox 1543 468 1757 531; x_wconf 88' lang='lat' dir='ltr'><strong>prolana</strong></span> <span class='ocrx_word' id='word_1_12' title='bbox 1805 467 1986 518; x_wconf 89' lang='lat' dir='ltr'><strong>militia</strong></span> <span class='ocrx_word' id='word_1_13' title='bbox 2031 480 2210 516; x_wconf 89' lang='lat' dir='ltr'><strong>verum</strong></span> 
     </span>
    </p>
   </div>
   <div class='ocr_carea' id='block_1_3' title="bbox 2315 449 3856 536">
    <p class='ocr_par' dir='ltr' id='par_1_3' title="bbox 2315 464 3856 536">
     <span class='ocr_line' id='line_1_3' title="bbox 2315 464 3856 536; baseline 0.002 -22"><span class='ocrx_word' id='word_1_14' title='bbox 2315 464 2413 530; x_wconf 84' lang='grc' dir='ltr'><strong>κὴν</strong></span> <span class='ocrx_word' id='word_1_15' title='bbox 2442 469 2887 535; x_wconf 77' lang='grc' dir='ltr'><strong>στρατευομένοις</strong></span> <span class='ocrx_word' id='word_1_16' title='bbox 2923 467 3208 536; x_wconf 75' lang='grc' dir='ltr'><strong>στρατείαν</strong></span> <span class='ocrx_word' id='word_1_17' title='bbox 3236 467 3389 519; x_wconf 86' lang='grc' dir='ltr'>τοῦτο</span> <span class='ocrx_word' id='word_1_18' title='bbox 3419 467 3655 536; x_wconf 72' lang='grc' dir='ltr'>εἴρηται,</span> <span class='ocrx_word' id='word_1_19' title='bbox 3677 465 3856 534; x_wconf 84' lang='grc' dir='ltr'>πολλῷ</span> 
     </span>
    </p>
   </div>
   <div class='ocr_carea' id='block_1_4' title="bbox 685 545 2211 617">
    <p class='ocr_par' dir='ltr' id='par_1_4' title="bbox 685 545 2211 617">
     <span class='ocr_line' id='line_1_4' title="bbox 685 545 2211 617; baseline 0.011 -30"><span class='ocrx_word' id='word_1_20' title='bbox 685 547 765 589; x_wconf 84' lang='lat' dir='ltr'><strong>est</strong></span> <span class='ocrx_word' id='word_1_21' title='bbox 788 579 800 599; x_wconf 90' lang='lat'><strong>,</strong></span> <span class='ocrx_word' id='word_1_22' title='bbox 836 553 979 594; x_wconf 91' lang='lat' dir='ltr'><strong>certe</strong></span> <span class='ocrx_word' id='word_1_23' title='bbox 1011 545 1061 596; x_wconf 93' lang='lat' dir='ltr'><strong>in</strong></span> <span class='ocrx_word' id='word_1_24' title='bbox 1101 563 1211 607; x_wconf 90' lang='lat' dir='ltr'><strong>eos,</strong></span> <span class='ocrx_word' id='word_1_25' title='bbox 1259 551 1348 617; x_wconf 87' lang='lat' dir='ltr'><strong>qui</strong></span> <span class='ocrx_word' id='word_1_26' title='bbox 1372 552 1564 605; x_wconf 74' lang='lat' dir='ltr'><strong>divinae</strong></span> <span class='ocrx_word' id='word_1_27' title='bbox 1598 554 1800 606; x_wconf 70' lang='lat' dir='ltr'><strong>militire</strong></span> <span class='ocrx_word' id='word_1_28' title='bbox 1855 555 1904 606; x_wconf 90' lang='lat' dir='ltr'><strong>in</strong></span> <span class='ocrx_word' id='word_1_29' title='bbox 1937 569 2089 606; x_wconf 88' lang='lat' dir='ltr'><strong>sacro</strong></span> <span class='ocrx_word' id='word_1_30' title='bbox 2121 569 2211 604; x_wconf 90' lang='lat' dir='ltr'><strong>or-</strong></span> 
     </span>
    </p>
   </div>
   <div class='ocr_carea' id='block_1_5' title="bbox 681 623 2210 707">
    <p class='ocr_par' dir='ltr' id='par_1_5' title="bbox 681 623 2210 707">
     <span class='ocr_line' id='line_1_5' title="bbox 681 623 2210 707; baseline 0.016 -33"><span class='ocrx_word' id='word_1_31' title='bbox 681 623 804 677; x_wconf 88' lang='lat' dir='ltr'><strong>dine</strong></span> <span class='ocrx_word' id='word_1_32' title='bbox 838 631 1122 694; x_wconf 85' lang='lat' dir='ltr'><strong>mancipati</strong></span> <span class='ocrx_word' id='word_1_33' title='bbox 1171 645 1314 697; x_wconf 87' lang='lat' dir='ltr'><strong>sunt,</strong></span> <span class='ocrx_word' id='word_1_34' title='bbox 1373 639 1525 705; x_wconf 88' lang='lat' dir='ltr'><strong>longe</strong></span> <span class='ocrx_word' id='word_1_35' title='bbox 1573 643 2027 694; x_wconf 89' lang='lat' dir='ltr'><strong>accommodatius</strong></span> <span class='ocrx_word' id='word_1_36' title='bbox 2081 656 2210 707; x_wconf 72' lang='lat' dir='ltr'><strong>qua-</strong></span> 
     </span>
    </p>
   </div>
   <div class='ocr_carea' id='block_1_6' title="bbox 680 710 2206 796">
    <p class='ocr_par' dir='ltr' id='par_1_6' title="bbox 680 710 2206 796">
     <span class='ocr_line' id='line_1_6' title="bbox 680 710 2206 796; baseline 0.015 -35"><span class='ocrx_word' id='word_1_37' title='bbox 680 710 876 766; x_wconf 78' lang='lat' dir='ltr'><strong>drubit.</strong></span> <span class='ocrx_word' id='word_1_38' title='bbox 907 716 982 770; x_wconf 86' lang='lat' dir='ltr'><strong>De.</strong></span> <span class='ocrx_word' id='word_1_39' title='bbox 1013 719 1298 776; x_wconf 79' lang='lat' dir='ltr'><strong>lectoribus</strong></span> <span class='ocrx_word' id='word_1_40' title='bbox 1349 741 1472 779; x_wconf 90' lang='lat' dir='ltr'><strong>vero</strong></span> <span class='ocrx_word' id='word_1_41' title='bbox 1507 731 1645 795; x_wconf 92' lang='lat' dir='ltr'><strong>quod</strong></span> <span class='ocrx_word' id='word_1_42' title='bbox 1690 731 1949 796; x_wconf 83' lang='lat' dir='ltr'><strong>sequitur,</strong></span> <span class='ocrx_word' id='word_1_43' title='bbox 2007 740 2064 781; x_wconf 89' lang='lat' dir='ltr'><strong>ut</strong></span> <span class='ocrx_word' id='word_1_44' title='bbox 2108 747 2206 796; x_wconf 89' lang='lat' dir='ltr'><strong>pu-</strong></span> 
     </span>
    </p>
   </div>
   <div class='ocr_carea' id='block_1_7' title="bbox 681 801 2208 880">
    <p class='ocr_par' dir='ltr' id='par_1_7' title="bbox 681 801 2208 880">
     <span class='ocr_line' id='line_1_7' title="bbox 681 801 2208 880; baseline 0.014 -31"><span class='ocrx_word' id='word_1_45' title='bbox 681 801 903 857; x_wconf 87' lang='lat' dir='ltr'><strong>bertatis</strong></span> <span class='ocrx_word' id='word_1_46' title='bbox 960 817 1233 875; x_wconf 89' lang='lat' dir='ltr'><strong>tempore,</strong></span> <span class='ocrx_word' id='word_1_47' title='bbox 1286 827 1476 880; x_wconf 85' lang='lat' dir='ltr'><strong>quarto</strong></span> <span class='ocrx_word' id='word_1_48' title='bbox 1537 819 1744 872; x_wconf 90' lang='lat' dir='ltr'><strong>decimo</strong></span> <span class='ocrx_word' id='word_1_49' title='bbox 1807 822 2011 873; x_wconf 75' lang='lat' dir='ltr'><strong>scilicet</strong></span> <span class='ocrx_word' id='word_1_50' title='bbox 2070 837 2208 874; x_wconf 88' lang='lat' dir='ltr'><strong>anno</strong></span> 
     </span>
    </p>
   </div>
   <div class='ocr_carea' id='block_1_8' title="bbox 675 893 2210 978">
    <p class='ocr_par' dir='ltr' id='par_1_8' title="bbox 675 893 2210 978">
     <span class='ocr_line' id='line_1_8' title="bbox 675 893 2210 978; baseline 0.017 -39"><span class='ocrx_word' id='word_1_51' title='bbox 675 893 905 956; x_wconf 77' lang='lat' dir='ltr'><strong>expleto,</strong></span> <span class='ocrx_word' id='word_1_52' title='bbox 940 899 1015 948; x_wconf 92' lang='lat' dir='ltr'><strong>vel</strong></span> <span class='ocrx_word' id='word_1_53' title='bbox 1045 903 1380 956; x_wconf 84' lang='lat' dir='ltr'><strong>matrimonio</strong></span> <span class='ocrx_word' id='word_1_54' title='bbox 1398 906 1568 973; x_wconf 82' lang='lat' dir='ltr'><strong>jungi,</strong></span> <span class='ocrx_word' id='word_1_55' title='bbox 1601 909 1678 960; x_wconf 86' lang='lat' dir='ltr'><strong>vel</strong></span> <span class='ocrx_word' id='word_1_56' title='bbox 1703 911 2001 963; x_wconf 69' lang='lat' dir='ltr'><strong>caelibatum</strong></span> <span class='ocrx_word' id='word_1_57' title='bbox 2046 912 2210 978; x_wconf 83' lang='lat' dir='ltr'><strong>proii-</strong></span> 
     </span>
    </p>
   </div>
   <div class='ocr_carea' id='block_1_9' title="bbox 679 981 2207 1052">
    <p class='ocr_par' dir='ltr' id='par_1_9' title="bbox 679 981 2207 1052">
     <span class='ocr_line' id='line_1_9' title="bbox 679 981 2207 1052; baseline 0.015 -24"><span class='ocrx_word' id='word_1_58' title='bbox 679 981 777 1030; x_wconf 89' lang='lat' dir='ltr'><strong>teri</strong></span> <span class='ocrx_word' id='word_1_59' title='bbox 804 995 1064 1049; x_wconf 83' lang='lat' dir='ltr'><strong>cogantur</strong></span> <span class='ocrx_word' id='word_1_60' title='bbox 1098 1004 1111 1038; x_wconf 86' lang='lat'><strong>:</strong></span> <span class='ocrx_word' id='word_1_61' title='bbox 1145 1004 1210 1040; x_wconf 88' lang='lat' dir='ltr'><strong>an</strong></span> <span class='ocrx_word' id='word_1_62' title='bbox 1247 1005 1306 1044; x_wconf 91' lang='lat' dir='ltr'><strong>ea</strong></span> <span class='ocrx_word' id='word_1_63' title='bbox 1336 993 1386 1045; x_wconf 91' lang='lat' dir='ltr'><strong>in</strong></span> <span class='ocrx_word' id='word_1_64' title='bbox 1423 994 1673 1049; x_wconf 78' lang='lat' dir='ltr'><strong>Africana</strong></span> <span class='ocrx_word' id='word_1_65' title='bbox 1708 999 1941 1052; x_wconf 80' lang='lat' dir='ltr'><strong>Ecclesia</strong></span> <span class='ocrx_word' id='word_1_66' title='bbox 1983 1015 2207 1051; x_wconf 83' lang='lat' dir='ltr'><strong>consue—</strong></span> 
     </span>
    </p>
   </div>
   <div class='ocr_carea' id='block_1_10' title="bbox 673 1070 2210 1140">
    <p class='ocr_par' dir='ltr' id='par_1_10' title="bbox 673 1070 2210 1140">
     <span class='ocr_line' id='line_1_10' title="bbox 673 1070 2210 1140; baseline 0.014 -22"><span class='ocrx_word' id='word_1_67' title='bbox 673 1070 800 1121; x_wconf 88' lang='lat' dir='ltr'><strong>tudo</strong></span> <span class='ocrx_word' id='word_1_68' title='bbox 833 1071 1115 1127; x_wconf 86' lang='lat' dir='ltr'><strong>inoleverit</strong></span> <span class='ocrx_word' id='word_1_69' title='bbox 1149 1079 1285 1131; x_wconf 91' lang='lat' dir='ltr'><strong>hattd</strong></span> <span class='ocrx_word' id='word_1_70' title='bbox 1337 1081 1492 1136; x_wconf 81' lang='lat' dir='ltr'><strong>facile</strong></span> <span class='ocrx_word' id='word_1_71' title='bbox 1523 1085 1772 1139; x_wconf 77' lang='lat' dir='ltr'><strong>dixerim.</strong></span> <span class='ocrx_word' id='word_1_72' title='bbox 1820 1087 1877 1140; x_wconf 92' lang='lat' dir='ltr'><strong>lo</strong></span> <span class='ocrx_word' id='word_1_73' title='bbox 1920 1089 2036 1140; x_wconf 91' lang='lat' dir='ltr'><strong>aliis</strong></span> <span class='ocrx_word' id='word_1_74' title='bbox 2067 1099 2210 1140; x_wconf 85' lang='lat' dir='ltr'><strong>certe</strong></span> 
     </span>
    </p>
   </div>
   <div class='ocr_carea' id='block_1_11' title="bbox 672 1152 2209 1242">
    <p class='ocr_par' dir='ltr' id='par_1_11' title="bbox 672 1152 2209 1242">
     <span class='ocr_line' id='line_1_11' title="bbox 672 1152 2209 1242; baseline 0.016 -39"><span class='ocrx_word' id='word_1_75' title='bbox 672 1152 927 1209; x_wconf 87' lang='lat' dir='ltr'><strong>Ecclesiis</strong></span> <span class='ocrx_word' id='word_1_76' title='bbox 955 1161 1092 1213; x_wconf 91' lang='lat' dir='ltr'><strong>haud</strong></span> <span class='ocrx_word' id='word_1_77' title='bbox 1119 1165 1286 1230; x_wconf 84' lang='lat' dir='ltr'><strong>viget;</strong></span> <span class='ocrx_word' id='word_1_78' title='bbox 1324 1167 1428 1220; x_wconf 89' lang='lat' dir='ltr'><strong>imo</strong></span> <span class='ocrx_word' id='word_1_79' title='bbox 1454 1185 1550 1223; x_wconf 91' lang='lat' dir='ltr'><strong>nec</strong></span> <span class='ocrx_word' id='word_1_80' title='bbox 1580 1173 1687 1225; x_wconf 93' lang='lat' dir='ltr'><strong>ullo</strong></span> <span class='ocrx_word' id='word_1_81' title='bbox 1711 1189 1939 1241; x_wconf 83' lang='lat' dir='ltr'><strong>unquam</strong></span> <span class='ocrx_word' id='word_1_82' title='bbox 1974 1184 2209 1242; x_wconf 90' lang='lat' dir='ltr'><strong>tempore</strong></span> 
     </span>
    </p>
   </div>
   <div class='ocr_carea' id='block_1_12' title="bbox 671 1241 2208 1332">
    <p class='ocr_par' dir='ltr' id='par_1_12' title="bbox 671 1241 2208 1332">
     <span class='ocr_line' id='line_1_12' title="bbox 671 1241 2208 1332; baseline 0.018 -42"><span class='ocrx_word' id='word_1_83' title='bbox 671 1241 904 1307; x_wconf 78' lang='lat' dir='ltr'><strong>viguisse</strong></span> <span class='ocrx_word' id='word_1_84' title='bbox 934 1262 1034 1314; x_wconf 94' lang='lat' dir='ltr'><strong>ego</strong></span> <span class='ocrx_word' id='word_1_85' title='bbox 1081 1252 1294 1316; x_wconf 92' lang='lat' dir='ltr'><strong>quidem</strong></span> <span class='ocrx_word' id='word_1_86' title='bbox 1342 1258 1589 1312; x_wconf 80' lang='lat' dir='ltr'><strong>existimo</strong></span> <span class='ocrx_word' id='word_1_87' title='bbox 1617 1279 1630 1324; x_wconf 92' lang='lat'><strong>;</strong></span> <span class='ocrx_word' id='word_1_88' title='bbox 1656 1262 1964 1316; x_wconf 84' lang='lat' dir='ltr'><strong>adversatur</strong></span> <span class='ocrx_word' id='word_1_89' title='bbox 2015 1267 2208 1332; x_wconf 84' lang='lat' dir='ltr'><strong>quippe</strong></span> 
     </span>
    </p>
   </div>
   <div class='ocr_carea' id='block_1_13' title="bbox 669 1341 2203 1414">
    <p class='ocr_par' dir='ltr' id='par_1_13' title="bbox 669 1341 2203 1414">
     <span class='ocr_line' id='line_1_13' title="bbox 669 1341 2203 1414; baseline 0.016 -34"><span class='ocrx_word' id='word_1_90' title='bbox 669 1341 972 1385; x_wconf 85' lang='lat' dir='ltr'><strong>sanctorum</strong></span> <span class='ocrx_word' id='word_1_91' title='bbox 1039 1341 1399 1403; x_wconf 77' lang='lat' dir='ltr'><strong>aposmlorum</strong></span> <span class='ocrx_word' id='word_1_92' title='bbox 1451 1347 1704 1400; x_wconf 89' lang='lat' dir='ltr'><strong>vicesimo</strong></span> <span class='ocrx_word' id='word_1_93' title='bbox 1758 1361 1909 1402; x_wconf 80' lang='lat' dir='ltr'><strong>sexto</strong></span> <span class='ocrx_word' id='word_1_94' title='bbox 1975 1354 2203 1414; x_wconf 88' lang='lat' dir='ltr'><strong>canoni,</strong></span> 
     </span>
    </p>
   </div>
   <div class='ocr_carea' id='block_1_14' title="bbox 669 1421 2204 1506">
    <p class='ocr_par' dir='ltr' id='par_1_14' title="bbox 669 1421 2204 1506">
     <span class='ocr_line' id='line_1_14' title="bbox 669 1421 2204 1506; baseline 0.014 -37"><span class='ocrx_word' id='word_1_95' title='bbox 669 1421 758 1485; x_wconf 90' lang='lat' dir='ltr'><strong>qni</strong></span> <span class='ocrx_word' id='word_1_96' title='bbox 786 1422 1077 1479; x_wconf 81' lang='lat' dir='ltr'><strong>lectoribus</strong></span> <span class='ocrx_word' id='word_1_97' title='bbox 1121 1440 1173 1480; x_wconf 83' lang='lat' dir='ltr'><strong>et</strong></span> <span class='ocrx_word' id='word_1_98' title='bbox 1208 1435 1536 1499; x_wconf 90' lang='lat' dir='ltr'><strong>cantoribus,</strong></span> <span class='ocrx_word' id='word_1_99' title='bbox 1589 1449 1868 1506; x_wconf 84' lang='lat' dir='ltr'><strong>postquam</strong></span> <span class='ocrx_word' id='word_1_100' title='bbox 1917 1440 1968 1491; x_wconf 92' lang='lat' dir='ltr'><strong>iu</strong></span> <span class='ocrx_word' id='word_1_101' title='bbox 2004 1440 2204 1492; x_wconf 92' lang='lat' dir='ltr'><strong>clerum</strong></span> 
     </span>
    </p>
   </div>
   <div class='ocr_carea' id='block_1_15' title="bbox 667 1511 2205 1590">
    <p class='ocr_par' dir='ltr' id='par_1_15' title="bbox 667 1511 2205 1590">
     <span class='ocr_line' id='line_1_15' title="bbox 667 1511 2205 1590; baseline 0.012 -30"><span class='ocrx_word' id='word_1_102' title='bbox 667 1511 883 1579; x_wconf 83' lang='lat' dir='ltr'><strong>ascripti</strong></span> <span class='ocrx_word' id='word_1_103' title='bbox 937 1514 1172 1582; x_wconf 82' lang='lat' dir='ltr'><strong>fuerint,</strong></span> <span class='ocrx_word' id='word_1_104' title='bbox 1235 1537 1426 1577; x_wconf 82' lang='lat' dir='ltr'><strong>uxores</strong></span> <span class='ocrx_word' id='word_1_105' title='bbox 1495 1526 1764 1580; x_wconf 89' lang='lat' dir='ltr'><strong>ducendas</strong></span> <span class='ocrx_word' id='word_1_106' title='bbox 1814 1541 1934 1580; x_wconf 90' lang='lat' dir='ltr'><strong>esse</strong></span> <span class='ocrx_word' id='word_1_107' title='bbox 1979 1528 2205 1590; x_wconf 87' lang='lat' dir='ltr'><strong>statuit,</strong></span> 
     </span>
    </p>
   </div>
   <div class='ocr_carea' id='block_1_16' title="bbox 667 1607 2202 1682">
    <p class='ocr_par' dir='ltr' id='par_1_16' title="bbox 667 1607 2202 1682">
     <span class='ocr_line' id='line_1_16' title="bbox 667 1607 2202 1682; baseline 0.012 -33"><span class='ocrx_word' id='word_1_108' title='bbox 667 1612 840 1667; x_wconf 90' lang='lat' dir='ltr'><strong>neque</strong></span> <span class='ocrx_word' id='word_1_109' title='bbox 872 1614 1073 1657; x_wconf 89' lang='lat' dir='ltr'><strong>certum</strong></span> <span class='ocrx_word' id='word_1_110' title='bbox 1102 1607 1313 1676; x_wconf 86' lang='lat' dir='ltr'><strong>aliquod</strong></span> <span class='ocrx_word' id='word_1_111' title='bbox 1337 1621 1542 1679; x_wconf 86' lang='lat' dir='ltr'><strong>tempus</strong></span> <span class='ocrx_word' id='word_1_112' title='bbox 1566 1616 1868 1681; x_wconf 88' lang='lat' dir='ltr'><strong>nuptiarum</strong></span> <span class='ocrx_word' id='word_1_113' title='bbox 1892 1615 2202 1682; x_wconf 67' lang='lat' dir='ltr'><strong>praescribit.</strong></span> 
     </span>
    </p>
   </div>
   <div class='ocr_carea' id='block_1_17' title="bbox 666 1691 2205 1776">
    <p class='ocr_par' dir='ltr' id='par_1_17' title="bbox 666 1691 2205 1776">
     <span class='ocr_line' id='line_1_17' title="bbox 666 1691 2205 1776; baseline 0.014 -37"><span class='ocrx_word' id='word_1_114' title='bbox 666 1698 757 1741; x_wconf 87' lang='lat' dir='ltr'><strong>aut</strong></span> <span class='ocrx_word' id='word_1_115' title='bbox 789 1691 970 1759; x_wconf 89' lang='lat' dir='ltr'><strong>aliqtta</strong></span> <span class='ocrx_word' id='word_1_116' title='bbox 1000 1711 1093 1748; x_wconf 92' lang='lat' dir='ltr'><strong>eos</strong></span> <span class='ocrx_word' id='word_1_117' title='bbox 1134 1702 1478 1756; x_wconf 74' lang='lat' dir='ltr'><strong>continentiae</strong></span> <span class='ocrx_word' id='word_1_118' title='bbox 1520 1704 1854 1770; x_wconf 81' lang='lat' dir='ltr'><strong>professione</strong></span> <span class='ocrx_word' id='word_1_119' title='bbox 1895 1707 2205 1776; x_wconf 89' lang='lat' dir='ltr'><strong>obligandos</strong></span> 
     </span>
    </p>
   </div>
   <div class='ocr_carea' id='block_1_18' title="bbox 2316 554 3854 624">
    <p class='ocr_par' dir='ltr' id='par_1_18' title="bbox 2316 554 3854 624">
     <span class='ocr_line' id='line_1_18' title="bbox 2316 554 3854 624; baseline 0.003 -21"><span class='ocrx_word' id='word_1_120' title='bbox 2316 554 2510 618; x_wconf 76' lang='grc' dir='ltr'>μᾶλλον</span> <span class='ocrx_word' id='word_1_121' title='bbox 2539 557 2764 623; x_wconf 83' lang='grc' dir='ltr'>ἁρμόσει</span> <span class='ocrx_word' id='word_1_122' title='bbox 2794 559 2902 618; x_wconf 86' lang='grc' dir='ltr'>τοῖς</span> <span class='ocrx_word' id='word_1_123' title='bbox 2932 557 3007 624; x_wconf 87' lang='grc' dir='ltr'>τῷ</span> <span class='ocrx_word' id='word_1_124' title='bbox 3032 557 3148 624; x_wconf 85' lang='grc' dir='ltr'><strong>Θεῷ</strong></span> <span class='ocrx_word' id='word_1_125' title='bbox 3174 557 3622 624; x_wconf 71' lang='grc' dir='ltr'><strong>στρατευομένοις</strong></span> <span class='ocrx_word' id='word_1_126' title='bbox 3643 555 3729 607; x_wconf 81' lang='grc' dir='ltr'>διὰ</span> <span class='ocrx_word' id='word_1_127' title='bbox 3753 557 3854 620; x_wconf 83' lang='grc' dir='ltr'>τῆς</span> 
     </span>
    </p>
   </div>
   <div class='ocr_carea' id='block_1_19' title="bbox 2317 643 3851 713">
    <p class='ocr_par' dir='ltr' id='par_1_19' title="bbox 2317 643 3851 713">
     <span class='ocr_line' id='line_1_19' title="bbox 2317 643 3851 713; baseline 0.015 -23"><span class='ocrx_word' id='word_1_128' title='bbox 2317 643 2633 713; x_wconf 71' lang='grc' dir='ltr'><strong>ἱερωσύνης.</strong></span> <span class='ocrx_word' id='word_1_129' title='bbox 2667 647 2740 697; x_wconf 83' lang='grc' dir='ltr'>Τὸ</span> <span class='ocrx_word' id='word_1_130' title='bbox 2791 647 2847 698; x_wconf 76' lang='grc' dir='ltr'>δὲ</span> <span class='ocrx_word' id='word_1_131' title='bbox 2882 647 3005 707; x_wconf 75' lang='grc' dir='ltr'>τοὺς</span> <span class='ocrx_word' id='word_1_132' title='bbox 3039 646 3388 710; x_wconf 72' lang='grc' dir='ltr'><strong>ἀναγνώστας</strong></span> <span class='ocrx_word' id='word_1_133' title='bbox 3439 646 3496 696; x_wconf 72' lang='grc' dir='ltr'>ὲν</span> <span class='ocrx_word' id='word_1_134' title='bbox 3549 644 3623 712; x_wconf 74' lang='grc' dir='ltr'><strong>τῷ</strong></span> <span class='ocrx_word' id='word_1_135' title='bbox 3673 645 3851 711; x_wconf 74' lang='grc' dir='ltr'>καιρῷ</span> 
     </span>
    </p>
   </div>
   <div class='ocr_carea' id='block_1_20' title="bbox 2311 731 3851 801">
    <p class='ocr_par' dir='ltr' id='par_1_20' title="bbox 2311 731 3851 801">
     <span class='ocr_line' id='line_1_20' title="bbox 2311 731 3851 801; baseline -0.003 -14"><span class='ocrx_word' id='word_1_136' title='bbox 2311 731 2406 796; x_wconf 77' lang='grc' dir='ltr'><strong>τῆς</strong></span> <span class='ocrx_word' id='word_1_137' title='bbox 2439 733 2594 800; x_wconf 75' lang='grc' dir='ltr'>ἧδης,</span> <span class='ocrx_word' id='word_1_138' title='bbox 2616 736 2779 801; x_wconf 69' lang='grc' dir='ltr'>ἠγουν</span> <span class='ocrx_word' id='word_1_139' title='bbox 2800 735 2934 799; x_wconf 83' lang='grc' dir='ltr'>μετά</span> <span class='ocrx_word' id='word_1_140' title='bbox 2955 735 3044 786; x_wconf 73' lang='grc' dir='ltr'><strong>τδν</strong></span> <span class='ocrx_word' id='word_1_141' title='bbox 3077 737 3136 786; x_wconf 85' lang='grc' dir='ltr'>ιδ’</span> <span class='ocrx_word' id='word_1_142' title='bbox 3169 734 3415 786; x_wconf 74' lang='grc' dir='ltr'>ἐνιαυτὸν</span> <span class='ocrx_word' id='word_1_143' title='bbox 3446 733 3851 799; x_wconf 75' lang='grc' dir='ltr'><strong>ἀναγκάζεσθαι</strong></span> 
     </span>
    </p>
   </div>
   <div class='ocr_carea' id='block_1_21' title="bbox 2313 819 3851 892">
    <p class='ocr_par' dir='ltr' id='par_1_21' title="bbox 2313 819 3851 892">
     <span class='ocr_line' id='line_1_21' title="bbox 2313 819 3851 892; baseline 0.001 -20"><span class='ocrx_word' id='word_1_144' title='bbox 2313 819 2342 884; x_wconf 80' lang='grc' dir='ltr'>ἢ</span> <span class='ocrx_word' id='word_1_145' title='bbox 2390 822 2548 888; x_wconf 81' lang='grc' dir='ltr'>γάμῳ</span> <span class='ocrx_word' id='word_1_146' title='bbox 2576 823 2853 889; x_wconf 72' lang='grc' dir='ltr'>ὁμιλῆσαι,</span> <span class='ocrx_word' id='word_1_147' title='bbox 2889 825 2920 892; x_wconf 77' lang='grc' dir='ltr'><strong>ἢ</strong></span> <span class='ocrx_word' id='word_1_148' title='bbox 2953 825 3190 889; x_wconf 77' lang='grc' dir='ltr'><strong>ἀγαμίαν</strong></span> <span class='ocrx_word' id='word_1_149' title='bbox 3225 823 3569 891; x_wconf 73' lang='grc' dir='ltr'><strong>ὑποσχέσθαι,</strong></span> <span class='ocrx_word' id='word_1_150' title='bbox 3606 824 3703 874; x_wconf 75' lang='grc' dir='ltr'><strong>οὐκ</strong></span> <span class='ocrx_word' id='word_1_151' title='bbox 3732 820 3851 875; x_wconf 78' lang='grc' dir='ltr'>οῖδα</span> 
     </span>
    </p>
   </div>
   <div class='ocr_carea' id='block_1_22' title="bbox 2310 909 3848 978">
    <p class='ocr_par' dir='ltr' id='par_1_22' title="bbox 2310 909 3848 978">
     <span class='ocr_line' id='line_1_22' title="bbox 2310 909 3848 978; baseline 0.002 -21"><span class='ocrx_word' id='word_1_152' title='bbox 2310 909 2357 957; x_wconf 90' lang='grc' dir='ltr'><strong>εί</strong></span> <span class='ocrx_word' id='word_1_153' title='bbox 2387 911 2531 973; x_wconf 75' lang='grc' dir='ltr'>παρὰ</span> <span class='ocrx_word' id='word_1_154' title='bbox 2565 915 2671 969; x_wconf 83' lang='grc' dir='ltr'>τοῖς</span> <span class='ocrx_word' id='word_1_155' title='bbox 2722 911 2779 960; x_wconf 81' lang='grc' dir='ltr'>ὲν</span> <span class='ocrx_word' id='word_1_156' title='bbox 2809 909 3040 978; x_wconf 77' lang='grc' dir='ltr'>Ἀφρικῇ</span> <span class='ocrx_word' id='word_1_157' title='bbox 3100 912 3390 977; x_wconf 81' lang='grc' dir='ltr'>ἐκράτησε.</span> <span class='ocrx_word' id='word_1_158' title='bbox 3439 909 3592 976; x_wconf 72' lang='grc' dir='ltr'>Παρὰ</span> <span class='ocrx_word' id='word_1_159' title='bbox 3623 910 3677 960; x_wconf 88' lang='grc' dir='ltr'>δὲ</span> <span class='ocrx_word' id='word_1_160' title='bbox 3726 912 3848 969; x_wconf 73' lang='grc' dir='ltr'>ταῖς</span> 
     </span>
    </p>
   </div>
   <div class='ocr_carea' id='block_1_23' title="bbox 2310 993 3848 1064">
    <p class='ocr_par' dir='ltr' id='par_1_23' title="bbox 2310 993 3848 1064">
     <span class='ocr_line' id='line_1_23' title="bbox 2310 993 3848 1064; baseline 0.002 -20"><span class='ocrx_word' id='word_1_161' title='bbox 2310 993 2490 1053; x_wconf 74' lang='grc' dir='ltr'>ἄλλαις</span> <span class='ocrx_word' id='word_1_162' title='bbox 2533 996 2872 1064; x_wconf 76' lang='grc' dir='ltr'>Ἐκκλησὲαις</span> <span class='ocrx_word' id='word_1_163' title='bbox 2925 999 2982 1048; x_wconf 80' lang='grc' dir='ltr'><strong>οὐ</strong></span> <span class='ocrx_word' id='word_1_164' title='bbox 3018 1001 3243 1059; x_wconf 79' lang='grc' dir='ltr'>κρατεῐο</span> <span class='ocrx_word' id='word_1_165' title='bbox 3305 993 3455 1062; x_wconf 74' lang='grc' dir='ltr'>οἶμαι</span> <span class='ocrx_word' id='word_1_166' title='bbox 3509 996 3564 1046; x_wconf 78' lang='grc' dir='ltr'><strong>δὲ</strong></span> <span class='ocrx_word' id='word_1_167' title='bbox 3619 999 3696 1047; x_wconf 83' lang='grc' dir='ltr'><strong>ὃτι</strong></span> <span class='ocrx_word' id='word_1_168' title='bbox 3728 996 3848 1047; x_wconf 86' lang='grc' dir='ltr'>οὐδὲ</span> 
     </span>
    </p>
   </div>
   <div class='ocr_carea' id='block_1_24' title="bbox 2310 1083 3849 1154">
    <p class='ocr_par' dir='ltr' id='par_1_24' title="bbox 2310 1083 3849 1154">
     <span class='ocr_line' id='line_1_24' title="bbox 2310 1083 3849 1154; baseline 0.001 -23"><span class='ocrx_word' id='word_1_169' title='bbox 2310 1083 2526 1134; x_wconf 79' lang='grc' dir='ltr'>πώποτε</span> <span class='ocrx_word' id='word_1_170' title='bbox 2576 1086 2896 1154; x_wconf 76' lang='grc' dir='ltr'>ἐκράτησεν,</span> <span class='ocrx_word' id='word_1_171' title='bbox 2950 1085 3362 1148; x_wconf 70' lang='grc' dir='ltr'>ἐναντιούμενον</span> <span class='ocrx_word' id='word_1_172' title='bbox 3392 1084 3469 1150; x_wconf 80' lang='grc' dir='ltr'><strong>τῷ</strong></span> <span class='ocrx_word' id='word_1_173' title='bbox 3499 1083 3589 1146; x_wconf 80' lang='grc' dir='ltr'>κς⁹</span> <span class='ocrx_word' id='word_1_174' title='bbox 3618 1085 3849 1135; x_wconf 78' lang='grc' dir='ltr'>ἀποστο-</span> 
     </span>
    </p>
   </div>
   <div class='ocr_carea' id='block_1_25' title="bbox 2309 1170 3849 1242">
    <p class='ocr_par' dir='ltr' id='par_1_25' title="bbox 2309 1170 3849 1242">
     <span class='ocr_line' id='line_1_25' title="bbox 2309 1170 3849 1242; baseline 0.002 -23"><span class='ocrx_word' id='word_1_175' title='bbox 2309 1170 2441 1238; x_wconf 81' lang='grc' dir='ltr'>λικῷ</span> <span class='ocrx_word' id='word_1_176' title='bbox 2471 1173 2673 1233; x_wconf 83' lang='grc' dir='ltr'>κανόνι,</span> <span class='ocrx_word' id='word_1_177' title='bbox 2705 1173 2938 1242; x_wconf 78' lang='grc' dir='ltr'>ὁρίζοντι</span> <span class='ocrx_word' id='word_1_178' title='bbox 2965 1173 3310 1238; x_wconf 78' lang='grc' dir='ltr'>ἀναγνώστας</span> <span class='ocrx_word' id='word_1_179' title='bbox 3343 1174 3436 1225; x_wconf 72' lang='grc' dir='ltr'>καὶ</span> <span class='ocrx_word' id='word_1_180' title='bbox 3462 1173 3684 1238; x_wconf 69' lang='grc' dir='ltr'>ψάλτας,</span> <span class='ocrx_word' id='word_1_181' title='bbox 3710 1175 3849 1238; x_wconf 74' lang='grc' dir='ltr'>μετὰ</span> 
     </span>
    </p>
   </div>
   <div class='ocr_carea' id='block_1_26' title="bbox 2307 1257 3845 1326">
    <p class='ocr_par' dir='ltr' id='par_1_26' title="bbox 2307 1257 3845 1326">
     <span class='ocr_line' id='line_1_26' title="bbox 2307 1257 3845 1326; baseline 0.013 -20"><span class='ocrx_word' id='word_1_182' title='bbox 2307 1257 2369 1307; x_wconf 79' lang='grc' dir='ltr'>τὸ</span> <span class='ocrx_word' id='word_1_183' title='bbox 2424 1260 2503 1318; x_wconf 85' lang='grc' dir='ltr'><strong>είς</strong></span> <span class='ocrx_word' id='word_1_184' title='bbox 2555 1259 2746 1326; x_wconf 82' lang='grc' dir='ltr'>κλῆρον</span> <span class='ocrx_word' id='word_1_185' title='bbox 2784 1261 3105 1326; x_wconf 59' lang='grc' dir='ltr'>προελθεῖν,</span> <span class='ocrx_word' id='word_1_186' title='bbox 3144 1262 3356 1326; x_wconf 80' lang='grc' dir='ltr'>γαμεῖν,</span> <span class='ocrx_word' id='word_1_187' title='bbox 3393 1260 3485 1312; x_wconf 79' lang='grc' dir='ltr'>καὶ</span> <span class='ocrx_word' id='word_1_188' title='bbox 3543 1259 3617 1326; x_wconf 77' lang='grc' dir='ltr'>μὴ</span> <span class='ocrx_word' id='word_1_189' title='bbox 3648 1258 3845 1325; x_wconf 78' lang='grc' dir='ltr'>καιρδν</span> 
     </span>
    </p>
   </div>
   <div class='ocr_carea' id='block_1_27' title="bbox 2308 1348 3847 1419">
    <p class='ocr_par' dir='ltr' id='par_1_27' title="bbox 2308 1348 3847 1419">
     <span class='ocr_line' id='line_1_27' title="bbox 2308 1348 3847 1419; baseline 0.001 -22"><span class='ocrx_word' id='word_1_190' title='bbox 2308 1348 2488 1406; x_wconf 67' lang='grc' dir='ltr'>αὐτοῖς</span> <span class='ocrx_word' id='word_1_191' title='bbox 2519 1348 2611 1398; x_wconf 79' lang='grc' dir='ltr'>τοῦ</span> <span class='ocrx_word' id='word_1_192' title='bbox 2657 1351 2832 1415; x_wconf 80' lang='grc' dir='ltr'>γάμου</span> <span class='ocrx_word' id='word_1_193' title='bbox 2888 1351 3143 1418; x_wconf 73' lang='grc' dir='ltr'>ὁρίζοντι,</span> <span class='ocrx_word' id='word_1_194' title='bbox 3182 1353 3317 1419; x_wconf 85' lang='grc' dir='ltr'>μήτε</span> <span class='ocrx_word' id='word_1_195' title='bbox 3377 1349 3699 1416; x_wconf 73' lang='grc' dir='ltr'>ἐγκράτειαν</span> <span class='ocrx_word' id='word_1_196' title='bbox 3747 1350 3847 1398; x_wconf 75' lang='grc' dir='ltr'><strong>ἑπ-</strong></span> 
     </span>
    </p>
   </div>
   <div class='ocr_carea' id='block_1_28' title="bbox 2307 1437 3852 1504">
    <p class='ocr_par' dir='ltr' id='par_1_28' title="bbox 2307 1437 3852 1504">
     <span class='ocr_line' id='line_1_28' title="bbox 2307 1437 3852 1504; baseline 0.002 -18"><span class='ocrx_word' id='word_1_197' title='bbox 2307 1437 2665 1502; x_wconf 80' lang='grc' dir='ltr'>αγγέλλεσθαι</span> <span class='ocrx_word' id='word_1_198' title='bbox 2703 1441 3037 1492; x_wconf 80' lang='grc' dir='ltr'>ἀπαιτοῦντι.</span> <span class='ocrx_word' id='word_1_199' title='bbox 3071 1441 3142 1490; x_wconf 76' lang='grc' dir='ltr'>Τδ</span> <span class='ocrx_word' id='word_1_200' title='bbox 3172 1441 3226 1491; x_wconf 75' lang='grc' dir='ltr'><strong>δὲ</strong></span> <span class='ocrx_word' id='word_1_201' title='bbox 3255 1439 3516 1502; x_wconf 75' lang='grc' dir='ltr'>δανείζειν</span> <span class='ocrx_word' id='word_1_202' title='bbox 3558 1441 3682 1499; x_wconf 80' lang='grc' dir='ltr'>τοὺς</span> <span class='ocrx_word' id='word_1_203' title='bbox 3718 1438 3852 1504; x_wconf 84' lang='grc' dir='ltr'>κλη-</span> 
     </span>
    </p>
   </div>
   <div class='ocr_carea' id='block_1_29' title="bbox 2310 1527 3852 1598">
    <p class='ocr_par' dir='ltr' id='par_1_29' title="bbox 2310 1527 3852 1598">
     <span class='ocr_line' id='line_1_29' title="bbox 2310 1527 3852 1598; baseline 0.001 -22"><span class='ocrx_word' id='word_1_204' title='bbox 2310 1529 2490 1594; x_wconf 81' lang='grc' dir='ltr'>ρικοὺς</span> <span class='ocrx_word' id='word_1_205' title='bbox 2543 1529 2633 1579; x_wconf 76' lang='grc' dir='ltr'><strong>ἐπὶ</strong></span> <span class='ocrx_word' id='word_1_206' title='bbox 2692 1527 2866 1589; x_wconf 84' lang='grc' dir='ltr'>τόκοις</span> <span class='ocrx_word' id='word_1_207' title='bbox 2917 1531 3129 1592; x_wconf 82' lang='grc' dir='ltr'>πολλοῖς</span> <span class='ocrx_word' id='word_1_208' title='bbox 3188 1531 3556 1598; x_wconf 71' lang='grc' dir='ltr'>ἀπηγόρευται</span> <span class='ocrx_word' id='word_1_209' title='bbox 3622 1528 3852 1580; x_wconf 75' lang='grc' dir='ltr'>κανόσιο</span> 
     </span>
    </p>
   </div>
   <div class='ocr_carea' id='block_1_30' title="bbox 2307 1610 3858 1686">
    <p class='ocr_par' dir='ltr' id='par_1_30' title="bbox 2307 1610 3858 1686">
     <span class='ocr_line' id='line_1_30' title="bbox 2307 1610 3858 1686; baseline 0.001 -19"><span class='ocrx_word' id='word_1_210' title='bbox 2307 1617 2399 1667; x_wconf 74' lang='grc' dir='ltr'><strong>καὶ</strong></span> <span class='ocrx_word' id='word_1_211' title='bbox 2429 1610 2581 1678; x_wconf 76' lang='grc' dir='ltr'>οὗτος</span> <span class='ocrx_word' id='word_1_212' title='bbox 2616 1617 2672 1668; x_wconf 82' lang='grc' dir='ltr'>δὲ</span> <span class='ocrx_word' id='word_1_213' title='bbox 2701 1618 2760 1669; x_wconf 78' lang='grc' dir='ltr'><strong>τὸ</strong></span> <span class='ocrx_word' id='word_1_214' title='bbox 2792 1619 2922 1670; x_wconf 77' lang='grc' dir='ltr'>αὐτὸ</span> <span class='ocrx_word' id='word_1_215' title='bbox 2950 1619 3187 1670; x_wconf 78' lang='grc' dir='ltr'>κελεύει³</span> <span class='ocrx_word' id='word_1_216' title='bbox 3242 1619 3334 1672; x_wconf 82' lang='grc' dir='ltr'><strong>καί</strong></span> <span class='ocrx_word' id='word_1_217' title='bbox 3368 1635 3550 1686; x_wconf 79' lang='grc' dir='ltr'>φησιν,</span> <span class='ocrx_word' id='word_1_218' title='bbox 3583 1617 3676 1670; x_wconf 73' lang='grc' dir='ltr'>ἐὰν</span> <span class='ocrx_word' id='word_1_219' title='bbox 3717 1615 3858 1682; x_wconf 79' lang='grc' dir='ltr'>χρήο</span> 
     </span>
    </p>
   </div>
   <div class='ocr_carea' id='block_1_31' title="bbox 2312 1706 3855 1775">
    <p class='ocr_par' dir='ltr' id='par_1_31' title="bbox 2312 1706 3855 1775">
     <span class='ocr_line' id='line_1_31' title="bbox 2312 1706 3855 1775; baseline 0 -19"><span class='ocrx_word' id='word_1_220' title='bbox 2312 1722 2454 1770; x_wconf 90' lang='grc' dir='ltr'>ματα</span> <span class='ocrx_word' id='word_1_221' title='bbox 2488 1706 2605 1774; x_wconf 75' lang='grc' dir='ltr'>ἦτοι</span> <span class='ocrx_word' id='word_1_222' title='bbox 2641 1708 2949 1775; x_wconf 88' lang='grc' dir='ltr'>νομίσματα</span> <span class='ocrx_word' id='word_1_223' title='bbox 2983 1707 3054 1774; x_wconf 80' lang='grc' dir='ltr'>δῷ</span> <span class='ocrx_word' id='word_1_224' title='bbox 3082 1709 3339 1775; x_wconf 73' lang='grc' dir='ltr'>κληρικὸς</span> <span class='ocrx_word' id='word_1_225' title='bbox 3369 1709 3425 1758; x_wconf 81' lang='grc' dir='ltr'>ὲν</span> <span class='ocrx_word' id='word_1_226' title='bbox 3450 1707 3660 1774; x_wconf 83' lang='grc' dir='ltr'>χρήσει,</span> <span class='ocrx_word' id='word_1_227' title='bbox 3686 1706 3855 1773; x_wconf 72' lang='grc' dir='ltr'>ἤγουν</span> 
     </span>
    </p>
   </div>
   <div class='ocr_carea' id='block_1_32' title="bbox 663 1769 2210 1864">
    <p class='ocr_par' dir='ltr' id='par_1_32' title="bbox 663 1785 2208 1862">
     <span class='ocr_line' id='line_1_32' title="bbox 663 1785 2208 1862; baseline 0.012 -31"><span class='ocrx_word' id='word_1_228' title='bbox 663 1792 784 1834; x_wconf 89' lang='lat' dir='ltr'><strong>esse</strong></span> <span class='ocrx_word' id='word_1_229' title='bbox 814 1785 1078 1838; x_wconf 87' lang='lat' dir='ltr'><strong>decernit.</strong></span> <span class='ocrx_word' id='word_1_230' title='bbox 1121 1788 1193 1841; x_wconf 90' lang='lat' dir='ltr'><strong>De</strong></span> <span class='ocrx_word' id='word_1_231' title='bbox 1221 1789 1402 1844; x_wconf 79' lang='lat' dir='ltr'><strong>fenore</strong></span> <span class='ocrx_word' id='word_1_232' title='bbox 1439 1809 1599 1862; x_wconf 91' lang='lat' dir='ltr'><strong>porro</strong></span> <span class='ocrx_word' id='word_1_233' title='bbox 1627 1811 1653 1846; x_wconf 87' lang='lat' dir='ltr'><strong>a</strong></span> <span class='ocrx_word' id='word_1_234' title='bbox 1686 1797 1895 1849; x_wconf 90' lang='lat' dir='ltr'><strong>clericis</strong></span> <span class='ocrx_word' id='word_1_235' title='bbox 1922 1812 2021 1850; x_wconf 89' lang='lat' dir='ltr'><strong>non</strong></span> <span class='ocrx_word' id='word_1_236' title='bbox 2052 1813 2208 1849; x_wconf 79' lang='lat' dir='ltr'><strong>exer-</strong></span> 
     </span>
    </p>
   </div>
   <div class='ocr_carea' id='block_1_33' title="bbox 2315 1769 3858 1864">
    <p class='ocr_par' dir='ltr' id='par_1_33' title="bbox 2315 1769 3858 1864">
     <span class='ocr_line' id='line_1_33' title="bbox 2315 1769 3858 1864; baseline 0 -20"><span class='ocrx_word' id='word_1_237' title='bbox 2315 1769 2527 1864; x_wconf 68' lang='grc' dir='ltr'>δανείση</span> <span class='ocrx_word' id='word_1_238' title='bbox 2559 1796 2626 1845; x_wconf 76' lang='grc' dir='ltr'>τὰ</span> <span class='ocrx_word' id='word_1_239' title='bbox 2654 1769 2932 1864; x_wconf 72' lang='grc' dir='ltr'>χρήματα,</span> <span class='ocrx_word' id='word_1_240' title='bbox 2965 1769 3208 1848; x_wconf 70' lang='grc' dir='ltr'>τουτέστι</span> <span class='ocrx_word' id='word_1_241' title='bbox 3237 1769 3858 1863; x_wconf 13' lang='grc' dir='ltr'>τοσαῦτάῃληψεταινκαὶ</span> 
     </span>
    </p>
   </div>
   <div class='ocr_carea' id='block_1_34' title="bbox 664 1871 2208 1953">
    <p class='ocr_par' dir='ltr' id='par_1_34' title="bbox 664 1871 2208 1953">
     <span class='ocr_line' id='line_1_34' title="bbox 664 1871 2208 1953; baseline 0.01 -31"><span class='ocrx_word' id='word_1_242' title='bbox 664 1871 834 1924; x_wconf 88' lang='lat' dir='ltr'><strong>cendo</strong></span> <span class='ocrx_word' id='word_1_243' title='bbox 866 1875 1016 1927; x_wconf 88' lang='lat' dir='ltr'><strong>multi</strong></span> <span class='ocrx_word' id='word_1_244' title='bbox 1043 1892 1280 1932; x_wconf 89' lang='lat' dir='ltr'><strong>canones</strong></span> <span class='ocrx_word' id='word_1_245' title='bbox 1299 1891 1512 1935; x_wconf 81' lang='lat' dir='ltr'><strong>exstant</strong></span> <span class='ocrx_word' id='word_1_246' title='bbox 1542 1901 1555 1936; x_wconf 88' lang='lat'><strong>:</strong></span> <span class='ocrx_word' id='word_1_247' title='bbox 1600 1886 1846 1953; x_wconf 89' lang='lat' dir='ltr'><strong>idemque</strong></span> <span class='ocrx_word' id='word_1_248' title='bbox 1874 1886 1970 1938; x_wconf 90' lang='lat' dir='ltr'><strong>hoc</strong></span> <span class='ocrx_word' id='word_1_249' title='bbox 1996 1900 2208 1953; x_wconf 89' lang='lat' dir='ltr'><strong>quoque</strong></span> 
     </span>
    </p>
   </div>
   <div class='ocr_carea' id='block_1_35' title="bbox 666 1962 2206 2040">
    <p class='ocr_par' dir='ltr' id='par_1_35' title="bbox 666 1962 2206 2040">
     <span class='ocr_line' id='line_1_35' title="bbox 666 1962 2206 2040; baseline 0.009 -30"><span class='ocrx_word' id='word_1_250' title='bbox 666 1972 875 2012; x_wconf 80' lang='lat' dir='ltr'><strong>canone</strong></span> <span class='ocrx_word' id='word_1_251' title='bbox 905 1976 969 2014; x_wconf 90' lang='lat' dir='ltr'><strong>ne</strong></span> <span class='ocrx_word' id='word_1_252' title='bbox 995 1962 1147 2016; x_wconf 90' lang='lat' dir='ltr'><strong>liceat</strong></span> <span class='ocrx_word' id='word_1_253' title='bbox 1179 1969 1556 2033; x_wconf 88' lang='lat' dir='ltr'><strong>constitutum;</strong></span> <span class='ocrx_word' id='word_1_254' title='bbox 1581 1986 1644 2023; x_wconf 90' lang='lat' dir='ltr'><strong>ac</strong></span> <span class='ocrx_word' id='word_1_255' title='bbox 1674 1973 1718 2025; x_wconf 92' lang='lat' dir='ltr'><strong>si</strong></span> <span class='ocrx_word' id='word_1_256' title='bbox 1749 1973 1982 2039; x_wconf 90' lang='lat' dir='ltr'><strong>quidem,</strong></span> <span class='ocrx_word' id='word_1_257' title='bbox 2017 1973 2206 2040; x_wconf 87' lang='lat' dir='ltr'><strong>inquit,</strong></span> 
     </span>
    </p>
   </div>
   <div class='ocr_carea' id='block_1_36' title="bbox 666 2049 2206 2127">
    <p class='ocr_par' dir='ltr' id='par_1_36' title="bbox 666 2049 2206 2127">
     <span class='ocr_line' id='line_1_36' title="bbox 666 2049 2206 2127; baseline 0.01 -29"><span class='ocrx_word' id='word_1_258' title='bbox 666 2049 944 2113; x_wconf 89' lang='lat' dir='ltr'><strong>pecuniam</strong></span> <span class='ocrx_word' id='word_1_259' title='bbox 997 2064 1084 2104; x_wconf 90' lang='lat' dir='ltr'><strong>aut</strong></span> <span class='ocrx_word' id='word_1_260' title='bbox 1141 2069 1386 2111; x_wconf 90' lang='lat' dir='ltr'><strong>nummos</strong></span> <span class='ocrx_word' id='word_1_261' title='bbox 1436 2061 1659 2113; x_wconf 89' lang='lat' dir='ltr'><strong>utendos</strong></span> <span class='ocrx_word' id='word_1_262' title='bbox 1704 2062 1932 2127; x_wconf 89' lang='lat' dir='ltr'><strong>cuipiam</strong></span> <span class='ocrx_word' id='word_1_263' title='bbox 1981 2061 2206 2115; x_wconf 82' lang='lat' dir='ltr'><strong>clericus</strong></span> 
     </span>
    </p>
   </div>
   <div class='ocr_carea' id='block_1_37' title="bbox 663 2137 2204 2212">
    <p class='ocr_par' dir='ltr' id='par_1_37' title="bbox 663 2137 2204 2212">
     <span class='ocr_line' id='line_1_37' title="bbox 663 2137 2204 2212; baseline 0.01 -26"><span class='ocrx_word' id='word_1_264' title='bbox 663 2137 1013 2204; x_wconf 77' lang='lat' dir='ltr'><strong>concesserit,</strong></span> <span class='ocrx_word' id='word_1_265' title='bbox 1060 2144 1157 2196; x_wconf 89' lang='lat' dir='ltr'><strong>hoc</strong></span> <span class='ocrx_word' id='word_1_266' title='bbox 1185 2155 1286 2208; x_wconf 90' lang='lat' dir='ltr'><strong>est,</strong></span> <span class='ocrx_word' id='word_1_267' title='bbox 1325 2157 1539 2200; x_wconf 88' lang='lat' dir='ltr'><strong>mutuos</strong></span> <span class='ocrx_word' id='word_1_268' title='bbox 1562 2150 1791 2212; x_wconf 86' lang='lat' dir='ltr'><strong>dederit,</strong></span> <span class='ocrx_word' id='word_1_269' title='bbox 1841 2153 2055 2204; x_wconf 89' lang='lat' dir='ltr'><strong>totidem</strong></span> <span class='ocrx_word' id='word_1_270' title='bbox 2106 2152 2204 2204; x_wconf 86' lang='lat' dir='ltr'><strong>sibi</strong></span> 
     </span>
    </p>
   </div>
   <div class='ocr_carea' id='block_1_38' title="bbox 666 2228 2207 2301">
    <p class='ocr_par' dir='ltr' id='par_1_38' title="bbox 666 2228 2207 2301">
     <span class='ocr_line' id='line_1_38' title="bbox 666 2228 2207 2301; baseline 0.012 -25"><span class='ocrx_word' id='word_1_271' title='bbox 666 2228 922 2290; x_wconf 79' lang='lat' dir='ltr'><strong>vicissim,</strong></span> <span class='ocrx_word' id='word_1_272' title='bbox 955 2246 1050 2283; x_wconf 86' lang='lat' dir='ltr'><strong>nec</strong></span> <span class='ocrx_word' id='word_1_273' title='bbox 1080 2233 1257 2297; x_wconf 88' lang='lat' dir='ltr'><strong>plures</strong></span> <span class='ocrx_word' id='word_1_274' title='bbox 1294 2235 1398 2290; x_wconf 93' lang='lat' dir='ltr'><strong>ullo</strong></span> <span class='ocrx_word' id='word_1_275' title='bbox 1449 2239 1627 2301; x_wconf 91' lang='lat' dir='ltr'><strong>modo,</strong></span> <span class='ocrx_word' id='word_1_276' title='bbox 1678 2251 1829 2293; x_wconf 91' lang='lat' dir='ltr'><strong>curet</strong></span> <span class='ocrx_word' id='word_1_277' title='bbox 1870 2241 2162 2294; x_wconf 90' lang='lat' dir='ltr'><strong>reddendos</strong></span> <span class='ocrx_word' id='word_1_278' title='bbox 2194 2261 2207 2294; x_wconf 88' lang='lat'><strong>:</strong></span> 
     </span>
    </p>
   </div>
   <div class='ocr_carea' id='block_1_39' title="bbox 665 2315 2206 2396">
    <p class='ocr_par' dir='ltr' id='par_1_39' title="bbox 665 2315 2206 2396">
     <span class='ocr_line' id='line_1_39' title="bbox 665 2315 2206 2396; baseline 0.008 -29"><span class='ocrx_word' id='word_1_279' title='bbox 665 2315 708 2367; x_wconf 82' lang='lat' dir='ltr'><strong>si</strong></span> <span class='ocrx_word' id='word_1_280' title='bbox 743 2330 869 2368; x_wconf 89' lang='lat' dir='ltr'><strong>vero</strong></span> <span class='ocrx_word' id='word_1_281' title='bbox 901 2319 974 2371; x_wconf 80' lang='lat' dir='ltr'><strong>rei</strong></span> <span class='ocrx_word' id='word_1_282' title='bbox 1010 2322 1266 2386; x_wconf 89' lang='lat' dir='ltr'><strong>speciem,</strong></span> <span class='ocrx_word' id='word_1_283' title='bbox 1314 2324 1635 2380; x_wconf 79' lang='lat' dir='ltr'><strong>frumentum</strong></span> <span class='ocrx_word' id='word_1_284' title='bbox 1677 2329 1869 2396; x_wconf 89' lang='lat' dir='ltr'><strong>quippe</strong></span> <span class='ocrx_word' id='word_1_285' title='bbox 1893 2340 1984 2383; x_wconf 91' lang='lat' dir='ltr'><strong>aut</strong></span> <span class='ocrx_word' id='word_1_286' title='bbox 2009 2331 2206 2392; x_wconf 86' lang='lat' dir='ltr'><strong>vinum,</strong></span> 
     </span>
    </p>
   </div>
   <div class='ocr_carea' id='block_1_40' title="bbox 667 2403 2212 2486">
    <p class='ocr_par' dir='ltr' id='par_1_40' title="bbox 667 2403 2212 2486">
     <span class='ocr_line' id='line_1_40' title="bbox 667 2403 2212 2486; baseline 0.012 -33"><span class='ocrx_word' id='word_1_287' title='bbox 667 2414 759 2454; x_wconf 92' lang='lat' dir='ltr'><strong>aut</strong></span> <span class='ocrx_word' id='word_1_288' title='bbox 790 2403 1051 2469; x_wconf 84' lang='lat' dir='ltr'><strong>ejusmodi</strong></span> <span class='ocrx_word' id='word_1_289' title='bbox 1092 2412 1360 2477; x_wconf 88' lang='lat' dir='ltr'><strong>quidpiam</strong></span> <span class='ocrx_word' id='word_1_290' title='bbox 1399 2414 1620 2478; x_wconf 83' lang='lat' dir='ltr'><strong>dederit,</strong></span> <span class='ocrx_word' id='word_1_291' title='bbox 1658 2420 2009 2482; x_wconf 86' lang='lat' dir='ltr'><strong>tantumdem,</strong></span> <span class='ocrx_word' id='word_1_292' title='bbox 2041 2435 2212 2486; x_wconf 88' lang='lat' dir='ltr'><strong>quan-</strong></span> 
     </span>
    </p>
   </div>
   <div class='ocr_carea' id='block_1_41' title="bbox 668 2495 2208 2574">
    <p class='ocr_par' dir='ltr' id='par_1_41' title="bbox 668 2495 2208 2574">
     <span class='ocr_line' id='line_1_41' title="bbox 668 2495 2208 2574; baseline 0.012 -31"><span class='ocrx_word' id='word_1_293' title='bbox 668 2502 782 2544; x_wconf 89' lang='lat' dir='ltr'><strong>tum</strong></span> <span class='ocrx_word' id='word_1_294' title='bbox 819 2495 984 2558; x_wconf 78' lang='lat' dir='ltr'><strong>dedit,</strong></span> <span class='ocrx_word' id='word_1_295' title='bbox 1024 2513 1121 2550; x_wconf 91' lang='lat' dir='ltr'><strong>nec</strong></span> <span class='ocrx_word' id='word_1_296' title='bbox 1146 2499 1264 2565; x_wconf 87' lang='lat' dir='ltr'><strong>plus</strong></span> <span class='ocrx_word' id='word_1_297' title='bbox 1291 2501 1488 2568; x_wconf 80' lang='lat' dir='ltr'><strong>aliquid</strong></span> <span class='ocrx_word' id='word_1_298' title='bbox 1523 2504 1756 2557; x_wconf 83' lang='lat' dir='ltr'><strong>vicissim</strong></span> <span class='ocrx_word' id='word_1_299' title='bbox 1788 2508 2036 2574; x_wconf 84' lang='lat' dir='ltr'><strong>accipiat.</strong></span> <span class='ocrx_word' id='word_1_300' title='bbox 2076 2508 2208 2563; x_wconf 88' lang='lat' dir='ltr'><strong>Illud</strong></span> 
     </span>
    </p>
   </div>
   <div class='ocr_carea' id='block_1_42' title="bbox 665 2591 2201 2663">
    <p class='ocr_par' dir='ltr' id='par_1_42' title="bbox 665 2591 2201 2663">
     <span class='ocr_line' id='line_1_42' title="bbox 665 2591 2201 2663; baseline 0.01 -30"><span class='ocrx_word' id='word_1_301' title='bbox 665 2599 898 2651; x_wconf 86' lang='lat' dir='ltr'><strong>quoque,</strong></span> <span class='ocrx_word' id='word_1_302' title='bbox 955 2604 1020 2641; x_wconf 87' lang='lat' dir='ltr'><strong>ne</strong></span> <span class='ocrx_word' id='word_1_303' title='bbox 1088 2591 1318 2646; x_wconf 89' lang='lat' dir='ltr'><strong>minores</strong></span> <span class='ocrx_word' id='word_1_304' title='bbox 1389 2595 1626 2662; x_wconf 84' lang='lat' dir='ltr'><strong>quinque</strong></span> <span class='ocrx_word' id='word_1_305' title='bbox 1681 2605 1734 2647; x_wconf 91' lang='lat' dir='ltr'><strong>et</strong></span> <span class='ocrx_word' id='word_1_306' title='bbox 1794 2597 1976 2663; x_wconf 85' lang='lat' dir='ltr'><strong>viginti</strong></span> <span class='ocrx_word' id='word_1_307' title='bbox 2047 2597 2201 2650; x_wconf 83' lang='lat' dir='ltr'><strong>annis</strong></span> 
     </span>
    </p>
   </div>
   <div class='ocr_carea' id='block_1_43' title="bbox 668 2670 2206 2746">
    <p class='ocr_par' dir='ltr' id='par_1_43' title="bbox 668 2670 2206 2746">
     <span class='ocr_line' id='line_1_43' title="bbox 668 2670 2206 2746; baseline 0.011 -28"><span class='ocrx_word' id='word_1_308' title='bbox 668 2670 877 2724; x_wconf 78' lang='lat' dir='ltr'><strong>diaconi</strong></span> <span class='ocrx_word' id='word_1_309' title='bbox 913 2675 1199 2741; x_wconf 75' lang='lat' dir='ltr'><strong>eligantur,</strong></span> <span class='ocrx_word' id='word_1_310' title='bbox 1236 2685 1540 2746; x_wconf 88' lang='lat' dir='ltr'><strong>complures</strong></span> <span class='ocrx_word' id='word_1_311' title='bbox 1574 2683 1696 2734; x_wconf 90' lang='lat' dir='ltr'><strong>item</strong></span> <span class='ocrx_word' id='word_1_312' title='bbox 1747 2698 1981 2736; x_wconf 90' lang='lat' dir='ltr'><strong>canones</strong></span> <span class='ocrx_word' id='word_1_313' title='bbox 2021 2685 2206 2735; x_wconf 86' lang='lat' dir='ltr'><strong>decre-</strong></span> 
     </span>
    </p>
   </div>
   <div class='ocr_carea' id='block_1_44' title="bbox 668 2764 2206 2838">
    <p class='ocr_par' dir='ltr' id='par_1_44' title="bbox 668 2764 2206 2838">
     <span class='ocr_line' id='line_1_44' title="bbox 668 2764 2206 2838; baseline 0.012 -29"><span class='ocrx_word' id='word_1_314' title='bbox 668 2776 814 2818; x_wconf 72' lang='lat' dir='ltr'><strong>vere.</strong></span> <span class='ocrx_word' id='word_1_315' title='bbox 849 2764 1048 2818; x_wconf 87' lang='lat' dir='ltr'><strong>Deinde</strong></span> <span class='ocrx_word' id='word_1_316' title='bbox 1077 2768 1390 2832; x_wconf 79' lang='lat' dir='ltr'><strong>lectoribus,</strong></span> <span class='ocrx_word' id='word_1_317' title='bbox 1447 2788 1514 2824; x_wconf 91' lang='lat' dir='ltr'><strong>ne</strong></span> <span class='ocrx_word' id='word_1_318' title='bbox 1555 2774 1766 2838; x_wconf 84' lang='lat' dir='ltr'><strong>expleto</strong></span> <span class='ocrx_word' id='word_1_319' title='bbox 1811 2774 2111 2826; x_wconf 85' lang='lat' dir='ltr'><strong>ministerio</strong></span> <span class='ocrx_word' id='word_1_320' title='bbox 2147 2789 2206 2827; x_wconf 90' lang='lat' dir='ltr'><strong>se</strong></span> 
     </span>
    </p>
   </div>
   <div class='ocr_carea' id='block_1_45' title="bbox 668 2851 2207 2928">
    <p class='ocr_par' dir='ltr' id='par_1_45' title="bbox 668 2851 2207 2928">
     <span class='ocr_line' id='line_1_45' title="bbox 668 2851 2207 2928; baseline 0.01 -28"><span class='ocrx_word' id='word_1_321' title='bbox 668 2851 731 2902; x_wconf 89' lang='lat' dir='ltr'><strong>ad</strong></span> <span class='ocrx_word' id='word_1_322' title='bbox 788 2855 1039 2921; x_wconf 90' lang='lat' dir='ltr'><strong>populum</strong></span> <span class='ocrx_word' id='word_1_323' title='bbox 1095 2857 1358 2910; x_wconf 87' lang='lat' dir='ltr'><strong>salutandi</strong></span> <span class='ocrx_word' id='word_1_324' title='bbox 1425 2864 1592 2928; x_wconf 83' lang='lat' dir='ltr'><strong>gratia</strong></span> <span class='ocrx_word' id='word_1_325' title='bbox 1650 2872 1996 2926; x_wconf 85' lang='lat' dir='ltr'><strong>convertant,</strong></span> <span class='ocrx_word' id='word_1_326' title='bbox 2042 2863 2207 2915; x_wconf 89' lang='lat' dir='ltr'><strong>inter-</strong></span> 
     </span>
    </p>
   </div>
   <div class='ocr_carea' id='block_1_46' title="bbox 2313 1883 3855 1956">
    <p class='ocr_par' dir='ltr' id='par_1_46' title="bbox 2313 1883 3855 1956">
     <span class='ocr_line' id='line_1_46' title="bbox 2313 1883 3855 1956; baseline 0.003 -22"><span class='ocrx_word' id='word_1_327' title='bbox 2313 1885 2372 1935; x_wconf 76' lang='grc' dir='ltr'><strong>οὐ</strong></span> <span class='ocrx_word' id='word_1_328' title='bbox 2402 1884 2620 1936; x_wconf 83' lang='grc' dir='ltr'>πλείονα</span> <span class='ocrx_word' id='word_1_329' title='bbox 2642 1902 2654 1914; x_wconf 90' lang='grc'><strong>·</strong></span> <span class='ocrx_word' id='word_1_330' title='bbox 2696 1887 2790 1935; x_wconf 79' lang='grc' dir='ltr'><strong>ἐὰν</strong></span> <span class='ocrx_word' id='word_1_331' title='bbox 2834 1887 2887 1937; x_wconf 84' lang='grc' dir='ltr'>δὲ</span> <span class='ocrx_word' id='word_1_332' title='bbox 2917 1884 3056 1948; x_wconf 70' lang='grc' dir='ltr'>εἶδος</span> <span class='ocrx_word' id='word_1_333' title='bbox 3083 1889 3180 1954; x_wconf 80' lang='grc' dir='ltr'>δῷ,</span> <span class='ocrx_word' id='word_1_334' title='bbox 3213 1891 3356 1939; x_wconf 84' lang='grc' dir='ltr'>σῖτον</span> <span class='ocrx_word' id='word_1_335' title='bbox 3382 1888 3542 1955; x_wconf 72' lang='grc' dir='ltr'>τυχὸν</span> <span class='ocrx_word' id='word_1_336' title='bbox 3567 1888 3598 1956; x_wconf 82' lang='grc' dir='ltr'>ἢ</span> <span class='ocrx_word' id='word_1_337' title='bbox 3628 1883 3790 1948; x_wconf 75' lang='grc' dir='ltr'>οἶνον,</span> <span class='ocrx_word' id='word_1_338' title='bbox 3823 1888 3855 1953; x_wconf 81' lang='grc' dir='ltr'>ἢ</span> 
     </span>
    </p>
   </div>
   <div class='ocr_carea' id='block_1_47' title="bbox 2312 1974 3857 2045">
    <p class='ocr_par' dir='ltr' id='par_1_47' title="bbox 2312 1974 3857 2045">
     <span class='ocr_line' id='line_1_47' title="bbox 2312 1974 3857 2045; baseline 0.001 -21"><span class='ocrx_word' id='word_1_339' title='bbox 2312 1974 2496 2041; x_wconf 77' lang='grc' dir='ltr'>ἕτερόν</span> <span class='ocrx_word' id='word_1_340' title='bbox 2528 1992 2579 2024; x_wconf 91' lang='grc' dir='ltr'><strong>τι</strong></span> <span class='ocrx_word' id='word_1_341' title='bbox 2613 1975 2873 2037; x_wconf 79' lang='grc' dir='ltr'>τοιοῦτον,</span> <span class='ocrx_word' id='word_1_342' title='bbox 2924 1979 3047 2028; x_wconf 81' lang='grc' dir='ltr'>ὅσον</span> <span class='ocrx_word' id='word_1_343' title='bbox 3101 1977 3286 2041; x_wconf 78' lang='grc' dir='ltr'>ἔδωκε,</span> <span class='ocrx_word' id='word_1_344' title='bbox 3343 1977 3592 2045; x_wconf 76' lang='grc' dir='ltr'>λήψεται,</span> <span class='ocrx_word' id='word_1_345' title='bbox 3643 1977 3738 2030; x_wconf 75' lang='grc' dir='ltr'><strong>καὶ</strong></span> <span class='ocrx_word' id='word_1_346' title='bbox 3797 1976 3857 2026; x_wconf 85' lang='grc' dir='ltr'>οὗ</span> 
     </span>
    </p>
   </div>
   <div class='ocr_carea' id='block_1_48' title="bbox 2312 2062 3854 2135">
    <p class='ocr_par' dir='ltr' id='par_1_48' title="bbox 2312 2062 3854 2135">
     <span class='ocr_line' id='line_1_48' title="bbox 2312 2062 3854 2135; baseline 0.001 -22"><span class='ocrx_word' id='word_1_347' title='bbox 2312 2062 2490 2114; x_wconf 87' lang='grc' dir='ltr'>πλέον.</span> <span class='ocrx_word' id='word_1_348' title='bbox 2525 2065 2631 2114; x_wconf 72' lang='grc' dir='ltr'><strong>Καὶ</strong></span> <span class='ocrx_word' id='word_1_349' title='bbox 2675 2065 2734 2115; x_wconf 83' lang='grc' dir='ltr'><strong>τὸ</strong></span> <span class='ocrx_word' id='word_1_350' title='bbox 2769 2067 2873 2132; x_wconf 75' lang='grc' dir='ltr'><strong>πρὸ</strong></span> <span class='ocrx_word' id='word_1_351' title='bbox 2908 2067 3352 2135; x_wconf 73' lang='grc' dir='ltr'>συμπληριὺσεως</span> <span class='ocrx_word' id='word_1_352' title='bbox 3383 2074 3456 2117; x_wconf 84' lang='grc' dir='ltr'>κε’</span> <span class='ocrx_word' id='word_1_353' title='bbox 3487 2067 3746 2118; x_wconf 70' lang='grc' dir='ltr'>ἐνιαυτῶν</span> <span class='ocrx_word' id='word_1_354' title='bbox 3779 2067 3854 2134; x_wconf 83' lang='grc' dir='ltr'><strong>μὴ</strong></span> 
     </span>
    </p>
   </div>
   <div class='ocr_carea' id='block_1_49' title="bbox 2312 2152 3849 2224">
    <p class='ocr_par' dir='ltr' id='par_1_49' title="bbox 2312 2152 3849 2224">
     <span class='ocr_line' id='line_1_49' title="bbox 2312 2152 3849 2224; baseline 0.004 -23"><span class='ocrx_word' id='word_1_355' title='bbox 2312 2152 2730 2219; x_wconf 78' lang='grc' dir='ltr'>χειροτονεῖσθαι</span> <span class='ocrx_word' id='word_1_356' title='bbox 2764 2155 3028 2210; x_wconf 85' lang='grc' dir='ltr'>διάκονον.</span> <span class='ocrx_word' id='word_1_357' title='bbox 3053 2157 3330 2222; x_wconf 73' lang='grc' dir='ltr'>διαφόροις</span> <span class='ocrx_word' id='word_1_358' title='bbox 3359 2157 3574 2208; x_wconf 81' lang='grc' dir='ltr'>κανόσιν</span> <span class='ocrx_word' id='word_1_359' title='bbox 3596 2156 3849 2224; x_wconf 77' lang='grc' dir='ltr'>ὦρισιαι.</span> 
     </span>
    </p>
   </div>
   <div class='ocr_carea' id='block_1_50' title="bbox 2325 2242 3852 2313">
    <p class='ocr_par' dir='ltr' id='par_1_50' title="bbox 2325 2242 3852 2313">
     <span class='ocr_line' id='line_1_50' title="bbox 2325 2242 3852 2313; baseline 0.004 -23"><span class='ocrx_word' id='word_1_360' title='bbox 2325 2242 2718 2308; x_wconf 82' lang='grc' dir='ltr'>Ἀπηγόρευται</span> <span class='ocrx_word' id='word_1_361' title='bbox 2772 2244 2827 2296; x_wconf 78' lang='grc' dir='ltr'><strong>δὲ</strong></span> <span class='ocrx_word' id='word_1_362' title='bbox 2856 2248 2966 2305; x_wconf 82' lang='grc' dir='ltr'>τοῖς</span> <span class='ocrx_word' id='word_1_363' title='bbox 3017 2246 3389 2312; x_wconf 80' lang='grc' dir='ltr'>άναγνώσταις</span> <span class='ocrx_word' id='word_1_364' title='bbox 3419 2249 3475 2298; x_wconf 75' lang='grc' dir='ltr'>ὲν</span> <span class='ocrx_word' id='word_1_365' title='bbox 3507 2246 3582 2313; x_wconf 81' lang='grc' dir='ltr'>τῷ</span> <span class='ocrx_word' id='word_1_366' title='bbox 3612 2244 3852 2312; x_wconf 78' lang='grc' dir='ltr'>πληροῦν</span> 
     </span>
    </p>
   </div>
   <div class='ocr_carea' id='block_1_51' title="bbox 2312 2329 3857 2406">
    <p class='ocr_par' dir='ltr' id='par_1_51' title="bbox 2312 2329 3857 2406">
     <span class='ocr_line' id='line_1_51' title="bbox 2312 2329 3857 2406; baseline 0.006 -26"><span class='ocrx_word' id='word_1_367' title='bbox 2312 2330 2407 2397; x_wconf 81' lang='grc' dir='ltr'>τὴν</span> <span class='ocrx_word' id='word_1_368' title='bbox 2444 2329 2719 2385; x_wconf 80' lang='grc' dir='ltr'>διακονίαν</span> <span class='ocrx_word' id='word_1_369' title='bbox 2761 2336 2937 2386; x_wconf 76' lang='grc' dir='ltr'>αὐτῶν</span> <span class='ocrx_word' id='word_1_370' title='bbox 2975 2337 3297 2406; x_wconf 80' lang='grc' dir='ltr'>στρέφεσθαι</span> <span class='ocrx_word' id='word_1_371' title='bbox 3335 2337 3469 2405; x_wconf 78' lang='grc' dir='ltr'>πρὸς</span> <span class='ocrx_word' id='word_1_372' title='bbox 3517 2338 3607 2389; x_wconf 74' lang='grc' dir='ltr'>τὸν</span> <span class='ocrx_word' id='word_1_373' title='bbox 3662 2335 3857 2406; x_wconf 79' lang='grc' dir='ltr'>δῆμον.</span> 
     </span>
    </p>
   </div>
   <div class='ocr_carea' id='block_1_52' title="bbox 2313 2420 3859 2495">
    <p class='ocr_par' dir='ltr' id='par_1_52' title="bbox 2313 2420 3859 2495">
     <span class='ocr_line' id='line_1_52' title="bbox 2313 2420 3859 2495; baseline 0.005 -27"><span class='ocrx_word' id='word_1_374' title='bbox 2313 2420 2406 2469; x_wconf 81' lang='grc' dir='ltr'><strong>καὶ</strong></span> <span class='ocrx_word' id='word_1_375' title='bbox 2435 2426 2782 2486; x_wconf 81' lang='grc' dir='ltr'>προσκυνεῖν.</span> <span class='ocrx_word' id='word_1_376' title='bbox 2833 2425 3032 2486; x_wconf 83' lang='grc' dir='ltr'>Μόνοις</span> <span class='ocrx_word' id='word_1_377' title='bbox 3061 2427 3167 2494; x_wconf 76' lang='grc' dir='ltr'>γὰρ</span> <span class='ocrx_word' id='word_1_378' title='bbox 3201 2432 3309 2486; x_wconf 83' lang='grc' dir='ltr'>τοῖς</span> <span class='ocrx_word' id='word_1_379' title='bbox 3365 2428 3680 2495; x_wconf 82' lang='grc' dir='ltr'>ἀρχιερεῦσι</span> <span class='ocrx_word' id='word_1_380' title='bbox 3737 2427 3859 2477; x_wconf 89' lang='grc' dir='ltr'>τότε</span> 
     </span>
    </p>
   </div>
   <div class='ocr_carea' id='block_1_53' title="bbox 2315 2509 3862 2584">
    <p class='ocr_par' dir='ltr' id='par_1_53' title="bbox 2315 2509 3862 2584">
     <span class='ocr_line' id='line_1_53' title="bbox 2315 2509 3862 2584; baseline 0.004 -25"><span class='ocrx_word' id='word_1_381' title='bbox 2315 2509 2536 2570; x_wconf 74' lang='grc' dir='ltr'>καὶτοῖς</span> <span class='ocrx_word' id='word_1_382' title='bbox 2576 2512 2814 2579; x_wconf 81' lang='grc' dir='ltr'>ἱερεῦσιν</span> <span class='ocrx_word' id='word_1_383' title='bbox 2843 2515 3112 2579; x_wconf 79' lang='grc' dir='ltr'>ὀφείλουσι</span> <span class='ocrx_word' id='word_1_384' title='bbox 3139 2519 3479 2584; x_wconf 84' lang='grc' dir='ltr'>προσκυνεῖν,</span> <span class='ocrx_word' id='word_1_385' title='bbox 3519 2520 3608 2568; x_wconf 75' lang='grc' dir='ltr'><strong>καὶ</strong></span> <span class='ocrx_word' id='word_1_386' title='bbox 3631 2517 3750 2584; x_wconf 66' lang='grc' dir='ltr'>οὐχ).</span> <span class='ocrx_word' id='word_1_387' title='bbox 3783 2519 3862 2583; x_wconf 75' lang='grc' dir='ltr'><strong>τῷ</strong></span> 
     </span>
    </p>
   </div>
   <div class='ocr_carea' id='block_1_54' title="bbox 2315 2599 3861 2676">
    <p class='ocr_par' dir='ltr' id='par_1_54' title="bbox 2315 2599 3861 2676">
     <span class='ocr_line' id='line_1_54' title="bbox 2315 2599 3861 2676; baseline 0.006 -28"><span class='ocrx_word' id='word_1_388' title='bbox 2315 2599 2506 2666; x_wconf 84' lang='grc' dir='ltr'>πλήθει</span> <span class='ocrx_word' id='word_1_389' title='bbox 2547 2602 2654 2651; x_wconf 82' lang='grc' dir='ltr'><strong>τῶν</strong></span> <span class='ocrx_word' id='word_1_390' title='bbox 2685 2605 2742 2652; x_wconf 84' lang='grc' dir='ltr'>ὲν</span> <span class='ocrx_word' id='word_1_391' title='bbox 2770 2607 2836 2670; x_wconf 83' lang='grc' dir='ltr'>τῇ</span> <span class='ocrx_word' id='word_1_392' title='bbox 2882 2604 3176 2674; x_wconf 78' lang='grc' dir='ltr'>Ἐκκλησία</span> <span class='ocrx_word' id='word_1_393' title='bbox 3236 2608 3746 2676; x_wconf 77' lang='grc' dir='ltr'>συναθροιζομένων.</span> <span class='ocrx_word' id='word_1_394' title='bbox 3797 2611 3861 2660; x_wconf 79' lang='grc' dir='ltr'><strong>Οἱ</strong></span> 
     </span>
    </p>
   </div>
   <div class='ocr_carea' id='block_1_55' title="bbox 2316 2689 3861 2767">
    <p class='ocr_par' dir='ltr' id='par_1_55' title="bbox 2316 2689 3861 2767">
     <span class='ocr_line' id='line_1_55' title="bbox 2316 2689 3861 2767; baseline 0.008 -30"><span class='ocrx_word' id='word_1_395' title='bbox 2316 2689 2413 2754; x_wconf 81' lang='grc' dir='ltr'><strong>μὲν</strong></span> <span class='ocrx_word' id='word_1_396' title='bbox 2437 2690 2545 2756; x_wconf 83' lang='grc' dir='ltr'>γὰρ</span> <span class='ocrx_word' id='word_1_397' title='bbox 2574 2691 2843 2759; x_wconf 84' lang='grc' dir='ltr'>ίέρωνται,</span> <span class='ocrx_word' id='word_1_398' title='bbox 2873 2697 2922 2745; x_wconf 83' lang='lat' dir='ltr'><strong>oi</strong></span> <span class='ocrx_word' id='word_1_399' title='bbox 2952 2697 3008 2746; x_wconf 82' lang='grc' dir='ltr'>δὲ</span> <span class='ocrx_word' id='word_1_400' title='bbox 3034 2697 3125 2747; x_wconf 80' lang='grc' dir='ltr'>τοῦ</span> <span class='ocrx_word' id='word_1_401' title='bbox 3157 2698 3324 2766; x_wconf 82' lang='grc' dir='ltr'>δήμου</span> <span class='ocrx_word' id='word_1_402' title='bbox 3362 2699 3547 2767; x_wconf 71' lang='grc' dir='ltr'>πόρρω</span> <span class='ocrx_word' id='word_1_403' title='bbox 3577 2701 3672 2767; x_wconf 81' lang='grc' dir='ltr'><strong>τῆς</strong></span> <span class='ocrx_word' id='word_1_404' title='bbox 3705 2702 3861 2766; x_wconf 80' lang='grc' dir='ltr'>ίερω-</span> 
     </span>
    </p>
   </div>
   <div class='ocr_carea' id='block_1_56' title="bbox 2319 2777 3862 2854">
    <p class='ocr_par' dir='ltr' id='par_1_56' title="bbox 2319 2777 3862 2854">
     <span class='ocr_line' id='line_1_56' title="bbox 2319 2777 3862 2854; baseline 0.009 -28"><span class='ocrx_word' id='word_1_405' title='bbox 2319 2777 2482 2844; x_wconf 86' lang='grc' dir='ltr'>σύνης</span> <span class='ocrx_word' id='word_1_406' title='bbox 2511 2780 2640 2843; x_wconf 74' lang='grc' dir='ltr'>εἰσὶ,</span> <span class='ocrx_word' id='word_1_407' title='bbox 2679 2786 2770 2834; x_wconf 81' lang='grc' dir='ltr'><strong>καὶ</strong></span> <span class='ocrx_word' id='word_1_408' title='bbox 2805 2786 3004 2850; x_wconf 82' lang='grc' dir='ltr'>μᾶλλον</span> <span class='ocrx_word' id='word_1_409' title='bbox 3035 2787 3295 2854; x_wconf 76' lang='grc' dir='ltr'>τιμᾶσθαι</span> <span class='ocrx_word' id='word_1_410' title='bbox 3325 2787 3460 2854; x_wconf 83' lang='grc' dir='ltr'>δέον,</span> <span class='ocrx_word' id='word_1_411' title='bbox 3494 2787 3777 2840; x_wconf 70' lang='grc' dir='ltr'>καὶταῦτα</span> <span class='ocrx_word' id='word_1_412' title='bbox 3803 2789 3862 2840; x_wconf 79' lang='grc' dir='ltr'>ἐν</span> 
     </span>
    </p>
   </div>
   <div class='ocr_carea' id='block_1_57' title="bbox 2314 2867 3159 2940">
    <p class='ocr_par' dir='ltr' id='par_1_57' title="bbox 2314 2867 3159 2940">
     <span class='ocr_line' id='line_1_57' title="bbox 2314 2867 3159 2940; baseline 0.019 -27"><span class='ocrx_word' id='word_1_413' title='bbox 2314 2867 2488 2935; x_wconf 88' lang='grc' dir='ltr'>καιρῷ</span> <span class='ocrx_word' id='word_1_414' title='bbox 2515 2871 2610 2938; x_wconf 82' lang='grc' dir='ltr'>τῆς</span> <span class='ocrx_word' id='word_1_415' title='bbox 2633 2871 2937 2940; x_wconf 85' lang='grc' dir='ltr'>ὑπουργίας</span> <span class='ocrx_word' id='word_1_416' title='bbox 2964 2877 3159 2929; x_wconf 81' lang='grc' dir='ltr'>αὐτῶν.</span> 
     </span>
    </p>
   </div>
   <div class='ocr_carea' id='block_1_58' title="bbox 669 2943 3860 3040">
    <p class='ocr_par' dir='ltr' id='par_1_58' title="bbox 669 2943 3860 3040">
     <span class='ocr_line' id='line_1_58' title="bbox 669 2943 3860 3040; baseline 0.009 -45"><span class='ocrx_word' id='word_1_417' title='bbox 669 2943 891 2996; x_wconf 92' lang='lat' dir='ltr'><strong>dictum.</strong></span> <span class='ocrx_word' id='word_1_418' title='bbox 926 2947 1080 3001; x_wconf 90' lang='lat' dir='ltr'><strong>Solos</strong></span> <span class='ocrx_word' id='word_1_419' title='bbox 1108 2966 1334 3018; x_wconf 81' lang='lat' dir='ltr'><strong>namque</strong></span> <span class='ocrx_word' id='word_1_420' title='bbox 1360 2968 1423 3006; x_wconf 86' lang='lat' dir='ltr'><strong>eo</strong></span> <span class='ocrx_word' id='word_1_421' title='bbox 1455 2964 1691 3022; x_wconf 87' lang='lat' dir='ltr'><strong>tempore</strong></span> <span class='ocrx_word' id='word_1_422' title='bbox 1715 2958 1983 3009; x_wconf 82' lang='lat' dir='ltr'><strong>antistites</strong></span> <span class='ocrx_word' id='word_1_423' title='bbox 2006 2962 2073 3021; x_wconf 28' lang='lat' dir='ltr'><strong>flet</strong></span> <span class='ocrx_word' id='word_1_424' title='bbox 2115 2956 2572 3024; x_wconf 86' lang='lat' dir='ltr'><strong>sacerdotes,non</strong></span> <span class='ocrx_word' id='word_1_425' title='bbox 2625 2981 3000 3040; x_wconf 84' lang='lat' dir='ltr'><strong>congregatam</strong></span> <span class='ocrx_word' id='word_1_426' title='bbox 3065 2976 3114 3025; x_wconf 91' lang='lat' dir='ltr'><strong>in</strong></span> <span class='ocrx_word' id='word_1_427' title='bbox 3172 2974 3392 3027; x_wconf 82' lang='lat' dir='ltr'><strong>ecclesia</strong></span> <span class='ocrx_word' id='word_1_428' title='bbox 3447 2975 3860 3030; x_wconf 85' lang='lat' dir='ltr'><strong>multitudinem.</strong></span> 
     </span>
    </p>
   </div>
   <div class='ocr_carea' id='block_1_59' title="bbox 669 3034 3867 3130">
    <p class='ocr_par' dir='ltr' id='par_1_59' title="bbox 669 3034 3867 3130">
     <span class='ocr_line' id='line_1_59' title="bbox 669 3034 3867 3130; baseline 0.01 -48"><span class='ocrx_word' id='word_1_429' title='bbox 669 3034 735 3083; x_wconf 89' lang='lat' dir='ltr'><strong>ab</strong></span> <span class='ocrx_word' id='word_1_430' title='bbox 786 3035 852 3086; x_wconf 91' lang='lat' dir='ltr'><strong>iis</strong></span> <span class='ocrx_word' id='word_1_431' title='bbox 906 3038 1125 3089; x_wconf 87' lang='lat' dir='ltr'><strong>salutari</strong></span> <span class='ocrx_word' id='word_1_432' title='bbox 1169 3037 1248 3089; x_wconf 81' lang='lat' dir='ltr'><strong>fas</strong></span> <span class='ocrx_word' id='word_1_433' title='bbox 1294 3049 1392 3092; x_wconf 85' lang='lat' dir='ltr'><strong>est.</strong></span> <span class='ocrx_word' id='word_1_434' title='bbox 1446 3041 1547 3108; x_wconf 90' lang='lat' dir='ltr'><strong>Ipsi</strong></span> <span class='ocrx_word' id='word_1_435' title='bbox 1601 3045 1741 3095; x_wconf 90' lang='lat' dir='ltr'><strong>enim</strong></span> <span class='ocrx_word' id='word_1_436' title='bbox 1793 3045 1986 3096; x_wconf 86' lang='lat' dir='ltr'><strong>sacrati</strong></span> <span class='ocrx_word' id='word_1_437' title='bbox 2040 3053 2198 3102; x_wconf 86' lang='lat' dir='ltr'><strong>sunt,</strong></span> <span class='ocrx_word' id='word_1_438' title='bbox 2240 3046 2521 3102; x_wconf 92' lang='lat' dir='ltr'><strong>multitudo</strong></span> <span class='ocrx_word' id='word_1_439' title='bbox 2553 3067 2678 3108; x_wconf 90' lang='lat' dir='ltr'><strong>vero</strong></span> <span class='ocrx_word' id='word_1_440' title='bbox 2711 3034 2946 3113; x_wconf 34' lang='lat' dir='ltr'><strong>avsacris</strong></span> <span class='ocrx_word' id='word_1_441' title='bbox 2999 3062 3275 3115; x_wconf 87' lang='lat' dir='ltr'><strong>ordinibus</strong></span> <span class='ocrx_word' id='word_1_442' title='bbox 3353 3065 3509 3130; x_wconf 89' lang='lat' dir='ltr'><strong>longo</strong></span> <span class='ocrx_word' id='word_1_443' title='bbox 3587 3065 3867 3120; x_wconf 83' lang='lat' dir='ltr'><strong>intervallo</strong></span> 
     </span>
    </p>
   </div>
   <div class='ocr_carea' id='block_1_60' title="bbox 668 3121 3866 3205">
    <p class='ocr_par' dir='ltr' id='par_1_60' title="bbox 668 3121 3866 3205">
     <span class='ocr_line' id='line_1_60' title="bbox 668 3121 3866 3205; baseline 0.009 -32"><span class='ocrx_word' id='word_1_444' title='bbox 668 3121 930 3188; x_wconf 87' lang='lat' dir='ltr'><strong>disjnncta</strong></span> <span class='ocrx_word' id='word_1_445' title='bbox 963 3142 976 3176; x_wconf 90' lang='lat'><strong>:</strong></span> <span class='ocrx_word' id='word_1_446' title='bbox 1008 3134 1062 3178; x_wconf 90' lang='lat' dir='ltr'><strong>ut</strong></span> <span class='ocrx_word' id='word_1_447' title='bbox 1092 3127 1311 3191; x_wconf 84' lang='lat' dir='ltr'><strong>proinde</strong></span> <span class='ocrx_word' id='word_1_448' title='bbox 1340 3129 1403 3182; x_wconf 89' lang='lat' dir='ltr'><strong>iis</strong></span> <span class='ocrx_word' id='word_1_449' title='bbox 1430 3131 1604 3196; x_wconf 91' lang='lat' dir='ltr'><strong>potius</strong></span> <span class='ocrx_word' id='word_1_450' title='bbox 1640 3147 1667 3183; x_wconf 88' lang='lat' dir='ltr'><strong>a</strong></span> <span class='ocrx_word' id='word_1_451' title='bbox 1715 3133 1904 3200; x_wconf 91' lang='lat' dir='ltr'><strong>populo</strong></span> <span class='ocrx_word' id='word_1_452' title='bbox 1937 3132 2191 3185; x_wconf 83' lang='lat' dir='ltr'><strong>honorem</strong></span> <span class='ocrx_word' id='word_1_453' title='bbox 2225 3129 2489 3200; x_wconf 82' lang='lat' dir='ltr'><strong>exhiberi,</strong></span> <span class='ocrx_word' id='word_1_454' title='bbox 2527 3145 2822 3205; x_wconf 66' lang='lat' dir='ltr'><strong>prmsertim</strong></span> <span class='ocrx_word' id='word_1_455' title='bbox 2863 3147 2986 3199; x_wconf 90' lang='lat' dir='ltr'><strong>dum</strong></span> <span class='ocrx_word' id='word_1_456' title='bbox 3047 3149 3098 3200; x_wconf 91' lang='lat' dir='ltr'><strong>in</strong></span> <span class='ocrx_word' id='word_1_457' title='bbox 3164 3149 3243 3201; x_wconf 88' lang='lat' dir='ltr'><strong>sui</strong></span> <span class='ocrx_word' id='word_1_458' title='bbox 3307 3149 3585 3202; x_wconf 86' lang='lat' dir='ltr'><strong>ministerii</strong></span> <span class='ocrx_word' id='word_1_459' title='bbox 3632 3150 3866 3204; x_wconf 83' lang='lat' dir='ltr'><strong>functio-</strong></span> 
     </span>
    </p>
   </div>
   <div class='ocr_carea' id='block_1_61' title="bbox 670 3214 1418 3282">
    <p class='ocr_par' dir='ltr' id='par_1_61' title="bbox 670 3214 1418 3282">
     <span class='ocr_line' id='line_1_61' title="bbox 670 3214 1418 3282; baseline 0.011 -20"><span class='ocrx_word' id='word_1_460' title='bbox 670 3214 826 3267; x_wconf 85' lang='lat' dir='ltr'><strong>nibus</strong></span> <span class='ocrx_word' id='word_1_461' title='bbox 858 3225 1153 3274; x_wconf 88' lang='lat' dir='ltr'><strong>versantur,</strong></span> <span class='ocrx_word' id='word_1_462' title='bbox 1179 3228 1418 3282; x_wconf 85' lang='lat' dir='ltr'><strong>oporteat</strong></span> 
     </span>
    </p>
   </div>
   <div class='ocr_carea' id='block_1_62' title="bbox 669 3303 2210 3389">
    <p class='ocr_par' dir='ltr' id='par_1_62' title="bbox 669 3303 2210 3376">
     <span class='ocr_line' id='line_1_62' title="bbox 669 3303 2210 3376; baseline 0.01 -22"><span class='ocrx_word' id='word_1_463' title='bbox 669 3303 892 3355; x_wconf 75' lang='lat' dir='ltr'><strong>ARIST.</strong></span> <span class='ocrx_word' id='word_1_464' title='bbox 945 3323 962 3353; x_wconf 83' lang='grc' dir='ltr'><strong>ι</strong></span> <span class='ocrx_word' id='word_1_465' title='bbox 996 3306 1308 3371; x_wconf 76' lang='lat' dir='ltr'><strong>Episcopus,</strong></span> <span class='ocrx_word' id='word_1_466' title='bbox 1360 3309 1659 3376; x_wconf 77' lang='lat' dir='ltr'><strong>presbyter,</strong></span> <span class='ocrx_word' id='word_1_467' title='bbox 1704 3321 1752 3362; x_wconf 83' lang='lat' dir='ltr'><strong>et</strong></span> <span class='ocrx_word' id='word_1_468' title='bbox 1800 3311 2056 3367; x_wconf 88' lang='lat' dir='ltr'><strong>diaconus</strong></span> <span class='ocrx_word' id='word_1_469' title='bbox 2112 3333 2210 3371; x_wconf 88' lang='lat' dir='ltr'><strong>non</strong></span> 
     </span>
    </p>
   </div>
   <div class='ocr_carea' id='block_1_63' title="bbox 2315 3303 3862 3389">
    <p class='ocr_par' dir='ltr' id='par_1_63' title="bbox 2320 3319 3862 3389">
     <span class='ocr_line' id='line_1_63' title="bbox 2320 3319 3862 3389; baseline 0.003 -17"><span class='ocrx_word' id='word_1_470' title='bbox 2320 3320 2539 3372; x_wconf 83' lang='grc' dir='ltr'><strong>ΑΡΙΣΤ.</strong></span> <span class='ocrx_word' id='word_1_471' title='bbox 2581 3338 2599 3369; x_wconf 81' lang='grc' dir='ltr'><strong>ι</strong></span> <span class='ocrx_word' id='word_1_472' title='bbox 2639 3319 2985 3381; x_wconf 83' lang='grc' dir='ltr'>Ἐπίσκοπος,</span> <span class='ocrx_word' id='word_1_473' title='bbox 3029 3320 3413 3389; x_wconf 77' lang='grc' dir='ltr'>πρεσϐύτερος,</span> <span class='ocrx_word' id='word_1_474' title='bbox 3474 3325 3564 3375; x_wconf 74' lang='grc' dir='ltr'><strong>καὶ</strong></span> <span class='ocrx_word' id='word_1_475' title='bbox 3597 3323 3862 3386; x_wconf 83' lang='grc' dir='ltr'>διάκονος,</span> 
     </span>
    </p>
   </div>
   <div class='ocr_carea' id='block_1_64' title="bbox 747 3392 2214 3466">
    <p class='ocr_par' dir='ltr' id='par_1_64' title="bbox 747 3392 2214 3466">
     <span class='ocr_line' id='line_1_64' title="bbox 747 3392 2214 3466; baseline 0.014 -27"><span class='ocrx_word' id='word_1_476' title='bbox 747 3409 763 3439; x_wconf 81' lang='grc' dir='ltr'><strong>ι</strong></span> <span class='ocrx_word' id='word_1_477' title='bbox 805 3392 935 3442; x_wconf 87' lang='lat' dir='ltr'><strong>iiuut</strong></span> <span class='ocrx_word' id='word_1_478' title='bbox 971 3394 1341 3458; x_wconf 81' lang='lat' dir='ltr'><strong>Conductores,</strong></span> <span class='ocrx_word' id='word_1_479' title='bbox 1371 3414 1546 3464; x_wconf 86' lang='lat' dir='ltr'><strong>neque</strong></span> <span class='ocrx_word' id='word_1_480' title='bbox 1596 3411 1990 3466; x_wconf 83' lang='lat' dir='ltr'><strong>procnratores.</strong></span> <span class='ocrx_word' id='word_1_481' title='bbox 2023 3405 2214 3460; x_wconf 84' lang='lat' dir='ltr'><strong>Lector</strong></span> 
     </span>
    </p>
   </div>
   <div class='ocr_carea' id='block_1_65' title="bbox 750 3482 2214 3551">
    <p class='ocr_par' dir='ltr' id='par_1_65' title="bbox 750 3482 2214 3551">
     <span class='ocr_line' id='line_1_65' title="bbox 750 3482 2214 3551; baseline 0.014 -20"><span class='ocrx_word' id='word_1_482' title='bbox 750 3502 766 3531; x_wconf 82' lang='grc' dir='ltr'><strong>ι</strong></span> <span class='ocrx_word' id='word_1_483' title='bbox 809 3484 977 3546; x_wconf 85' lang='lat' dir='ltr'><strong>pubes</strong></span> <span class='ocrx_word' id='word_1_484' title='bbox 1023 3482 1195 3536; x_wconf 83' lang='lat' dir='ltr'><strong>factus</strong></span> <span class='ocrx_word' id='word_1_485' title='bbox 1229 3487 1308 3537; x_wconf 83' lang='lat' dir='ltr'><strong>vel</strong></span> <span class='ocrx_word' id='word_1_486' title='bbox 1366 3492 1765 3542; x_wconf 85' lang='lat' dir='ltr'><strong>matrimonium</strong></span> <span class='ocrx_word' id='word_1_487' title='bbox 1820 3495 2102 3550; x_wconf 85' lang='lat' dir='ltr'><strong>contrahat</strong></span> <span class='ocrx_word' id='word_1_488' title='bbox 2135 3499 2214 3551; x_wconf 92' lang='lat' dir='ltr'><strong>vel</strong></span> 
     </span>
    </p>
   </div>
   <div class='ocr_carea' id='block_1_66' title="bbox 750 3572 1609 3641">
    <p class='ocr_par' dir='ltr' id='par_1_66' title="bbox 750 3572 1609 3641">
     <span class='ocr_line' id='line_1_66' title="bbox 750 3572 1609 3641; baseline 0.013 -21"><span class='ocrx_word' id='word_1_489' title='bbox 750 3589 766 3620; x_wconf 84' lang='lat'><strong><em>&lt;</em></strong></span> <span class='ocrx_word' id='word_1_490' title='bbox 809 3572 1190 3626; x_wconf 88' lang='lat' dir='ltr'><strong>continentiam</strong></span> <span class='ocrx_word' id='word_1_491' title='bbox 1222 3577 1553 3641; x_wconf 81' lang='lat' dir='ltr'><strong>profiteatur.</strong></span> <span class='ocrx_word' id='word_1_492' title='bbox 1593 3598 1609 3630; x_wconf 76' lang='grc' dir='ltr'><strong>ι</strong></span> 
     </span>
    </p>
   </div>
   <div class='ocr_carea' id='block_1_67' title="bbox 746 3660 2214 3733">
    <p class='ocr_par' dir='ltr' id='par_1_67' title="bbox 746 3660 2214 3733">
     <span class='ocr_line' id='line_1_67' title="bbox 746 3660 2214 3733; baseline 0.015 -24"><span class='ocrx_word' id='word_1_493' title='bbox 746 3660 1055 3725; x_wconf 78' lang='lat' dir='ltr'><strong>Episcopos,</strong></span> <span class='ocrx_word' id='word_1_494' title='bbox 1101 3672 1153 3713; x_wconf 82' lang='lat' dir='ltr'><strong>et</strong></span> <span class='ocrx_word' id='word_1_495' title='bbox 1197 3665 1550 3733; x_wconf 81' lang='lat' dir='ltr'><strong>presbyteros,</strong></span> <span class='ocrx_word' id='word_1_496' title='bbox 1601 3678 1653 3720; x_wconf 89' lang='lat' dir='ltr'><strong>et</strong></span> <span class='ocrx_word' id='word_1_497' title='bbox 1702 3669 1955 3727; x_wconf 81' lang='lat' dir='ltr'><strong>diaconos</strong></span> <span class='ocrx_word' id='word_1_498' title='bbox 2001 3675 2214 3730; x_wconf 79' lang='lat' dir='ltr'><strong>fenera-</strong></span> 
     </span>
    </p>
   </div>
   <div class='ocr_carea' id='block_1_68' title="bbox 673 3749 2215 3826">
    <p class='ocr_par' dir='ltr' id='par_1_68' title="bbox 673 3749 2215 3826">
     <span class='ocr_line' id='line_1_68' title="bbox 673 3749 2215 3826; baseline 0.013 -24"><span class='ocrx_word' id='word_1_499' title='bbox 673 3759 836 3811; x_wconf 83' lang='lat' dir='ltr'><strong>tores,</strong></span> <span class='ocrx_word' id='word_1_500' title='bbox 867 3749 1027 3816; x_wconf 69' lang='grc'><strong>540</strong></span> <span class='ocrx_word' id='word_1_501' title='bbox 1054 3762 1143 3802; x_wconf 90' lang='lat' dir='ltr'><strong>aut</strong></span> <span class='ocrx_word' id='word_1_502' title='bbox 1178 3755 1566 3816; x_wconf 88' lang='lat' dir='ltr'><strong>possessionum</strong></span> <span class='ocrx_word' id='word_1_503' title='bbox 1596 3759 1890 3826; x_wconf 89' lang='lat' dir='ltr'><strong>aliquarum</strong></span> <span class='ocrx_word' id='word_1_504' title='bbox 1923 3767 2215 3821; x_wconf 87' lang='lat' dir='ltr'><strong>conducto-</strong></span> 
     </span>
    </p>
   </div>
   <div class='ocr_carea' id='block_1_69' title="bbox 678 3839 2212 3916">
    <p class='ocr_par' dir='ltr' id='par_1_69' title="bbox 678 3839 2212 3916">
     <span class='ocr_line' id='line_1_69' title="bbox 678 3839 2212 3916; baseline 0.016 -30"><span class='ocrx_word' id='word_1_505' title='bbox 678 3852 794 3895; x_wconf 87' lang='lat' dir='ltr'><strong>res,</strong></span> <span class='ocrx_word' id='word_1_506' title='bbox 833 3843 911 3888; x_wconf 80' lang='lat' dir='ltr'><strong>vet</strong></span> <span class='ocrx_word' id='word_1_507' title='bbox 949 3839 1106 3889; x_wconf 72' lang='lat' dir='ltr'><strong>etiam</strong></span> <span class='ocrx_word' id='word_1_508' title='bbox 1145 3841 1451 3904; x_wconf 86' lang='lat' dir='ltr'><strong>provisores</strong></span> <span class='ocrx_word' id='word_1_509' title='bbox 1480 3844 1613 3910; x_wconf 83' lang='lat' dir='ltr'><strong>ﬁeri,</strong></span> <span class='ocrx_word' id='word_1_510' title='bbox 1663 3857 1714 3901; x_wconf 91' lang='lat' dir='ltr'><strong>et</strong></span> <span class='ocrx_word' id='word_1_511' title='bbox 1760 3864 1998 3916; x_wconf 72' lang='lat' dir='ltr'><strong>prmsens</strong></span> <span class='ocrx_word' id='word_1_512' title='bbox 2043 3870 2212 3910; x_wconf 91' lang='lat' dir='ltr'><strong>canon</strong></span> 
     </span>
    </p>
   </div>
   <div class='ocr_carea' id='block_1_70' title="bbox 676 3925 2213 4013">
    <p class='ocr_par' dir='ltr' id='par_1_70' title="bbox 676 3925 2213 4013">
     <span class='ocr_line' id='line_1_70' title="bbox 676 3925 2213 4013; baseline 0.016 -40"><span class='ocrx_word' id='word_1_513' title='bbox 676 3925 920 3989; x_wconf 87' lang='lat' dir='ltr'><strong>prohibet</strong></span> <span class='ocrx_word' id='word_1_514' title='bbox 950 3937 1002 3977; x_wconf 89' lang='lat' dir='ltr'><strong>et</strong></span> <span class='ocrx_word' id='word_1_515' title='bbox 1043 3928 1237 3981; x_wconf 81' lang='lat' dir='ltr'><strong>diversi</strong></span> <span class='ocrx_word' id='word_1_516' title='bbox 1272 3931 1383 3983; x_wconf 88' lang='lat' dir='ltr'><strong>alii.</strong></span> <span class='ocrx_word' id='word_1_517' title='bbox 1416 3933 1610 3988; x_wconf 84' lang='lat' dir='ltr'><strong>Lector</strong></span> <span class='ocrx_word' id='word_1_518' title='bbox 1652 3947 1849 4001; x_wconf 89' lang='lat' dir='ltr'><strong>autem,</strong></span> <span class='ocrx_word' id='word_1_519' title='bbox 1899 3944 1988 4009; x_wconf 92' lang='lat' dir='ltr'><strong>qui</strong></span> <span class='ocrx_word' id='word_1_520' title='bbox 2039 3944 2213 4013; x_wconf 89' lang='lat' dir='ltr'><strong>impu-</strong></span> 
     </span>
    </p>
   </div>
   <div class='ocr_carea' id='block_1_71' title="bbox 676 4011 2214 4094">
    <p class='ocr_par' dir='ltr' id='par_1_71' title="bbox 676 4011 2214 4094">
     <span class='ocr_line' id='line_1_71' title="bbox 676 4011 2214 4094; baseline 0.019 -33"><span class='ocrx_word' id='word_1_521' title='bbox 676 4011 854 4063; x_wconf 86' lang='lat' dir='ltr'><strong>berem</strong></span> <span class='ocrx_word' id='word_1_522' title='bbox 887 4023 1096 4066; x_wconf 73' lang='lat' dir='ltr'><strong>mtatem</strong></span> <span class='ocrx_word' id='word_1_523' title='bbox 1156 4019 1488 4086; x_wconf 86' lang='lat' dir='ltr'><strong>transilierit,</strong></span> <span class='ocrx_word' id='word_1_524' title='bbox 1537 4036 1589 4077; x_wconf 90' lang='lat' dir='ltr'><strong>et</strong></span> <span class='ocrx_word' id='word_1_525' title='bbox 1641 4027 1827 4094; x_wconf 76' lang='lat' dir='ltr'><strong>viginti</strong></span> <span class='ocrx_word' id='word_1_526' title='bbox 1882 4030 1995 4084; x_wconf 82' lang='lat' dir='ltr'><strong>fere</strong></span> <span class='ocrx_word' id='word_1_527' title='bbox 2045 4011 2214 4090; x_wconf 85' lang='lat' dir='ltr'><strong>annos</strong></span> 
     </span>
    </p>
   </div>
   <div class='ocr_carea' id='block_1_72' title="bbox 679 4102 2212 4192">
    <p class='ocr_par' dir='ltr' id='par_1_72' title="bbox 679 4102 2212 4192">
     <span class='ocr_line' id='line_1_72' title="bbox 679 4102 2212 4192; baseline 0.02 -44"><span class='ocrx_word' id='word_1_528' title='bbox 679 4102 934 4167; x_wconf 81' lang='lat' dir='ltr'><strong>attigerit,</strong></span> <span class='ocrx_word' id='word_1_529' title='bbox 969 4115 1021 4156; x_wconf 93' lang='lat' dir='ltr'><strong>et</strong></span> <span class='ocrx_word' id='word_1_530' title='bbox 1058 4106 1460 4174; x_wconf 88' lang='lat' dir='ltr'><strong>hypodiaconus</strong></span> <span class='ocrx_word' id='word_1_531' title='bbox 1496 4116 1606 4168; x_wconf 89' lang='lat' dir='ltr'><strong>lieri</strong></span> <span class='ocrx_word' id='word_1_532' title='bbox 1641 4118 1782 4185; x_wconf 91' lang='lat' dir='ltr'><strong>cupit</strong></span> <span class='ocrx_word' id='word_1_533' title='bbox 1829 4119 1971 4187; x_wconf 89' lang='lat' dir='ltr'><strong>(nam</strong></span> <span class='ocrx_word' id='word_1_534' title='bbox 2025 4125 2212 4192; x_wconf 83' lang='lat' dir='ltr'><strong>viginti</strong></span> 
     </span>
    </p>
   </div>
   <div class='ocr_carea' id='block_1_73' title="bbox 679 4192 2214 4273">
    <p class='ocr_par' dir='ltr' id='par_1_73' title="bbox 679 4192 2214 4273">
     <span class='ocr_line' id='line_1_73' title="bbox 679 4192 2214 4273; baseline 0.018 -35"><span class='ocrx_word' id='word_1_535' title='bbox 679 4192 832 4242; x_wconf 85' lang='lat' dir='ltr'><strong>annis</strong></span> <span class='ocrx_word' id='word_1_536' title='bbox 867 4192 1472 4265; x_wconf 86' lang='lat' dir='ltr'><strong>juniorbypodiaeonus</strong></span> <span class='ocrx_word' id='word_1_537' title='bbox 1505 4219 1608 4257; x_wconf 91' lang='lat' dir='ltr'><strong>non</strong></span> <span class='ocrx_word' id='word_1_538' title='bbox 1659 4207 1960 4273; x_wconf 87' lang='lat' dir='ltr'><strong>ordinatur,</strong></span> <span class='ocrx_word' id='word_1_539' title='bbox 2009 4223 2067 4264; x_wconf 90' lang='grc' dir='ltr'><strong>ιιι</strong></span> <span class='ocrx_word' id='word_1_540' title='bbox 2116 4214 2214 4268; x_wconf 87' lang='lat' dir='ltr'><strong>de-</strong></span> 
     </span>
    </p>
   </div>
   <div class='ocr_carea' id='block_1_74' title="bbox 677 4279 2208 4370">
    <p class='ocr_par' dir='ltr' id='par_1_74' title="bbox 677 4279 2208 4370">
     <span class='ocr_line' id='line_1_74' title="bbox 677 4279 2208 4370; baseline 0.018 -43"><span class='ocrx_word' id='word_1_541' title='bbox 677 4279 848 4332; x_wconf 79' lang='lat' dir='ltr'><strong>cimus</strong></span> <span class='ocrx_word' id='word_1_542' title='bbox 869 4281 1085 4346; x_wconf 87' lang='lat' dir='ltr'><strong>quintus</strong></span> <span class='ocrx_word' id='word_1_543' title='bbox 1108 4295 1266 4340; x_wconf 68' lang='lat' dir='ltr'><strong>sexta:</strong></span> <span class='ocrx_word' id='word_1_544' title='bbox 1290 4289 1340 4341; x_wconf 91' lang='lat' dir='ltr'><strong>in</strong></span> <span class='ocrx_word' id='word_1_545' title='bbox 1358 4291 1537 4344; x_wconf 90' lang='lat' dir='ltr'><strong>Trullo</strong></span> <span class='ocrx_word' id='word_1_546' title='bbox 1558 4296 1740 4361; x_wconf 87' lang='lat' dir='ltr'><strong>synodi</strong></span> <span class='ocrx_word' id='word_1_547' title='bbox 1771 4312 1940 4350; x_wconf 84' lang='lat' dir='ltr'><strong>canon</strong></span> <span class='ocrx_word' id='word_1_548' title='bbox 1975 4303 2208 4370; x_wconf 89' lang='lat' dir='ltr'><strong>statuit),</strong></span> 
     </span>
    </p>
   </div>
   <div class='ocr_carea' id='block_1_75' title="bbox 681 4371 2210 4452">
    <p class='ocr_par' dir='ltr' id='par_1_75' title="bbox 681 4371 2210 4452">
     <span class='ocr_line' id='line_1_75' title="bbox 681 4371 2210 4452; baseline 0.018 -33"><span class='ocrx_word' id='word_1_549' title='bbox 681 4371 760 4421; x_wconf 84' lang='lat' dir='ltr'><strong>vel</strong></span> <span class='ocrx_word' id='word_1_550' title='bbox 794 4387 1009 4426; x_wconf 81' lang='lat' dir='ltr'><strong>uxorem</strong></span> <span class='ocrx_word' id='word_1_551' title='bbox 1041 4389 1162 4430; x_wconf 90' lang='lat' dir='ltr'><strong>ante</strong></span> <span class='ocrx_word' id='word_1_552' title='bbox 1188 4381 1575 4436; x_wconf 85' lang='lat' dir='ltr'><strong>ordinationem</strong></span> <span class='ocrx_word' id='word_1_553' title='bbox 1627 4389 1822 4452; x_wconf 86' lang='lat' dir='ltr'><strong>ducat,</strong></span> <span class='ocrx_word' id='word_1_554' title='bbox 1859 4391 1941 4442; x_wconf 88' lang='lat' dir='ltr'><strong>vel</strong></span> <span class='ocrx_word' id='word_1_555' title='bbox 1975 4393 2210 4446; x_wconf 78' lang='lat' dir='ltr'><strong>ezelibem</strong></span> 
     </span>
    </p>
   </div>
   <div class='ocr_carea' id='block_1_76' title="bbox 677 4464 2214 4540">
    <p class='ocr_par' dir='ltr' id='par_1_76' title="bbox 677 4464 2214 4540">
     <span class='ocr_line' id='line_1_76' title="bbox 677 4464 2214 4540; baseline 0.02 -34"><span class='ocrx_word' id='word_1_556' title='bbox 677 4473 835 4524; x_wconf 79' lang='lat' dir='ltr'><strong>agere</strong></span> <span class='ocrx_word' id='word_1_557' title='bbox 889 4464 1221 4527; x_wconf 79' lang='lat' dir='ltr'><strong>proﬁteatur.</strong></span> <span class='ocrx_word' id='word_1_558' title='bbox 1288 4469 1421 4523; x_wconf 86' lang='lat' dir='ltr'><strong>Nam</strong></span> <span class='ocrx_word' id='word_1_559' title='bbox 1492 4488 1604 4540; x_wconf 89' lang='lat' dir='ltr'><strong>post</strong></span> <span class='ocrx_word' id='word_1_560' title='bbox 1662 4479 2052 4533; x_wconf 86' lang='lat' dir='ltr'><strong>ordinationem</strong></span> <span class='ocrx_word' id='word_1_561' title='bbox 2118 4499 2214 4537; x_wconf 86' lang='lat' dir='ltr'><strong>nec</strong></span> 
     </span>
    </p>
   </div>
   <div class='ocr_carea' id='block_1_77' title="bbox 679 4550 2211 4633">
    <p class='ocr_par' dir='ltr' id='par_1_77' title="bbox 679 4550 2211 4633">
     <span class='ocr_line' id='line_1_77' title="bbox 679 4550 2211 4633; baseline 0.021 -40"><span class='ocrx_word' id='word_1_562' title='bbox 679 4550 1007 4616; x_wconf 85' lang='lat' dir='ltr'><strong>presbytero,</strong></span> <span class='ocrx_word' id='word_1_563' title='bbox 1041 4568 1140 4607; x_wconf 90' lang='lat' dir='ltr'><strong>nec</strong></span> <span class='ocrx_word' id='word_1_564' title='bbox 1175 4555 1420 4624; x_wconf 85' lang='lat' dir='ltr'><strong>diacono,</strong></span> <span class='ocrx_word' id='word_1_565' title='bbox 1468 4578 1564 4615; x_wconf 90' lang='lat' dir='ltr'><strong>nec</strong></span> <span class='ocrx_word' id='word_1_566' title='bbox 1604 4566 1973 4633; x_wconf 88' lang='lat' dir='ltr'><strong>hypodiacono</strong></span> <span class='ocrx_word' id='word_1_567' title='bbox 2021 4574 2211 4624; x_wconf 87' lang='lat' dir='ltr'><strong>matri-</strong></span> 
     </span>
    </p>
   </div>
   <div class='ocr_carea' id='block_1_78' title="bbox 2395 3409 3862 3482">
    <p class='ocr_par' dir='ltr' id='par_1_78' title="bbox 2395 3409 3862 3482">
     <span class='ocr_line' id='line_1_78' title="bbox 2395 3409 3862 3482; baseline 0.005 -23"><span class='ocrx_word' id='word_1_568' title='bbox 2395 3429 2412 3459; x_wconf 82' lang='grc' dir='ltr'><strong>ι</strong></span> <span class='ocrx_word' id='word_1_569' title='bbox 2449 3411 2780 3477; x_wconf 83' lang='grc' dir='ltr'>ὲκλήπτορες</span> <span class='ocrx_word' id='word_1_570' title='bbox 2829 3410 2888 3460; x_wconf 87' lang='grc' dir='ltr'><strong>οὑ</strong></span> <span class='ocrx_word' id='word_1_571' title='bbox 2944 3409 3207 3476; x_wconf 88' lang='grc' dir='ltr'>γίνονται,</span> <span class='ocrx_word' id='word_1_572' title='bbox 3242 3411 3362 3462; x_wconf 82' lang='grc' dir='ltr'>οὐδὲ</span> <span class='ocrx_word' id='word_1_573' title='bbox 3399 3414 3862 3482; x_wconf 87' lang='grc' dir='ltr'>προκουράτορες.</span> 
     </span>
    </p>
   </div>
   <div class='ocr_carea' id='block_1_79' title="bbox 2393 3499 3861 3575">
    <p class='ocr_par' dir='ltr' id='par_1_79' title="bbox 2393 3499 3861 3575">
     <span class='ocr_line' id='line_1_79' title="bbox 2393 3499 3861 3575; baseline 0.031 -60"><span class='ocrx_word' id='word_1_574' title='bbox 2393 3521 2410 3552; x_wconf 51' lang='grc' dir='ltr'>ί</span> <span class='ocrx_word' id='word_1_575' title='bbox 2461 3501 2518 3550; x_wconf 65' lang='grc' dir='ltr'><strong>Ὅ</strong></span> <span class='ocrx_word' id='word_1_576' title='bbox 2551 3501 2749 3568; x_wconf 63' lang='grc' dir='ltr'><strong>ἀνηδος</strong></span> <span class='ocrx_word' id='word_1_577' title='bbox 2805 3499 3156 3568; x_wconf 80' lang='grc' dir='ltr'>ἀναγνώστης</span> <span class='ocrx_word' id='word_1_578' title='bbox 3206 3501 3237 3566; x_wconf 81' lang='grc' dir='ltr'>ἢ</span> <span class='ocrx_word' id='word_1_579' title='bbox 3297 3502 3470 3568; x_wconf 83' lang='grc' dir='ltr'>γάμον</span> <span class='ocrx_word' id='word_1_580' title='bbox 3519 3506 3798 3571; x_wconf 73' lang='grc' dir='ltr'>αἱρείσθω,</span> <span class='ocrx_word' id='word_1_581' title='bbox 3827 3507 3861 3575; x_wconf 75' lang='grc' dir='ltr'>ἢ</span> 
     </span>
    </p>
   </div>
   <div class='ocr_carea' id='block_1_80' title="bbox 2391 3587 3192 3654">
    <p class='ocr_par' dir='ltr' id='par_1_80' title="bbox 2391 3587 3192 3654">
     <span class='ocr_line' id='line_1_80' title="bbox 2391 3587 3192 3654; baseline 0 -16"><span class='ocrx_word' id='word_1_582' title='bbox 2391 3606 2408 3638; x_wconf 81' lang='grc' dir='ltr'><strong>ι</strong></span> <span class='ocrx_word' id='word_1_583' title='bbox 2447 3589 2771 3654; x_wconf 70' lang='grc' dir='ltr'>ἐγκράτειαν</span> <span class='ocrx_word' id='word_1_584' title='bbox 2802 3587 3147 3654; x_wconf 85' lang='grc' dir='ltr'>όμολογείτω.</span> <span class='ocrx_word' id='word_1_585' title='bbox 3175 3605 3192 3638; x_wconf 75' lang='grc' dir='ltr'><strong>ι</strong></span> 
     </span>
    </p>
   </div>
   <div class='ocr_carea' id='block_1_81' title="bbox 2387 3674 3861 3747">
    <p class='ocr_par' dir='ltr' id='par_1_81' title="bbox 2387 3674 3861 3747">
     <span class='ocr_line' id='line_1_81' title="bbox 2387 3674 3861 3747; baseline 0.005 -21"><span class='ocrx_word' id='word_1_586' title='bbox 2387 3677 2458 3727; x_wconf 88' lang='grc' dir='ltr'><strong>Τὸ</strong></span> <span class='ocrx_word' id='word_1_587' title='bbox 2489 3675 2924 3743; x_wconf 84' lang='grc' dir='ltr'>πακτωναρίους,</span> <span class='ocrx_word' id='word_1_588' title='bbox 2955 3674 2987 3743; x_wconf 80' lang='grc' dir='ltr'><strong>ἦ</strong></span> <span class='ocrx_word' id='word_1_589' title='bbox 3032 3675 3304 3742; x_wconf 76' lang='grc' dir='ltr'>μισθωτάς</span> <span class='ocrx_word' id='word_1_590' title='bbox 3337 3679 3634 3747; x_wconf 78' lang='grc' dir='ltr'>κτημάτων</span> <span class='ocrx_word' id='word_1_591' title='bbox 3675 3683 3861 3742; x_wconf 83' lang='grc' dir='ltr'>τινῶν,</span> 
     </span>
    </p>
   </div>
   <div class='ocr_carea' id='block_1_82' title="bbox 2315 3764 3865 3840">
    <p class='ocr_par' dir='ltr' id='par_1_82' title="bbox 2315 3764 3865 3840">
     <span class='ocr_line' id='line_1_82' title="bbox 2315 3764 3865 3840; baseline 0.003 -23"><span class='ocrx_word' id='word_1_592' title='bbox 2315 3766 2348 3836; x_wconf 80' lang='grc' dir='ltr'>ἦ</span> <span class='ocrx_word' id='word_1_593' title='bbox 2379 3765 2474 3817; x_wconf 76' lang='grc' dir='ltr'>καὶ</span> <span class='ocrx_word' id='word_1_594' title='bbox 2510 3764 2815 3834; x_wconf 79' lang='grc' dir='ltr'>προνοητᾶς</span> <span class='ocrx_word' id='word_1_595' title='bbox 2843 3764 3084 3832; x_wconf 84' lang='grc' dir='ltr'>γίνεσθαι</span> <span class='ocrx_word' id='word_1_596' title='bbox 3115 3768 3462 3831; x_wconf 77' lang='grc' dir='ltr'>ἐπισκόπους,</span> <span class='ocrx_word' id='word_1_597' title='bbox 3498 3771 3591 3821; x_wconf 77' lang='grc' dir='ltr'>καὶ</span> <span class='ocrx_word' id='word_1_598' title='bbox 3619 3772 3865 3840; x_wconf 77' lang='grc' dir='ltr'>πρεσϐυ-</span> 
     </span>
    </p>
   </div>
   <div class='ocr_carea' id='block_1_83' title="bbox 2315 3855 3860 3925">
    <p class='ocr_par' dir='ltr' id='par_1_83' title="bbox 2315 3855 3860 3925">
     <span class='ocr_line' id='line_1_83' title="bbox 2315 3855 3860 3925; baseline 0.003 -17"><span class='ocrx_word' id='word_1_599' title='bbox 2315 3857 2525 3924; x_wconf 80' lang='grc' dir='ltr'>τέρους,</span> <span class='ocrx_word' id='word_1_600' title='bbox 2550 3857 2642 3907; x_wconf 75' lang='grc' dir='ltr'><strong>καὶ</strong></span> <span class='ocrx_word' id='word_1_601' title='bbox 2667 3855 2972 3919; x_wconf 84' lang='grc' dir='ltr'>διακόνους,</span> <span class='ocrx_word' id='word_1_602' title='bbox 3008 3855 3100 3906; x_wconf 74' lang='grc' dir='ltr'>καὶ</span> <span class='ocrx_word' id='word_1_603' title='bbox 3127 3857 3153 3906; x_wconf 91' lang='grc' dir='ltr'><strong>ό</strong></span> <span class='ocrx_word' id='word_1_604' title='bbox 3182 3857 3368 3924; x_wconf 87' lang='grc' dir='ltr'>παρὼν</span> <span class='ocrx_word' id='word_1_605' title='bbox 3425 3859 3618 3911; x_wconf 81' lang='grc' dir='ltr'>κωλύει</span> <span class='ocrx_word' id='word_1_606' title='bbox 3655 3861 3860 3925; x_wconf 77' lang='grc' dir='ltr'>κανὼν,</span> 
     </span>
    </p>
   </div>
   <div class='ocr_carea' id='block_1_84' title="bbox 2315 3944 3868 4020">
    <p class='ocr_par' dir='ltr' id='par_1_84' title="bbox 2315 3944 3868 4020">
     <span class='ocr_line' id='line_1_84' title="bbox 2315 3944 3868 4020; baseline 0.003 -21"><span class='ocrx_word' id='word_1_607' title='bbox 2315 3947 2410 3999; x_wconf 76' lang='grc' dir='ltr'>καὶ</span> <span class='ocrx_word' id='word_1_608' title='bbox 2463 3946 2638 4014; x_wconf 73' lang='grc' dir='ltr'>ἕτεροι</span> <span class='ocrx_word' id='word_1_609' title='bbox 2669 3945 2940 4013; x_wconf 79' lang='grc' dir='ltr'>διάφοροι.</span> <span class='ocrx_word' id='word_1_610' title='bbox 2983 3944 3359 4015; x_wconf 76' lang='grc' dir='ltr'>Ἀναγνὼστης</span> <span class='ocrx_word' id='word_1_611' title='bbox 3407 3948 3462 4001; x_wconf 82' lang='grc' dir='ltr'>δὲ</span> <span class='ocrx_word' id='word_1_612' title='bbox 3508 3951 3608 4020; x_wconf 70' lang='grc' dir='ltr'><strong>τὴν</strong></span> <span class='ocrx_word' id='word_1_613' title='bbox 3663 3951 3868 4020; x_wconf 77' lang='grc' dir='ltr'>άνηόον</span> 
     </span>
    </p>
   </div>
   <div class='ocr_carea' id='block_1_85' title="bbox 2316 4034 3864 4103">
    <p class='ocr_par' dir='ltr' id='par_1_85' title="bbox 2316 4034 3864 4103">
     <span class='ocr_line' id='line_1_85' title="bbox 2316 4034 3864 4103; baseline 0.003 -15"><span class='ocrx_word' id='word_1_614' title='bbox 2316 4034 2665 4103; x_wconf 78' lang='grc' dir='ltr'>ὑπερανασὰς</span> <span class='ocrx_word' id='word_1_615' title='bbox 2728 4034 2964 4102; x_wconf 75' lang='grc' dir='ltr'>ἡλικίαν,</span> <span class='ocrx_word' id='word_1_616' title='bbox 3017 4034 3112 4086; x_wconf 71' lang='grc' dir='ltr'>καὶ</span> <span class='ocrx_word' id='word_1_617' title='bbox 3165 4035 3328 4100; x_wconf 75' lang='grc' dir='ltr'>ἐγγύς</span> <span class='ocrx_word' id='word_1_618' title='bbox 3381 4055 3480 4090; x_wconf 90' lang='grc' dir='ltr'><strong>που</strong></span> <span class='ocrx_word' id='word_1_619' title='bbox 3525 4040 3629 4103; x_wconf 78' lang='grc' dir='ltr'><strong>τῶν</strong></span> <span class='ocrx_word' id='word_1_620' title='bbox 3681 4041 3864 4094; x_wconf 74' lang='grc' dir='ltr'>εἴκοσι</span> 
     </span>
    </p>
   </div>
   <div class='ocr_carea' id='block_1_86' title="bbox 2316 4121 3868 4194">
    <p class='ocr_par' dir='ltr' id='par_1_86' title="bbox 2316 4121 3868 4194">
     <span class='ocr_line' id='line_1_86' title="bbox 2316 4121 3868 4194; baseline 0.004 -17"><span class='ocrx_word' id='word_1_621' title='bbox 2316 4127 2520 4194; x_wconf 84' lang='grc' dir='ltr'>χρόνων</span> <span class='ocrx_word' id='word_1_622' title='bbox 2551 4124 2858 4190; x_wconf 84' lang='grc' dir='ltr'>γενόμενος,</span> <span class='ocrx_word' id='word_1_623' title='bbox 2896 4123 2987 4174; x_wconf 81' lang='grc' dir='ltr'>καὶ</span> <span class='ocrx_word' id='word_1_624' title='bbox 3038 4121 3316 4192; x_wconf 74' lang='grc' dir='ltr'>βουληθεὶς</span> <span class='ocrx_word' id='word_1_625' title='bbox 3348 4127 3597 4193; x_wconf 83' lang='grc' dir='ltr'>γενέσθαι</span> <span class='ocrx_word' id='word_1_626' title='bbox 3643 4130 3868 4183; x_wconf 84' lang='grc' dir='ltr'>ὐποδιά-</span> 
     </span>
    </p>
   </div>
   <div class='ocr_carea' id='block_1_87' title="bbox 2317 4211 3867 4286">
    <p class='ocr_par' dir='ltr' id='par_1_87' title="bbox 2317 4211 3867 4286">
     <span class='ocr_line' id='line_1_87' title="bbox 2317 4211 3867 4286; baseline 0.003 -20"><span class='ocrx_word' id='word_1_627' title='bbox 2317 4231 2466 4274; x_wconf 87' lang='grc' dir='ltr'>κονος</span> <span class='ocrx_word' id='word_1_628' title='bbox 2497 4213 2635 4275; x_wconf 73' lang='grc' dir='ltr'>(οὐδὲ</span> <span class='ocrx_word' id='word_1_629' title='bbox 2660 4212 2768 4280; x_wconf 77' lang='grc' dir='ltr'><strong>γάρ</strong></span> <span class='ocrx_word' id='word_1_630' title='bbox 2798 4211 2974 4280; x_wconf 75' lang='grc' dir='ltr'>ἥττων</span> <span class='ocrx_word' id='word_1_631' title='bbox 3015 4211 3122 4264; x_wconf 84' lang='grc' dir='ltr'><strong>τῶν</strong></span> <span class='ocrx_word' id='word_1_632' title='bbox 3167 4215 3333 4264; x_wconf 84' lang='grc' dir='ltr'>εῖκοσι</span> <span class='ocrx_word' id='word_1_633' title='bbox 3375 4216 3582 4282; x_wconf 77' lang='grc' dir='ltr'>χρόνων</span> <span class='ocrx_word' id='word_1_634' title='bbox 3613 4235 3867 4286; x_wconf 76' lang='grc' dir='ltr'>χειροτο-</span> 
     </span>
    </p>
   </div>
   <div class='ocr_carea' id='block_1_88' title="bbox 2317 4289 3862 4368">
    <p class='ocr_par' dir='ltr' id='par_1_88' title="bbox 2317 4289 3862 4368">
     <span class='ocr_line' id='line_1_88' title="bbox 2317 4289 3862 4368; baseline 0.005 -15"><span class='ocrx_word' id='word_1_635' title='bbox 2317 4306 2485 4354; x_wconf 87' lang='grc' dir='ltr'>νεῖται</span> <span class='ocrx_word' id='word_1_636' title='bbox 2509 4289 2880 4364; x_wconf 84' lang='grc' dir='ltr'>ὑποδιάκονος,</span> <span class='ocrx_word' id='word_1_637' title='bbox 2913 4301 3090 4362; x_wconf 78' lang='grc' dir='ltr'>καθὼς</span> <span class='ocrx_word' id='word_1_638' title='bbox 3113 4303 3141 4352; x_wconf 93' lang='grc' dir='ltr'><strong>ό</strong></span> <span class='ocrx_word' id='word_1_639' title='bbox 3168 4305 3644 4368; x_wconf 78' lang='grc' dir='ltr'>πεντεκαιδέκατος</span> <span class='ocrx_word' id='word_1_640' title='bbox 3677 4309 3862 4360; x_wconf 81' lang='grc' dir='ltr'>κανὼν</span> 
     </span>
    </p>
   </div>
   <div class='ocr_carea' id='block_1_89' title="bbox 2316 4389 3865 4467">
    <p class='ocr_par' dir='ltr' id='par_1_89' title="bbox 2316 4389 3865 4467">
     <span class='ocr_line' id='line_1_89' title="bbox 2316 4389 3865 4467; baseline 0.007 -28"><span class='ocrx_word' id='word_1_641' title='bbox 2316 4395 2414 4461; x_wconf 75' lang='grc' dir='ltr'>τῆς</span> <span class='ocrx_word' id='word_1_642' title='bbox 2445 4394 2499 4442; x_wconf 80' lang='grc' dir='ltr'>ὲν</span> <span class='ocrx_word' id='word_1_643' title='bbox 2533 4391 2610 4458; x_wconf 87' lang='grc' dir='ltr'>τῷ</span> <span class='ocrx_word' id='word_1_644' title='bbox 2640 4389 2892 4457; x_wconf 83' lang='grc' dir='ltr'>Τρούλλῳ</span> <span class='ocrx_word' id='word_1_645' title='bbox 2960 4390 3125 4457; x_wconf 72' lang='grc' dir='ltr'>ἕκτης</span> <span class='ocrx_word' id='word_1_646' title='bbox 3162 4391 3376 4442; x_wconf 83' lang='grc' dir='ltr'>συνόδου</span> <span class='ocrx_word' id='word_1_647' title='bbox 3421 4391 3797 4460; x_wconf 78' lang='grc' dir='ltr'>διαλαμϐάνει)</span> <span class='ocrx_word' id='word_1_648' title='bbox 3830 4400 3865 4467; x_wconf 79' lang='grc' dir='ltr'>ἢ</span> 
     </span>
    </p>
   </div>
   <div class='ocr_carea' id='block_1_90' title="bbox 2317 4481 3867 4554">
    <p class='ocr_par' dir='ltr' id='par_1_90' title="bbox 2317 4481 3867 4554">
     <span class='ocr_line' id='line_1_90' title="bbox 2317 4481 3867 4554; baseline -0.003 -19"><span class='ocrx_word' id='word_1_649' title='bbox 2317 4486 2546 4551; x_wconf 87' lang='grc' dir='ltr'>γυναῖκα</span> <span class='ocrx_word' id='word_1_650' title='bbox 2576 4484 2681 4549; x_wconf 77' lang='grc' dir='ltr'><strong>πρὸ</strong></span> <span class='ocrx_word' id='word_1_651' title='bbox 2709 4484 2806 4550; x_wconf 86' lang='grc' dir='ltr'>τῆς</span> <span class='ocrx_word' id='word_1_652' title='bbox 2846 4483 3181 4550; x_wconf 84' lang='grc' dir='ltr'>χειροτονίας</span> <span class='ocrx_word' id='word_1_653' title='bbox 3210 4481 3554 4548; x_wconf 78' lang='grc' dir='ltr'>λαμϐανέτω,</span> <span class='ocrx_word' id='word_1_654' title='bbox 3587 4485 3618 4554; x_wconf 82' lang='grc' dir='ltr'>ἢ</span> <span class='ocrx_word' id='word_1_655' title='bbox 3657 4488 3867 4554; x_wconf 83' lang='grc' dir='ltr'>παρθε-</span> 
     </span>
    </p>
   </div>
   <div class='ocr_carea' id='block_1_91' title="bbox 2316 4572 3866 4642">
    <p class='ocr_par' dir='ltr' id='par_1_91' title="bbox 2316 4572 3866 4642">
     <span class='ocr_line' id='line_1_91' title="bbox 2316 4572 3866 4642; baseline 0.003 -16"><span class='ocrx_word' id='word_1_656' title='bbox 2316 4576 2491 4626; x_wconf 82' lang='grc' dir='ltr'>νεύειν</span> <span class='ocrx_word' id='word_1_657' title='bbox 2517 4572 2869 4640; x_wconf 86' lang='grc' dir='ltr'>όμολογείτω.</span> <span class='ocrx_word' id='word_1_658' title='bbox 2899 4573 3052 4624; x_wconf 78' lang='grc' dir='ltr'>Μετὰ</span> <span class='ocrx_word' id='word_1_659' title='bbox 3087 4573 3196 4637; x_wconf 79' lang='grc' dir='ltr'><strong>γάρ</strong></span> <span class='ocrx_word' id='word_1_660' title='bbox 3225 4574 3320 4639; x_wconf 74' lang='grc' dir='ltr'>τὴν</span> <span class='ocrx_word' id='word_1_661' title='bbox 3378 4580 3708 4642; x_wconf 85' lang='grc' dir='ltr'>χειροτονίαν</span> <span class='ocrx_word' id='word_1_662' title='bbox 3735 4580 3866 4633; x_wconf 70' lang='grc' dir='ltr'>οὔτε</span> 
     </span>
    </p>
   </div>
   <div class='ocr_carea' id='block_1_92' title="bbox 684 4631 2210 4734">
    <p class='ocr_par' dir='ltr' id='par_1_92' title="bbox 684 4631 2209 4720">
     <span class='ocr_line' id='line_1_92' title="bbox 684 4631 2209 4720; baseline 0.024 -37"><span class='ocrx_word' id='word_1_663' title='bbox 684 4639 910 4691; x_wconf 83' lang='lat' dir='ltr'><strong>moniale</strong></span> <span class='ocrx_word' id='word_1_664' title='bbox 957 4640 1138 4708; x_wconf 67' lang='lat' dir='ltr'><strong>jugum</strong></span> <span class='ocrx_word' id='word_1_665' title='bbox 1197 4646 1248 4699; x_wconf 91' lang='lat' dir='ltr'><strong>in</strong></span> <span class='ocrx_word' id='word_1_666' title='bbox 1298 4663 1356 4701; x_wconf 90' lang='lat' dir='ltr'><strong>se</strong></span> <span class='ocrx_word' id='word_1_667' title='bbox 1409 4631 1993 4720; x_wconf 83' lang='lat' dir='ltr'><strong>susciperelicet:sed</strong></span> <span class='ocrx_word' id='word_1_668' title='bbox 2045 4663 2209 4718; x_wconf 85' lang='lat' dir='ltr'><strong>lecto-</strong></span> 
     </span>
    </p>
   </div>
   <div class='ocr_carea' id='block_1_93' title="bbox 2315 4631 3866 4734">
    <p class='ocr_par' dir='ltr' id='par_1_93' title="bbox 2318 4631 3866 4734">
     <span class='ocr_line' id='line_1_93' title="bbox 2318 4631 3866 4734; baseline 0.003 -19"><span class='ocrx_word' id='word_1_669' title='bbox 2318 4631 2708 4733; x_wconf 62' lang='grc' dir='ltr'>πρεσϐύτερος,</span> <span class='ocrx_word' id='word_1_670' title='bbox 2741 4661 2863 4712; x_wconf 79' lang='grc' dir='ltr'>οὗτε</span> <span class='ocrx_word' id='word_1_671' title='bbox 2899 4662 3164 4723; x_wconf 77' lang='grc' dir='ltr'>διάκονος,</span> <span class='ocrx_word' id='word_1_672' title='bbox 3191 4659 3314 4713; x_wconf 78' lang='grc' dir='ltr'>οὔτε</span> <span class='ocrx_word' id='word_1_673' title='bbox 3368 4663 3732 4728; x_wconf 82' lang='grc' dir='ltr'>ὑποδιάκονος,</span> <span class='ocrx_word' id='word_1_674' title='bbox 3761 4685 3866 4734; x_wconf 90' lang='grc' dir='ltr'>γα-</span> 
     </span>
    </p>
   </div>
   <div class='ocr_carea' id='block_1_94' title="bbox 679 4725 2210 4820">
    <p class='ocr_par' dir='ltr' id='par_1_94' title="bbox 679 4725 2210 4820">
     <span class='ocr_line' id='line_1_94' title="bbox 679 4725 2210 4820; baseline 0.021 -45"><span class='ocrx_word' id='word_1_675' title='bbox 679 4725 824 4779; x_wconf 91' lang='lat' dir='ltr'><strong>ribus</strong></span> <span class='ocrx_word' id='word_1_676' title='bbox 856 4730 984 4783; x_wconf 86' lang='lat' dir='ltr'><strong>solis</strong></span> <span class='ocrx_word' id='word_1_677' title='bbox 1019 4742 1072 4785; x_wconf 89' lang='lat' dir='ltr'><strong>et</strong></span> <span class='ocrx_word' id='word_1_678' title='bbox 1120 4740 1428 4792; x_wconf 90' lang='lat' dir='ltr'><strong>cantoribus</strong></span> <span class='ocrx_word' id='word_1_679' title='bbox 1449 4741 1575 4796; x_wconf 92' lang='lat' dir='ltr'><strong>illud</strong></span> <span class='ocrx_word' id='word_1_680' title='bbox 1621 4750 1963 4813; x_wconf 87' lang='lat' dir='ltr'><strong>permittitur,</strong></span> <span class='ocrx_word' id='word_1_681' title='bbox 2021 4768 2210 4820; x_wconf 90' lang='lat' dir='ltr'><strong>quem-</strong></span> 
     </span>
    </p>
   </div>
   <div class='ocr_carea' id='block_1_95' title="bbox 677 4815 2208 4905">
    <p class='ocr_par' dir='ltr' id='par_1_95' title="bbox 677 4815 2208 4905">
     <span class='ocr_line' id='line_1_95' title="bbox 677 4815 2208 4905; baseline 0.021 -42"><span class='ocrx_word' id='word_1_682' title='bbox 677 4815 957 4869; x_wconf 89' lang='lat' dir='ltr'><strong>admodum</strong></span> <span class='ocrx_word' id='word_1_683' title='bbox 1011 4831 1192 4878; x_wconf 79' lang='lat' dir='ltr'><strong>sextus</strong></span> <span class='ocrx_word' id='word_1_684' title='bbox 1256 4840 1417 4883; x_wconf 72' lang='lat' dir='ltr'><strong>sexuc</strong></span> <span class='ocrx_word' id='word_1_685' title='bbox 1466 4831 1516 4884; x_wconf 93' lang='lat' dir='ltr'><strong>in</strong></span> <span class='ocrx_word' id='word_1_686' title='bbox 1566 4831 1745 4888; x_wconf 88' lang='lat' dir='ltr'><strong>Trullo</strong></span> <span class='ocrx_word' id='word_1_687' title='bbox 1796 4839 1983 4905; x_wconf 82' lang='lat' dir='ltr'><strong>synodi</strong></span> <span class='ocrx_word' id='word_1_688' title='bbox 2039 4856 2208 4895; x_wconf 91' lang='lat' dir='ltr'><strong>canon</strong></span> 
     </span>
    </p>
   </div>
   <div class='ocr_carea' id='block_1_96' title="bbox 676 4906 882 4957">
    <p class='ocr_par' dir='ltr' id='par_1_96' title="bbox 676 4906 882 4957">
     <span class='ocr_line' id='line_1_96' title="bbox 676 4906 882 4957; baseline 0.024 -5"><span class='ocrx_word' id='word_1_689' title='bbox 676 4906 882 4957; x_wconf 81' lang='lat' dir='ltr'><strong>statuit.</strong></span> 
     </span>
    </p>
   </div>
   <div class='ocr_carea' id='block_1_97' title="bbox 1195 5094 1616 5161">
    <p class='ocr_par' dir='ltr' id='par_1_97' title="bbox 1195 5094 1616 5161">
     <span class='ocr_line' id='line_1_97' title="bbox 1195 5094 1616 5161; baseline 0.017 -16"><span class='ocrx_word' id='word_1_690' title='bbox 1195 5094 1417 5150; x_wconf 80' lang='lat' dir='ltr'><strong>CANON</strong></span> <span class='ocrx_word' id='word_1_691' title='bbox 1458 5099 1616 5161; x_wconf 77' lang='lat' dir='ltr'><strong>XVII,</strong></span> 
     </span>
    </p>
   </div>
   <div class='ocr_carea' id='block_1_98' title="bbox 684 5173 2212 5266">
    <p class='ocr_par' dir='ltr' id='par_1_98' title="bbox 684 5173 2212 5266">
     <span class='ocr_line' id='line_1_98' title="bbox 684 5173 2212 5266; baseline 0.02 -43"><span class='ocrx_word' id='word_1_692' title='bbox 684 5190 700 5220; x_wconf 89' lang='grc' dir='ltr'><strong>ι</strong></span> <span class='ocrx_word' id='word_1_693' title='bbox 745 5173 963 5242; x_wconf 78' lang='lat' dir='ltr'><strong>Placuit,</strong></span> <span class='ocrx_word' id='word_1_694' title='bbox 1014 5190 1072 5235; x_wconf 91' lang='lat' dir='ltr'><strong>ut</strong></span> <span class='ocrx_word' id='word_1_695' title='bbox 1115 5182 1428 5244; x_wconf 84' lang='lat' dir='ltr'><strong>Mauritania</strong></span> <span class='ocrx_word' id='word_1_696' title='bbox 1480 5194 1837 5263; x_wconf 87' lang='lat' dir='ltr'><strong>Sitipbensis,</strong></span> <span class='ocrx_word' id='word_1_697' title='bbox 1893 5210 1950 5252; x_wconf 89' lang='grc' dir='ltr'><strong>ιιι</strong></span> <span class='ocrx_word' id='word_1_698' title='bbox 2003 5202 2212 5266; x_wconf 87' lang='lat' dir='ltr'><strong>petivit,</strong></span> 
     </span>
    </p>
   </div>
   <div class='ocr_carea' id='block_1_99' title="bbox 780 5308 1280 5380">
    <p class='ocr_par' dir='ltr' id='par_1_99' title="bbox 780 5308 1280 5380">
     <span class='ocr_line' id='line_1_99' title="bbox 780 5308 1280 5380; baseline 0.024 -19"><span class='ocrx_word' id='word_1_699' title='bbox 780 5308 825 5339; x_wconf 82' lang='lat'><strong>&quot;</strong></span> <span class='ocrx_word' id='word_1_700' title='bbox 854 5313 893 5363; x_wconf 95' lang='lat' dir='ltr'><strong>ll</strong></span> <span class='ocrx_word' id='word_1_701' title='bbox 934 5312 1068 5369; x_wconf 88' lang='lat' dir='ltr'><strong>Tim.</strong></span> <span class='ocrx_word' id='word_1_702' title='bbox 1116 5334 1174 5380; x_wconf 88' lang='lat' dir='ltr'><strong>ll,</strong></span> <span class='ocrx_word' id='word_1_703' title='bbox 1231 5321 1280 5373; x_wconf 77' lang='grc'>4.</span> 
     </span>
    </p>
   </div>
   <div class='ocr_carea' id='block_1_100' title="bbox 2324 4751 3862 4824">
    <p class='ocr_par' dir='ltr' id='par_1_100' title="bbox 2324 4751 3862 4824">
     <span class='ocr_line' id='line_1_100' title="bbox 2324 4751 3862 4824; baseline 0.001 -18"><span class='ocrx_word' id='word_1_704' title='bbox 2324 4757 2480 4822; x_wconf 78' lang='grc' dir='ltr'>μικὸν</span> <span class='ocrx_word' id='word_1_705' title='bbox 2510 4753 2687 4821; x_wconf 80' lang='grc' dir='ltr'>ἑαυτῴ</span> <span class='ocrx_word' id='word_1_706' title='bbox 2725 4754 2976 4820; x_wconf 78' lang='grc' dir='ltr'>συνιστᾷν</span> <span class='ocrx_word' id='word_1_707' title='bbox 3012 4752 3346 4802; x_wconf 86' lang='grc' dir='ltr'>συνοικέσιον</span> <span class='ocrx_word' id='word_1_708' title='bbox 3382 4751 3470 4802; x_wconf 80' lang='grc' dir='ltr'><strong>ἐπ’</strong></span> <span class='ocrx_word' id='word_1_709' title='bbox 3496 4753 3679 4816; x_wconf 82' lang='grc' dir='ltr'>ἀδείας</span> <span class='ocrx_word' id='word_1_710' title='bbox 3710 4755 3824 4824; x_wconf 74' lang='grc' dir='ltr'>ἔχει</span> <span class='ocrx_word' id='word_1_711' title='bbox 3846 4774 3862 4789; x_wconf 78' lang='grc' dir='ltr'><strong>ο</strong></span> 
     </span>
    </p>
   </div>
   <div class='ocr_carea' id='block_1_101' title="bbox 2320 4837 3871 4907">
    <p class='ocr_par' dir='ltr' id='par_1_101' title="bbox 2320 4837 3871 4907">
     <span class='ocr_line' id='line_1_101' title="bbox 2320 4837 3871 4907; baseline 0.001 -13"><span class='ocrx_word' id='word_1_712' title='bbox 2320 4842 2453 4894; x_wconf 85' lang='grc' dir='ltr'>ἀλλὰ</span> <span class='ocrx_word' id='word_1_713' title='bbox 2509 4841 2688 4906; x_wconf 85' lang='grc' dir='ltr'>μόνοις</span> <span class='ocrx_word' id='word_1_714' title='bbox 2743 4841 2855 4900; x_wconf 83' lang='grc' dir='ltr'>τοῖς</span> <span class='ocrx_word' id='word_1_715' title='bbox 2907 4837 3280 4904; x_wconf 83' lang='grc' dir='ltr'>ἀναγνώσταις</span> <span class='ocrx_word' id='word_1_716' title='bbox 3304 4841 3397 4892; x_wconf 79' lang='grc' dir='ltr'>καὶ</span> <span class='ocrx_word' id='word_1_717' title='bbox 3447 4839 3676 4907; x_wconf 80' lang='grc' dir='ltr'>ψάλταις</span> <span class='ocrx_word' id='word_1_718' title='bbox 3706 4843 3871 4898; x_wconf 78' lang='grc' dir='ltr'>τοῦτο</span> 
     </span>
    </p>
   </div>
   <div class='ocr_carea' id='block_1_102' title="bbox 2320 4927 3870 5003">
    <p class='ocr_par' dir='ltr' id='par_1_102' title="bbox 2320 4927 3870 5003">
     <span class='ocr_line' id='line_1_102' title="bbox 2320 4927 3870 5003; baseline 0.002 -20"><span class='ocrx_word' id='word_1_719' title='bbox 2320 4934 2526 4997; x_wconf 65' lang='grc' dir='ltr'>ἐφεῖται</span> <span class='ocrx_word' id='word_1_720' title='bbox 2549 4970 2563 4992; x_wconf 92' lang='grc'><strong>,</strong></span> <span class='ocrx_word' id='word_1_721' title='bbox 2596 4927 2778 4988; x_wconf 77' lang='grc' dir='ltr'>καθὼς</span> <span class='ocrx_word' id='word_1_722' title='bbox 2807 4930 2834 4979; x_wconf 89' lang='grc' dir='ltr'><strong>ό</strong></span> <span class='ocrx_word' id='word_1_723' title='bbox 2865 4927 3018 4988; x_wconf 72' lang='grc' dir='ltr'>ἕκτος</span> <span class='ocrx_word' id='word_1_724' title='bbox 3049 4927 3225 4980; x_wconf 87' lang='grc' dir='ltr'>κανὼν</span> <span class='ocrx_word' id='word_1_725' title='bbox 3278 4931 3376 4995; x_wconf 81' lang='grc' dir='ltr'>τῆς</span> <span class='ocrx_word' id='word_1_726' title='bbox 3406 4934 3462 4983; x_wconf 81' lang='grc' dir='ltr'>ὲν</span> <span class='ocrx_word' id='word_1_727' title='bbox 3493 4933 3569 4998; x_wconf 84' lang='grc' dir='ltr'>τῷ</span> <span class='ocrx_word' id='word_1_728' title='bbox 3611 4931 3870 5003; x_wconf 83' lang='grc' dir='ltr'>Τρούλλῳ</span> 
     </span>
    </p>
   </div>
   <div class='ocr_carea' id='block_1_103' title="bbox 2320 5016 3054 5087">
    <p class='ocr_par' dir='ltr' id='par_1_103' title="bbox 2320 5016 3054 5087">
     <span class='ocr_line' id='line_1_103' title="bbox 2320 5016 3054 5087; baseline -0.005 -17"><span class='ocrx_word' id='word_1_729' title='bbox 2320 5022 2483 5087; x_wconf 64' lang='grc' dir='ltr'>ἕκτης</span> <span class='ocrx_word' id='word_1_730' title='bbox 2513 5017 2726 5068; x_wconf 86' lang='grc' dir='ltr'>συνόδου</span> <span class='ocrx_word' id='word_1_731' title='bbox 2756 5016 3054 5084; x_wconf 84' lang='grc' dir='ltr'>παρίστησι</span> 
     </span>
    </p>
   </div>
   <div class='ocr_carea' id='block_1_104' title="bbox 2913 5103 3266 5158">
    <p class='ocr_par' dir='ltr' id='par_1_104' title="bbox 2913 5103 3266 5158">
     <span class='ocr_line' id='line_1_104' title="bbox 2913 5103 3266 5158; baseline 0.003 -3"><span class='ocrx_word' id='word_1_732' title='bbox 2913 5105 3144 5158; x_wconf 82' lang='grc' dir='ltr'><strong>ΚΑΝΩΝ</strong></span> <span class='ocrx_word' id='word_1_733' title='bbox 3173 5103 3266 5157; x_wconf 90' lang='lat' dir='ltr'><strong>IZ&#39;.</strong></span> 
     </span>
    </p>
   </div>
   <div class='ocr_carea' id='block_1_105' title="bbox 2331 5195 3872 5269">
    <p class='ocr_par' dir='ltr' id='par_1_105' title="bbox 2331 5195 3872 5269">
     <span class='ocr_line' id='line_1_105' title="bbox 2331 5195 3872 5269; baseline 0.004 -21"><span class='ocrx_word' id='word_1_734' title='bbox 2331 5217 2347 5248; x_wconf 84' lang='grc' dir='ltr'><strong>ι</strong></span> <span class='ocrx_word' id='word_1_735' title='bbox 2393 5197 2748 5264; x_wconf 82' lang='grc' dir='ltr'>Ἦρεσεν,ἱ’να</span> <span class='ocrx_word' id='word_1_736' title='bbox 2791 5198 2824 5264; x_wconf 77' lang='grc' dir='ltr'><strong>ἡ</strong></span> <span class='ocrx_word' id='word_1_737' title='bbox 2875 5195 3216 5263; x_wconf 79' lang='grc' dir='ltr'>Μαυριτανία</span> <span class='ocrx_word' id='word_1_738' title='bbox 3259 5196 3572 5267; x_wconf 82' lang='grc' dir='ltr'>Σιτιφένσης</span> <span class='ocrx_word' id='word_1_739' title='bbox 3609 5201 3762 5269; x_wconf 84' lang='grc'>(16),</span> <span class='ocrx_word' id='word_1_740' title='bbox 3793 5203 3872 5264; x_wconf 83' lang='grc' dir='ltr'>ὡς</span> 
     </span>
    </p>
   </div>
   <div class='ocr_carea' id='block_1_106' title="bbox 1832 5465 2608 5542">
    <p class='ocr_par' dir='ltr' id='par_1_106' title="bbox 1832 5465 2608 5542">
     <span class='ocr_line' id='line_1_106' title="bbox 1832 5465 2608 5542; baseline 0.004 -21"><span class='ocrx_word' id='word_1_741' title='bbox 1832 5465 2024 5524; x_wconf 84' lang='lat' dir='ltr'><strong>Guill.</strong></span> <span class='ocrx_word' id='word_1_742' title='bbox 2057 5465 2381 5542; x_wconf 73' lang='lat' dir='ltr'><strong>Beveregii</strong></span> <span class='ocrx_word' id='word_1_743' title='bbox 2427 5473 2608 5525; x_wconf 66' lang='lat' dir='ltr'><strong>uota).</strong></span> 
     </span>
    </p>
   </div>
   <div class='ocr_carea' id='block_1_107' title="bbox 744 5546 2207 5627">
    <p class='ocr_par' dir='ltr' id='par_1_107' title="bbox 744 5546 2207 5627">
     <span class='ocr_line' id='line_1_107' title="bbox 744 5546 2207 5627; baseline 0.008 -23"><span class='ocrx_word' id='word_1_744' title='bbox 744 5546 853 5615; x_wconf 76' lang='grc'><strong>(16)</strong></span> <span class='ocrx_word' id='word_1_745' title='bbox 881 5550 1009 5627; x_wconf 52' lang='lat' dir='ltr'><strong>&quot;Iro</strong></span> <span class='ocrx_word' id='word_1_746' title='bbox 1037 5554 1072 5617; x_wconf 74' lang='grc' dir='ltr'><em>ἠ</em></span> <span class='ocrx_word' id='word_1_747' title='bbox 1091 5559 1473 5627; x_wconf 23' lang='grc' dir='ltr'>’Μαυριτανία</span> <span class='ocrx_word' id='word_1_748' title='bbox 1499 5560 1873 5627; x_wconf 67' lang='grc' dir='ltr'>Σιτιερένσης.</span> <span class='ocrx_word' id='word_1_749' title='bbox 1918 5565 2012 5617; x_wconf 92' lang='lat' dir='ltr'><strong>llic</strong></span> <span class='ocrx_word' id='word_1_750' title='bbox 2036 5581 2207 5618; x_wconf 81' lang='lat' dir='ltr'><strong>canon</strong></span> 
     </span>
    </p>
   </div>
   <div class='ocr_carea' id='block_1_108' title="bbox 680 5618 2205 5695">
    <p class='ocr_par' dir='ltr' id='par_1_108' title="bbox 680 5618 2205 5695">
     <span class='ocr_line' id='line_1_108' title="bbox 680 5618 2205 5695; baseline 0.014 -31"><span class='ocrx_word' id='word_1_751' title='bbox 680 5618 736 5664; x_wconf 76' lang='lat' dir='ltr'><strong>ut</strong></span> <span class='ocrx_word' id='word_1_752' title='bbox 779 5627 922 5671; x_wconf 86' lang='lat' dir='ltr'><strong>recte</strong></span> <span class='ocrx_word' id='word_1_753' title='bbox 975 5618 1322 5690; x_wconf 80' lang='lat' dir='ltr'><strong>intelligatur,</strong></span> <span class='ocrx_word' id='word_1_754' title='bbox 1359 5628 1532 5695; x_wconf 89' lang='lat' dir='ltr'><strong>primo</strong></span> <span class='ocrx_word' id='word_1_755' title='bbox 1574 5618 1863 5683; x_wconf 69' lang='lat' dir='ltr'><strong>tenendum</strong></span> <span class='ocrx_word' id='word_1_756' title='bbox 1923 5643 2024 5695; x_wconf 84' lang='lat' dir='ltr'><strong>est,</strong></span> <span class='ocrx_word' id='word_1_757' title='bbox 2065 5634 2205 5687; x_wconf 81' lang='lat' dir='ltr'><strong>Alri-</strong></span> 
     </span>
    </p>
   </div>
   <div class='ocr_carea' id='block_1_109' title="bbox 2318 5568 3872 5634">
    <p class='ocr_par' dir='ltr' id='par_1_109' title="bbox 2318 5568 3872 5634">
     <span class='ocr_line' id='line_1_109' title="bbox 2318 5568 3872 5634; baseline 0.005 -17"><span class='ocrx_word' id='word_1_758' title='bbox 2318 5582 2435 5617; x_wconf 80' lang='lat' dir='ltr'><strong>cam</strong></span> <span class='ocrx_word' id='word_1_759' title='bbox 2492 5568 2708 5634; x_wconf 87' lang='lat' dir='ltr'><strong>proprie</strong></span> <span class='ocrx_word' id='word_1_760' title='bbox 2769 5568 2848 5621; x_wconf 89' lang='lat' dir='ltr'><strong>sic</strong></span> <span class='ocrx_word' id='word_1_761' title='bbox 2879 5568 3099 5633; x_wconf 76' lang='lat' dir='ltr'><strong>dictum,</strong></span> <span class='ocrx_word' id='word_1_762' title='bbox 3158 5573 3270 5623; x_wconf 84' lang='lat' dir='ltr'><strong>sive</strong></span> <span class='ocrx_word' id='word_1_763' title='bbox 3329 5578 3558 5622; x_wconf 85' lang='lat' dir='ltr'><strong>tractum</strong></span> <span class='ocrx_word' id='word_1_764' title='bbox 3618 5573 3784 5624; x_wconf 77' lang='lat' dir='ltr'><strong>istum</strong></span> <span class='ocrx_word' id='word_1_765' title='bbox 3844 5589 3872 5624; x_wconf 78' lang='grc' dir='ltr'><strong>τι</strong></span> 
     </span>
    </p>
   </div>
   <div class='ocr_carea' id='block_1_110' title="bbox 2314 5633 3877 5707">
    <p class='ocr_par' dir='ltr' id='par_1_110' title="bbox 2314 5633 3877 5707">
     <span class='ocr_line' id='line_1_110' title="bbox 2314 5633 3877 5707; baseline 0.006 -21"><span class='ocrx_word' id='word_1_766' title='bbox 2314 5637 2448 5688; x_wconf 71' lang='grc' dir='ltr'>ιἰοειο</span> <span class='ocrx_word' id='word_1_767' title='bbox 2493 5633 2760 5689; x_wconf 76' lang='lat' dir='ltr'><strong>Gaditauo</strong></span> <span class='ocrx_word' id='word_1_768' title='bbox 2807 5639 2870 5689; x_wconf 86' lang='lat' dir='ltr'><strong>ad</strong></span> <span class='ocrx_word' id='word_1_769' title='bbox 2920 5639 3278 5706; x_wconf 75' lang='lat' dir='ltr'><strong>Cyrenaicam</strong></span> <span class='ocrx_word' id='word_1_770' title='bbox 3345 5642 3621 5706; x_wconf 85' lang='lat' dir='ltr'><strong>regionem</strong></span> <span class='ocrx_word' id='word_1_771' title='bbox 3685 5656 3877 5707; x_wconf 84' lang='lat' dir='ltr'><strong>porre-</strong></span> 
     </span>
    </p>
   </div>
  </div>
