4114 6478
641 363 707 424 95
1863 371 2126 432 THEOD.
2172 367 2561 427 BALSAMON
3729 355 3798 418 96

638 471 823 525 milites
852 477 998 544 elegit
1026 478 1091 530 ⁸⁸.
1124 479 1268 542 Quod
1295 481 1337 530 si
1387 482 1449 531 dc
1492 483 1707 547 prolana
1753 480 1933 532 militia
1979 491 2157 528 verum

2285 475 2360 540 εὴν
2391 476 2834 543 στρατευομένοις
2871 471 3155 540 στρατείαν
3183 470 3336 522 τοῦτο
3367 469 3604 536 εἴρηται,
3626 463 3802 532 πολλῷ

636 569 715 611 est
739 601 750 621 .
786 574 930 615 certe
962 566 1012 616 in
1051 582 1162 626 eos,
1210 569 1298 635 qui
1323 569 1514 620 divina:
1548 569 1749 621 militiae
1804 569 1852 619 in
1885 581 2038 618 sacro
2069 580 2159 616 or-

633 645 755 699 dine
790 651 1072 714 mancipati
1122 663 1265 715 sunt,
1323 656 1474 722 longe
1523 657 1976 708 accommodatius
2030 668 2159 719 ιιιιτιο

631 732 828 788 drabit.
859 737 933 790 De
964 739 1250 794 lectoribus
1300 758 1423 795 vero
1458 746 1595 810 quod
1641 745 1898 810 sequitur,
1957 753 2014 794 ut
2057 758 2156 807 pu-

634 824 856 877 bertatis
913 837 1185 894 tempore,
1239 844 1428 898 quarto
1489 835 1695 886 decimo
1758 835 1962 887 scilicet
2021 848 2158 885 anno

628 915 859 977 expleto.
893 919 969 968 vel
998 921 1520 989 matrimoniojungi,
1553 925 1629 975 vel
1655 925 1952 976 caelibatum
1997 923 2161 989 proﬁ-

633 1001 731 1052 teri
758 1015 1017 1070 cogantur
1052 1023 1064 1058 :
1099 1023 1163 1058 an
1201 1023 1260 1061 ea
1289 1011 1339 1062 in
1375 1011 1625 1064 Africana
1660 1014 1893 1066 Ecclesia
1935 1026 2158 1064 consue-

627 1092 755 1142 tudo
789 1092 1070 1146 inoleverit
1104 1097 1238 1148 haml
1291 1098 1445 1152 facile
1476 1101 1724 1153 dixerim.
1771 1101 1829 1153 In
1873 1101 1989 1153 aliis
2019 1109 2162 1152 certe

627 1173 882 1229 Ecclesiis
910 1181 1048 1232 haud
1073 1183 1241 1248 viget;
1278 1184 1382 1236 imo
1408 1201 1503 1238 nec
1533 1187 1640 1239 ullo
1664 1203 1893 1254 unquam
1927 1196 2161 1253 tempore

627 1262 860 1327 viguisse
890 1281 990 1332 ego
1037 1270 1250 1335 quidem
1297 1275 1918 1339 existimo;adversatnr
1968 1278 2162 1344 quippe

627 1362 929 1404 sanctorum
996 1358 1354 1422 apostolorum
1405 1361 1658 1414 vicesimo
1713 1373 1864 1415 sexto
1929 1364 2158 1424 canoni,

627 1441 716 1506 qui
743 1443 1034 1497 lectoribus
1077 1458 1130 1498 et
1165 1451 1492 1514 cantoribus,
1545 1462 1823 1519 postquam
1872 1453 1922 1503 in
1959 1452 2158 1504 clerum

625 1532 841 1599 ascripti
895 1533 1130 1600 fuerint,
1191 1553 1382 1593 uxores
1451 1541 1720 1593 ducendas
1771 1553 1890 1592 esse
1935 1539 2160 1600 statuit,

625 1633 798 1687 neque
830 1632 1030 1675 certum
1060 1625 1270 1693 aliquod
1294 1637 1498 1694 tempus
1523 1629 1824 1695 nuptiarum
1848 1625 2158 1693 praescribit,

625 1719 716 1762 aut
749 1711 928 1778 aliqua
959 1729 1051 1766 eos
1093 1718 1436 1771 continentia
1478 1718 1811 1784 professione
1852 1718 2162 1786 obligandos

2265 564 2459 628 μᾶλλον
2487 566 2713 631 ἁρμόσει
2742 565 2851 624 τοῖς
2881 562 2956 630 τῷ
2980 561 3097 628 Θεῷ
3122 559 3571 627 στρατευομένοις
3592 555 3680 607 διὰ
3703 555 3801 618 τῆς

2267 653 2582 720 ἱερωσύνης.
2616 654 2688 704 Τὸ
2740 654 2795 704 δέ
2831 653 2954 712 τοὺς
2988 649 3338 714 ἀναγνώστας
3389 648 3445 696 ἐν
3499 645 3574 712 τῷ
3624 643 3798 709 καιρῷ

2261 741 2356 806 τῆς
2388 742 2544 809 ἥόης,
2566 744 2728 809 ἤγουν
2749 741 2883 806 μετά
2905 741 2994 791 τον
3026 741 3085 790 ιδ’
3119 737 3365 789 ἐνιαυτὸν
3396 732 3800 799 ἀναγκάζεσθαι

2263 829 2293 894 ἦ
2340 831 2498 897 γάμῳ
2527 831 2803 896 ὁμιλῆσαι,
2839 831 2870 897 ἦ
2903 830 3140 894 ἀγαμίαν
3175 825 3520 894 ὑποσχέσθαι,
3557 824 3656 874 οὐκ
3685 819 3802 874 οῖδα

2261 919 2308 967 εί
2338 920 2481 982 παρά
2515 923 2622 977 τοῖς
2673 919 2729 967 ἐν
2759 917 2991 983 Ἀφρικῇ
3051 915 3341 980 ἐκράτησε.
3390 910 3543 976 Παρὰ
3576 909 3630 960 δὲ
3679 911 3797 967 ταῖς

2261 1004 2442 1062 ἄλλαις
2484 1004 2822 1071 Ἐκκλησίαις
2877 1004 2933 1053 οὐ
2970 1005 3194 1064 κρατεῖ·
3256 995 3406 1064 οἶμαι
3460 997 3516 1048 δὲ
3572 998 3651 1047 ὅτι
3683 994 3800 1045 οὐδὲ

2263 1093 2478 1143 πώποτε
2527 1094 2848 1160 ἐκράτησεν,
2902 1089 3314 1151 ἐναντιούμενον
3344 1085 3421 1152 τῷ
3451 1083 3542 1146 κς·’
3571 1085 3801 1134 ἀποστο-

2262 1179 2394 1246 λικῷ
2424 1181 2626 1240 κανόνι,
2657 1180 2890 1249 ὁρίζοντι
2917 1176 3263 1242 ἀναγνώστας
3296 1175 3389 1226 καὶ
3415 1174 3639 1238 ψάλτας,
3665 1173 3802 1236 μετᾶ

2261 1267 2323 1316 τὸ
2378 1269 2456 1326 εἰς
2507 1267 2700 1333 κλῆρον
2737 1266 3058 1332 προελθεῖν,
3097 1265 3310 1329 γαμεῖν,
3347 1261 3439 1313 καὶ
3498 1259 3572 1326 μὴ
3603 1257 3798 1324 καιρὸν

2262 1357 2442 1414 αὐτοῖς
2473 1355 2564 1406 τοῦ
2611 1358 2786 1422 γάμου
2842 1355 3097 1423 ὁρίζοντι,
3136 1355 3271 1421 μήτε
3331 1349 3656 1416 ἐγκράτειαν
3704 1349 3802 1397 ἐπ-

2262 1445 2620 1511 αγγέλλεσθαι
2658 1447 2992 1496 ἀπαιτοῦντι.
3025 1445 3096 1494 To
3127 1444 3181 1494 δὲ
3209 1441 3472 1504 δανείζειν
3514 1441 3638 1498 τοὺς
3676 1437 3807 1502 κλη-

2265 1537 2444 1604 ρικοὺς
2498 1536 2588 1586 ἐπὶ
2647 1534 2820 1594 τόκοις
2872 1535 3084 1595 πολλοῖς
3143 1533 3512 1599 ἀπηγόρευται
3579 1528 3807 1578 κανόσν

2263 1626 2355 1676 καὶ
2385 1619 2537 1686 οὗτος
2571 1624 2627 1676 δὲ
2657 1624 2715 1674 τὸ
2747 1625 2878 1675 αὐτὸ
2906 1622 3142 1674 κελεύει·
3199 1621 3289 1673 καί
3324 1635 3507 1687 φησιν,
3541 1616 3634 1669 ἐὰν
3677 1614 3814 1681 χρή-

2269 1731 2410 1780 ματα
2444 1714 2561 1781 ἦτοι
2597 1713 2905 1781 νομίσματα
2938 1711 3010 1778 δῷ
3039 1710 3296 1778 κληρεκδς
3326 1711 3382 1759 ἐν
3407 1707 3620 1775 χρήσει,
3645 1705 3813 1771 ἤγουν

623 1813 743 1855 esse
774 1805 1036 1857 decernit.
1080 1806 1152 1858 De
1180 1806 1360 1860 fenore
1397 1824 1556 1876 porro
1585 1824 1611 1860 a
1643 1809 1852 1862 clericis
1879 1824 1978 1861 non
2010 1823 2165 1860 exer-

2285 1779 2484 1871 Ξανείσγι
2515 1803 2582 1853 τὰ
2610 1779 2888 1870 χρήματα,
2921 1801 3166 1852 τουτέστι
3195 1799 3426 1850 τοσαῦτα
3453 1797 3682 1862 λήψεται
3721 1793 3818 1844 καὶ

623 1891 793 1944 cendo
825 1894 976 1945 multi
1003 1909 1239 1949 canones
1259 1906 1470 1950 exstant
1501 1915 1513 1950 :
1559 1900 1804 1965 idemque
1832 1898 1928 1950 hoc
1954 1910 2166 1964 quoque

626 1994 834 2032 canone
865 1995 929 2032 ne
955 1981 1107 2034 liceat
1139 1985 1515 2049 constitutum;
1541 2000 1604 2037 ac
1633 1986 1677 2039 si
1708 1985 1941 2052 quidem,
1975 1984 2164 2050 inquit,

626 2069 904 2134 pecuniam
958 2082 1044 2122 aut
1101 2087 1347 2127 nummos
1396 2075 1619 2127 utendos
1664 2075 1891 2140 cuipiam
1940 2073 2165 2126 clericus

625 2156 974 2222 concesserit,
1021 2162 1118 2214 hoc
1147 2172 1246 2225 est,
1285 2173 1500 2215 mutuos
1522 2164 1751 2225 dederit,
1800 2165 2014 2217 totidem
2066 2163 2163 2215 sibi

628 2248 883 2309 vicissim,
916 2265 1011 2302 nec
1042 2251 1219 2315 plures
1255 2252 1359 2306 ullo
1410 2254 1588 2315 modo,
1639 2263 1790 2307 curet
1829 2253 2123 2306 reddendos
2154 2271 2167 2305 :

627 2336 670 2388 si
705 2351 831 2388 vero
863 2339 936 2390 rei
972 2340 1228 2405 speciem,
1276 2341 1597 2395 frumentum
1638 2343 1830 2410 quippe
1854 2353 1946 2395 aut
1970 2343 2167 2402 vinum,

629 2434 722 2475 aut
752 2423 1014 2489 ejusmodi
1055 2429 1322 2494 quidpiam
1361 2431 1582 2493 dederit,
1619 2433 1970 2494 tantumdem,
2003 2447 2174 2498 quan-

631 2522 746 2565 tum
782 2515 948 2577 dedit,
987 2531 1084 2568 nec
1108 2517 1227 2584 plus
1254 2518 1451 2584 aliquid
1485 2520 1718 2573 vicissim
1750 2521 1999 2587 accipiat.
2039 2519 2170 2574 Illud

629 2619 861 2672 quoque,
919 2623 983 2660 ne
1051 2609 1281 2663 minores
1353 2610 1589 2678 quinque
1644 2619 1697 2662 et
1756 2610 1938 2676 viginti
2010 2609 2164 2661 annis

633 2691 842 2745 diaconi
877 2695 1162 2761 eligantur,
1200 2701 1504 2763 complures
1537 2698 1660 2749 item
1710 2711 1945 2750 canones
1985 2697 2169 2747 decre-

633 2797 778 2838 iere.
814 2784 1014 2838 Deinde
1042 2787 1354 2849 lectoribus,
1412 2804 1478 2840 ne
1519 2790 1730 2853 expleto
1775 2787 2076 2838 ministerio
2112 2800 2171 2838 se

633 2872 697 2922 ad
753 2876 1005 2942 populum
1061 2876 1324 2928 salutandi
1391 2880 1557 2945 gratia
1615 2885 1961 2939 convertant,
2007 2875 2172 2926 inter-

2271 1894 2330 1944 οὐ
2359 1892 2577 1944 πλείονα
2599 1909 2612 1921 '
2653 1893 2747 1942 ἐὰν
2791 1893 2844 1942 δὲ
2873 1888 3014 1952 εἶδος
3040 1891 3138 1956 δῷ,
3170 1893 3314 1941 σῖτον
3340 1888 3502 1955 τυχὸν
3527 1887 3559 1956 ἢ
3588 1881 3751 1945 οἶνον,
3784 1886 3816 1949 ἢ

2271 1983 2454 2050 ἕτερόν
2486 1999 2538 2031 τι
2571 1981 2830 2041 τοιοῦτον,
2881 1983 3005 2033 ὅσον
3059 1980 3245 2043 ἔδωκε,
3302 1978 3552 2045 λήψεται,
3605 1976 3701 2028 καὶ
3759 1973 3819 2024 οὗ

2271 2071 2450 2122 πλέον.
2483 2073 2589 2122 Καὶ
2634 2072 2693 2121 τὸ
2727 2072 2830 2138 πρὸ
2866 2071 3312 2138 συμπληρώσεως
3343 2074 3416 2118 κε’
3447 2065 3709 2117 ἐνιαυτῶν
3741 2063 3817 2130 μὴ

2271 2159 2689 2229 χειροτονεῖσθαι
2723 2161 2987 2213 διάκονον.
3012 2160 3290 2224 διαφόροις
3319 2157 3536 2209 κανόσιν
3558 2155 3814 2223 ὢρισται.

2284 2250 2678 2317 Ἀπηγόρευται
2732 2250 2786 2301 δὲ
2816 2252 2925 2310 τοῖς
2976 2249 3350 2314 ἀναγνώσταις
3380 2249 3436 2298 ἐν
3469 2245 3544 2312 τῷ
3575 2242 3818 2311 πληροῦν

2273 2339 2368 2406 τὴν
2405 2338 2679 2392 διακονίαν
2721 2341 2897 2390 αὐτῶν
2935 2339 3259 2409 στρέφεσθαι
3297 2337 3431 2406 πρὸς
3480 2338 3570 2389 τὸν
3626 2337 3824 2404 δῆμον,

2273 2429 2368 2479 καὶ
2396 2433 2744 2494 προσκυνεῖν.
2793 2429 2992 2488 Μόνοις
3021 2430 3128 2496 γὰρ
3161 2433 3270 2488 τοῖς
3328 2427 3646 2494 ἀρχιερεῦσι
3703 2425 3827 2474 τότε

2276 2518 2498 2579 καὶτοῖς
2539 2518 2776 2586 ἱερεῦσιν
2805 2519 3074 2584 ὀφείλουσι
3101 2520 3444 2585 προσκυνεῖν,
3483 2519 3573 2568 καὶ
3596 2516 3717 2582 οὐχὶ
3751 2516 3829 2580 τῷ

2278 2608 2468 2676 πλήθει
2510 2610 2617 2659 τῶν
2648 2611 2705 2658 ἐν
2733 2613 2799 2676 τῇ
2844 2608 3138 2676 Ἐκκλησία
3200 2608 3714 2676 συναθροιζομένων.
3765 2609 3829 2657 Οί

2279 2699 2377 2765 μὲν
2401 2698 2508 2764 γὰρ
2537 2698 2806 2765 ἱέρωνται,
2836 2701 2884 2749 oi
2915 2700 2970 2750 δὲ
2997 2699 3088 2750 τοῦ
3120 2700 3288 2768 δήμου
3326 2699 3513 2767 πόρρω
3544 2699 3640 2766 τῆς
3672 2700 3830 2764 ἱερω-

2283 2786 2446 2852 σύνης
2476 2787 2605 2850 εἰσὶ,
2643 2792 2734 2840 καὶ
2769 2790 2968 2855 μᾶλλον
2998 2789 3260 2857 τιμᾶσθαι
3290 2788 3426 2853 δέον,
3460 2786 3746 2840 καὶταῦτα
3773 2787 3832 2838 ἐν

2279 2875 2454 2944 καιρῷ
2480 2878 2576 2945 τῆς
2599 2876 2901 2944 ὑπουργίας
2928 2879 3124 2931 αὐτῶν.

635 2965 857 3017 dictmn.
892 2967 1046 3020 Solos
1073 2985 1299 3036 namque
1325 2986 1389 3023 eo
1420 2981 1656 3038 tempore
1680 2973 1948 3024 antistites
1972 2975 2039 3033 ;et
2081 2966 2410 3032 sacerdotes,
2430 2986 2539 3024 non
2591 2988 2966 3044 congregatam
3030 2977 3079 3028 in
3137 2975 3359 3028 ecclesia
3414 2973 3830 3030 multitudinem.

635 3055 702 3105 ab
752 3055 818 3106 iis
872 3057 1091 3109 salutari
1135 3055 1214 3108 fas
1259 3065 1358 3110 est.
1412 3057 1513 3125 Ipsi
1567 3060 1707 3112 enim
1759 3058 1953 3110 sacrati
2007 3064 2164 3114 sunt,
2207 3055 2488 3110 multitudo
2519 3075 2645 3114 vero
2678 3078 2705 3114 a
2739 3065 2912 3117 sacris
2965 3064 3243 3116 ordinibus
3321 3067 3478 3130 longo
3556 3064 3837 3118 intervallo

635 3143 898 3210 disjuncta
929 3163 942 3197 :
975 3155 1029 3198 nt
1059 3147 1278 3211 proinde
1306 3148 1369 3200 iis
1397 3149 1571 3214 potius
1606 3163 1634 3200 a
1681 3148 1871 3216 populo
1904 3147 2159 3199 honorem
2192 3139 2457 3208 exhiberi,
2495 3150 2790 3212 praasertim
2830 3151 2953 3202 dum
3015 3151 3065 3203 in
3132 3150 3211 3203 sui
3276 3149 3556 3202 ministerii
3603 3149 3837 3201 functio-

638 3236 793 3288 nibus
826 3246 1120 3294 versantur.
1146 3247 1385 3302 oporteat

638 3324 860 3378 ARIST.
913 3344 930 3374 ι
963 3326 1277 3392 EpiscOpus,
1328 3327 1627 3394 presbyter,
1672 3338 1719 3378 et
1768 3327 2025 3380 diaconus
2081 3345 2176 3382 non

2290 3327 2509 3382 ΔΡΙΣΤ.
2551 3344 2568 3376 ι
2607 3323 2954 3384 Ἐπίσκοπος,
2998 3322 3383 3391 πρεσϐύτερος,
3445 3325 3536 3374 καὶ
3569 3323 3834 3383 διάκονος,

716 3431 732 3462 ι
774 3414 904 3464 ﬁunt
939 3415 1310 3478 Conductores,
1339 3433 1513 3482 neque
1565 3427 1959 3484 procuratores.
1993 3417 2184 3470 Lector

719 3525 736 3554 ι
778 3506 946 3569 pubes
992 3503 1164 3557 factus
1199 3507 1278 3557 vel
1335 3509 1735 3559 matrimonium
1790 3508 2072 3561 contrahat
2105 3509 2185 3562 vel

720 3612 737 3644 ι
779 3594 1159 3648 continentiam
1191 3596 1523 3663 profiteatur.
1563 3616 1579 3647 ι

716 3683 1025 3749 Ισῖρίεςονοδ.
1072 3694 1123 3736 et
1167 3685 1521 3753 presbyteros,
1572 3695 1624 3738 et
1673 3686 1927 3740 diaconos
1973 3688 2187 3742 fenera-

643 3783 807 3835 tores,
838 3772 998 3840 540
1024 3784 1114 3824 aut
1149 3775 1538 3839 possessionum
1567 3776 1862 3842 aliquarttm
1897 3779 2189 3832 conducto-

650 3877 765 3920 res,
805 3867 883 3913 vel
920 3863 1078 3912 etiam
1116 3863 1423 3926 provisores
1453 3863 1585 3928 fieri,
1635 3873 1687 3917 et
1733 3880 1972 3932 praesens
2017 3881 2187 3920 canon

648 3950 892 4015 prohibet
921 3961 973 4001 et
1015 3951 1209 4003 diversi
1244 3952 1356 4004 alii.
1389 3953 1582 4006 Lector
1626 3963 1824 4016 autem,
1874 3956 1963 4022 qui
2014 3956 2189 4023 impu-

649 4037 827 4088 berem
859 4048 1068 4090 aetatem
1128 4041 1461 4105 transilierit,
1511 4054 1562 4096 et
1616 4044 1802 4110 viginti
1858 4044 1971 4097 fere
2021 4060 2191 4100 annos

651 4129 907 4192 attigerit,
941 4139 994 4181 et
1030 4130 1435 4197 Itypodiaconus
1470 4133 1581 4185 fieri
1617 4134 1759 4200 cupit
1805 4133 1948 4201 (nam
2002 4136 2190 4203 viginti

653 4218 806 4268 annis
841 4218 1447 4288 jnniorhypodiaconus
1481 4238 1584 4275 non
1635 4222 1938 4286 ordinatur,
1987 4234 2045 4275 ιιι
2095 4225 2192 4277 de-

649 4306 822 4358 cimus
843 4307 1060 4372 quintus
1083 4317 1242 4361 sexta}
1267 4311 1316 4362 in
1333 4311 1514 4362 Trullo
1535 4311 1718 4378 synodi
1750 4326 1919 4364 canon
1954 4313 2187 4380 statuit),

655 4398 734 4449 vel
768 4415 984 4451 uxorem
1017 4411 1138 4454 ante
1164 4403 1554 4455 ordinationem
1605 4405 1802 4465 ducat,
1839 4404 1921 4455 vel
1956 4404 2190 4456 cazlibem

652 4501 810 4553 agere
864 4489 1198 4554 profiteatur.
1266 4491 1399 4542 Nam
1471 4505 1584 4558 post
1642 4493 2033 4545 ordinationem
2098 4508 2194 4546 nec

653 4578 983 4643 presbytero,
1019 4593 1118 4630 nec
1154 4578 1400 4643 diacono,
1448 4595 1544 4632 nec
1585 4580 1955 4649 bypodiacono
2003 4583 2192 4634 ntatri-

2366 3437 2382 3468 ι
2420 3418 2750 3482 ἐκλήπτορες
2798 3414 2858 3463 οὑ
2914 3413 3178 3478 γίνονται,
3213 3412 3332 3463 οῦδέ
3370 3413 3834 3480 προκουράτορες.

2365 3529 2381 3560 ι
2433 3509 2489 3557 ,υ
2523 3505 2719 3573 ἄνηϐος
2776 3501 3127 3570 ἀναγνώστης
3177 3502 3209 3567 ἢ
3269 3501 3442 3568 γάμον
3491 3505 3834 3572 αίρείσθω,ἢ

2364 3613 2381 3646 ι
2419 3595 2742 3660 ἐγκράτειαν
2774 3589 3118 3657 όμολογείτω.
3147 3607 3165 3639 ι

2359 3684 2431 3734 Τὸ
2462 3679 2896 3747 πακτωναρίους,
2927 3677 2960 3746 ἢ
3005 3677 3276 3744 μισθωτάς
3311 3679 3608 3746 κτημάτων
3650 3681 3835 3739 τινῶν,

2289 3775 2322 3844 ἢ
2353 3773 2449 3824 καὶ
2484 3768 2788 3838 προνοητάς
2817 3766 3058 3834 γίνεσθαι
3088 3769 3436 3831 ἐπισκόπους,
3473 3770 3566 3820 καὶ
3595 3770 3838 3838 πρεσὸυ-

2289 3865 2500 3932 τέρους,
2525 3863 2617 3912 καὶ
2642 3859 2947 3921 διακόνους,
2982 3857 3074 3908 καὶ
3101 3859 3128 3908 ό
3157 3858 3343 3925 παρὼν
3401 3859 3595 3910 κωλύει
3631 3860 3835 3921 κανὼν,

2291 3954 2386 4007 καὶ
2439 3952 2614 4019 ἕτεροι
2645 3949 2915 4016 διάφοροι.
2957 3946 3335 4016 Ἀναγνώστης
3383 3949 3438 4000 δὲ
3484 3950 3585 4019 τὴν
3641 3949 3842 4019 ἄνησυν

2293 4039 2641 4110 ὑπεραναὸἀς
2704 4038 2939 4106 ἠλικίαν,
2993 4036 3087 4088 καὶ
3141 4037 3304 4102 ἐγγύς
3357 4055 3456 4089 που
3503 4039 3606 4103 τῶν
3660 4039 3840 4091 εἴκοσι

2294 4134 2497 4202 χρόνων
2528 4128 2835 4195 γενόμενος,
2873 4125 2964 4177 καὶ
3015 4124 3295 4193 βουληθεὶς
3326 4127 3576 4193 γενέσθαι
3621 4129 3843 4181 ὑποδια-

2295 4237 2444 4281 κονος
2475 4218 2612 4281 (οὐδὲ
2637 4217 2746 4284 γάρ
2775 4215 2952 4284 ἥττων
2992 4213 3100 4266 τῶν
3144 4215 3311 4265 εἰκοσι
3353 4216 3561 4282 χρόνων
3592 4234 3842 4285 χειροτο-

2296 4313 2463 4361 νεῖται
2488 4292 2859 4368 ὑποδιάκονος,
2892 4303 3068 4364 καθὼς
3092 4305 3119 4354 ό
3147 4305 3624 4367 πεντεκαιδέκατος
3657 4308 3839 4358 κανὼν

2296 4402 2394 4467 τῆς
2425 4401 2478 4450 ἐν
2513 4397 2589 4464 τῷ
2619 4393 2872 4462 Τρούλλῳ
2939 4393 3104 4459 ’ἐκτης
3141 4393 3356 4443 συνόδου
3401 4392 3778 4458 διαλαμϐάνει)
3811 4397 3842 4464 ἢ

2298 4493 2526 4559 γυναῖκα
2556 4489 2661 4554 πρὸ
2689 4488 2786 4554 τῆς
2826 4485 3161 4554 χειροτονίας
3191 4482 3536 4549 λαμϐανέτω,
3569 4485 3600 4554 ἢ
3639 4486 3844 4553 παρθε-

2298 4583 2472 4633 νεύειν
2497 4577 2850 4646 ὁμολογείτω.
2881 4575 3033 4627 Μετὰ
3067 4575 3176 4639 γὰρ
3206 4575 3302 4641 τὴν
3361 4579 3691 4642 χειροτονίαν
3719 4578 3843 4630 οὔτε

659 4666 887 4718 moniale
935 4666 1117 4733 iugum
1177 4669 1227 4720 in
1277 4683 1336 4721 se
1389 4671 1660 4737 suscipere
1691 4671 1975 4725 licet:sed
2027 4674 2176 4727 lector

2300 4639 2689 4740 πρεσῦύτερος,
2722 4666 2844 4717 οὗτε
2881 4665 3147 4724 διάκονος,
3175 4639 3297 4714 οὗτε
3350 4639 3716 4726 ῦποδιάκονος,
3744 4684 3845 4732 γα-

657 4755 801 4807 ribus
834 4756 964 4808 solis
999 4767 1051 4810 et
1100 4759 1410 4811 cantoribus
1432 4760 1558 4813 illud
1605 4763 1946 4829 permittitur,
2004 4779 2193 4831 quem-

655 4843 937 4895 admodum
991 4854 1174 4900 sextus
1238 4859 1400 4901 sexta:
1449 4849 1499 4901 in
1549 4848 1728 4903 Trullo
1779 4850 1966 4918 synodi
2023 4866 2192 4904 canon

655 4933 863 4984 statuit.

1179 5114 1403 5169 CANON
1443 5116 1601 5176 XVII.

666 5219 682 5250 ι
728 5201 947 5266 Placuit,
999 5213 1057 5258 ut
1100 5204 1415 5262 Mauritania
1467 5211 1824 5277 Sitipbensis,
1880 5222 1936 5264 ut
1989 5212 2198 5278 petivit,

764 5335 809 5365 "
839 5338 878 5389 ll
920 5337 1056 5392 Tim.
1102 5356 1161 5402 ιι,
1217 5342 1267 5393 4.

2307 4764 2462 4829 μικὺν
2493 4759 2669 4826 ἑαυτῷ
2708 4757 2959 4824 συνιστᾷν
2995 4754 3330 4804 συνοικέσιον
3366 4752 3453 4803 ἐπ’
3480 4752 3663 4815 ἀδείας
3694 4754 3807 4822 ἔχει
3827 4772 3842 4786 ·

2303 4850 2436 4902 ἀλλά
2493 4847 2671 4913 μόνοις
2726 4846 2838 4904 τοῖς
2890 4839 3264 4907 ἀναγνώσταις
3289 4842 3382 4893 καὶ
3431 4840 3661 4907 ψάλταις
3691 4842 3850 4894 τοῦτο

2304 4941 2546 5004 ἐφεῖται,
2580 4933 2762 4993 καθὼς
2791 4934 2818 4984 ό
2849 4931 3003 4992 ἕκτος
3033 4929 3210 4982 κανὼν
3263 4932 3360 4997 τῆς
3391 4935 3447 4984 ἐν
3478 4932 3555 4998 τῷ
3597 4930 3850 5000 Τρούλλῳ

2305 5029 2468 5094 ἱξκτης
2498 5022 2711 5074 συνόδου
2741 5020 3039 5088 παρίστησι

2899 5108 3130 5161 ΚΑΝΩΝ
3159 5106 3253 5159 ΙΖ’.

2317 5225 2334 5256 ί
2379 5203 2735 5271 ,Πρεσεννῖνα
2777 5202 2810 5268 ἡ
2862 5197 3204 5266 Μαυριτανία
3246 5198 3560 5267 Σιτιφένσης
3598 5201 3709 5269 (16)
3737 5240 3750 5262 ν
3779 5201 3854 5261 ὡς

1822 5475 2014 5534 Gnill.
2046 5473 2372 5550 Bevcregii
2417 5480 2597 5532 notae.

729 5573 840 5640 (l6)
868 5575 998 5626 "Ira
1026 5577 1061 5638 ἡ
1103 5577 1462 5641 Μαυριτανία
1490 5574 1863 5640 Σιτιφὲνσης.
1909 5577 2003 5628 llic
2026 5591 2197 5628 canon

665 5647 722 5692 ut
766 5652 910 5696 reete
963 5643 1312 5711 intelligatur,
1349 5645 1523 5712 primo
1565 5647 1854 5697 tenendum
1914 5654 2016 5706 cst,
2057 5643 2196 5697 Afri-

2308 5589 2424 5625 cam
2482 5574 2699 5640 proprie
2759 5573 2838 5625 sic
2870 5572 3090 5635 dictam,
3149 5575 3261 5626 sive
3320 5581 3550 5623 tractum
3609 5572 3773 5622 istum
3829 5585 3855 5620 τι

2305 5644 2438 5695 l'reto
2484 5641 2751 5694 Gaditano
2798 5643 2861 5693 ad
2911 5642 3269 5709 Cyrenaicam
3335 5643 3613 5706 regionem
3677 5655 3860 5706 porre-
