4114 6446
622 368 725 433 103

1861 372 2137 432 TllEOD.
2182 373 2575 435 BALSAMON

3716 373 3816 438 104

612 487 703 530 aut
733 476 912 530 clerici
956 477 1295 543 ordinantur,
1331 477 1398 532 ab
1443 477 1633 531 eodem
1667 477 1719 529 in
1758 476 1824 530 iis
1856 492 1974 546 quae
2002 491 2162 546 syno—

2269 495 2361 531 κον
2393 485 2490 545 δεῖ,
2527 483 2689 551 φησὶν
2734 487 2761 537 6
2804 484 3003 548 κανὼν,
3039 484 3216 552 λέγειν
3264 483 3378 547 τοῖς
3410 489 3817 554 χειροτονουμιο

613 568 798 621 dorum
828 568 1041 621 decreto
1080 568 1143 620 de
1177 568 1298 633 ﬁde,
1328 577 1382 620 et
1413 568 1535 621 vita:
1562 567 1902 621 instituenda:
1932 568 2164 633 ratione,

613 657 784 722 deque
825 658 1190 711 ecclesiastica
1241 659 1703 711 administratione
1756 661 1963 711 sancita
2014 668 2164 722 sunt,

615 747 813 798 erudiri
867 750 1080 809 debent,
1128 759 1183 800 ut
1232 747 1454 815 proinde
1505 749 1576 800 illi
1614 749 2023 801 constitutiones
2071 747 2169 800 Pa-

613 843 752 883 trum
817 836 1063 902 cognitas
1120 846 1360 900 servent,
1421 851 1518 890 nec
1567 851 1662 890 eos
1715 837 1906 889 iisdem
1955 836 2168 888 violatis

613 924 922 990 pantiteutia
974 927 1096 978 facti
1154 927 1488 993 postmodum
1539 935 1921 991 consequatur.
1972 927 2170 978 Conse-

611 1025 806 1077 qnetnr
853 1030 915 1067 ea
965 1032 1217 1083 namque,
1256 1033 1374 1069 cum
1432 1018 1650 1069 admissi
1688 1018 1949 1079 criminis,
2003 1017 2083 1069 vel
2118 1017 2198 1076 in,

610 1100 708 1152 hac
739 1117 948 1171 qunque
996 1104 1125 1167 vita,
1161 1105 1241 1157 vel
1274 1105 1326 1157 in
1373 1105 1551 1158 futura
1580 1115 1726 1160 certe
1758 1120 1942 1169 poenas
1967 1104 2170 1172 judicio

612 1188 927 1241 inexorabili
958 1193 1260 1257 expendeut

611 1277 835 1331 ARIST.
895 1299 912 1329 ι
955 1281 1291 1349 Synodorutn
1340 1282 1534 1350 placita
1592 1283 1809 1335 auribus
1878 1282 2017 1350 ejus,
2078 1282 2166 1350 qui

861 1388 879 1419 ι
913 1373 1238 1424 ordinandus
1282 1382 1382 1436 est,
1419 1373 1842 1427 inculcabttntur.
1897 1392 1916 1422 ι

688 1457 785 1523 Qui
843 1461 1124 1528 episcopus
1180 1463 1262 1515 vel
1322 1464 1548 1516 clericus
1607 1468 1907 1528 ordinatur,
1967 1482 2085 1534 quae
2139 1483 2167 1518 a

609 1550 828 1618 synodis
873 1552 1084 1603 decreta
1138 1553 1345 1606 suntin
1380 1569 1540 1606 aures
1585 1554 1718 1620 ejus,
1766 1557 1833 1607 ab
1871 1571 1934 1608 eo
1968 1557 2057 1624 qui
2094 1557 2169 1622 ip.

609 1651 728 1690 sum
776 1639 1006 1700 ordinat,
1063 1641 1256 1693 tradita
1295 1641 1446 1694 debet
1479 1643 1734 1709 recipere,
1770 1652 1841 1707 εἰ,
1893 1645 2166 1699 admoneri

609 1740 668 1776 ea
701 1727 926 1778 observa
937 1743 1008 1780 rc.

1186 1816 1413 1872 CANON
1459 1817 1574 1871 ΧΧ.

616 1923 633 1954 ι
708 1896 972 1962 Similiter
1044 1911 1264 1978 placuit,
1326 1924 1379 1964 ut
1443 1914 1790 1965 morientium
1850 1914 2168 1982 corporibus

683 2017 702 2048 ι
747 2002 1072 2054 eucliaristia
1125 2019 1226 2055 non
1281 2005 1459 2056 detur.
1523 2007 1794 2074 Scriptum
1849 2009 2162 2078 estlenim,

686 2105 703 2136 ι
748 2088 1009 2153 Accipite,
1061 2093 1375 2142 manducate
1426 2091 1468 2121 ³⁷
1526 2109 1538 2145 :
1609 2093 1934 2144 Mortnorum
1986 2104 2164 2144 autem

686 2197 704 2228 ι
756 2194 983 2245 corpora
1030 2176 1124 2232 nec
1162 2182 1407 2247 accipere
1453 2193 1694 2249 possunt,
1731 2197 1828 2235 nec
1860 2184 2162 2236 comedere.

683 2287 701 2318 ε
739 2269 798 2320 Ει
831 2285 897 2322 ne
925 2284 1040 2332 eos,
1068 2271 1156 2338 qui
1180 2271 1291 2338 jam
1323 2281 1448 2324 sunt
1479 2272 1694 2336 mortui,
1733 2272 1990 2339 baptizari
2025 2275 2166 2326 fece-

679 2377 697 2408 ι
738 2360 1252 2429 ritpresbyterurnm
1292 2361 1613 2428 ignorantia.
1648 2379 1666 2410 ι

680 2447 875 2500 BALS.
929 2449 1137 2503 Rursus
1190 2451 1278 2504 liie
1325 2466 1496 2502 canon
1545 2451 1698 2518 jubet
1746 2466 1848 2504 non
1906 2454 2161 2519 baptizari

605 2548 872 2603 mortuos,
927 2554 1026 2592 nec
1072 2551 1531 2593 sacrauientormn
1570 2545 1943 2596 communione
1974 2546 2165 2613 dignos

609 2633 820 2686 baberi.
883 2631 1181 2685 Morieutes
1241 2643 1418 2684 autem
1474 2634 1710 2699 appellat
1765 2649 1879 2698 eos,
1933 2637 2164 2703 quijatn

607 2724 800 2775 mortui
851 2733 999 2786 sunt,
1051 2739 1154 2776 non
1187 2726 1276 2792 qui
1333 2726 1656 2777 moribundi.
1696 2725 1758 2778 lli
1811 2728 1951 2780 enim
1995 2731 2166 2794 magis

609 2813 807 2866 debent
859 2826 1172 2867 sanctorum
1223 2816 1600 2885 mysteriorum
1645 2817 1894 2870 viaticum
1929 2833 2164 2884 sumere,

606 2913 658 2955 et
694 2919 905 2956 sacrum
939 2904 1263 2973 baptismum
1303 2909 1571 2976 accipere,
1623 2909 1666 2962 si
1702 2923 1804 2961 non
1841 2909 1947 2962 sint
1988 2911 2162 2978 bapti-

675 3083 922 3138 ZONAR.
982 3084 1210 3138 Rursum
1267 3086 1332 3139 de
1388 3089 1710 3142 eucliaristia
1771 3092 1996 3145 mortuis
2057 3103 2233 3159 nouc

609 3174 960 3242 impertienda
1014 3176 1127 3230 haec
1166 3177 1406 3246 synodus
1433 3181 1559 3246 agit.
1609 3180 1864 3245 Quamvis
1894 3184 2034 3236 enim
2071 3185 2161 3237 illa

606 3267 789 3330 dictio,
844 3267 1206 3332 Morientinm,
1261 3285 1366 3321 non
1411 3285 1502 3323 eos
1535 3273 1623 3339 qui
1660 3285 1764 3325 vtta
1803 3275 1970 3328 ftmeti
2016 3285 2158 3338 sunt,

605 3357 650 3411 si
700 3359 972 3424 propriam
1033 3357 1149 3426 ejus
1180 3360 1623 3428 signiﬁcationem
1674 3375 1906 3430 spectes,
1937 3367 2028 3418 sed
2070 3366 2160 3432 qui

600 3447 712 3512 jam
747 3448 1076 3508 moriuntur,
1112 3449 1416 3516 signiticet;
1466 3460 1644 3503 tamen
1691 3469 1808 3519 qua:
1840 3467 2160 3522 sequuntur,

605 3538 670 3588 de
721 3536 946 3588 mortuis
998 3551 1301 3603 sermonem
1351 3553 1469 3592 esse
1507 3539 1639 3593 satis
1669 3553 1852 3608 aperte
1897 3543 2159 3607 indicant,

603 3626 729 3694 quia
759 3625 934 3693 inquit
955 3639 1286 3681 mortuorum
1311 3644 1533 3696 corpora
1559 3645 1654 3683 nec
1673 3632 1915 3700 accipere
1945 3646 2166 3700 possunt

606 3730 704 3768 nec
755 3717 1058 3771 comedere.
1111 3718 1210 3782 Qui
1242 3734 1367 3772 vero
1398 3722 1572 3775 adhuc
1605 3725 1744 3777 inter
1793 3729 1942 3777 vivos
1975 3737 2160 3793 agunt,

605 3808 852 3872 quamvis
905 3809 1244 3863 conclamata
1297 3813 1467 3867 salute
1519 3816 1743 3882 exiguus
1793 3817 2162 3873 deﬁcientibus

607 3898 832 3964 spiritus
867 3897 1228 3964 relinquatur,
1267 3914 1576 3956 sanctorum
1609 3909 1983 3974 mysteriorum
2011 3925 2162 3961 com-

607 3991 858 4042 munione
894 4006 999 4042 non
1061 4001 1184 4045 sunt
1212 3994 1474 4060 privandi.
1507 3995 1644 4059 Quin
1675 3997 1993 4063 baptismum
2025 4014 2161 4065 quo-

604 4095 709 4147 que
769 4082 994 4134 mortuis
1055 4097 1118 4134 ex
1166 4085 1504 4136 sacerdotqu
1544 4087 1807 4153 imperitia
1860 4089 1944 4140 hic
1991 4104 2160 4143 canon

610 4172 838 4224 cnnlerri
871 4181 1033 4225 vetat.
1065 4172 1160 4226 Ubi
1191 4174 1350 4226 etiam
1377 4175 1615 4239 verbum,
1635 4176 1942 4240 Morientes,
1975 4181 2160 4232 eodem

609 4262 786 4322 modo,
839 4277 947 4328 quo
986 4261 1256 4327 diximus,
1297 4263 1515 4331 intelligi
1569 4277 1796 4332 oportet.
1841 4266 1972 4318 Dum
2021 4270 2162 4320 enim

608 4351 778 4417 spirat
829 4353 968 4420 quis,
1023 4351 1233 4404 divinus
1273 4353 1568 4422 baptismus
1615 4355 1661 4406 ei
1706 4355 1940 4408 conferri
1982 4356 2159 4409 debet.

2267 583 2376 627 νοις
2420 569 2488 619 τὰ
2524 570 2748 632 δόξαντα
2777 574 2896 633 ταῖς
2927 573 3163 632 συνόδοις
3197 571 3325 641 περί
3353 587 3412 623 τε
3460 573 3694 632 πίστεως
3724 570 3818 621 καὶ

2270 661 2396 724 περὶ
2431 657 2521 709 τοῦ
2571 661 2686 723 πῶς
2720 662 2822 731 χρὴ
2859 661 3027 729 βιοῦν,
3057 663 3148 712 καὶ
3177 661 3244 712 τὰ
3268 660 3697 729 ἐκκλησιαστικᾶ
3742 661 3818 710 ol-

2269 746 2534 814 κοὸομεῐν,
2587 750 2668 801 ἵνα
2719 752 2918 814 ειδότες
2960 754 3054 813 τάς
3102 751 3367 813 διατάξεις
3399 750 3505 802 τῶν
3557 749 3817 818 Πατέρων

2268 837 2386 886 κατ’
2419 840 2587 900 αὑτάς
2619 841 2831 902 ποιῶσι,
2865 845 2956 894 καὶ
2987 842 3060 910 μὴ
3099 841 3515 910 μεταμεληθῶσι
3542 839 3817 907 παρ⁹ὲκεί-

2269 942 2363 986 νας
2400 928 2696 990 ποιοῦντες.
2731 931 3279 999 Μεταμεληθήσονται
3307 930 3362 981 δὲ
3406 930 3749 996 εῦθυνόμενοι
3782 927 3815 994 ἢ

2271 1017 2363 1066 καὶ
2393 1019 2448 1066 ὲν
2477 1021 2541 1087 τῇ
2575 1019 2822 1093 παρούσῃ
2855 1023 2987 1091 ζωῇ,
3021 1023 3053 1090 ἢ
3087 1022 3222 1083 τέως
3251 1022 3637 1088 ἀπαραιτήτως
3677 1017 3819 1069 κατὰ

2269 1105 2364 1173 τὴν
2395 1107 2714 1174 μέλλουσαν.

2269 1279 2488 1330 ΑΡΙΣΤ.
2527 1297 2544 1328 ι
2585 1280 2664 1332 Τά
2709 1283 2826 1343 ταῖς
2870 1283 3104 1345 συνόδοις
3140 1284 3364 1346 δόξαντα
3393 1286 3418 1335 6
3449 1283 3821 1352 χειροτονηθή-

2626 1390 2644 1421 ι
2695 1374 2914 1439 σόμενος
2977 1375 3410 1442 ὲνωτισθὴσεται.
3451 1393 3468 1423 ι

2350 1465 2410 1516 Ὀ
2438 1465 2902 1532 χειροτονούμενος
2937 1465 3226 1526 ἐπίσκοπος
3257 1468 3288 1534 ἢ
3322 1464 3577 1533 κληρικδς
3614 1463 3820 1530 ὀφείλει

2268 1556 2335 1607 τὰ
2378 1556 2674 1623 δεδογμένα
2708 1560 2825 1618 ταῖς
2882 1557 3116 1618 συνόδοις
3146 1559 3222 1619 είς
3250 1557 3418 1618 ἀκοάς
3448 1555 3612 1608 αὑτοῦ
3646 1571 3823 1624 παρα-

2269 1645 2515 1714 δέχεσθαι
2545 1649 2693 1714 παρά
2723 1648 2815 1700 τοῦ
2843 1649 3270 1717 χειροτονοῦντος
3297 1649 3478 1711 αὑτὸν,
3506 1650 3596 1700 καὶ
3625 1648 3824 1716 ὑπομι-

2274 1738 2610 1805 μνήσκεσθαι
2643 1733 2815 1790 ταῦτα
2847 1738 3150 1804 φυλάττειν.

2867 1832 3103 1884 ΚΑΝΩΝ
3131 1833 3192 1884 K'

2275 1939 2293 1970 ι
2351 1919 2580 1988 Ὁμοίως
2607 1921 2828 1988 ἤρεσεν,
2861 1922 2946 1974 ἵνα
2976 1925 3084 1984 τοῖς
3121 1921 3336 1989 σώμασι
3364 1923 3470 1974 τῶν
3525 1919 3822 1975 τελευτών-

2343 2030 2360 2060 σ
2406 2028 2514 2062 των
2579 2011 2898 2080 εὐχαριστία
2987 2013 3062 2081 μὴ
3114 2011 3261 2080 δοθῇ.
3319 2012 3629 2078 Γέγραπται
3691 2009 3820 2076 γὰρ,

2342 2119 2360 2152 ι
2403 2101 2642 2164 Λάϐετε,
2696 2101 2951 2170 φάγετε·
2999 2101 3067 2153 τὰ
3109 2102 3163 2153 δὲ
3193 2102 3298 2154 τῶν
3348 2104 3552 2168 νεκρῶν
3595 2100 3822 2169 σώματα

2342 2211 2360 2243 ι
2407 2193 2526 2245 οὐδὲ
2570 2194 2755 2246 λαϐεῖν
2789 2194 3031 2254 δύναται,
3062 2194 3182 2245 οὐδὲ
3230 2195 3441 2260 φαγεῖν.
3479 2193 3583 2244 Καὶ
3620 2194 3704 2244 ἵνα
3743 2194 3818 2262 μὴ

2343 2304 2360 2334 ι
2406 2287 2528 2346 τοὺς
2565 2287 2663 2353 ἤδη
2707 2285 3072 2343 τελευτῶντας
3123 2283 3480 2351 βαπτισθῆναι
3530 2284 3733 2353 ποιήσῃ
3786 2286 3817 2354 ή

2342 2393 2362 2426 ι
2407 2376 2515 2426 τῶν
2550 2375 2934 2444 πρεσϐυτέρων
2969 2375 3183 2442 ἄγνοια.
3215 2391 3232 2423 ι

2337 2467 2530 2518 ΒᾹΛΣ.
2587 2465 2693 2516 Καὶ
2738 2465 2891 2525 αῦθις
2943 2466 2970 2515 6
3018 2464 3195 2515 κανὼν
3225 2462 3654 2531 παρακελεύεται
3697 2462 3824 2523 τοὺς

2265 2559 2490 2625 νεκροὺς
2527 2558 2659 2625 μήτε
2688 2555 3069 2624 βαπτίζεσθαι,
3104 2558 3239 2622 μήτε
3276 2554 3375 2619 τῆς
3403 2555 3510 2604 τῶν
3542 2553 3819 2620 άγιασμά·

2264 2663 2373 2697 των
2418 2646 2769 2714 μεταλήψεως
2809 2643 3107 2708 ἀξιοῦσθαι.
3155 2643 3533 2702 Τελευτῶντας
3578 2642 3633 2692 δὲ
3669 2642 3828 2695 καλεῖ

2264 2735 2392 2796 τοὺς
2437 2736 2536 2803 ήδη
2573 2737 3019 2804 τελευτήσαντας,
3053 2732 3173 2801 οὐχὶ
3217 2733 3340 2792 τοὺς
3365 2732 3432 2781 τά
3465 2731 3665 2798 ἔσχατα
3698 2733 3824 2783 πνέ-

2266 2843 2444 2886 οντας.
2470 2819 2625 2878 Οὗτοι
2657 2827 2762 2892 γάρ
2793 2826 2990 2890 μᾶλλον
3024 2823 3400 2889 ὲφοδιάζεσθαι
3430 2821 3703 2886 ὀφείλουσι
3735 2822 3822 2873 διὰ

2265 2916 2360 2983 τῆς
2390 2913 2496 2965 τῶν
2525 2914 2696 2980 ἁγίων
2729 2914 3045 2982 μυστηρίων
3075 2912 3452 2980 μεταλήψεως,
3486 2912 3579 2962 καὶ
3608 2910 3698 2962 διὰ
3725 2912 3820 2963 τοῦ

2267 3006 2409 3057 θείου
2444 3006 2836 3072 βαπτίσματος,
2866 3005 2961 3057 ἐὰν
2989 2999 3122 3056 ὦσιν
3153 3005 3472 3057 ἀϐάπτιστοι

2338 3097 2582 3148 ΖΩΝΑΡ.
2620 3097 2729 3148 Καὶ
2779 3096 2939 3146 πάλιν
2991 3095 3119 3162 περὶ
3169 3094 3266 3145 τοῦ
3311 3095 3384 3162 μὴ
3428 3096 3552 3151 τοὺς
3594 3093 3821 3161 νεκροὺς

2267 3187 2363 3252 τῆς
2410 3187 2516 3238 τῶν
2561 3186 2720 3237 Θείων
2776 3186 3090 3253 μυστηρίων
3139 3185 3492 3250 μεταλήψεως
3536 3185 3719 3247 ἁξτοῦν
3785 3186 3818 3253 ή

2269 3278 2485 3338 σύνοδος
2516 3277 2848 3343 διαλέγεται.
2880 3277 2941 3327 El
2977 3276 3082 3342 γὰρ
3113 3276 3204 3324 καὶ
3238 3276 3269 3342 ή
3303 3273 3444 3336 λέξις
3489 3275 3594 3326 τῶν
3631 3276 3820 3326 τελευο

2266 3369 2485 3421 τώντων
2536 3369 2660 3430 τοὺς
2721 3370 2887 3436 μήπω
2949 3366 3208 3428 θανόντας
3262 3367 3516 3435 ἐμφαίνει
3572 3369 3712 3418 κατά
3762 3367 3824 3418 τὸ

2267 3460 2514 3528 ἀκριϐὲς,
2544 3460 2667 3520 τοὺς
2716 3460 2770 3510 δὲ
2799 3460 2878 3510 ἔτι
2913 3459 3266 3523 θνήσκοντας,
3296 3458 3430 3511 ἀλλά
3470 3457 3538 3507 τά
3571 3456 3696 3522 ἑξῆς
3731 3473 3828 3508 σα-

2268 3551 2382 3616 φῶς
2410 3550 2660 3616 δηλοῦσιν
2703 3551 2786 3600 ὅτι
2825 3549 2953 3616 περὶ
2981 3549 3250 3600 θανόντων
3277 3549 3378 3616 ήδη
3408 3549 3434 3598 6
3469 3547 3622 3612 λόγος
3678 3547 3824 3611 ἐστὶ,

2265 3642 2325 3693 τὸ
2355 3644 2527 3692 εἰπεῖν
2568 3641 2813 3707 δηλονότι
2837 3641 2918 3692 ὄτι
2944 3639 3009 3691 τὰ
3037 3640 3144 3691 τῶν
3185 3639 3390 3703 νεκρῶν
3421 3636 3645 3704 σώματα
3699 3635 3824 3689 οὕτε

2268 3731 2454 3782 λαϐεῖν
2506 3731 2727 3782 δύναται
2782 3729 2905 3781 οῦτε
2941 3733 3156 3796 φαγεῖν.
3199 3729 3336 3789 Τοὺς
3369 3728 3423 3778 δὲ
3461 3727 3539 3777 ἔτι
3595 3725 3826 3788 ζῶντας,

2265 3810 2765 3888 κᾶν’ἀπέγνωσται
2799 3820 2996 3881 αὐτοὺς
3040 3822 3072 3888 ή
3124 3818 3257 3888 ζωὴ,
3305 3818 3405 3870 κᾶν
3459 3817 3596 3885 μετὰ
3649 3815 3823 3884 βραχὺ

2270 3894 2535 3981 μέλλωσιν
2562 3913 2802 3974 ἐκπνεῖν,
2830 3912 2939 3963 τῶν
2968 3911 3140 3978 ἁγίων
3177 3908 3491 3977 μυστηρίων
3544 3905 3826 3970 ἀξιοῦσθαι

2267 4004 2465 4072 χρεών.
2512 4004 2672 4054 Ἀλλά
2721 4003 2853 4071 μηδὲ
2899 4001 3254 4070 βαπτίζεσθαι
3299 4000 3424 4059 τοὺς
3453 4000 3678 4066 νεκροὺς
3732 3996 3828 4048 καὶ

2265 4090 2419 4156 οὗτος
2449 4097 2476 4146 6
2506 4095 2684 4146 κανὼν
2735 4094 3078 4145 διατάττεται
3112 4091 3167 4156 ἐξ
3198 4091 3418 4156 ἀγνοίας
3447 4088 3555 4139 τῶν
3587 4086 3829 4155 πρεσϐυ-

2199 4236 2203 4239 _
2266 4186 2460 4254 τέρων.
2520 4183 2806 4236 Κάνταῦθα
2852 4183 2908 4234 δὲ
2964 4185 3062 4250 τὴν
3118 4183 3262 4245 λέξιν
3303 4180 3410 4230 τῶν
3451 4178 3826 4230 τελευτώντων

2269 4275 2441 4337 οὓτως
2478 4276 2716 4344 νοητέον,
2752 4275 2825 4335 ὡς
2856 4273 2955 4342 ἥδη
3004 4273 3241 4341 εἴρηται.
3281 4271 3420 4332 Ἕως
3472 4271 3579 4337 γὰρ
3624 4268 3689 4320 ἂν
3737 4271 3832 4334 ἒμ-

2271 4366 2410 4436 πνέῃ
2437 4383 2541 4428 τις,
2576 4366 2668 4416 τοῦ
2706 4364 2850 4414 θείου
2889 4363 3265 4429 βαπτίσματος
3296 4359 3680 4426 ἀξιωθήσεται.

609 4415 887 4494 ᾸῐὶΙΞΤίι
944 4441 1164 4510 Corpori
1215 4415 1355 4495 vita.
1389 4444 1629 4498 defuncti
1678 4447 2004 4499 euclraristia
2059 4464 2163 4501 non

2573 4455 2661 4523 Τῷ
2683 4453 2773 4506 τοῦ
2796 4415 3240 4520 τετελευτηκότος
3269 4415 3829 4517 σώματι-εὐχαριστία

689 4550 707 4581 ι
765 4532 925 4585 datur
976 4549 991 4585 :
1042 4550 1144 4586 non
1201 4535 1342 4587 enim
1390 4537 1500 4588 edit
1529 4538 1611 4589 vel
1654 4537 1809 4592 bibit.
1859 4537 2163 4604 Ignorantia

689 4641 705 4673 ι
740 4623 902 4674 etiam
935 4625 1230 4692 presbyteri
1271 4640 1374 4676 non
1407 4627 1696 4692 baptiznbit
1723 4639 2008 4682 mortuum.
2045 4649 2061 4678 ›

682 4712 909 4766 Domino
957 4715 1187 4779 dicente,
1237 4716 1485 4783 Accipite,
1535 4719 1691 4776 edite.
1740 4721 2008 4787 quomodo
2049 4722 2168 4786 quis

612 4815 823 4858 mortuo
869 4805 935 4859 de
981 4821 1205 4874 corpore
1252 4808 1433 4861 divino
1485 4811 1699 4862 trudat?
1735 4820 1975 4864 mortuus
2023 4813 2164 4863 enim

609 4912 706 4948 nec
739 4897 980 4964 accipere
1029 4907 1222 4964 potest,
1273 4914 1372 4950 nec
1417 4902 1596 4953 cdere.
1654 4901 1754 4954 Sed
1807 4918 1902 4955 nec
1933 4903 2162 4970 lmplilél

607 4988 874 5054 quispiam
905 4990 1010 5040 vita
1054 4988 1314 5042 functum.
1367 4991 1801 5060 Presbyterorutn
1831 4994 1969 5044 enim
1993 4994 2166 5059 igno-

568 5076 788 5129 -rantia
841 5079 1068 5132 mortuis
1119 5093 1223 5132 non
1279 5082 1383 5131 erit
1428 5081 1757 5148 adjnmcnto.
1810 5089 1866 5133 ut
1914 5081 2166 5149 baptizuti

611 5175 1008 5233 reputarentur.

1182 5279 1408 5334 CANON
1450 5279 1588 5331 XXI.

609 5379 626 5410 ι
664 5360 728 5412 Ει
759 5361 878 5412 ideo
913 5359 967 5411 in
1003 5360 1106 5410 bac
1137 5371 1323 5411 smeta
1356 5358 1566 5428 synodo
1602 5356 2040 5412 confirmandum
2079 5365 2182 5416 est.

686 5473 705 5504 ε
741 5462 798 5506 ut
823 5456 1122 5508 secundum
1181 5452 1382 5505 Niczeni
1410 5451 1624 5505 c0ncilii
1679 5452 1920 5510 decreta,
1963 5461 2187 5520 propter

680 5565 697 5596 ι
731 5563 924 5600 causas
957 5547 1376 5607 ecclesiasticus,
1421 5561 1541 5612 quae
1572 5560 1711 5611 saepe
1743 5546 1806 5597 ad
1847 5546 2025 5612 populi
2065 5560 2184 5611 per-

677 5657 694 5688 ι
727 5639 918 5691 nicietn
943 5641 1317 5707 autiqnuntur,
1351 5639 1581 5706 singulis
1607 5624 1766 5692 annis
1803 5643 1892 5691 tiat
1918 5642 2179 5706 synodus.

674 5751 715 5781 "
739 5750 930 5804 Matth.
969 5769 1112 5818 χχιιι,
1148 5754 1236 5808 96.

2347 4567 2364 4598 ι
2413 4546 2704 4614 οῦιδίδοται
2731 4561 2746 4575 ο
2783 4544 2842 4596 οῦ
2875 4543 2980 4610 γὰρ
3009 4542 3200 4604 ἐσθίει,
3233 4543 3264 4609 ἦ
3297 4541 3440 4592 πίνει
3469 4555 3482 4568 ο
3522 4540 3615 4590 καὶ
3639 4539 3832 4606 ἄγνοια

2345 4657 2361 4688 ι
2406 4636 2778 4707 πρεσϐυτέρου
2821 4635 2880 4686 οὑ
2932 4633 3180 4702 βαπτίσει
3213 4631 3304 4681 τὸν
3349 4629 3766 4696 τελευτήσαντα.
3806 4645 3825 4676 ι

2341 4729 2446 4779 Τοῦ
2504 4727 2708 4793 Κυρίου
2768 4723 3032 4785 εἰπόντος,
3070 4719 3311 4778 Λάϐετε,
3347 4717 3580 4784 φάγετε,
3619 4717 3734 4774 πῶς
3765 4715 3831 4766 ἄν

2269 4835 2350 4878 τις
2380 4815 2456 4883 τῷ
2496 4813 2880 4878 τελευτήσαντι
2906 4808 2999 4859 τοῦ
3035 4807 3176 4858 θείου
3212 4804 3458 4871 σώματος
3489 4802 3826 4872 μεταδώσεις

2271 4906 2396 4960 οὔτε
2450 4905 2558 4970 γὰρ
2616 4904 2800 4954 λαϐεῖν
2847 4899 2970 4952 οὕτε
3026 4899 3220 4964 φαγεῖν
3261 4899 3288 4947 6
3339 4897 3528 4964 νεκρὸς
3580 4893 3828 4948 δύναται.

2286 4997 2425 5048 Ἀλλ’
2454 4993 2573 5046 οὐδὲ
2609 4992 2862 5059 βαπτίσει
2895 5007 2977 5050 τις
3013 4989 3103 5038 τὸν
3156 4986 3578 5054 τελευτήσαντα.
3627 4984 3688 5035 Ἦ
3724 4984 3832 5050 γὰρ

2275 5085 2382 5136 τῶν
2411 5081 2797 5150 πρεσϐυτέρων
2827 5081 3015 5145 ἄγνοια
3043 5076 3143 5128 οὐκ
3171 5074 3445 5142 ὠφελήσει
3479 5074 3602 5134 τοὺς
3646 5071 3836 5122 τελευο

2275 5175 2570 5242 τήσαντας,
2601 5170 2741 5222 ὥστε
2777 5169 3248 5238 βεϐαπτισμένους
3279 5163 3606 5230 λογίζεσθαι.

2844 5255 3082 5310 ΚΑΝΩΝ
3128 5253 3260 5307 KA'.

2280 5379 2297 5410 ι
2343 5365 2432 5410 Διὸ
2466 5354 2788 5428 βεϐαιωτέον
2845 5349 2991 5402 ἐστὶν
3040 5349 3097 5397 ὲν
3147 5343 3316 5411 ταύτῃ
3347 5345 3411 5412 τῇ
3444 5341 3576 5410 ἁγίᾳ
3607 5339 3832 5408 συνόδῳ,

2349 5469 2367 5504 ι
2414 5448 2554 5500 ὥστε
2607 5444 2749 5497 κατά
2798 5442 2922 5501 τοὺς
2960 5440 3018 5489 ὲν
3068 5435 3274 5504 Νικαία
3305 5436 3462 5504 ὅρους
3498 5432 3587 5483 διὰ
3618 5431 3714 5491 τὰς
3745 5431 3841 5481 ὲκ-

2353 5561 2371 5594 ι
2417 5535 2811 5608 κλησιαστικάς
2871 5531 3070 5590 αἰτίας,
3130 5527 3331 5587 αἵτινες
3378 5523 3639 5584 πολλάκις
3697 5522 3837 5589 πρὸς

2355 5651 2372 5683 ι
2420 5631 2639 5685 ὄλεθρον
2686 5626 2778 5678 τοῦ
2831 5622 2957 5676 λαοῦ
3007 5619 3385 5680 παλαιοῦνται,
3437 5614 3560 5668 καθ’
3605 5616 3843 5669 ἓκαστιν
