4114 6448
632 308 725 370 ιιι

1861 332 2127 391 TllEOD.
2161 333 2385 390 BALSA
2397 336 2548 394 ΜΘΝ

3707 337 3806 403 112

630 419 840 484 quidem
871 422 934 475 ab
964 438 1026 476 eo
1058 431 1293 492 tempore
1329 429 1590 497 designari
1621 435 1908 498 oportebit,
1949 451 2052 505 quo
2079 439 2164 490 Iit-

2268 458 2357 492 του
2389 443 2453 492 τὰ
2474 443 2734 496 καλοῦντα
2785 445 2945 497 αὐτὸν
3001 446 3080 505 είς
3121 445 3180 496 τὸ
3215 447 3559 514 δικαστήριον
3590 449 3810 512 ἐδέξατο

631 517 767 561 teras
800 513 990 576 quibus
1031 514 1094 565 ad
1124 516 1379 580 judicium
1416 531 1667 572 evocatur
1703 527 1990 592 acceperit.
2031 524 2161 578 Nam

630 606 750 648 tunc
785 600 996 666 quidem
1039 605 1342 669 pertinacia'
1370 607 1576 674 culpam
1614 615 2008 668 (ommunionis
2049 617 2160 683 pri-

628 687 853 749 vatione,
884 690 980 743 hoc
1005 700 1103 754 est,
1129 697 1492 761 segregatione
1524 699 1650 751 luet.
1689 701 1838 765 Quod
1868 703 1911 757 si
1963 705 2164 771 aliqua-

627 789 740 827 rum
790 791 1067 829 causarum
1111 781 1428 843 interventu,
1465 801 1598 850 quas
1653 803 1827 851 veras,
1871 805 1976 843 non
2023 805 2164 843 ρυηι-

624 865 887 917 tnentitias
920 880 1036 918 esse
1070 880 1302 933 constet,
1336 875 1634 927 necessario
1679 877 1945 930 hominem
1996 879 2152 946 impe-

623 951 786 1004 ditum
826 951 990 1008 fuisse
1028 970 1296 1024 appareat,
1329 963 1614 1028 quominus
1647 964 1694 1015 in
1717 965 1923 1033 judicio
1957 967 2157 1022 stiterit

620 1049 673 1093 ct
727 1045 1072 1110 responderit,
1131 1049 1178 1099 in
1231 1050 1452 1102 alterum
1514 1067 1750 1106 mensem
1805 1071 2013 1107 rursum
2062 1058 2159 1125 ipsi

623 1131 930 1196 praeﬁnitam
961 1137 1187 1189 adeundi
1227 1140 1412 1204 judicii
1462 1143 1596 1194 diem
1650 1147 1922 1212 prorogari
1967 1148 2157 1214 placet.

621 1219 688 1270 At
720 1220 784 1284 si,
815 1221 902 1273 illo
930 1238 1186 1290 nusquam
1226 1241 1536 1295 appareutc,
1573 1232 1754 1286 irritus
1793 1235 1925 1288 alter
1951 1250 2161 1303 quoque

620 1309 818 1362 mensis
852 1312 1061 1375 abierit,
1091 1316 1156 1366 ab
1190 1331 1252 1368 co
1301 1328 1551 1384 tempore,
1586 1325 1933 1391 quoadusque
1975 1340 2056 1388 se,
2107 1327 2157 1380 in

617 1413 719 1464 quo
737 1412 1033 1465 accusatur,
1057 1406 1208 1472 culpa
1242 1422 1430 1460 vacare
1455 1413 1764 1476 ostenderit,
1788 1416 2160 1469 communione

618 1486 875 1554 privatum
923 1504 1041 1543 esse
1078 1507 1246 1546 canon
1292 1495 1550 1550 decernit.
1584 1496 1734 1562 Quod
1778 1501 1825 1554 si
1879 1517 2050 1570 neque
2093 1504 2157 1556 ad

617 1575 890 1639 primatem
932 1581 1237 1646 provinciw,
1293 1597 1463 1651 neque
1495 1585 1557 1638 ad
1594 1587 1966 1654 episcoporum
1997 1604 2158 1659 syno-

616 1666 737 1715 dum
771 1669 1050 1732 quotannis
1085 1670 1266 1723 habcri
1298 1672 1527 1734 solitam,
1569 1684 1623 1725 ut
1659 1677 1710 1726 in
1742 1690 1802 1728 ea
1827 1677 1890 1730 de
1919 1679 2156 1730 crimini-

617 1755 713 1805 bus
753 1755 848 1822 ipsi
906 1756 1122 1822 objectis
1155 1770 1441 1826 quagratur,
1477 1763 1797 1830 qumstiOque
1833 1774 1939 1818 tota
1982 1766 2151 1819 absol-
2189 1749 2230 1802 Β

617 1853 790 1907 vatur,
817 1849 1120 1910 accesserit,
1153 1849 1260 1916 jam
1294 1852 1402 1917 ipse
1424 1862 1606 1904 contra
1634 1869 1690 1906 se
1717 1852 2024 1922 suiIragium
2074 1866 2155 1908 ι..-

617 1931 762 1997 lisse,
807 1935 904 1987 hoc
953 1945 1054 1997 est,
1108 1940 1218 2004 ipse
1255 1954 1311 1991 se
1356 1940 1734 1995 condemnasse
1771 1943 2154 1998 existimandus

616 2030 716 2074 cst.
771 2020 934 2074 Porro
985 2025 1071 2076 illo
1122 2029 1500 2096 segregationis
1537 2040 1791 2100 tempore,
1857 2049 2026 2101 neque
2100 2037 2150 2087 in

617 2110 782 2174 ipsius
814 2111 1056 2176 ecclesia,
1097 2130 1264 2180 neque
1305 2117 1448 2176 alibi,
1502 2121 1642 2172 velut
1687 2122 1734 2172 in
1780 2123 2011 2187 subjecta
2055 2125 2150 2189 ipsi

616 2201 869 2265 paramia,
935 2217 1056 2254 cum
1119 2217 1184 2256 co
1255 2210 1674 2262 conmtunieandi
1746 2213 1965 2265 facultas
2031 2217 2150 2266 erit.

615 2291 904 2344 Accusator
935 2307 1078 2356 vero,
1113 2295 1156 2346 si
1183 2296 1393 2362 quidem
1433 2299 1703 2364 injudicio
1750 2313 1938 2367 pra-sto
1974 2305 2152 2368 fuerit,

616 2395 642 2430 a
674 2383 1042 2437 communione
1070 2401 1400 2454 nequaquam
1453 2393 1715 2444 arcebitur
1757 2408 1770 2444 :
1810 2404 1863 2444 at
1904 2394 1946 2446 si
1991 2411 2048 2447 se
2092 2413 2152 2448 eo

615 2478 824 2525 deserto
846 2475 1178 2538 subduxerit,
1225 2478 1323 2531 lioc
1365 2489 1448 2532 cst
1479 2490 1665 2548 sponte
1719 2498 1796 2546 se,
1835 2497 2005 2549 neque
2052 2485 2153 2536 ulla

615 2567 912 2616 necessaria
942 2581 1098 2618 causa
1127 2580 1364 2632 coactus,
1399 2573 1678 2638 proripuit,
1715 2587 1774 2623 ac
1806 2575 2053 2638 latebras,
2089 2590 2154 2627 ne

614 2654 956 2717 inveniretur,
985 2659 1249 2723 quzesivit;
1285 2662 1588 2727 episcopum
1617 2665 1850 2729 quidem,
1894 2666 1978 2717 cui
2014 2666 2152 2717 dicta

613 2742 724 2796 dies
749 2742 936 2809 fuerat,
963 2764 986 2796 a
1017 2746 1173 2797 multa
1205 2749 1556 2801 communioni
1591 2752 1891 2803 restitutum
1931 2753 2152 2816 absolvi,

613 2845 972 2888 accusatorem
1029 2852 1151 2891 vero
1191 2837 1359 2904 ipsum
1426 2839 1658 2892 viciSsim
1717 2842 1956 2906 imposita
1999 2856 2154 2908 ptena

615 2923 785 2990 puniri
817 2923 962 2989 jubet
1034 2927 1210 2978 Actori
1245 2936 1414 2981 tamen
1471 2927 1858 2980 accusationem
1908 2930 2152 2997 persequi

613 3028 675 3065 ac
703 3013 905 3080 judicio
925 3018 1151 3082 experiri
1178 3017 1347 3070 adhuc
1369 3018 1578 3082 licebit,
1611 3019 1651 3070 si
1683 3019 1835 3071 modo
1862 3033 1963 3071 non
1991 3021 2155 3087 ipsius

612 3103 879 3156 voluntate
901 3119 1012 3155 rem
1043 3108 1443 3174 contempsisse,
1491 3109 1582 3160 sed
1608 3109 1765 3175 justa:
1817 3123 1879 3162 ac
1910 3124 2155 3164 necessa-

612 3193 704 3244 ria:
745 3208 916 3246 causa?
945 3194 1266 3258 interventu,
1301 3198 1585 3263 quominus
1619 3199 1683 3250 ad
1717 3201 2028 3267 prmlinitam
2064 3204 2158 3253 ad-

611 3292 770 3347 esset,
798 3283 991 3337 factunt
1019 3284 1684 3352 luisse,ostenderit..ldud
1727 3298 1926 3350 autem,
1965 3289 2157 3356 inquit,

611 3386 795 3424 munes
826 3374 1019 3436 norint,
1047 3383 1171 3424 tunc
1194 3375 1422 3440 episcopi
1447 3375 1667 3426 delatori
1717 3376 1890 3428 locum
1940 3377 2051 3430 lore
2105 3380 2154 3428 in

606 3463 832 3530 judicio,
863 3463 904 3515 si
937 3464 1076 3515 nulla
1129 3465 1241 3531 ipsc
1278 3464 1516 3516 criminis
1547 3463 1760 3516 infamia
1811 3475 2023 3519 notatus
2067 3465 2153 3518 sit.

613 3553 774 3619 tlujus
813 3568 1038 3620 namque
1080 3555 1305 3604 delatum
1352 3567 1544 3604 nomen
1586 3555 1648 3604 ad
1689 3553 1912 3621 judices,
1955 3565 2046 3608 aut
2089 3558 2155 3610 de

615 3659 717 3710 quo
741 3644 899 3695 etiam
929 3643 1084 3694 dubia
1112 3642 1436 3694 existimatio
1478 3642 1654 3704 fuerit,
1707 3646 1805 3697 nisi
1852 3648 1914 3698 de
1962 3661 2055 3698 sua
2097 3662 2152 3699 re

613 3733 836 3800 privata,
899 3732 1201 3799 pecuniaria
1259 3733 1529 3794 nimirum,
1590 3733 1852 3786 aetioncm
1906 3736 2152 3804 cpiscolio

612 3819 869 3883 intendat,
905 3819 1280 3871 ecclesiastica:
1316 3832 1439 3869 vero
1476 3819 1866 3880 controversae,
1906 3821 2002 3871 ltoc
2051 3831 2154 3880 est,

611 3908 723 3974 ejus
753 3923 815 3961 ex
843 3922 944 3973 qua
969 3907 1216 3973 episcopo
1246 3905 1535 3971 periculum
1565 3904 1864 3957 amittenda:
1887 3906 2157 3973 dignitatis

615 4007 843 4056 creetur,
902 4006 1100 4063 partem
1161 3995 1354 4047 nullam
1419 3995 1668 4061 attingat,
1717 3996 1883 4046 audiri
1941 3999 2155 4050 omnino

617 4098 776 4138 vetat.
811 4087 881 4139 De
904 4089 1086 4138 eadem
1131 4100 1184 4136 re
1207 4094 1386 4136 sextus
1410 4098 1618 4150 quoque
1648 4084 1888 4136 secundae
1925 4097 2157 4138 tecum"-

613 4179 746 4230 ttica:
774 4178 958 4246 synodi
999 4192 1165 4230 canon
1222 4177 1477 4229 decernit.
1518 4174 1645 4238 Qua:
1694 4176 1744 4227 in
1790 4189 1910 4226 eum
1962 4174 2157 4241 scripta

613 4274 733 4319 sunt
776 4269 911 4319 vide.
935 4265 1164 4329 Quartus
1191 4279 1312 4316 ναι-ο
1337 4273 1388 4315 et
1415 4263 1825 4330 septuagesimus
1857 4272 2159 4316 sanctorum

2263 532 2577 597 γράμματα.
2616 534 2744 584 Τότε
2781 533 2886 601 γὰρ
2917 535 2993 595 είς
3024 535 3324 602 ποινὴντῆς
3355 536 3631 598 ἀπειθείας
3654 538 3810 588 ἀκοι-

2263 620 2495 687 νώνητος
2527 624 2747 688 γίνεται,
2781 625 3052 676 τουτέστιν
3102 627 3439 694 ἀφορίζεται.
3486 625 3609 677 Ἐὰν
3638 627 3694 678 δὲ
3745 626 3811 677 ἐκ

2261 730 2423 765 τινων
2478 717 2894 787 συμσεδηκυιῶν
2917 719 3122 779 αίτιῶν,
3156 721 3246 772 καὶ
3294 721 3352 771 ού
3387 719 3810 786 πεπλασμένων,

2262 803 2354 854 καὶ
2389 805 2446 867 ἐξ
2476 806 2716 873 ἀνάγκης
2741 807 2900 858 αὑτὸν
2931 808 3244 859 κωλυουσῶν
3268 811 3409 876 φανῇ
3447 809 3708 869 κωλυθεὶς
3735 807 3814 875 μὴ

2261 879 2567 962 ἀπαντῆσαι
2608 897 2684 956 είς
2714 896 2774 946 τὸ
2801 895 3168 964 δικαστήριον,
3197 898 3289 948 καὶ
3341 896 3814 964 ἀπολογήσασθαι,

2261 987 2442 1052 ἔτερος
2470 982 2621 1048 αὖθις
2657 987 2804 1054 αύτῷ
2829 987 3026 1039 δίδοται
3085 989 3189 1056 μὴν
3219 992 3294 1047 είς
3325 987 3661 1055 προθεσμίαν
3713 983 3814 1036 τοῦ

2264 1076 2574 1142 προσελθεῖν
2598 1076 2675 1144 τῷ
2699 1076 3050 1146 δικαστηρίῳ.
3099 1078 3222 1130 Ἐὰν
3273 1079 3330 1130 δέ
3364 1080 3456 1128 καὶ
3491 1079 3517 1128 6
3562 1075 3816 1143 δεύτερος

2263 1169 2366 1235 μὴν
2390 1167 2632 1238 παρέλθῃ
2675 1169 2766 1218 ἐπὶ
2801 1171 2993 1231 κενοῖς,
3027 1169 3234 1218 ἐκείνου
3263 1169 3337 1236 μή
3371 1166 3812 1234 ἀπαντήσαντος,

2258 1259 2439 1310 ἔκτοτε
2465 1259 2819 1326 ἀκοινώνητον
2847 1256 2985 1310 εἶναι
3017 1259 3177 1311 αὑτὸν
3203 1259 3230 1309 6
3250 1257 3426 1310 κανὼν
3445 1256 3810 1316 διατάττεται,

2258 1351 2360 1412 ἕως
2388 1351 2688 1419 διαγνωσθῇ
2720 1353 2801 1404 δτι
2823 1350 3056 1416 καθαρός
3097 1351 3211 1400 ἐστι
3241 1349 3338 1415 τῆς
3368 1347 3488 1399 κατ’
3515 1345 3679 1398 αὑτοῦ
3716 1362 3814 1410 γε-

2258 1444 2487 1508 νομένης
2513 1444 2864 1511 κατηγορίας.
2887 1442 3007 1493 Ἐὰν
3040 1442 3094 1492 δέ
3128 1440 3250 1492 οὕτε
3285 1440 3417 1506 πρὸς
3446 1439 3534 1489 τὸν
3559 1436 3811 1505 πρωτεύ-

2256 1551 2381 1585 οντα
2408 1535 2508 1601 τῆς
2536 1535 2803 1602 ἐπαρχίας
2825 1534 3222 1602 παραγένηται,
3254 1530 3377 1582 οὕτε
3407 1530 3542 1597 πρξς
3568 1529 3667 1597 τήν
3695 1528 3810 1578 τῶν

2256 1624 2566 1675 ἐπισκόπων
2599 1621 2812 1674 σύνοδον
2845 1622 2942 1690 τὴν
2973 1622 3199 1689 ἐτησίως
3231 1618 3519 1686 γινομένην
3541 1654 3556 1679 ,
3586 1616 3672 1666 ἴνα
3696 1615 3814 1664 ἐκεῖ

2258 1714 2514 1780 ἐξεταοθῇ
2539 1713 2604 1765 τά
2624 1715 2743 1763 κατ’
2769 1712 2932 1763 αὑτοῦ
2957 1711 3217 1777 λεγόμενα
3243 1711 3333 1761 καὶ
3358 1706 3531 1774 πέρας
3569 1705 3808 1772 δέξηται,

2260 1803 2420 1866 αὐτὸς
2453 1800 2571 1853 καθ’
2599 1797 2789 1851 ἐαυτοῦ
2849 1800 3168 1866 ἐψηφίσατο,
3221 1798 3386 1865 ήγουν
3425 1793 3583 1854 αὐτὸς
3618 1792 3810 1844 ἐαυτὸν

2259 1891 2632 1942 κατεδίκασεν.
2701 1887 2786 1938 Ἐν
2837 1885 3000 1954 δὲτῴ
3033 1884 3206 1952 καιρῴ
3236 1883 3330 1933 τοῦ
3381 1882 3657 1949 ἐπιτιμίου
3708 1879 3809 1947 τῆς

2258 1980 2644 2047 ἀκοινωνησίας
2669 1976 2790 2028 οὒτε
2823 1978 2876 2027 ἐν
2907 1978 2969 2044 τῇ
2999 1971 3259 2042 ἐκκλησίᾳ
3287 1969 3450 2024 αὑτοῦ
3480 1969 3684 2032 ἔξεστιν
3711 1967 3811 2054 αύ-

2259 2070 2332 2137 τῷ
2367 2069 2708 2134 κοινωνῆσαι,
2738 2065 2858 2116 οὔτε
2886 2061 3136 2131 ἀλλαχοῦ,
3162 2057 3272 2113 οἷον
3302 2057 3561 2128 παροικίᾳ
3583 2058 3804 2108 ὑποκει-

2263 2157 2601 2226 μένῃίαύτῴ.
2640 2156 2698 2209 ὐ
2747 2155 2801 2206 δὲ
2836 2154 3158 2221 κατήγορος,
3200 2152 3293 2202 ἐὰν
3346 2148 3687 2218 προσεδρεύῃ
3730 2146 3806 2215 τῷ

2258 2249 2606 2314 δικαστηρίῳ,
2641 2246 2701 2296 ού
2730 2243 3096 2309 κωλυθήσεται
3129 2240 3400 2292 κοινωνεῖν
3425 2256 3438 2268 ·
3469 2236 3636 2288 ἐάνδὲ
3670 2237 3804 2287 ἀπο-

2258 2338 2445 2407 λειφθῇ
2498 2336 2685 2388 ἐαυτὸν
2723 2335 3014 2401 ὑποσύρας,
3064 2333 3227 2400 ήγουν
3279 2329 3560 2393 ἑκουσίως,
3617 2327 3717 2377 οὐκ
3748 2326 3808 2389 ἐξ

2260 2432 2504 2498 ἀνάγκης
2532 2427 2696 2490 τινὸς,
2726 2425 2915 2478 ἑαυτὸν
2950 2423 3277 2488 ύποκλέᾷας,
3331 2423 3421 2471 καὶ
3456 2415 3801 2485 ἀποκρύψας,

2258 2521 2396 2571 ὥστε
2429 2519 2501 2588 μὴ
2533 2517 2900 2586 εὑρίσκεσθαι,
2919 2518 2945 2566 6
2977 2516 3073 2582 μὲν
3100 2513 3391 2571 ἐπίσκοπος
3413 2511 3440 2562 ὁ
3469 2505 3806 2576 κατηγορού-

2263 2627 2420 2678 μενος
2448 2605 2840 2676 λυθήσεταιτοῦ
2869 2605 3164 2670 ἐπιτιμίου,
3188 2599 3692 2664 ἀποκαθιστάμινος
3718 2594 3802 2654 είς

2259 2703 2354 2770 τὴν
2384 2699 2661 2753 κοινωνίαν
2682 2714 2694 2726 ·
2725 2700 2751 2748 6
2784 2696 2837 2748 δέ
2877 2695 3173 2762 κατήγορος
3206 2687 3682 2756 ἐπιτιμηθήσεται.
3727 2682 3803 2733 Οὐ

2265 2792 2442 2860 μέντοι
2475 2788 2844 2857 κωλυθήσεται
2874 2783 3168 2852 γυμνάζειν
3194 2780 3290 2848 τήν
3325 2773 3678 2843 κατηγορίαν,
3710 2771 3806 2821 καὶ

2260 2883 2570 2945 δικάζεσθαι
2600 2882 2692 2931 ἐὰν
2725 2880 2864 2946 φανῇ
2908 2878 2981 2945 μὴ
3019 2875 3078 2938 ἐξ
3121 2869 3321 2923 οἰκείου
3372 2865 3672 2932 θελήματος
3708 2877 3814 2910 κα-

2259 2974 2638 3042 ταφρονῆσαι,
2695 2967 2835 3020 ὥστε
2893 2966 2966 3032 μὴ
3022 2959 3419 3030 ἐμπροθέσμως
3477 2949 3810 3015 ἀπαντῆσαι,

2182 3071 2224 3128 C
2256 3064 2391 3117 ἀλλά
2426 3063 2500 3131 μὴ
2549 3059 2840 3128 δυνηθῆναι
2871 3056 2928 3118 ἐξ
2960 3053 3134 3112 αἰτίας
3165 3049 3382 3113 εὐλόγου
3416 3045 3508 3096 καὶ
3566 3045 3813 3108 ἀπαραι-

2253 3155 2433 3222 τήτου.
2475 3151 2651 3201 Ἔστω
2701 3148 2779 3209 δὲ,
2809 3145 2961 3214 φησὶ,
3001 3142 3154 3209 δῆλον
3186 3140 3268 3190 δτι
3315 3137 3433 3188 τότε
3487 3132 3809 3222 δεχθήσεται

2253 3246 2280 3295 ὁ
2310 3221 2615 3310 κατήγορος
2645 3239 2736 3290 τοῦ
2766 3237 3086 3294 ἐπισκόπου,
3111 3232 3204 3282 ἐὰν
3237 3229 3309 3297 μὴ
3340 3226 3707 3292 διαϐέϐληται.
3741 3221 3805 3270 Εί

2254 3337 2360 3402 γὰρ
2389 3331 2810 3397 διαϐεϐλημένος
2839 3327 2944 3392 εἴη,
2977 3325 3007 3392 ἢ
3034 3321 3330 3389 ἀμφίϐολός
3362 3320 3508 3369 ἐστιν
3541 3312 3805 3384 ήύπόληο

2256 3428 2346 3496 ψις
2370 3425 2552 3488 αὐτοῦ,
2602 3420 2960 3489 ἀπρόσδεκτος
2995 3417 3166 3476 ἐσται,
3199 3414 3244 3464 εί
3278 3411 3351 3480 μὴ
3383 3410 3588 3461 οἰκείαν
3616 3404 3808 3506 προτί-

2260 3520 2413 3587 θησιν
2448 3515 2698 3565 ὑπόθεσιν
2749 3510 2890 3561 κατά
2923 3506 3015 3558 τοῦ
3071 3503 3396 3564 ἐπισκόπου,
3455 3503 3809 3566 χρηματικήν

2257 3605 2492 3676 δηλαδή,
2547 3605 2606 3654 ού
2640 3603 2818 3670 μέντοι
2861 3591 3330 3663 ἐκκλησιαστικήν,
3390 3587 3665 3639 τουτέστιν
3727 3587 3808 3643 εἰς

2254 3700 2522 3750 ἔκπτωσιν
2547 3694 2642 3760 τῆς
2673 3691 2971 3755 ἐπισκοπῆς
3011 3681 3470 3742 καταδικάζουσαν
3525 3676 3614 3728 τὸν
3644 3690 3815 3740 κατη-

2251 3789 2601 3857 γορούμενον.
2648 3783 2779 3849 Περὶ
2840 3777 3030 3828 τούτου
3073 3775 3128 3824 δὲ
3184 3774 3274 3823 καὶ
3305 3772 3332 3822 6
3379 3765 3432 3831 ς’
3483 3765 3660 3818 κανὼν
3709 3763 3810 3830 τῆς

2249 3851 2500 3945 δευτέρας
2527 3871 2906 3940 οικουμενικῆς
2932 3865 3143 3917 συνόδου
3189 3862 3553 3918 διατάττεται,
3588 3851 3805 3945 nat—{q-

2253 3943 2441 4036 τητέον
2467 3967 2531 4016 τά
2562 3964 2674 4014 ἐκεῖ
2703 3958 3078 4027 γεγραμμένα.
3100 3953 3155 4004 Ὀ
3179 3952 3232 4003 δὲ
3264 3947 3330 4002 οδ’
3358 3948 3463 4000 τῶν
3496 3943 3810 4036 ἀποστόλων

2259 4035 2434 4110 κανὼν
2472 4055 2559 4105 τὸν
2594 4053 2884 4104 ἐπίσκοπον
2920 4043 3365 4114 κατηγορηθέντα
3395 4035 3677 4105 τρισσάκις
3711 4049 3811 4084 κα-

2259 4146 2464 4197 λεῖσθαι
2519 4140 2746 4202 κελεύει,
2791 4137 2882 4188 καὶ
2929 4139 2974 4186 εί
3026 4135 3098 4203 μὴ
3163 4129 3483 4197 ἀπαντήσει,
3535 4125 3654 4175 τότε
3681 4121 3811 4185 τοὺς

2265 4236 2589 4291 ἐπισκόπους
2625 4224 2953 4296 ψηφίζεσθαι
2993 4221 3107 4274 κατ’
3135 4217 3320 4273 αὑτοῦ.

614 4369 780 4426 apast.
829 4373 942 4411 can.
995 4367 1301 4409 accusatum
1335 4355 1637 4423 epiScopum
1685 4367 1761 4408 ter
1818 4357 2008 4419 citari;
2061 4372 2142 4420 ac,

2257 4355 2282 4408 ii
2319 4351 2540 4417 denique
2573 4347 2621 4397 in
2646 4345 2731 4412 jus
2751 4353 2856 4402 eat,
2899 4340 3120 4391 aliorum
3186 4335 3552 4401 episcopnrum
3613 4329 3808 4384 ευστα-

615 4452 698 4519 gio
737 4449 1072 4502 condemnari
1096 4448 1264 4515 jubet.

613 4546 832 4601 AltlST.
867 4561 882 4593 ι
926 4542 1220 4608 Episc0pus
1263 4549 1539 4592 ucrusatus
1569 4546 1620 4590 ct
1662 4539 1710 4589 in
1751 4537 2010 4605 judicium
2054 4537 2154 4589 du-

2270 4555 2286 4586 ι
2322 4531 2538 4587 ΑΡΙΣΤ.
2580 4528 3058 4596 Κατηγορούμενος
3099 4523 3394 4580 ἐπίσκοπος
3427 4523 3518 4572 καὶ
3549 4522 3814 4590 ἀγόμενος

688 4656 705 4685 ι
737 4646 871 4699 ctus,
901 4636 1118 4686 duormn
1156 4631 1414 4684 mensium
1447 4629 1670 4697 spatium
1706 4628 1894 4680 habeat
1927 4643 1940 4689 ;
1969 4629 2010 4678 si
2038 4629 2152 4695 qui-

688 4743 704 4773 ι
739 4727 854 4776 dem
889 4738 951 4774 ex
995 4721 1157 4772 altera
1206 4733 1354 4786 parte
1390 4718 1588 4769 tardius
1631 4718 1806 4770 veniat
1855 4717 2106 4768 auxilium
2141 4733 2153 4768 :

690 4834 704 4862 ι
744 4823 922 4879 postea
954 4820 1128 4862 autem
1162 4805 1733 4869 excommunicabitur,
1761 4805 1801 4856 si
1831 4820 1932 4857 non
1968 4819 2158 4857 occur-

690 4924 705 4953 ι
751 4903 898 4956 rerit.
933 4902 986 4969 Si
1030 4911 1228 4962 autem,
1265 4898 1534 4967 Ipraescnte
1569 4906 1835 4958 accusato,
1881 4905 2158 4948 accusator

689 5011 708 5043 ι
753 4992 1023 5060 aufugiat,
1071 4993 1439 5042 communione
1495 4987 1807 5054 privabitur.
1864 4985 2156 5038 Accusator

697 5103 712 5131 ι
753 5090 924 5134 autem
958 5079 1169 5131 infamia
1204 5079 1467 5139 laborans,
1515 5086 1728 5128 nonest
1779 5086 2077 5128 accusator.
2128 5093 2144 5123 ι

684 5173 971 5240 Episcopus
1018 5185 1045 5222 a
1082 5169 1327 5236 quopiam
1393 5178 1691 5227 accusatus,
1742 5180 1771 5216 a
1824 5163 2026 5232 synodo
2068 5167 2151 5216 cui

614 5263 873 5328 subjacet,
923 5274 1014 5324 per
1065 5259 1268 5310 litteras
1314 5257 1377 5308 ad
1429 5271 1486 5308 se
1536 5255 1919 5308 defendendum
1978 5254 2156 5306 venire

616 5361 881 5406 evocetur.
907 5351 958 5404 Si
1009 5357 1204 5408 autem,
1237 5357 1513 5415 postquam
1551 5345 1753 5398 litteras
1779 5343 2068 5411 acceperit,
2099 5357 2156 5395 se

613 5444 809 5510 judicio
854 5458 952 5492 non
1005 5437 1216 5500 stiterit,
1272 5451 1439 5502 usque
1514 5437 1579 5488 ad
1627 5451 1786 5487 unum
1837 5434 2153 5499 completum

621 5547 874 5594 inetisem,
908 5547 935 5582 a
966 5530 1283 5583 nece-sariis
1308 5528 1624 5591 quibusdam
1654 5525 1934 5592 impeditus
1956 5524 2153 5585 causis,

621 5627 684 5676 ad
722 5623 1023 5674 dilationem
1059 5623 1246 5673 habeat
1279 5630 1328 5672 ct
1364 5619 1580 5671 alterius
1614 5619 1767 5669 unius
1800 5615 1994 5669 mensis
2033 5629 2159 5668 con-

2325 4644 2341 4673 ι
2382 4624 2549 4690 ἐχέτω
2576 4619 2686 4670 δύο
2746 4618 2927 4684 μηνῶν
2962 4614 3178 4674 ἔνδοσιν,
3214 4613 3368 4676 εἴπερ
3401 4611 3662 4678 ἐτέρωθέν
3695 4614 3813 4663 ἐστι

2329 4732 2345 4762 ι
2385 4714 2481 4779 τῆς
2511 4710 2834 4778 βραδυτῆτος
2865 4703 3081 4772 βοήθεια
3107 4720 3120 4732 ο
3174 4703 3296 4769 ἐξῗμ
3333 4701 3386 4751 δὲ
3421 4702 3479 4750 τὸ
3519 4699 3816 4769 ἀκοινώνη-

2329 4822 2345 4852 ι
2387 4820 2476 4853 τον
2508 4802 2638 4862 ἕξει,
2681 4799 2753 4866 μὴ
2784 4797 3116 4862 ὑπαντήσας.
3157 4793 3279 4843 Ἐἀν
3336 4791 3390 4842 δὲ
3419 4792 3813 4857 παρουσιὰζον-

2333 4914 2348 4942 ι
2387 4911 2472 4953 τος
2505 4891 2596 4943 τοῦ
2633 4886 3128 4956 κατηγορουμένου,
3179 4888 3205 4936 6
3241 4883 3542 4951 κατήγορος
3573 4881 3817 4948 duaeea-

2334 5002 2351 5032 ι
2384 4997 2474 5051 γῃ,
2509 4980 2615 5043 ἕξει
2644 4978 2703 5028 τὸ
2753 4977 3110 5042 ἀκοινώνητον
3131 4986 3145 5001 °
3188 4971 3605 5039 διαϐαλλόμενος
3630 4971 3686 5023 δὲ
3715 4987 3816 5024 κα-

2337 5093 2351 5121 ι
2390 5073 2614 5137 τήγορος
2642 5067 2701 5117 ού
2731 5067 3044 5132 κατήγορος.
3094 5081 3110 5112 ι

2343 5162 2661 5217 Ἐπίσκοπος
2690 5156 2792 5206 ὑπό
2824 5171 2963 5214 τινος
3007 5151 3496 5220 κατηγορούμενος,
3545 5150 3695 5218 παρὰ
3742 5157 3808 5221 τῇ

2263 5253 2480 5321 συνόδῳ,
2511 5247 2862 5322 ᾖὺπόκειται,
2898 5247 2983 5297 διὰ
3033 5247 3372 5313 γραμμάτων
3400 5245 3812 5312 προσκαλείσθω

2263 5347 2396 5413 προς
2446 5339 2736 5406 ἀπολογίαν
2786 5338 2954 5389 ἐλθεῖν
2980 5351 2994 5366 ο
3033 5338 3079 5387 εί
3104 5335 3180 5394 δὲ,
3220 5336 3352 5402 μεθὸ
3386 5335 3453 5385 τὰ
3509 5335 3813 5402 γράμματα

2262 5430 2612 5492 δέξεται,ούκ
2644 5428 2942 5492 ἀπαντήσει
2981 5427 3059 5484 είς
3112 5422 3170 5473 τὸ
3217 5423 3562 5491 δικαστήριον
3620 5427 3814 5491 μέχρις

2264 5523 2382 5573 ὅ).ου
2422 5521 2582 5588 μηνὸς
2618 5519 2753 5580 ἐνὸς,
2795 5517 3053 5576 κωλυθεῖς
3091 5518 3213 5574 ἴσως
3243 5515 3345 5566 ὑπό
3385 5531 3543 5565 τινων
3574 5516 3816 5581 ἀναγκα-

2267 5612 2464 5663 στικὼν
2513 5611 2718 5670 αἰτιῶν,
2764 5609 2929 5668 ἐχέτω
2958 5607 3033 5659 εἰς
3067 5606 3350 5667 ὑπέρθεσιν
3384 5607 3469 5656 καὶ
3500 5606 3684 5672 ἑτέρου
3711 5623 3813 5674 μη·
