4114 6484
277 444 373 510 IIII

1249 459 1326 514 IN
1367 456 1532 518 CAN.
1573 458 1775 518 XXIII
1815 457 2024 517 CONC.
2065 459 2144 518 IN
2180 456 2553 516 CARTIIAG.

3403 449 3502 515 116

272 557 355 618 νος
392 556 510 619 tu;
534 557 878 629 προθεσμίαν
900 579 911 591 ·
939 561 1058 614 εἰδὲ
1095 562 1184 615 καὶ
1215 566 1241 616 6
1270 565 1518 635 δεύτερος
1549 566 1654 636 μὴν
1701 583 1836 634 παρ-

1971 567 2289 619 titutionem.
2321 565 2376 619 Si
2421 573 2678 616 autemet
2727 563 2995 616 secundus
3045 561 3242 613 Il‘ttait'n
3288 563 3503 630 eiapsus

276 649 413 702 έλθοι
436 651 714 722 διακενῆς,
749 657 841 708 καὶ
871 657 946 716 εἰς
977 656 1034 707 τὸ
1059 657 1406 726 δικαστήριον
1447 659 1506 710 οὐ
1535 658 1834 725 παρουσιά-

277 758 377 803 σει,
401 745 787 813 ἀφωρισμένος
812 747 971 811 ἔστω,
1008 749 1198 818 μέχρις
1237 750 1302 803 ἂν
1351 750 1640 811 ἀνεύθυνος
1670 755 1831 821 φανῇ.

289 831 414 885 Ἐάν
435 833 490 886 δὲ
516 837 834 889 τούναντίον
864 839 890 888 ό
916 839 1011 904 μὲν
1050 840 1522 909 κατηγορούμενος
1541 843 1834 903 ἐπίσκοπος

280 922 536 992 πάρεστι,
572 927 667 978 καὶ
695 927 796 994 τὴν
819 927 1158 991 ἐπεξέλευσιν
1188 930 1286 998 τῆς
1325 933 1446 985 κατ’
1478 933 1642 985 αὑτοῦ
1675 951 1838 1000 κατη-

279 1015 470 1082 γορίας
511 1017 766 1082 γενέσθαι
811 1018 1040 1090 ἐπιξητῇ
1100 1023 1128 1074 6
1159 1022 1214 1073 δέ
1261 1023 1564 1093 κατήγορος
1607 1024 1838 1091 οὐδαμοῦ

281 1105 544 1172 φαίνηται
571 1145 585 1166 ,
634 1106 769 1161 ἀλλὰ
797 1111 1104 1180 άποφεύγῃ.
1131 1112 1292 1174 αὐτὸς
1321 1113 1430 1178 ἔξει
1462 1114 1522 1166 τὸ
1551 1114 1846 1182 ἀκοινώνη-

281 1210 376 1246 τον
407 1198 433 1248 ό
463 1199 790 1266 κατήγορος.
820 1201 914 1252 Διὰ
935 1201 1090 1254 τοῧτο
1116 1205 1243 1270 γοῦν
1269 1199 1568 1272 ὀφείλουσιν
1597 1207 1643 1257 οἰ
1675 1223 1844 1270 κατη-

282 1287 580 1356 γοροῦντες
613 1289 986 1354 ἐξετάζεσθαι,
1021 1295 1112 1346 καὶ
1149 1295 1248 1363 τὴν
1278 1295 1592 1364 ορησκείαν,
1629 1299 1721 1346 καὶ
1749 1297 1846 1363 τὴν

286 1377 564 1446 ὑπόληψιν
583 1394 598 1408 ·
636 1382 728 1432 καὶ
753 1382 845 1434 ἐὰν
873 1383 1281 1454 διαϐεϐλημένοι
1313 1387 1469 1447 εἰσιν,
1507 1388 1586 1446 εἰς
1616 1403 1849 1452 κατηγο-

290 1467 416 1534 ρίαν
446 1468 894 1537 ἐκκλησιαστικοῦ
925 1474 1245 1542 πράγματος
1271 1477 1332 1528 ού
1368 1477 1772 1546 παραδέχονται.

889 1587 1128 1640 ΚΔΝΩΝ
1164 1589 1287 1642 ΚΓ.

297 1709 315 1738 ι
373 1691 498 1744 Ἐάν
521 1693 576 1746 δι
631 1697 989 1767 πρεσϐύτεροι
1032 1700 1062 1767 ἦ
1102 1700 1334 1756 διάκονοι
1384 1705 1851 1774 κατηγορηοῶσιν.

375 1801 392 1831 ι
429 1784 939 1854 προσζευγνυμένου
974 1789 1066 1842 τοῦ
1097 1792 1326 1859 νομίμου
1370 1792 1602 1861 ἀριθμοῦ
1634 1792 1742 1844 τῶν
1795 1795 1856 1844 ἐκ

373 1889 390 1919 ο
430 1872 524 1940 τῆς
565 1873 966 1945 πλησιαζούσης
1021 1877 1340 1940 τοποθεσίας
1393 1881 1683 1948 αἱρετικῶν
1737 1884 1855 1932 ἐπι·
1888 1905 1932 1962 Β

379 1982 397 2012 ο
437 1965 653 2015 σκόπων
681 2006 696 2027 ,
758 1966 849 2028 οὓς
897 1967 945 2017 οἰ
1009 1969 1470 2037 κατηγορούμενοι
1518 1973 1851 2038 αἰτήσονται,

380 2071 397 2100 ι
438 2051 582 2104 τοῦτ’
604 2053 748 2106 ἐστιν
771 2055 858 2107 ἐπ’
888 2057 1109 2123 ὀνόματι
1132 2059 1225 2110 τοῦ
1265 2061 1630 2128 πρεσϐυτέρου
1662 2062 1738 2124 ἐξ,
1766 2063 1859 2113 καὶ

382 2159 398 2184 ι
439 2141 528 2192 τοῦ
561 2141 806 2195 διακόνου
830 2145 996 2212 τριῶν
1017 2161 1028 2175 ο
1086 2147 1181 2198 σὺν
1225 2147 1436 2210 τούτοις
1486 2149 1646 2208 αὐτὸς
1678 2151 1704 2200 6
1733 2149 1859 2210 ἴδιος

382 2250 400 2281 ς
437 2232 542 2284 τῶν
581 2237 1069 2303 κατηγορουμένων
1106 2239 1403 2300 ἐπίσκοπος
1431 2239 1526 2296 τας
1557 2239 1736 2296 αἰτίας
1764 2240 1862 2291 αὖ-

388 2343 405 2371 c
441 2324 546 2375 τῶν
579 2324 842 2388 ἐξετάσει,
868 2327 958 2379 τοῦ
990 2329 1152 2380 αὐτοῦ
1180 2329 1286 2379 τῶν
1310 2329 1530 2399 ἡμερῶν
1581 2333 1672 2381 καὶ
1695 2331 1863 2397 ὑπερ-

387 2432 403 2459 ι
446 2416 643 2466 θέσεων
700 2417 795 2467 καὶ
850 2418 1143 2480 ἐξετάσεων
1183 2421 1274 2471 καὶ
1307 2427 1614 2487 προσώπων
1663 2419 1862 2488 μεταξῦ

385 2523 404 2554 ς
442 2506 549 2557 τῶν
577 2509 1024 2576 κατηγορούντων
1080 2513 1172 2562 καὶ
1206 2511 1697 2578 κατηγορουμένων
1745 2511 1865 2580 τρό-

391 2617 408 2645 ι
452 2617 551 2650 που
594 2601 1022 2667 φυλαττομένου.
1085 2602 1204 2652 Τῶν
1255 2602 1309 2652 δὲ
1345 2601 1547 2653 λοιπῶν
1594 2603 1867 2671 κληρικῶν

389 2708 406 2739 ς
445 2691 539 2752 τὰς
569 2691 744 2752 αἰτίας
771 2691 863 2750 καὶ
895 2692 1051 2758 μόνος
1093 2694 1120 2744 6
1147 2692 1387 2753 ἐντόπιος
1421 2693 1713 2754 ἐπίσκοπος
1750 2694 1866 2745 δια-

393 2799 410 2828 ι
449 2780 560 2848 γνῷ
588 2781 680 2832 καί
708 2781 1035 2848 περατὼσει.
1064 2801 1080 2832 ι

387 2892 584 2946 ΒΑΛΣ.
607 2895 712 2945 Kal
743 2893 896 2956 οὗτος
919 2899 943 2948 6
973 2896 1169 2957 κανὼν,
1196 2900 1505 2966 παρομοίιυς
1538 2901 1614 2968 τῷ
1647 2901 1750 2968 πρὸ
1776 2901 1871 2952 a5-

311 2983 622 3051 τοῦ,ἧγουν
678 2986 818 3037 κατὰ
865 2987 960 3046 τὰς
1014 2987 1178 3048 αὑτάς
1237 2989 1548 3052 διαστῖξεις,
1581 2991 1870 3056 διορίζεται

312 3074 630 3136 δικάζεσθαι
685 3078 777 3128 καὶ
809 3077 928 3137 τοὺς
957 3079 1356 3145 πρεσϐυτέρους
1390 3081 1481 3132 καὶ
1524 3081 1648 3140 τοὺς
1697 3081 1872 3131 διακό-

315 3181 462 3225 νους.
491 3165 596 3216 Τοῦ
621 3167 676 3219 δέ
713 3166 781 3220 ια’
834 3170 1054 3231 κανόνος
1083 3170 1449 3237 διοριζομένου
1509 3171 1655 3238 παρὰ
1686 3172 1872 3227 πόσοις

1944 654 2120 713 fuerit.
2141 666 2193 708 et
2211 656 2412 722 judicio
2436 671 2493 710 se
2513 671 2614 708 non
2650 655 2864 715 stiterit,
2889 663 3200 721 segregatus
3220 653 3308 714 sit,
3335 669 3505 721 usque

1945 749 2067 800 dum
2119 751 2373 802 innocens
2432 747 2759 815 apparuerit.
2821 747 2874 799 Si
2941 757 3118 798 autem
3160 761 3189 797 e
3235 748 3506 798 contrario

1944 839 2222 904 cpisc0pns
2243 851 2524 892 accusatus
2556 838 2806 901 adfuerit,
2831 847 2884 891 ct
2915 837 3279 890 accusatioitis
3310 847 3499 890 contra

1949 944 2006 980 se
2035 927 2152 980 latm
2189 929 2387 980 exitum
2427 930 2753 996 quazsiverit,
2788 939 3067 982 accusator
3101 939 3277 980 autem
3309 942 3507 994 nequa-

1949 1034 2108 1086 quam
2139 1020 2522 1088 appareat,sed
2555 1019 2812 1088 aufugiat.
2847 1021 2958 1086 ipse
2985 1030 3264 1074 accusator
3294 1034 3510 1073 excom-

1955 1111 2298 1162 municationi
2339 1111 2674 1178 subjicietur.
2705 1111 2905 1164 Idcirco
2945 1113 3125 1179 itaque
3174 1119 3514 1163 accusatores

1954 1201 2245 1253 examinari
2289 1202 2481 1255 debent
2520 1211 2571 1254 et
2603 1202 2773 1268 quoad
2818 1202 3069 1269 pietatem
3105 1213 3158 1255 et
3193 1203 3368 1268 quoad
3399 1200 3518 1266 opi-

1957 1294 2199 1352 nionem;
2241 1304 2294 1346 ct
2334 1295 2376 1346 si
2425 1296 2577 1363 ejecti
2634 1295 2762 1356 sint,
2795 1295 2858 1346 ad
2910 1295 3265 1348 ecclesiastici
3317 1293 3516 1361 negotii

1958 1386 2352 1436 accusationem
2395 1401 2494 1437 non
2527 1387 2880 1438 admittuntur

2416 1592 2575 1662 546
2604 1591 2828 1645 ΟΑΝΟΝ
2857 1590 3043 1643 XXIII.

1969 1723 1986 1754 ι
2028 1706 2083 1757 Si
2123 1706 2416 1775 presbyteri
2457 1717 2632 1756 autem
2668 1706 2747 1756 vel
2788 1706 2996 1757 diaconi
3027 1704 3264 1757 accusati
3301 1703 3524 1756 fuerint.

2037 1816 2054 1845 ί
2094 1797 2348 1863 adjuncto
2385 1797 2619 1864 legitimo
2661 1812 2882 1848 numero
2920 1795 3281 1848 electitiorum
3311 1795 3523 1860 episco-

2038 1908 2054 1937 ‹
2113 1903 2298 1954 porum
2337 1904 2399 1940 ex
2449 1888 2765 1955 propin-mis
2812 1886 3141 1953 regionibus,
3179 1901 3313 1950 quos
3347 1885 3403 1944 ii,
3436 1885 3523 1950 qui

2032 2000 2047 2028 ι
2084 1992 2425 2042 accusantur,
2455 1960 2760 2044 peiiverint,
2794 1980 2842 2028 id
2880 1989 2981 2038 est,
3024 1980 3073 2028 in
3120 1978 3374 2029 dilatione
3429 1991 3525 2028 no-

2033 2091 2047 2119 ι
2092 2072 2248 2123 minis
2301 2071 2594 2138 presbyteri
2651 2085 2767 2125 sex.
2809 2079 2858 2121 et
2891 2069 3098 2120 diaconi
3148 2068 3320 2119 tribus
3357 2083 3370 2117 :
3403 2080 3523 2118 cum

2036 2181 2053 2210 ι
2097 2162 2181 2215 his
2225 2165 2474 2230 proprius
2535 2171 2907 2213 accusatorum
2985 2158 3271 2223 episcopus
3339 2169 3524 2206 eorum

2033 2274 2049 2304 ι
2082 2269 2270 2308 causas
2299 2253 2649 2312 exatninabit,
2686 2251 2870 2304 eadem
2900 2249 3102 2300 dierum
3131 2258 3182 2299 et
3213 2246 3526 2298 dilationum

2052 2364 2068 2393 ι
2111 2353 2164 2398 et
2185 2344 2641 2398 examinationum
2675 2352 2725 2393 et
2757 2355 3131 2405 personarum,
3188 2347 3532 2390 aecus:itores

2039 2456 2056 2489 ι
2097 2438 2235 2488 inter
2269 2445 2322 2488 et
2388 2450 2479 2488 eos
2531 2436 2620 2500 qui
2680 2441 3024 2491 accusantur,
3069 2429 3238 2481 forma
3293 2437 3525 2480 servata.

2041 2549 2055 2577 ι
2095 2530 2444 2594 Reliquorum
2485 2536 2660 2578 autem
2696 2525 3012 2577 clericorum
3043 2537 3236 2574 causas
3268 2520 3349 2572 vel
3382 2519 3531 2573 solus

2040 2641 2056 2670 ι
2095 2620 2376 2690 cpiscopus
2414 2618 2510 2671 loci
2545 2626 2800 2685 agnoscat
2829 2623 2878 2665 et
2911 2613 3076 2666 ﬁniet.
3121 2638 3136 2659 ι

2034 2907 2222 2960 B\LS.
2266 2906 2362 2957 llic
2397 2919 2609 2970 quoque
2661 2917 2852 2960 canon,
2909 2899 3160 2952 similiter
3218 2913 3279 2948 ac
3333 2908 3530 2962 pure-:-

1970 2998 2122 3056 dens,
2183 2993 2433 3046 videlicet
2487 2990 2781 3044 secundum
2851 2988 3066 3040 easdem
3135 2986 3532 3041 distinctiones.

1973 3087 2158 3138 statuit
2189 3094 2242 3136 ut
2272 3085 2581 3152 judiccntur
2628 3092 2680 3134 et
2727 3080 3022 3148 presbyteri
3059 3087 3110 3131 et
3137 3076 3369 3130 diaconi.
3403 3075 3536 3128 Cum

1974 3186 2147 3228 autem
2177 3174 2492 3226 undecimus
2535 3187 2706 3224 canon
2754 3171 2990 3231 definiat,
3030 3184 3059 3221 a
3090 3178 3219 3235 quot
3271 3165 3539 3231 cpisc0pis

315 3256 637 3317 ἐπισκόποις
677 3257 958 3337 ,ὀφείλουσι
1005 3259 1318 3322 δικάζεσθαι
1377 3261 1424 3311 οἰ
1474 3261 1777 3316 ἐπίσκοποι.
1820 3264 1867 3312 οἰ

1979 3267 2205 3318 debeant
2255 3264 2483 3332 judicari
2533 3263 2789 3326 episeopi,
2845 3259 3141 3328 presbyteri
3192 3265 3244 3309 et
3302 3256 3538 3316 diaconi,

316 3347 675 3413 πρεσὸύτεροι
727 3349 821 3399 καὶ
851 3350 899 3399 οἰ
944 3349 1198 3411 διάκονοι,
1234 3351 1355 3418 ἄρτι
1405 3352 1870 3418 παρακελεύονται

317 3438 363 3486 οἱ
409 3438 672 3502 Πατέρες.
708 3438 962 3489 ἐπέκεινα
999 3439 1094 3506 τῆς
1125 3441 1419 3501 δωδεκάδος
1447 3441 1545 3507 τῆς
1576 3441 1756 3503 ἑξάδος
1781 3441 1873 3490 καὶ

316 3526 417 3591 τῆς
449 3527 667 3592 τριάδος
699 3525 838 3580 εἶναι
869 3530 960 3581 τὸν
1004 3531 1314 3599 πρόσφορον
1359 3531 1620 3601 ἐγχώριον
1652 3533 1872 3584 ἐπίσκο-

318 3637 419 3670 πον
440 3638 452 3649 ·
485 3622 612 3683 τοῦς
638 3621 692 3673 δὲ
721 3630 867 3689 παρὰ
902 3623 1142 3686 τούτους,
1176 3626 1341 3692 ἤγουν
1373 3617 1495 3686 τοὺς
1528 3627 1878 3691 ἀναγνώστας

321 3710 412 3760 καὶ
445 3711 570 3770 τοὺς
593 3709 832 3771 λοιποὺς,
870 3711 1019 3778 παρὰ
1068 3713 1184 3774 ἐνὸς
1220 3716 1311 3764 καὶ
1347 3715 1508 3779 μόνου
1561 3714 1652 3763 τοῦ
1707 3731 1877 3780 προσ-

322 3802 485 3868 φόρου
510 3802 806 3852 ἐπισκόπου
837 3802 1172 3862 δικάζεσθαι.
1227 3805 1504 3870 Αἰρετικοὶ
1539 3803 1595 3853 δέ
1627 3803 1876 3867 λέγονται

322 3893 607 3944 ἐπίσκοποι
633 3893 750 3960 οὐχὶ
795 3894 839 3943 οἰ
883 3894 1257 3962 περιεχόμενοι
1309 3897 1366 3946 ἐν
1413 3895 1489 3960 τῷ
1525 3895 1568 3963 β’
1595 3893 1758 3961 τίτλῳ
1787 3893 1878 3944 τοῦ

322 3982 362 4043 ζ’
394 3981 600 4048 βιϐλίου
636 3984 742 4034 τῶν
765 3982 1087 4040 Βασιλικῶν.
1142 3985 1186 4036 οἰ
1225 3986 1359 4050 μετὰ
1410 3985 1604 4045 δόσεως
1655 3983 1876 4049 προστί-

1971 3370 2114 3407 nunc
2143 3356 2330 3422 jubent
2379 3352 2587 3412 Patres,
2616 3363 2674 3403 ut
2707 3352 2846 3403 ultra
2879 3350 3155 3402 duodecim
3189 3362 3279 3400 sex
3306 3357 3357 3400 et
3408 3357 3539 3406 tres,

1974 3447 2038 3495 sit
2057 3460 2265 3512 quoque
2285 3443 2380 3496 loci
2401 3443 2853 3511 episeotmsju-lex
2878 3450 3219 3507 competens;
3242 3439 3332 3506 qui
3362 3448 3538 3490 autem

1977 3546 2099 3589 Slltil
2139 3546 2330 3604 praeter
2354 3551 2468 3594 eos.
2505 3536 2731 3588 lectores
2777 3535 2983 3586 scilicet
3011 3545 3062 3585 et
3096 3532 3310 3598 reliqui,
3343 3532 3407 3582 ait
3435 3547 3539 3581 uno

1980 3625 2095 3678 aulo
2121 3625 2442 3692 competenti
2468 3624 2716 3690 episcopo
2739 3621 3067 3690 judiccntur.
3104 3620 3329 3671 Electitii
3357 3629 3536 3671 autem

1977 3713 2230 3764 dicuntur
2264 3713 2524 3779 episcopi,
2580 3725 2681 3762 non
2727 3709 2814 3776 qui
2852 3710 2901 3760 iu
2940 3710 3176 3760 secundo
3211 3708 3292 3762 tit.
3322 3709 3411 3761 lib.
3469 3722 3543 3758 vit

1977 3801 2326 3854 Basilicorum
2355 3801 2716 3860 continentur,
2745 3799 2833 3867 qui
2860 3800 3066 3851 scilicet
3098 3813 3215 3850 cum
3246 3813 3417 3865 pinna:
3451 3798 3544 3848 da-

1979 3895 2126 3947 tioue
2154 3894 2426 3962 iudicant;
2460 3894 2548 3947 sed
2572 3907 2705 3961 quos
2737 3893 2893 3959 eliget
2925 3894 2968 3944 is
3003 3892 3094 3960 qui
3129 3900 3438 3947 accusatur,
3473 3905 3536 3940 ev

1984 3985 2326 4037 finitimarum
2371 3986 2646 4051 regionum
2673 3984 2958 4050 episeopis.

325 4096 421 4144 μου
451 4078 966 4144 δικάζοντες,άλλά
1042 4079 1132 4143 οὓς
1191 4081 1548 4149 αἰρετίσεται,
1607 4081 1774 4148 ἤγουν
1845 4080 2171 4143 ἐπιλέξεται,
2233 4082 2261 4132 6
2335 4079 2807 4148 κατηγορούμενος
2869 4081 2930 4130 ἐκ
2987 4078 3093 4130 τῶν
3147 4076 3536 4146 πλησιοχώρων

321 4173 650 4227 ἐπισκόπων.

388 4284 632 4335 ΖΩΝΛΡ.
691 4281 750 4334 '0
778 4283 874 4350 μὲν
913 4282 1168 4350 ἀνωτέρω
1195 4281 1373 4334 κανὼν
1406 4283 1530 4349 περὶ
1560 4283 1876 4335 ἐπισκόπων

319 4375 600 4438 διετάξατο
634 4376 1122 4446 κατηγορουμένων
1143 4393 1155 4406 ·
1191 4367 1346 4435 οὗτος
1392 4374 1446 4426 δὲ
1484 4375 1609 4442 περὶ
1642 4374 1877 4444 πρεσῦυο

318 4468 488 4534 τέρων
519 4468 614 4519 καὶ
649 4468 906 4518 διακόνων
954 4467 1162 4533 ὁρίζει,
1215 4467 1308 4517 καί
1354 4483 1538 4533 φησιν,
1579 4466 1703 4518 Ἐάν
1747 4483 1872 4534 πρε-

2057 4282 2302 4337 ZONAR.
2345 4282 2615 4350 Superiori
2656 4284 2869 4350 quidem
2913 4283 2978 4336 de
3012 4285 3293 4350 episcopis,
3325 4300 3410 4352 qui
3457 4302 3545 4336 ac.-

1988 4383 2278 4432 cnsautur;
2328 4372 2426 4424 hoc
2453 4387 2579 4425 vero
2614 4388 2819 4425 canone
2865 4374 2928 4424 de
2972 4373 3294 4438 presbyteris
3338 4383 3392 4424 et
3430 4375 3544 4424 dia-

1985 4463 2136 4516 conis
2167 4463 2441 4515 deﬁnitum
2472 4482 2484 4515 :
2524 4463 2608 4525 Et,
2655 4463 2699 4514 si
2734 4463 2874 4528 quis,
2904 4463 3097 4526 inquit,
3147 4463 3422 4532 presbyter
3455 4476 3540 4516 aut

319 4557 577 4621 σϐύτερος
608 4557 639 4625 ἦ
674 4557 915 4618 διάκονος
946 4557 1378 4624 κατηγορῶνται,
1413 4560 1439 4608 6
1468 4556 1760 4618 ἐπίσκοπος
1783 4557 1867 4607 αύ-

1987 4553 2243 4604 diaconus
2277 4553 2327 4604 iu
2369 4553 2627 4619 judicium
2660 4562 2876 4606 vocetur
2907 4552 2974 4604 ab
3032 4551 3274 4619 ipsorum
3335 4554 3540 4621 PpiSCtt-

318 4650 445 4711 τῶν,
483 4647 890 4716 συνερχομένων
934 4647 1080 4714 αύτῷ
1109 4648 1199 4698 καὶ
1235 4648 1437 4714 ἐτέρων
1466 4649 1776 4700 ἐπισκόπων
1816 4648 1878 4698 ἐκ

321 4739 415 4804 τῆς
453 4737 624 4804 αὑτῆς
646 4737 925 4806 ἐπαρχίας.
960 4737 1017 4799 ἒξ
1041 4737 1137 4803 μὲν
1168 4737 1258 4788 ἐπὶ
1288 4737 1691 4805 πρεσϐυτέρων,
1712 4737 1880 4805 τριῶν

319 4829 373 4878 δὲ
411 4830 503 4879 ἐπὶ
533 4828 817 4888 διακόνων,
877 4827 1118 4891 ἐξετάσει
1166 4827 1264 4894 τὴν
1321 4827 1677 4895 κατηγορίαν.
1713 4829 1775 4879 OE
1824 4826 1880 4878 δέ

321 4918 607 4968 ἐπίσκοποι
654 4911 764 4967 εἷεν
789 4916 874 4974 ἂν,
929 4915 1022 4977 οὓς
1053 4916 1414 4984 αἰρετίσονται
1449 4918 1497 4968 οἱ
1547 4917 1879 4986 κατηγορού-

324 5024 473 5075 μενοι
497 5023 510 5036 °
553 5010 678 5067 τους
711 5007 817 5074 γὰρ
862 5005 1133 5066 τοιούτους
1167 5006 1332 5071 φησιν
1365 5007 1390 5056 6
1437 5006 1614 5057 κανὼν
1669 5008 1874 5076 αἱρετι-

323 5097 470 5157 χοῦς,
505 5095 748 5146 τουτέστι
798 5093 924 5152 τοὺς
959 5095 1228 5161 αἱρετούς.
1255 5095 1334 5146 Ta
1363 5097 1406 5146 δ’
1439 5096 1591 5154 ἄλλαν
1629 5097 1715 5157 τὰς
1751 5113 1880 5166 πρῴ

321 5184 550 5253 ϐεσμίας
597 5183 743 5251 φημὶ
795 5183 889 5235 καὶ
933 5183 1032 5246 τὰς
1078 5185 1423 5253 ἐπιτιμήσεις
1458 5189 1548 5238 καὶ
1598 5188 1694 5238 ὅσα
1725 5189 1784 5239 ἐν
1813 5190 1876 5256 τῇ

324 5278 460 5328 κατὰ
485 5273 579 5326 τοῦ
611 5274 911 5326 ἐπισκόπου
952 5275 1175 5342 ζητήσει
1221 5277 1456 5340 εἴρηται,
1508 5277 1879 5345 φυλαχοὴσονο

323 5383 442 5428 ται,
483 5364 664 5425 καθὼς
717 5365 830 5414 ἐκεῖ
885 5364 1255 5416 διατέτακται.
1318 5364 1397 5414 Τὰ
1446 5365 1500 5415 δὲ
1533 5364 1640 5415 τῶν
1675 5367 1878 5417 λοιπῶν

324 5453 600 5522 κληρικῶν
631 5453 927 5521 αἰτιάματα
967 5454 1056 5504 καί
1091 5453 1252 5519 μόνος
1299 5455 1326 5504 6
1373 5455 1672 5516 ἐπίσκοπος
1702 5456 1880 5508 αὐτῶν

323 5548 520 5598 λοιπῶν
551 5545 830 5614 κληρικῶν
861 5544 1156 5610 αἰτιάματα
1190 5547 1282 5598 καὶ
1311 5547 1468 5614 μόνος
1500 5547 1526 5596 6
1581 5546 1881 5614 ἐπίσκοπος

324 5637 495 5690 αὐτῶν
536 5637 777 5700 ἐξετάσει
809 5637 899 5686 καὶ
931 5635 1250 5701 πεεατὼσει.

325 5729 538 5782 ΔΡΙΣΤ.
578 5747 594 5777 ι
620 5726 994 5796 Πρεσϐυτὲρου
1028 5736 1521 5798 κατηγορουμένου,
1558 5731 1617 5793 ἒξ
1649 5733 1753 5783 τῶν
1782 5733 1875 5791 ἐγ-

397 5837 414 5869 ι
452 5818 695 5888 γυτὲρων
729 5817 1034 5870 ἐπισκόπων
1065 5817 1140 5885 τῷ
1176 5820 1424 5889 ἐγχωρὶῳ
1456 5821 1874 5887 συνδιαγνώσον-

1985 4659 2071 4710 po,
2135 4644 2250 4697 aliis
2294 4660 2355 4698 ex
2408 4645 2592 4697 eadem
2656 4644 2922 4710 provincia
2974 4644 3236 4709 episcopis
3263 4646 3311 4696 in
3364 4645 3540 4696 consi-

1982 4736 2108 4788 lium
2167 4736 2461 4798 advocatis,
2517 4751 2611 4788 sex
2662 4737 2711 4788 in
2762 4737 3082 4797 sacerdotis,
3130 4737 3299 4789 tribus
3337 4737 3386 4787 in
3437 4737 3539 4788 dia-

1982 4825 2100 4877 coni
2145 4823 2366 4890 judicio,
2408 4824 2684 4878 accusatio
2715 4825 3128 4877 examinabitnr.
3169 4825 3414 4893 Episc0pi
3447 4840 3540 4876 au-

1983 4925 2087 4968 tem
2125 4916 2238 4983 ejus
2266 4917 2353 4982 qui
2383 4925 2666 4968 accusatur
2690 4917 2913 4968 arbitrio
2943 4917 3242 4982 eligentur;
3271 4931 3362 4968 eos
3395 4933 3544 4967 nam-

1979 5020 2081 5071 que
2118 5015 2392 5072 pr0pterea
2446 5009 2778 5074 αίρετικοὺς.
2811 5007 2860 5058 id
2903 5015 3006 5070 est,
3048 5006 3307 5059 electitios
3367 5021 3541 5057 canon

1982 5095 2234 5163 appellat.
2283 5093 2504 5160 Reliqua
2539 5110 2684 5159 vero,
2718 5099 2782 5148 de
2814 5095 3156 5162 przetinienda
3191 5095 3398 5147 scilicet
3435 5097 3539 5158 dic,

1981 5186 2046 5238 de
2088 5186 2258 5252 poenis
2294 5186 2585 5246 solvendis,
2620 5197 2673 5238 et
2698 5200 3028 5254 quaecunque
3069 5186 3132 5237 de
3163 5185 3534 5252 episcoporum

1982 5275 2276 5341 quaestione
2310 5274 2521 5328 decreta
2565 5284 2709 5337 sunt,
2751 5286 3050 5336 serventur,
3087 5284 3142 5325 ut
3167 5274 3235 5325 ibi
3274 5276 3541 5328 constitu-

1983 5375 2093 5417 tum
2130 5373 2231 5416 est.
2260 5363 2493 5416 Aliorum
2525 5379 2652 5419 vero
2680 5365 2998 5418 clericorum
3033 5379 3224 5416 causas
3266 5366 3346 5418 vel
3374 5367 3541 5418 solius

1980 5455 2214 5524 episcopi
2249 5456 2450 5523 proprii
2492 5457 2794 5526 cognitione
2835 5455 3146 5523 indicioque
3176 5455 3380 5507 definiri
3432 5455 3542 5522 pla-

1983 5559 2084 5601 (τοι.

1983 5727 2203 5782 AltlSl‘.
2237 5746 2253 5778 ι
2287 5727 2600 5795 Presbytero
2635 5735 2908 5791 accusato,
2938 5741 3026 5779 sex
3051 5741 3079 5780 c
3105 5726 3293 5780 vicinis
3332 5725 3541 5792 cpisco-

2061 5840 2073 5868 ι
2116 5819 2216 5887 Itis,
2239 5834 2341 5871 una
2375 5834 2492 5872 cuzn
2514 5818 2681 5885 ipsius
2714 5819 2945 5886 regionis
2971 5818 3242 5886 episcopo,
3269 5833 3378 5871 retu
3405 5816 3542 5883 diju-
