4114 6452
583 421 683 489 115

1811 415 2088 477 ΤΗΕΟΙ).
2129 408 2524 474 BALSAMON

3678 400 3776 464 llG

648 549 668 584 ι
709 532 1005 588 dicabunt:
1041 534 1266 588 diacono
1296 539 1493 593 autem,
1533 539 1663 586 tres.
1695 531 1825 598 Qua
1874 531 1938 585 ad
1988 529 2117 584 reli-

2296 540 2315 574 ι
2348 537 2470 574 ται*
2500 518 2746 572 διακόνου
2772 517 2849 579 δὲ,
2901 518 3066 585 τρεῖς.
3104 515 3184 569 τὰ
3209 516 3267 570 δι
3305 531 3367 584 γε
3412 515 3518 569 τῶν
3570 513 3772 568 λοιπῶν

644 637 664 674 ι
697 636 831 690 quos
865 637 989 676 vero
1015 633 1260 690 spectant
1281 622 1520 685 clericos,
1547 621 1628 676 vel
1658 635 1795 676 unus
1834 621 2120 690 episcopus

659 731 678 764 ι
716 714 1062 768 examinabit.
1092 732 1112 764 ι

655 801 764 858 iloc
797 813 850 857 et
879 803 929 856 in
970 803 1284 858 duodecimo
1330 817 1534 858 canone
1571 803 1786 865 dicitur.
1817 809 1876 856 ut
1912 798 2129 870 presby-

580 901 692 946 tero
740 905 1006 953 accusato.
1031 909 1120 948 sex
1153 893 1384 963 episcopi
1412 909 1531 949 eum
1548 893 1884 960 iudicabunt,
1914 899 1966 943 et
1989 890 2130 942 inter

577 996 671 1034 ens
729 981 888 1032 etiam
939 982 1187 1048 proprius
1257 982 1420 1049 ipsius
1461 981 1745 1048 episcopus
1804 992 2126 1034 consensum

579 1083 732 1122 suum
769 1070 1044 1134 praebebit.
1096 1071 1326 1124 Diacono
1377 1080 1555 1125 autem
1605 1077 1877 1132 accusata,
1926 1076 2029 1118 tres
2077 1072 2130 1117 et

579 1173 731 1212 suns.
759 1161 824 1212 At
855 1160 1042 1226 reliqui
1085 1177 1269 1215 omnes
1299 1161 1502 1223 clerici,
1536 1161 1629 1229 qui
1665 1169 1789 1213 sunt
1831 1159 1968 1212 Infra
2011 1153 2129 1208 dia-

581 1262 766 1310 conos,
795 1258 846 1302 et
876 1265 903 1302 a
931 1249 1043 1303 solo
1075 1265 1172 1304 suo
1191 1253 1424 1318 ipsnrum
1451 1249 1700 1318 episcopo
1722 1247 2122 1306 iudicabuntur,

581 1338 986 1408 quibuscunque
1009 1325 1320 1394 criminibus
1349 1346 1690 1394 accusentur.

1130 1510 1354 1568 CANON
1389 1512 1573 1568 XXIV.

594 1617 615 1652 ι
650 1600 906 1656 Similiter
927 1603 1146 1671 placuit,
1176 1615 1231 1658 ut
1274 1605 1364 1658 lilii
1393 1604 1707 1658 clericorum
1740 1603 2026 1672 gentilibus
2050 1601 2130 1655 ιιι

652 1707 669 1741 ι
701 1691 965 1746 luereticis
993 1694 1328 1747 matrimonio
1359 1708 1462 1746 non
1497 1693 1909 1763 conjungantur.
1955 1708 1968 1742 :

659 1777 852 1833 BALS.
879 1780 1113 1834 Gentiles
1139 1779 1223 1835 hic
1247 1792 1454 1851 Oportet
1483 1783 1724 1838 inﬁdeles
1771 1781 2072 1850 intelligere
2111 1796 2124 1833 :

2302 631 2322 662 ε
2357 608 2629 678 κληρικῶν
2657 605 2752 660 καὶ
2791 607 2953 676 μόνος
2989 605 3228 670 εξετάσει
3253 608 3282 659 ό
3308 606 3623 668 ιπίσκοπος.
3663 622 3682 654 ι

2298 789 2465 840 Τοῦτο
2495 787 2702 856 εἴρηται
2751 785 2844 838 καὶ
2891 790 2950 838 ιν
2997 783 3074 853 τῷ
3129 783 3414 853 δωδεκατῳ
3462 785 3664 848 κανόνι,
3699 785 3778 848 ὡς

2229 877 2594 947 πρεσϐυτέρου
2629 875 2728 945 μιν
2755 875 3249 944 κατηγορουμένου,
3280 873 3339 939 εξ
3391 875 3676 927 ιπῐσκοποι
3703 875 3782 927 δι-

2229 971 2482 1021 κάσουσιν
2511 967 2692 1030 αὑτὸν,
2727 967 2818 1018 καὶ
2849 967 3101 1018 iniustus
3129 965 3332 1017 τούτων
3359 966 3451 1016 καὶ
3478 967 3505 1018 ό
3531 966 3663 1028 ῐδιος
3683 967 3780 1018 αὖε

2227 1059 2322 1110 τοῦ
2353 1059 2770 1124 ωνδιαγνὼμων
2821 1058 2972 1108 ἕσται
3023 1059 3356 1118 επίσκοπος·
3415 1055 3659 1108 διακόνου
3699 1056 3778 1118 δὶ,

2229 1150 2376 1216 τρεῖς
2423 1150 2513 1199 καὶ
2551 1150 2577 1195 ὁ
2631 1147 2779 1208 ἴδιος.
2807 1147 2868 1198 Ol
2897 1146 2954 1198 δι
3001 1145 3174 1197 λοιποὶ
3204 1146 3401 1207 πάντες
3431 1145 3680 1213 κληρικοὶ
3732 1146 3779 1197 ol

2231 1237 2473 1290 κάτωθεν
2518 1237 2669 1297 ὄντες
2721 1237 2826 1288 τῶν
2877 1236 3141 1288 διακόνων
3177 1238 3270 1288 καὶ
3294 1237 3444 1304 παρὰ
3490 1237 3652 1304 μόνου
3687 1237 3783 1290 τοῦ

2233 1325 2360 1378 ἰδίου
2389 1327 2564 1379 αὐτῶν
2596 1327 2890 1380 ιπισκόπου
2942 1327 3314 1396 κριθήσονται,
3363 1328 3447 1395 ἐφ’
3481 1322 3564 1392 οἷς
3595 1327 3660 1381 ἂν
3691 1331 3778 1380 ai-

2229 1415 2445 1468 τιῶνται
2473 1416 2804 1486 ἐγκλήμασι.

2821 1507 3054 1560 ΚΔΝΠΝ
3086 1507 3212 1561 KA'.

2235 1617 2252 1647 ε
2306 1597 2534 1664 Ὁμοίως
2567 1598 2780 1665 ᾕρεσεν,
2811 1595 2948 1648 ὥστε
2981 1596 3144 1649 τίκνα
3172 1597 3280 1648 τῶν
3309 1595 3584 1666 κληρικῶν
3629 1599 3776 1650 ιονι-

2303 1709 2321 1742 ε
2357 1694 2466 1751 κοῖς
2493 1691 2522 1760 ἢ
2551 1692 2847 1757 αῑρετικοῐς
2875 1689 3126 1756 γαμικῶς
3160 1691 3235 1758 μὴ
3267 1689 3649 1743 συνάπτεσθαι.
3684 1709 3702 1742 s

2302 1779 2487 1831 ΒΛΛΣ.
2541 1778 2812 1840 Ἑθνικοὺς
2863 1777 3094 1830 ἐνταῦθα
3160 1778 3285 1838 τοὺς
3341 1777 3599 1839 ἀπίστους
3643 1781 3786 1830 νοεῖν

582 1867 769 1938 siquis
822 1871 962 1924 enim
988 1873 1199 1941 gentilis
1242 1883 1324 1928 est
1369 1873 1558 1938 ﬁdelis,
1611 1888 1716 1927 non
1758 1872 2128 1942 prohibebitur

2233 1869 2323 1923 δεῖ,
2357 1869 2419 1920 Ei
2443 1869 2548 1938 γάρ
2581 1886 2662 1930 τις
2685 1868 2889 1928 ἰονικός
2923 1868 3034 1919 ἔστι
3065 1867 3272 1929 πιστὸς,
3299 1867 3360 1918 οὐ
3407 1867 3794 1934 κωλυθήσεταί

581 1972 702 2009 eum
734 1958 912 2012 clerici
943 1960 1046 2013 ﬁlia
1083 1963 1352 2030 c0njnngi.
1402 1963 1541 2030 Lege
1567 1962 1905 2017 'Laodicente
1935 1962 2123 2030 synodi

580 2056 837 2098 canonem
867 2046 955 2109 5|,
992 2045 1437 2103 Chalcedonensis
1487 2063 1745 2102 canonetn
1772 2047 1836 2101 ιι
1866 2045 2126 2116 etsynodi

585 2131 637 2182 in
670 2130 848 2187 Trullo
881 2148 1134 2188 canonem
1183 2135 1249 2189 72
1275 2144 1326 2190 et
1372 2150 1488 2205 qua:
1535 2137 1588 2190 in
1623 2135 1701 2190 eis
1746 2135 1943 2204 scripta
1983 2142 2127 2188 sunt.

645 2311 884 2367 ZONAli.
937 2315 1144 2369 Ethnici
1177 2316 1279 2370 hoc
1327 2317 1704 2371 locoinﬁdeles
1731 2315 2125 2384 intelliguntur.

588 2403 842 2457 Ethnicus
879 2421 1104 2472 namque
1154 2406 1321 2461 ﬁdelis
1365 2407 1542 2460 clerici
1595 2405 1753 2460 ﬁliam
1794 2406 1895 2460 sibi
1943 2405 2128 2457 matri-

588 2496 764 2545 monio
819 2495 1036 2562 jttngere
1091 2496 1227 2546 haud
1288 2496 1570 2548 vetabitur.
1625 2493 1755 2546 Vide
1815 2491 2129 2545 Laodicenz

585 2583 768 2648 synodi
797 2596 1053 2634 canonem
1077 2584 1164 2644 3|,
1193 2582 1645 2636 Chalcedonensis
1676 2581 1939 2634 decimum
1963 2594 2125 2645 quar-

585 2682 717 2732 tum,
751 2680 800 2722 et
825 2673 1006 2740 synodi
1050 2672 1101 2724 in
1133 2672 1315 2725 Trnllo
1349 2672 1802 2740 septuagesimum
1832 2669 2124 2724 secundum

583 2770 632 2812 et
664 2776 779 2827 quzc
805 2763 853 2813 in
895 2760 1242 2826 explicatimte
1279 2763 1582 2814 earumdem
1619 2761 1953 2826 scripsimus.

583 2850 737 2921 557
773 2849 1040 2904 AltIST.¢
1085 2849 1362 2904 llmreticis
1411 2859 1464 2902 et
1520 2851 1749 2903 ethnicis
1809 2850 2125 2903 clericorum

655 2959 674 2991 s
716 2943 866 2994 liberi
903 2941 1243 2996 matrimonio
1274 2957 1375 2993 non
1408 2941 1857 3010 conjunguntur.»

651 3032 755 3085 Sed
791 3046 888 3084 nec
923 3033 1174 3084 Iaicormn
1225 3031 1379 3084 liberi
1427 3033 1688 3085 haereticis
1720 3031 1769 3084 in
1806 3031 2128 3086 matrimonii

584 3119 1008 3173 C‘JIIII'HIIIlOﬂEID
1046 3119 1457 3186 conjunguntnr.

1144 3201 1370 3257 CANON
1404 3201 1564 3254 XXV.

592 3312 610 3345 ι
698 3293 762 3347 Ut
792 3292 1025 3362 episcOpi
1072 3301 1125 3345 et
1158 3292 1334 3345 clerici
1369 3291 1419 3343 in
1471 3295 1573 3343 non
1622 3290 1948 3344 orthodoxos
1982 3290 2138 3344 Chri-

661 3403 679 3434 ι
721 3385 926 3437 stianos
976 3383 1106 3434 nihil
1156 3381 1440 3434 conferant
1467 3397 1480 3433 :
1507 3390 1560 3434 et
1596 3379 1640 3433 si
1678 3382 1784 3434 sint
1824 3380 1998 3433 adhuc
2043 3396 2136 3432 co-

659 3493 678 3524 ι
708 3474 874 3540 gnati,
899 3473 1028 3526 nihil
1054 3487 1144 3540 per
1168 3488 1379 3524 suarum
1407 3486 1579 3525 rerum
1605 3473 1964 3537 donationem,
1985 3479 2040 3524 ut
2061 3471 2137 3524 die

659 3584 678 3617 ι
714 3578 857 3619 ctum
887 3573 990 3628 est,
1011 3562 1243 3633 episcopi
1279 3561 1359 3616 vel
1389 3562 1570 3616 clerici
1595 3561 1646 3614 in
1679 3575 1769 3614 cos
1785 3560 2062 3616 conferant
2111 3580 2128 3613 ι

655 3738 844 3793 BALS.
899 3737 1141 3792 ilzerctici
1185 3737 1397 3806 quidem
1430 3735 1700 3801 dicuntur,
1734 3735 1826 3804 qui
1873 3736 1938 3790 de
1971 3737 2128 3791 rebus

586 3834 1014 3889 Christianorum
1051 3847 1154 3884 non
1189 3839 1336 3883 recte
1367 3831 1602 3885 sentiunt
1630 3849 1643 3884 :
1673 3830 1911 3886 infideles
1937 3843 2133 3910 autem.

588 3925 676 3993 qui
707 3925 1038 3977 incarnatam
1067 3919 1228 3973 Verbi
1270 3919 1360 3973 Dci
1401 3925 1754 3973 mconomiam
1784 3921 2000 3976 omnino
2029 3936 2131 3974 non

588 4013 831 4066 credunt.
879 4011 1014 4063 Dicit
1059 4023 1182 4079 ergo
1219 4025 1408 4074 canon,
1449 4009 1650 4062 nullum
1700 4011 2001 4080 episcopum
2052 4011 2132 4062 νυΙ

594 4104 868 4166 clericum,
925 4097 1132 4154 ratione
1185 4099 1340 4166 legati
1390 4099 1473 4153 vel
1525 4100 1871 4164 hereditatis,
1924 4100 1989 4154 iis
2040 4103 2131 4170 qui

589 4204 713 4250 sunt
739 4191 998 4260 ejusmodi
1027 4191 1217 4244 debere
1268 4189 1555 4257 quidquam
1589 4189 1911 4256 relinquere.
1940 4189 2133 4242 etiamo

590 4285 636 4338 si
686 4283 792 4336 sint
840 4283 959 4352 ejus
999 4281 1205 4348 cognati
1242 4298 1255 4332 :
1287 4280 1379 4333 sed
1417 4294 1586 4348 neque
1616 4281 1664 4332 iu
1717 4280 1821 4332 vita
1869 4295 1982 4333 rem
2013 4294 2134 4347 pro-

591 4378 757 4444 priam
791 4374 894 4428 illis
923 4377 1066 4426 dare.
1098 4371 1236 4441 Lege
1289 4387 1544 4425 canonetn
1579 4371 1647 4426 85
1679 4373 1952 4439 praesentis
1977 4386 2133 4440 syno-

589 4467 661 4529 di,
691 4476 742 4517 et
770 4467 861 4517 lib.
895 4463 1102 4515 Basilic.
1141 4460 1412 4527 xxxv,:tit.
1439 4462 1490 4526 8,
1519 4476 1637 4530 cap.
1667 4461 1754 4526 38,
1783 4464 1923 4531 quod
1952 4465 2127 4528 docet,

593 4570 695 4609 non
737 4554 932 4607 debere
977 4551 1113 4604 ﬁlios
1152 4552 1430 4604 haereticos
1471 4553 1774 4618 parentibus
1819 4555 2131 4616 succedere,

592 4646 671 4700 vel
713 4653 918 4698 contra.
962 4641 1023 4694 Et
1057 4641 1149 4695 lib.
1199 4640 1354 4709 primi
1391 4641 1469 4692 tit.
1502 4642 1693 4708 primo,
1722 4643 1928 4694 diversa
1962 4646 2132 4710 capita

590 4736 838 4797 dicentia,
869 4749 969 4787 non
997 4733 1165 4786 solum
1198 4731 1441 4792 clericos.
1479 4733 1569 4783 sed
1597 4740 1650 4784 et
1674 4731 1838 4784 laicos
1872 4732 2132 4799 impediri,

586 4827 873 4892 quominus
926 4829 990 4878 ad
1042 4826 1321 4878 limrcticos
1370 4824 1452 4878 vel
1505 4823 1744 4877 inlideles
1796 4839 1912 4892 quae
1966 4826 2031 4876 ad
2080 4838 2137 4877 se

588 4917 856 4984 pertinent
882 4917 1356 4983 quomodocnnque
1383 4917 1767 4979 transmittant;
1795 4916 2132 4970 undecimum

588 5017 763 5059 autem
798 5019 918 5072 cap.
957 5005 1037 5059 tit.
1079 5005 1132 5060 5.
1166 5006 1253 5058 lib.
1303 5020 1334 5055 ν
1379 5004 1596 5059 Basilio.
1642 5007 1809 5059 dicit:
1861 5005 2041 5074 Neque
2069 5023 2134 5063 ex

589 5095 869 5148 locatione.
900 5109 1069 5162 neque
1094 5108 1158 5147 ex
1184 5094 1547 5168 emphyteusi,_
1562 5109 1734 5162 neque
1757 5110 1818 5149 ex
1844 5097 2132 5164 emptione,

589 5183 668 5237 vel
701 5183 802 5236 ulla
838 5184 941 5237 alia
997 5185 1224 5244 ratione,
1261 5185 1451 5237 debere
1494 5184 1774 5238 haereticos
1804 5183 1906 5238 ulla
1941 5187 2132 5238 immo~

591 5273 711 5326 liilia
744 5289 807 5328 ex
840 5274 1028 5342 quavis
1067 5272 1291 5327 ecclesia
1340 5273 1422 5326 vel
1450 5289 1510 5328 ex
1543 5273 1646 5328 alio
1680 5276 1968 5328 venerabili
2017 5276 2132 5329 loco

590 5365 850 5429 accipere.
890 5362 952 5415 Et
983 5364 1212 5430 ejusdem
1251 5363 1346 5418 lib.
1383 5373 1436 5417 et
1481 5366 1562 5419 tit.
1594 5379 1644 5418 et
1678 5381 1797 5435 cap.
1830 5366 2002 5419 thema
2055 5368 2087 5420 5
2117 5384 2129 5421 :

589 5455 644 5508 Si
697 5455 1048 5515 orthodoxu<,
1098 5453 1304 5507 habens
1351 5456 1740 5520 possessionem
1789 5457 1839 5509 in
1891 5471 1992 5526 qua
2051 5466 2132 5511 est

590 5556 773 5600 sancta
807 5545 1046 5606 ecclesia,
1084 5558 1201 5597 eam
1245 5546 1309 5598 ad
1375 5545 1641 5599 inﬁdelem
1688 5546 1769 5600 vel
1817 5549 2134 5616 simpliciter

593 5637 922 5698 haereticnm,
978 5635 1164 5702 quavis
1218 5635 1422 5690 ratione
1476 5637 1853 5701 transmiserit,
1909 5638 2132 5693 ecclesia

589 5726 829 5796 ejusdem
891 5724 991 5778 vici
1050 5724 1289 5778 eamdem
1347 5727 1626 5781 ecclesiam
1683 5728 1932 5783 vindicet.
1998 5722 2128 5785 cum

2160 3177 2208 3240 C

2230 1958 2566 2025 συνοφθῆναι
2616 1955 2878 2024 κληρικοῦ
2934 1955 3182 2023 Θυγατρί.
3247 1955 3542 2020 ’Δνάγνωθι
3595 1957 3692 2024 τῆς
3723 1957 3782 2007 ιν

2230 2050 2516 2118 Λαοδικείᾳ
2542 2049 2764 2100 συνόδου
2800 2049 3001 2099 κανόνα
3027 2045 3108 2097 λα’
3131 2046 3227 2113 τῆς
3250 2048 3307 2099 ὲν
3347 2045 3649 2114 Χαλκηδόνι
3679 2065 3785 2100 κα-

2229 2141 2354 2191 νόνα
2392 2138 2451 2190 ιδ’
2457 2179 2470 2199 ,
2494 2140 2588 2191 καὶ
2616 2137 2714 2204 τῆς
2743 2140 2798 2188 ἐν
2828 2137 2904 2206 τῷ
2930 2137 3183 2207 τρούλλῳ
3215 2137 3414 2189 κανόνα
3464 2135 3561 2206 οβ’,
3599 2139 3692 2192 καὶ
3716 2138 3786 2192 τὰ

2229 2229 2284 2280 ὲν
2308 2227 2517 2288 τούτοις
2548 2226 2852 2294 γραφέντα.

2298 2316 2537 2371 ΖΩΝΑΡ.
2593 2316 2871 2374 Ἐτδνικοὺς
2911 2315 3142 2369 ἐνταῦθα
3188 2315 3314 2379 τοὺς
3343 2315 3607 2378 ἀπίστους
3640 2317 3784 2368 νοεῐν

2229 2406 2326 2460 δεῖ.
2374 2407 2434 2458 Ei
2465 2409 2570 2474 γὰρ
2602 2407 2810 2468 ἐθνικός
2856 2424 2936 2468 τις
2963 2408 3152 2470 πιστὸς
3209 2404 3265 2478 ᾖ,
3296 2410 3356 2460 οὐ
3410 2408 3788 2477 κωλυθήσεται

2232 2498 2568 2564 συναφοῆναι
2608 2496 2870 2566 κληρικοῦ
2927 2497 3174 2567 Θυγατρί.
3216 2499 3514 2564 atumo:
3558 2498 3652 2550 καὶ
3686 2497 3785 2563 τῆς

2230 2588 2284 2639 ιν
2315 2588 2596 2656 Λαοδικείᾳ
2623 2587 2817 2638 κανόνα
2867 2587 2968 2647 λα’,
3005 2590 3096 2640 καὶ
3123 2589 3220 2653 τῆς
3247 2590 3302 2640 ιν
3335 2586 3636 2655 Χαλκηδόνι
3692 2585 3779 2645 ιδ’,

2230 2677 2322 2730 καὶ
2347 2677 2441 2744 τῆς
2473 2679 2529 2728 ιν
2557 2675 2633 2744 τῷ
2655 2677 2903 2745 ΤρούλΑῳ
2933 2675 3037 2744 οβ’,
3071 2679 3162 2729 καὶ
3196 2677 3294 2728 ὅσα
3317 2677 3374 2728 ὲν
3402 2675 3585 2737 αὐτοῖς
3614 2674 3786 2742 ἐγρά-

2233 2782 2435 2833 φησαν.

2229 2855 2443 2909 ΑΡιΣτ.
2483 2874 2500 2905 ι
2543 2858 2846 2922 Αἱρετικοτς
2881 2859 2975 2910 καὶ
3021 2857 3252 2920 ἑϐνικοῖς
3303 2857 3467 2909 τέκνα
3503 2855 3783 2926 κληρικῶν

2307 2964 2325 2994 ι
2374 2948 2430 2996 ού
2466 2947 2845 3000 συνάπτονται.
2885 2966 2901 2996 ι

2313 3037 2450 3088 Ἀλλ’
2499 3038 2614 3088 οὐδὲ
2658 3037 2860 3090 λαῖκῶν
2910 3038 3094 3100 παῖδες
3141 3039 3435 3107 αίρετικοῖς
3486 3037 3565 3100 είς
3609 3036 3788 3106 γάμου

2236 3127 2516 3178 κοινωνίαν
2551 3128 2682 3178 συνά
2693 3144 2932 3181 moveat.

2819 3218 3053 3270 ΚΑΝΩΝ
3086 3219 3211 3270 κεν.

2249 3323 2266 3356 ι
2316 3307 2474 3358 Ὥστε
2508 3308 2631 3369 τοὺς
2655 3309 2982 3370 ἐπισκόπους
3004 3310 3096 3360 καὶ
3122 3310 3245 3366 τοὺς
3272 3307 3560 3376 κληρικοῦς
3585 3309 3791 3377 μηδένα

2318 3415 2335 3446 ι
2383 3399 2719 3462 συνεισάγειν
2751 3401 2859 3459 τοῖς
2897 3399 2968 3466 μὴ
3002 3398 3300 3466 ὀρθοδόξοις
3331 3400 3702 3467 Χριστιανοῖς·
3737 3401 3789 3452 ει

2314 3506 2332 3537 ι
2377 3489 2469 3539 καὶ
2516 3491 2795 3554 συγγενεῖς
2845 3489 2921 3540 ετι
2957 3490 3059 3558 μὴν
3085 3482 3237 3551 ὦσιν,
3277 3489 3438 3556 μηδὲν
3466 3489 3551 3540 διὰ
3581 3489 3790 3556 δωρεᾶς

2316 3596 2333 3627 ι
2383 3578 2485 3630 τῶν
2510 3580 2724 3629 οἰκείων
2765 3579 3121 3646 πραγμάτων,
3149 3579 3222 3639 ὼς
3252 3576 3484 3646 εῐρήται,
3517 3579 3642 3640 τοὺς
3669 3581 3788 3630 επι-

2316 3686 2333 3717 ι
2377 3669 2611 3728 σκόπους
2645 3667 2674 3735 ἢ
2710 3667 3001 3735 κληρικοὺς
3029 3666 3234 3728 τούτοις
3266 3667 3618 3731 συνεισάγειν.
3659 3685 3676 3716 ι

2308 3759 2503 3811 ΒΑΛΣ.
2535 3759 2808 3826 Alpes:in
2859 3757 2958 3826 μὲν
3000 3757 3245 3824 λέγονται
3279 3760 3326 3810 οί
3370 3768 3444 3826 μὴ
3474 3758 3788 3822 δοξάζοντες

2235 3846 2408 3915 ὀρθῶς
2440 3847 2505 3898 τὰ
2538 3847 2642 3898 τῶν
2673 3846 3009 3913 Χριστιανῶν
3034 3863 3047 3876 ο
3083 3847 3298 3900 ἄπιστοι
3326 3845 3381 3898 δὶ
3408 3847 3455 3898 oi
3487 3846 3622 3913 μηδὲ
3651 3846 3788 3908 ὅλως

2236 3936 2581 3996 πιστεύοντες
2621 3936 2718 4002 τὴν
2749 3934 3011 4002 ινσαρκον
3060 3935 3372 4002 οἰκονομίαν
3397 3933 3491 3988 τοῦ
3521 3935 3654 3986 Θεοῦ
3686 3935 3790 3988 Λό-

2233 4042 2350 4093 γου.
2382 4026 2518 4093 Φησὶ
2548 4023 2678 4090 γοῦν
2706 4026 2732 4076 ὁ
2767 4021 2943 4075 κανὼν
2977 4024 3176 4091 μηδένα
3205 4023 3501 4075 ὶπίσκοπον
3532 4023 3562 4092 ἢ
3593 4023 3785 4092 κληρι-

2233 4114 2325 4165 κδν
2357 4114 2496 4166 κατὰ
2532 4115 2694 4179 νόμου
2724 4112 2949 4179 λεγάτου
2978 4113 3008 4180 ἢ
3050 4112 3106 4163 κ)
3120 4111 3412 4180 ηρονομίας
3440 4113 3788 4178 καταλιμπά-

2231 4221 2342 4256 νειν
2375 4206 2484 4262 τοῖς
2536 4201 2788 4270 τοιούτοις
2823 4202 2881 4253 τὸ
2910 4200 3109 4263 ὁτιοῦν,
3144 4201 3250 4253 κᾶν
3284 4203 3564 4268 συγγενεῖς
3619 4201 3787 4254 αὺτοῦ

2233 4286 2398 4344 ὦσιν·
2447 4293 2581 4345 ἀλλὰ
2633 4293 2764 4360 μηδὲ
2807 4290 3091 4360 δωρεῖσθαι
3125 4291 3306 4351 αὐτοῖς
3345 4292 3398 4342 ἐν
3432 4291 3541 4357 ζωῇ
3587 4292 3784 4341 οικεῖον

2234 4385 2484 4452 πρᾶγμα.
2529 4382 2864 4448 ’Δνὰγνωσον
2893 4380 2981 4432 τὸν
3022 4385 3111 4443 πγ¹
3153 4380 3349 4431 κανόνα
3376 4382 3475 4446 τῆς
3503 4381 3789 4448 παρούσης

2237 4473 2474 4534 συνόδου,
2527 4473 2618 4524 καὶ
2664 4471 2864 4540 βιῆλίον
2914 4470 3020 4520 τῶν
3075 4469 3379 4522 Βασιλικῶν
3417 4467 3486 4520 λε’
3520 4469 3698 4521 τίτλου
3737 4470 3790 4538 η’

2237 4580 2360 4630 κεφ.
2391 4560 2470 4632 λη’
2500 4561 2748 4614 διδάσκον
2783 4560 2856 4628 μὴ
2888 4558 3127 4627 ὀφείλειν
3159 4559 3609 4627 κληρονομεῐσθαι
3659 4558 3790 4618 τοὺς

2235 4655 2410 4719 γονεῖς
2444 4651 2594 4720 παρὰ
2622 4649 2910 4715 αίρετικῶν
2945 4647 3168 4707 παίδων,
3207 4646 3237 4715 ἢ
3299 4648 3607 4698 τούναντίον
3629 4662 3642 4675 ⁸
3691 4649 3791 4698 καὶ

2239 4742 2440 4811 βιϐλίου
2494 4742 2540 4794 α’
2581 4742 2760 4792 τίτλου
2792 4738 2838 4790 α’
2873 4739 3142 4806 κεφάλαια
3172 4738 3402 4807 διάφορα
3437 4735 3665 4803 λέγοντα
3708 4738 3786 4807 μὴ

2241 4831 2399 4899 μόνον
2445 4830 2756 4898 κληρικοὺς,
2807 4828 2942 4880 ἀλλὰ
2999 4829 3089 4880 καὶ
3131 4826 3348 4888 λαῖκοὺς
3399 4824 3784 4894 ιμποδίζεσοαι

2239 4922 2375 4992 πρὸς
2403 4921 2706 4989 αἱρετικοῦς
2739 4920 2768 4987 ἦ
2801 4920 3060 4978 ἀπίστους
3110 4915 3458 4982 ὁπωσδήποτε
3494 4916 3786 4983 παριπίμο

2237 5029 2359 5065 πειν
2411 5012 2479 5062 τὰ
2525 5011 2731 5071 τούτοις
2779 5009 3124 5076 διαφέροντα.
3168 5008 3238 5060 Τὸ
3284 5007 3337 5058 δὲ
3393 5012 3461 5060 ια’
3490 5007 3786 5073 κεφάλαιον

2236 5102 2326 5155 τοῦ
2380 5109 2425 5168 γ’
2476 5101 2652 5153 τίτλου
2698 5099 2786 5152 τοῦ
2821 5097 2860 5150 ε’
2889 5098 3093 5167 βιϐλίου
3144 5098 3251 5150 τῶν
3293 5097 3596 5148 Βασιλικῶν
3633 5097 3784 5163 λέγει

2241 5193 2375 5260 μήτε
2427 5190 2563 5242 κατὰ
2613 5189 2878 5257 μίσθωσιν
2912 5191 3049 5256 μήτε
3101 5192 3242 5238 κατὰ
3275 5185 3606 5252 ὲμφύτευσιν
3643 5188 3784 5255 μήτε

2236 5283 2356 5334 κατ’
2429 5281 2689 5345 ὲξὼνησιν
2738 5279 2768 5347 ἢ
2819 5279 2974 5332 ἄλλον
3056 5277 3252 5344 τρόπον
3309 5278 3427 5328 τινὰ
3489 5277 3787 5340 λαμϐάνειν

2235 5374 2357 5434 τοὺς
2405 5371 2707 5439 αἱρετικοὺς
2753 5370 2982 5435 ἀκίνητα
3039 5366 3314 5434 οίαδήτινα
3373 5366 3430 5430 εξ
3487 5365 3786 5432 ίκκλησίας

2235 5461 2374 5521 τινος
2401 5460 2432 5528 ἢ
2459 5458 2614 5512 ἄλλου
2645 5457 2935 5524 σεϐασμίου
2962 5457 3129 5507 οῐκοιο⁹
3158 5456 3249 5506 καὶ
3271 5453 3365 5506 τοῦ
3391 5453 3554 5511 αὐτοῦ
3579 5454 3787 5524 βιδλίου

2236 5555 2329 5606 καὶ
2355 5552 2532 5604 τίτλου
2585 5550 2676 5603 καὶ⁸
2721 5565 2843 5616 κεφ.
2878 5547 3016 5615 θέμα
3045 5552 3113 5612 γ’.
3159 5545 3282 5596 Ἐὰν
3314 5545 3614 5614 όρῢόδοξος,
3646 5547 3789 5616 ἔχων

2238 5644 2424 5704 κτῆσιν
2451 5642 2506 5690 ἐν
2533 5634 2564 5713 ᾗ
2596 5641 2742 5691 εστιν
2771 5638 2902 5706 ἁγίᾳ.
2928 5635 3247 5705 Ἐκκλησία,
3275 5636 3628 5703 παραπέμψει
3658 5639 3791 5692 ταύ-

2237 5751 2332 5801 την
2363 5731 2482 5786 καθ’
2513 5731 2807 5799 οἱονδήτινα
2862 5729 3057 5797 τρόπον
3096 5725 3307 5794 ἀπίστῳ
3341 5725 3371 5788 ἢ
3406 5724 3590 5788 ἁπλῶς
3627 5731 3787 5800 αἶρε-
