4114 6456
293 343 389 404 129

1315 344 1394 404 IN
1437 344 1598 404 CAN.
1641 348 1798 401 XXX
1829 346 2031 400 LUNC.
2072 343 2442 400 CAMTHAG.

3376 347 3475 411 130

284 471 400 515 ποις
457 454 867 522 βουλεύσασθαι,
927 453 1044 505 τότε
1103 454 1206 522 χρὴ
1257 454 1347 504 τὸν
1379 454 1675 505 ἐπίσκοπον
1727 449 1818 502 xit

1932 450 2104 514 randi,
2159 450 2463 504 facultatem
2540 452 2770 518 adimat;
2828 464 2950 507 tunc
3024 457 3207 510 Saltem
3271 460 3474 515 vicinos

283 543 404 602 τοὺς
451 545 696 610 γείτονας
754 543 1082 605 ἐπισκόπους
1132 545 1211 604 είς
1266 543 1570 611 μαρτυρίαν
1611 541 1830 593 καλέσαι

282 632 376 696 τῆς
399 650 457 682 τε
498 633 752 701 ὀξύτητος
780 635 880 701 τῆς
913 635 1171 700 ἀνάγκης,
1202 633 1291 684 καὶ
1328 633 1717 700 περιστάσεως,
1739 630 1832 682 καὶ

280 721 617 792 ἐκποιήσεως
645 724 734 777 τοῦ
772 724 1112 791 πράγματος.
1140 724 1198 774 Εἰ
1231 723 1286 774 δὲ
1319 722 1395 792 μὴ
1427 723 1566 774 οὕτω
1594 723 1828 789 ποιήσει,

279 791 578 874 θπεύθυνος
605 814 756 865 ἔσται
783 814 856 881 τῷ
881 813 1015 880 Θεῷ,
1065 815 1306 865 τουτέστι
1339 813 1429 864 καὶ
1456 811 1530 880 τῷ
1553 811 1669 878 Θεῷ
1703 809 1829 876 ὑφέ-

278 902 357 966 ξει
391 901 602 967 λόγους,
658 903 752 954 καὶ
784 903 886 954 ὑπὸ
939 905 1038 969 τῆς
1091 903 1306 954 συνόδου
1341 899 1829 967 ἀλλοτριωθήσεται

273 987 377 1055 τῆς
404 990 611 1050 οἰκείας
662 992 844 1059 τιμῆς,
894 991 1012 1059 ἦτοι
1063 992 1158 1059 τῆς
1206 989 1615 1058 ἀρχιερατικῆς.
1665 986 1774 1038 Καὶ
1803 987 1830 1036 ὁ

277 1080 448 1146 μέγας
478 1079 534 1130 δὲ
582 1080 839 1148 Κύριλλος
868 1082 923 1132 ἐν
953 1083 1017 1149 τῇ
1054 1080 1184 1148 πρὸς
1214 1080 1416 1146 Δόμνον
1447 1077 1698 1145 ἐπιστολῇ
1730 1075 1826 1126 αὑ-

271 1170 366 1221 τοῦ
396 1187 528 1238 φησι
545 1187 556 1198 ·
589 1172 864 1239 Κειμήλια
884 1174 976 1222 καὶ
997 1173 1217 1240 κτήσεις
1237 1171 1522 1236 ἀκινήτους
1540 1170 1830 1236 ἀνεκποίη-

275 1275 342 1309 τα
375 1261 496 1319 ταῖς
530 1259 847 1327 ἐκκλησίαις
887 1259 1153 1322 σώζεσθαι
1203 1261 1329 1328 χρή.
1374 1258 1674 1323 Ἀνάγνωθι
1734 1259 1827 1310 καὶ

270 1346 363 1396 τὸν
403 1349 465 1415 ιβ’
509 1349 707 1400 κανόνα
742 1350 834 1416 τῆς
866 1347 1244 1416 οίκουμενικῆς
1272 1349 1313 1412 ζ’
1347 1347 1584 1400 συνόδου.

268 1523 492 1576 ΔΡΙΣΤ.
531 1525 820 1592 «Ἀπρατα
850 1529 914 1577 τὰ
937 1524 1360 1594 ἐκκλησιαστικά
1402 1523 1723 1592 πράγματα.
1764 1524 1824 1574 El

358 1632 375 1664 ι
411 1615 468 1665 δὲ
502 1615 575 1682 μὴ
628 1616 886 1682 πρόσοδον
923 1617 1034 1684 ἔχει
1061 1655 1074 1679 ,
1116 1615 1305 1684 γνώμῃ
1344 1614 1450 1666 τῶν
1514 1613 1824 1664 ἐπισκόπων

349 1722 366 1754 ι
399 1705 790 1773 πιπράσκεται.
847 1707 908 1757 El
957 1707 1012 1758 δὲ
1078 1706 1360 1774 ὴάνάγκη
1413 1703 1511 1768 οὐχ
1561 1700 1822 1768 ὑπομένει

347 1814 363 1844 ι
406 1793 828 1862 βουλεύσασθαι,
896 1795 1022 1855 τοὺς
1102 1794 1343 1860 γείτονας
1404 1793 1431 1842 ὁ
1493 1790 1823 1857 πιπράσκων

345 1902 365 1934 ι
402 1885 755 1951 συγκαλέσειο
807 1887 856 1936 εἰ
888 1884 931 1935 δ’
959 1885 1054 1953 οὐχ
1107 1883 1268 1945 οὕτω,
1318 1882 1434 1950 Θεῷ
1467 1880 1563 1932 καὶ
1595 1883 1661 1950 τῇ
1696 1895 1821 1930 συν-

344 1991 363 2022 ι
397 1974 502 2042 όδῳ
537 1974 850 2036 ὑπεύθυνος.
895 1992 912 2024 ι

335 2063 447 2112 Οὐκ
495 2062 801 2128 ὀφείλουσιν
829 2065 875 2114 οι
911 2064 1198 2115 ἐπίσκοποι
1230 2062 1297 2114 τά
1354 2062 1464 2113 τῶν
1517 2061 1822 2130 ἐκκλησιῶν

265 2151 598 2203 ἐκποιεῖσθαι
623 2153 921 2220 πράγματα
943 2168 956 2183 ο
991 2153 1134 2204 θείου
1157 2153 1262 2223 γάρ
1279 2153 1381 2203 είσι
1407 2151 1576 2203 ταῦτα
1592 2152 1818 2213 δικαίου,

263 2240 356 2290 καὶ
379 2240 467 2292 διὰ
499 2239 656 2293 τοῦτο
677 2242 915 2310 ἄπρατα.
941 2242 1002 2293 Εἰ
1025 2242 1080 2293 δέ
1105 2259 1186 2304 τις
1234 2242 1416 2309 κτῆμα
1455 2241 1591 2310 ἔχων
1620 2241 1822 2308 ἀπρόσ-

266 2330 404 2393 οδον,
436 2335 531 2382 καὶ
560 2331 657 2399 τὴν
691 2329 984 2399 ἐκκλησίαν
1013 2332 1173 2384 αὑτοῦ
1194 2332 1566 2400 βαρυνομένην
1585 2333 1816 2399 χρέεσιν,

261 2420 297 2486 ἢ
327 2422 709 2487 περιστάσεσιν
730 2423 912 2483 ἄλλαις
942 2422 1291 2488 πιεζομένην,
1321 2421 1411 2473 καὶ
1441 2421 1673 2490 βουληθῇ
1698 2421 1819 2472 τοῦ-

261 2528 322 2563 το
342 2512 662 2581 διαπράσαι,
693 2513 831 2564 ὥστε
861 2514 959 2581 τὴν
988 2513 1152 2582 τιμὴν
1185 2513 1348 2564 αὑτοῦ
1380 2512 1706 2565 καταόαλεῖν
1740 2513 1817 2574 εἰς

262 2602 574 2670 ἀπόπρλησιν
620 2602 729 2654 τῶν
758 2603 952 2671 χρεῶν,
1001 2603 1032 2670 ἢ
1069 2605 1147 2664 είς
1174 2602 1338 2661 ἄλλας
1389 2601 1539 2663 τινὰς
1570 2618 1823 2654 κατεπει-

263 2692 464 2757 γούσας
487 2693 730 2759 ἀνάγκας
754 2708 768 2723 ⁶
806 2693 878 2761 μὴ
902 2692 1060 2744 τοῦτο
1094 2692 1392 2744 πωλείσθω
1415 2692 1541 2743 ἄνευ
1598 2691 1821 2760 γνώμης

259 2779 354 2832 τοῦ
380 2780 778 2848 μητροπολίτου
806 2781 903 2846 τῆς
957 2781 1124 2848 αὐτῆς
1157 2781 1420 2850 ἐπαρχίας
1452 2781 1546 2833 καὶ
1572 2783 1676 2832 τῶν
1703 2799 1820 2834 συν-

262 2871 578 2922 ιπισκόπων
605 2870 791 2923 αὐτοῦ.
825 2871 884 2922 Εἰ
906 2871 950 2923 δ’
975 2872 1075 2923 οὐκ
1101 2871 1212 2940 ἔχει
1245 2872 1435 2939 καιρόν
1467 2872 1552 2924 διὰ
1581 2872 1675 2941 τὴν
1704 2874 1815 2922 ἐπι-

261 2961 522 3030 κειμένην
556 2961 702 3029 αὺτῷ
745 2962 1007 3029 ἀνάγκην,
1039 2962 1248 3023 τούτοις
1281 2963 1406 3029 περὶ
1455 2961 1546 3013 τοῦ
1589 2962 1822 3030 ἀπροσό-

1935 540 2211 606 episcopos
2249 551 2303 592 ct
2342 555 2541 608 magna:
2575 543 2927 606 necessitatis,
2974 556 3025 597 et
3053 548 3244 613 negotii
3288 550 3471 614 totius,

1933 638 1985 680 et
2011 629 2083 681 rei
2108 628 2440 682 alienationis
2475 630 2540 681 ab
2569 632 2817 698 episcopo
2839 641 3002 687 testes
3039 637 3277 690 adhiberi
3308 653 3468 704 opor-

1936 725 2023 768 tet.
2079 715 2224 780 Quod
2293 718 2334 768 si
2391 717 2566 770 facere
2607 720 2936 786 neglexerit,
2999 731 3052 774 et
3092 725 3199 778 Deo
3249 727 3472 780 erilob-

1931 807 2140 871 noxius,
2197 811 2293 860 hoc
2335 816 2444 871 est,
2483 818 2536 860 et
2562 810 2680 862 facti
2723 812 2979 864 rationem
3026 813 3133 867 Deo
3161 831 3472 883 reposcente

1934 892 2137 955 reddet,
2171 903 2220 945 et
2250 908 2277 944 a
2306 896 2522 963 synodo,
2553 899 2769 966 propriu
2797 900 2995 953 honore
3020 940 3034 965 ,
3080 903 3179 956 hoc
3217 917 3294 958 est
3323 922 3470 962 suin-

1931 982 2000 1032 mi
2055 984 2338 1035 sacerdotii
2392 985 2646 1050 dignitate
2695 990 3010 1053 privabitur.
3064 993 3288 1060 Magnus
3344 1013 3470 1050 vero

1927 1069 2156 1138 Cyrillus
2206 1073 2255 1124 in
2287 1074 2509 1139 epistola
2559 1076 2622 1128 ad
2666 1076 2924 1131 Domnum
2974 1082 3086 1135 Inec
3117 1085 3304 1136 habet:
3333 1086 3468 1140 Vasa

1929 1162 2183 1228 pretiosa,
2212 1163 2399 1231 inquit,
2450 1181 2512 1219 ac
2554 1170 2920 1233 possessiones
2952 1172 3252 1228 immobiles
3294 1176 3470 1229 salvas

1930 1259 2088 1317 atque
2127 1251 2416 1306 incolumes
2444 1256 2685 1314 ecclesiis
2735 1263 3042 1312 conservari
3074 1275 3301 1329 Oportet.
3332 1265 3468 1334 Lege

1928 1348 2182 1404 praeterea
2255 1346 2597 1398 (lacutnenict'c
2661 1348 2900 1415 septima:
2950 1353 3136 1420 synodi
3211 1370 3466 1409 canonetn

1927 1427 2314 1484 duodecimum.
3458 1503 3460 1506 ,

1926 1505 2148 1571 ᾹΒΙΒΤ.
2194 1539 2211 1571 ι
2244 1521 2384 1575 Bona
2436 1525 2793 1581 ecclesiastica
2843 1545 2946 1582 non
2991 1543 3115 1586 sunt
3167 1536 3464 1591 vendenda.

2005 1626 2022 1657 ι
2064 1608 2117 1660 Si
2148 1623 2271 1662 vero
2304 1612 2502 1665 reditus
2534 1630 2634 1666 non
2667 1616 2924 1680 habeant,
2972 1622 3230 1673 sententia
3256 1624 3464 1690 episco-

2009 1714 2026 1744 ι
2065 1713 2249 1764 parum
2289 1705 2603 1755 vendantur.
2642 1705 2696 1757 Si
2752 1723 2876 1760 vero
2911 1713 3200 1765 necessitas
3233 1728 3335 1764 non
3387 1712 3466 1766 fe-

2002 1804 2017 1835 ι
2062 1796 2141 1839 ret
2184 1797 2240 1842 ut
2283 1791 2614 1854 consulatur,
2653 1794 2740 1860 qui
2772 1799 2977 1862 .vendit
3009 1800 3210 1852 vicinos
3239 1801 3466 1855 vocabit.

1999 1893 2017 1924 ι
2057 1877 2149 1929 Sin
2201 1881 2269 1931 ita
2320 1895 2424 1933 non
2455 1882 2658 1947 fecerit,
2704 1885 2809 1938 Deo
2853 1898 2906 1940 et
2956 1891 3156 1957 synodo
3215 1907 3342 1944 rcus
3393 1901 3469 1944 tc~

2002 1983 2021 2014 ι
2060 1976 2233 2020 netur.
2261 1987 2278 2018 ι

1996 2053 2240 2124 Episcopi
2274 2072 2377 2111 non
2406 2060 2596 2114 debent
2641 2063 3006 2119 ecclesrastica
3037 2065 3171 2121 bona
3207 2069 3466 2136 alienare,

1925 2143 2008 2194 illa
2038 2145 2177 2196 enim
2207 2145 2372 2198 divini
2416 2157 2536 2199 sunt
2562 2147 2720 2214 juris,
2756 2161 2916 2218 atque
2949 2153 3068 2208 ideo
3099 2171 3202 2208 non
3236 2158 3464 2213 venalia.

1925 2228 1978 2282 Si
2009 2231 2126 2296 quis
2167 2245 2338 2286 autem
2392 2238 2781 2302 posseSsionem
2847 2242 3040 2295 habeat
3099 2245 3300 2299 reditus
3357 2262 3461 2301 non

1921 2321 2297 2390 proferentem,
2333 2338 2384 2379 et
2411 2330 2689 2383 ecclesiam
2719 2348 2865 2384 suam
2895 2335 3085 2387 debitis
3105 2348 3376 2404 gravatam
3410 2350 3464 2393 ct

1922 2413 2040 2465 aliis
2088 2429 2324 2480 pressam
2373 2418 2890 2475 incommoditatibus
2924 2435 2977 2477 et
3003 2440 3120 2478 eam
3177 2427 3466 2484 divendere

1921 2503 2116 2567 vellet,
2160 2517 2214 2557 ut
2258 2508 2486 2574 pretium
2536 2510 2678 2564 illius
2739 2514 3094 2568 indebitorutn
3145 2519 3464 2575 solutionem

1921 2594 2228 2658 conjiceret,
2260 2608 2351 2650 aut
2380 2602 2442 2652 ad
2470 2601 2603 2654 alias
2643 2608 2898 2671 quasdam
2950 2619 3201 2674 urgentes
3229 2616 3466 2665 necessi-

1922 2691 2091 2747 tates;
2145 2685 2285 2737 illam
2325 2703 2429 2740 non
2466 2692 2655 2744 vendat
2687 2694 2806 2746 sine
2842 2698 3128 2762 provinciae
3173 2701 3322 2754 istius
3353 2717 3465 2755 me-

1924 2774 2224 2839 tropolitani
2268 2789 2322 2828 et
2391 2781 2833 2848 coepiscoporunt
2875 2786 3041 2854 ipsius
3072 2794 3357 2844 sententia.
3408 2795 3466 2845 Si

1921 2871 2096 2916 autem
2158 2876 2364 2933 tempus
2412 2885 2512 2922 non
2562 2872 2780 2938 habeat,
2830 2888 3049 2944 propter
3097 2883 3464 2936 imminentem

1923 2952 2016 3018 ipsi
2051 2957 2444 3021 necessitatem,
2482 2974 2601 3013 cum
2633 2964 2697 3016 iis
2740 2967 2806 3018 de
2836 2969 3098 3023 immobili
3130 2974 3328 3026 reditus
3362 2992 3466 3029 non

260 3047 349 3098 δου
376 3051 635 3118 ἀκινήτου
685 3049 1097 3118 βουλεύσασθαι,
1131 3051 1206 3113 ὠς
1239 3051 1418 3118 μέλλει
1449 3051 1608 3103 τοῦτο
1633 3051 1816 3119 πωλῆ-

1923 3046 2148 3100 habente
2192 3052 2497 3105 consultare
2521 3091 2535 3114 ,
2560 3057 2827 3121 quomodo
2870 3058 2996 3113 illud
3029 3064 3342 3118 venditurus
3372 3069 3462 3129 sit,

263 3153 390 3187 61t°
421 3139 521 3190 κᾶν
552 3139 680 3199 τοὺς
706 3139 948 3210 γείτονας
991 3141 1329 3205 συγκαλείτω
1380 3142 1456 3200 είς
1491 3140 1819 3208 μαρτυρίαν,

261 3227 346 3278 ἴνα
367 3230 462 3288 τὰς
481 3228 860 3295 ἐπισυμὸἀσας
881 3232 944 3297 τῇ
973 3230 1236 3299 ἐκκλησίᾳ
1259 3229 1420 3280 αὑτοῦ
1450 3231 1817 3297 περιστάσεις,

262 3315 329 3367 δι’
359 3317 427 3378 ἀς
451 3317 510 3368 τὸ
553 3318 786 3370 τοιοῦτον
835 3319 1003 3371 πωλεί
1059 3319 1336 3388 ἀκίνητον,
1395 3317 1816 3384 ἐπιγινώσκωσι,

267 3405 359 3455 καὶ
388 3409 452 3473 τῇ
481 3407 683 3475 συνόδῳ
708 3407 877 3459 ταῦτα
932 3409 1026 3459 καὶ
1065 3409 1357 3477 μετέπειτα
1402 3411 1813 3478 παραστήσωσι.

265 3496 324 3546 Εἰ
359 3495 411 3545 δὲ
442 3498 500 3546 οὑ
530 3498 702 3548 ταῦτα
732 3497 976 3564 φυλάξει,
1009 3499 1124 3550 ἀλλ’
1161 3499 1495 3560 αὑτοὸούλως
1540 3501 1817 3568 ποιήσεται

260 3585 358 3649 τὴν
388 3585 676 3650 διάπρασιν
703 3603 716 3614 ·
775 3588 869 3639 καὶ
913 3587 987 3655 τῷ
1048 3589 1166 3657 Θεῷ
1200 3594 1290 3640 καὶ
1313 3590 1376 3658 τῇ
1440 3589 1639 3657 συνόδῳ
1669 3589 1816 3642 ἔσται

264 3672 579 3738 ὑπεύθυνος,
613 3677 704 3728 καὶ
734 3676 1012 3744 ἀλλότριος
1046 3678 1141 3744 τῆς
1176 3679 1360 3746 τιμῆς.

869 3766 1104 3818 ΚΑΝΩΝ
1133 3766 1211 3818 A'.

269 3871 286 3901 ι
333 3852 562 3920 Ὁμοίως
592 3853 914 3920 ἐϐεϐαιώθη,
958 3857 1060 3919 ἵνα,
1096 3855 1187 3906 ἐάν
1237 3872 1365 3907 ποτε
1405 3857 1813 3928 πρεσϐύτεροιῆ

339 3963 357 3992 ι
394 3943 628 3995 διάκονοι
652 3945 742 3996 ἐπί
760 3961 862 3996 τινι
895 3945 1177 4014 βαρυτέρῳ
1197 3944 1499 4013 ἐγκλήματι
1521 3936 1814 4015 ἐλεγχθῶσι

337 4051 354 4080 ι
394 4033 472 4100 τῷ
499 4035 812 4099 ἀναγκαίως
842 4035 1035 4096 αὐτοὺς
1088 4035 1186 4101 τῆς
1239 4035 1574 4104 λειτουργίας
1624 4039 1814 4090 ἀποκι-

339 4137 359 4171 ι
388 4121 588 4184 νοῦντι,
619 4123 691 4190 μὴ
727 4123 1065 4174 ἐπιτίθεσθαι
1119 4125 1303 4185 αὐτοῖς
1336 4127 1523 4193 χεῖρας
1555 4127 1628 4187 ὡς
1653 4143 1812 4192 μετι-

342 4228 360 4262 ι
395 4211 626 4274 νοοῦσιν,
663 4213 693 4280 ἢ
729 4212 802 4272 ὡς
848 4216 1055 4272 πιστοῖς
1091 4212 1292 4274 λαῖκοίς
1344 4213 1478 4279 μηδὲ
1529 4215 1813 4281 ἐπιτρέπε-

332 4319 351 4346 ι
387 4300 510 4353 σθαι
541 4304 741 4362 αὐτοῖς,
790 4299 928 4351 ὥστε
971 4300 1511 4368 άναόαπτιζομένοις,
1559 4303 1690 4370 πρὸς
1719 4305 1811 4354 τὸν

334 4411 352 4443 ι
386 4391 477 4443 τοῦ
512 4392 710 4459 κλήρου
743 4390 948 4458 βαθμὸν
979 4392 1322 4459 προκόπτειν.
1365 4409 1383 4440 ι

327 4483 521 4533 ΒΛΛΣ.
560 4483 715 4542 Τινὲς
748 4481 854 4532 τῶν
910 4479 1003 4531 τοῦ
1069 4480 1331 4549 βήματος,
1393 4483 1810 4549 καθαιρεθέντες

259 4573 342 4623 ΞΣιά
371 4588 489 4621 τινα
518 4570 896 4636 ἐγκληματικέι
921 4572 1241 4637 αίτιάματα,
1273 4569 1483 4638 ήθςελον,
1511 4571 1584 4633 Lb;
1617 4572 1808 4635 ἔοικεν,

261 4660 608 4724 ἀναγνώστας
658 4657 920 4727 ταχθῆναι
973 4658 1006 4727 ἢ
1047 4661 1125 4718 εὶς
1175 4659 1398 4726 ἐτέρους
1432 4658 1674 4728 βαθμοὺς
1709 4662 1812 4724 ἔξω

259 4749 350 4800 τοῦ
380 4749 622 4816 βήματος
661 4747 817 4808 ὄντας
838 4761 852 4774 '
885 4748 977 4798 καὶ
997 4747 1200 4813 ἔλεγον,
1219 4748 1312 4809 ώς,
1339 4748 1492 4799 Ἐπεὶ
1528 4749 1814 4816 μετανοοῦ-

265 4856 360 4906 μεν
395 4843 486 4890 καί
516 4841 593 4895 είς
618 4839 780 4890 τόπον
816 4838 1229 4906 κατηντήσαμεν
1276 4837 1494 4902 λαῐκῶν,
1529 4840 1812 4906 ὀφείλομεν

265 4931 357 4980 κᾶν
384 4929 462 4989 είς
486 4928 727 4994 βαθμοὺς
753 4927 1022 4987 τοιούτους
1044 4928 1394 4994 προκόπτειν,
1448 4929 1527 4988 εἰς
1555 4929 1700 4990 οἴους
1722 4932 1813 4980 καὶ

260 5018 305 5067 οἱ
335 5017 512 5069 λαῖκοὶ
572 5015 960 5083 προκόπτουσι.
994 5017 1164 5067 Τοῦτο
1195 5016 1285 5067 οὖν
1319 5019 1391 5084 μὴ
1433 5015 1713 5085 δεξάμενοι
1762 5020 1810 5069 οἱ

258 5109 516 5175 Πατέρες,
574 5106 781 5175 ὥρισαν
828 5108 939 5166 τοῖς
969 5106 1332 5174 καθαιρεθεῖσι
1367 5108 1441 5176 μὴ
1477 5109 1810 5160 ἐπιτίθεσθαι

259 5198 405 5264 παρὰ
435 5197 542 5247 τῶν
572 5196 871 5264 ἀρχιερέων
914 5198 1097 5262 χεῖρας
1121 5196 1278 5262 χάριν
1321 5194 1652 5262 οἱασδήτινος
1686 5196 1739 5244 κ)
1757 5212 1814 5262 η-

259 5288 467 5355 ρώσεως
491 5302 506 5315 ⁸
541 5285 642 5337 κᾶν
669 5284 988 5352 μετανοῶσι,
1009 5285 1098 5335 καὶ
1120 5286 1192 5344 ὡς
1220 5284 1399 5335 πιστοὶ
1424 5284 1600 5335 λαῖκοὶ
1622 5284 1813 5351 δέχων-

254 5395 358 5429 ται.
401 5377 556 5428 Ἐπεὶ
591 5375 647 5425 δὲ
697 5374 878 5437 ἔλεγόν
907 5390 1047 5433 τινες
1094 5373 1167 5432 ὡς
1199 5373 1259 5423 τὸ
1310 5373 1592 5439 βάπτισμα
1643 5375 1808 5440 ῥύπον

255 5472 426 5520 πάντα
458 5464 742 5525 ἐκπλύνει,
778 5466 870 5514 καὶ
907 5463 1132 5530 ἐζήτουν
1156 5466 1217 5514 ἐκ
1240 5462 1490 5531 δευτέρου
1516 5464 1808 5531 βαπτισθῆα

254 5577 356 5624 ναι,
391 5559 535 5610 ὥστε
591 5555 996 5622 άποπλυνθῆκαι
1050 5554 1187 5621 τάχα
1241 5555 1338 5622 τὴν
1404 5555 1809 5622 ἐγκληματιγῆν

254 5649 612 5708 ἀκαθαρσίαν,
645 5646 711 5696 δι’
745 5647 809 5707 ἣν
860 5646 1258 5710 καθηρέθησαν,
1307 5647 1395 5697 καὶ
1430 5646 1567 5696 οὕτω
1601 5645 1806 5714 κληριιιο

1921 3140 2108 3191 saltem
2164 3142 2369 3212 vicinos
2409 3147 2457 3197 in
2513 3149 2877 3204 testimonium
2926 3165 3203 3220 convocet,
3261 3168 3318 3211 ut
3346 3174 3464 3226 quae

1920 3231 2158 3283 ecclesia:
2209 3232 2348 3287 illius
2390 3236 2705 3289 acciderunt
2773 3240 3279 3308 incommoditates,
3327 3263 3465 3314 prou-

1920 3327 2034 3384 pter
2076 3336 2209 3386 quas
2247 3323 2515 3378 immobile
2549 3327 2676 3379 illud
2710 3331 2911 3391 vendit,
2935 3345 3284 3398 cognoscant,
3316 3346 3370 3385 et
3399 3351 3460 3388 ea

1919 3410 2118 3475 synodo
2151 3412 2308 3464 etiam
2330 3427 2510 3481 postea
2555 3415 2860 3470 exhibeant.
2902 3419 2956 3472 Si
3007 3429 3181 3474 autem
3218 3424 3329 3476 haec
3361 3439 3462 3477 non

1920 3497 2299 3560 observaverit,
2346 3503 2439 3554 sed
2481 3517 2575 3554 sua
2626 3517 2815 3571 sponte
2842 3509 3204 3562 venditionem
3240 3511 3462 3579 fecerit;

1919 3593 1970 3637 et
2008 3585 2115 3638 Dco
2159 3598 2212 3640 et
2250 3591 2452 3656 synodo
2487 3592 2766 3646 reddenda:
2803 3595 2994 3649 rationi
3029 3598 3294 3652 obnoxius
3337 3602 3458 3664 crit,

1918 3683 1971 3726 et
1999 3675 2064 3728 ab
2087 3674 2289 3731 honore
2309 3678 2536 3735 alienus.

2453 3771 2676 3826 CANON
2732 3773 2894 3826 XXX.

1921 3876 1939 3907 ι
1981 3856 2237 3912 Similiter
2264 3862 2634 3914 confirmatum
2669 3874 2769 3926 est,
2795 3875 2883 3930 -ut,
2919 3867 2962 3919 si
3004 3869 3214 3933 quando
3243 3872 3463 3941 presbyo

1992 3965 2010 3996 ‹
2047 3957 2128 4001 ter
2183 3952 2262 4001 vel
2313 3951 2570 4004 diaconus
2633 3953 2857 4021 alicujus
2908 3960 3168 4020 gravioris
3220 3963 3463 4016 criminis

1989 4057 2006 4087 ι
2041 4040 2268 4091 convicti
2299 4040 2511 4105 fuerint,
2536 4048 2674 4110 quod
2696 4059 2786 4097 eos
2809 4061 2837 4097 a
2862 4063 3014 4100 sacro
3041 4051 3337 4103 ministerio
3365 4069 3459 4105 ne-
3548 4076 3554 4083 ·

1989 4145 2006 4179 ι
2043 4129 2276 4181 cessario
2311 4141 2506 4194 tnOVet,
2557 4149 2658 4185 non
2700 4149 2821 4187 esse
2854 4139 2931 4188 eis
2965 4153 3152 4191 manus
3188 4140 3462 4206 imponen-

1989 4232 2006 4263 ι
2046 4217 2158 4276 das,
2197 4227 2251 4270 ut
2281 4219 2647 4284 paenitentiam
2677 4222 2972 4288 agentibus,
3009 4223 3088 4274 vel
3120 4234 3175 4276 ut
3208 4225 3452 4279 fidelibus

1995 4320 2012 4352 ι
2048 4304 2228 4367 laicis;
2269 4319 2436 4372 neque
2473 4308 2706 4371 permitti
2740 4308 2838 4370 eis,
2878 4318 3128 4376 tanquam
3155 4310 3456 4378 rebaptiza-

2001 4413 2018 4443 ι
2054 4396 2134 4455 tis,
2167 4396 2230 4448 ad
2265 4396 2391 4449 cleri
2415 4399 2634 4461 gradum
2664 4401 2983 4464 promoveri.
3020 4418 3038 4449 ι

1988 4484 2178 4538 BALS.
2226 4486 2449 4550 Quidam
2486 4502 2692 4552 eorum,
2729 4490 2817 4557 qui
2867 4492 3038 4543 locum
3091 4492 3363 4546 habebant
3407 4495 3457 4546 in

1914 4576 2135 4644 pulpito,
2176 4576 2398 4643 depositi
2432 4587 2645 4644 prepter
2689 4580 2996 4633 criminales
3034 4597 3255 4648 causas,
3316 4584 3458 4635 vole-

1915 4667 2063 4731 bant,
2110 4678 2268 4720 utest
2313 4669 2620 4730 verisimile,
2675 4670 2900 4724 lectores
2939 4674 3198 4737 ordinari,
3263 4674 3342 4726 vel
3405 4675 3458 4726 in

1915 4758 2048 4810 alios
2079 4757 2274 4826 gradus
2313 4759 2401 4826 qtti
2429 4769 2552 4811 sunt
2575 4771 2723 4812 cura
2756 4762 3010 4828 pulpitum
3044 4780 3058 4815 :
3089 4771 3142 4815 ct
3173 4766 3414 4816 dicebant
3441 4781 3454 4816 :

1913 4848 2170 4912 Quoniam
2197 4852 2558 4915 patuiteutiam
2594 4853 2801 4918 agimus
2831 4862 2883 4904 ct
2915 4853 2965 4903 in
2998 4852 3249 4905 laicor'um
3286 4855 3455 4906 loeum

1916 4925 2112 4989 redacti
2138 4952 2340 4996 sumus,
2371 4937 2626 4990 debemus
2671 4941 2859 4992 saltem
2895 4942 2958 4992 ad
2994 4958 3084 4993 eos
3116 4944 3312 5010 gradus
3335 4957 3458 5009 pro-

1917 5025 2056 5086 vehi,
2085 5027 2147 5076 ad
2183 5041 2313 5092 quos
2340 5027 2460 5078 laici
2500 5031 2882 5095 proveltuntur.
2927 5030 3032 5083 lloc
3067 5047 3192 5099 ergo
3227 5048 3328 5083 non
3361 5033 3455 5084 ad-

1914 5116 2184 5167 mittentes
2219 5116 2403 5169 Patres
2429 5127 2749 5182 statuerunt,
2780 5130 2836 5171 ιιι
2863 5122 3116 5188 tlep0sitis
3149 5137 3250 5173 nun
3286 5123 3458 5189 iunpo-

1916 5213 2110 5256 nantur
2143 5220 2364 5269 manus,
2401 5208 2468 5259 ob
2501 5208 2923 5275 qualemcunque
2969 5211 3020 5260 in
3057 5210 3255 5262 clerum
3305 5227 3451 5262 rece-

1912 5298 2168 5363 ptionetn,
2211 5297 2418 5349 etiamsi
2456 5297 2817 5364 pmnitentiam
2865 5310 3045 5367 agant,
3082 5311 3136 5353 et
3173 5309 3229 5353 ut
3273 5301 3456 5354 fideles

1915 5387 2030 5439 laici
2097 5388 2439 5454 recipiantur.
2488 5389 2620 5453 Quia
2670 5400 2845 5441 autem
2910 5391 3154 5443 dicebant
3218 5392 3453 5443 nonnulli

1914 5477 2230 5542 baptismum
2282 5476 2468 5528 sordes
2506 5492 2691 5529 omnes
2719 5480 2954 5541 abluere,
2997 5488 3049 5532 et
3087 5482 3332 5545 petebant
3375 5496 3459 5534 seu

1912 5566 2083 5617 cundo
2126 5564 2420 5631 baptizari,
2458 5577 2511 5617 ut
2542 5568 2814 5620 elueretur
2854 5569 3030 5622 forsan
3072 5571 3312 5622 criminis
3345 5587 3456 5622 ma-

1913 5652 2050 5712 cula,
2089 5664 2304 5713 propter
2333 5668 2490 5713 quam
2537 5664 2658 5707 sunt
2694 5655 2938 5715 depositi.
2979 5668 3031 5714 et
3060 5659 3135 5713 sic
3167 5661 3218 5713 in
3255 5660 3456 5714 clerum
