4114 6466
284 363 380 424 129

1308 361 1386 421 ΙΝ
1429 361 1590 420 CAN.
1634 363 1790 418 XXX
1821 361 2023 416 LUNC.
2063 357 2433 415 CAllTHAG.

3368 358 3466 421 130

275 493 393 535 ποις
450 475 860 542 βουλεύσασθαι,
919 471 1037 524 τότε
1096 472 1198 540 χρὴ
1250 471 1340 522 τὸν
1371 471 1666 522 ἐπίσκοπον
1719 464 1819 518 κᾶν

1925 465 2096 528 randi,
2152 465 2455 517 facultatem
2532 465 2762 530 adiuuat;
2821 477 2942 519 tunc
3016 469 3198 520 Saltem
3264 470 3466 525 vicinos

275 565 398 623 τοὺς
444 565 688 630 γείτονας
747 563 1074 623 ἐπισκόπους
1124 563 1204 622 είς
1259 559 1562 628 μαρτυρίαν
1604 557 1823 610 καλέσαι

274 654 370 717 τῆς
394 671 451 704 τε
491 653 746 721 ὀξύτητος
773 654 872 721 τῆς
905 653 1164 718 ἀνάγκης,
1195 651 1284 702 καὶ
1321 649 1710 717 περιστάσεως,
1732 646 1825 698 καὶ

273 743 610 810 ἐκποιήσεως
639 744 728 796 τοῦ
765 743 1105 810 πράγματος.
1133 742 1191 792 Et
1225 740 1279 792 δέ
1313 739 1388 808 μὴ
1421 739 1559 790 οὕτω
1588 739 1822 805 ποιήσει,

273 813 572 895 ύπεύθυνος
598 835 750 885 ἔσται
776 833 849 900 τῷ
874 832 1009 900 Θεῷ,
1059 833 1299 884 τουτέστι
1332 830 1422 881 καὶ
1449 827 1524 897 τῷ
1547 827 1662 894 Θεῷ
1697 825 1822 891 ὑφέ-

273 923 354 987 ξει
386 922 595 987 λόγους,
652 923 746 974 καὶ
779 922 880 973 ὑπὸ
933 924 1031 988 τῆς
1083 920 1301 972 συνόδου
1335 915 1823 984 ἀλλοτριωθήσεται

267 1009 373 1076 τῆς
401 1010 605 1070 οἰκείας
656 1011 837 1078 τιμῆς,
889 1011 1006 1078 ήτοι
1057 1011 1152 1077 τῆς
1200 1005 1609 1075 ἀρχιερατικῆς.
1659 1002 1824 1054 Καὶό

271 1101 444 1167 μέγας
474 1100 530 1151 δέ
577 1100 832 1168 Κύριλλος
863 1101 918 1150 ἐν
948 1102 1012 1168 τῇ
1048 1099 1178 1166 πρὸς
1209 1098 1410 1164 Δόμνον
1441 1093 1693 1161 ἐπιστολῇ
1725 1091 1820 1142 αὖα

265 1191 362 1242 τοῦ
393 1208 522 1258 φησι
540 1207 552 1219 ο
585 1191 858 1258 Κειμὴλια
880 1193 970 1241 καὶ
993 1192 1212 1258 κτήσεις
1232 1188 1518 1254 ἀκινήτους
1535 1185 1825 1252 ἀνεκποίη·

269 1297 337 1330 τι
371 1282 490 1340 ταῖς
526 1278 842 1347 ἐκκλησίαις
882 1278 1148 1341 σώζεσθαι
1198 1278 1324 1346 χρή.
1369 1275 1669 1340 Ἀνάγνωθι
1729 1275 1822 1326 καὶ

264 1367 359 1418 τὸν
399 1369 462 1435 ιβ’
506 1369 702 1420 κανόνα
737 1369 829 1436 τῆς
861 1365 1240 1435 οἱκουμενικῆς
1268 1367 1308 1429 ζ’
1343 1364 1579 1417 συνόδου.

262 1545 488 1596 ΑΡΙΣΤ.
527 1546 815 1611 ιἈπρατα
845 1549 909 1596 τὰ
932 1541 1356 1613 ἐκκλησιαστικά
1398 1539 1718 1609 πράγματα.
1760 1540 1820 1590 Et

354 1653 371 1685 ι
408 1635 465 1686 δὲ
499 1635 572 1702 μὴ
625 1635 882 1702 πρόσοδον
919 1635 1030 1702 ἐχει
1056 1673 1070 1697 ,
1111 1633 1301 1702 γνώμῃ
1340 1631 1446 1684 τῶν
1510 1629 1820 1681 ἐπισκόπων

345 1743 363 1774 ι
396 1725 786 1794 πιπράσκεται.
844 1726 904 1776 El
953 1725 1009 1776 δέ
1075 1725 1106 1792 ἡ
1145 1724 1356 1788 ἀνάγκη
1409 1721 1508 1786 οὐχ
1557 1715 1819 1785 ὑπομένει

343 1835 360 1865 ι
402 1815 826 1882 βουλεύσασθαι,
893 1815 1018 1874 τοὺς
1099 1813 1339 1878 γείτονας
1401 1811 1428 1860 ό
1490 1806 1820 1874 πιπράσκων

341 1923 362 1955 ί
400 1904 752 1971 συγκαλέσει’
805 1906 853 1955 εἰ
885 1903 928 1954 δ’
956 1904 1051 1971 οὑχ
1104 1901 1265 1962 οὓτω,
1315 1900 1431 1967 Θεῴ
1464 1897 1560 1949 καὶ
1592 1900 1658 1966 τῇ
1693 1912 1818 1946 συν-

341 2011 360 2044 (
395 1995 499 2062 όδῳ
534 1993 848 2056 ὑπεύθυνος.
892 2012 909 2044 ι

333 2083 445 2133 Οὐκ
493 2083 799 2149 ὀφείλουσιν
827 2085 872 2134 οι
909 2082 1195 2134 ἐπίσκοποι
1227 2079 1294 2131 τὰ
1351 2079 1460 2130 τῶν
1515 2077 1820 2147 ἐκκλησιῶν

262 2172 596 2223 ἐκποιείσθαι
621 2173 919 2240 πράγματα
941 2187 954 2201 °
988 2171 1132 2222 θείου
1155 2171 1260 2241 γάρ
1277 2170 1380 2220 εισι
1404 2167 1573 2219 ταῦτα
1589 2169 1816 2229 δικαίου,

260 2261 354 2312 καὶ
378 2261 465 2312 διὰ
497 2260 654 2313 τοῦτο
675 2261 913 2329 ἄπρατα.
939 2261 1000 2311 Et
1023 2260 1078 2312 δέ
1103 2277 1184 2321 τις
1232 2259 1414 2326 κτῆμα
1453 2258 1589 2326 ἔχων
1617 2257 1820 2324 ἀπρόσ-

263 2351 402 2414 οδον,
436 2355 529 2402 καὶ
558 2351 656 2420 τὴν
689 2348 982 2417 ἐκκλησίαν
1011 2350 1171 2402 αὐτοῦ
1193 2349 1564 2418 βαρυνομένην
1583 2349 1814 2416 χρέεσιν,

259 2441 297 2507 ἢ
327 2442 708 2507 περιστάσεσιν
729 2442 911 2502 ἄλλαις
941 2440 1290 2506 πιεζομένην,
1319 2439 1410 2490 καὶ
1439 2437 1672 2507 βουληθῇ
1697 2436 1818 2488 τοῦ-

261 2549 322 2584 το
342 2533 660 2601 διαπράσαι,
693 2532 831 2584 ὥστε
861 2533 957 2600 τὴν
987 2531 1151 2600 τιμὴν
1183 2530 1347 2582 αὑτοῦ
1379 2529 1705 2582 καταϐαλεῖν
1739 2529 1816 2590 εἰς

261 2623 572 2690 ἀπόφλησιν
619 2622 729 2674 τῶν
757 2622 952 2690 χρεῶν,
1001 2621 1031 2689 ἢ
1069 2623 1146 2682 είς
1173 2619 1337 2679 ἄλλας
1388 2618 1537 2680 τινὰς
1569 2635 1822 2670 κατε-πει.

263 2713 464 2778 γούσας
487 2712 729 2778 ἀνάγκας
754 2728 768 2742 ·
805 2712 878 2780 μή
902 2711 1060 2762 τοῦτο
1093 2710 1376 2762 πωλείσθω
1415 2709 1540 2760 ἄνευ
1598 2707 1821 2776 γνώμης

261 2800 355 2852 τοῦ
381 2801 778 2868 μητροπολίτου
806 2801 903 2865 τῆς
957 2799 1124 2866 αὐτῆς
1158 2799 1420 2868 ἐπαρχίας
1452 2798 1545 2850 καὶ
1572 2799 1675 2849 τῶν
1702 2815 1819 2849 συν-

264 2892 578 2942 επισκόπων
605 2889 792 2942 αὐτοῦ.
825 2890 884 2940 Εἰ
906 2890 950 2942 δ’
975 2890 1076 2941 οὐκ
1102 2890 1213 2958 ἔχει
1245 2889 1435 2956 καιρὸν
1466 2889 1552 2940 διὰ
1581 2889 1675 2958 τὴν
1703 2890 1815 2938 ἐπι-

263 2983 522 3049 κειμένην
557 2980 704 3048 αύτῷ
746 2982 1008 3047 ἀνάγκην,
1040 2980 1248 3041 τούτοις
1281 2981 1406 3047 περὶ
1455 2977 1546 3030 τοῦ
1589 2978 1822 3046 ἀπροσό-

1927 555 2203 621 episcopos
2241 565 2295 606 ct
2334 568 2534 621 magna:
2567 555 2919 618 necessitatis,
2965 567 3017 608 et
3045 558 3236 624 negotii
3280 561 3464 623 totius,

1925 653 1978 696 ct
2004 643 2075 695 rei
2101 641 2433 696 alienationis
2467 643 2532 695 ab
2562 645 2810 710 episcopo
2831 653 2994 698 testes
3031 648 3270 700 adhiberi
3301 664 3461 715 opor-

1929 739 2016 783 tet.
2072 730 2217 794 Quod
2286 732 2328 782 si
2385 731 2559 784 facere
2600 733 2929 798 neglexerit,
2991 743 3045 786 et
3085 736 3192 789 Deo
3241 738 3464 790 eritob-

1925 823 2134 885 noxius,
2191 825 2287 874 hoc
2328 829 2438 884 est,
2476 831 2529 873 et
2555 823 2674 874 facti
2717 825 2972 876 rationem
3019 825 3126 878 Deo
3154 841 3465 894 reposcenti:

1928 907 2130 969 reddet,
2164 917 2214 959 et
2244 922 2270 958 a
2299 909 2516 976 synodo,
2547 911 2763 978 proprio
2791 913 2989 964 honore
3013 952 3028 976 ,
3073 915 3172 967 hoc
3210 927 3288 968 est
3316 933 3463 972 sata-

1926 997 1994 1048 tni
2049 998 2332 1050 sacerdotii
2387 999 2640 1063 dignitate
2689 1002 3004 1066 privabitnr.
3058 1005 3281 1071 Magnus
3338 1023 3464 1060 vero

1922 1084 2150 1153 Cyrillus
2201 1087 2249 1138 in
2282 1088 2503 1152 epistola
2553 1089 2616 1141 ad
2661 1089 2918 1144 Domuum
2968 1094 3080 1146 haec
3112 1096 3298 1148 hahet:
3327 1097 3462 1150 Vasa

1925 1177 2177 1243 pretiosa,
2206 1177 2393 1245 inquit,
2445 1194 2506 1232 ac
2549 1183 2915 1246 possessiones
2947 1184 3246 1239 immobiles
3289 1187 3465 1240 salvas

1925 1274 2083 1332 atque
2123 1265 2411 1319 incolumes
2439 1269 2680 1327 ecclesiis
2730 1274 3036 1324 conserVari
3069 1286 3296 1340 oportet.
3326 1276 3463 1345 Lege

1923 1363 2177 1420 praeterea
2251 1359 2592 1412 meumenica:
2656 1361 2895 1428 septimae
2946 1365 3131 1432 synodi
3206 1381 3461 1420 canonem

1922 1443 2309 1498 duodecimum.
3453 1512 3456 1515 λ

1922 1520 2144 1586 ᾹΒΙΒΤ.
2190 1554 2207 1585 ι
2238 1536 2380 1589 Βοηιι
2432 1538 2788 1593 ecclesiastica
2839 1557 2943 1594 non
2987 1555 3111 1598 sunt
3163 1547 3460 1601 vendenda.

2001 1641 2018 1672 ι
2060 1623 2113 1675 Si
2145 1638 2267 1676 vero
2300 1626 2498 1678 reditus
2530 1644 2631 1680 non
2663 1629 2920 1692 habeant,
2968 1633 3227 1684 sententia
3252 1635 3460 1700 episco-

2005 1729 2022 1760 ‹
2062 1727 2245 1780 porum
2286 1719 2600 1768 venduntur.
2639 1719 2692 1770 Si
2748 1735 2873 1772 vero
2908 1725 3197 1776 necessitas
3229 1739 3331 1775 non
3384 1723 3462 1777 fc-

1999 1819 2014 1849 ι
2058 1811 2138 1854 ret
2180 1813 2236 1856 ut
2279 1805 2611 1867 consulatur,
2650 1807 2737 1872 qui
2769 1811 2974 1874 _vendit
3006 1811 3207 1864 vicinos
3236 1813 3462 1866 vocabit.

1997 1909 2014 1939 ι
2054 1893 2146 1943 Sin
2198 1896 2266 1945 ita
2318 1909 2421 1947 non
2453 1896 2655 1960 fecerit,
2702 1899 2806 1952 Deo
2849 1911 2903 1953 ct
2953 1903 3154 1969 synodo
3213 1918 3338 1955 rcus
3390 1913 3466 1955 ιρ⁸

2000 1998 2018 2029 r
2057 1991 2230 2034 netur.
2259 2001 2276 2032 ι

1993 2068 2237 2138 Episcopi
2273 2086 2375 2126 non
2404 2074 2594 2127 debent
2639 2076 3004 2132 ecclesiastica
3035 2077 3170 2133 bona
3205 2080 3463 2146 alienare,

1923 2159 2006 2209 illa
2036 2159 2175 2211 enim
2204 2159 2369 2213 divini
2413 2171 2534 2213 sunt
2560 2161 2718 2228 juris,
2754 2173 2914 2230 atque
2947 2165 3066 2220 ideo
3098 2183 3200 2220 non
3235 2169 3462 2224 venalia.

1923 2244 1975 2297 Si
2007 2247 2124 2311 quis
2165 2258 2337 2300 autem
2390 2251 2780 2316 possessionem
2846 2255 3038 2307 habeat
3097 2256 3298 2310 reditus
3355 2273 3460 2311 non

1920 2336 2296 2405 proferentem,
2331 2353 2383 2393 et
2410 2344 2688 2396 ecclesiam
2717 2360 2863 2398 suam
2893 2347 3084 2399 debitis
3103 2360 3374 2416 gravatam
3408 2361 3463 2403 et

1921 2428 2038 2480 aliis
2087 2443 2323 2495 pressam
2371 2432 2888 2487 incommoditatibus
2923 2448 2976 2489 et
3003 2452 3119 2490 eam
3176 2439 3464 2494 divendere

1920 2518 2115 2582 vellet,
2159 2531 2213 2572 ut
2258 2522 2485 2589 pretium
2535 2523 2677 2577 illius
2737 2527 3093 2580 imlehitorum
3144 2529 3463 2585 solutionem

1920 2609 2228 2673 conjiceret,
2260 2622 2350 2664 aut
2380 2615 2442 2665 ad
2470 2615 2602 2667 alias
2643 2620 2897 2684 quasdam
2950 2631 3202 2686 urgentes
3229 2626 3466 2675 necessi-

1922 2706 2090 2762 tates;
2145 2699 2285 2751 illam
2325 2717 2429 2754 non
2466 2705 2654 2757 vendat
2687 2707 2806 2758 sine
2841 2710 3128 2774 provincia:
3173 2712 3322 2764 istius
3353 2728 3464 2765 me-

1923 2789 2225 2854 tropolitani
2268 2803 2323 2843 et
2391 2795 2832 2861 coepiscoporutnt
2875 2799 3040 2866 ipsius
3073 2805 3357 2854 sententia.
3408 2805 3466 2855 Si

1921 2886 2097 2930 autem
2159 2891 2364 2947 tempus
2413 2899 2512 2936 non
2563 2885 2781 2951 habeat,
2831 2900 3049 2956 propter
3098 2894 3464 2946 imminentem

1923 2967 2018 3034 ipsi
2051 2972 2445 3034 necessitatem,
2483 2987 2601 3026 cum
2633 2977 2698 3029 iis
2741 2980 2806 3031 de
2837 2982 3098 3034 immobili
3131 2984 3329 3037 reditus
3363 3003 3466 3039 non

261 3068 350 3119 δου
377 3071 636 3138 ἀκινήτου
686 3068 1098 3137 βουλεύσασθαι,
1131 3069 1206 3130 ὡς
1239 3068 1419 3136 μέλλει
1450 3067 1609 3120 τοῦτο
1633 3067 1817 3134 πωλῆ-

1925 3061 2149 3115 habente
2193 3066 2499 3118 consultare
2523 3104 2536 3127 ,
2562 3070 2828 3134 quomodo
2872 3071 2997 3125 illud
3031 3075 3342 3128 venditurus
3373 3080 3464 3140 sit,

265 3174 354 3208 σσι
376 3173 390 3188 ’
422 3159 522 3209 κάν
553 3159 682 3218 τοὺς
707 3158 949 3229 γείτονας
992 3159 1330 3224 συγκαλείτω
1381 3159 1457 3218 είς
1493 3157 1820 3224 μαρτυρίαν,

265 3248 347 3298 ἴνα
369 3250 464 3309 τάς
483 3248 862 3314 ὲπισυμσάσας
883 3251 945 3316 τῇ
975 3249 1238 3317 ἐκκλησίᾳ
1259 3246 1420 3298 αὑτοῦ
1451 3247 1818 3314 περιστάσεις,

265 3336 331 3388 δι’
363 3338 428 3398 ἃς
452 3338 512 3388 τὸ
556 3337 789 3389 τοιοῦτον
837 3339 1005 3390 πωλεῖ
1061 3337 1337 3406 ἀκίνητον,
1396 3334 1818 3401 ἐπιγινώσκωσι,

271 3426 361 3476 aut
390 3429 454 3492 τῇ
484 3427 685 3494 συνόδῳ
711 3427 880 3479 ταῦτα
934 3428 1028 3478 καὶ
1066 3427 1358 3495 μετέπειτα
1403 3427 1815 3495 παραστήσωσι.

268 3517 328 3567 Εἰ
362 3517 414 3566 δὲ
445 3519 503 3566 οὑ
533 3517 706 3568 ταῦτα
735 3516 978 3583 φυλάξει,
1011 3517 1126 3568 ἀλλ’
1163 3517 1497 3577 αὑτοϐούλως
1542 3518 1820 3584 ποιήσεται

264 3607 361 3670 τήν
391 3606 678 3670 διάπρασιν
707 3623 719 3634 ·
779 3607 872 3658 καὶ
915 3606 990 3673 τῷ
1051 3607 1169 3674 Θεῷ
1204 3612 1293 3657 καὶ
1315 3608 1379 3675 τῇ
1443 3606 1641 3674 συνόδῳ
1671 3605 1818 3658 ἔσται

268 3693 582 3757 ὑπεύθυνος,
615 3697 707 3747 καὶ
738 3695 1015 3763 ἀλλότριος
1048 3697 1144 3763 τῆς
1179 3697 1362 3764 τιμῆς,

873 3784 1106 3837 ΚΑΝΩΝ
1137 3784 1214 3836 Λ’.

273 3892 290 3922 ι
337 3872 566 3942 Ὁμοίως
596 3872 918 3940 ἐὸεὗαιώθη,
962 3875 1064 3938 ἵνα,
1099 3873 1190 3924 ἐάν
1240 3890 1368 3925 ποτε
1409 3874 1816 3944 πρεσϐύτεροιῆ

343 3983 360 4013 ι
398 3964 632 4015 διάκονοι
655 3964 866 4015 ἐπίτινι
899 3964 1180 4032 βαρυτέρῳ
1201 3961 1503 4030 ἐγκλήματι
1525 3964 1817 4031 ἐλεγχθῶσι

340 4072 358 4102 ι
399 4053 476 4120 τῷ
503 4053 817 4119 ἀναγκαίως
847 4054 1040 4114 αὐτοὺς
1092 4053 1189 4119 τῆς
1243 4053 1578 4121 λειτουργίας
1628 4056 1818 4106 ἀποκι-

342 4158 364 4192 ε
393 4141 593 4204 νοῦντι,
624 4143 696 4209 μὴ
732 4141 1070 4193 ἐπιτίθεσθαι
1124 4143 1307 4203 αὐτοῖς
1340 4144 1528 4210 χεῖρας
1559 4143 1632 4203 ὡς
1657 4160 1816 4208 μετι-

347 4249 365 4283 ι
401 4231 632 4293 νοοῦσιν,
667 4232 699 4300 ἢ
735 4231 807 4292 ὡς
853 4234 1060 4290 πιστοῖς
1096 4230 1297 4291 λαῖκοῖς
1349 4230 1483 4297 μηδὲ
1535 4232 1818 4298 ἐπιτρέπε-

337 4339 356 4366 ι
392 4320 516 4373 σθαι
547 4323 747 4382 αὐτοῖς,
796 4318 934 4370 ὥστε
977 4317 1517 4385 ἀναὸαπτιζομένοις,
1564 4320 1694 4387 πρὸς
1725 4322 1816 4370 τὴν

339 4431 357 4464 ι
391 4411 483 4464 τοῦ
518 4411 716 4479 κλήρου
749 4409 954 4476 βαθμὸν
985 4410 1327 4477 προκόπτειν.
1371 4425 1389 4458 ι

334 4503 527 4554 ΒΛΛΣ.
566 4502 720 4562 Τινὲς
755 4499 861 4551 τῶν
916 4498 1009 4550 τοῦ
1076 4497 1336 4567 βήματος,
1399 4499 1816 4566 καθαιρεθέντας

266 4594 348 4644 ειά
378 4608 496 4642 τινα
524 4588 902 4656 ἐγκληματικὲι
927 4591 1247 4654 αἰτιάματα,
1279 4587 1489 4655 ήθελον,
1517 4588 1590 4649 ώς
1623 4589 1814 4651 ἔοικεν,

268 4680 615 4746 ἀναγνώστας
665 4677 926 4746 ταχθῆναι
980 4677 1013 4746 ἢ
1054 4679 1131 4736 εἰς
1182 4677 1404 4744 ἐτέρους
1438 4675 1680 4744 βαθμοὺς
1716 4677 1818 4740 ἔξω

266 4770 356 4821 τ’λῦ
388 4770 629 4837 βήματος
668 4767 825 4827 ὄντας
845 4780 859 4794 ·
892 4767 984 4817 καὶ
1004 4765 1206 4832 ἔλεγον,
1226 4766 1319 4826 ὡς,
1345 4765 1499 4815 Ἐπεὶ
1535 4765 1820 4833 μετανοοῦ-

272 4877 368 4927 μεν
401 4863 494 4911 καὶ
523 4861 600 4915 είς
625 4859 788 4910 τόπον
823 4857 1236 4924 κατηντήσαμεν
1283 4855 1502 4918 λαῖκῶν,
1537 4856 1820 4922 ὀφείλομεν

272 4952 366 5001 κάν
391 4950 470 5009 είς
495 4948 735 5014 βαθμοὺς
761 4946 1030 5006 τοιούτους
1052 4946 1402 5013 προκόπτειν,
1456 4946 1534 5005 εἰς
1563 4945 1707 5006 οἵους
1729 4948 1820 4996 καὶ

267 5039 313 5088 cl
343 5037 521 5090 λαῖκοὶ
581 5035 968 5104 προκόπτουσι.
1002 5035 1172 5086 Τοῦτο
1203 5033 1292 5086 οὖν
1327 5036 1399 5102 μὴ
1441 5033 1721 5102 δεξάμενοι
1770 5036 1817 5085 οἱ

267 5130 524 5196 Ιίατέρες,
583 5126 789 5195 ὥρισαν
836 5127 947 5186 τοῖς
976 5125 1341 5193 καθαιρεθεῖσι
1375 5125 1449 5193 μὴ
1485 5125 1818 5176 ἐπιτίθεσθαι

268 5219 414 5284 παρά
444 5217 552 5267 τῶν
581 5215 880 5283 ἀρχιερέων
922 5217 1105 5281 χεῖρας
1130 5215 1286 5280 χάριν
1329 5212 1661 5280 οἱασδήτινος
1694 5211 1747 5260 γ)
1765 5228 1822 5278 η-

269 5309 476 5376 ρώσεως
501 5322 516 5336 ο
551 5305 651 5357 κᾶν
679 5304 998 5372 μετανοῶσι,
1017 5305 1108 5354 καὶ
1129 5304 1202 5363 ώς
1229 5302 1408 5352 πιστοὶ
1433 5301 1610 5352 λαῖκοὶ
1631 5301 1820 5368 δέχων-

265 5416 370 5450 ται.
412 5397 566 5448 Ἐπεὶ
602 5395 657 5445 δὲ
707 5393 887 5456 ἔλεγόν
917 5409 1056 5452 τινες
1104 5391 1176 5450 ὡς
1209 5391 1268 5441 τὸ
1319 5391 1600 5456 βάπτισμα
1652 5391 1816 5457 ῥύπον

267 5494 437 5540 πάντα
469 5485 752 5544 ἐκπλιίνει,
788 5485 880 5533 καὶ
918 5482 1142 5549 ἐζήτουν
1166 5484 1227 5533 ἐκ
1249 5481 1500 5549 δευτέρου
1525 5480 1816 5547 βαπτισθῆ-

266 5598 368 5644 ναι,
403 5581 545 5630 ὥστε
602 5575 1007 5641 ἀποπλυνθῆιαι
1059 5573 1196 5640 τάχα
1251 5574 1348 5640 τὴν
1414 5573 1819 5640 ἐγκληματιγῆν

267 5670 622 5728 ἀκαθαρσίαν,
656 5666 721 5717 δι’
756 5666 820 5726 ἣν
872 5665 1268 5728 καθῃρέθησαν,
1318 5665 1404 5714 καῖ
1439 5663 1576 5714 οὕτω
1610 5662 1815 5730 κληρω-

1922 3155 2110 3207 saltem
2165 3157 2370 3226 vicinos
2411 3160 2458 3210 in
2515 3161 2878 3215 testimonium
2927 3177 3204 3231 convocet,
3262 3179 3466 3237 ιιιψιιυ

1922 3246 2160 3297 ecclesiae
2211 3247 2349 3302 illius
2392 3250 2707 3303 acciderunt
2774 3253 3281 3319 incommoditates,
3329 3273 3466 3324 pro»

1922 3342 2035 3399 pter
2078 3351 2211 3402 quas
2249 3337 2517 3392 immobile
2551 3340 2678 3392 illud
2712 3343 2913 3403 vendit,
2937 3357 3286 3410 cognoscant,
3318 3357 3371 3396 et
3401 3362 3462 3399 ea

1921 3425 2120 3490 synodo
2152 3427 2310 3478 etiam
2333 3441 2512 3495 postea
2557 3429 2862 3482 exhibeant.
2904 3431 2958 3484 Si
3009 3441 3183 3485 autem
3221 3435 3332 3486 hate
3363 3451 3464 3488 non

1922 3513 2301 3574 observaverit.
2349 3517 2442 3568 scd
2484 3531 2577 3567 sua
2629 3529 2818 3584 sponte
2845 3521 3206 3574 venditionem
3243 3522 3464 3589 fecerit;

1921 3609 1973 3652 et
2010 3601 2117 3652 Deo
2162 3613 2215 3655 et
2253 3605 2455 3670 synodo
2491 3605 2770 3658 reddendas
2806 3607 2997 3660 rationi
3031 3609 3297 3662 obnoxius
3340 3612 3460 3673 erit,

1921 3698 1974 3742 et
2001 3690 2067 3743 ab
2090 3690 2292 3744 honore
2311 3692 2539 3748 alienus.

2457 3784 2680 3839 CANON
2736 3786 2898 3838 XXX.

1925 3891 1942 3923 ι
1984 3872 2241 3926 Similiter
2268 3876 2637 3927 c0ntirmatnm
2673 3886 2773 3938 est,
2799 3887 2887 3941 -ut,
2923 3878 2966 3930 si
3007 3879 3218 3945 quando
3247 3882 3466 3951 presby-

1996 3981 2014 4011 ι
2051 3972 2131 4016 ter
2187 3967 2267 4016 vel
2317 3965 2574 4018 diaconus
2637 3965 2861 4033 alicujus
2912 3971 3172 4032 gravioris
3224 3973 3466 4026 criminis

1993 4073 2010 4103 ι
2045 4055 2272 4106 convicti
2303 4054 2515 4118 fuerint,
2541 4060 2678 4123 quod
2701 4073 2790 4110 eos
2814 4074 2842 4109 a
2866 4074 3018 4111 sacro
3046 4062 3342 4113 ministerio
3369 4079 3464 4115 ne.
3553 4085 3558 4092 -

1993 4160 2010 4194 ι
2047 4144 2280 4196 cessario
2316 4155 2510 4208 tnovet,
2561 4161 2663 4198 non
2704 4163 2825 4200 esse
2859 4151 2936 4199 eis
2971 4164 3156 4201 manus
3193 4151 3466 4216 imponen-

1993 4247 2010 4278 ι
2051 4232 2163 4291 das,
2201 4241 2256 4284 ut
2286 4233 2652 4299 paenitentiam
2681 4235 2977 4301 agentibus,
3014 4234 3092 4286 vel
3125 4246 3180 4287 ut
3214 4235 3457 4289 iidelihus

1999 4335 2017 4368 ι
2052 4319 2233 4381 laieis;
2274 4333 2442 4386 neque
2479 4320 2711 4385 permitti
2746 4321 2844 4382 eis,
2884 4331 3134 4387 tanquam
3160 4321 3461 4389 rebaptiza-

2006 4427 2022 4459 ι
2059 4410 2140 4471 tis,
2172 4411 2235 4462 ad
2270 4410 2396 4463 cieri
2421 4413 2639 4475 gradum
2670 4414 2989 4477 promoveri.
3026 4430 3044 4461 ι

1993 4499 2184 4553 BALS.
2231 4501 2455 4564 Quidam
2492 4516 2698 4564 eorum,
2735 4503 2823 4570 qui
2873 4505 3043 4554 Ineunt
3097 4505 3369 4557 habebant
3413 4505 3463 4556 in

1920 4591 2141 4659 pulpito,
2182 4591 2404 4658 depositi
2438 4601 2652 4658 pr0pter
2695 4593 3002 4645 criminalcs
3041 4609 3262 4659 causas,
3322 4595 3464 4645 vole-

1922 4682 2069 4746 bant,
2116 4693 2274 4735 utest
2319 4683 2627 4744 verisimile,
2681 4683 2907 4736 lectores
2946 4685 3205 4748 ordinari,
3269 4684 3349 4736 vel
3411 4686 3464 4736 in

1922 4773 2054 4824 alios
2085 4771 2280 4840 gradus
2319 4774 2408 4840 qui
2436 4783 2559 4825 sunt
2582 4785 2730 4826 extra
2763 4775 3016 4841 pulpitum
3051 4791 3064 4826 :
3096 4783 3149 4828 ct
3180 4777 3420 4828 dicebant
3448 4792 3462 4826 :

1921 4863 2177 4928 Quoniam
2205 4866 2566 4930 pamitentiam
2601 4866 2808 4931 agimus
2838 4875 2890 4915 et
2923 4865 2972 4915 in
3005 4865 3256 4917 laicor'um
3293 4866 3462 4917 locum

1923 4952 2119 5004 redacti
2145 4967 2347 5011 sumus,
2378 4951 2633 5004 debemus
2678 4955 2866 5004 saltem
2901 4955 2965 5004 ad
3001 4969 3091 5005 eos
3124 4955 3318 5021 gradus
3343 4968 3466 5020 pro-

1924 5040 2063 5100 vehi,
2092 5041 2155 5090 ad
2191 5056 2321 5106 quos
2348 5041 2468 5092 laici
2507 5044 2889 5108 provehuntnr.
2935 5042 3040 5094 lloc
3075 5059 3200 5111 ergo
3235 5059 3335 5094 non
3368 5044 3462 5096 ad-

1921 5131 2192 5182 mittentes
2226 5130 2411 5182 Patres
2437 5140 2756 5194 statuerunt,
2788 5142 2843 5183 nt
2871 5134 3124 5200 depasitis
3157 5149 3258 5184 non
3294 5135 3467 5200 ιιιιμι-

1924 5228 2118 5271 nantur
2152 5234 2372 5283 manus,
2410 5221 2476 5272 ob
2509 5221 2931 5287 qualemwnquc
2978 5223 3028 5272 in
3064 5221 3262 5273 clerum
3313 5237 3459 5273 reeeo

1921 5313 2177 5378 ptionem,
2221 5311 2426 5364 etiamsi
2465 5310 2826 5377 pmnitentiam
2873 5321 3053 5378 agant,
3090 5321 3144 5364 et
3181 5320 3238 5363 ut
3282 5311 3464 5363 ﬁdeles

1924 5402 2039 5453 laici
2107 5402 2448 5468 recipiantur.
2497 5401 2628 5466 Quia
2679 5412 2854 5454 autem
2919 5402 3163 5454 dicebant
3227 5402 3462 5453 nonnulli

1923 5493 2240 5557 baptismum
2292 5490 2477 5541 sordes
2515 5505 2700 5542 omnes
2728 5492 2963 5551 abluere,
3005 5500 3058 5543 et
3096 5493 3341 5555 petebant
3384 5506 3468 5544 sc~

1922 5581 2093 5632 eimdo
2136 5579 2429 5645 baptizari,
2468 5590 2521 5630 ut
2552 5581 2823 5632 clttz‘retttr
2864 5580 3039 5632 forsan
3081 5581 3320 5632 criminis
3354 5597 3464 5632 ma-

1923 5667 2060 5728 cula,
2100 5678 2313 5728 propter
2343 5680 2500 5726 quam
2547 5677 2668 5720 sunt
2703 5667 2947 5726 depositi.
2988 5679 3039 5724 et
3069 5669 3144 5723 sic
3177 5670 3227 5722 in
3265 5669 3465 5723 clerum
