4148 6470
671 419 769 482 139

1900 411 2173 470 ἸἬΕΟΙ).
2217 410 2617 470 BALSAMON

3766 401 3866 470 140

666 533 805 586 enim
832 530 1012 599 procul
1042 529 1174 584 situs
1198 530 1286 591 sit,
1309 544 1413 582 non
1432 538 1647 596 cogetur
1665 527 1824 591 judex
1847 537 1937 581 aut
1966 531 2214 580 adversa-
2250 533 2292 588 Α

2250 533 2292 588 Δ
2323 526 2550 594 ἔγγιστα
2577 528 2916 596 διακείμενον
2947 525 3127 588 τόπον,
3164 524 3211 575 εί
3234 523 3337 590 γὰρ
3366 521 3550 591 πόρῤω
3577 519 3863 576 διάκειται,

669 624 778 674 tius
803 622 940 673 haue
969 621 1277 674 electionem
1310 621 1479 688 sequi.
1503 617 1756 672 Existimo
1795 628 1968 670 autem
1995 617 2104 669 luec
2137 617 2214 666 lo-

665 726 786 764 cum
813 725 917 762 non
938 710 1132 763 habere
1149 711 1198 761 in
1220 707 1897 777 patriarchalibusjudiciis;
1915 706 2074 774 556
2086 705 2208 774 quia

668 811 823 850 nemo
864 808 1038 865 potest
1066 808 1260 850 metum
1290 796 1539 861 causari,
1568 797 1656 848 uhi
1693 796 2064 862 patriarchnlis
2091 810 2174 846 tua
2200 823 2209 834 -

665 888 959 956 gnitudinis
989 896 1222 952 potestas
1265 901 1477 939 omnem
1506 893 1720 950 superat
1745 885 2032 951 potentiam
2067 900 2081 934 :
2115 884 2207 936 sed

666 979 732 1027 de
759 976 1148 1042 episcopalibus
1184 975 1526 1028 inferioribus
1544 974 1762 1043 judiciis
1785 974 1898 1027 haec
1922 983 2043 1026 sunt
2065 974 2213 1028 acci-

668 1067 882 1134 piendo,
941 1065 1028 1118 ubi
1065 1074 1114 1120 et
1165 1066 1361 1134 judicis
1391 1077 1444 1120 et
1471 1066 1798 1133 litigatorum
1832 1063 2008 1120 facilis
2060 1075 2140 1120 est
2177 1080 2207 1117 a

677 1158 795 1210 loco
830 1156 880 1210 in
907 1157 1082 1210 locum
1111 1158 1406 1212 translatio.

735 1424 985 1478 ZONAR.
1018 1424 1071 1478 Si
1105 1441 1244 1494 qum,
1279 1425 1472 1494 inquit,
1516 1428 1738 1480 exsistat
1772 1426 1909 1479 inter
1941 1426 2075 1479 duos
2105 1426 2213 1479 cle-

666 1511 806 1563 ricos
860 1513 1244 1576 controversia,
1291 1529 1586 1580 eorumque
1637 1513 1790 1577 alter,
1849 1528 1956 1582 quo
2011 1515 2063 1566 in
2096 1514 2212 1567 loco

667 1601 902 1654 tribunal
942 1601 1188 1668 erigitur,
1230 1604 1332 1654 vim
1395 1604 1762 1671 pertimescat,
1799 1605 1953 1673 quasi
2003 1603 2211 1659 scilicet

664 1691 889 1757 populus
919 1705 1181 1759 propenso
1222 1693 1274 1744 in
1325 1691 1690 1744 adversarium
1739 1693 1854 1760 ejus
1882 1693 2061 1746 animo
2108 1693 2210 1745 im-

663 1787 843 1845 petum
882 1778 1020 1832 forte
1069 1779 1119 1832 in
1170 1780 1315 1832 illum
1353 1780 1587 1833 facturus
1641 1782 1731 1844 sit,
1765 1780 1846 1835 vel
1891 1781 2116 1836 testibus
2143 1783 2211 1835 ab

2318 620 2416 671 ούκ
2454 620 2927 688 ἀναγκασθήσεται
2963 621 2990 669 6
3022 615 3277 678 δικαστὴς
3309 615 3340 676 ἢ
3378 615 3405 664 6
3433 611 3705 669 ἀντίδικος
3737 608 3872 659 ἀκο-

2317 709 2572 776 λουθῆσαι
2604 712 2667 778 τῇ
2701 710 2920 777 little-(ﬁ
2951 707 3141 775 ταύτῃ.
3172 702 3338 773 Οἶμαι
3371 703 3425 753 δὲ
3457 702 3537 753 ὃτι
3564 699 3736 751 ταῦτα
3763 696 3856 764 χώ-

2319 811 2419 866 ραν
2445 799 2546 850 ούκ
2576 798 2786 865 ἔχουσιν
2815 800 2892 859 εἰς
2917 798 2981 849 τὰ
3006 793 3371 863 πατριαρχικά
3393 791 3720 858 δικαστήρια
3745 805 3757 818 ο
3785 789 3866 839 ὅτι

2312 887 2484 950 οὐδεὶς
2534 889 2757 941 δύναται
2798 888 2957 956 φόϐον
2983 884 3350 955 προϐαλέσθαι
3389 881 3514 934 ενθα
3562 883 3594 950 ή
3645 878 3866 945 ἐξουσία

2315 977 2415 1045 τῆς
2443 979 2851 1048 πατρωρχικῆς
2887 977 3300 1046 μεγαλειότητος
3333 973 3650 1041 ὑπερϐαίνει
3681 971 3864 1024 πᾶσαν

2312 1067 2623 1121 δυναστείαν
2648 1085 2661 1099 ⁸
2691 1070 2803 1122 ἀλλ’
2837 1070 2914 1133 είς
2947 1067 3276 1121 ἐπισκοπικά
3304 1065 3490 1133 εὐτελῆ
3540 1063 3865 1131 δικαστήρια

2314 1157 2383 1210 τά
2415 1157 2507 1211 τοῦ
2539 1160 2756 1223 κανόνος
2797 1161 3212 1230 ἑκληφθήσεται.
3243 1157 3374 1210 ὅπου
3403 1157 3497 1210 καὶ
3526 1158 3556 1225 ή
3589 1155 3682 1208 τοῦ
3706 1154 3861 1206 δικαο

2319 1248 2442 1300 στοῦ
2469 1249 2618 1319 καὶὴ
2645 1250 2751 1303 τῶν
2779 1250 3060 1304 ἀντιδίκων
3122 1251 3186 1302 lx
3211 1249 3375 1301 τόπου
3433 1248 3512 1311 είς
3567 1247 3728 1299 τόπον
3769 1260 3866 1312 με’

2318 1337 2572 1400 τάστασίς
2610 1341 2757 1393 ἔστιν
2785 1341 3031 1410 εὐχερής.

2384 1430 2627 1486 ΖΩΝΔΡ.
2674 1432 2790 1486 Κάν
2823 1432 3094 1504 κληρικοὶ,
3135 1431 3288 1501 φησι,
3318 1430 3410 1486 δύο
3450 1430 3574 1486 κατ’
3614 1426 3862 1500 ἀλλήλων

2310 1520 2498 1590 ῐχωσι,
2535 1523 2629 1576 καὶ
2662 1525 2689 1576 ό
2721 1519 2801 1586 εἷς
2847 1524 3078 1592 φοϐῆται
3117 1521 3240 1593 βίαν
3269 1524 3328 1576 ιν
3441 1522 3754 1575 συνίσταται
3799 1521 3863 1572 τὸ

2309 1613 2680 1684 δικαστήριον,
2724 1613 2796 1678 ὡς
2844 1615 2971 1678 ἴσως
3047 1612 3525 1684 παναστησομινου
3578 1609 3724 1680 αὑτῷ
3767 1608 3860 1662 τοῦ

2313 1703 2443 1758 λαοῦ
2476 1706 2871 1775 προσκειμένου
2901 1703 2979 1774 τῷ
3005 1705 3252 1774 ἀντιδίκῳ
3281 1703 3464 1766 αὑτοῦ,
3491 1703 3524 1773 ἢ
3547 1702 3648 1756 οὐκ
3673 1702 3863 1755 ιάσον-

2314 1813 2404 1858 τος
2449 1795 2610 1849 αὐτὸν
2660 1800 3002 1865 παραγαγεῖν
3043 1797 3346 1868 μάρτυρας,
3391 1792 3672 1848 ινδιδόσθω
3710 1791 3861 1859 αύτῷ

665 1881 730 1921 eo
793 1869 1151 1936 prodttcvndis
1209 1870 1582 1937 impedimento
1636 1869 1875 1936 futurus;
1927 1871 1998 1924 illi
2046 1872 2209 1925 alium
2244 1889 2284 1942 Β

2244 1889 2284 1942 Β
2313 1885 2503 1952 ῑτερον
2538 1885 2889 1949 ἰπιλέξασθαι
2929 1886 3112 1952 τόπον,
3148 1884 3230 1938 ἵνα
3274 1885 3387 1936 ἐκεῖ
3426 1884 3486 1937 τὸ
3512 1883 3859 1951 δικαστήριον

665 1957 1023 2024 persequendi
1055 1955 1241 2022 iudicii
1276 1957 1448 2010 locum
1497 1957 1722 2026 eligendi
1763 1957 1988 2012 facultas
2041 1959 2206 2013 libera

667 2047 1033 2114 relinquatur:
1061 2045 1233 2099 locum
1280 2062 1406 2100 vero
1445 2048 1684 2114 proxime
1728 2049 1912 2110 situm,
1947 2063 2051 2101 non
2093 2048 2208 2101 lon-

664 2149 730 2204 go
766 2134 1044 2188 intervallo
1106 2134 1457 2202 disiunctum,
1493 2151 1560 2190 ue
1606 2137 1914 2192 adversario
1940 2136 2205 2206 etjudiciv

667 2225 765 2280 bus
799 2226 924 2278 illuc
975 2226 1260 2279 convenire
1315 2225 1532 2279 difficile
1579 2227 1671 2292 sit,
1719 2235 1882 2295 utque
1915 2227 2025 2280 illic
2057 2225 2209 2280 facile

667 2326 829 2371 testes
867 2317 1118 2369 exhibere
1153 2315 1683 2384 eontroversiamque
1727 2316 1982 2369 dirimere
2028 2315 2207 2368 liceat.

662 2405 795 2461 Nam
836 2407 878 2461 si
918 2407 1070 2474 longe
1107 2405 1292 2471 iudicii
1327 2407 1611 2464 exercendi
1663 2407 1818 2462 sedes
1847 2406 2006 2470 absit,
2044 2415 2207 2462 testes

667 2513 880 2565 quoque
924 2498 1223 2564 producere
1254 2497 1466 2550 difficile
1493 2497 1611 2550 erit.
1642 2496 1819 2565 Neque
1839 2495 1982 2550 enim
2015 2507 2071 2550 ut
2091 2496 2208 2550 lon-

663 2590 778 2654 gius
827 2589 1240 2656 percgrinentur
1292 2596 1460 2641 testes
1489 2587 1681 2640 adduci
1740 2595 2014 2655 poterunt.
2074 2584 2206 2640 Nam

663 2678 934 2746 propriutn
965 2677 1198 2731 officium
1229 2678 1424 2732 nemini
1479 2675 1799 2731 detrimento
1844 2691 1961 2730 esse
1992 2676 2206 2740 debere,

663 2774 779 2840 lege
807 2768 1132 2822 decernitur.
1162 2766 1407 2822 Officium
1429 2781 1554 2820 vero
1577 2765 1819 2820 Latinum
1844 2778 1924 2820 est
1953 2767 2195 2833 verbum,

663 2861 1182 2915 administrationem
1231 2857 1552 2926 minimeque
1585 2861 1798 2913 dubiam
1827 2860 1983 2912 fidem
2009 2858 2210 2928 signifi-

663 2964 812 3000 ιςοιισ.

664 3028 890 3090 AfllST.
947 3055 962 3085 ι
995 3037 1092 3101 Qui
1153 3047 1387 3100 accusat,
1440 3036 1519 3089 vel
1572 3045 1870 3102 accusatur,
1905 3035 2209 3090 violentiam

737 3139 753 3171 ε
801 3124 1009 3185 timens,
1037 3121 1206 3173 locum
1232 3122 1330 3174 sibi
1357 3131 1528 3174 tutum
1558 3121 1767 3190 scligat.
1803 3139 1820 3172 ι

742 3207 840 3272 Qui
893 3208 1123 3274 aliquem
1163 3217 1413 3272 accusat,
1462 3217 1515 3262 et
1567 3209 1865 3277 suspicatur
1915 3222 1971 3262 se
2003 3210 2109 3262 vim
2141 3192 2278 3264 abc

663 3299 895 3353 accusati
915 3307 1062 3366 parte
1090 3313 1395 3366 passurum,
1421 3299 1499 3352 vel
1525 3299 1637 3353 vice
1661 3314 1811 3353 versa
1833 3310 2116 3353 accusatus
2142 3299 2210 3354 ab

670 3398 1023 3451 accusatore;
1061 3403 1430 3457 quemcunque
1471 3388 1649 3442 volunt
1713 3389 1884 3442 locum
1943 3390 2008 3443 ad
2056 3403 2211 3444 secu-

662 3481 876 3535 rizatem
927 3494 1076 3531 suam
1135 3479 1349 3547 eligant,
1404 3479 1490 3532 ubi
1542 3479 1694 3533 facile
1737 3480 1943 3546 possint
1982 3488 2035 3533 et
2087 3495 2206 3534 cum

663 3574 816 3640 ipsis,
865 3587 997 3640 quos
1030 3571 1166 3625 forte
1197 3571 1390 3624 habent
1439 3571 1658 3623 testibus
1685 3572 2010 3634 conversari,
2038 3578 2092 3624 et
2125 3571 2210 3639 ju-

662 3666 805 3717 dicio
854 3664 973 3717 sine
1017 3663 1250 3731 periculo
1277 3666 1466 3714 sistere
1498 3678 1511 3713 :
1547 3675 1610 3713 ne
1650 3671 1862 3729 propter
1912 3661 2207 3715 istiusmodi

662 3755 908 3808 timorem
948 3765 1231 3806 accusator
1261 3753 1328 3805 ab
1357 3753 1695 3806 accusatione
1729 3751 1973 3813 desistat,
2002 3750 2083 3804 vel
2115 3763 2211 3804 ac-

659 3855 882 3900 cusatus
937 3859 965 3897 a
1015 3844 1217 3912 judicio
1277 3842 1582 3897 clanculum
1631 3843 1867 3905 recedat,
1922 3851 1974 3896 et
2014 3842 2206 3897 absens

662 3937 1072 3992 condemnetur.

1181 4107 1406 4162 CANON
1439 4105 1677 4162 XXXIV.

669 4219 685 4251 ε
735 4201 790 4254 Si
827 4199 916 4269 qui
969 4199 1148 4253 clerici
1200 4214 1230 4251 a
1282 4200 1509 4266 propriis
1545 4199 1808 4267 episcopis
1840 4208 2066 4266 promoti
2113 4211 2206 4251 eos

737 4312 754 4344 ε
787 4299 1154 4353 contemnant,
1192 4304 1259 4342 nc
1302 4289 1409 4342 illic
1437 4289 1647 4357 quidem
1685 4297 1933 4342 maneant
1955 4289 2093 4341 unde
2121 4302 2206 4340 sc-

745 4403 762 4434 ι
803 4385 993 4437 cedere
1044 4383 1348 4435 noluerunt.
1386 4379 1644 4432 Similiter
1679 4380 1906 4447 placuit,
1941 4387 1996 4431 ut
2025 4379 2204 4444 cujus-

744 4493 761 4523 ι
803 4471 1158 4537 modicunqne
1185 4467 1364 4521 cleriii
1396 4474 1448 4518 et
1472 4464 1700 4527 diaconi,
1738 4464 1780 4516 si
1805 4464 1916 4517 suis
1945 4461 2203 4530 episcopis

741 4582 759 4616 ι
803 4573 1023 4630 propter
1073 4569 1324 4628 urgentes
1358 4558 1562 4624 aliquas
1598 4569 1814 4608 suarum
1852 4553 2202 4608 ecclesiarum

736 4673 753 4704 ε
792 4667 982 4705 cansas
1024 4667 1116 4704 eos
1158 4650 1222 4701 nd
1258 4646 1556 4715 majorcsiu
1581 4645 1807 4700 ecclesia
1846 4659 1939 4698 sua
1977 4645 2206 4696 honores

736 4764 752 4794 (
795 4743 1091 4810 provehere
1138 4737 1477 4798 volentibus,
1536 4752 1637 4788 non
1696 4735 2002 4804 paruerint,
2053 4748 2117 4785 ne
2151 4731 2204 4784 in

745 4854 764 4888 ε
807 4835 893 4887 illo
920 4833 1132 4900 quidem
1170 4831 1332 4899 gradu
1368 4828 1690 4891 ministrent,
1723 4840 1786 4878 ex
1824 4839 1929 4893 quo
1955 4823 2206 4879 recedere

736 4946 751 4976 ι
797 4924 1099 4978 uoluerunt.
1134 4939 1151 4971 ι

727 5034 918 5089 Βιιε.
955 5034 1178 5098 Quidam
1209 5031 1414 5096 clerici,
1453 5038 1508 5083 ut
1537 5039 1620 5084 est
1666 5026 1978 5088 verisimile,
2020 5041 2046 5078 a
2090 5026 2204 5078 suis

657 5125 926 5194 episc0pis
952 5124 1017 5176 ad
1069 5123 1296 5190 majores
1349 5123 1544 5188 gradus
1590 5117 1818 5181 evocati,
1875 5128 2093 5185 propter
2118 5132 2206 5168 ec-

656 5215 939 5268 (‘lCSlul‘tllll
980 5212 1286 5273 utilitatem,
1323 5226 1427 5264 non
1483 5207 1939 5278 persuadebatitur
1985 5205 2084 5258 hoc
2123 5204 2205 5256 fa-

658 5297 800 5365 «τρι-«ι,
833 5316 896 5354 eo
927 5302 1068 5369 quod
1113 5299 1513 5367 acquiescerent
1545 5298 1609 5350 iis
1638 5311 1773 5364 quos
1798 5297 1906 5365 jam
1933 5295 2205 5348 habebant

658 5393 931 5459 gradibus,
954 5393 1105 5446 lucro
1137 5390 1364 5443 fortasse
1383 5388 1462 5443 vel
1483 5389 1743 5456 corporali
1761 5389 1938 5455 quiete
1964 5386 2199 5438 adducti.

662 5484 970 5534 Statuerunt
1004 5497 1131 5548 ergo
1163 5480 1372 5543 Patres,
1404 5488 1459 5530 ut
1489 5479 1532 5531 si
1560 5478 1648 5545 qui
1685 5478 1892 5536 clerici.
1926 5477 2201 5545 cuiusmo-

661 5573 927 5640 dit'unque
959 5572 1286 5626 sacerdotale
1338 5570 1690 5623 ministerium
1722 5579 2036 5624 exercentes
2087 5571 2202 5637 (nc-

659 5676 762 5728 que.
806 5662 945 5713 enim
996 5663 1079 5716 hic
1114 5661 1449 5729 accipiuntur
1493 5657 1697 5711 diaconi
1748 5673 1843 5726 pro
1887 5657 1972 5720 iis,
2023 5658 2116 5725 qui
2150 5658 2198 5710 in

658 5760 844 5806 sancto
873 5751 1121 5805 tribunali
1150 5751 1485 5816 ministrant;
1528 5747 1620 5803 sed
1661 5763 1756 5817 pro
1788 5748 1878 5813 iis,
1900 5748 1989 5818 qui
2021 5749 2193 5813 quod-

2309 1975 2574 2044 γένηται·
2636 1974 2861 2042 ἔγγιστα
2920 1975 2977 2028 δι
3029 1975 3363 2044 διακείμενον
3413 1973 3576 2026 τόπον
3629 1973 3722 2026 καὶ
3779 1972 3857 2042 μή

2308 2066 2450 2119 πάνυ
2499 2066 2686 2136 πόρῤω
2736 2066 3092 2134 τυγχάνοντα,
3129 2066 3267 2118 ὥστε
3315 2066 3449 2134 μήτε
3487 2063 3564 2132 τῷ
3607 2063 3858 2132 ἀντιδίκῳ

2307 2153 2492 2219 αὐτοῦ,
2547 2157 2680 2225 μήτε
2712 2157 2822 2218 τοῖς
2846 2154 3154 2220 δικάζουσιν
3195 2150 3332 2208 εἶναι
3365 2153 3600 2222 δυσχερῆ
3632 2153 3730 2222 τήν
3769 2155 3851 2215 εἰς

2311 2247 2514 2299 εκεῐνσν
2553 2245 2642 2298 τὸν
2675 2245 2840 2298 τόπον
2870 2245 3182 2312 ἀπόλευσιν,
3208 2245 3299 2308 ’ὡς
3342 2244 3408 2298 ἀν
3458 2244 3695 2314 εὐχερῶς
3736 2245 3854 2296 εκεῖ

2311 2333 2582 2403 μάρτυρες
2606 2333 2946 2402 παραστῶσι,
2977 2334 3070 2386 καὶ
3103 2336 3134 2403 ή
3165 2334 3416 2397 ὑπόθεσις
3443 2333 3753 2404 περατωθῇ.
3788 2333 3852 2386 El

2308 2422 2415 2494 γὰρ
2435 2425 2624 2492 πόρρω
2648 2423 2916 2478 διάκειται
2941 2424 2969 2475 6
2989 2423 3148 2481 τόπος
3166 2425 3224 2476 ιν
3239 2419 3282 2492 ᾧ
3306 2424 3484 2493 μέλλει
3505 2421 3855 2476 συνίστασθαι

2308 2509 2367 2562 τὸ
2417 2511 2788 2580 δικαστήριον,
2839 2511 2930 2562 καὶ
2977 2511 3009 2580 ἡ
3058 2509 3165 2562 τῶν
3211 2511 3500 2581 μαρτύρων
3548 2509 3858 2581 παραγωγὴ

2307 2598 2573 2669 δυσχερὴς
2603 2599 2772 2658 ἔσται.
2807 2601 2882 2653 Οὐ
2930 2601 3037 2670 γάρ
3076 2601 3456 2671 πεισθήσονται
3491 2602 3539 2652 ol
3582 2602 3859 2670 μάρτυρες

2310 2689 2608 2758 ὕπερορίως
2639 2689 3009 2760 ἀποδημῆσαι.
3044 2689 3233 2744 Ούδενὶ
3266 2690 3373 2760 γὰρ
3403 2691 3604 2761 ὀφείλει
3631 2690 3692 2743 τὸ
3722 2691 3857 2744 ἴδιον

2307 2779 2557 2848 όφφίκιον
2603 2777 2892 2848 ιπιζήμιον
2941 2779 3207 2848 γίνεσθαι,
3239 2782 3267 2834 ό
3307 2780 3466 2850 νόμος
3499 2779 3652 2849 φησί.
3691 2780 3859 2834 Τδδδ

2307 2871 2476 2939 ὄνομα
2502 2871 2593 2924 τοῦ
2623 2871 2875 2936 ὀφφικίου
2914 2871 3217 2941 Ῥωμαϊκόν
3250 2874 3386 2936 εστι,
3427 2873 3689 2941 σημαῖνον
3722 2871 3859 2924 διοί-

2309 2979 2468 3030 κησιν
2506 2963 2600 3016 καὶ
2625 2964 2985 3027 ἀξιοπιστίαν.

2309 3051 2526 3107 ΔΡΙΣΤ.
2569 3071 2586 3103 t
2621 3053 2976 3123 Κατηγορῶν,
3014 3052 3046 3123 ἢ
3077 3053 3568 3122 κατηγορούμενος,
3613 3053 3732 3124 βίαν
3762 3072 3860 3124 φο-

2526 3158 2545 3192 t
2575 3141 2669 3194 σού
2681 3158 2858 3212 μενος,
2881 3142 3181 3210 ἐπιλεγέτω
3197 3143 3354 3196 τόπον
3372 3143 3588 3196 ἄσυλον.
3619 3162 3636 3195 ι

2393 3232 2452 3283 ’0
2499 3232 2819 3302 κατηγορῶν
2845 3249 3008 3298 τινος,
3057 3233 3149 3286 ιάν
3182 3232 3303 3301 βίαν
3341 3232 3616 3304 ὑποπτεύῃ
3663 3235 3858 3288 παθεῖν

2310 3319 2461 3389 παρὰ
2487 3319 2580 3372 τοῦ
2614 3321 2815 3391 μέρους
2845 3321 2938 3374 τοῦ
2974 3322 3467 3392 κατηγορουμένου,
3494 3324 3524 3393 ἢ
3557 3325 3618 3376 τό
3647 3325 3860 3378 ἀνάπα-

2308 3407 2391 3461 λιν
2439 3411 2468 3462 ό
2514 3411 2982 3481 κατηγορούμενος
3031 3413 3182 3482 παρὰ
3226 3412 3321 3465 τοῦ
3362 3417 3699 3486 κατηγόρου·
3744 3411 3858 3469 οἷον

2308 3499 2549 3554 ὲθὶλουσι
2575 3503 2736 3554 τόπον
2766 3505 2844 3566 είς
2873 3505 3173 3572 ἀσφάλειαν
3195 3506 3374 3559 αὐτῶν
3400 3507 3855 3574 ιπι).εγέσθωσαν,

2308 3587 2448 3641 ὥστε
2491 3591 2733 3660 εὐχερῶς
2776 3592 2942 3660 ἔχειν,
2976 3595 3064 3645 καὶ
3105 3596 3216 3656 τοῖς
3249 3593 3377 3657 ίσως
3415 3595 3640 3648 ὑποῦσιν
3670 3597 3858 3662 αὐτοῖς

2312 3680 2576 3749 μάρτυσιν
2614 3681 2820 3750 όμιλείν
2847 3683 2942 3735 καὶ
2971 3683 3050 3746 είς
3077 3683 3138 3736 τὸ
3181 3683 3526 3754 δικαστήριον
3560 3686 3859 3748 ἀκινδύνως

2309 3771 2551 3841 ἀπαντᾷν
2570 3787 2584 3802 ·
2618 3771 2700 3824 ἵνα
2730 3771 2804 3842 μὴ
2829 3773 2914 3825 διὰ
2939 3772 3027 3826 τὸν
3047 3775 3284 3827 τοιοῦτον
3319 3775 3479 3844 φόϐον
3503 3777 3536 3846 ἢ
3565 3780 3593 3830 ό
3619 3779 3858 3847 κατήγοο

2311 3878 2401 3930 ρος
2450 3861 2546 3930 τῆς
2597 3864 2884 3926 αἰτιάσεως
2939 3864 3165 3933 ἀποστῇ,
3218 3865 3250 3933 ἢ
3309 3867 3337 3918 ό
3387 3869 3860 3936 κατηγορούμενος

2307 3951 2479 4020 λάθρα
2532 3952 2626 4004 τοῦ
2683 3953 3028 4024 δικαστηρίου
3085 3955 3513 4028 ὑπαναχωρήσῃ,
3557 3958 3651 4011 καὶ
3700 3957 3859 4014 ἀπὼν

2309 4039 2698 4110 καταδικασθῇ.

2888 4130 3122 4185 ΚΑΝΩΝ
3161 4135 3278 4190 ΛΔ’.

2311 4237 2329 4271 ε
2382 4220 2507 4274 Ἐάν
2540 4237 2682 4283 τινες
2708 4221 2959 4290 κΑηρικοὶ
2983 4223 3046 4274 ἐκ
3071 4223 3175 4276 τῶν
3203 4225 3346 4277 ίδίων
3378 4227 3688 4279 ιπισκόπων
3718 4244 3861 4297 προ-

2382 4329 2400 4361 ε
2440 4309 2782 4378 διδαξόμενοι
2811 4314 3237 4381 καταφρονῶσιν,
3272 4315 3406 4384 μηδι
3433 4317 3548 4369 ἐκεῖ
3574 4317 3855 4386 μείνωσιν,

2380 4415 2398 4449 t
2435 4399 2555 4451 ὅθεν
2577 4397 2924 4467 ἀναχωρῆσαι
2945 4400 3044 4452 ούκ
3062 4400 3348 4469 ἠθέλησαν.
3383 4403 3612 4473 Ὁμοίως
3633 4406 3856 4475 ἦρεσεν,

2383 4506 2400 4539 t
2443 4489 2528 4540 ἵνα
2570 4488 2869 4556 οίοιδήποτε
2911 4490 3156 4559 κληρικοὶ
3192 4493 3284 4544 καὶ
3322 4493 3576 4556 διάκονοι,
3629 4497 3722 4549 ἐὰν
3776 4499 3856 4569 μὴ

2384 4594 2402 4627 ε
2445 4575 2776 4645 πειθαρχῶσι
2807 4579 2916 4638 τοῖς
2939 4581 3254 4644 ἐπισκόποις
3280 4584 3476 4645 αὐτῶν,
3509 4583 3855 4654 βουλομόνοις

2383 4687 2402 4720 ε
2440 4669 2528 4722 διά
2569 4688 2721 4733 τινας
2753 4672 3154 4739 ἀναγκαστικάς
3199 4673 3373 4732 αἰτίας
3414 4673 3522 4725 τῶν
3548 4675 3856 4743 ικκλησιῶν

2383 4777 2400 4809 ε
2439 4759 2613 4811 αὐτῶν
2643 4758 2861 4821 τούτους
2891 4759 3024 4828 πρὸς
3047 4758 3293 4827 μείζονας
3322 4758 3667 4824 ἀναδιδάξειν
3686 4763 3856 4831 τιμὰς

2383 4869 2399 4901 ι
2435 4853 2497 4921 ,ἐν
2526 4852 2588 4916 τῇ
2620 4850 2880 4918 ἐκκλησία
2902 4849 3096 4910 αὐτῶν,
3121 4848 3251 4918 μηδὲ
3269 4849 3324 4899 ὲν
3346 4849 3536 4918 ἐκείνῳ
3559 4850 3634 4920 τῷ
3659 4850 3856 4921 βαθμῷ

2380 4957 2398 4990 ε
2435 4918 2846 5007 διακονήσωσιν,
2867 4933 3000 5001 ἑξοῦ
3029 4937 3371 5006 ἀναχωρῆσαι
3401 4940 3499 4992 οὐκ
3522 4918 3846 5008 ἠθέλησαν.ε

2378 5027 2573 5080 ΒΛΛΣ.
2603 5026 2775 5087 Τινὲς,
2809 5025 2882 5088 ὡς
2914 5024 3078 5086 ἔοικε,
3115 5026 3359 5095 κληρικοὶ
3392 5029 3852 5095 μετακαλούμενοι

2305 5118 2456 5186 παρὰ
2481 5117 2588 5168 τῶν
2617 5116 2926 5167 ἐπισκόπων
2959 5107 3135 5168 αὐτῶν
3168 5116 3301 5184 πρὸς
3336 5116 3583 5183 μείζονας
3614 5117 3856 5192 βαθμοὶς

2306 5208 2392 5259 διὰ
2409 5207 2782 5274 χρησιμότητα
2807 5206 2911 5257 τῶν
2937 5205 3262 5275 ὲκκλησιῶν,
3281 5206 3380 5257 οὐκ
3401 5206 3675 5259 ἐπείθοντο
3697 5208 3858 5261 τοῦτο

2307 5300 2543 5365 ποιῆσαι,
2575 5298 2658 5350 διὰ
2705 5297 2763 5348 τὸ
2793 5295 3162 5349 ἀναπαύεσθαι
3196 5299 3284 5348 ἐπὶ
3322 5299 3433 5360 τοῖς
3470 5298 3859 5367 κατεχομένοις

2307 5389 2452 5456 παρὰ
2484 5387 2684 5439 τούτων
2719 5385 2965 5456 βαθμοῖς,
3000 5387 3105 5438 ἀπὸ
3138 5387 3360 5457 κέρδους
3394 5389 3520 5451 ἴσως
3555 5391 3587 5458 ἢ
3624 5393 3716 5443 καὶ
3749 5409 3862 5445 σω-

2308 5479 2534 5547 ματικῆς
2567 5477 2940 5536 ἀναπαύσεως.
2985 5477 3209 5545 Ὠρισαν
3238 5476 3327 5532 οὖν
3359 5480 3405 5532 ol
3458 5481 3719 5550 Πατὲρες,
3768 5484 3861 5538 ἴνα

2307 5570 2401 5621 sit:
2446 5585 2584 5629 τινες
2631 5569 2877 5637 κληρικοὶ
2911 5569 3217 5637 οίανδήτινα
3255 5572 3525 5624 διακονίαν
3574 5575 3859 5642 ἱερατικὴν

2305 5658 2651 5727 ἐνεργοῦντες
2701 5659 2841 5728 (οὐδὲ
2894 5659 3002 5727 γὰρ
3047 5661 3478 5728 ἐκλαμϐάνονται
3530 5663 3762 5716 ἐνταῦθα
3807 5667 3860 5717 ot

2306 5750 2538 5804 διάκονοι
2569 5751 2648 5812 είς
2679 5752 2801 5810 τοὺς
2842 5753 2898 5804 ὲν
2930 5751 3007 5816 τῷ
3034 5751 3174 5820 ἀγίῳ
3203 5751 3407 5822 βήματι
3436 5753 3816 5816 διακονοῦντας
3840 5793 3858 5821 ,
