4148 6462
267 432 358 495 ill

1247 429 1330 491 IN
1367 431 1529 495 CAN.
1577 433 1817 495 XXXIV
1857 435 2061 498 CONC.
2104 437 2480 501 CARTHAG.

3383 441 3486 504 142

263 544 378 597 ἀλλ’
446 545 530 606 είς
586 543 710 607 τοὺς
771 540 1126 614 ἐνεργοῦντας
1187 543 1494 614 οῑανδήτινα
1552 547 1826 600 διακονίαν

1935 563 2142 617 cunque
2182 552 2609 606 ecclesiastiCum
2643 553 3005 607 ministerium
3038 555 3335 624 exercent),
3373 571 3474 610 non

271 635 760 707 ἔκκλησιαστικὴν)
796 636 857 688 οὐ
898 634 1188 688 πείθωνται
1215 639 1327 699 τοῖς
1357 639 1671 700 ἐπισκόποις
1701 639 1826 691 τού-

261 743 392 792 των,
428 727 775 799 βουλομένοις
819 726 1279 798 προανασισὰζειν
1307 727 1501 790 αὐτοὺς
1529 729 1609 790 είς
1641 726 1824 796 μείζο-

265 836 357 880 νας
407 819 655 888 βαθμοὺς
681 817 768 871 διὰ
818 819 1227 886 ἀναγκαστικὴν
1268 820 1446 870 αἰτίαν
1473 817 1582 871 τῶν
1625 818 1825 888 ἐκκλη-

266 913 417 975 σιῶν,
452 912 571 966 ἀλλ’
591 911 881 982 ἐξίκωνται
905 907 981 966 ὧν
1004 912 1293 980 κατέχουσι
1321 909 1540 980 βαθμῶν
1561 911 1597 979 ἢ
1625 908 1825 972 τόπων,

266 1000 404 1068 μηδὲ
433 1001 528 1052 ἀπ’
564 1002 758 1070 ἐκείνῳ
787 1001 869 1070 τῷ
899 1000 1093 1070 βαθμῷ
1121 997 1259 1053 εἶναι
1291 1002 1485 1062 αὐτοὺς
1523 1000 1616 1052 καὶ
1648 1000 1826 1051 διακο-

264 1104 398 1155 νεῐν,
443 1098 506 1156 ἐξ
541 1096 602 1147 οὒ
640 1094 993 1163 ἀναχωρῆσαι
1034 1093 1134 1146 οὐκ
1171 1092 1462 1161 ἠθέλησαν.
1502 1090 1686 1145 Ταῦτα
1734 1093 1826 1143 τοῦ

260 1184 492 1244 κανόνος
517 1183 907 1254 διοριζομένου,
939 1181 1157 1252 λεγουσί
1201 1200 1344 1246 τινες
1392 1185 1465 1247 ὡς
1519 1185 1583 1235 ἐκ
1633 1183 1824 1235 τούτου

255 1274 468 1327 δίδοται
521 1275 675 1329 ἄδεια
715 1279 828 1340 τοῖς
883 1278 1249 1346 πατριάρχαις
1302 1275 1398 1329 καὶ¹
1458 1277 1569 1337 τοῖς
1622 1274 1826 1334 λοιποῖς

261 1367 592 1427 ἐπισκόποις
637 1366 894 1437 μεθιστᾷν
933 1367 1060 1428 τοὺς
1089 1366 1180 1419 ὑπ’
1220 1365 1415 1428 αὐτοὺς
1443 1366 1708 1436 ἄρχοντας
1734 1364 1827 1417 καὶ

257 1454 387 1515 τοὺς
439 1453 634 1518 ἄλλους
671 1456 983 1525 ίερατικοὺς
1023 1454 1131 1508 ἀπὺ
1162 1453 1274 1506 τῶν
1318 1454 1586 1522 όφφικίων
1625 1453 1823 1518 αὐτῶν,

263 1543 504 1609 μάλιστα
521 1543 568 1597 δ’
589 1547 765 1599 είπείν
790 1545 1072 1614 καθαιρεῖν
1089 1545 1309 1607 τούτους
1321 1543 1730 1613 ψηφιζομένους
1751 1545 1827 1605 είς

262 1635 562 1703 ἐκκλησίας
602 1637 947 1704 οίασδήτινας
980 1636 1074 1689 καὶ
1118 1634 1194 1704 μὴ
1231 1633 1690 1704 καταδεχομόνους
1727 1633 1826 1704 τὴν

257 1725 467 1794 ψῆφον.
524 1729 677 1797 Ἐμοὶ
710 1727 765 1781 δὲ
798 1728 946 1782 δοκεῖ
981 1726 1052 1789 ὡς
1097 1725 1204 1779 ἀπὸ
1238 1725 1333 1779 τοῦ
1375 1726 1598 1786 κανόνος
1636 1724 1824 1778 τούτου

259 1817 362 1875 οὐκ
421 1817 835 1884 ἀναγκάζονται
877 1816 929 1869 οῑ
972 1816 1081 1868 τῶν
1131 1815 1433 1885 ἐκκλησιῶν
1473 1816 1729 1884 ἄρχοντες
1790 1813 1823 1881 ἢ

1941 641 2304 706 pareautsuis
2339 643 2627 711 episcopis,
2666 643 2732 695 ad
2757 643 2986 712 majores
3034 649 3227 712 gradus
3271 653 3485 714 propter

1940 738 2221 794 urgentem
2271 731 2500 796 aliquam
2553 721 2903 787 ecclesiarum
2956 735 3354 798 necessitatem,
3396 751 3490 791 eos

1934 820 2239 884 provehere
2300 821 2627 887 volentibus;
2689 823 2784 877 sed
2838 824 3074 878 Intereaut
3137 827 3201 879 iis
3234 829 3487 894 gradibus

1938 919 2034 958 seu
2076 907 2208 961 locis
2239 924 2372 976 quos
2401 919 2584 965 tcneut
2616 929 2630 964 :
2659 927 2724 966 ne
2753 912 2804 965 in
2831 913 2920 968 illo
2949 916 3160 982 quidem
3187 917 3348 983 gradu
3378 919 3486 971 sint

1935 1004 1989 1049 et
2029 997 2364 1063 ministrent,
2406 1013 2468 1054 ex
2514 1017 2621 1070 quo
2671 1003 2949 1058 discedere
2993 1006 3296 1060 noluerunt.
3350 1008 3483 1063 Cum

1936 1101 2106 1142 canon
2161 1091 2584 1157 nate-decernat,
2635 1094 2852 1163 quidam
2910 1096 3114 1158 dicunt,
3165 1112 3227 1151 ex
3269 1100 3366 1153 hoc
3395 1117 3488 1168 pa-

1939 1178 2190 1231 triarchis
2211 1189 2264 1232 et
2293 1180 2515 1250 reliquis
2536 1184 2802 1252 episcopis
2829 1184 3007 1239 datam
3042 1201 3160 1240 esse
3181 1187 3487 1244 facultatem

1937 1283 2055 1334 eos,
2083 1272 2173 1337 qui
2219 1272 2318 1324 sibi
2366 1274 2612 1339 subsunt,
2666 1277 3030 1344 magistratus,
3071 1287 3124 1333 et
3160 1281 3293 1334 alios
3349 1281 3488 1336 sacri

1935 1360 2164 1424 ordinis,
2191 1361 2258 1414 ab
2294 1361 2486 1418 ofﬁciis
2507 1365 2620 1418 suis
2641 1381 2856 1421 movere
2883 1384 2895 1419 :
2924 1369 3152 1424 maxime
3175 1380 3348 1426 autem
3375 1388 3488 1436 eos,

1935 1450 2027 1518 qui
2066 1450 2131 1502 ad
2188 1452 2452 1518 quaslibet
2488 1454 2746 1508 ecclesias
2780 1457 3051 1526 eliguntur
3090 1469 3144 1512 et
3171 1462 3488 1519 electionem

1934 1555 2040 1593 non
2068 1541 2375 1608 admittunt,
2403 1545 2686 1614 deponere.
2715 1547 2840 1602 Mihi
2872 1559 3048 1603 autem
3077 1552 3300 1617 videtur,
3349 1558 3490 1622 quod

1934 1645 1996 1684 ex
2054 1632 2152 1686 hoc
2197 1648 2399 1688 canone
2445 1652 2545 1691 non
2604 1648 2870 1707 coguntur
2915 1641 3260 1695 ecclesiarum
3319 1648 3490 1714 magi-

1935 1735 2158 1788 su-atus,
2183 1737 2274 1779 aut
2313 1728 2399 1780 alii
2426 1727 2627 1794 clerici,
2660 1732 2738 1785 vel
2759 1731 2908 1785 inviti
2929 1735 3220 1801 suscipere,
3252 1750 3368 1803 qum
3397 1753 3491 1805 per

1936 1815 2293 1885 cpiscOpalem
2337 1818 2657 1875 electionem
2703 1822 2783 1875 eis
2813 1823 3026 1888 dantur,
3065 1826 3361 1881 ecclesias:
3393 1828 3488 1882 sed

255 1907 440 1976 ἓτεροι
493 1909 748 1977 κληρικοὶ
787 1907 1178 1976 καταδέχεσθαι
1217 1909 1308 1960 καὶ
1351 1907 1574 1969 ἀκοντες
1609 1911 1706 1965 τὰς
1743 1905 1832 1957 διὰ

1939 1907 2002 1958 de
2053 1906 2117 1959 iis
2152 1908 2318 1976 accipi
2367 1924 2648 1975 canonem,
2695 1913 2785 1981 qui
2813 1915 3064 1982 quaelibet
3123 1917 3486 1973 ecclesiastica

256 1998 441 2066 ψήφου
497 1999 862 2066 ἑπισκοπικῆς
917 1997 1190 2066 διδομένας
1241 1997 1450 2057 τούτοις
1499 1995 1828 2063 ἐκκλησίαςο

255 2087 395 2142 ἀλλὰ
431 2086 877 2156 ἑκλαμδάνεσθαι
910 2086 1000 2138 τὸν
1034 2087 1234 2139 κανόνα
1273 2085 1352 2148 είς
1386 2087 1511 2145 τοὺς
1545 2083 1829 2153 ινεργοῦν-

257 2191 355 2238 τας
388 2175 860 2244 ἑκκλησιαστικάς
897 2175 1237 2246 οίασδήτινας
1274 2175 1550 2236 διακονίας
1571 2213 1586 2238 ,
1623 2175 1715 2225 καὶ
1749 2173 1828 2234 είς

259 2265 520 2332 μείζονας
542 2267 703 2335 τιμὰς
724 2267 759 2335 ἢ
791 2265 1030 2336 βαθμοὺς
1068 2265 1596 2336 μετακαλουμὲνους,
1626 2263 1720 2317 καὶ
1754 2263 1828 2333 μὴ

251 2357 620 2426 πειθομένους
646 2361 710 2428 τῇ
744 2359 1076 2427 ἑπισκοπικῇ
1107 2356 1462 2426 μετακλήσει.
1490 2358 1598 2409 Καὶ
1629 2355 1831 2424 μᾶλλον

253 2445 387 2500 δταν
420 2447 511 2499 διὰ
548 2448 926 2516 χρησιμότητα
959 2447 1057 2515 τῆς
1089 2448 1382 2517 ἐκκλησίας
1409 2444 1547 2514 αὕτη
1589 2446 1830 2514 γίνηται.

255 2537 331 2589 Τὸ
369 2539 473 2607 μὲν
521 2539 632 2607 γὰρ
683 2537 892 2590 ἀκοντά
933 2553 1052 2596 τινα
1085 2537 1160 2607 μὴ
1209 2535 1462 2605 δέχεσθαι
1497 2534 1829 2605 χειροτονίαν

257 2627 630 2680 επισκοπικοῦ
685 2625 990 2695 ἀξιώματος
1045 2626 1416 2693 συγγνωστέον
1473 2627 1643 2691 ἐστὶν,
1701 2626 1828 2687 ίσως

261 2717 360 2787 τὴν
389 2717 732 2788 χειροτονίαν
760 2716 1154 2786 εὸλασούμινον
1182 2717 1264 2769 διὰ
1299 2717 1596 2787 οίονδήτινα
1630 2717 1829 2787 τρόπον

257 2808 574 2871 ἐπαινετὸν,
613 2808 674 2860 τὸ
704 2808 764 2860 δὲ
801 2808 876 2878 μὴ
917 2808 1213 2862 ὑπακούειν
1244 2809 1336 2862 τοῦ
1367 2809 1665 2861 επισκόπου
1703 2810 1829 2872 τοὺς

251 2896 558 2968 κληρικοὺς
618 2897 650 2967 ἢ
705 2899 797 2950 καὶ
848 2899 972 2961 τοὺς
1024 2899 1290 2968 ἄρχοντας
1343 2897 1819 2968 μετακαλουμένου

254 2987 483 3051 τούτους
535 2990 615 3051 είς
678 2988 898 3058 μείζονα
955 2989 1185 3055 όφφίκια
1241 2989 1301 3042 ού
1355 2990 1513 3056 μόνον
1564 2990 1659 3042 οὐκ
1709 2989 1827 3042 ἐστι

258 3077 661 3146 συγγνωστέον,
692 3079 829 3131 ἀλλὰ
853 3080 945 3132 καὶ
975 3079 1248 3141 κολάσεως
1279 3079 1447 3143 ἄξιον.
1488 3079 1553 3133 Ei
1586 3079 1694 3146 γάρ
1724 3098 1825 3145 τις,

253 3168 419 3237 τυχὸν
443 3170 503 3220 ὲν
523 3168 790 3230 διακόνοις
805 3167 900 3233 ὢν,
925 3169 983 3220 οὐ
1009 3167 1254 3221 πείθεται
1281 3186 1348 3237 ac;
1360 3171 1682 3241 ραγισθῆναι
1710 3174 1830 3242 ῥαι-

259 3257 620 3328 φερενδάριον
680 3256 714 3327 ἢ
775 3257 1096 3311 διδάσκαλον
1163 3257 1251 3310 διὰ
1315 3262 1408 3312 τον
1473 3261 1640 3314 κόπον
1666 3299 1685 3326 ,
1743 3266 1836 3316 καὶ

258 3345 557 3400 δουλεῦσαι
591 3347 657 3417 τῇ
694 3345 961 3416 ἐκκλησία
983 3387 997 3413 ,
1029 3345 1460 3416 κολασθήσεται·
1503 3349 1599 3401 καὶ
1635 3351 1689 3404 ει
1714 3368 1797 3415 τις
1819 3391 1834 3417 ,

260 3439 646 3510 πρωτέκδικος
697 3435 791 3502 ὢν,
837 3436 901 3490 ού
957 3436 1098 3490 θέλει
1150 3437 1582 3510 προσυϐρισθῆναι
1635 3443 1712 3504 είς
1767 3442 1837 3493 ιε-

261 3531 581 3601 ρομνήμονα
595 3530 682 3583 sta
704 3529 765 3581 τὸ
781 3527 1008 3599 ἀκερδὲς
1028 3528 1116 3582 τοῦ
1142 3529 1414 3596 ὀφφικίου,
1442 3530 1835 3601 ἐκϐληθήσεται

258 3627 358 3678 ,καὶ
398 3623 512 3678 ἀπὺ
543 3622 635 3676 τοῦ
677 3623 1084 3693 πρωτεκδίκου·
1126 3626 1216 3675 καὶ
1258 3622 1310 3674 εῐ
1353 3641 1458 3686 τις,
1487 3627 1835 3697 ἀναγνώστης

263 3712 359 3776 ὢν,
398 3711 462 3763 οὐ
494 3711 640 3764 θέλει
672 3709 1206 3781 προαναΰιόασθῆναι
1245 3711 1321 3774 είς
1356 3712 1537 3778 μεῖζον
1564 3715 1834 3781 ὀφφίκιον,

258 3800 332 3863 ὡς
371 3801 642 3870 κοπηρὸν,
674 3799 1151 3870 καθαιρεθήσεται.
1188 3801 1299 3854 Καὶ
1335 3801 1493 3870 δῆλον
1523 3802 1681 3856 τοῦτο
1716 3805 1822 3856 ἀπο

258 3891 355 3944 τοῦ
392 3891 470 3960 μὴ
492 3888 831 3960 ψηφίζεσθαι
854 3890 1002 3960 παρὰ
1028 3889 1230 3948 παντὸς
1250 3891 1549 3944 ἐπισκόπου
1576 3892 1832 3962 κληρικδν

265 3982 344 4044 είς
397 3979 760 4034 ἐπισκοπικδν
807 3978 1049 4049 ἀξίωμα,
1103 3979 1238 4033 ἀλλὰ
1298 3980 1445 4049 παρά
1501 3983 1675 4050 μόνων
1726 3983 1835 4035 τῶν

265 4073 502 4141 ἑχόντων
554 4069 895 4133 επισκοπάς·
951 4071 1001 4121 οί
1050 4071 1158 4140 γὰρ
1215 4072 1620 4141 μητροπολῖται,
1655 4073 1704 4124 οἱ
1758 4072 1833 4143 μὴ

264 4164 480 4232 ἔχοντες
528 4153 854 4224 ἑπισκοπὰς,
899 4159 1156 4224 ὡσαύτως
1204 4161 1295 4213 καὶ
1332 4162 1381 4214 οί
1433 4163 1738 4227 ἐπίσκοποι,
1782 4164 1832 4215 oi

263 4254 366 4306 ὑπὸ
400 4251 813 4322 μητροπολιτῶν
837 4249 1008 4312 ὄντες.
1033 4249 1154 4302 οὗτε
1183 4250 1512 4319 ψηφίζεσθαι
1539 4251 1831 4319 κληρικοὺς

263 4344 443 4397 αὐτῶν
473 4343 747 4404 δύνανται,
781 4340 903 4394 οὗτε
947 4342 1088 4394 κατά
1119 4341 1351 4404 κανόνας
1391 4341 1708 4404 κολάζουσιν
1737 4343 1831 4394 αύο

262 4435 387 4494 τοὺς
430 4429 816 4493 ἀπειθοῦντας.
849 4429 971 4497 'Ap‘
998 4429 1090 4482 οὖν
1129 4430 1217 4482 τὸν
1259 4431 1454 4483 κανόνα
1497 4429 1831 4498 ὲκληφθῆναι

263 4523 340 4584 είς
375 4523 505 4582 τοὺς
546 4519 622 4588 μὴ
674 4519 1030 4588 πειθομένους
1061 4517 1597 4588 προαναδιϐασθῆναι
1631 4521 1707 4580 εἰς
1737 4522 1831 4572 ὲκ-
1864 4541 1910 4598 D

265 4610 632 4680 κλησιαστικά
690 4609 937 4677 ὀφφίκια,
989 4609 1079 4660 καὶ
1121 4608 1290 4671 οὕτως
1336 4609 1478 4677 ἔχειν
1524 4612 1705 4679 χώραν
1754 4611 1830 4671 εἰς

263 4702 470 4762 ﬁdiora;
503 4703 628 4762 τους
671 4701 998 4762 ἐπισκόπους
1049 4701 1141 4752 καὶ
1170 4701 1250 4764 είς
1298 4699 1506 4762 πάντας
1535 4702 1659 4763 τοὺς
1699 4701 1833 4769 κλη-

266 4795 477 4863 ρικούς.
542 4789 781 4843 Ἀκούων
824 4789 888 4841 *δὲ
943 4787 1036 4840 τοῦ
1093 4790 1314 4853 κανόνος
1366 4789 1611 4858 λέγοντος
1672 4807 1834 4859 μετα-

261 4880 534 4934 κινείσθαι
561 4880 668 4932 ἀπὸ
698 4878 806 4930 τῶν
837 4878 979 4930 ἰδίων
1015 4877 1236 4947 βαθμῶν
1262 4881 1387 4940 τοὺς
1413 4879 1724 4950 κληρικοὺς,
1759 4881 1833 4951 μὴ

269 4971 624 5040 πειθομένους
643 4972 751 5030 τοίς
769 4968 1084 5030 ἐπισκόποις
1107 4969 1414 5037 προσκαλου
1422 4970 1602 5048 μένοις
1618 4969 1836 5033 τούτους

268 5063 342 5123 τίς
389 5059 644 5130 μείζονας
673 5059 840 5127 τιμὰς
879 5059 969 5110 διό.
1005 5074 1152 5120 τινας
1199 5058 1608 5125 ἀναγκαστικάς
1658 5059 1838 5122 αίτίας

268 5154 374 5206 τῶν
414 5151 722 5220 ἐκκλησιῶν
748 5150 949 5212 αὐτῶν,
983 5151 1059 5219 μὴ
1091 5151 1249 5222 εἴπῃς
1276 5151 1350 5212 ὡς
1383 5151 1563 5214 αίτίας
1595 5153 1839 5218 ἀναγκα-

273 5243 463 5311 στικῆς
511 5241 586 5309 μὴ
624 5238 790 5309 οὔσης
836 5242 935 5291 οὐκ
975 5240 1188 5308 ἔχουσιν
1231 5241 1413 5294 ἄδειαν
1460 5244 1508 5293 ol
1551 5242 1837 5295 ἐπίσκοποι

272 5331 735 5404 πῳαναὸιόἀζειν
781 5331 906 5391 τοὺς
935 5329 1230 5401 κληρικοῦς
1269 5331 1466 5386 αὐτῶν.
1513 5331 1625 5386 Καὶ
1650 5332 1839 5401 ιαίτίας

271 5430 376 5493 γὰρ
411 5422 671 5490 τοιαύτης
709 5419 785 5492 μὴ
820 5423 1187 5492 προκειμένης
1220 5423 1529 5490 ὲνδυνάμως
1560 5425 1588 5476 ὁ
1616 5424 1840 5478 ἐπίσκο-

273 5531 371 5576 πος
418 5515 545 5576 τοὺς
601 5513 897 5580 κληρικοὺς
950 5512 1114 5564 αὑτοῦ
1165 5514 1272 5566 ἀπὸ
1311 5512 1460 5566 τοῦδε
1501 5513 1593 5567 τοῦ
1629 5513 1840 5584 βαθμοῦ

274 5608 350 5665 είς
384 5604 612 5670 μείζονα
649 5603 812 5656 τόπον
842 5603 1269 5672 προαναὸιδέισει
1315 5605 1408 5657 καὶ
1438 5606 1669 5668 ἄκοντας
1705 5608 1844 5659 κατὰ

274 5694 368 5763 τὴν
415 5692 884 5763 ικκλησιαστικὴν
928 5691 1100 5754 τάξιν.
1129 5695 1238 5746 Καὶ
1271 5695 1576 5763 σημείωσαι
1603 5696 1682 5748 ὅτι
1707 5696 1842 5764 πρὸς

280 5786 530 5851 μείζονας
561 5785 760 5843 τόπους
805 5785 1114 5846 μετακινεῖν
1142 5784 1267 5849 τοὺς
1301 5783 1594 5856 κληρικοὺς
1625 5785 1840 5856 ἐνεδόθη

1856 3221 1904 3284 C

1939 1996 2240 2052 ministeria
2269 2011 2539 2066 exercent,
2575 2011 2628 2055 et
2656 2004 2720 2057 ad
2751 2005 2983 2074 majores
3009 2008 3217 2076 aliquos
3256 2012 3486 2064 bonarcs

1941 2087 2024 2139 vel
2054 2090 2249 2154 gradus
2281 2101 2534 2146 vocantur
2563 2106 2618 2148 et
2653 2097 2938 2165 episcopali
2971 2100 3232 2153 vocationi
3272 2115 3373 2153 non
3397 2117 3492 2168 pa-

1940 2188 2087 2242 rent;
2117 2188 2168 2233 et
2200 2184 2455 2247 maxime,
2489 2187 2702 2252 quando
2731 2201 2790 2240 ea
2817 2187 2974 2258 557
2997 2199 3212 2258 propter
3246 2192 3491 2245 eet-iusim

1940 2265 2221 2320 utilitatem
2259 2269 2367 2323 flat.
2391 2271 2445 2324 Si
2477 2273 2617 2326 enim
2639 2274 2835 2330 invitus
2859 2279 3123 2347 quispiam
3175 2281 3437 2350 episcopal
3465 2299 3491 2336 s

1943 2358 2222 2426 dignitatis
2277 2363 2670 2419 ordinationem
2713 2383 2820 2422 non
2875 2371 3154 2440 suscipiat,
3200 2381 3281 2426 est
3337 2375 3488 2429 venia

1939 2448 2166 2517 dignus;
2199 2452 2320 2506 dum
2359 2452 2427 2507 ob
2468 2453 2782 2512 laudabilem
2812 2474 3184 2531 quamcunque
3225 2467 3485 2520 rationem

1938 2554 2248 2608 moremque
2305 2544 2696 2599 ordinationem
2751 2548 2979 2604 fortasse
3038 2553 3281 2608 modeste
3338 2557 3487 2615 vitat.

1936 2627 2177 2685 Clericos
2200 2641 2378 2685 autem
2412 2634 2495 2688 vel
2525 2638 2868 2704 magistratus
2898 2656 2999 2694 non
3033 2645 3250 2698 obedire
3281 2650 3489 2714 episco-

1938 2719 2020 2788 pis
2062 2733 2155 2773 eos
2210 2722 2273 2775 ad
2315 2721 2520 2789 majora
2567 2725 2742 2782 ofﬁcia
2777 2733 3106 2800 vocantibus,
3159 2751 3264 2791 non
3318 2739 3490 2792 solum

1938 2822 2042 2861 non
2099 2818 2182 2863 est
2242 2809 2641 2880 ignoscendum,
2709 2819 2800 2872 sed
2855 2803 3012 2874 etiam
3075 2827 3494 2884 animadversio-

1938 2913 2006 2952 ne
2030 2897 2267 2970 dignum.
2295 2901 2348 2956 Si
2379 2905 2499 2973 quis
2523 2907 2688 2972 enim,
2710 2924 2828 2963 cum
2850 2912 2921 2966 sit
2945 2911 3080 2969 forte
3110 2919 3161 2969 in
3189 2918 3491 2984 diac0uatn,

1939 3002 2044 3040 non
2078 3004 2280 3043 morem
2310 3002 2480 3061 gerat,
2516 3004 2574 3049 ut
2609 3000 2956 3056 referendarii
3004 3006 3367 3062 characterem
3405 3027 3493 3064 ae-

1938 3077 2102 3144 cipiat
2131 3081 2214 3133 vel
2249 3081 2511 3149 doctoris,
2547 3099 2765 3156 propter
2807 3089 3065 3157 laborem,
3090 3105 3143 3148 et
3170 3104 3230 3150 ut
3257 3100 3493 3155 ecclesire

1940 3165 2157 3228 serviat,
2201 3170 2453 3236 punietur
2476 3191 2489 3226 :
2514 3183 2566 3226 et
2595 3175 2638 3228 si
2671 3177 2809 3245 quis,
2843 3182 2932 3248 qui
2961 3184 3166 3248 primus
3188 3196 3269 3244 est
3301 3191 3489 3245 defen-

1941 3267 2052 3318 sor,
2107 3270 2211 3310 non
2249 3259 2360 3312 vult
2390 3261 2455 3315 ad
2490 3263 2718 3318 oiliciutn
2756 3268 2933 3322 aeditui
2966 3276 3205 3340 provehi,
3235 3281 3374 3347 quod
3414 3283 3493 3334 ui-

1939 3342 2013 3395 ht‘l
2041 3343 2163 3399 inde
2195 3346 2326 3401 lucri
2367 3351 2713 3420 percipiatur,
2741 3357 2905 3410 etiam
2940 3375 2967 3412 a
3016 3363 3167 3430 primi
3197 3342 3493 3425 defensoris

1937 3434 2112 3490 olllcio
2144 3437 2419 3507 ejicietur;
2452 3449 2505 3496 et
2554 3443 2597 3497 si
2648 3448 2788 3513 quis,
2836 3463 2958 3501 eum
3013 3453 3081 3505 sit
3141 3453 3330 3520 lector,
3387 3477 3489 3516 nou

1936 3527 2046 3580 vult
2073 3527 2137 3581 ad
2161 3530 2352 3600 majus,
2391 3534 2482 3587 sed
2517 3535 2832 3592 laboriosius
2855 3579 2868 3604 ,
2898 3540 3131 3596 officium
3168 3556 3490 3617 promovi-ri,

1939 3617 2255 3683 deponetur.
2286 3621 2463 3690 Atque
2496 3623 2595 3676 hoc
2622 3639 2686 3676 es
2721 3641 2786 3680 eo
2822 3630 3159 3686 manifestum
3203 3646 3303 3701 est,
3348 3647 3490 3708 quod

1939 3721 2099 3759 nona
2130 3712 2323 3775 quovis
2376 3713 2628 3782 episcopo
2679 3717 2744 3769 ad
2795 3719 3104 3788 dignitatem
3129 3727 3488 3800 episcopalem

1937 3794 2152 3863 eligitur
2179 3798 2434 3866 clericus;
2466 3805 2559 3857 sed
2585 3806 2650 3858 ab
2685 3808 2751 3860 iis
2783 3808 2908 3863 solis
2941 3813 3029 3879 qui
3056 3815 3251 3870 habent
3280 3794 3484 3887 epism-

1937 3897 2090 3952 palus
2124 3903 2137 3938 :
2175 3892 2568 3957 metropolitani
2602 3896 2770 3959 enim,
2801 3899 2889 3964 qui
2923 3914 3027 3952 non
3061 3902 3258 3959 habent
3280 3911 3492 3977 episco-

1938 3984 2113 4042 patns,
2159 3977 2410 4034 similiter
2446 3993 2498 4034 et
2539 3984 2770 4055 episcopi
2806 3991 2892 4056 qui
2957 3993 3186 4048 subsunt
3224 4009 3492 4070 metmpo-

1936 4063 2142 4129 litanis,
2171 4083 2270 4121 nec
2320 4083 2547 4137 possunt
2579 4089 2707 4130 suos
2759 4077 2987 4134 clericos
3020 4083 3235 4152 eligere.
3269 4105 3366 4144 nec
3397 4063 3491 4146 eos

1936 4169 1998 4205 ex
2029 4157 2324 4211 eanonibus
2361 4162 2606 4226 puniunt,
2642 4166 2729 4234 qui
2781 4169 2880 4222 sibi
2914 4187 3021 4224 non
3076 4176 3346 4234 obediunt.
3378 4183 3464 4235 Pla

1937 4243 2048 4296 cuit
2081 4259 2231 4311 ergo,
2265 4261 2527 4304 canonem
2557 4254 2620 4305 de
2651 4255 2712 4307 iis
2742 4259 2933 4326 accipi,
2959 4263 3046 4328 qui
3075 4264 3137 4315 ad
3164 4268 3492 4324 ecclesiasti-

1936 4349 1996 4387 ca
2024 4335 2201 4389 ofﬁcia
2222 4340 2440 4404 provehi
2467 4356 2574 4394 non
2599 4347 3015 4410 persuadeatur:
3040 4363 3090 4405 ct
3113 4354 3197 4407 hic
3225 4355 3273 4409 in
3306 4371 3491 4411 omnes

1935 4424 2216 4493 episcopos
2271 4427 2603 4499 clericosque
2657 4435 2851 4489 valere.
2913 4439 3045 4492 clum
3107 4456 3283 4499 autem
3337 4451 3490 4502 audis

1936 4529 2194 4570 canonem
2233 4518 2518 4584 dicentem,
2575 4525 2799 4580 clericos
2847 4531 2956 4582 suis
2985 4533 3234 4598 gradibus
3264 4545 3487 4606 moveri,

1938 4607 2028 4673 qui
2066 4620 2172 4659 non
2196 4620 2389 4675 parcnt
2421 4611 2712 4682 episcopis,
2746 4630 2838 4670 eos
2865 4621 2928 4671 ad
2975 4623 3205 4690 majores
3240 4627 3489 4695 honores,

1937 4708 2158 4768 propter
2211 4715 2428 4755 suarum
2467 4704 2812 4759 ecclesiarum
2858 4722 3106 4775 urgentes
3140 4729 3353 4782 causas,
3396 4735 3491 4770 vo-

1938 4791 2206 4850 cantibus.
2244 4807 2310 4846 ne
2341 4794 2505 4859 dicas,
2529 4795 2668 4863 quod
2694 4797 2793 4850 nisi
2816 4800 2954 4853 adsit
2978 4816 3135 4856 causa
3161 4811 3489 4873 necessaria.

1937 4895 2040 4935 non
2112 4893 2335 4951 possunt
2399 4885 2631 4952 episcopi
2689 4902 2817 4942 suos
2880 4889 3105 4947 clericos
3156 4910 3487 4963 promovere.

1938 4969 2098 5034 Nam,
2131 4973 2231 5025 etsi
2271 4987 2372 5027 non
2410 4988 2469 5027 se
2497 4976 2728 5043 praebeat
2758 4979 3016 5045 ejusmodi
3047 4997 3227 5047 causa,
3270 4988 3367 5040 rite
3400 5006 3491 5056 po.

1941 5071 2043 5116 test
2067 5060 2352 5131 episc0pus
2379 5064 2606 5118 clericos
2657 5082 2783 5120 suos
2822 5070 2887 5120 ab
2921 5070 3019 5123 hc:
3045 5074 3211 5138 gradu
3238 5077 3288 5129 in
3322 5080 3492 5148 majoo

1939 5165 2052 5205 rem
2099 5151 2182 5205 vel
2232 5152 2428 5207 invitos
2461 5155 2750 5222 provehere
2794 5159 3085 5211 secundum
3135 5164 3371 5220 ordinem
3403 5186 3491 5224 ec-

1940 5241 2320 5296 clesiasticum.
2369 5241 2432 5296 Et
2472 5254 2617 5307 nota,
2665 5243 2808 5313 quod
2873 5249 3138 5318 episcopis
3188 5253 3366 5308 datum
3409 5270 3494 5317 est

1941 5332 2167 5386 clericos
2217 5348 2345 5387 suos
2396 5333 2458 5386 ad
2502 5334 2731 5402 majores
2767 5340 2963 5406 gradus
3008 5343 3328 5408 provehere,
3387 5365 3491 5406 non

1943 5433 2119 5478 autem
2151 5424 2216 5475 ad
2250 5425 2486 5476 minores
2536 5425 2837 5492 deprimere
2865 5443 2878 5479 :
2913 5429 3357 5494 qtteinadniodutn
3397 5455 3494 5493 nee.

1944 5514 2084 5580 ipsos
2138 5512 2335 5581 injuria
2383 5522 2433 5566 cl
2494 5514 2782 5582 ignominia
2838 5517 3053 5572 afﬁcere
3106 5523 3157 5575 in
3214 5539 3492 5581 sacrorum

1943 5602 2204 5670 graduum
2233 5602 2627 5657 confundendis
2666 5605 2985 5676 ordinibus;
3035 5620 3082 5664 ct
3116 5626 3233 5664 eum
3268 5617 3355 5682 qui
3396 5618 3496 5675 fuit

1946 5692 2060 5746 heri
2100 5693 2326 5746 fortasse
2367 5694 2727 5762 magistratus,
2761 5713 2916 5765 supra
2953 5714 3140 5755 omnes
3170 5705 3498 5772 antiquiores

1949 5785 2293 5854 magistratus
2331 5785 2640 5844 collocando
2662 5827 2675 5848 ,
2699 5787 2782 5842 vel
2810 5802 2932 5843 eum
2956 5791 3042 5856 qui
3071 5809 3134 5847 ne
3165 5793 3263 5849 fuit
3285 5800 3498 5866 quidem
