4148 6460
590 320 687 386 147

1825 331 2097 394 TBEOD.
2136 332 2525 393 BALSAMON

3692 331 3802 394 H8

589 430 967 485 donationibus
1022 438 1075 486 et
1123 430 1330 500 legatis.
1391 433 1465 484 Ac
1530 434 1857 505 episcopalia
1926 439 2140 506 quidem

2257 457 2333 493 rat.
2363 441 2680 510 πράγματα,
2715 440 2826 492 ἀλλ’
2861 440 2890 508 ἢ
2926 439 3081 509 μόνος
3114 438 3140 489 ὁ
3170 439 3274 494 ἀπὸ
3293 438 3400 490 τῶν
3426 440 3805 492 ἐπισκοπικῶν

589 524 919 594 episcopatui
954 524 1233 578 tradentur
1271 546 1281 579 :
1320 525 1523 595 reliqua
1550 538 1730 581 autem
1752 540 1908 583 erunt
1953 545 2138 583 eorum

591 615 833 679 dominii,
886 616 1335 683 quemadmodum
1387 615 1474 671 hic
1539 633 1755 686 quoque
1806 634 1979 674 canon
2043 622 2143 675 hoc

591 718 799 765 tractat.
848 707 1043 763 Clerici
1107 721 1279 763 autem
1332 710 1421 775 si,
1481 721 1764 782 postquam
1808 714 1867 767 in
1941 715 2140 770 clerum

593 799 787 867 recepti
843 809 988 864 sunt,
1048 801 1164 855 aliis
1215 803 1387 857 modis
1426 812 1479 857 et
1529 818 1631 857 non
1675 819 1739 858 ex
1781 805 2005 860 ecclesia
2058 821 2142 862 res

588 892 835 955 emerint,
892 907 995 945 non
1052 902 1307 960 cogentur
1350 907 1412 947 ea
1465 893 1708 948 ecclesia
1758 895 2010 951 addicere
2043 912 2059 947 :
2095 898 2141 951 si

587 982 709 1049 quis
738 982 879 1036 enim
911 981 1291 1046 fortelclericus
1316 984 1405 1036 ﬂat
1433 999 1718 1051 puerorum
1747 985 2141 1056 ludimagister,

589 1074 669 1127 vel
704 1074 949 1141 scriptor.
1009 1074 1088 1126 vel
1128 1074 1309 1142 magni
1360 1074 1590 1143 alicujus
1639 1074 1737 1129 viri
1797 1079 2143 1132 amanuensis

588 1177 679 1219 aut
709 1182 738 1220 a
768 1166 1010 1229 secretis,
1036 1174 1087 1220 et
1110 1179 1331 1233 magnas
1358 1179 1424 1218 ex
1444 1179 1508 1219 eo
1530 1163 1811 1221 facultates
1834 1167 2141 1237 paraverit;

587 1271 753 1323 quare
808 1265 1029 1326 cogetur
1076 1270 1161 1337 ea,
1218 1270 1335 1324 qua
1384 1256 1468 1308 his
1522 1257 1823 1312 rationibus
1879 1258 2141 1327 acquisita

588 1360 732 1412 sunt,
760 1348 1002 1402 ecclesia
1042 1347 1327 1401 addicere?
1370 1346 1611 1401 Prasens
1644 1359 1821 1403 autem
1876 1350 2143 1419 interpre-

587 1437 719 1491 tatio
747 1452 773 1490 a
810 1436 985 1490 verbis
1011 1438 1233 1491 canonis
1262 1439 1544 1507 dependet,
1582 1440 1869 1493 statuentis
1914 1456 2034 1508 qua
2078 1455 2142 1493 ex

586 1527 912 1581 liberalitate
941 1526 1023 1579 vel
1066 1525 1469 1580 hareditatibus
1501 1537 1885 1595 provenerunt,
1928 1544 2021 1583 eos
2051 1530 2147 1583 lia-

590 1620 714 1673 bere
738 1620 790 1673 in
834 1627 1118 1688 potestate.
1163 1629 1519 1687 pralerquam
1558 1620 1699 1688 quod
1734 1635 1858 1689 pars
1901 1622 2142 1689 quadam

587 1710 827 1765 ecclesia
857 1711 969 1764 dari
999 1710 1176 1765 debet.
1204 1710 1363 1780 559
1383 1711 1516 1763 Cum
1547 1720 1724 1764 autem
1754 1726 1926 1765 canon
1952 1720 2143 1767 tractet

590 1803 653 1855 tle
686 1802 1069 1864 immobilibus,
1096 1802 1364 1870 mgaverit
1400 1802 1687 1869 quispiam,
1724 1817 1791 1855 an
1838 1802 1977 1855 idem
2031 1816 2145 1856 ser-

587 1894 701 1945 vari
732 1893 922 1947 debeat
954 1892 1196 1947 etiamin
1240 1893 1545 1946 mobilibus.
1597 1891 1661 1944 Et
1709 1892 1959 1945 exlsﬁmo
2003 1892 2144 1960 quod

590 1986 727 2035 idem
755 1985 916 2037 etiam
969 1984 1018 2036 in
1074 1985 1157 2038 bis
1208 1983 1332 2047 ﬂet;
1387 1994 1662 2053 propterea
1715 1985 1854 2051 quod
1889 1983 2030 2033 nulla
2068 1992 2150 2034 est

589 2071 893 2125 did'erentia
944 2072 1218 2125 mobilium
1254 2081 1301 2125 et
1343 2071 1717 2134 immobilium,
1770 2071 1913 2139 quod
1954 2069 2018 2122 ad
2057 2085 2147 2122 ac-

590 2159 932 2225 quislllOllem
967 2160 1175 2212 attinet.
1229 2158 1449 2225 Proprie
1502 2170 1679 2213 autem
1720 2160 1873 2219 dixit,
1916 2173 2033 2227 pro,
2104 2159 2146 2210 si

589 2249 793 2302 directo
825 2248 876 2301 ci
907 2249 1087 2301 relicta
1152 2248 1281 2312 sint,
1338 2251 1589 2314 quoniam
1634 2248 1793 2301 multa
1830 2249 2146 2317 quibusdam

591 2340 987 2407 relinquuntur,
1015 2349 1072 2390 ιιι
1123 2354 1182 2392 ea
1220 2338 1338 2391 aliis
1384 2340 1868 2407 quomodocunqne
1928 2339 2152 2393 reddant

593 2446 655 2483 ac
690 2431 992 2483 restituant.
1033 2431 1104 2482 Ex
1139 2428 1447 2497 huiusmodi
1478 2441 1607 2496 ergo
1657 2443 1761 2481 non
1806 2429 2059 2495 postulat,
2094 2436 2151 2481 ut

590 2523 877 2589 quidquam
930 2520 1167 2575 ecclesia
1232 2532 1551 2584 consecret;
1616 2523 1708 2573 sed
1762 2535 1823 2574 ex
1880 2521 1960 2573 eis
2033 2534 2152 2589 qua

592 2611 806 2675 proprie
833 2625 927 2663 seu
957 2610 1203 2677 privatim
1234 2611 1281 2663 ei
1322 2611 1505 2663 relicta
1530 2619 1673 2673 sunt,
1711 2620 1764 2665 et
1807 2625 2034 2678 quorum
2066 2611 2152 2663 ille

590 2710 666 2749 nsi
702 2700 969 2752 dominus.
1003 2698 1134 2752 Nota
1164 2701 1327 2766 igitur
1362 2715 1647 2765 canonem,
1697 2703 1785 2770 qui
1828 2703 1983 2763 dicit,
2011 2700 2151 2769 quod

590 2791 823 2859 episcopi
852 2800 903 2844 et
929 2790 1107 2845 clerici
1149 2792 1346 2845 debent
1400 2792 1714 2845 necessario
1753 2792 1865 2846 suis
1910 2792 2153 2846 ecclesiis

590 2888 794 2945 partem
851 2879 1105 2948 aliquam,
1168 2895 1287 2949 qua
1337 2880 1441 2935 illis
1499 2880 1769 2934 videbitur
1815 2895 1881 2935 ex
1938 2879 2001 2933 iis
2036 2894 2153 2949 qua

592 2972 804 3039 proprie
874 2971 937 3025 ad
992 2986 1084 3025 eos
1164 2972 1457 3041 pertinent,
1527 2971 1865 3039 relinquere;
1935 2973 2153 3025 omnino

588 3074 765 3117 autem
796 3074 1037 3119 extremo
1086 3066 1275 3132 spiritu
1315 3082 1328 3117 :
1389 3075 1442 3118 et
1492 3065 1545 3117 in
1598 3066 1717 3129 hoc,
1766 3066 2062 3135 cnjnsmodi
2101 3072 2153 3118 et

588 3154 1119 3222 quantulumcunque
1143 3167 1243 3216 est.
1275 3172 1379 3210 non
1416 3158 1801 3225 repudiabitur.

2249 533 2472 584 δικαίων
2497 532 2590 585 καὶ
2616 534 2641 585 ὀ
2672 530 2777 583 άπδ
2806 532 2913 583 τῶν
2945 531 3143 597 ἐξωθεν
3165 531 3381 599 δωρεῶν
3411 530 3504 584 καὶ
3525 531 3802 599 ληγάτων.

2252 626 2358 677 Καὶ
2389 626 2454 678 τὰ
2487 627 2604 695 μὲν,
2641 625 2808 695 ἤγουν
2874 623 2942 676 τά
3000 622 3350 683 ἐπισκοπικὰ,
3406 626 3473 691 τῇ
3532 623 3810 691 ἐπισκοπῇ

2252 715 2770 783 προσκυρωθήσεται
2794 729 2809 743 ο
2845 716 2913 767 τά
2947 713 3005 766 δέ
3034 712 3199 778 λοιπὰ
3228 717 3325 783 τῆς
3367 713 3612 777 ἐξουσίας
3638 712 3810 766 αὑτοῦ

2251 805 2486 867 εσονται,
2521 805 2704 868 καθὼς
2733 805 2889 859 τοῦτο
2927 802 3021 857 καὶ
3051 807 3078 858 ό
3115 804 3294 857 κανὼν
3334 804 3707 873 διαλαμϐάνει.
3740 804 3812 857 Οἱ

2249 898 2305 951 δέ
2337 897 2607 967 κληρικοὶ,
2658 897 2754 949 ἐὰν
2807 895 2944 966 μετὰ
2994 896 3092 965 τὴν
3145 894 3418 966 κλήρωσιν
3463 894 3569 948 άπὸ
3606 894 3814 962 ἐτέρων

2250 990 2485 1058 τρόπων,
2520 986 2638 1055 οὐχὶ
2671 987 2777 1039 ἀπὸ
2807 988 2916 1040 τῶν
2955 987 3050 1055 τῆς
3117 985 3436 1051 ἐκκλησίας,
3492 984 3811 1053 ἀγοράσωσι

2254 1079 2573 1147 πράγματα,
2603 1079 2706 1129 οὐκ
2742 1077 3248 1145 ἀναγκασθήσονται
3272 1073 3445 1127 ταῦτα
3477 1072 3811 1141 προσκυρῶ-

2254 1172 2431 1237 σαιτῇ
2475 1166 2900 1235 ἐκκλησίᾳ.Ὲὰν
2951 1166 3058 1234 γὰρ
3109 1165 3273 1235 τυχὸν
3330 1162 3820 1221 παιδοδιδάσκαλος

2251 1260 2476 1329 γίνηταί
2504 1277 2590 1322 τις
2622 1259 2881 1328 κληρικδς
2989 1259 3356 1327 καλλιγράφος
3388 1258 3419 1325 ἢ
3457 1254 3815 1323 ὑπογραφεὺς

2255 1352 2578 1419 μεγιστᾶνός
2610 1368 2771 1413 τινος,
2804 1350 2898 1403 καὶ
2946 1348 3197 1401 ἐντεῦθεν
3243 1349 3605 1416 πολυκτήμων
3638 1362 3819 1397 κατα-

2254 1446 2370 1511 στῇ.
2407 1442 2493 1496 ενα
2540 1442 2591 1493 τί
2641 1442 3227 1509 καταναγκασθήσεται
3275 1440 3342 1491 τά
3389 1439 3495 1491 άπδ
3555 1436 3820 1488 τοιούτων

2252 1534 2467 1603 τρόπων
2500 1532 2861 1602 ἐπικτηθέντα
2892 1531 3040 1600 αὑτῷ
3069 1533 3135 1601 τῇ
3183 1529 3449 1599 ἐκκλησίᾳ
3484 1527 3821 1599 προσκυρῶ-

2256 1641 2343 1678 σαι
2369 1642 2385 1688 ;
2430 1625 2492 1676 'H
2525 1623 2776 1693 παροῦσα
2808 1624 2863 1676 δέ
2890 1623 3153 1692 ἐρμηνεία
3180 1621 3420 1691 ἐξέχεται
3453 1623 3544 1674 καὶ
3572 1620 3680 1672 τῶν
3711 1621 3817 1687 ρη-

2258 1717 2439 1784 μάτων
2468 1715 2560 1767 τοῦ
2598 1713 2841 1778 κανόνος,
2866 1713 3323 1781 διαλαμϐάνοντος
3354 1712 3421 1763 τὰ
3458 1711 3565 1765 ἀπὸ
3610 1710 3821 1778 φιλοτι-

2183 1804 2222 1858 Β
2254 1806 2391 1874 μιῶν
2425 1806 2455 1874 ἢ
2484 1805 2857 1874 κληρονομιῶν
2890 1805 3037 1874 ἐχειν
3072 1804 3159 1856 ἐπ’
3196 1803 3439 1866 ἐξουσίας
3466 1801 3661 1861 αὐτοῦς
3684 1801 3818 1854 ἄνευ

2254 1897 2452 1966 μέρους
2479 1897 2621 1956 τινος
2650 1895 2959 1964 ὀφείλοντος
2986 1894 3205 1960 δοθῆναι
3232 1894 3294 1961 τῇ
3323 1891 3607 1959 ἐκκλησίᾳ.
3630 1889 3733 1942 Τοῦ
3756 1889 3821 1941 δι

2249 1989 2475 2046 κανόνος
2516 1986 2643 2055 περὶ
2682 1988 2957 2054 ἀκινήτων
3010 1984 3488 2051 διαλαμϐάνοντος,
3546 1982 3822 2050 ἐρωτήσει

2249 2094 2353 2138 τις.
2386 2076 2478 2128 ἐὰν
2506 2076 2565 2127 τὸ
2595 2076 2725 2127 αὐτὸ
2747 2076 2953 2143 ὀφείλει
2976 2077 3201 2144 κρατεῖν
3236 2074 3329 2126 καὶ
3375 2073 3469 2125 ἐπὶ
3516 2073 3624 2123 τῶν
3658 2087 3822 2138 κινη-

2249 2169 2354 2221 τῶν
2375 2184 2391 2234 ;
2416 2168 2523 2221 Kal.
2540 2163 2689 2236 οἶμαι
2718 2166 2798 2219 ὅτι
2823 2168 2883 2219 τδ
2903 2166 3034 2220 αὐτὸ
3056 2166 3149 2217 καὶ
3180 2164 3271 2217 ἐπὶ
3298 2164 3504 2225 τούτοις
3529 2162 3822 2232 γενήσεται

2250 2261 2335 2313 διὰ
2366 2260 2423 2312 τδ
2458 2260 2725 2329 μηδεμίαν
2750 2253 2889 2311 εἶναι
2924 2256 3189 2326 διαφορὰν
3235 2255 3473 2323 κινητῶν
3504 2253 3597 2305 καὶ
3623 2252 3822 2320 ἀκινήο

2258 2369 2367 2403 των
2392 2351 2513 2402 ὅσον
2540 2350 2618 2408 είς
2644 2348 2739 2417 τὴν
2774 2347 3081 2409 ἐπίκτησιν.
3117 2346 3333 2414 κυρίως
3378 2345 3435 2398 δέ
3466 2341 3641 2405 εἶπεν,
3694 2342 3823 2396 ἀντὶ

2252 2439 2343 2492 τοῦ
2376 2441 2423 2491 εί
2454 2439 2512 2504 ἐξ
2536 2437 2693 2507 ὀρθοῦ
2731 2436 2878 2506 αὒτῷ
2900 2435 3255 2505 καταλειφθῇ·
3287 2436 3407 2487 ἐπεὶ
3436 2433 3606 2487 πολλὰ
3650 2450 3823 2487 κατα-

2251 2531 2604 2600 λιμπάνονταί
2622 2546 2783 2594 τισιν,
2809 2528 2949 2581 ῶστε
2973 2528 3111 2580 αὐτὰ
3135 2527 3338 2595 ἐτέροις
3363 2524 3822 2593 ἀποκαταστῆσαι

2252 2624 2285 2695 ἢ
2314 2622 2585 2675 ἀναλῶσαι
2616 2620 2971 2689 ὁπουδήποτε.
3019 2618 3116 2670 Ἐκ
3156 2617 3263 2669 τῶν
3295 2616 3552 2669 τοιούτων
3582 2614 3671 2667 οὖν
3715 2614 3829 2665 οὐκ

2253 2711 2566 2766 άπαιτεῖται
2597 2710 2902 2779 ἀφιερῶσαί
2926 2726 2977 2761 τι
3010 2712 3076 2777 τῇ
3113 2708 3402 2775 ἐκκλησίᾳ,
3428 2705 3542 2758 ἀλλ’
3587 2707 3652 2757 ἐκ
3709 2703 3824 2756 τῶν

2254 2802 2477 2870 κυρίως,
2514 2802 2631 2871 ἦτοι
2680 2800 2885 2861 ίδικῶς,
2922 2797 3069 2866 αὑτῷ
3125 2795 3665 2864 καταλελειμμὲνων,
3719 2792 3824 2846 καὶ

2252 2888 2325 2945 ὢν
2357 2892 2543 2959 κύριός
2574 2893 2723 2943 ἐστιν
2753 2891 2979 2951 ἐκεῖνος.
3023 2887 3339 2957 Σημείωσαι
3370 2881 3465 2939 οὖν
3497 2884 3588 2936 τὸν
3615 2884 3819 2936 κανόνα.

2254 2982 2343 3035 τὸν
2364 2982 2588 3049 λέγοντα
2619 2981 2700 3034 ὅτι
2746 2980 2806 3044 ἐξ
2832 2981 3077 3047 ἀνάγκης
3134 2979 3444 3047 ὀφείλουσιν
3478 2977 3527 3028 οἱ
3563 2974 3824 3040 κληρικοὶ

2256 3071 2348 3123 καὶ
2370 3073 2420 3123 οί
2453 3072 2742 3123 ἐπίσκοποι
2774 3068 3211 3137 καταλιμπάνειν
3274 3069 3392 3128 ταῖς
3444 3064 3565 3118 κατ’
3617 3064 3829 3133 αὐτοὺς

2253 3162 2569 3232 ἐκκλησίαις
2607 3163 2769 3231 μέρος
2793 3178 2870 3224 τι,
2895 3161 2955 3213 τὸ
2982 3160 3170 3213 δοκοῦν
3206 3160 3412 3221 αὐτοῖς,
3452 3158 3558 3211 ἀπὸ
3594 3157 3701 3209 τῶν
3724 3174 3834 3209 κυ·

592 3243 723 3311 ρίως
750 3244 1110 3314 διαφερόντων
1134 3246 1363 3311 τούτοις,
1398 3250 1611 3311 πάντως
1677 3250 1733 3302 δέ
1757 3250 1815 3303 ἐν
1885 3252 2006 3313 ταῖς
2062 3250 2399 3315 τελευταίαις
2456 3254 2791 3314 ἀναπνοαῖς⁸
2840 3250 3154 3314 καὶτοῦτο,
3207 3246 3344 3303 οἷοιν
3390 3248 3457 3302 ἂν
3520 3250 3617 3302 καὶ
3695 3249 3831 3300 ὅσον

591 3338 755 3397 ἐστὶν,
791 3338 890 3392 οὐκ
923 3339 1436 3410 ἀποπεμφθήσεται.

661 3428 908 3485 ZONAR.
982 3430 1038 3486 Si
1094 3436 1182 3501 qui
1244 3436 1531 3504 homines,
1576 3452 1695 3492 cum
1755 3440 1828 3493 rei
1876 3436 2155 3495 familiaris

595 3522 773 3589 inopia
833 3523 1159 3590 laborarent,
1210 3528 1273 3578 ad
1320 3528 1687 3598 episcopatum
1740 3532 1911 3585 evecti
1962 3540 2055 3584 aut
2102 3532 2153 3586 in

594 3614 797 3667 elerum
839 3614 1070 3681 cooptati
1117 3625 1260 3681 sunt,
1302 3619 1492 3672 deinde
1524 3634 1649 3673 vero
1676 3620 1874 3674 divitiis
1919 3620 2156 3684 aﬂluant,

594 3722 860 3776 agrosque
900 3718 991 3760 aut
1028 3710 1247 3777 pradia,
1278 3719 1555 3775 postquam
1586 3712 1821 3778 episeOpi
1856 3722 1947 3765 aut
1976 3712 2154 3767 clerici

597 3807 751 3863 sunt,
790 3800 1003 3867 proprio
1039 3801 1252 3853 nomine
1286 3800 1540 3854 emercati
1582 3802 2054 3872 possideantailla
2090 3820 2152 3859 ex

597 3890 747 3944 bonis
784 3890 1021 3944 ecclesia
1046 3891 1322 3958 quasiisse
1356 3900 1661 3955 censentur,
1694 3907 1755 3944 ac
1789 3892 1889 3946 nisi
1919 3894 2156 3949 ecclesia

597 3982 1053 4044 consecraverint,
1112 3982 1433 4045 Dominicas,
1483 3982 1582 4035 hoc
1632 3991 1735 4045 eSt,
1792 3982 1899 4036 Deo
1950 3985 2153 4039 dicatas

601 4072 993 4137 possessiones,
1042 4074 1326 4140 diripuisse
1378 4072 1779 4141 iudicabuntur.
1833 4076 1887 4128 id
1933 4092 2162 4148 namque

602 4162 687 4214 illa
720 4162 1059 4231 significant:
1097 4174 1344 4229 tanquam
1384 4164 1470 4229 qui
1516 4164 1787 4217 Dominica
1826 4167 1963 4219 bona
2008 4168 2161 4219 inva-

601 4254 788 4306 serint.
822 4254 1051 4307 Proinde
1084 4254 1328 4307 civilibus
1353 4270 1563 4322 quoque
1590 4256 1792 4321 legibus
1822 4269 2033 4310 cautum
2057 4268 2159 4321 cst,

600 4356 655 4395 ut
680 4346 935 4412 episcopi,
964 4359 1080 4397 cum
1112 4346 1338 4412 e|?gcndi
1369 4357 1510 4407 sunt,
1544 4348 1667 4413 quid
1702 4349 1750 4398 in
1781 4348 2011 4415 ipsorum
2040 4364 2163 4417 pos-

2330 3437 2571 3492 ΖΩΝΑΡ.
2616 3435 2741 3489 Ἐάν
2770 3434 2967 3504 ἄποροί
2994 3450 3136 3494 τινες
3166 3431 3429 3499 γένωνται
3463 3427 3757 3482 ἐπίσκοποι
3784 3425 3822 3494 ἢ

2263 3528 2535 3598 κληρικοὶ,
2574 3524 2693 3581 εἶτα
2715 3528 3079 3596 εὐπορήσωσι,
3132 3527 3223 3577 καὶ
3280 3525 3607 3591 κτήσωνται,
3644 3522 3699 3572 ἐν
3742 3518 3832 3587 τῷ

2263 3616 2402 3673 εἶναι
2428 3620 2715 3670 ἐπίσκοποι
2764 3618 2793 3685 ἠ
2828 3617 3101 3683 κληρικοὶ,
3132 3615 3332 3683 ἀγροὺς
3360 3613 3391 3678 ἦ
3450 3611 3647 3681 χωρία,
3679 3609 3830 3676 ὠνηο

2266 3711 2487 3779 σάμενοι
2530 3708 2667 3763 αὐτὰ
2704 3710 2783 3769 είς
2821 3708 2993 3771 ὄνομα
3018 3708 3239 3765 οἰκεῖον,
3272 3702 3520 3756 δοκοῦσιν
3548 3705 3610 3754 ἐκ
3642 3718 3829 3770 πραγ-

2268 3803 2449 3871 μάτων
2480 3804 2575 3869 τῆς
2608 3798 2900 3867 ἐκκλησίας
2922 3796 3095 3850 ταῦτα
3137 3795 3473 3865 κτήσασθαι,
3512 3794 3606 3846 καὶ
3650 3792 3833 3860 ἔνοχοί

2264 3894 2425 3955 εἰσιν,
2461 3891 2648 3959 ὥσπερ
2711 3892 2757 3941 εί
2808 3886 3109 3940 δεσποτικὰ
3145 3886 3469 3955 πράγματα,
3527 3886 3695 3952 ἠγουν
3726 3900 3832 3935 κυ-

2267 3986 2451 4052 ριακά,
2481 3984 2813 4051 διηρπάκασι
2834 3980 3011 4050 (τοῦτο
3024 3982 3132 4047 γὰρ
3156 3978 3377 4045 ἐνέφηνε
3397 3976 3481 4028 διὰ
3503 3974 3595 4027 τοῦ
3626 3975 3830 4039 εἰπεῖν,

2262 4071 2338 4132 ὡς
2385 4071 2572 4137 ἔφοδον
2599 4067 3007 4135 πεποιηκότες),
3045 4068 3093 4116 εί
3144 4066 3219 4135 μὴ
3258 4067 3322 4133 τῇ
3354 4062 3619 4131 ἐκκλησίᾳ
3652 4060 3834 4113 ταῦτα

2265 4161 2683 4231 ἀφιερώσουσιν.
2727 4159 2815 4211 Διὸ
2843 4139 2936 4211 κατι
2964 4160 3013 4210 οἱ
3041 4158 3195 4226 νόμοι
3215 4158 3311 4224 τῆς
3344 4155 3623 4216 πολιτείας
3654 4156 3831 4205 άπαι-

2263 4255 2413 4306 τοῦσι
2444 4259 2571 4315 τοὺς
2603 4252 2956 4313 ἐπισκόπους,
2977 4250 3065 4301 ὅτε
3096 4248 3349 4318 μέλλουσι
3376 4245 3829 4315 χειροτονεῖσθαι,

2263 4345 2475 4413 φανερά
2504 4347 2677 4396 ποιεῖν
2707 4344 2739 4395 ἃ
2781 4342 3094 4409 κέκτηνται,
3142 4341 3226 4392 ἵνα
3281 4339 3476 4408 ἔχωσιν
3507 4338 3710 4394 ἄδειαν,
3745 4330 3833 4398 οἷς

601 4434 928 4487 scssionibus
948 4435 1017 4485 sit
1047 4442 1293 4486 testatum
1326 4432 1552 4497 faciant;
1584 4444 1639 4485 ut
1670 4435 1807 4495 illas,
1833 4436 2153 4503 quibuscum-

2270 4437 2568 4506 βούλονται,
2604 4435 2853 4503 νομίμως
2874 4433 3052 4485 ταῦτα
3083 4430 3539 4499 καταλιμπάνειν.
3575 4430 3684 4482 Καὶ
3720 4432 3752 4481 ό
3774 4427 3831 4496 μ’

600 4540 703 4592 quc
734 4524 1025 4578 collibitum
1070 4522 1249 4583 fuerit,
1290 4537 1353 4575 ex
1403 4524 1576 4592 legum
1631 4528 1946 4594 praescripto
1994 4528 2157 4579 relin—

603 4632 767 4681 quere
817 4616 993 4669 liceat.
1035 4615 1489 4682 Quadragesimus
1526 4631 1652 4669 vero
1686 4628 1991 4671 sanctorum
2029 4633 2160 4685 apo—

602 4706 853 4760 stolornm
882 4720 1073 4770 canant,
1103 4705 1236 4758 Nota
1269 4706 1393 4768 sint,
1442 4704 1634 4773 inquit.
1673 4708 1886 4775 propria
1926 4709 2158 4777 episcopi

605 4802 767 4860 loua,
811 4800 854 4853 si
903 4799 1115 4866 quidem
1164 4796 1375 4864 propria
1431 4812 1641 4863 quoque
1686 4798 1878 4861 habet;
1929 4811 2160 4870 notaque

605 4894 730 4943 item
768 4890 1039 4943 Dontinica
1087 4889 1193 4941 sint
1243 4900 1296 4943 et
1329 4904 1446 4956 qua
1490 4900 1802 4958 sequuntur.
1839 4892 1979 4946 Idem
2017 4896 2161 4947 vice-

606 4984 743 5034 simo
786 4994 999 5049 quarto,
1057 4995 1264 5047 quoque
1315 4980 1658 5035 Antiochense
1713 4987 1899 5051 synodi
1956 4999 2163 5037 canone

608 5082 822 5126 cautum
854 5083 955 5126 est.
994 5072 1143 5137 Quod
1180 5074 1221 5126 si
1258 5074 1509 5141 episcopo
1555 5073 1806 5141 cuiquam
1842 5085 1928 5127 aut
1964 5076 2163 5130 clerico

610 5166 810 5232 aliquid
840 5166 1065 5233 alicujus
1105 5165 1419 5218 liberalitate
1466 5165 1564 5229 ipsi
1608 5167 1823 5235 pmprie
1866 5168 2161 5231 addictum,

610 5256 839 5323 legatum
868 5256 1065 5323 quippe
1106 5266 1197 5307 aut
1234 5256 1449 5308 donatio
1483 5265 1572 5308 aut
1603 5266 1824 5323 cognata
1854 5258 2160 5322 limreditas,

609 5346 903 5409 obvenerit,
939 5361 999 5399 ex
1051 5362 1114 5399 eo
1158 5362 1370 5415 quoque
1428 5348 1663 5401 ecclesia
1700 5357 1902 5417 partem
1943 5365 2039 5417 pro
2068 5365 2164 5403 suo

612 5438 830 5489 arbitrio
866 5438 1224 5491 consecrabit.
1263 5438 1483 5506 Pmpric
1521 5454 1647 5491 vero
1690 5440 1821 5490 dixit
1866 5440 2161 5502 addictum,

614 5526 713 5580 hoc
760 5537 861 5591 est,
906 5528 1046 5596 quod
1080 5528 1280 5581 homini
1332 5545 1396 5582 ex
1432 5530 1633 5581 directo
1674 5528 1835 5583 fuerit
1878 5531 2163 5592 relictum;

611 5618 863 5683 quoniam
900 5617 1063 5671 multa
1097 5618 1365 5685 aliquibus
1396 5621 1783 5689 relinquuntur,
1812 5631 1868 5673 ut
1904 5621 2023 5673 aliis
2057 5631 2163 5672 tra-

611 5710 773 5771 dant,
836 5722 925 5763 aut
980 5710 1032 5762 iu
1087 5710 1419 5779 captivorum
1481 5727 1534 5765 re
1560 5714 1919 5781 lettxptitttiett',
1975 5723 2061 5765 aut
2115 5714 2163 5765 in

2262 4530 2317 4583 δὲ
2355 4528 2534 4581 κανὼν
2551 4526 2659 4579 τῶν
2690 4527 2861 4591 ἁγίων
2909 4526 3242 4587 ἀποστόλων,
3284 4523 3485 4583 Ἔστω,
3521 4521 3676 4590 φησι,
3722 4537 3835 4588 φα·

2264 4622 2396 4690 νερὰ
2441 4619 2509 4671 τὰ
2574 4619 2679 4670 [δία
2710 4617 2801 4671 τοῦ
2843 4617 3142 4669 ἐπισκόπου
3193 4615 3510 4683 πράγματα,
3570 4614 3683 4679 εῐγε
3734 4613 3835 4664 καὶ

2269 4714 2379 4764 [δια
2408 4712 2544 4779 ἔχει,
2578 4711 2671 4761 καὶ
2692 4710 2903 4779 φανερὰ
2933 4707 3000 4759 τὰ
3026 4706 3287 4775 κυριακὰ,
3322 4706 3413 4757 καὶ
3442 4705 3507 4756 τά
3540 4704 3683 4771 ἑξῆς.
3717 4703 3831 4756 Καὶ

2264 4808 2290 4857 ὁ
2322 4806 2416 4871 τῆς
2448 4804 2504 4855 ἐν
2550 4800 2852 4870 Ἀντιοχείᾳ
2886 4796 2962 4851 κδ’
2991 4797 3171 4851 κανὼν
3223 4798 3351 4863 περὶ
3388 4796 3579 4848 τούτου
3630 4797 3833 4860 θεσμο-

2267 4896 2431 4946 θετεί.
2484 4894 2609 4946 Ἐὰν
2656 4892 2709 4943 δὲ
2760 4893 2851 4944 καὶ
2884 4890 3167 4955 ἐπισκόπῳ
3198 4887 3309 4939 sm
3344 4887 3451 4936 τινὶ
3486 4886 3518 4955 ἢ
3578 4883 3833 4952 κληρικῷ

2268 4983 2525 5055 περιέλθῃ
2559 4981 2763 5047 κυρίως
2804 4980 3084 5047 φιλοτιμία
3132 4979 3295 5040 τινος,
3346 4972 3460 5028 οἷον
3506 4976 3740 5043 ληγᾶτον
3794 4973 3829 5041 ἢ

2265 5078 2443 5147 δωρεὰ
2478 5076 2508 5144 ἢ
2542 5073 2877 5141 κληρονομία
2926 5072 3247 5137 συγγενικὴ,
3303 5067 3405 5128 δεῖ,
3451 5069 3604 5134 φησι,
3635 5067 3727 5117 καὶ
3771 5063 3834 5128 ἐξ

2266 5168 2429 5221 αὐτοῦ
2460 5165 2765 5236 ἀφιερῶσαι
2808 5166 2872 5231 τῇ
2902 5161 3168 5231 ἐκκλησίᾳ
3222 5161 3387 5228 μέρος
3424 5158 3563 5210 κατὰ
3624 5158 3718 5225 τὴν
3752 5158 3835 5206 οἱ·-

2269 5257 2420 5309 κείαν
2453 5255 2793 5322 προαίρεσιν.
2861 5252 3081 5318 κυρίως
3132 5250 3187 5301 δὲ
3246 5245 3419 5310 εἶπεν,
3467 5250 3588 5300 ἀντὶ
3618 5247 3709 5301 τοῦ
3769 5248 3832 5313 ἐξ

2266 5347 2428 5419 ὀρθοῦ
2471 5347 2620 5414 αὖτῷ
2649 5342 3011 5411 καταλειφθῇ,
3046 5342 3165 5392 ἐπεὶ
3229 5341 3399 5392 πολλὰ
3450 5340 3833 5407 καταλιμπάν-

2270 5438 2420 5487 ονταί
2454 5452 2612 5495 τισιν,
2651 5431 2791 5483 ῶστε
2842 5433 2981 5486 αὐτὰ
3040 5432 3246 5499 ἑτέροις
3277 5434 3747 5497 ἀποκαταστῆναι,
3795 5431 3831 5499 ἦ

2270 5525 2543 5580 ἀναλῶσαι
2583 5524 2723 5575 αὐτὰ.
2759 5525 2836 5583 εἰς
2878 5520 3243 5589 αἰχμαλώτων
3293 5520 3647 5590 ἀναρρύσεις,
3683 5520 3715 5589 ἢ
3748 5521 3831 5583 είς

2268 5617 2555 5681 οἰκοδομὰς
2589 5616 2750 5666 οἴκων
2772 5614 2958 5683 ἱερῶν,
2991 5612 3086 5665 καὶ
3109 5612 3187 5673 είς
3218 5611 3382 5671 ἄλλας
3410 5611 3587 5671 αἰτίας
3612 5611 3831 5677 ὁμοίας.

2285 5710 2377 5762 Ἐκ
2419 5710 2521 5762 τῶν
2551 5709 2805 5760 τοιούτων
2854 5701 2944 5759 οὖν
2976 5706 3071 5758 οὐκ
3123 5705 3436 5758 ἁπαιτεῖται
3471 5702 3733 5770 ἀφιεροῦν
3778 5720 3836 5757 τι
