4148 6464
280 346 383 411 149

1299 343 1378 402 IN
1417 341 1578 402 CAN.
1615 335 1846 397 XXXVI
1887 335 2094 400 CONC.
2136 337 2512 400 CARTHAG.

3379 319 3479 384 150

274 464 342 525 τῇ
377 458 666 528 ἐκκλησίᾳ,
725 459 856 511 ἀλλὰ
903 459 965 510 ἐκ
1017 459 1124 509 τῶν
1177 453 1400 523 κυρίως,
1458 457 1575 524 ἦτοι
1628 452 1828 514 Ξδικῶς,
1861 451 1909 510 Α

1861 451 1909 510 Α
1936 469 2212 510 sacrarum
2261 458 2450 511 mdium
2489 453 2920 514 adificationetn,
2965 455 3058 501 aut
3089 447 3139 499 in
3184 445 3316 497 alios
3348 443 3485 506 ejus-

280 548 433 616 αὑτῷ
488 549 1021 615 καταλελειμμένων,
1087 549 1181 598 καὶ
1244 542 1319 600 ών
1385 547 1571 613 κύριος
1631 543 1833 604 ἐκεῖνός

277 641 451 692 ἐστιν.
499 641 559 691 Εἰ
592 641 648 692 δὲ
693 640 982 706 προέθεντο
1019 641 1111 690 καὶ
1161 639 1458 707 ὑπέσχοντο
1489 635 1651 704 μέρος
1682 636 1834 700 ἀφιε-

285 731 463 799 ρώσαι
500 732 564 798 τῇ
597 729 881 800 ἐκκλησίᾳ,
924 726 1040 782 εἶτα
1090 729 1529 798 μετετράπησαν,
1562 723 1680 776 ἀντὶ
1739 723 1832 776 τοῦ

280 823 722 890 μετεϐλήθησαν,
752 821 962 886 ἀνάξιοι
997 821 1351 891 κριθήσονται
1387 812 1533 870 οὗτοι
1563 814 1660 883 τῆς
1689 815 1836 883 ἱερα-

274 917 436 984 τικῆς
467 916 652 985 τιμῆς.

278 1183 505 1237 ΑΡΙΣΤ.
545 1202 564 1235 ι
617 1184 677 1238 Ὀ
721 1184 857 1252 μετὰ
889 1184 950 1236 τὸ
1000 1183 1270 1253 προκόψαι
1311 1181 1478 1251 ἀγρὸν
1537 1177 1835 1245 ἐξωνούμε-

353 1294 370 1321 ι
412 1292 523 1337 νος,
570 1275 723 1327 οὐδὲν
786 1275 944 1341 ἔχων,
1010 1277 1142 1327 ἴστω
1193 1277 1258 1344 τῇ
1329 1271 1593 1340 ἐκκλησίᾳ
1651 1268 1837 1320 τοῦτον

353 1384 371 1415 ι
421 1368 746 1435 προσάγειν,
805 1368 852 1418 εί
910 1367 982 1436 μὴ
1039 1368 1102 1419 ὲκ
1152 1365 1398 1434 διαδοχῆς
1452 1357 1834 1429 συγγενείαςῆ

351 1479 370 1509 σ
418 1459 667 1527 καθαρᾶς
703 1460 1010 1529 φιλοτιμίας
1035 1459 1206 1526 τούτῳ
1225 1455 1594 1527 περιελήλυθε.
1634 1475 1652 1507 ι

352 1552 417 1602 Ol
454 1551 559 1616 πρὸ
592 1551 692 1616 τῆς
717 1551 1019 1619 ἐπισκοπῆς
1055 1548 1126 1618 μὴ
1152 1548 1364 1615 ἔχοντες
1379 1548 1484 1600 rem
1515 1547 1833 1616 πράγματα,

274 1639 310 1705 ἦ
345 1642 440 1691 καὶ
480 1639 529 1691 οἱ
574 1639 850 1708 κληρικοὶ,
884 1640 930 1691 οί
980 1639 1085 1708 πρὸ
1142 1637 1236 1688 τοῦ
1289 1636 1639 1706 κληρωθῆναι
1687 1638 1838 1700 ὄντες

275 1731 631 1791 πενέστατοι,
673 1731 766 1783 ἐὰν
802 1730 938 1798 μετά
993 1729 1054 1782 τὸ
1121 1730 1392 1798 προκόψαι
1437 1730 1666 1798 ἀκίνητά
1713 1745 1834 1781 τινα

278 1822 686 1885 ὲξωνήσωνται,
718 1821 785 1890 τῇ
817 1819 1080 1892 ἐκκλησίᾳ
1117 1820 1290 1873 ταῦτα
1328 1820 1711 1889 προσάξουσιν.
1759 1817 1834 1880 ώς

273 1913 342 1962 ὲκ
373 1911 482 1962 τῶν
507 1911 784 1979 προσόδων
831 1910 999 1976 αὐτῆς
1060 1911 1236 1964 ταῦτα
1295 1909 1744 1978 ἐπικτησάμενοιο
1787 1909 1835 1960 εἰ

278 2002 356 2066 μή
393 2015 495 2049 που
528 1999 636 2052 ἀπὸ
687 1999 1048 2068 κληρονομίας
1097 1997 1267 2067 ἢάπό
1299 2013 1442 2058 τινος
1493 1995 1720 2062 δωρεᾶς,
1769 1995 1835 2061 τῇ

271 2089 513 2158 ἀὶηθεὶᾳ
551 2090 686 2156 πρδς
707 2092 907 2152 αὐτοὺς
967 2089 1288 2158 γενομένης.
1343 2086 1627 2139 φαίνονται
1670 2083 1838 2136 ταῦτα

276 2179 592 2246 περιελθεῖν
614 2181 692 2241 είς
712 2180 929 2242 αὐτούς.

841 2272 1077 2326 κΑΝοΝ
1112 2270 1247 2336 Aa".

281 2379 299 2410 ι
350 2361 509 2412 Ὥστε
548 2363 948 2431 πρεσϐυτέρους
1007 2364 1236 2431 πρᾶγμα
1269 2361 1368 2430 τῆς
1417 2361 1733 2428 ἐκκλησίας.
1782 2360 1839 2412 ἓν

363 2471 381 2500 ι
493 2453 896 2522 καθιεροῦνται,
932 2453 1004 2521 μὴ
1035 2453 1388 2522 πιπράσκειν,
1433 2450 1528 2504 καὶ
1557 2449 1695 2502 ὥστε
1733 2466 1839 2517 μη-

356 2561 374 2592 c
411 2543 521 2595 δενὶ
545 2546 827 2615 έπισκόπῳ
848 2545 1043 2609 ἐξεῖναι
1071 2544 1361 2614 πράγματι
1389 2542 1838 2612 καταχρήσασθαι

356 2653 373 2683 ι
418 2636 479 2686 ἐκ
511 2633 602 2686 τοῦ
661 2636 837 2688 τίτλου
874 2637 968 2704 τῆς
1020 2633 1487 2705 ἔκκλησιαστικῆς
1551 2635 1833 2702 μάτρικος.

359 2743 376 2772 ε
428 2725 662 2794 Ὁμοίως
683 2727 898 2796 ῆρεσεν,
930 2726 1069 2780 ὥστε
1102 2727 1225 2789 τοὺς
1257 2725 1662 2796 πρεσϐυτέρους
1685 2724 1838 2794 παρὰ

349 2832 371 2864 σ
412 2814 639 2885 γνώμην
664 2817 770 2868 τῶν
823 2818 965 2870 ίδίων
1012 2817 1192 2870 αὐτῶν
1249 2817 1562 2870 ἐπισκόπων
1609 2817 1836 2884 πρᾶγμα

359 2921 378 2954 ο
419 2904 493 2973 μὴ
528 2905 862 2976 π;πράσκειν
885 2907 984 2975 τῆς
1015 2907 1333 2976 ἐκκλησίας,
1376 2908 1433 2959 ἐν
1524 2905 1839 2976 καθιεροῦν-

358 3014 377 3044 ι
413 3012 522 3049 ται·
568 2997 630 3048 ὃν
662 2999 864 3065 τρόπον
892 2999 984 3050 καὶ
1015 3002 1125 3061 τοῖς
1148 2999 1469 3061 ἐπισκόποις
1509 2999 1610 3051 οὐκ
1658 2999 1835 3063 ἔξεστι

343 3106 374 3138 4
417 3090 752 3159 πιπράσκειν
812 3090 985 3160 χωρία
1023 3090 1121 3156 τῆς
1167 3091 1482 3160 ἐκκλησίας,
1533 3091 1834 3156 ἀγνοούσης
1862 3109 1902 3165 c

354 3197 371 3226 ι
409 3178 507 3247 τῆς
548 3179 793 3243 συνόδου,
840 3181 872 3249 ἢ
923 3181 1028 3234 τῶν
1090 3180 1234 3234 ίδίων
1283 3179 1687 3250 πρεσϐυτέρων.
1744 3179 1833 3250 Mi}

353 3289 371 3320 ι
409 3269 578 3340 οὔσης
609 3273 792 3324 τοίνυν
818 3274 1086 3342 ἀνάγκης,
1128 3273 1262 3341 μηδὲ
1296 3273 1581 3338 έπισκόπῳ
1636 3273 1834 3336 ἐξεῖναι

361 3384 378 3411 ι
421 3363 870 3431 καταχρήσασθαι
925 3364 1210 3433 πράγματι
1241 3361 1303 3416 ὲκ
1365 3363 1457 3416 τοῦ
1516 3363 1694 3416 τίτλου
1737 3365 1835 3434 τῆς

353 3471 372 3502 ι
415 3452 882 3520 έκκλησιαστικῆς
911 3454 1194 3522 μάτρικος.
1225 3472 1242 3504 ι

354 3542 552 3593 ΒΑΛΣ.
613 3542 700 3603 Ὧς
750 3541 944 3607 ἔοικεν,
989 3543 1153 3612 ίερεῖς
1189 3560 1330 3605 τινες
1365 3543 1607 3597 ἐπώλουν
1638 3545 1833 3613 ἐκκλη-

279 3629 542 3682 σιαστικά
595 3629 898 3698 πράγματα
953 3631 1106 3701 παρὰ
1163 3632 1388 3700 γνώμην
1447 3632 1553 3684 τῶν
1618 3633 1832 3687 οἰκείων

273 3722 616 3772 ἐπισκόπων,
682 3721 840 3773 Ἀλλὰ
875 3720 980 3790 μὴν
1014 3723 1105 3772 καὶ
1155 3721 1442 3774 ἐπίσκοποι
1494 3721 1835 3790 ἐπίπρασκον

274 3810 458 3879 χωρία
482 3810 590 3863 τῶν
623 3811 928 3879 ἐκκλησιῶν
964 3811 1142 3863 αὐτῶν
1165 3812 1311 3879 παρὰ
1343 3813 1566 3881 γνώμην
1595 3813 1692 3882 τῆς
1713 3813 1833 3866 κατ’

273 3901 477 3960 αὐτοὺς
529 3901 769 3958 συνόδου.
835 3901 866 3970 ἧ
926 3901 1161 3954 καὶτῶν
1223 3902 1368 3954 ἰδίων
1428 3901 1831 3971 πρεσϐυτέρων.

273 3991 448 4058 τίθησιν
479 3989 572 4043 οὖν
595 3992 622 4042 ό
654 3990 834 4042 κανὼν
861 3991 1059 4060 μηκέτι
1105 3990 1260 4042 τοῦτο
1289 3989 1554 4056 γίνεσθαι,
1585 3991 1716 4043 ἀλλὰ
1741 3993 1834 4046 καὶ

271 4086 360 4135 ὅτε
389 4084 679 4150 πρόκειται
697 4082 907 4150 ἀνάγκη
925 4082 1149 4149 ποιῆσαι
1175 4082 1414 4135 τοιοῦτόν
1439 4100 1490 4134 τι
1516 4082 1831 4149 ἐπίσκοπον,

280 4177 420 4242 μετὰ
449 4176 810 4236 συναινέσεως
835 4177 935 4244 τῆς
967 4175 1085 4226 κατ’
1114 4175 1275 4227 αὐτὸν
1305 4175 1521 4227 συνόδου
1578 4178 1673 4229 καὶ
1725 4177 1834 4229 τών

275 4268 428 4318 ἰδίων
463 4265 850 4332 πρεσϐυτέρων
880 4265 1036 4316 τοῦτο
1072 4268 1264 4316 ποιεῖν’
1297 4264 1470 4326 ἄλλως
1521 4265 1577 4318 δέ
1618 4284 1730 4325 πως
1760 4267 1834 4337 μὴ

267 4363 418 4426 ἔχειν
480 4357 568 4408 ἐπ’
608 4355 789 4418 ἀδείας
840 4357 1002 4409 αὐτὸν
1048 4357 1494 4426 καταχρήσασθαι
1549 4358 1830 4426 πράγματι

1937 552 2078 605 modi
2117 568 2241 606 usus
2277 553 2565 607 iusutnant.
2597 547 2738 602 Nihil
2786 561 2912 612 ergo
2946 559 3010 597 ex
3051 536 3354 609 huiusmodi
3399 551 3484 586 re-

1936 644 2052 707 bus,
2089 645 2180 696 sed
2215 657 2275 696 ex
2322 642 2387 695 iis
2418 649 2644 701 tantum,
2689 653 2808 707 quae
2853 636 2950 704 ipsi
2985 631 3201 704 proprie
3232 643 3292 681 ac
3324 641 3482 696 pecu-

1935 733 2136 788 liariter
2169 745 2294 789 sunt
2336 733 2554 795 relictze,
2599 743 2934 798 quarumque
2968 728 3080 793 ipse
3111 721 3354 776 dominus
3379 725 3482 776 est,

1935 824 2175 879 ecclesiae
2227 837 2544 878 consecrare
2591 819 2899 874 necessario
2955 825 3190 884 cogetur.
3244 810 3391 877 Quod
3440 807 3482 859 si

1936 916 2043 982 (1³³⁵,
2098 925 2245 984 parte
2295 915 2472 982 aliqua
2525 913 2634 981 jam
2683 909 2920 965 ecclesia:
2965 907 3252 967 destinata,
3302 907 3481 968 postea

1938 1017 2082 1062 retro
2116 1005 2356 1062 conversi
2386 1015 2531 1064 sunt.
2567 1002 2668 1057 hoc
2694 1012 2796 1064 est,
2829 998 3148 1052 sententiam
3193 997 3483 1052 mutarunt,

1936 1097 2214 1152 sacerdotii
2245 1099 2446 1150 honore
2474 1093 2672 1162 indigni
2694 1105 2815 1145 esse
2848 1086 3239 1156 iudicabuntur.

1936 1188 2158 1242 ARIST.
2208 1206 2226 1238 ι
2282 1187 2380 1252 Qui
2445 1195 2563 1254 post
2613 1181 3027 1253 promotionem,
3079 1175 3206 1230 nihil
3263 1173 3483 1234 habens,

2018 1300 2035 1333 ι
2076 1295 2259 1347 agrum
2285 1279 2494 1340 emerit,
2522 1277 2574 1329 in
2611 1275 2890 1328 ecclesiam
2926 1287 3046 1325 eum
3092 1269 3354 1328 conferat,
3387 1264 3484 1316 nisi

2014 1394 2033 1426 ‹
2071 1373 2411 1428 successione
2442 1368 2774 1438 cognationis
2804 1375 2893 1419 aut
2924 1377 3051 1432 pura
3084 1360 3405 1415 liberalitate
3435 1353 3484 1408 ei

2013 1479 2031 1509 ι
2066 1460 2363 1514 obvenerit.
2404 1477 2422 1510 ι

2008 1551 2107 1618 Qui
2150 1559 2274 1604 ante
2299 1550 2661 1619 episcopatum
2701 1546 2912 1615 propria
2952 1558 3052 1597 non
3087 1541 3281 1595 habent
3326 1540 3484 1600 bona,

1938 1640 2019 1694 vel
2053 1640 2213 1692 etiarn
2256 1637 2459 1701 clerici,
2491 1637 2578 1704 qui
2623 1645 2903 1702 antequam
2936 1632 2988 1684 in
3021 1630 3218 1684 clerum
3251 1626 3482 1692 cooptati

1940 1731 2156 1792 fuerint,
2207 1729 2525 1796 pauperrimi
2578 1734 2770 1789 erant;
2827 1723 2870 1776 si
2925 1730 3202 1790 postquam
3257 1715 3480 1785 promoti

1938 1831 2082 1884 sunt,
2115 1819 2406 1873 immobilia
2451 1818 2626 1881 aliqua
2668 1814 2955 1870 redimant.
2992 1823 3050 1864 ea
3101 1811 3166 1863 ad
3207 1806 3482 1862 ecclesiam

1938 1912 2182 1972 aﬂ‘erent,
2215 1920 2271 1964 ut
2309 1909 2396 1978 qui
2443 1923 2506 1961 ex
2554 1907 2693 1959 illius
2739 1904 2998 1959 reditibus
3033 1901 3218 1956 eadem
3257 1897 3486 1966 acquisi-

1941 2002 2138 2054 vissent
2177 2017 2190 2054 ε
2225 2001 2326 2056 ιιῖεί
2375 2001 2511 2054 forte
2559 2000 2624 2051 ab
2672 1996 3001 2057 haereditate,
3039 2001 3134 2046 aut
3169 1991 3235 2044 ab
3266 1989 3487 2057 alicujus

1940 2095 2246 2153 donatione,
2299 2108 2421 2147 vere
2474 2093 2539 2145 ad
2587 2091 2729 2159 ipsos
2774 2089 2934 2150 facta,
2983 2093 3272 2154 appareant
3312 2097 3374 2137 ea
3423 2081 3486 2132 ad

1940 2185 2080 2252 ipsos
2117 2184 2393 2238 obveuire.

2354 2274 2513 2344 530
2565 2271 2787 2328 CANON
2835 2269 3070 2324 χχχιιι.

1945 2385 1960 2417 ι
2006 2365 2075 2420 Ut
2107 2366 2400 2435 presbyteri
2439 2380 2524 2419 res
2557 2365 2814 2427 ecclesite,
2845 2363 2896 2415 in
2937 2377 3038 2426 qua
3078 2366 3486 2417 consecrantur.

2015 2476 2033 2508 ι
2075 2474 2177 2511 non
2233 2457 2464 2510 vendant
2513 2463 2610 2508 :el
2653 2463 2711 2507 ut
2759 2453 2884 2505 nulli
2931 2452 3088 2504 liceat
3131 2452 3381 2519 episcopo
3432 2464 3487 2500 re

2015 2567 2034 2599 ι
2073 2548 2240 2610 abuti,
2267 2562 2383 2616 qua
2405 2555 2486 2600 est
2514 2561 2576 2600 ex
2605 2546 2756 2598 titulo
2776 2542 3152 2598 ecclesiastica:
3175 2539 3486 2594 matrieulze.

2012 2659 2030 2691 ι
2071 2639 2328 2694 Similiter
2351 2639 2569 2707 placuit,
2602 2646 2658 2692 ut
2685 2636 3006 2706 presbyteri,
3036 2643 3230 2702 praeter
3259 2643 3485 2685 mentem

2013 2749 2029 2781 ι
2068 2744 2283 2783 suorum
2313 2729 2685 2799 episcoporum
2724 2741 2808 2782 res
2836 2724 3095 2786 ecclesiae,
3131 2723 3184 2778 in
3219 2739 3319 2790 qua
3356 2737 3485 2775 con-

2014 2837 2032 2870 ι
2071 2830 2366 2882 secrantur,
2415 2835 2522 2874 non
2570 2819 2800 2872 vendant
2833 2834 2848 2870 :
2887 2815 3332 2884 quemadmodum
3376 2812 3487 2879 cpi~

2015 2930 2032 2962 ι
2075 2909 2253 2978 scopis
2300 2925 2512 2978 quoque
2559 2909 2753 2977 przedia
2789 2905 3050 2971 ecclesiae,
3093 2905 3368 2970 ignorante
3394 2916 3484 2968 sy-

2012 3022 2030 3054 (
2071 3004 2228 3067 nodo,
2279 3002 2356 3057 vel
2410 3002 2520 3055 suis
2561 2999 2888 3070 presbyteris
2923 2998 3150 3051 vendere
3191 3009 3292 3048 non
3339 2993 3484 3047 licet.

2013 3108 2030 3141 ι
2070 3089 2184 3144 Νοιι
2239 3091 2535 3145 exsistente
2590 3104 2719 3159 ergo
2768 3087 3122 3149 necessitate}
3178 3085 3487 3167 nouliceat

2011 3200 2028 3234 ι
2069 3182 2320 3251 episcopo
2353 3197 2410 3237 re
2455 3184 2628 3248 abuti,
2675 3197 2792 3252 qute
2822 3191 2905 3238 est
2943 3197 3008 3237 ex
3044 3180 3197 3236 titulo
3229 3177 3487 3234 ecclesia~

2015 3291 2036 3326 ι
2071 3277 2217 3329 sticze
2249 3274 2560 3330 matriculaa.
2601 3292 2620 3326 ι

2007 3542 2195 3596 BALS.
2236 3543 2300 3599 Ut
2343 3554 2424 3599 est
2455 3545 2766 3608 verisim-le,
2807 3547 3018 3613 quidam
3065 3546 3368 3598 sacerdotes
3405 3561 3488 3600 res

1935 3631 2346 3693 ecclesiasdcas.
2382 3642 2572 3697 praeter
2607 3646 2826 3685 suorum
2862 3633 3236 3700 episcoporum
3271 3642 3487 3686 senten-

1940 3725 2086 3788 tiam,
2121 3724 2442 3777 vendebant.
2477 3722 2614 3788 Quin
2661 3725 2821 3776 etiam
2862 3724 3098 3792 episcopi
3145 3739 3362 3778 suarum
3398 3739 3488 3776 ec-

1937 3813 2212 3868 clesiarum
2245 3815 2441 3882 praedia
2474 3815 2904 3882 emancipabant,
2940 3824 3133 3882 praeter
3154 3816 3366 3884 synodi,
3406 3815 3484 3866 vel

1935 3905 2094 3958 etiam
2143 3917 2358 3958 suarum
2412 3906 2746 3958 sacerdotum
2794 3907 3136 3960 sententiam.
3180 3906 3316 3960 Dicit
3358 3921 3485 3975 ergo

1935 4009 2126 4058 canon,
2177 4009 2244 4048 ne
2283 3994 2386 4049 hoc
2431 3994 2519 4048 flat
2548 3995 2772 4063 amplius
2798 4011 2817 4062 ;
2843 3997 2934 4049 sed
2974 3998 3184 4062 quando
3225 3997 3329 4051 tale
3358 3998 3484 4065 quid

1937 4084 2159 4140 faciendi
2193 4086 2484 4139 necessitas
2510 4087 2700 4154 premit
2722 4086 3049 4153 episcopum,
3080 4086 3269 4140 idcum
3299 4088 3484 4156 synodi

1935 4192 2044 4229 sum
2076 4191 2342 4229 consensu
2383 4186 2436 4230 et
2467 4191 2687 4230 suorum
2736 4177 3170 4246 presbyterorum
3206 4178 3382 4230 faciat.
3429 4177 3483 4228 Ei

1936 4277 2110 4320 autem
2161 4267 2314 4320 aliter
2359 4281 2415 4319 re
2463 4267 2539 4320 uti
2598 4283 2698 4318 non
2753 4267 2929 4332 liceat,
2982 4282 3098 4335 quae
3143 4268 3192 4319 in
3240 4267 3487 4322 brevibus

1936 4353 2318 4409 ecclesiasticis
2347 4371 2438 4408 seu
2476 4356 2528 4409 in
2569 4358 2846 4411 tuatriCula
2881 4358 3076 4421 scripta
3113 4367 3213 4420 est,
3254 4360 3351 4412 hoc
3380 4370 3482 4417 est.

270 4419 802 4516 καταγεγραμμένη)
826 4449 882 4498 ὲν
915 4449 1027 4508 τοῖς
1066 4419 1536 4516 ἐκκλησιαστικοῖς
1567 4419 1825 4514 β-ρεϐίοις,
1860 4419 1907 4478 D

1860 4419 1907 4478 Ῑ)
1937 4447 1986 4496 iu
2033 4444 2328 4513 repertorio
2366 4445 2714 4500 ecclesiastici
2769 4447 2908 4500 tituli
2959 4461 3051 4500 seu
3101 4447 3240 4500 libri.
3277 4445 3484 4500 Titulus

269 4541 446 4606 ἤγουν
474 4539 530 4588 ὲν
561 4539 627 4606 τῇ
663 4541 910 4608 μάτρικι,
950 4538 1224 4590 τουτέστιν
1253 4538 1308 4588 ὲν
1334 4541 1399 4606 τῇ
1432 4539 1828 4609 ἀπογραφῇτοῦ

271 4628 740 4698 ὲκκλησιαστικοῦ
791 4630 992 4688 τίτλου,
1035 4629 1150 4698 ἤτοι
1189 4628 1414 4697 βιϐλίου.
1475 4629 1666 4690 Τίτλος
1724 4630 1830 4699 γὰρ

270 4721 496 4788 λέγεται
530 4719 661 4772 ποτὲ
691 4719 788 4786 μὲν
817 4721 847 4787 ἡ
875 4719 1174 4788 ἐπιγραφὴ,
1209 4719 1334 4770 ποτὲ
1356 4719 1410 4770 δὲ
1446 4721 1477 4788 ἡ
1509 4721 1676 4781 αίτία,
1704 4720 1830 4772 ποτὲ

267 4811 328 4861 δὲ
365 4811 460 4860 καί
488 4809 548 4860 τὸ
585 4808 807 4876 βιϐλίον.
853 4807 1088 4859 Ἀκούων
1114 4808 1170 4859 δὲ
1194 4808 1285 4860 τοῦ
1328 4809 1550 4869 κανόνος
1584 4809 1830 4873 λέγοντος

276 4901 422 4967 μήτε
465 4899 763 4951 ἐπίσκοπον
793 4900 940 4968 παρὰ
970 4900 1197 4968 γνώμην
1233 4899 1330 4967 τῆς
1361 4899 1573 4950 συνόδου
1602 4899 1696 4952 καὶ
1723 4900 1831 4952 τῶν

269 4990 422 5042 ίδίων
441 4990 827 5057 πρεσϐυτέρων
844 4991 1176 5060 πιπράσκειν
1199 4990 1375 5059 χωρία
1390 4989 1488 5057 1?};
1509 4990 1828 5059 ἐκκλησίας,

269 5083 412 5149 μήτε
450 5084 576 5142 τοὺς
622 5081 1022 5148 πρεσϐυτέρους
1086 5080 1234 5149 παρὰ
1273 5080 1496 5148 γνώμην
1529 5081 1636 5133 τῶν
1687 5081 1831 5133 ίδίων

263 5170 591 5223 ἐπισκόπων
653 5169 851 5220 πωλεῖν
902 5169 1201 5237 πράγματα
1262 5168 1706 5236 έκκλησιαστικὰ,
1755 5171 1830 5238 μὴ

265 5262 434 5331 εἴπῃς
469 5261 784 5325 ἐξισοῦσθαι
815 5260 960 5313 κατὰ
987 5259 1143 5312 τοῦτο
1178 5260 1238 5311 τὸ
1272 5260 1434 5327 μέρος
1472 5263 1583 5323 τοῖς
1611 5262 1829 5314 ἐπισκό-

265 5366 391 5412 ποις
431 5351 560 5412 τοὺς
596 5351 1003 5418 πρεσϐυτέρους
1030 5367 1042 5380 °
1078 5350 1191 5402 ἀλλ’
1221 5351 1341 5403 εἰπὲ
1380 5352 1463 5404 ὅτι
1491 5351 1538 5403 οί
1567 5351 1665 5419 μὲν
1691 5369 1828 5421 πρεο

264 5442 521 5510 σϐὑτεροι
553 5442 703 5510 παρὰ
738 5441 963 5510 γνώμην
988 5442 1092 5494 τῶν
1109 5442 1423 5495 ἐπισκόπων
1452 5443 1828 5511 οίονδηποτοῦν

261 5535 500 5601 πρᾶγμα
563 5533 780 5601 κινητὸν
827 5534 858 5601 ἢ
912 5534 1004 5585 καὶ
1040 5532 1360 5602 εὔφθαρτον,
1394 5529 1534 5586 οἶνον
1586 5535 1744 5603 τυχὸν
1795 5534 1827 5602 ἢ

260 5626 428 5686 σῖτον,
466 5623 668 5675 πωλεῖν
697 5624 757 5674 οὐ
819 5623 1108 5676 δύνανται·
1139 5625 1166 5675 ό
1193 5624 1249 5676 δὲ
1306 5624 1602 5686 ἐπίσκοπος
1631 5626 1695 5677 τὰ
1731 5626 1827 5691 μὲν

262 5712 552 5784 εὔφθαρτα
578 5714 771 5788 κινητὰ
805 5715 894 5768 καὶ
938 5717 1001 5770 τὰ
1039 5714 1365 5787 αὐτοκίνηια
1394 5716 1487 5767 καὶ
1512 5715 1661 5786 παρὰ
1679 5716 1814 5784 γνώ-

1931 4537 2074 4590 enim
2121 4536 2318 4590 dicitur
2348 4537 2634 4605 aliquando
2682 4539 2980 4607 inscriptio,
3029 4539 3314 4606 aliquando
3356 4554 3484 4592 vero

1930 4640 2114 4689 causa,
2145 4628 2429 4695 aliquando
2458 4639 2636 4682 autem
2679 4637 2732 4682 et
2759 4627 2913 4683 liber.
2949 4627 3080 4682 Cum
3118 4640 3296 4683 autem
3333 4631 3483 4682 audis

1930 4733 2190 4772 canonem
2232 4718 2516 4780 dicentem,
2565 4734 2664 4773 nec
2709 4720 3014 4788 episcopum
3061 4729 3254 4787 pneter
3284 4720 3480 4789 fsynodi

1930 4811 2250 4864 sententiam
2284 4821 2334 4864 et
2366 4825 2586 4864 suorum
2620 4811 3052 4880 presbyterorum
3082 4811 3320 4864 eccles’aa
3350 4826 3483 4875 prte-

1929 4902 2015 4954 dia
2069 4902 2339 4966 vendere;
2377 4917 2476 4956 nec
2543 4903 2883 4973 presbyteros
2933 4912 3123 4969 praeter
3169 4903 3480 4955 sententiam

1933 5007 2148 5044 suorum
2180 4993 2554 5062 episcoporum
2587 4996 2817 5048 vendere
2841 5008 2925 5049 res
2951 4993 3382 5057 ecclesiasticas;
3418 5007 3484 5045 ne

1931 5084 2143 5147 dixeris,
2195 5085 2335 5152 quod
2381 5084 2446 5138 ad
2495 5086 2596 5140 ltoe
2639 5085 2846 5148 attinet,
2905 5086 3246 5155 presbyteros
3283 5086 3479 5153 mquari

1930 5176 2192 5245 episcopis
2232 5196 2245 5231 :
2277 5176 2366 5230 sed
2397 5176 2482 5230 dic
2511 5177 2650 5244 quod
2693 5177 2990 5246 presbyteri
3022 5177 3260 5245 quidem,
3291 5187 3483 5244 praeter

1929 5268 2298 5334 episcoiiorum
2327 5267 2672 5330 sententiam,
2691 5282 3065 5336 quamcunque
3094 5284 3200 5320 rem
3234 5268 3481 5320 mobilem

1931 5359 2009 5410 vel
2039 5358 2363 5410 immobilem
2387 5357 2470 5410 vel
2495 5360 2654 5410 etiam
2677 5373 2794 5426 quae
2818 5357 2972 5410 facile
2993 5359 3262 5424 corrumpi
3288 5366 3481 5420 potest,

1930 5446 2108 5497 vinum
2147 5442 2286 5496 forte
2317 5443 2396 5496 vel
2427 5443 2774 5506 frumentum,
2810 5443 3038 5494 vendere
3081 5457 3182 5525 uo’n
3214 5452 3436 5510 possunt
3467 5459 3481 5506 ;

1929 5539 2214 5604 episcOpus
2262 5543 2440 5586 autem
2487 5547 2549 5587 ea
2587 5534 2824 5600 quidem.
2860 5548 2977 5599 quze
3013 5532 3169 5586 facile
3209 5535 3480 5603 corrumpi

1932 5634 2178 5694 possunt,
2229 5623 2466 5684 mobilia,
2511 5633 2563 5675 et
2608 5637 2726 5689 quae
2777 5637 2870 5688 per
2919 5637 2978 5675 se
3027 5621 3266 5682 mobilia,
3319 5621 3480 5675 etiam

1933 5723 2127 5786 praeter
2159 5728 2377 5769 suorum
2419 5711 2734 5789 clericorum
2767 5711 3110 5778 sententiam,
3144 5718 3317 5780 potest
3348 5710 3483 5765 alie-
