4148 6474
274 353 372 419 157

1296 366 1377 427 IN
1417 367 1576 430 CAN.
1616 364 1922 427 XXXVIII
1961 365 2163 430 CONC.
2199 369 2575 433 CARTIIAG.

3421 378 3518 444 I58

347 475 544 530 ΒΛΛΣ.
597 475 664 528 ἰι
702 478 906 531 Ἰππὼν
956 479 1111 544 πόλις
1163 480 1279 534 ἐστὶ
1327 483 1425 550 τῆς
1470 482 1839 550 Καρχηδόνος,

2019 483 2210 539 Βιιε.
2257 485 2424 556 Hippo
2456 489 2583 543 urbs
2618 498 2699 543 est
2726 484 3165 558 Carthaginénsis
3191 492 3433 552 ditionis.
3463 501 3519 547 in

276 561 394 636 ὲνῇ
431 568 654 620 συνόδου
695 569 1078 638 ἀθροισθείσης
1103 571 1272 625 πολλὰ
1315 573 1655 641 ὼρίσθησαν,
1688 567 1842 638 ὲξῶν

277 671 399 706 τινα
454 656 615 723 ὀλίγα
677 658 931 728 (βρέὸους
978 661 1088 729 γὰρ
1139 662 1286 731 παρὰ
1335 665 1444 725 τοῖς
1494 663 1743 725 Λατίνοις
1783 663 1844 714 τὸ

279 744 487 815 Βραχίι)
512 748 920 817 ἁποδρεφθέντα
957 751 1492 820 προσεκομίσθησαν,
1531 754 1623 804 καὶ
1656 752 1843 816 ἔδοξαν

280 836 463 897 καλῶς
501 837 668 904 ἔχειν.
711 837 882 892 Τοῦτο
929 840 984 892 δὲ
1035 842 1195 910 μόνον
1251 841 1463 911 ἔφησαν
1498 845 1546 896 οί
1606 845 1844 913 Πατέρες

281 923 418 977 εἶναι
449 928 771 994 ἀναγκαῖον,
797 931 855 982 τὺ
894 931 993 1000 τὴν
1039 932 1253 1003 ἡμέᾭαν
1301 933 1394 985 τοῦ
1445 934 1603 1001 ἁγίου
1653 935 1842 1004 Πάσχα

279 1015 444 1084 δήλην
482 1019 760 1083 γενέσθαι.

350 1107 601 1160 ΖΩΝᾹΡ.
647 1109 1124 1177 Ἀναγνωσθίντων
1169 1114 1277 1168 τῶν
1307 1117 1672 1185 γραμμάτων,
1701 1116 1839 1170 ἀλλὰ

282 1199 466 1266 μέντοι
501 1202 593 1252 καὶ
622 1201 714 1254 τοῦ
745 1203 982 1273 βρεϐίου,
1017 1208 1157 1261 κατὰ
1199 1209 1296 1278 τὴν
1333 1211 1620 1278 εἰσήγησιν
1660 1211 1844 1280 Λύρη-

277 1289 412 1353 λΐου,
444 1293 472 1343 ό
501 1294 774 1358 ὲπιγόνιος
801 1297 901 1364 ἔφη
930 1313 943 1328 ·
979 1298 1144 1351 Οὐδὲν
1169 1298 1315 1352 δοκεῖ
1344 1302 1475 1369 ἡμῖν
1500 1301 1840 1371 διορθώσεως

277 1379 429 1443 ἄξιον
465 1382 622 1451 ἐντῷ
651 1382 856 1454 βρεδίῳ
883 1386 960 1455 τῷ
987 1389 1358 1459 ἀποτμηθέντι
1384 1395 1449 1444 ἐκ
1492 1395 1589 1460 τῆς
1632 1393 1688 1444 ὲν
1738 1391 1850 1444 Ἰπ-

278 1472 417 1523 πῶνι
455 1465 698 1527 συνόδου.
761 1476 966 1528 Ἱππὼν
995 1479 1051 1530 δὲ
1083 1480 1236 1543 πόλις
1267 1483 1383 1534 ἐστὶ
1433 1484 1531 1552 τῆς
1567 1484 1850 1553 Καρχηδό-

277 1577 386 1644 νος,
424 1563 484 1613 ὲν
516 1557 571 1632 ᾖ,
605 1565 824 1617 συνόδου
853 1567 1275 1640 ’ἀθροισθείσης,
1312 1573 1481 1626 πολλὰ
1513 1573 1848 1644 ὡρίσθησαν,

279 1649 336 1711 ἐξ
368 1643 442 1702 ὧν
475 1668 597 1704 τινα
630 1653 784 1721 ὀλίγα
817 1659 1297 1731 προεκομίσθησαν
1348 1665 1429 1725 εἰς
1633 1664 1852 1718 σύνοδον

1945 591 2047 643 (ι-ςιι
2075 577 2300 632 colleCIa
2337 581 2540 648 synodo
2573 579 2737 633 multa
2771 582 3062 635 constituta
3096 591 3222 635 sunt
3255 601 3268 636 :
3296 598 3359 636 es
3393 586 3519 650 qni-

1949 669 2045 721 hus
2095 683 2262 736 pauca
2299 671 2539 735 quaedam
2591 672 2666 738 (id
2706 672 2848 725 enini
2891 672 3054 726 breve
3101 677 3240 741 apud
3291 673 3517 744 Latino,

1945 758 2233 828 signiﬁcat)
2256 760 2506 828 decerpta
2539 762 2698 815 allata
2729 772 2880 826 sunt,
2923 772 2976 816 ct
3005 774 3148 817 recte
3178 764 3374 818 hahere
3403 766 3514 818 visa

1947 861 2092 904 sunt.
2129 849 2240 906 Iloc
2267 863 2442 906 autem
2470 855 2641 909 solum
2674 855 2928 909 dixerunt
2965 855 3155 908 Patres
3183 870 3304 910 esse
3339 873 3517 910 neces-

1946 943 2174 1006 sarium,
2212 951 2269 996 ut
2298 946 2472 998 sancti
2499 943 2783 1000 Paschalis
2809 946 2922 1000 dies
2952 945 3270 1000 manifestus
3302 946 3516 1002 evadat.

2020 1123 2177 1195 563
2209 1121 2461 1178 ZONAR.
2499 1123 2677 1178 Lectis
2721 1124 2912 1178 litteris
2953 1131 3005 1177 ct
3043 1124 3216 1187 brevi,
3263 1125 3517 1192 quemad-

1953 1218 2167 1269 modum
2220 1215 2284 1267 ah
2334 1215 2556 1268 Aurelio
2603 1215 2932 1283 propositum
2972 1212 3170 1277 fuerat,
3227 1212 3520 1281 Epigonius

1949 1306 2115 1358 dixit:
2151 1303 2288 1357 Nihil
2324 1304 2708 1356 videturnohis
2749 1303 2800 1354 in
2836 1303 3004 1363 brevi,
3049 1305 3285 1371 quodex
3316 1303 3522 1370 synodo

1953 1395 2282 1463 Hipponensi
2343 1398 2652 1463 decerptum
2721 1395 2841 1458 fuit,
2910 1396 3246 1448 correctione
3298 1395 3518 1460 dignum

1953 1487 2198 1551 reperiri.
2236 1486 2443 1555 llippon
2477 1497 2656 1539 autem
2692 1485 2822 1539 urbs
2856 1495 2939 1539 est
2989 1483 3519 1552 Carthaginiensium

1954 1578 2193 1636 ditionis.
2223 1578 2276 1631 in
2320 1593 2421 1644 qua
2470 1579 2697 1630 collecta
2755 1579 2962 1645 synodo
3015 1577 3181 1629 multa
3230 1576 3521 1628 constituta

1955 1677 2100 1731 sunt,
2137 1682 2205 1720 rx
2238 1668 2435 1736 quibus
2471 1681 2642 1735 pauca
2678 1668 2922 1735 quzedam
2959 1667 3022 1717 ad
3073 1666 3210 1718 hanc
3255 1663 3519 1734 synodum

278 1740 504 1809 ταύτην.
545 1743 780 1812 Βρέδοιις
805 1749 910 1815 γὰρ
956 1747 1252 1817 Ῥωμαϊστὶ
1287 1751 1344 1803 τὸ
1388 1753 1584 1821 βραχὺ,
1626 1755 1685 1806 τ’)
1732 1753 1839 1807 όλί-

1957 1763 2083 1805 snnt
2116 1754 2299 1808 allata.
2330 1754 2497 1807 Breve
2530 1769 2761 1819 namque
2791 1754 2996 1808 Latinis
3019 1754 3160 1807 idem
3215 1752 3357 1821 quod
3402 1766 3523 1820 par-

282 1847 377 1896 γιιν
410 1830 646 1898 λέγεται.
687 1834 858 1888 Τοῦτο
885 1837 939 1890 δὲ
969 1839 1152 1906 μόνον,
1199 1842 1384 1908 φησιν.
1415 1817 1731 1911 αναγκαῖον,
1785 1846 1839 1898 τὸ

1953 1860 2098 1904 vum,
2123 1844 2373 1912 exiguum
2398 1845 2620 1898 dicitur.
2654 1845 2768 1898 Hoc
2799 1860 2923 1898 vero
2949 1846 3119 1899 solum
3151 1844 3518 1899 necessarium

282 1920 382 1985 τὴν
415 1921 633 1990 ἡμέραν
667 1922 760 1975 τοῦ
793 1924 950 1990 ἁγίου
1005 1927 1194 1996 Πάσχα
1246 1931 1612 1999 γνωρισθῆναι
1675 1935 1732 1985 ὲν
1771 1933 1839 2002 τῷ

1949 1947 2070 1987 esse
2097 1935 2192 1993 ait,
2226 1943 2280 1985 ut
2331 1935 2509 1986 sancti
2560 1933 2842 1988 Paschalis
2887 1936 3000 1988 dies
3046 1935 3236 2004 synodi
3283 1944 3522 2004 tempore

282 2009 458 2078 καιρῷ
489 2011 587 2078 τῆς
621 2014 861 2077 συνόδου,
912 2016 1032 2068 ἀντὶ
1077 2017 1171 2068 τοῦ
1235 2018 1402 2091 δήλην
1445 2022 1720 2089 γενέσθαι,
1759 2027 1847 2077 ὅτε

283 2101 502 2164 σύνοδος
530 2105 774 2172 γίνηται.

285 2191 512 2246 ΑΡΙΣΤ.
569 2210 587 2242 ι
623 2194 789 2246 Οὐδὲν
820 2197 916 2261 τῆς
947 2197 1005 2248 ὲν
1060 2197 1286 2252 ’ἱππῶνι
1349 2203 1568 2256 συνόδου
1621 2205 1849 2276 διορθω-

359 2301 377 2331 ι
412 2282 536 2334 τὲον
572 2283 1000 2352 ἢπροσθετέον·
1047 2291 1095 2340 εί
1156 2290 1233 2359 μὴ
1285 2292 1371 2345 ἴνα
1433 2295 1465 2363 ἡ
1520 2295 1704 2363 ἡμέρα
1757 2297 1849 2348 τοῦ

362 2390 378 2418 ι
417 2371 610 2440 Πάσχα
646 2371 704 2423 ὲν
731 2371 808 2438 τῷ
841 2376 1019 2445 καιρῷ
1047 2377 1147 2444 τῆς
1179 2380 1396 2432 συνόδου
1427 2383 1785 2452 γνωρίζηται.
1825 2405 1842 2436 ι

354 2460 611 2530 Διάφοροι
647 2461 854 2514 σύνοδοι
881 2463 939 2514 ἐν
978 2465 1127 2537 πάσῃ
1175 2470 1240 2535 τῇ
1275 2468 1384 2519 τῶν
1423 2471 1649 2539 ’Ἄφρων
1697 2469 1851 2542 χώρᾳ

281 2552 569 2618 γεγόνασιν
600 2552 657 2604 ιν
679 2555 792 2615 τοῖς
824 2555 1159 2625 προλαϐοῦσι
1213 2559 1447 2626 χρόνοις,
1492 2563 1586 2615 καὶ
1614 2563 1851 2630 ἀνεγνώ-

283 2640 489 2706 σθησαν
504 2640 564 2691 ὲν
592 2638 761 2710 ταύτῃ
781 2644 848 2710 τῇ
881 2643 1105 2713 συνόδῳ,
1141 2646 1232 2698 καὶ
1257 2646 1436 2713 ἔδοξεν
1465 2651 1496 2716 ἡ
1527 2651 1584 2701 ὲν
1624 2651 1850 2703 ἰππῶνι

294 2727 506 2798 Ῥηγίῳ
534 2729 800 2802 γενομένη
829 2731 1042 2798 σύνοδος
1072 2735 1256 2799 καλῶς
1300 2737 1446 2806 ἔχειν
1469 2754 1481 2768 ’
1517 2740 1611 2792 καὶ
1643 2739 1849 2810 ὥρισαν

279 2820 597 2888 οίηατὲρες
633 2822 770 2890 μήτε
832 2823 1120 2892 διόρθωσιν
1179 2829 1317 2896 μήτε
1375 2827 1693 2901 προσθήκην
1753 2831 1851 2904 τὴν

277 2909 541 2978 τοιαύτην
579 2909 834 2976 δέξασθαι
864 2913 1104 2980 σύνοδον,
1148 2918 1320 2986 ἀλλ’ἢ
1359 2920 1518 2988 μόνον
1554 2922 1614 2973 τὸ
1649 2923 1850 2993 γνωρί.

279 3001 468 3064 ζεσθαι
497 3002 597 3070 τὴν
622 3005 838 3074 ἡμέραν
874 3007 969 3060 τοῦ
1009 3009 1198 3079 Πάσχα
1257 3011 1316 3064 ὲν
1377 3011 1454 3081 τῷ
1511 3015 1690 3083 καιρῷ
1753 3015 1848 3084 τῆς

1951 2027 2307 2090 significetur,
2330 2025 2434 2080 hoc
2455 2036 2556 2089 εει,
2583 2039 2690 2095 quo
2720 2036 2961 2094 tempore
2992 2027 3220 2080 habetur
3256 2027 3524 2096 synodus,

1953 2117 2320 2168 denuntietur.

1953 2207 2176 2262 ARIST.
2226 2227 2243 2258 ι
2280 2207 2423 2262 Nihil
2450 2209 2500 2261 in
2530 2207 2736 2276 synodo
2759 2205 3085 2276 Hipponensi
3115 2207 3525 2273 corrigendum,

2033 2318 2051 2350 ι
2094 2300 2174 2352 vel
2205 2301 2252 2354 ei
2288 2300 2591 2353 addendum
2629 2317 2642 2352 :
2678 2301 2779 2352 nisi
2811 2308 2868 2352 ut
2897 2299 3012 2352 dies
3060 2297 3337 2355 Paschaus
3376 2299 3521 2354 cele-

2030 2409 2049 2439 σ
2095 2390 2286 2443 braudi
2320 2401 2562 2457 tempore
2587 2390 2776 2459 synodi
2818 2391 3172 2457 signiﬁcetur.
3216 2408 3234 2442 ι

2026 2479 2203 2533 Varia:
2227 2480 2416 2550 synodi
2450 2481 2502 2533 in
2551 2490 2659 2532 tota
2713 2480 2967 2550 Afrorum
3030 2481 3246 2550 regione
3304 2493 3527 2548 praeter-

1954 2568 2119 2636 lapsis
2151 2546 2477 2636 temporibus
2505 2569 2701 2623 habitae
2736 2546 2906 2629 fuere.
2965 2578 3018 2623 et
3052 2569 3106 2622 in
3169 2569 3269 2622 hac
3321 2571 3525 2640 synodo

1954 2662 2133 2723 lu-ctm,
2159 2671 2209 2714 et
2236 2661 2350 2714 visa
2385 2671 2463 2714 est
2497 2661 2548 2714 in
2598 2661 2933 2730 llippouensi
2979 2661 3198 2727 regione
3254 2661 3521 2713 celebrata

1953 2752 2191 2821 synodus
2243 2753 2377 2806 hene
2425 2766 2486 2805 se
2537 2751 2738 2806 habere
2767 2769 2779 2805 :
2811 2760 2865 2804 et
2927 2751 3288 2805 decreverunt
3337 2748 3524 2802 Patres

1956 2841 2112 2896 istam
2161 2842 2460 2913 synodum,
2506 2856 2603 2898 nec
2654 2840 3045 2899 correctionem
3093 2841 3326 2914 aliquam
3381 2841 3522 2896 acci-

1956 2949 2105 3002 pere,
2141 2949 2238 2988 nec
2267 2936 2595 2987 additinnem
2621 2977 2634 2999 ,
2669 2937 2762 2990 sed
2799 2944 3026 2999 tantum,
3061 2946 3109 2988 ut
3139 2937 3254 2989 dies
3301 2936 3523 2990 Pascha:

1957 3025 2011 3078 in
2043 3033 2283 3093 tempore
2314 3027 2502 3094 synodi
2523 3026 2851 3097 Carthagine
2878 3026 3071 3081 habitre
3100 3027 3520 3096 signiﬁcaretur,

279 3093 501 3146 συνόδου
534 3093 633 3162 τῆς
682 3097 739 3148 ἑν
777 3098 1080 3166 Καρχηδόνι
1101 3102 1418 3174 γινομένης,
1461 3103 1545 3157 ἵνα
1600 3106 1674 3175 μή
1706 3123 1839 3167 τινες

279 3184 414 3209 1-..-
448 3184 784 3209 -_.1_\\-.____-
827 3192 940 3209 _-_\
1088 3192 1101 3209 ι

1954 3132 2020 3171 nc
2045 3116 2208 3186 aliqui
2234 3115 2464 3173 fortasse
2491 3119 2557 3171 de
2585 3132 2650 3173 co
2683 3117 3099 3174 hallucinentur.

278 3184 414 3247 ἴσως
446 3184 790 3254 σφάλλωνται
821 3192 947 3258 περὶ
972 3192 1162 3261 αὐτήν.

869 3281 1110 3334 κΑΝΩΝ
1150 3281 1255 3353 λη’.

283 3384 302 3419 ι
344 3367 483 3437 Περὶ
518 3368 612 3422 τοῦ
635 3369 759 3430 τοὺς
786 3369 1119 3434 ἐπισκόπους
1145 3374 1238 3426 καὶ
1265 3375 1390 3438 τοὺς
1441 3377 1737 3447 κληρικοίις
1774 3379 1849 3448 μὴ

356 3476 374 3508 ι
409 3459 648 3526 εὐχερῶς
698 3459 764 3510 τὰ
811 3460 977 3512 τέκνα
1019 3461 1202 3515 αὐτῶν
1252 3467 1425 3516 ποιεῖν
1466 3467 1844 3537 ὲμαγκίπατα.

353 3565 373 3598 ι
413 3549 574 3600 Ὥστε
598 3551 723 3611 τοὺς
754 3550 1086 3614 ἐπισκόπους
1116 3554 1211 3606 καὶ
1257 3556 1382 3616 τοὺς
1434 3557 1729 3628 κληρικοίις
1781 3560 1848 3612 τὰ

356 3658 373 3688 ι
407 3638 574 3693 τέκνα
599 3641 778 3693 αὐτῶν
819 3641 893 3711 μὴ
921 3644 1016 3713 ὲᾷν
1060 3646 1428 3712 αὐτεξουσίως
1477 3650 1700 3704 ἀπιέναι
1757 3653 1847 3706 διὰ

350 3748 369 3779 ι
406 3731 904 3799 ιμαγκιπατίωνος,
944 3735 1002 3786 ὲν
1030 3737 1197 3803 μηδὲν
1228 3739 1306 3801 είς
1332 3739 1459 3802 τοὺς
1489 3741 1723 3809 τρόπους
1753 3745 1846 3797 καὶ

353 3834 371 3867 ι
406 3817 485 3879 είς
523 3818 624 3887 τὴν
672 3819 886 3888 ἡλικίαν
945 3823 1132 3877 αὐτῶν
1197 3827 1724 3900 πληροφορηοῶσιν’
1771 3833 1846 3896 ὡς

353 3925 372 3959 ι
407 3906 597 3961 λοιπὸν
645 3910 712 3961 τὰ
737 3912 1115 3984 ἁμαρτήματα
1144 3917 1324 3972 αὐτῶν
1359 3921 1441 3983 είς
1471 3922 1672 3986 αὐτοὺς
1715 3940 1844 3976 συν-

347 4013 367 4044 ι
401 3997 617 4049 τείνειν.
648 4015 665 4048 ι

345 4084 542 4138 ΒΛΛΣ.
589 4084 1038 4153 Ἐμαγκιπατίων
1079 4090 1298 4158 λέγεται
1364 4094 1515 4163 παρά
1551 4096 1843 4166 Ῥωμαίοις

265 4179 300 4241 ἠ
337 4176 488 4244 παρὰ
510 4175 619 4228 τῶν
655 4177 910 4246 πατέρων
925 4179 1173 4251 διδομένη
1203 4185 1314 4245 τοῖς
1341 4181 1680 4250 ὑπεξουσίοις
1713 4205 1840 4241 παι-

2443 3292 2672 3348 CANON
2728 3291 3015 3352 XXXVIII.

1957 3400 1977 3432 ι
2022 3382 2090 3437 Ut
2118 3384 2359 3452 episcopi
2421 3393 2472 3437 et
2507 3385 2690 3437 clerici
2751 3401 2878 3439 suos
2936 3387 3135 3442 liheros
3190 3402 3293 3440 non
3354 3385 3514 3446 facile

2033 3491 2050 3522 ι
2095 3472 2459 3540 emancipent.
2497 3471 2566 3526 Ut
2594 3474 2831 3541 episcopi
2860 3483 2913 3528 et
2939 3475 3118 3528 clerici
3149 3491 3278 3529 suos
3319 3475 3520 3531 liberos

2026 3580 2043 3612 ι
2093 3578 2194 3617 non
2231 3564 2409 3616 sinant
2441 3579 2534 3631 per
2565 3565 3048 3632 emancipationem
3079 3567 3158 3620 sui
3186 3568 3325 3635 juris
3349 3567 3459 3620 fieri
3486 3606 3502 3629 ,

2025 3673 2042 3703 ι
2089 3655 2188 3708 nisi
2215 3654 2283 3709 de
2314 3670 2499 3709 eorum
2529 3655 2770 3708 moribus
2799 3663 2852 3708 et
2879 3665 3038 3709 (etate
3070 3657 3244 3710 securi
3269 3655 3470 3710 fuerint
3499 3673 3513 3711 :

2023 3764 2041 3796 ι
2085 3756 2142 3799 ιιι
2189 3761 2375 3800 eorum
2434 3757 2653 3816 peccata
2702 3747 2953 3817 deinceps
3011 3749 3063 3802 in
3123 3748 3271 3818 ipsos
3329 3749 3514 3804 conle-

2025 3858 2042 3890 ι
2089 3847 2298 3893 rantur.
2344 3857 2360 3891 )

2015 4099 2211 4156 BALS.
2245 4100 2619 4171 Emancipatio
2682 4105 2819 4173 apud
2878 4105 3147 4160 llomanos
3200 4107 3396 4161 dicitur
3454 4109 3508 4159 lio

1943 4191 2123 4245 bertas
2150 4207 2268 4260 qua)
2304 4209 2333 4247 a
2368 4195 2612 4262 patrihus
2638 4194 2779 4256 ﬁliis,
2809 4198 2898 4265 qui
2937 4213 3060 4251 sunt
3111 4199 3164 4251 in
3196 4214 3379 4253 eorum
3409 4216 3507 4268 po-

266 4269 360 4319 σὶν
394 4267 836 4336 αὐτεξουσιότης.
872 4270 1039 4338 Φησὶν
1071 4271 1163 4324 οὖν
1197 4274 1224 4324 ό
1249 4273 1432 4325 κανὼν
1466 4274 1540 4346 μὴ
1594 4277 1839 4344 γίνεσθαι

1945 4290 2156 4345 testate,
2201 4283 2380 4336 datur.
2420 4284 2557 4337 Dicit
2610 4300 2738 4354 ergo
2782 4301 2977 4348 canon,
3013 4305 3114 4340 non
3167 4291 3364 4343 debere
3423 4292 3505 4343 sui

261 4354 651 4419 αύτεξουσίους
679 4357 800 4417 τοὺς
833 4360 1030 4422 παῖδας
1062 4361 1169 4413 τῶν
1219 4362 1537 4417 ἐπισκόπων
1592 4367 1683 4417 καὶ
1729 4368 1838 4420 τῶν

1945 4374 2072 4442 iuris
2109 4377 2220 4429 fieri
2256 4379 2636 4448 episcoporum
2674 4390 2728 4433 et
2765 4381 3089 4434 clericorum
3149 4381 3287 4435 ﬁlios
3337 4399 3362 4432 a
3415 4399 3507 4449 pa-

260 4445 548 4513 κληρικῶν
585 4447 734 4515 παρὰ
762 4448 871 4499 τῶν
907 4453 1157 4522 πατέριον
1188 4452 1389 4517 αὐτῶν,
1420 4455 1468 4507 εί
1499 4455 1573 4524 μὴ
1597 4457 1704 4509 ἀπὸ
1735 4458 1834 4525 τῆς

1945 4470 2115 4522 trihus
2147 4445 2304 4532 suis,
2327 4469 2427 4522 nisi
2448 4445 2523 4524 ex
2555 4478 2713 4524 astate
2737 4480 2791 4523 et
2838 4471 2994 4524 bonis
3032 4470 3269 4523 moribus
3301 4482 3507 4524 certam

261 4536 482 4603 ἡλικίας
507 4537 602 4588 καὶ
637 4537 743 4589 τῶν
768 4539 989 4605 ἀγαθῶν
1045 4541 1263 4611 τρόπων
1310 4544 1688 4616 πληροφορίαν
1730 4545 1834 4599 δὼ-

1945 4559 2220 4613 scicntiam
2253 4559 2523 4622 dederint,
2558 4577 2616 4614 se
2644 4575 2803 4629 posse
2851 4576 2946 4616 sua
2987 4563 3301 4630 prudenter,
3349 4571 3404 4616 et
3451 4570 3505 4614 ut

260 4640 473 4689 σουσιν,
501 4625 582 4676 ὅτι
616 4624 868 4680 δύνανται
902 4629 1132 4693 δεόντως
1183 4633 1275 4684 καὶ
1329 4635 1574 4698 causa);
1612 4637 1679 4691 τὰ
1716 4642 1833 4692 κατ’

1945 4661 2173 4716 oportet,
2202 4651 2604 4706 administrare.
2646 4650 2759 4706 Iloc
2799 4662 2978 4706 autem
3033 4653 3133 4706 nisi
3174 4654 3241 4705 ita
3278 4654 3386 4715 tiat,
3421 4653 3504 4704 di-

258 4715 460 4776 αύτοίις
496 4718 819 4786 οἰκονομεῖν.
858 4717 1062 4772 Τούτου
1119 4721 1176 4774 δὲ
1221 4721 1364 4777 οὕτω
1391 4726 1466 4796 μὴ
1515 4729 1829 4798 γινομένου,

1945 4715 2069 4794 cunt
2139 4751 2320 4810 patres
2383 4742 2688 4798 reddituros
2764 4745 3026 4799 rationem
3101 4759 3199 4811 pro
3269 4745 3503 4810 peccatis

257 4808 397 4872 φασὶ
422 4806 548 4868 τοὺς
573 4808 816 4877 πατέρας
852 4809 1008 4878 λόγον
1033 4812 1230 4868 διδόναι
1262 4816 1404 4887 ὑπὲρ
1421 4819 1529 4872 τῶν
1552 4823 1661 4891 ἅμα
1673 4825 1834 4894 ρτ.ῶν

1945 4831 2190 4886 filiorum.
2222 4832 2286 4885 Et
2321 4835 2432 4886 hmo
2459 4833 2674 4901 quidem
2711 4850 2883 4889 canon
2920 4836 2986 4889 de
3038 4837 3418 4904 episcoporum
3449 4843 3502 4889 et

259 4895 372 4948 τῶν
410 4897 641 4952 παίδων.
698 4900 808 4951 Καὶ
851 4903 878 4954 ό
938 4903 1035 4971 μὲν
1083 4896 1268 4958 κανὼν
1325 4909 1614 4964 ἐθέσπισεν
1660 4914 1832 4967 ταῦτα

257 4986 427 5055 χάριν
455 4987 568 5038 τῶν
596 4988 806 5042 τέκνων
837 4991 944 5042 τῶν
983 4994 1298 5050 ἐπισκόπων
1331 4999 1426 5050 καὶ
1480 5002 1589 5053 τῶν
1648 5004 1833 5074 κληρι-

258 5078 408 5129 κῶν⁸
441 5080 492 5130 οἱ
525 5078 583 5131 δὲ
616 5079 769 5149 νόμοι
799 5083 1270 5151 παρακελεύονται
1299 5089 1386 5142 διὰ
1421 5092 1653 5160 νομίμου
1686 5098 1830 5162 πρά-

257 5168 417 5230 ξεως,
447 5169 619 5237 ἦγουν
646 5169 788 5251 μετὰ
810 5171 1137 5242 δικαστικῆς
1178 5175 1548 5246 διαγνώσεως,
1583 5182 1680 5252 τὴν
1728 5186 1829 5237 αύ-

252 5257 646 5327 τεξουσιότητα
697 5257 963 5327 γίνεσθαι,
1004 5265 1078 5332 μὴ
1109 5266 1508 5333 διαστείλαντες
1550 5274 1829 5345 κληρικῶν

253 5353 352 5399 καὶ
373 5347 584 5402 λαῖκῶν
625 5351 840 5414 παῖδας.
901 5355 1013 5407 Καὶ
1056 5356 1145 5408 διὰ
1192 5357 1354 5410 τοῦτο
1403 5361 1522 5414 οὐδὲ
1576 5364 1828 5435 κληρικοὶ

250 5437 378 5489 οὐδὲ
403 5439 696 5492 ἐπίσκοποι
726 5443 893 5512 χωρὶς
921 5443 1192 5514 ,δεκρέτου
1223 5448 1573 5518 δικαστικοῦ,
1599 5456 1673 5518 ὼς
1702 5459 1825 5526 ἐμοὶ

248 5531 418 5589 δοκεῖ,
459 5530 883 5600 ἵναοποιήσωσιν
934 5536 1315 5601 αύτεξουσὶους
1372 5544 1567 5606 παῖδας
1620 5548 1820 5605 αὐτῶν.

265 5619 334 5670 Ἦ
372 5621 478 5691 γὰρ
503 5622 802 5690 δοκ·μασέα
826 5625 918 5677 τοῦ
954 5628 1069 5697 βίου
1092 5630 1296 5683 τούτων
1333 5635 1427 5686 καὶ
1471 5636 1569 5703 τῆς
1608 5639 1822 5705 ἡλικίας

248 5709 392 5763 κὶτὰ
424 5714 513 5764 τὸν
545 5715 748 5767 κανόνα
785 5718 930 5785 παρὰ
953 5737 956 5740 ’
981 5718 1235 5773 δικαστοῦ
1288 5723 1493 5776 όοείλει
1552 5728 1812 5793 γίνεσθαι,

1932 4921 2256 4974 clericorum
2291 4923 2413 4976 tiliis
2454 4923 2722 4977 decernit.
2755 4924 2923 4992 Leges
2975 4935 3153 4978 autem
3195 4924 3406 4991 juhent,
3444 4933 3501 4976 ut

1934 5027 2028 5076 per
2057 5023 2232 5066 actum
2265 5013 2583 5082 legitimum,
2620 5015 2733 5068 sive
2763 5029 2883 5067 cum
2941 5015 3175 5085 legitima
3214 5015 3498 5068 examina-

1935 5104 2081 5158 tione
2118 5103 2207 5157 tiat
2243 5105 2635 5173 emancipatio;
2696 5121 2798 5158 non
2845 5105 3241 5176 distinguentcs
3287 5124 3352 5159 an
3391 5107 3498 5161 sint

1931 5197 2251 5252 clericorum
2316 5198 2397 5248 vel
2463 5197 2718 5252 laicorum
2772 5199 2883 5252 filii.
2936 5199 3000 5252 Et
3064 5209 3340 5270 propterea
3396 5215 3494 5253 nec

1930 5289 2111 5342 clerici
2143 5302 2240 5342 nee
2274 5287 2534 5357 episcOpi,
2565 5289 2679 5344 sine
2707 5288 2946 5356 judiciali
2991 5292 3228 5351 decreto,
3262 5299 3316 5343 ut
3361 5291 3490 5344 mihi

1931 5380 2162 5439 videtur.
2188 5380 2322 5433 Illios
2347 5395 2472 5435 suos
2502 5383 2580 5435 sui
2606 5382 2747 5449 juris
2796 5383 3046 5437 cﬂicient.
3099 5381 3297 5435 Eorum
3348 5385 3489 5436 enim

1930 5469 2051 5521 vitae
2073 5477 2127 5522 et
2154 5467 2329 5523 :etatis
2361 5473 2655 5523 secundum
2685 5483 2944 5524 canonem
2975 5471 3303 5523 examinatio
3334 5471 3493 5524 debet

1926 5575 1954 5612 a
1985 5558 2162 5628 judice
2186 5559 2324 5624 ﬁeri,
2357 5575 2460 5614 non
2493 5570 2672 5615 autem
2719 5575 2746 5611 a
2776 5559 2892 5614 solo
2927 5569 3099 5629 patre.
3134 5561 3197 5613 Et
3231 5560 3344 5628 lege
3378 5570 3490 5616 ter-

1927 5654 2057 5703 tium
2093 5657 2253 5718 caput
2286 5650 2421 5703 tituli
2450 5653 2483 5705 3
2511 5651 2632 5704 libri
2661 5667 2806 5713 xxxi,
2840 5653 2980 5719 quod
3011 5652 3144 5707 dicit
3175 5671 3187 5705 :
3228 5651 3343 5706 Non
3377 5669 3477 5707 nu-

1928 5743 2025 5795 dus
2051 5755 2345 5797 consensus
2395 5743 2562 5811 patris
2605 5743 2797 5798 liberat
2847 5742 3011 5799 tilium
3052 5760 3079 5798 a
3116 5745 3288 5814 patria
3341 5753 3491 5814 pote-
