4148 6468
285 444 390 509 165

1377 450 1450 508 1N
1492 446 1657 507 CAN.
1698 445 1820 504 XLI
1866 444 2472 504 CONC.CARTIIAG.

3412 438 3512 506 166

287 560 632 628 παρίσταται
661 562 818 614 τοῦτο
855 564 965 617 ἀπο
994 563 1085 616 τοῦ
1120 567 1184 617 ιθ¹
1225 567 1444 624 κανόνος
1476 561 1567 614 τοῦ
1619 561 1840 629 μεγάλοι

1961 571 2169 610 eanone
2199 557 2265 609 l9
2297 558 2473 622 magni
2501 557 2681 610 Basilii
2706 559 3025 610 ostenditur.
3061 557 3194 611 Dicit
3222 571 3348 624 ergo
3376 573 3504 624 pta--

292 651 602 703 Βασιλείου.
637 655 772 720 Φησὶ
828 654 957 720 γοῦν
990 655 1017 705 ὁ
1047 655 1236 723 παρὼν
1267 652 1444 706 κανὼν
1481 654 1553 720 μὴ
1584 649 1850 716 ὲντυγχάο

296 756 404 790 νειν
437 740 736 810 κληρικοὺς
765 743 796 810 ἢ
828 744 1092 811 μοναχοὺς
1124 745 1321 812 χήραις
1358 741 1390 810 ἦ
1427 741 1723 809 παρθένοις
1753 755 1853 788 κα-

299 829 666 898 θιερωμέναις
698 833 916 894 πάντως
941 833 1148 896 οὔσαις,
1179 834 1226 884 εί
1260 833 1335 901 μὴ
1369 831 1520 900 παρὰ
1574 828 1680 882 τῶν
1731 829 1853 878 ἐπι-

300 921 518 971 σκόπων
559 919 724 988 ἢτῶν
775 922 1183 992 πρεσϐυτέρων,
1220 923 1418 990 δηλαδὴ
1453 920 1528 990 μὴ
1575 918 1855 985 παρόντων

297 1010 644 1075 ἐπισκόπων,
695 996 1066 1078 ἐπιτραπείεν.
1125 1012 1234 1064 Καὶ
1280 1014 1396 1064 τότε
1448 1012 1504 1062 δὲ
1576 1009 1649 1078 μὴ
1707 1007 1854 1074 μόνοι

295 1099 618 1165 εἰσίτωσαν,
655 1101 792 1154 ἀλλὰ
820 1105 958 1169 μετὰ
985 1102 1389 1172 συγκληρικῶν,
1427 1103 1457 1170 ἢ
1495 1101 1611 1169 μετ’
1631 1101 1853 1150 ἐκείνων

296 1189 421 1258 μεθ’
453 1183 528 1244 ὧν
555 1190 651 1242 καὶ
693 1191 720 1242 ό
754 1192 1048 1254 ἐπίσκοπος
1072 1193 1163 1245 καὶ
1185 1195 1232 1245 οἰ
1265 1191 1623 1261 πρεσϐύτεροι
1656 1188 1854 1239 εἰσίασι

297 1281 438 1350 πρὸς
479 1282 678 1343 αὐτάς·
713 1281 744 1349 ἢ
801 1281 916 1333 ἐκεῖ
951 1282 1427 1350 ἐντυγχανέτωσαν
1479 1279 1691 1338 αὑταῖς,
1718 1276 1850 1327 ὅπου

293 1371 409 1422 sici.
436 1369 688 1440 κληρικοὶ
726 1370 758 1437 ἢ
819 1370 1028 1439 ἔντιμοι
1065 1388 1212 1433 τινες
1244 1369 1582 1439 Χριστιανοί.
1614 1370 1686 1419 Τὸ
1733 1367 1851 1418 κατ’

293 1460 603 1527 ἐπιτροπὴν
637 1458 694 1510 δὲ
727 1459 757 1522 ἢ
801 1460 1110 1511 συναίνεσιν
1146 1463 1380 1528 εῐρηται.
1416 1461 1550 1511 διότι
1597 1458 1628 1527 ἦ
1668 1458 1755 1508 διά
1802 1473 1854 1507 τι

295 1550 570 1619 χρήσιμον
619 1550 698 1617 τῷ
730 1551 1010 1620 ἐπισκόπῳ
1055 1553 1146 1602 καὶ
1195 1554 1261 1620 τῇ
1315 1551 1582 1619 ἐκκλησίᾳ
1647 1550 1852 1614 γίνεται

300 1639 456 1709 παρὰ
480 1640 681 1692 τούτων
709 1641 741 1709 ή
775 1641 1015 1709 ἐντυχία,
1063 1642 1156 1692 καὶ
1200 1641 1550 1707 ἐπιτρέπουσι
1583 1640 1782 1706 ταύτην
1806 1640 1854 1690 οἰ

296 1732 608 1794 ἐπίσκοποι,
655 1731 687 1800 ἦ
728 1731 814 1784 διὰ
839 1733 1046 1784 οἰκείαν
1086 1733 1464 1800 χρησιμότητα
1493 1731 1582 1782 καὶ
1615 1733 1850 1797 αἴτησιν,

294 1821 391 1872 καὶ
415 1819 691 1886 ὀφείλουσι
722 1823 990 1873 συναινείν
1019 1821 1067 1872 οἰ
1095 1822 1400 1872 ἐπίσκοποι.
1447 1820 1738 1887 Ἀνάγνωθι
1758 1817 1851 1870 τοῦ

292 1911 564 1978 παρόντος
599 1912 975 1979 συντάγματος
1006 1911 1185 1962 τίτλου
1223 1917 1293 1962 ια’
1324 1928 1446 1978 κεφ.
1467 1917 1529 1975 ε’,
1558 1911 1773 1962 συνόδου
1798 1916 1851 1974 ς’

293 2001 494 2053 κανόνα
535 1999 641 2068 με’¹
692 2004 786 2053 καὶ
835 2003 934 2070 τῆς
995 2001 1108 2072 ρλγ’
1191 2003 1616 2054 Ἰουστινιανείου
1655 2006 1850 2072 νεαρᾶς

287 2107 417 2158 acup.
448 2091 514 2151 ὃν,
546 2092 664 2159 ήτοι
697 2109 818 2159 κεφ.
852 2094 913 2144 ιε’
964 2093 1056 2145 τοῦ
1089 2095 1129 2145 δ’
1157 2092 1360 2162 βιὸλίου
1387 2093 1493 2144 τῶν
1529 2092 1847 2155 Βασιλικῶν,

287 2182 426 2250 ὅπερ
459 2180 812 2249 κατεστρώθη
845 2183 902 2233 ἐν
942 2183 1017 2249 τῷ
1051 2180 1137 2251 με’
1187 2183 1374 2235 κανόνι
1404 2183 1500 2252 τῆς
1533 2182 1700 2250 ἕκτης
1723 2199 1850 2233 συν-

286 2274 431 2326 όδου.

361 2363 608 2415 ΖΩΝΛΡ.
645 2363 872 2429 Φεύγειν
917 2364 1015 2426 τὰς
1057 2365 1351 2434 ὑπολήψεις
1380 2364 1735 2434 παρηγγέλθη
1751 2382 1848 2433 μευ

284 2455 337 2506 oi
381 2454 584 2513 πιστοὶ,
633 2452 730 2504 κᾶν
758 2449 854 2505 ὦσι
883 2453 1116 2522 ψευδεῖς,
1157 2456 1250 2506 καὶ
1288 2454 1363 2522 τῷ
1395 2454 1666 2520 θεσπεσίῳ
1690 2457 1842 2523 εῐρη-

287 2560 380 2596 ται
415 2543 614 2610 Παύλῳ
676 2544 1066 2610 Ἀπρόσκοποι
1097 2544 1354 2612 γίνεσθε,
1380 2545 1478 2595 καὶ
1509 2544 1845 2608 Ἰουδαίοις,

282 2636 385 2686 καί
417 2635 703 2698 Ἕλλησι,
729 2635 828 2686 καί
861 2634 928 2700 τῇ
974 2635 1301 2700 Ἐκκλησία
1345 2634 1452 2687 τοῦ
1503 2634 1671 2687 Θεοῦ.
1705 2635 1846 2688 Ίάύ-

280 2740 406 2785 ταις
432 2723 525 2777 οὖν
553 2725 673 2783 ταῖς
726 2722 1142 2791 παραγγελίαις,
1177 2723 1312 2775 ἀλλὰ
1356 2723 1461 2791 μὴν
1498 2724 1590 2774 καὶ
1634 2724 1846 2790 ἑτέραις

281 2817 382 2867 καὶ
409 2817 460 2866 οἱ
489 2815 732 2882 Πατέρες
763 2810 908 2866 οὗτοι
939 2815 1223 2883 ἑπόμενοι,
1257 2817 1392 2882 φασί
1423 2817 1558 2884 πρὸς
1589 2817 1762 2885 χήρας
1810 2817 1842 2886 ἢ

281 2907 623 2972 παρθένους,
662 2905 864 2974 δηλαδὴ
894 2906 1326 2975 καθιερωμένας,
1351 2905 1425 2976 μὴ
1457 2906 1682 2959 εἰσιέναι
1717 2909 1846 2975 κλη-

286 2999 482 3066 ρικοὺς
515 2997 548 3066 ἢ
575 2997 1099 3065 ἐγκρατευομένους.
1129 2997 1266 3059 Τοὺς
1295 2999 1566 3066 μοναχοὺς
1601 2995 1658 3048 δέ
1706 2997 1841 3049 ὠνό-

279 3105 472 3156 μασαν
500 3089 1002 3159 ἐγκριτευομένους
1036 3089 1175 3142 κατὰ
1205 3089 1295 3142 τὸν
1325 3089 1498 3156 μέγαν
1531 3091 1839 3156 Βασίλειον,

1959 662 2081 699 sens
2113 661 2305 706 canon,
2342 660 2437 698 nec
2469 645 2648 699 clerici
2679 644 2758 698 vel
2793 647 3037 698 monachi
3070 661 3192 699 cum
3231 647 3400 699 viduis
3427 649 3508 699 vel

1959 738 2272 805 virginibus,
2293 751 2410 803 qute
2436 746 2560 790 sunt
2586 738 2803 790 omnino
2826 747 3169 801 ςοιιεοοιτιιτε,
3195 738 3475 806 colloquau
3496 766 3510 777 -

1961 842 2064 886 tur,
2099 827 2199 880 nisi
2246 825 2295 878 id
2342 828 2417 879 eis
2453 829 2518 881 ab
2562 827 2847 895 episcotiis,
2881 828 2958 880 vel
3005 828 3353 895 presbyteris,
3409 843 3509 881 non

1957 917 2312 983 prtcsentibus
2355 916 2562 968 scilicet
2601 916 2888 983 episcopis,
2936 915 3300 983 permittatur.
3347 916 3510 969 Porro

1958 1021 2022 1059 ne
2057 1016 2180 1058 tunc
2210 1019 2425 1072 quoque
2457 1005 2553 1058 soli
2595 1007 2982 1070 ingrediantur,
3023 1006 3117 1059 sed
3149 1021 3269 1058 cum
3298 1009 3508 1059 cont-le-

1961 1097 2112 1160 ricis,
2143 1096 2226 1148 vel
2257 1111 2376 1148 cum
2411 1096 2536 1155 illis,
2571 1111 2687 1148 cum
2725 1095 2917 1163 quibus
2949 1095 3109 1147 etiam
3145 1095 3427 1164 episcopus
3455 1107 3509 1148 et

1958 1185 2256 1256 presbyteri
2287 1188 2349 1239 ad
2381 1201 2473 1238 eas
2517 1187 2888 1256 ingrediuntur
2925 1203 2940 1240 :
2976 1186 3055 1239 vel
3086 1199 3178 1240 eas
3224 1188 3329 1242 illic
3372 1186 3508 1239 allo-

1957 1290 2212 1348 quatitur,
2243 1280 2330 1332 ubi
2359 1288 2481 1333 sunt
2514 1279 2696 1338 clerici
2718 1323 2732 1344 ,
2767 1280 2849 1334 vel
2876 1279 3037 1346 aliqui
3064 1279 3215 1333 bona:
3237 1279 3513 1332 existima-

1960 1371 2120 1423 liOliiS
2165 1368 2483 1423 Christiani.
2530 1370 2662 1423 Illud
2693 1379 2895 1435 autem,
2929 1385 2995 1423 ex
3044 1370 3396 1437 permissione
3433 1369 3514 1422 ιρι

1958 1473 2244 1521 consensu,
2274 1459 2470 1511 dictum
2505 1467 2608 1522 est,
2643 1474 2707 1512 eo
2733 1461 2873 1528 quod
2911 1461 2990 1513 vel
3027 1469 3249 1528 propter
3283 1459 3509 1527 aliquid,

1956 1551 2093 1616 quod
2142 1559 2226 1602 est
2280 1549 2533 1616 episcopo
2583 1549 2808 1616 ejusque
2854 1547 3109 1602 Ecclesia:
3152 1549 3510 1610 conducibde,

1955 1655 2073 1692 cum
2107 1639 2184 1693 eis
2214 1638 2538 1706 colloquium
2582 1639 2826 1701 habetur,
2861 1639 3022 1707 idque
3050 1638 3366 1708 permittunt
3394 1644 3505 1706 cpi-

1954 1731 2135 1797 scopi;
2171 1729 2248 1783 vel
2273 1737 2493 1798 propter
2515 1743 2668 1783 suam
2693 1730 2975 1783 utilitatem
3008 1738 3061 1782 et
3097 1728 3426 1797 petitionem,
3458 1741 3512 1782 et

1955 1821 2150 1872 debent
2189 1819 2498 1872 consentire
2530 1820 2786 1888 episcopi.
2828 1818 2966 1889 Lege
3006 1820 3286 1888 praesentis
3329 1823 3510 1888 operis

1955 1912 2037 1964 tit.
2073 1911 2132 1963 ll
2171 1925 2290 1978 cap.
2322 1908 2379 1972 5,
2421 1911 2608 1979 synodi
2643 1921 2807 1965 sexta
2848 1924 3106 1964 canonem
3138 1911 3205 1964 47
3252 1921 3300 1963 et
3345 1911 3511 1963 Justi-

1953 2001 2096 2054 niani
2128 2001 2347 2055 novella:
2387 2001 2490 2055 155
2521 2015 2643 2070 cap.
2671 2001 2727 2062 2,
2757 2001 2870 2054 sive
2900 2016 3024 2066 cap.
3062 2001 3128 2055 15
3168 2002 3286 2055 libri
3329 2019 3379 2054 tv
3409 2001 3513 2052 Ba-

1951 2093 2089 2147 silic.
2120 2094 2260 2161 quod
2290 2093 2450 2146 situm
2483 2101 2562 2146 est
2595 2093 2646 2146 in
2675 2107 2880 2146 canone
2903 2094 2968 2145 47
2995 2102 3160 2147 sexta:
3191 2094 3398 2163 synodi.

2019 2362 2266 2419 ZONAB.
2326 2363 2442 2419 Non
2493 2366 2936 2420 committendum
2990 2373 3046 2418 ut
3111 2365 3505 2417 incommodius

1949 2454 2148 2523 aliquid
2187 2456 2250 2508 de
2287 2455 2518 2509 fidelium
2556 2457 2812 2519 moribus,
2852 2455 3094 2523 quamvis
3127 2454 3260 2507 falso
3294 2454 3512 2522 evulge-

1951 2554 2056 2608 ttrr,
2095 2546 2200 2598 divi
2249 2561 2463 2614 quoque
2512 2544 2663 2600 Pauli
2709 2549 2924 2600 oraculo
2967 2547 3356 2600 admonemur:
3390 2545 3511 2598 Sine

1949 2638 2252 2704 offensione,
2289 2637 2498 2702 inquit,
2531 2647 2691 2689 estote
2725 2636 2949 2698 Judct’a,
2981 2646 3026 2688 et
3059 2635 3278 2695 Grazcis.
3321 2648 3367 2688 et
3408 2635 3511 2688 Ec-

1946 2727 2118 2779 clesia:
2159 2727 2253 2780 Dei
2298 2727 2364 2779 δ’.
2399 2726 2541 2792 Quas
2584 2726 2798 2793 quidem
2843 2727 3247 2792 prmceptiottes,
3295 2737 3349 2778 et
3385 2743 3511 2779 vero

1945 2817 2077 2869 alias
2128 2831 2341 2885 quoque
2383 2818 2548 2871 secuti
2599 2815 2755 2882 hujus
2786 2815 2975 2885 synodi
3003 2814 3208 2878 Patres,
3240 2817 3303 2868 ad
3331 2816 3511 2869 viduas

1945 2916 2035 2958 aut
2082 2907 2146 2960 ad
2193 2908 2428 2976 virgines
2456 2946 2469 2969 ,
2507 2921 2599 2960 eas
2648 2905 2890 2959 videlicet
2934 2920 3049 2973 qua:
3093 2916 3317 2958 sacratae
3360 2916 3508 2969 sunt,

1943 2996 2174 3051 clericos
2211 3006 2302 3050 aut
2337 2997 2718 3049 continentiam
2766 2995 3038 3062 professos
3083 2997 3293 3063 ingredi
3329 2998 3502 3049 haud-

1941 3101 2208 3156 quaquam
2259 3085 2422 3139 licere
2469 3088 2781 3139 decerunnt.
2829 3085 3022 3138 Eorum
3071 3102 3234 3154 porro
3267 3087 3505 3152 nomine,

272 3179 338 3240 ὃς
378 3180 511 3248 περὶ
550 3179 843 3247 ὁμολογίας
889 3179 983 3232 τοῦ
1027 3179 1388 3248 παρθενεύειν
1419 3181 1840 3250 διαταττόμενος

1947 3176 2035 3244 qui
2069 3176 2453 3228 continentiam
2482 3174 2714 3243 professi
2750 3183 2897 3238 sunt,
2931 3177 3222 3230 mooachos
3255 3177 3503 3246 designe-

274 3272 339 3320 ἐν
372 3267 438 3321 ιθ⁹
466 3269 629 3321 αὑτοῦ
666 3270 854 3323 κανόνι
904 3270 1073 3338 φησίν
1099 3286 1114 3302 θ
1182 3271 1413 3340 Ἀνδρῶν
1448 3272 1504 3324 δέ
1553 3273 1840 3341 ὁμολογίαν

1949 3272 2092 3327 runt,
2121 3277 2184 3318 ex
2223 3277 2414 3331 magno
2447 3261 2668 3325 Basilio,
2709 3263 2798 3330 qui
2832 3264 2896 3317 de
2922 3264 3261 3331 professione
3289 3266 3506 3334 virgini-

273 3359 382 3410 οὐκ
423 3357 690 3426 ἐγνωμεν,
732 3360 873 3429 πλὴν
893 3361 942 3411 εἰ
977 3362 1051 3429 μή
1081 3378 1224 3422 τινες
1257 3363 1480 3422 ἑαυτοὺς
1502 3362 1580 3430 τῷ
1603 3364 1840 3431 τάγματι

1947 3356 2070 3406 tatis
2111 3352 2466 3422 prmcipieus,
2500 3353 2904 3407 undevicesimo
2941 3367 3148 3406 canone
3179 3371 3192 3405 :
3233 3352 3501 3417 Virorum,

277 3449 392 3500 τῶν
421 3449 754 3515 μοναζόντων
793 3450 1302 3519 ἐγκατηρίθμησαν,
1349 3451 1396 3502 οἳ
1447 3453 1584 3504 κατὰ
1619 3453 1677 3504 τὸ
1720 3470 1840 3504 αω-

1945 3444 2142 3512 inquit,
2181 3443 2379 3495 nullam
2414 3444 2660 3498 novimus
2695 3443 3104 3511 professionem,
3146 3458 3500 3512 prtum-quant

271 3535 536 3604 ⁸ιτώμενον
561 3536 778 3589 δοκοῦσι
810 3539 1215 3606 παραδέχεσθαι
1251 3539 1348 3609 τὴν
1402 3541 1667 3610 ἀγαμίαν.
1701 3544 1839 3605 Τοὺς

271 3620 377 3677 οὖν
437 3626 735 3696 κληρικοίις
799 3629 894 3680 καὶ
948 3627 1074 3690 τοὺς
1120 3627 1641 3700 ἐγκρατευομένους,
1688 3634 1839 3702 εἰμὴ

275 3715 436 3783 παρᾶ
464 3715 558 3768 τοῦ
586 3718 886 3770 ἐπισκόπου
927 3719 959 3788 ἢ
1008 3719 1117 3772 τῶν
1178 3721 1584 3790 πρεσϐυτέρων,
1641 3725 1839 3794 δηλαδὴ

275 3805 359 3874 μὴ
409 3806 675 3877 παρόντος
710 3809 1033 3871 ἐπισκόπου,
1064 3809 1439 3878 ἐπιτραπεῖεν,
1498 3815 1572 3880 μὴ
1614 3815 1839 3867 εἰσιέναι

271 3895 599 3948 κελεύουσιν
649 3900 727 3960 εἰς
778 3898 873 3960 τὰς
906 3899 1205 3967 εἰρημένας
1237 3902 1527 3967 γυναῖκας’
1572 3903 1665 3956 καὶ
1717 3905 1837 3956 τότε

266 3985 332 4037 δὲ
374 3987 449 4053 μὴ
482 3986 636 4054 μόνοι
665 3987 982 4053 είσίτωσαν,
1037 3988 1172 4042 ἀλλὰ
1207 3989 1344 4057 μετὰ
1378 3991 1761 4059 συγκληρικῶν
1801 3993 1833 4060 ἢ

272 4078 396 4144 μετ’
420 4075 666 4140 ἐκείνων,
701 4078 820 4146 μεθ’
848 4071 944 4143 ὧν,
977 4080 1070 4132 καὶ
1092 4082 1118 4133 ὁ
1151 4080 1444 4143 ἐπίσκοπος
1484 4083 1578 4134 καὶ
1620 4085 1667 4134 οἰ
1698 4101 1828 4153 πρε·

272 4163 530 4232 σσύτεροι
560 4165 760 4217 εἰσίασι
787 4167 922 4236 πρὸς
943 4168 1131 4231 αὑτάςο
1165 4170 1197 4239 ἢ
1225 4171 1340 4221 ἐκεῖ
1363 4173 1833 4240 ἐντυγχανέτωσαν

273 4257 490 4319 αὑταῖς,
523 4256 785 4307 ὅπουείσί
836 4256 1105 4326 κληρικοὶ,
1158 4260 1190 4327 ἢ
1241 4261 1380 4312 ὅπου
1444 4264 1585 4315 εἰσιν
1628 4263 1834 4334 ἔντιμοί

264 4362 413 4408 τινες
439 4347 780 4414 Χριστιανοὶ,
809 4346 952 4402 ὥστε
1007 4351 1190 4402 πᾶσαν
1230 4351 1465 4420 ὑποψίαν
1534 4357 1835 4424 περιαιρετ-

265 4434 416 4489 σθαι.
457 4437 595 4489 Κατ’
629 4438 933 4508 ἐπιτροπὴν
959 4439 1036 4505 δὲ,
1066 4445 1237 4510 φησιν
1258 4444 1286 4494 ὁ
1328 4443 1527 4510 κανὼν,
1580 4447 1613 4515 ἢ
1642 4446 1833 4499 συναί-

1942 3535 1985 3588 si
2039 3536 2130 3604 qui
2183 3534 2389 3604 seipsos
2439 3536 2824 3589 monachorum
2877 3536 3054 3589 ordini
3100 3539 3494 3605 inauciparunt,

1940 3628 2032 3695 qni
2071 3624 2288 3692 quidem
2328 3624 2546 3679 silentio
2573 3624 2884 3678 cmlibatum
2916 3625 3165 3678 videntur
3191 3626 3497 3680 admittere.

1939 3713 2130 3768 Clerici
2177 3712 2357 3781 igitur,
2400 3722 2454 3764 et
2501 3712 2591 3780 qui
2649 3713 3036 3765 continentiam
3084 3715 3312 3780 professi
3356 3727 3498 3776 sunt,

1941 3802 2040 3854 nisi
2086 3801 2152 3854 ab
2195 3801 2472 3869 episeopo,
2506 3801 2589 3853 vel
2659 3815 2688 3854 a
2717 3801 3074 3870 presbyteris,
3125 3803 3215 3856 illo
3255 3803 3500 3856 videlicet

1938 3892 2180 3956 absente,
2226 3890 2528 3945 facultatem
2577 3891 3006 3959 impetraverint,
3051 3900 3500 3944 commemorata!

1940 3981 2192 4033 mulieres
2240 3979 2388 4032 adire
2462 3979 2812 4046 prohibentur
2855 3990 2954 4032 :et
2997 3994 3126 4033 vero
3157 3994 3330 4048 neque
3373 3990 3498 4033 tunc

1938 4081 2150 4136 quoque
2179 4066 2302 4127 soli,
2332 4067 2424 4120 sed
2461 4066 2544 4120 vel
2577 4067 2872 4122 consociati
2915 4068 3150 4132 clericis,
3178 4070 3258 4123 vel
3287 4083 3496 4133 eorum,

1935 4172 2071 4226 quos
2114 4172 2294 4211 secum
2350 4157 2640 4226 episcopus
2683 4167 2734 4211 et
2785 4160 3080 4229 presbyteri
3139 4161 3203 4212 ad
3247 4160 3364 4214 illas
3404 4162 3496 4212 ad-

1933 4258 2122 4301 euntes
2143 4246 2399 4300 adbibere
2422 4247 2616 4311 solent,
2641 4250 2895 4302 comitatu
2927 4251 3061 4317 septi
3093 4249 3492 4318 ingrediantur;

1934 4347 2026 4392 aut
2063 4339 2153 4392 ubi
2200 4338 2380 4394 clerici
2414 4340 2612 4408 aliique
2654 4340 2860 4392 honesti
2911 4339 3159 4393 homines
3199 4340 3490 4393 Christiani

1935 4429 2220 4490 intersint,
2271 4436 2330 4480 ut
2377 4429 2571 4482 nullius
2616 4431 2908 4497 suspicioni
2945 4430 3277 4498 relinquatur
3321 4431 3490 4495 locus,

262 4542 413 4579 νεσιν
438 4525 533 4578 τοῦ
564 4527 696 4578 ίδίου
726 4530 1052 4583 ἐπισκόπου.
1083 4531 1154 4582 Ἢ
1175 4531 1283 4600 γὰρ
1312 4533 1522 4593 ἐκεῖνος
1543 4513 1826 4603 ἐπιτρέψει

1942 4535 2027 4575 eas
2074 4520 2435 4588 alloquamur.
2481 4519 2551 4572 Ex
2586 4521 2940 4588 permissione
2967 4531 3169 4585 autem,
3201 4522 3372 4590 inquit
3401 4539 3493 4577 ca-

263 4615 347 4685 τῴ
367 4616 619 4686 κληρικῴ
637 4616 730 4686 ἀφ’
760 4618 960 4670 ἑαυτοῦ
997 4619 1238 4688 κινηθεὶς
1269 4621 1357 4672 διά
1386 4637 1506 4673 τινα
1533 4623 1743 4692 χρείαν,
1789 4624 1823 4694 ἡ

265 4725 414 4769 τινος
472 4710 583 4761 τῶν
639 4710 946 4779 εἰρημένων
1001 4711 1326 4780 αἰτήσαντος
1377 4717 1661 4781 συντυχεῖν
1706 4717 1826 4776 ταῖς

263 4798 593 4866 εἰρημέναις
623 4799 869 4867 γυναιξὶν
889 4800 1069 4865 αἰτίας
1103 4802 1444 4872 ἀπαιτούσης
1474 4805 1500 4855 ὁ
1525 4803 1823 4866 ἐπίσκοπος

265 4892 529 4943 συναινεί.

259 5065 484 5119 ΑΡΙΣΤ-
527 5086 545 5116 ι
587 5067 851 5135 Κληρικοὶ
885 5069 980 5119 καὶ
1037 5069 1499 5139 ἐγκρατευόμενοι
1545 5071 1742 5140 χήραις
1788 5070 1819 5138 ἢ

336 5172 354 5203 ι
395 5153 691 5222 παρθένοις
721 5156 796 5225 μὴ
825 5159 1199 5226 προσιέτωσαν
1223 5161 1272 5210 εί
1305 5159 1379 5229 μὴ
1393 5162 1693 5212 ἐπισκόπου
1725 5161 1818 5212 καὶ

334 5260 352 5294 ι
390 5245 768 5314 πρεσϐυτέρου
796 5251 1031 5318 ἐπιταγῇ
1055 5263 1073 5279 ο
1103 5249 1194 5300 καὶ
1215 5249 1357 5302 οὕτω
1379 5250 1452 5320 μὴ
1481 5251 1651 5319 μόνοι,
1679 5253 1816 5304 ἀλλὰ

332 5352 350 5383 ι
395 5335 518 5403 μεθ’
561 5329 637 5388 ὧν
689 5339 1050 5406 πρεσϐύτεροι
1099 5341 1192 5392 καί
1248 5340 1490 5392 διάκονοι
1545 5342 1676 5407 πρὸς
1724 5344 1818 5406 τὰς

331 5440 349 5471 t
391 5423 652 5486 τοιαύτας
685 5427 940 5480 εἰσίασιν.
981 5445 1000 5479 ι

326 5515 415 5563 Δεῖ
449 5515 634 5566 πᾶσαν
654 5511 794 5566 εἶναι
823 5519 1123 5583 ἀσφάλειαν
1153 5520 1260 5571 τῶν
1281 5521 1560 5589 παρθένων
1593 5522 1810 5574 καὶτῶν

248 5603 457 5670 κηρῶν.
492 5605 605 5656 τῶν
649 5608 1002 5676 τεταγμένων
1028 5614 1092 5682 τῇ
1135 5611 1446 5681 Ἐκκλησία,
1475 5613 1568 5666 καὶ
1590 5612 1680 5666 ὑπ’
1707 5614 1804 5667 ab-

329 5777 414 5835 ιιι
447 5782 574 5840 Cor.
613 5799 667 5851 ι,
706 5784 795 5839 52.

1932 4627 2062 4676 nun,
2121 4611 2323 4680 prOprii
2379 4612 2641 4680 episcopi,
2689 4612 2769 4664 vel
2814 4627 3097 4667 consensu.
3134 4612 3266 4666 Nam
3316 4616 3393 4669 vel
3446 4618 3489 4670 is

1932 4718 2030 4756 sua
2096 4711 2286 4770 sponte
2331 4701 2531 4756 clerico
2567 4703 2636 4757 ob
2680 4703 2960 4756 utilitatem
3014 4704 3242 4771 aliquam
3279 4705 3326 4756 id
3370 4721 3487 4774 per-

1931 4793 2130 4856 mittet,
2157 4792 2239 4846 vel
2280 4793 2347 4846 ab
2391 4790 2571 4859 aliquo
2602 4807 2787 4846 eorum
2823 4807 2958 4859 quos
2991 4793 3224 4848 diximus
3254 4807 3484 4864 rogatus,

1935 4883 2026 4951 qui
2050 4891 2390 4936 enumeratas
2426 4882 2696 4948 mulieres,
2732 4883 2872 4950 justa
2912 4896 3069 4935 causa
3101 4883 3483 4948 intercedente,

1932 4973 2219 5026 cuuvenire
2244 4972 2390 5036 velit,
2427 4974 2708 5040 episcopus
2734 4983 2956 5027 annuet.

1929 5060 2152 5116 ARIST.
2193 5080 2210 5112 t
2253 5063 2444 5117 Clerici
2480 5072 2528 5116 et
2565 5066 2902 5119 continentes
2931 5068 2995 5121 ad
3030 5068 3217 5121 viduas
3254 5064 3331 5117 vel
3373 5063 3481 5115 vir-

2006 5172 2024 5204 ι
2063 5155 2215 5223 gines
2257 5170 2325 5207 ne
2360 5154 2654 5218 accedant;
2692 5155 2791 5208 nisi
2815 5156 2966 5224 jussu
3007 5157 3239 5225 episcopi
3269 5165 3321 5208 et
3361 5167 3483 5220 prc-

1998 5258 2015 5289 ι
2057 5241 2255 5309 sbyteri
2287 5255 2302 5291 :
2329 5248 2382 5292 et
2404 5239 2479 5292 sic
2510 5253 2612 5291 non
2633 5240 2754 5304 soli,
2786 5241 2875 5292 sed
2901 5256 3018 5293 cum
3053 5243 3138 5304 iis,
3161 5240 3478 5309 quibuscum

1988 5351 2006 5382 ι
2044 5329 2343 5400 presbyteri
2370 5339 2422 5382 et
2452 5330 2659 5384 diaconi
2691 5331 2756 5383 ad
2791 5344 2881 5383 cas
2915 5332 3198 5385 accedunt.
3243 5347 3262 5379 ι

1910 5554 1914 5558 λ
1990 5523 2214 5577 Omnem
2235 5534 2443 5589 oportet
2469 5523 2704 5575 adltilgeti
2732 5538 2911 5574 curam
2939 5523 3199 5590 virginum
3222 5532 3273 5576 et
3299 5523 3482 5574 vidua-

1927 5629 2042 5668 rum
2089 5614 2140 5666 in
2183 5613 2420 5668 Ecclesia
2468 5613 2900 5677 constittttarum,
2943 5621 2995 5665 et
3036 5610 3102 5664 ab
3135 5627 3194 5666 ea
3229 5614 3479 5671 altarum.
