4148 6454
636 355 738 416 175
1863 355 2138 418 ΤΗΕΟΙ).
2171 356 2563 424 ΒΑιεΑΜοΝ

705 489 723 522 ι
758 470 1044 541 Presbyter
1082 480 1259 525 autem
1311 478 1503 540 praeter
1547 470 1663 539 ejus
1694 472 2038 534 sententiam,
2075 487 2166 524 nec
2199 481 2243 534 Α

700 581 718 612 ι
756 561 1006 616 cessitate
1033 561 1362 631 impellente,
1391 560 1758 629 paenitentiam
1791 570 2034 631 agentem
2057 576 2162 614 non

699 670 717 702 ι
759 651 1151 706 reconciliahit.
1189 670 1208 703 ι

696 743 796 810 Qui
831 759 860 798 a
902 743 1010 798 Deo
1041 745 1240 812 ligandi
1273 753 1326 798 ct
1373 743 1618 798 solvendi
1669 753 1987 810 potestatem
2014 757 2167 796 acce-

622 845 840 904 perunt,
885 839 1180 889 secundum
1235 835 1553 888 delictorum
1582 833 1891 902 qualitatem
1921 843 1975 886 et
2000 834 2168 887 delin-

625 926 912 991 quentibus
1002 927 1432 986 conversionem,
1515 924 1774 992 supplicia
1853 926 2164 976 decernent.

623 1013 912 1082 Presbyter
968 1023 1168 1076 autem,
1223 1024 1418 1081 printer
1469 1011 1704 1078 episcopi
1763 1011 2079 1065 sententiam
2105 1025 2166 1064 ea

624 1121 722 1158 nec
761 1117 956 1170 augere
1013 1113 1192 1170 potest
1241 1115 1339 1154 nec
1371 1101 1630 1160 minuere,
1674 1113 1770 1152 nec
1796 1099 2165 1167 pwnitentiam

627 1206 844 1262 agentes
873 1193 937 1244 ad
975 1194 1200 1260 gratiam
1237 1190 1498 1257 recipere,
1535 1199 1586 1240 et
1613 1190 1809 1240 divinis
1845 1203 1938 1241 eos
1960 1188 2166 1256 dignari

621 1281 994 1343 sacramentis,
1025 1279 1268 1348 quamvis
1336 1293 1559 1346 peregre
1612 1277 1890 1346 profectus
1923 1277 1994 1329 sit
2049 1277 2164 1344 epi-

3729 357 3832 422 176

2353 494 2372 527 ι
2408 476 2464 530 δι
2497 478 2646 548 παρά
2675 477 2902 549 γνώμην
2931 485 3118 533 τούτου
3139 478 3246 531 οὐδ’
3285 477 3528 548 ἀνάγκης
3561 477 3831 530 συνωθου-

2351 585 2370 618 ε
2409 585 2507 638 σης
2537 571 2858 635 καταλλάξει
2892 570 3271 640 μετανοοῦντα.
3299 589 3319 621 ι

2343 741 2406 794 Οί
2431 741 2582 811 παρὰ
2605 742 2739 796 Θεοῦ
2763 745 3018 807 λαϐόντες
3042 744 3288 808 ἐξουσίαν
3311 745 3530 814 δεσμεῖν
3557 749 3654 797 καὶ
3673 742 3828 796 λύειν

2271 832 2401 900 πρὸς
2437 832 2534 901 τὴν
2565 833 2822 898 ποιότητα
2845 834 2950 888 τῶν
2975 834 3387 904 ἁμαρτημάτων
3432 837 3528 886 καὶ
3572 834 3672 901 τὴν
3698 834 3823 884 ἔπι-

2272 922 2507 989 στροφὴν
2560 923 2654 974 τοῦ
2695 924 3070 992 ἡμαρτηκότος
3125 925 3192 976 τά
3238 924 3492 990 ἐπιτίμια
3547 925 3820 992 δρίσουσι.

2275 1013 2650 1080 Πρεασύτερος
2682 1013 2735 1065 δι
2773 1016 2924 1081 παρά
2955 1015 3178 1084 γνώμην
3225 1013 3322 1067 τοῦ
3352 1016 3656 1067 ἑπισκόπου
3692 1012 3821 1066 οὔτε

2269 1100 2452 1162 αὔξειν
2483 1103 2514 1166 ἢ
2546 1103 2731 1170 μειοῦν
2757 1105 2894 1156 αὐτὰ
2917 1104 3162 1168 δύναται,
3190 1103 3313 1156 οὔτε
3340 1115 3470 1166 τοὺς
3503 1103 3826 1172 μετανοοῦν-

2271 1207 2369 1252 τας
2402 1193 2811 1254 καταλλάσσειν,
2842 1194 2940 1246 κᾶν
2974 1197 3227 1263 ἀποδημῇ
3281 1196 3310 1245 δ
3353 1195 3670 1258 ἐπίσκοπος,
3729 1197 3824 1247 καὶ

2271 1283 2382 1334 τῶν
2405 1283 2564 1337 θείων
2583 1285 2778 1348 αὐτοὺς
2807 1287 2993 1352 ἀξιοῦν
3019 1289 3399 1356 ἀγιασμάτων.

622 1385 841 1438 Scopns.

1073 1458 1232 1527 570
1251 1454 1472 1509 CANON
1510 1452 1713 1508 XLVII.

629 1573 645 1603 ι
683 1553 756 1605 De
812 1550 1129 1620 virginibus.
1187 1547 1254 1601 Ut
1311 1561 1480 1600 sacra:
1533 1546 1805 1612 virgines,
1856 1544 2073 1612 quando
2134 1557 2162 1595 a

696 1661 714 1692 ι
759 1644 998 1710 patribus
1040 1653 1270 1705 quorum
1303 1638 1475 1688 orulis
1518 1635 1661 1688 domi
1711 1635 2163 1696 observabantnr,

693 1753 711 1784 ι
748 1741 1008 1799 separatae
1055 1729 1276 1790 fuerint,
1308 1727 1572 1794 episcopi,
1620 1726 1700 1777 vel
1753 1726 1863 1792 ipso
1919 1725 2164 1786 absente,

707 1842 725 1874 ι
768 1821 1068 1892 presbyteri
1132 1821 1470 1889 prOvidentia
1503 1817 1985 1871 venerabilioribus
2014 1815 2167 1867 femi-
2199 1811 2239 1864 Β

700 1932 716 1961 ι
767 1914 847 1964 nis
880 1911 1347 1970 commendeutur,
1385 1908 1465 1960 vel
1499 1918 1554 1960 ut
1593 1907 1751 1958 simul
1782 1905 2081 1958 habitantes
2111 1917 2167 1955 se

699 2022 716 2054 ι
761 2005 987 2055 invicem
1010 2001 1344 2064 custodiant;
1371 2013 1437 2051 ne
1473 2001 1671 2065 passim
1707 1998 1950 2065 vagando
1980 1996 2170 2049 existi-

701 2115 717 2142 ε
755 2093 1041 2145 matiouem
1073 2090 1324 2143 Ecclesia:
1361 2089 1575 2140 lzedant.
1617 2105 1636 2138 ι

691 2181 880 2234 BALS.
936 2181 1240 2234 Centesima
1332 2178 1582 2230 vicesima
1647 2177 1800 2228 lcrlia
1877 2174 2164 2228 Jitstiniani

619 2273 851 2334 notella,
901 2286 996 2326 aeu
1057 2283 1172 2337 cap.
1221 2268 1274 2333 4,
1334 2268 1490 2336 primi
1547 2268 1626 2318 tit.
1663 2267 1756 2318 lib.
1787 2283 1863 2327 tv,
1896 2269 2006 2318 haec
2038 2267 2166 2318 dicit

621 2374 804 2432 aperte
872 2379 886 2413 :
944 2361 1002 2413 In
1054 2361 1300 2412 omnibus
1357 2369 1536 2410 autem
1613 2357 1974 2421 monasteriis,
2049 2372 2168 2425 qua:

619 2453 864 2508 cmllobia
894 2462 1175 2513 vocantur,
1203 2449 1470 2517 jnbcuius,
1503 2459 1579 2510 ut,
1610 2453 1904 2500 secundum
1931 2460 2168 2499 canones

2865 1461 3102 1514 ΚΔΝΩΝ
3136 1463 3247 1516 ΜΖ⁹

2273 1565 2290 1596 ι
2335 1547 2466 1615 Περὶ
2503 1548 2806 1616 παρθένων.
2841 1550 3000 1603 Ὥστε
3049 1554 3145 1614 τὰς
3181 1553 3330 1622 ίεράς
3354 1553 3676 1625 παρθένους,
3727 1557 3818 1608 ὅτε

2351 1654 2368 1686 ι
2408 1637 2515 1688 τῶν
2543 1639 2794 1708 πατέρων
2822 1641 3182 1710 χωρίσωνται,
3223 1641 3281 1704 ἐξ
3313 1635 3388 1696 ὧν
3433 1641 3816 1710 ἀφυλάττοντο,

2346 1742 2364 1774 ι
2404 1727 2470 1793 τῇ
2521 1725 2614 1777 τοῦ
2663 1729 2979 1790 ἐπισκόπου,
3035 1730 3067 1797 ἢ
3123 1731 3288 1784 αὑτοῦ
3340 1733 3569 1794 ἀπόντος
3627 1736 3695 1802 τῇ
3720 1733 3822 1785 τοῦ

2342 1832 2360 1864 ι
2399 1815 2768 1884 πρεσσυτέρου
2799 1820 3024 1887 προνοίᾳ
3071 1822 3190 1881 ταῖς
3215 1823 3568 1890 τιμιωτέραις
3591 1823 3807 1890 γυναιξὶ

2345 1922 2363 1953 ι
2401 1905 2816 1972 παρατίθεσθαι,
2853 1907 3028 1976 ῆᾰμα
3061 1910 3418 1972 κατοικούσας
3463 1913 3696 1981 ἀλλήλας
3724 1929 3822 1980 φυ-

2347 2013 2366 2044 ε
2405 1995 2638 2056 λάττειν,
2673 1997 2756 2048 ἵνα
2783 1997 2854 2065 μὴ
2883 1999 3159 2066 πανταχοῦ
3187 1999 3522 2070 πλαζόμεναι
3565 2001 3663 2068 τὴν
3688 2003 3822 2053 ὑπόο

2345 2107 2361 2134 ι
2405 2085 2562 2154 ληψιν
2601 2086 2843 2154 βλάψωσι
2875 2090 2972 2154 τῆς
3017 2090 3363 2157 Ἐκκλησίας.
3401 2110 3418 2139 ι

2340 2176 2531 2228 ΒᾹΛΣ.
2576 2176 2636 2228 Ἥ
2674 2177 2771 2245 μὲν
2803 2184 2922 2246 ρκγ¹
2969 2179 3398 2240 Ἰουστινιάνειος
3427 2182 3617 2250 νεαρὰ,
3654 2183 3826 2252 ἤγουν

2267 2267 2327 2317 τὸ
2355 2268 2394 2318 δ’
2427 2284 2552 2333 κεφ.
2589 2265 2682 2320 τοῦ
2735 2267 2783 2319 α’
2816 2269 2994 2321 τίτλου
3035 2269 3131 2322 τοῦ
3165 2269 3205 2322 δ’
3246 2271 3454 2340 βιϐλίου
3487 2275 3624 2339 φησι
3653 2275 3824 2326 ταῦτα

2271 2357 2449 2426 ῥητῶς
2474 2373 2487 2386 ο
2524 2358 2612 2408 Ἕν
2643 2359 2812 2411 ἅπασι
2847 2359 2902 2410 δὲ
2934 2363 3044 2421 τοῖς
3100 2363 3504 2432 μοναστηρίοις,
3534 2365 3675 2432 ἇπερ
3713 2383 3824 2417 ιιοι-

2271 2446 2418 2498 νόϐια
2453 2445 2764 2509 καλοῦνται,
2795 2450 3092 2519 κελεύομεν
3144 2455 3284 2504 κατά
3323 2455 3450 2515 τοὺς
3501 2457 3824 2522 μοναχικοίις

623 2542 970 2604 monasticos,
1013 2544 1066 2592 in
1104 2554 1206 2592 una
1247 2538 1405 2590 domo
1433 2550 1620 2588 omnes
1649 2536 1892 2588 habitent
1932 2545 1984 2587 et
2019 2548 2165 2587 com-

619 2633 852 2685 muniter
901 2631 1135 2694 alantur,
1183 2637 1237 2681 et
1278 2627 1528 2681 similiter
1557 2627 1608 2678 in
1643 2642 1744 2678 una
1793 2627 1949 2679 domo
1977 2639 2167 2677 omnes

619 2723 906 2792 separatim
951 2721 1256 2783 dormiant;
1310 2731 1367 2771 ut
1418 2719 1518 2770 sibi
1584 2717 1811 2771 invicem
1881 2717 2168 2770 moderata:

620 2814 1074 2881 temperandisque
1145 2811 1264 2863 vitae
1335 2809 1562 2862 rationis
1627 2808 1994 2861 testimonium
2032 2821 2168 2873 pra:-

2269 2539 2497 2600 κανόνας
2529 2542 2586 2591 ἐν
2614 2541 2694 2590 ἑνὶ
2727 2539 2859 2609 οἴκῳ
2887 2543 3094 2606 πάντας
3124 2547 3314 2606 οἰκεῖν,
3345 2549 3438 2597 καὶ
3473 2547 3666 2609 κοινῶς
3695 2550 3824 2614 τρίς

2269 2629 2481 2694 φεσθαι,
2518 2631 2658 2682 κατά
2713 2631 2804 2682 τὸν
2848 2634 3036 2701 ὅμοιον
3090 2635 3308 2703 τρόπον,
3346 2636 3437 2687 καὶ
3488 2638 3545 2687 ἐν
3582 2637 3660 2688 ἐνὶ
3687 2637 3828 2702 οἴκῳ

2268 2718 2474 2779 πάντας
2530 2721 2950 2787 κεχωρισμένως
3000 2722 3306 2789 καθεύδειν,
3360 2724 3498 2776 ὥστε
3530 2726 3826 2793 ἀμοιϐαδὸν

2267 2807 2516 2876 ἀλλήλοις
2547 2809 2853 2876 μαρτυρίαν
2903 2810 3000 2877 τῆς
3033 2809 3307 2880 σώφρονος
3341 2813 3619 2881 διαγωγῆς
3667 2830 3822 2881 παρ-

621 2907 824 2957 beaut:
879 2903 1066 2954 iisdem
1108 2899 1355 2953 omnibus
1389 2901 1550 2950 etiam
1602 2900 1652 2950 in
1691 2898 2012 2951 leminarum
2047 2913 2165 2952 mo-

2272 2897 2410 2964 ἐχειν
2439 2898 2666 2959 αὐτούς·
2701 2893 2906 2950 τούτων
2936 2902 3190 2954 ἁπάντων
3221 2903 3314 2954 καὶ
3373 2906 3504 2970 περὶ
3535 2902 3603 2954 τὰ
3655 2921 3824 2972 μοναο

621 2994 871 3048 nasteriis
919 2991 1310 3056 asceteriisque
1360 2989 1605 3042 servatis.
1669 2988 1912 3040 Praesens
1987 2999 2165 3040 autem

2272 2989 2463 3056 στήρια
2492 2989 2584 3040 καὶ
2609 2989 2915 3055 ἀσκητήρια
2941 2991 3047 3042 τῶν
3078 2991 3354 3056 γυναικῶν
3406 2994 3825 3060 παραφυλαττο-

617 3100 787 3135 mnon
826 3081 1032 3142 statuit,
1073 3088 1130 3131 ut
1167 3078 1399 3146 virgines
1429 3076 1533 3129 Deo
1565 3077 1844 3142 dedicata,
1875 3093 1903 3128 a
1937 3076 2166 3144 pr0piiis

2273 3077 2448 3142 μένων
2470 3091 2483 3104 ’
2512 3078 2540 3129 ὁ
2573 3078 2629 3128 δὶ
2654 3079 2842 3144 παρὼν
2867 3078 3044 3129 κανὼν
3078 3079 3369 3148 διορίζεται
3419 3084 3517 3143 τὰς
3544 3082 3824 3135 ἀνατεθει-

621 3175 862 3244 patribus
926 3179 1209 3240 separatze,
1240 3183 1340 3222 n0n
1376 3185 1469 3236 per
1500 3184 1556 3222 se
1584 3169 1776 3235 degant
1805 3185 1818 3220 :
1853 3167 1943 3220 sed
1975 3171 2097 3234 quia
2136 3182 2164 3218 a

621 3269 862 3337 patribus
889 3265 1268 3324 servabantur,
1311 3270 1428 3330 post
1459 3277 1641 3314 earum
1686 3271 1860 3312 autem
1899 3260 1953 3311 in
1987 3258 2166 3325 eccle-

618 3361 694 3410 sia
729 3355 1146 3415 dedicationem,
1175 3366 1236 3404 ea
1269 3364 1475 3418 patrum
1504 3351 1744 3403 custodia
1771 3358 1822 3402 et
1854 3349 2167 3401 observatio

619 3449 888 3510 cessavit;
915 3441 1379 3509 debentepiscopi,
1412 3440 1491 3492 vel
1520 3441 1584 3492 iis
1610 3439 1921 3492 absentibus
1946 3439 2168 3506 presby-

626 3537 754 3598 ieii,
780 3551 869 3588 eas
900 3531 1220 3586 venerandis
1258 3527 1568 3581 mulieribus
1615 3527 1846 3588 tradere,
1899 3535 1954 3576 ut
2001 3527 2066 3579 ab
2107 3525 2172 3577 iis

622 3643 719 3694 per
781 3638 1124 3679 communem
1171 3621 1291 3674 vita:
1346 3620 1661 3673 sacietatem
1720 3622 2021 3669 servt'ntur.
2077 3616 2170 3667 Sin

620 3718 822 3776 minus,
882 3728 1069 3765 omnes
1113 3725 1282 3764 sacra:
1338 3709 1570 3776 virgines
1621 3706 1779 3761 simul
1837 3705 2173 3767 habitent,ut

622 3806 781 3861 simul
843 3805 1080 3856 viventes
1136 3801 1340 3866 seipsas
1408 3800 1632 3850 invicem
1686 3804 1902 3849 servent
1940 3811 1952 3846 :
1987 3805 2171 3848 etnon

621 3907 865 3949 errantes
893 3933 906 3959 ,
972 3907 1066 3946 seu
1099 3891 1186 3944 hic
1235 3899 1285 3942 et
1322 3888 1426 3940 illic
1474 3885 2171 3955 agentes,‘ecclesiastit-am

619 3992 741 4042 vita:
762 3990 1095 4040 honestatem
1118 3989 1170 4033 et
1200 3977 1618 4032 moderationem
1645 3975 2171 4043 polluant,quouiam

625 4095 726 4130 non
758 4080 949 4129 bOnain
996 4074 1076 4125 sui
1137 4068 1586 4124 existimationem
1636 4067 1923 4133 przebeant.
1957 4065 2019 4118 Et
2065 4065 2176 4117 hazc

624 4168 836 4233 quidem
870 4165 1011 4231 leges
1035 4169 1088 4213 et
1137 4173 1395 4212 canones.
1437 4156 1604 4210 llodie
1633 4166 1808 4208 autem
1837 4169 2020 4222 parum
2052 4153 2174 4222 quid

622 4271 805 4310 eorum
840 4256 918 4308 vel
960 4249 1342 4321 propemodum
1390 4248 1522 4300 nihil
1561 4248 1638 4298 tit.
1694 4245 1824 4298 Nam
1858 4257 2028 4310 neque
2063 4258 2180 4296 Ino-

625 4348 780 4401 nachi
859 4342 1311 4398 monasteriorum
1376 4337 1609 4389 virorum
1668 4336 1829 4388 simul
1911 4334 2171 4394 habitant,

2275 3168 2436 3234 μένας
2493 3167 2571 3236 τῷ
2604 3166 2721 3235 Θεῷ
2760 3167 3079 3237 παρθένους,
3141 3171 3513 3241 χωριζομένας
3565 3173 3676 3226 ἀπὸ
3715 3173 3829 3226 τῶν

2269 3259 2481 3309 οἰκηίων
2509 3260 2780 3326 πατέρων,
2815 3259 2890 3326 μη
2911 3258 3033 3310 καθ’
3057 3261 3256 3324 ἑαυτάς
3282 3262 3489 3328 διάγειν
3509 3303 3524 3327 ,
3556 3263 3673 3316 ἀλλ’
3701 3266 3831 3316 ἐπει

2271 3348 2420 3414 παρά
2449 3347 2557 3397 τῶν
2589 3347 2841 3414 πατέρων
2871 3349 3250 3414 ἐφυλάττοντο,
3285 3353 3316 3419 ἠ
3349 3351 3403 3403 δὲ
3455 3353 3676 3421 τοιαύτη
3725 3370 3828 3421 φυ-

2269 3436 2410 3504 λακὴ
2440 3436 2576 3502 μετά
2606 3437 2705 3504 τὴν
2729 3439 2808 3492 είς
2837 3437 2934 3505 τὴν
2972 3437 3294 3506 Ἐκκλησίαν
3339 3441 3593 3492 ἀνάθεσιν
3642 3441 3828 3494 αὐτῶν

2272 3524 2583 3590 ἀπέλειψεν,
2619 3525 2924 3590 ὀφείλουσιν
2955 3527 3003 3578 οί
3036 3528 3321 3580 ἐπίσκοποι
3347 3529 3380 3596 ἢ
3427 3528 3637 3582 τούτων
3655 3531 3828 3583 ἀπόν-

2272 3628 2378 3663 των
2396 3613 2445 3662 oi.
2470 3611 2824 3681 πρεσδύτεροι
2857 3613 3207 3681 παραδιδόναι
3253 3615 3449 3678 ταύτας
3482 3621 3706 3685 σεμναῖς
3729 3634 3828 3685 γυ·

2276 3700 2467 3764 ναιξὶν,
2507 3702 2589 3766 ίφ⁹
2622 3699 2664 3765 ᾧ
2695 3703 2798 3752 ὑπὸ
2827 3702 3032 3754 τούτων
3062 3704 3150 3756 διὰ
3197 3704 3295 3785 τῆς
3319 3707 3588 3774 δμοζωῖας
3626 3708 3827 3773 φυλάτο

2278 3791 2488 3844 τεσθαι.
2529 3792 2603 3844 'H
2630 3793 2677 3843 εί
2712 3791 2785 3860 μὴ
2844 3791 3021 3854 τοῦτο,
3059 3794 3239 3854 πάσας
3291 3795 3386 3855 τὰς
3426 3796 3577 3862 ίεράς
3627 3796 3832 3860 ταύτας

2275 3882 2572 3950 παρθένους
2597 3881 2728 3948 ὁμοῦ
2761 3885 3057 3946 κατοικεῖν,
3091 3885 3176 3934 ἵνα
3207 3883 3444 3946 συζῶααι
3475 3886 3832 3951 φυλάττωσιν

2273 3972 2527 4041 ἀλλήλας,
2561 3973 2654 4024 καὶ
2684 3972 2758 4040 μὴ
2785 3973 3138 4040 πλαξόμεναι,
3195 3976 3362 4044 ἧγουν
3418 3975 3544 4044 τῇδε
3596 3976 3826 4027 κάκεῖσε

2272 4063 2644 4132 διατρίϐουσαι
2701 4063 2798 4132 τὴν
2829 4065 3289 4134 ὲκκλησιαστικὴν
3339 4066 3638 4135 ευκοσμίαν
3667 4067 3830 4136 μολύ-

2277 4171 2408 4208 vum
2439 4155 2525 4206 διὰ
2584 4155 2678 4206 τοῦ
2723 4154 2925 4207 διδόναι
2963 4157 3065 4207 οὐκ
3115 4156 3322 4223 ἀγαθὰς
3366 4157 3656 4226 ὑπολήψεις
3709 4157 3828 4209 κατ’

2273 4247 2473 4299 αὐτῶν.
2501 4231 2612 4299 Ral
2642 4251 2668 4300 ό
2703 4247 2799 4314 μὲν
2830 4247 2990 4314 νόμος
3020 4250 3110 4299 καὶ
3135 4250 3184 4299 oi
3229 4250 3454 4310 κανόνες
3507 4251 3565 4300 ὲν
3598 4249 3824 4307 τούτοις·

2276 4340 2513 4406 σήμερον
2561 4337 2619 4388 δὲ
2669 4336 2774 4387 ἀπὸ
2804 4336 3008 4388 τούτων
3057 4337 3199 4400 τέως
3249 4339 3326 4398 είς
3361 4337 3508 4405 ἡμᾶς
3569 4337 3762 4406 μικρὸν
3791 4338 3826 4405 ἢ

623 4453 796 4505 neque
832 4435 1075 4488 ascen-ian
1106 4449 1119 4484 ε
1159 4433 1209 4484 ἱιι
1240 4431 1368 4483 solis
1396 4438 1571 4480 autem
1602 4426 1882 4479 mulierum
1915 4424 2174 4478 cmuobiis

2279 4428 2428 4479 οὐδὲν
2462 4427 2644 4494 σχεδὸν
2676 4427 2884 4493 γίνεται
2905 4441 2920 4456 ο
2951 4425 3074 4478 οὗτε
3107 4428 3214 4496 γὰρ
3266 4428 3315 4477 οί
3353 4426 3578 4494 μοναχοὶ
3611 4427 3717 4479 τῶν
3743 4427 3830 4478 ἀνο

625 4526 968 4580 monasteriis
995 4535 1242 4576 servatur
1272 4522 1384 4574 haec
1438 4517 1738 4571 communis
1770 4516 1928 4568 simul
1967 4517 2176 4568 vivendi

624 4620 762 4670 talio
796 4625 849 4670 et
917 4614 1197 4668 habitatio.
1249 4613 1400 4678 Apud
1429 4608 1651 4663 Latinos
1677 4619 1856 4662 autem
1899 4609 2179 4676 hucusque

623 4719 866 4761 servatur
895 4719 958 4758 ea
986 4705 1106 4756 viia:
1137 4703 1293 4755 ratio.
1323 4700 1522 4754 Omnes
1567 4701 1711 4752 enim
1742 4698 1991 4753 monachi
2019 4699 2177 4752 simul

621 4804 986 4853 coinednntet
1026 4797 1320 4851 dormiunt.
1390 4793 1528 4861 Lege
1571 4803 1623 4846 et
1665 4808 1923 4846 canonein
1970 4794 2000 4844 6
2042 4807 2180 4860 prrs-

626 4893 794 4944 scntis
827 4888 1014 4958 synodi
1060 4900 1112 4938 et
1143 4902 1260 4954 quin
1296 4885 1346 4936 in
1400 4899 1464 4938 eo
1511 4893 1633 4935 sunt
1677 4881 1866 4951 (fusius
1895 4883 2036 4934 enim
2067 4881 2173 4934 illic

628 4989 913 5034 tractatum
971 4987 1072 5037 est,
1139 4975 1404 5044 quomodo
1457 4983 1845 5025 consecrantur
1898 4972 2170 5037 virgines,

623 5078 784 5125 etiam
814 5073 926 5123 sine
953 5068 1251 5122 monaebali
1279 5065 1505 5135 habitu),
1534 5075 1584 5118 et
1617 5078 1872 5117 canonem
1906 5064 1971 5116 18
2004 5064 2176 5117 sancti

626 5164 828 5216 Basilii.

695 5425 940 5480 ZONAR.
975 5423 1136 5476 Sexto
1162 5421 1323 5490 hujus
1353 5421 1540 5490 synodi
1565 5435 1766 5474 canone
1795 5421 1859 5473 de
1881 5417 2179 5485 puellarum

630 5519 1038 5572 consecratione
1077 5523 1160 5566 cst
1192 5524 1389 5566 artum.
1433 5511 1578 5575 Quas
1627 5513 1787 5579 igitur
1833 5511 1903 5561 ibi
1942 5517 2180 5561 sacratas

625 5611 849 5679 puellas,
914 5607 1014 5659 hoc
1048 5606 1165 5656 loco
1201 5618 1385 5656 sacras
1419 5602 1655 5668 virgines
1703 5601 2014 5652 nominavit.
2044 5598 2173 5651 Nam

628 5717 721 5769 pro
755 5697 1046 5765 virginibus
1069 5695 1362 5764 puellarum
1398 5708 1590 5744 nomen
1642 5706 1898 5758 usurpare
1935 5707 2046 5743 nios
2071 5699 2171 5743 est.

2277 4517 2464 4587 δρῴων
2489 4518 2864 4585 μοναστηρίων
2881 4514 3016 4583 ὁμοῦ
3042 4516 3411 4578 κατοικοῦσιν,
3429 4515 3552 4568 οὔτε
3574 4517 3631 4568 ai
3657 4518 3829 4586 ἀσκήο

2274 4625 2424 4676 τριαι
2445 4621 2458 4634 ⁸
2491 4608 2575 4669 είς
2605 4607 2740 4673 μόνα
2772 4607 2825 4657 δὲ
2859 4609 2926 4658 τὰ
2959 4608 3244 4672 γυναικεῖα
3274 4605 3514 4657 κοινόσια
3565 4616 3834 4674 μοναστῂο

2283 4713 2373 4765 ρια
2405 4696 2747 4763 συντηρεῖται
2777 4697 2808 4763 ἠ
2842 4695 2994 4764 κοινὴ
3023 4695 3199 4747 δίαιτα
3229 4695 3323 4746 καὶ
3357 4695 3626 4746 κατοικία.
3661 4697 3749 4756 Εἰς
3773 4696 3829 4747 δὲ

2277 4785 2398 4845 τοὺς
2420 4783 2675 4847 Λατίνους
2701 4787 2832 4846 τέως
2864 4786 2891 4853 ἡ
2924 4785 3335 4852 τοιουτότροπος
3357 4783 3602 4853 διαγωγὴ
3635 4800 3835 4853 συντη-

2284 4878 2476 4945 ρεῖται.
2514 4877 2718 4936 Πάντες
2744 4878 2851 4944 γὰρ
2884 4876 2934 4926 οἱ
2972 4879 3194 4944 μοναχοι
3251 4875 3387 4944 ὁμοῦ
3441 4877 3534 4927 καὶ
3593 4875 3834 4927 ἐσθίουσι

2284 4967 2374 5018 καὶ
2397 4965 2788 5017 ὖπνὼττουσιν.
2833 4965 3131 5032 Ἀνάγνωθι
3164 4967 3257 5016 καὶ
3287 4967 3374 5017 τὸν
3405 4965 3461 5028 ς’
3515 4967 3712 5017 κανόνα
3737 4967 3836 5032 τῆς

2285 5055 2560 5124 παρούσης
2586 5057 2822 5118 συνόδου,
2852 5058 2944 5108 καὶ
2971 5057 3039 5108 τά
3065 5058 3120 5107 ὲν
3151 5056 3301 5125 αὑτῷ
3337 5055 3703 5124 (πλατύτερον
3728 5057 3836 5125 γὰρ

2285 5147 2460 5196 ἐκεῖσε
2495 5146 2753 5215 διελήφθη
2795 5147 2909 5209 πῶς
2971 5147 3230 5216 παρθένοι
3288 5147 3685 5216 καθιεροῦνται,
3739 5150 3836 5198 καὶ

2283 5235 2403 5303 δίχα
2436 5236 2525 5287 τοῦ
2559 5237 2884 5303 μοναστικοῦ
2944 5239 3255 5307 σχήματος)
3288 5237 3498 5289 καὶτὸν
3533 5244 3602 5307 ιη’
3636 5239 3840 5290 κανόνα

2282 5327 2375 5377 τοῦ
2412 5328 2565 5391 ἁγίου
2595 5328 2896 5380 Βασιλείου.

2356 5418 2598 5470 ΖΩΝΑΡ.
2643 5420 2727 5469 Ἐν
2760 5419 2902 5488 ἕκτῳ
2931 5421 3110 5472 κανόνι
3143 5423 3242 5488 τῆς
3287 5420 3564 5490 παρούσης
3621 5421 3838 5474 συνόδου

2286 5510 2502 5577 εἴρηται
2542 5509 2662 5575 περὶ
2694 5511 2866 5578 κορῶν
2896 5510 3300 5578 καθιερώσεως.
3364 5515 3459 5574 "Ac
3487 5513 3618 5579 γοῦν
3646 5513 3838 5564 ἐκάλε-

2287 5617 2375 5651 σεν
2412 5602 2522 5650 ἐκεῖ
2550 5602 2714 5668 κόρας
2747 5600 3192 5669 καθιερουμένας,
3234 5602 3469 5655 ἐνταῦθα
3519 5602 3668 5671 ἱερὰς
3695 5601 3836 5669 παρ-

2286 5693 2468 5742 θένους
2502 5690 2771 5758 ὠνόμασε.
2837 5693 3017 5758 Κόρας
3073 5694 3179 5760 γὰρ
3236 5695 3328 5754 τὰς
3384 5695 3683 5761 παρθένους
3720 5693 3848 5753 ἔθος.
