4148 6464
328 407 433 471 ΓΠ

322 523 463 572 take
469 525 518 572 ῖν
528 559 540 572 .

325 613 590 681 ἁγνεύειν
619 610 996 681 ὸμλογουσῶν
1018 612 1047 664 ὁ
1072 612 1369 672 ἐπίσκοπος
1396 610 1563 672 αὑτὰς
1588 610 1888 678 ἀνεδέχετο.

327 707 504 768 Λέγει
533 699 627 756 οῦν
673 704 702 755 ὁ
745 701 928 755 κανὼν
956 702 1037 754 δτι
1069 702 1154 754 δεῖ
1193 701 1286 754 τὸν
1321 700 1618 754 ἐπίσκοπον
1647 704 1894 769 προνοεῖν

325 792 539 855 αὐτῶν,
565 792 599 862 ἢ
636 793 728 846 ὅτε
773 792 991 854 ἄπεστι,
1022 791 1151 854 τοὺς
1182 790 1608 861 πρεσϐυτέρους,
1645 791 1737 844 καὶ
1773 791 1887 843 ἐπεὶ
1917 851 1919 853 ι

325 883 638 935 διίστανται
669 882 778 936 τῶν
803 883 1052 951 πατέρων
1082 881 1262 934 αὐτῶν
1297 881 1388 950 ὑφ’
1415 875 1490 934 ῶν
1511 881 1891 948 ἐφυλάττοντο,

327 971 727 1041 παραδίδοσθαι
757 971 926 1034 αὑτὰς
959 974 1186 1041 σεμναῖς
1228 972 1500 1039 γυναιξὶν,
1530 971 1673 1024 ῶστε
1715 988 1895 1024 συνοιο

325 1065 454 1115 κεῖν
493 1063 703 1125 αὑταῖς,
735 1065 828 1115 καὶ
857 1061 1279 1130 καταρτίζεσθαι
1306 1065 1386 1124 είς
1407 1062 1623 1132 ἀρετὴν,
1657 1063 1689 1131 ἢ
1715 1064 1894 1124 πάσας

321 1154 436 1215 τὰς
469 1152 620 1223 ῖεράς
647 1151 847 1213 ταύτας
875 1151 1178 1220 παρθένους
1197 1151 1331 1218 ὁμοῦ
1369 1156 1654 1216 συνοικεῖν,
1687 1153 1771 1205 ῖνα
1797 1168 1893 1203 συ-

323 1246 509 1309 ζῶσαι
538 1243 712 1312 ὁρῷεν
754 1243 1008 1312 ἀλλήλας,
1031 1245 1125 1296 καὶ
1153 1243 1494 1311 φυλάττοιεν,
1528 1245 1622 1297 καί⁵
1658 1244 1733 1314 μὴ
1758 1245 1891 1298 πλα-

325 1334 584 1399 ζόμεναι,
612 1332 779 1401 ἤγουν
811 1332 940 1401 τῇδε
975 1333 1200 1385 κάκεῖσε
1247 1331 1560 1397 περιιοῦσαι
1583 1371 1598 1396 ,
1634 1336 1728 1387 καὶ
1761 1333 1896 1386 πλα-

323 1422 576 1490 νώμεναι
614 1420 859 1490 βλάψωσι
916 1420 1011 1491 τὴν
1067 1419 1336 1489 ὑπόληψιν
1395 1422 1494 1490 τῆς
1548 1422 1892 1491 Ἐκκλησίας,

319 1514 612 1565 τουτέστιν
647 1512 1057 1580 ὑπολαμϐάνειν
1081 1513 1183 1565 οὐκ
1211 1513 1421 1579 ἀγαθὰς
1455 1515 1757 1582 ὑπολήψεις
1787 1532 1893 1567 παι

331 1602 723 1671 ρασκευάσωσί
751 1619 908 1665 τινας
941 1605 1068 1673 περὶ
1088 1604 1185 1671 τῆς
1202 1602 1554 1672 Ἐκκλησίας.
1601 1603 1893 1675 Ἐκκλησία

320 1694 391 1746 δέ
419 1696 566 1747 ἐστιν
596 1695 624 1748 6
664 1693 773 1748 τῶν
805 1694 1012 1748 πιστῶν
1046 1693 1367 1762 ἀθροισμός.

323 1871 555 1926 ΑΡΙΣΤ.
594 1892 612 1924 ι
656 1873 722 1926 Ἦ
751 1873 839 1927 διὰ
873 1875 1167 1942 παρθενίαν
1194 1875 1286 1929 τοῦ
1319 1877 1526 1947 πατρὸς
1554 1880 1892 1950 ἀφισταμένη
1926 1842 1964 1896 Β

373 1979 391 2010 ι
434 1963 554 2024 ταῖς
583 1965 945 2032 τιμιωτάταις
974 1965 1080 2017 τῶν
1107 1967 1387 2034 γυναικῶν
1417 1969 1800 2039 παρατίθεται.
1832 1992 1850 2025 ι

400 2143 494 2193 Δεῖ
525 2143 616 2195 τὸν
637 2145 932 2199 ἐπίσκοπον
961 2147 1070 2200 τῶν
1115 2150 1275 2219 ίερῶν
1310 2153 1598 2221 παρθένων
1645 2156 1890 2211 τίθεσθαι

324 2231 588 2297 πρόνοιαν
615 2248 630 2262 ·
664 2234 754 2286 καὶ
786 2236 835 2287 εί
866 2236 974 2289 τῶν
1003 2239 1223 2290 οίκείων
1257 2242 1511 2312 πατέρων
1537 2237 1701 2297 αζται
1730 2264 1891 2314 χωρι-

323 2317 520 2384 σθῶσι,
549 2323 681 2391 παρ’
711 2318 786 2376 ὧν
815 2325 1192 2391 ἐφυλάττοντο,
1241 2333 1363 2393 ταῖς
1396 2335 1755 2400 τιμιωτάταις
1787 2355 1887 2404 γυ-

321 2410 502 2474 ναιξὶν
534 2413 614 2474 είς
669 2414 1000 2484 ὲπιτήρησιν
1031 2419 1538 2488 παραδιδόσθωσαν,
1596 2427 1734 2481 ὥστε
1769 2429 1886 2498 ἅμα

320 2498 561 2570 ἀλλήλας
591 2507 892 2559 κατοικεῖν.

895 2596 1131 2650 ΚΑΝΩΝ
1169 2600 1309 2654 MH'.

321 2696 347 2729 ε
400 2679 536 2748 Περὶ
560 2681 670 2733 τῶν
696 2681 1066 2739 ἀσθενούντων
1104 2688 1197 2740 καὶ
1236 2691 1375 2760 ὑπὲρ
1420 2693 1598 2748 αὐτῶν
1649 2697 1881 2767 ἀποκρί-

402 2783 420 2815 ι
457 2766 645 2818 νεσθαι
679 2767 753 2837 μὴ
793 2771 1123 2840 δυναμένων.
1153 2777 1313 2830 Ὥστε
1347 2781 1470 2843 τοὺς
1503 2766 1880 2851 ἀσθενοῦντας,

396 2875 414 2906 ι
453 2856 648 2919 οἵτινες
679 2859 821 2926 ὑπὲρ
857 2862 1062 2915 ἑαυτῶν
1116 2867 1510 2937 ἀποκρίνεσθαι
1573 2876 1632 2926 ού
1693 2877 1884 2931 δύναν-

395 2964 412 2995 ι
453 2965 564 3011 ται,
631 2950 748 3003 τότε
785 2950 1157 3020 βαπτίζεσθαι,
1201 2959 1288 3010 ὅτε
1335 2964 1397 3029 τῇ
1455 2965 1634 3016 αὐτῶν
1690 2986 1878 3037 προαι-

397 3058 415 3088 ι
457 3041 603 3106 ρέσει
653 3042 754 3109 τὴν
784 3045 912 3112 περὶ
943 3045 1120 3098 αὐτῶν
1153 3052 1458 3120 μαρτυρίαν
1492 3056 1720 3126 κινδύνῳ
1765 3059 1878 3128 ἰδίῳ

391 3149 409 3175 ι
453 3131 695 3184 εἴπωσιν.
737 3151 755 3184 ι

384 3220 582 3274 ΒΑΛΣ.
605 3223 758 3286 Τινὲς
792 3225 1019 3294 ἐζήτουν
1043 3226 1305 3294 ἀπίστους
1336 3233 1486 3296 τινὰς
1508 3235 1872 3307 βαπτισθῆναι

305 3309 459 3361 κατά
490 3311 587 3372 τὰς
615 3314 935 3377 τελευταίας
959 3317 1136 3370 αὐτῶν
1156 3320 1450 3383 άναπνοάς·
1481 3342 1512 3375 κ
1528 3327 1583 3376 al
1607 3326 1705 3378 οὐκ
1728 3329 1876 3396 είση-

308 3397 562 3463 κούοντο,
589 3399 675 3453 διὰ
715 3400 777 3452 τὸ
826 3403 955 3466 τοὺς
1003 3407 1359 3472 ἀσθενοῦντας
1399 3418 1472 3480 μὴ
1520 3415 1777 3469 δύνασθαι
1805 3419 1871 3471 δι’

312 3485 535 3537 ἑαυτῶν
571 3488 854 3555 ὁμολογεῖν
889 3492 988 3554 τὰς
1023 3494 1114 3546 τοῦ
1150 3496 1306 3562 άγίου
1340 3497 1714 3568 βαπτίσματος
1751 3522 1872 3558 συν-

307 3573 505 3638 Θήκας.
534 3577 810 3643 Φασὶγοῦν
844 3582 889 3632 oi
916 3583 1156 3654 Πατέρες
1194 3587 1292 3649 ὅτι,
1329 3588 1422 3640 ὲάν
1444 3590 1490 3642 oi
1524 3591 1872 3659 ἀσθενο”ντες

303 3660 525 3727 δείξωσι
551 3668 871 3737 προαίρεσιν
903 3674 1034 3740 περὶ
1065 3675 1158 3727 τοῦ
1188 3676 1393 3730 ἐθέλειν
1425 3679 1621 3744 αὐτοὺς
1673 3684 1866 3752 βαπτι-

307 3752 528 3822 σθῆναι,
567 3759 661 3809 καὶ
721 3762 915 3814 εἴπωσι
946 3765 1179 3836 κινδύνῳ
1224 3769 1338 3836 ίδίῳ
1375 3770 1555 3840 ζητεῖν
1583 3774 1642 3825 τὸ
1681 3775 1873 3843 βάπτι-

305 3860 445 3910 σμα.
499 3847 992 3917 ἀπαρεμποδίττως
1045 3855 1527 3927 βαπτισθῄσονται,
1557 3865 1624 3916 δι’
1664 3867 1867 3936 ἐτέρων

301 3937 402 3997 τὰς
432 3937 728 4006 ὁμολογίας
765 3943 1098 4012 ποιούμενοι.
1131 3949 1241 4001 Καὶ
1264 3950 1419 4002 τοῦτο
1446 3954 1564 4020 μὲν,
1589 3956 1677 4007 ὅτε
1710 3959 1870 4027 τυχὸν

303 4026 365 4076 ὲν
400 4029 479 4095 τῷ
514 4028 817 4100 τελευτᾷνὴ
850 4035 1070 4106 τοιαύτη
1111 4040 1317 4092 τούτων
1354 4045 1670 4114 προαίρεσις
1704 4050 1871 4101 κατάο

299 4116 460 4182 δηλος
487 4118 733 4187 γένηται,
772 4124 833 4175 Ei
863 4125 916 4176 δὲ
950 4127 1070 4179 τότε
1113 4131 1212 4196 μὲν
1243 4132 1396 4185 οὐδέν
1437 4151 1488 4185 τι
1519 4137 1760 4190 τοιοῦτον
1789 4141 1867 4190 εί-

301 4209 426 4256 πεῖν
455 4207 733 4274 δύνανται,
767 4211 854 4263 διὰ
907 4213 1006 4280 τὴν
1033 4215 1278 4285 ἀνάγκην
1308 4220 1405 4286 τῆς
1447 4222 1622 4285 νόσου,
1662 4242 1869 4293 μαρτυ-

303 4299 478 4363 ρεῖται
520 4299 579 4349 δὲ
613 4301 765 4365 ποιρά
819 4318 981 4354 τινων
1012 4303 1086 4366 ὡς
1122 4307 1172 4357 οί
1214 4307 1444 4362 τοιοῦτοι
1491 4312 1586 4363 καὶ
1635 4311 1737 4384 πρὸ
1767 4316 1866 4383 τῆς

302 4387 506 4452 μανὲας
528 4387 749 4458 τυχδνῆ
789 4391 886 4459 τῆς
926 4392 1094 4462 ἄλλης
1142 4398 1501 4462 κινδυνώδους
1533 4404 1692 4456 νόσου
1745 4407 1864 4460 ὀλο-

1352 407 1431 466 IN
1459 407 1622 467 CAN.
1663 374 1905 467 mm
1942 410 2148 473 coxo.
2178 412 2552 474 CARTIIAG.

623 520 1056 589 ’Δνατιθεμένων
1119 519 1213 572 οῦν
1288 519 1366 588 τῷ
1430 519 1549 587 Θεῷ
1611 519 1874 589 παρθένωε

1964 567 1965 573 η
1995 522 2122 587 Qum
2150 539 2207 578 se
2234 539 2363 594 ergo
2402 525 2639 593 virgines
2677 524 2786 576 Deo
2818 523 3089 582 dicabant,
3131 521 3540 572 continentiam-

3448 409 3546 470 178

1993 628 2096 683 que
2122 613 2536 683 profitebantur,
2569 629 2661 668 cas
2717 614 3004 680 episcopus
3059 611 3378 680 excipiebat.
3417 610 3538 675 Epi-

1993 704 2139 771 scopi
2193 704 2357 773 igitur
2403 704 2482 757 vel
2531 705 2988 772 presbyterorum,
3025 717 3066 755 su
3113 703 3154 755 is
3211 703 3382 764 abest,
3414 716 3542 755 cura

1995 795 2436 863 providentiaque
2481 810 2572 848 eas
2608 794 2866 862 regendas
2915 809 3032 846 esse
3075 812 3088 847 :
3133 803 3188 846 et
3233 793 3484 858 quoniam
3516 811 3543 845 a

1995 887 2308 951 parentibus
2394 887 2580 941 divisre
2660 897 2803 948 sunt,
2869 901 3095 954 quorum
3181 885 3349 937 oculis
3403 887 3542 936 timui

1993 977 2442 1038 observabantur,
2498 977 2736 1030 honestis
2789 976 3126 1035 mulieribus,
3178 991 3296 1028 cum
3350 977 3544 1043 quibus

1996 1075 2101 1114 una
2142 1063 2392 1128 degentes
2447 1065 2511 1116 ad
2552 1064 2804 1117 virtutem
2852 1064 3226 1126 informcntur,
3261 1079 3351 1117 cas
3386 1079 3549 1116 com-

1995 1153 2234 1207 mendari
2264 1170 2326 1208 ac
2345 1155 2503 1218 tradi,
2523 1170 2692 1207 canon
2721 1156 2906 1220 jubet;
2932 1157 3012 1207 vel
3041 1157 3090 1208 in
3123 1170 3228 1208 uno
3255 1155 3546 1220 eodemque

1995 1244 2346 1298 contubernio
2380 1247 2536 1298 simul
2571 1260 2759 1299 omnes
2791 1247 3051 1314 ejusmodi
3100 1263 3283 1300 sacras
3314 1247 3544 1308 virgines

1995 1332 2209 1398 degere,
2243 1343 2302 1385 ut
2332 1341 2515 1386 mutuo
2543 1349 2664 1388 sese
2699 1344 2917 1402 aspectu
2950 1336 3185 1388 vicissim
3217 1335 3543 1396 custodiant,

1996 1437 2169 1493 neque
2190 1440 2318 1478 vero
2351 1426 2453 1479 huc
2487 1425 2615 1478 ilhul
2639 1436 2884 1480 errantes
2909 1442 2972 1481 ac
3014 1441 3156 1493 vaga).
3189 1427 3542 1479 existimatio-

1997 1530 2116 1569 nem
2146 1516 2397 1570 Ecclesize
2459 1517 2684 1583 laedant;
2737 1517 2840 1572 hoc
2888 1528 2990 1582 est,
3045 1517 3437 1584 suspicionibus
3482 1517 3548 1567 de

1998 1604 2235 1660 Ecclesia
2277 1624 2465 1676 parum
2514 1608 2816 1663 cmumodis
2876 1609 3220 1663 occasionem
3277 1608 3554 1660 nonnullis

1996 1698 2290 1763 praebeant.
2342 1697 2436 1752 Est
2492 1714 2620 1754 vero
2677 1699 2918 1754 Ecclesia
2959 1700 3192 1755 fidelium
3268 1700 3548 1752 multitudo

1994 1787 2108 1839 sive
2130 1797 2447 1842 conventus.

1997 1877 2221 1932 ARIST.
2269 1896 2287 1931 ι
2335 1880 2466 1945 Qua:
2505 1894 2533 1932 a
2565 1889 2717 1949 patre
2772 1882 3101 1952 virginitatis
3149 1882 3320 1950 gratia
3360 1895 3542 1935 seces-

2071 1987 2089 2019 ι
2128 1968 2286 2030 serit,
2355 1973 2837 2027 venerabiliorihus
2933 1973 3147 2028 feminis
3210 1971 3551 2026 commende-

2068 2077 2087 2108 ι
2127 2069 2231 2114 tur.
2268 2079 2286 2112 ι

2059 2147 2283 2218 Oportet
2335 2153 2643 2221 episcopum
2693 2169 2966 2209 sacrarum
3027 2155 3293 2225 virginum
3355 2170 3538 2209 curam

1991 2239 2210 2306 habere,
2242 2251 2293 2296 et
2323 2244 2366 2296 si
2399 2245 2500 2298 ill-.e
2534 2260 2563 2298 a
2593 2245 2706 2298 suis
2731 2247 2995 2310 patribus,
3025 2247 3221 2314 quibus
3258 2248 3542 2299 custoditus

1990 2329 2159 2394 fuere,
2218 2345 2560 2401 separentur,
2611 2336 3088 2392 veneranilissimis
3135 2337 3451 2392 mulieribus
3490 2337 3538 2387 in

1987 2421 2418 2477 observationem
2458 2425 2761 2488 tradantur,
2799 2437 2856 2480 ut
2892 2441 3075 2481 secum
3112 2429 3341 2482 invicem
3371 2429 3540 2482 coha-

1988 2508 2184 2563 bitcnt.

2427 2603 2584 2674 571
2610 2605 2835 2662 CANON
2875 2607 3098 2663 XLVIII.

1990 2707 2008 2742 ι
2050 2690 2120 2744 De
2157 2692 2220 2745 iis
2247 2694 2333 2762 qui
2381 2709 2508 2749 sunt
2540 2697 2735 2750 infirmi
2767 2706 2818 2752 et
2859 2713 2954 2767 pro
2995 2715 3053 2755 se
3083 2702 3406 2770 respondere
3443 2716 3540 2754 oe-

2062 2800 2080 2832 ι
2118 2795 2337 2850 queunt.
2369 2783 2436 2838 Ut
2473 2787 2563 2856 qui
2592 2800 2716 2841 sunt
2748 2787 2965 2853 infirmi,
2997 2791 3084 2858 qui
3115 2792 3328 2856 quidem
3354 2806 3450 2858 pro
3482 2807 3539 2844 se

2063 2887 2081 2920 ι
2120 2875 2444 2940 respondere
2499 2891 2601 2929 non
2670 2886 2928 2942 possunt,
3001 2887 3125 2932 tunc
3175 2880 3537 2944 baptizentur,

2058 2977 2077 3010 ι
2115 2967 2331 3028 quando
2355 2968 2627 3021 voluntate
2647 2984 2738 3020 sua
2764 2969 2828 3023 de
2848 2983 2906 3023 se
2932 2970 3295 3025 testimonium
3326 2970 3540 3040 preprin

2055 3069 2075 3102 ι
2111 3055 2346 3120 periculo
2380 3058 2633 3113 dixerint.
2676 3078 2693 3109 ι

2048 3228 2239 3287 BALS.
2281 3230 2505 3297 Quidam
2536 3235 2807 3302 petebant,
2838 3246 2896 3290 ut
2928 3238 3171 3293 infideles
3200 3240 3435 3293 nonnulli
3471 3242 3534 3294 ad

1976 3329 2272 3373 extremum
2328 3323 2577 3388 spiritum
2646 3325 3055 3392 baptizarentur
3103 3344 3116 3382 :
3168 3343 3267 3382 nec
3318 3331 3536 3384 fuerunt

1974 3411 2231 3470 exauditi,
2268 3425 2335 3464 eo
2362 3414 2500 3477 quod
2540 3428 2644 3466 non
2681 3419 2885 3482 possint
2915 3417 3116 3470 infirmi
3148 3434 3241 3489 per
3271 3435 3329 3474 se
3359 3421 3531 3474 sancti

1973 3499 2312 3566 baptismatis
2341 3513 2492 3568 pacta
2521 3513 2574 3556 et
2598 3517 2860 3559 conventa
2897 3509 3155 3573 profiteri.
3192 3510 3380 3564 Dicunt
3403 3527 3530 3580 ergo

1973 3589 2178 3652 Pati-es,
2222 3592 2358 3658 quod
2402 3593 2446 3646 si
2488 3595 2543 3656 ii,
2591 3597 2680 3665 qui
2731 3609 2856 3652 sunt
2894 3599 3116 3665 infirmi,
3167 3616 3224 3656 se
3267 3603 3530 3669 baptizari

1973 3680 2107 3734 velle
2137 3683 2490 3750 ostenderint,
2516 3701 2678 3752 seque
2702 3689 2915 3756 proprio
2942 3692 3176 3758 periculo
3205 3693 3524 3758 baptismum

1972 3785 2214 3836 qumrere
2242 3774 2506 3840 dixerint;
2539 3778 2654 3830 sine
2684 3780 3067 3846 impedimento
3092 3783 3525 3851 baptizabuutur.

1971 3877 2067 3930 per
2096 3864 2229 3916 alios
2264 3875 2414 3930 pacta
2445 3868 2710 3934 promissa
2744 3867 3026 3925 facientes.
3063 3873 3240 3940 Atque
3278 3876 3377 3928 hoc
3409 3878 3528 3943 qui-

1969 3951 2088 4006 dem
2117 3956 2329 4023 quando
2358 3956 2497 4011 forte
2533 3958 2676 4011 inter
2700 3962 3032 4017 moriendum
3062 3966 3181 4018 talis
3214 3981 3397 4018 eorum
3430 3984 3528 4017 vo-

1971 4041 2149 4095 luntas
2194 4055 2374 4112 aperta
2419 4045 2597 4100 fuerit.
2646 4047 2699 4101 Si
2746 4061 2923 4105 autem
2959 4065 3084 4109 tuuc
3116 4057 3338 4123 quidem
3389 4059 3520 4110 nihil

1970 4141 2192 4198 possunt
2231 4134 2496 4201 ejusmodi
2531 4139 2732 4203 dicere,
2769 4153 2986 4209 propter
3027 4146 3196 4197 morbi
3233 4149 3527 4198 necessitzu

1972 4229 2075 4274 tem
2102 4238 2116 4286 ;
2152 4225 2510 4279 testificantur
2538 4239 2714 4282 autem
2747 4230 2935 4298 aliqui,
2965 4234 3105 4298 quod
3135 4245 3258 4288 ante
3291 4233 3522 4288 furorem

1969 4313 2202 4367 fortasse
2250 4317 2331 4367 vel
2365 4317 2595 4382 aliquem
2629 4319 2788 4373 alium
2831 4322 3189 4389 periculosum
3219 4325 3458 4376 morbum
3492 4326 3522 4377 ii

1969 4417 2033 4456 ex
2068 4412 2176 4456 toto
2207 4405 2409 4459 vellent
2442 4423 2621 4462 antmo
2659 4410 2943 4475 baptizari,
2965 4401 3130 4479 rogo,
3178 4415 3522 4477 baptizahuu-

295 4473 492 4544 ψύχως
523 4476 864 4545 προῃροῦντο
898 4478 1284 4566 βαπτισθῆναι,
1319 4486 1527 4556 ἐρωτῶ,
1562 4489 1861 4567 βαπτισθής

1971 4499 2057 4545 tur
2109 4497 2328 4556 annon?
2368 4496 2596 4554 Salutio.
2630 4473 2756 4553 Mihi
2792 4473 3019 4564 videtur,
3047 4473 3192 4570 quod
3225 4505 3337 4556 sine
3378 4509 3518 4570 peri-

295 4578 480 4616 συνται
515 4565 544 4632 ἢ
592 4564 686 4630 οῦ;
734 4570 943 4631 Λύσις.
986 4555 1154 4637 ’Ἐμοὶ
1191 4555 1446 4638 δοκεῖίώς
1483 4555 1860 4648 ἀπαρεμποδίλ

296 4668 439 4715 στως
467 4653 938 4724 βαπτισθήσονται
965 4658 1056 4710 διά
1084 4659 1180 4730 τὴν
1211 4664 1267 4714 ἐν
1301 4664 1458 4736 ὑγεία
1492 4669 1701 4735 ἀγαθὴν
1731 4673 1860 4738 πρός

293 4742 444 4795 θεσιν
481 4746 683 4799 αὐτῶν.
737 4748 956 4802 Τούτων
987 4751 1042 4804 δὲ
1085 4751 1259 4809 οὕτως
1291 4756 1545 4825 ἐχόντων,
1581 4762 1654 4831 μὴ
1700 4765 1858 4836 εἴπῃς

287 4833 383 4895 ὡς,
427 4837 554 4889 ἐπεὶ
581 4839 608 4888 ὁ
632 4838 820 4908 παρὼν
857 4842 1040 4894 κανὼν
1068 4843 1639 4913 διορίζεταιλὲκείνους
1665 4852 1859 4920 βαπτί-

289 4925 478 4988 ζεσθαι
511 4929 638 4990 τοὺς
663 4929 1080 5000 ἐνδειξαμένους
1102 4937 1423 5006 προαίρεσιν
1475 4941 1688 5011 ἀγαθὴν
1753 4947 1855 5015 πρὸ

286 5016 389 5086 τῆς
417 5017 599 5081 νόσου,
653 5019 685 5089 ἦ
727 5021 849 5074 κατ’
904 5024 1076 5092 αὐτὴν
1129 5028 1230 5096 τὴν
1283 5031 1461 5094 νόσον,
1504 5033 1562 5096 ἐξ
1609 5038 1854 5110 ἀνάγκης

286 5109 488 5161 ἐκεῖνοι
516 5110 612 5161 καὶ
641 5111 1000 5181 άποκάρσεως
1031 5117 1451 5187 ἀξιωθήσονται,
1487 5125 1536 5173 oi
1595 5129 1736 5181 κατά
1762 5131 1852 5182 τὸν

285 5198 478 5266 καιρὸν
511 5200 773 5271 τελευτῆς
811 5204 917 5272 πρὸ
951 5206 1049 5274 τῆς
1083 5207 1396 5273 τελευταίας
1449 5213 1723 5285 ἀναπνοῆς
1764 5224 1851 5273 ἐν·

1964 4578 2083 4633 culo
2101 4580 2529 4651 baptizabuutur,
2556 4597 2774 4655 propter
2795 4590 2986 4642 bonam
3014 4605 3194 4643 eorum
3221 4591 3270 4643 in
3289 4597 3522 4647 sanitate

1963 4670 2340 4728 intentionem.
2383 4675 2515 4728 Cum
2567 4677 2678 4732 haec
2731 4690 2906 4733 autem
2958 4681 3025 4732 ita
3071 4696 3127 4733 se
3174 4681 3421 4741 habeant,
3457 4705 3522 4738 ut:

1961 4761 2185 4826 dixeris,
2218 4765 2356 4831 quod
2388 4767 2642 4835 quoniam
2691 4785 2926 4836 praesens
2965 4787 3134 4824 ration
3179 4777 3367 4828 statuit
3399 4778 3518 4830 illos

1958 4849 2346 4920 baptizandos,
2401 4858 2491 4923 qui
2553 4860 2745 4914 bonam
2807 4862 3133 4915 voluntatem
3185 4869 3517 4920 ostenderint

1958 4954 2082 4996 ante
2120 4946 2388 5012 morbum,
2423 4948 2503 5002 vel
2543 4949 2596 5003 in
2632 4950 2746 5017 ipso
2786 4954 3011 5018 morbo;
3062 4954 3135 5006 illi
3166 4972 3377 5025 quoque
3425 4976 3517 5011 uc-

1956 5037 2195 5090 cessario
2242 5047 2518 5093 tonsuram
2566 5053 2947 5110 assequentur,
2997 5046 3085 5111 qui
3142 5057 3266 5101 ante
3308 5061 3515 5115 tempus

1955 5128 2144 5180 mortis
2168 5135 2222 5181 et
2253 5131 2479 5184 extremi
2504 5133 2745 5199 spiritus,
2779 5144 2835 5187 ut
2866 5136 3235 5202 tonderentur,
3268 5141 3510 5194 volunta-

1955 5228 2058 5270 tem
2096 5222 2454 5276 ostenderint.
2497 5223 2558 5276 Hi
2589 5224 2732 5277 enim
2762 5234 3061 5282 extremum
3108 5232 3330 5298 angelici
3370 5234 3508 5284 ami-

281 5290 594 5360 ὂειξάμενοι
651 5294 913 5362 πρόθεσιν
975 5299 1353 5367 ἀποκάρσεως.
1411 5298 1570 5357 Οὗτοι
1617 5310 1723 5378 γὰρ
1756 5313 1849 5364 τοῦ

283 5381 651 5435 ἐπιτελευτίου
678 5384 890 5450 ὲφοδίου
931 5387 1025 5439 τοῦ
1057 5389 1347 5457 ἀγγελικοῦ
1385 5398 1661 5464 σχήματος
1706 5401 1854 5454 ἀδιαι-

281 5472 512 5533 στὶκτως
537 5471 956 5541 άξεωθήσονται,
996 5477 1090 5528 ὲάν
1121 5479 1258 5542 τέως
1285 5483 1540 5553 αἴσθησιν
1571 5486 1662 5536 τοῦ
1699 5506 1845 5553 γινο-

283 5563 439 5628 μένου
475 5563 668 5630 ἔχωσι.
694 5565 818 5626 Τοῖς
847 5565 944 5631 μὲν
966 5569 1074 5637 γὰρ
1107 5569 1430 5637 ὀρθοδὸξοις,
1470 5574 1542 5636 ὡς
1571 5577 1845 5642 ἐλπίζουσι

274 5652 369 5723 τὴν
399 5653 718 5723 μέλλουσαν
748 5654 929 5717 κρίσιν
959 5656 1052 5708 τοῦ
1079 5659 1238 5724 Θεοῦ,
1262 5663 1293 5730 ή
1321 5664 1578 5732 μετάνοια
1599 5668 1843 5733 σύνοικός

272 5747 405 5806 ἐστι,
443 5747 542 5798 καὶ
602 5746 714 5806 πᾶς
762 5746 1086 5814 Χριστιανὸς
1149 5754 1289 5806 κατά
1343 5755 1608 5826 πρόληψιν
1660 5761 1842 5823 ἔφεσιν

1952 5318 2069 5361 ctus
2111 5310 2360 5365 viaticum
2391 5312 2699 5367 indiStincte
2741 5330 3121 5385 assequentur,
3151 5323 3192 5375 si
3223 5320 3340 5391 ejus
3371 5326 3509 5389 quod

1954 5400 2010 5450 fit
2045 5415 2262 5455 sensum
2293 5405 2541 5458 habeant.
2576 5404 2905 5464 Orthodoxis
2939 5413 3107 5476 cnim,
3141 5422 3196 5464 ut
3232 5414 3322 5480 qui
3361 5413 3507 5468 futu-

1952 5506 2066 5542 rum
2111 5493 2200 5544 Dei
2230 5493 2486 5561 judicium
2514 5509 2750 5564 sperent,
2785 5505 3097 5568 ptenitentia
3128 5507 3425 5569 cohabitat.
3453 5521 3506 5563 et

1947 5578 2174 5649 quilibet
2229 5571 2510 5654 proposito
2562 5588 2902 5646 Christianus
2952 5594 3242 5656 desiderat,
3299 5609 3360 5651 ut
3415 5613 3515 5666 per

1948 5685 2223 5730 tonsuram
2266 5679 2313 5732 ei
2361 5693 2456 5732 sua
2507 5694 2727 5749 peccata
2783 5687 3143 5745 remittantur.
3197 5689 3506 5744 luiidelibus

1946 5777 2121 5821 autem
2158 5783 2262 5822 nou
2309 5776 2387 5823 est
2425 5771 2735 5827 necessario
2772 5787 3110 5844 consequens
3143 5779 3389 5844 baptismi
3419 5782 3507 5831 de-
