4148 6456
239 374 334 439 193

1306 384 1387 444 ΙΝ
1428 379 1592 442 CAN-
1636 383 1759 442 LIV
1799 383 2000 445 CONC.
2036 388 2412 447 CARI‘HAG.

3357 379 3455 446 194

249 489 523 558 παρόντος
547 493 768 557 κανόνος
801 496 881 546 ὅτι
907 496 1004 548 οὒκ
1034 495 1092 558 ἐξ
1147 496 1388 564 ἀνάγκης
1453 497 1599 564 παρά
1648 494 1807 563 τριῶν

1915 498 2318 563 metropolitano
2348 506 2402 548 et
2428 496 2633 548 duobus
2663 494 2802 557 aliis.
2828 493 3036 548 etiamsi
3069 509 3173 546 non
3210 493 3317 548 sint
3353 495 3454 561 ipsi

242 581 564 634 ἐπισκόπων
635 585 986 653 ἐπαρχιωτῶν
1051 589 1428 656 χειροτονεῖται
1494 587 1808 645 ἐπίσκοπος,

253 668 388 721 ἀλλὰ
419 670 574 740 παρὰ
600 671 694 724 τοῦ
727 675 1115 744 μητροπολίτου
1144 677 1235 728 καὶ
1277 675 1477 745 ἑτέρων
1537 675 1650 735 δύο,
1706 673 1811 725 κᾶν

247 757 320 827 μὴ
383 753 518 811 ὦσιν
568 756 710 814 οὗτοι
766 763 1118 830 ἐπαρχιῶται.
1185 766 1242 816 Ὀ
1293 765 1349 817 δὲ
1417 762 1812 834 μητροπολίτης

258 848 484 905 Ἐφέσου
554 850 755 911 ἐκεῖνος
823 855 985 920 κυρὸς
1055 852 1444 923 Χριστοφόρος,
1486 852 1810 920 Είσκαλόνην

250 935 634 1004 χειροτονήσας
663 936 955 989 ἐπίσκοπον
987 938 1128 991 κατὰ
1169 938 1371 1005 ταύτην
1423 937 1810 1006 βασιλεύουσαν

243 1021 349 1072 τῶν
386 1020 592 1073 πόλεων
625 1022 791 1090 χωρὶς
843 1025 1139 1092 παρουσίας
1179 1026 1500 1093 οίουδήτινος
1538 1023 1809 1092 ἐπαρχιὼ-

243 1129 368 1176 του,
403 1114 597 1182 ᾐτιάθη
625 1115 963 1182 παραλόγως,
996 1115 1069 1177 ὡς
1103 1116 1225 1184 ἐμοὶ
1251 1116 1417 1166 δοκεῖ.
1480 1110 1643 1166 Εἶπον
1704 1115 1809 1182 γάρ

243 1219 386 1264 τινες
437 1204 672 1271 ὀφείλειν
727 1205 816 1257 τὸν
854 1206 1264 1275 ’μητροπολίτην
1326 1205 1463 1274 μετὰ
1537 1207 1810 1273 ἐπαρχιω-

245 1292 355 1343 τῶν
417 1293 481 1344 τὸ
527 1293 805 1360 ἐλάχιστον
845 1291 936 1344 δύο
989 1293 1084 1354 τὰς
1133 1293 1458 1362 χειροτονίας
1497 1294 1667 1343 ποιεῖν
1701 1290 1807 1343 τῶν

257 1376 592 1445 ἐπισκόπων,
626 1382 771 1434 ὥσπε
782 1399 812 1452 ρ
841 1384 935 1435 καὶ⁸
963 1384 1059 1444 τὰς
1090 1382 1318 1451 ψήφους.

320 1472 566 1524 ΖΩΝΔΡ.
593 1473 694 1523 Δύο
721 1474 1046 1534 ἐπισκόπους
1076 1476 1206 1539 φασὶ
1237 1471 1606 1541 χειροτονῆσαι
1626 1470 1770 1540 ἱερέα
1788 1484 1802 1498 ⁶

248 1562 400 1629 ἱερέα
429 1561 486 1613 δὲ
513 1561 602 1612 τὸν
626 1560 922 1613 ἐπίσκοπον
951 1561 1129 1628 λέγει’
1168 1561 1534 1632 πρεσϐύτερον
1577 1564 1684 1630 γὰρ
1713 1561 1807 1612 καὶ

247 1646 324 1714 εἷς
355 1653 652 1711 ἐπίσκοπος
683 1652 995 1719 χειροτονεῖ,
1029 1649 1167 1702 κατά
1195 1653 1286 1703 τὸν
1333 1651 1584 1720 δεύτερον
1609 1650 1806 1703 κανόνα

245 1742 352 1793 τῶν
385 1742 554 1806 ἁγίων
583 1741 890 1793 ἀποστόλων
912 1756 926 1770 ⁸
960 1742 1055 1794 καὶ
1096 1740 1337 1807 ἀξιοῦσιν
1388 1741 1666 1810 ὁρισθῆναι
1702 1740 1805 1794 ὑπὸ

247 1832 458 1884 δώδεκα
484 1831 902 1900 χειροτονεῖσθαι
941 1832 1253 1885 ἐπίσκοπον.
1300 1831 1565 1901 Αὐρήλιος
1615 1831 1670 1882 δὲ
1717 1831 1807 1883 τὸν

250 1924 475 1991 ἀρχαῖον
503 1922 672 1973 τύπον
694 1921 803 1972 δεῖν
835 1922 1193 1989 φυλάττεσθαι
1212 1921 1502 1991 ἀπεκρίθη,
1536 1920 1702 1972 τύπον
1717 1919 1807 1972 τὸν

249 2013 449 2064 κανόνα
477 2011 670 2077 λέγων,
706 2010 800 2062 καὶ
827 2014 975 2077 τρεῖς
1023 2012 1355 2073 ἐπισκόπους
1385 2013 1461 2067 si;
1508 2012 1805 2064 ἐπισκόπου

246 2097 580 2168 χειροτονίαν
607 2099 794 2166 ἀρκεῖν
821 2099 1155 2166 ἀπεφήνατο.
1194 2098 1467 2168 Ἑπήγαγε
1494 2099 1548 2151 δὲ
1581 2099 1673 2152 καὶ
1722 2102 1804 2151 αί-

245 2192 387 2252 τίσις,
423 2188 514 2240 Ἐν
555 2189 810 2259 Ἀρζουῖῃ
832 2187 1116 2256 ’φάμενος,
1179 2189 1508 2258 παράκειται
1559 2189 1806 2259 βάρϐαρα

247 2281 396 2351 ἔθνη,
438 2281 580 2333 ὥστε
603 2279 690 2331 διὰ
726 2279 881 2332 τοῦτο
906 2280 1224 2349 δυσχέρειαν
1253 2276 1391 2332 εἶναι
1451 2281 1807 2348 συνέρχεσθαι

245 2369 371 2428 τοὺς
401 2368 730 2428 ἐπισκόπους
770 2383 785 2397 ⁶
830 2369 890 2420 ἐν
915 2367 1166 2434 Τριπόλει
1220 2367 1275 2419 δὲ
1309 2368 1468 2419 πέντε
1508 2369 1644 2419 εἰσὶν
1692 2368 1808 2420 ἐπί-

251 2473 473 2511 σποιιτοι⁸
505 2458 780 2526 Τρίπολιν,
815 2459 914 2526 τὴν
944 2458 1246 2526 ἐνἈφρικῇ
1277 2457 1474 2524 λέγων,
1524 2458 1616 2509 καὶ
1670 2475 1806 2526 συμ-

246 2548 421 2600 ϐαίνει
443 2548 594 2609 τινὰς
624 2546 729 2598 τῶν
756 2545 914 2621 πέντε
945 2546 1047 2598 ὑπό
1064 2563 1203 2607 τινος
1229 2547 1471 2615 ἀνάγκης
1509 2547 1808 2599 κωλύεσθαι

248 2635 751 2690 συνελθεῖν.“Τοῦτο
777 2632 889 2699 οὖν,
946 2637 1128 2704 φησὶν,
1176 2636 1275 2687 οὐκ
1317 2637 1518 2702 ὀφείλει
1561 2637 1809 2705 ἐμπόδιον

249 2723 385 2780 εἶναι
415 2725 493 2795 τῷ
519 2728 768 2795 χρησίμῳ
789 2727 884 2795 τῆς
914 2727 1255 2795 Ἐκκλησίας,
1303 2727 1545 2780 τουτέστι
1574 2730 1640 2796 τῇ
1701 2728 1808 2779 τῶν

249 2817 564 2870 ἐπισκόπων
597 2816 915 2887 χειροτονίᾳ.
941 2817 1220 2887 Χρήσιμον
1248 2819 1355 2887 γὰρ
1384 2820 1451 2887 τῇ
1491 2817 1804 2888 Ἐκκλησία,

249 2906 366 2976 ἦτοι
425 2910 537 2968 τοῖς
596 2909 824 2971 πιστοῖς,
886 2908 920 2974 ὴ
968 2907 1074 2960 τῶν
1125 2909 1432 2960 ἐπισκόπων
1487 2908 1806 2976 χειροτονία,

251 3000 370 3049 ἀντὶ
393 2996 490 3048 τοῦ
523 2995 782 3066 χρειώδης
811 2998 1101 3064 ἀναγκαία.
1131 2999 1298 3050 Τοῦτο
1325 2997 1417 3050 οὖν
1465 2999 1524 3049 τὸ
1551 2999 1654 3050 ὑπὸ
1682 2999 1808 3050 πολ-

1911 587 2282 652 provinciales.
2315 586 2404 640 Ille
2435 596 2612 640 autem
2649 584 2845 653 Ephesi
2877 585 3321 652 metropolitanus
3354 586 3454 638 do-

1910 675 2086 726 minus
2117 673 2554 740 Cliristopliorus,
2585 673 2673 738 qui
2709 671 2999 726 Iscalonem
3025 673 3328 739 episcopum
3365 687 3457 727 or-

1910 762 2112 815 dinavit
2155 763 2208 815 in
2255 761 2356 814 hac
2400 761 2580 827 regina
2630 761 2866 825 urbium,
2928 761 3128 829 absque
3171 761 3454 830 prasentia

1908 851 2143 917 cujusvis
2199 851 2561 918 provincialis,
2619 861 2813 918 praeter
2870 850 3168 916 rationem,
3219 862 3276 903 ut
3325 851 3454 904 milii

1909 943 2137 1006 videtur,
2187 952 2467 996 accusatus
2503 943 2620 995 fuit.
2674 941 2930 995 Dicebant
2978 941 3118 994 enim
3173 941 3454 1005 nonnulli,

1907 1033 2103 1086 debere
2132 1032 2594 1095 metropolitanum
2616 1069 2631 1093 ,
2662 1047 2782 1086 cum
2815 1029 3229 1097 provincialibus
3259 1034 3322 1082 ad
3354 1031 3454 1082 iiii-

1905 1135 2006 1172 nus
2038 1119 2267 1184 duobus,
2300 1120 2673 1187 episcoporum
2704 1120 3071 1174 ordinationes
3093 1118 3293 1185 facere,
3319 1121 3459 1174 sicut

1909 1218 1964 1262 et
2001 1208 2319 1263 electiones.

1972 1479 2220 1534 ZONAR.
2284 1482 2396 1535 Duo
2453 1483 2722 1551 episcopi,
2786 1486 3067 1553 inquiunt,
3121 1488 3451 1541 sacerdotem

1903 1572 2188 1638 quemdam
2224 1587 2477 1626 creavere
2518 1573 2832 1641 (sacerdotis
2858 1589 2987 1628 vero
3013 1576 3230 1628 nomine
3255 1577 3462 1645 episco-

1904 1675 1999 1725 pus
2027 1659 2359 1727 intelligitur;
2378 1676 2497 1714 nam
2523 1663 2894 1731 presbyterum
2922 1664 3002 1716 vel
3027 1680 3159 1719 unus
3176 1666 3461 1733 episc0pus

1907 1759 2075 1812 creat,
2108 1764 2171 1801 ex
2203 1761 2505 1804 sanctorum
2539 1752 2901 1817 apostolorum
2934 1767 3136 1807 canone
3175 1757 3234 1823 2)
3272 1765 3452 1823 atque.

1833 1813 1882 1873 Β
1910 1848 1966 1891 ut
1991 1839 2269 1892 duodecim
2306 1839 2357 1891 in
2399 1842 2646 1908 episcopo
2682 1844 3049 1896 consecrando
3075 1813 3456 1903 adhibeantur.

1908 1930 2121 1983 decerni
2150 1932 2437 1996 postulunt.
2470 1931 2717 1985 Aurelius
2749 1947 2877 1986 vero
2906 1934 3180 2001 antiquam
3208 1933 3456 1997 formam,

1907 2035 2162 2073 canonem
2215 2021 2459 2075 videlicet
2512 2023 2791 2091 antiquum
2842 2028 3161 2079 servandum
3207 2042 3325 2080 esse
3373 2043 3459 2080 rc—

1908 2111 2139 2175 spondit,
2169 2127 2230 2165 ac
2264 2121 2371 2165 tres
2403 2113 2680 2181 episcopos
2706 2115 2792 2166 uni
2823 2119 3184 2170 consecrando
3214 2117 3458 2171 sullieere

1910 2201 2288 2264 pronuntiavit.
2314 2200 2648 2269 Causamqne
2682 2205 2871 2258 deinde
2898 2207 3212 2274 sttbjunxit,
3247 2207 3456 2266 Arzuir,

1907 2289 2110 2350 dicens,
2149 2289 2383 2343 barbara:
2427 2302 2611 2357 gentes
2644 2293 2907 2358 adjacent,
2941 2305 2997 2346 ut
3032 2305 3307 2363 propterea
3340 2301 3459 2361 epi-

1911 2392 2099 2441 scopos
2127 2382 2417 2432 convenire
2453 2381 2664 2434 dillicile
2689 2383 2758 2434 sit
2790 2401 2804 2435 :
2837 2382 3034 2450 Tripoli
3063 2394 3264 2448 autem,
3302 2388 3459 2450 quiu-

1907 2483 2009 2536 que
2041 2469 2136 2519 soli
2172 2481 2296 2521 sunt
2326 2470 2558 2537 episcopi
2582 2471 2873 2539 (Tiipolim.
2899 2487 3015 2526 eam
3046 2490 3166 2540 qua:
3198 2477 3248 2527 in
3285 2476 3458 2529 Al'rira

1909 2569 2011 2621 est,
2045 2559 2333 2628 intelligit),
2360 2576 2422 2613 ac
2451 2576 2515 2612 ex
2545 2563 2778 2628 quinque
2803 2562 2906 2615 illis
2933 2575 3202 2618 unumaut
3234 2566 3458 2619 alterum

1911 2652 2212 2704 necessario
2245 2651 2644 2718 .impedimento
2701 2645 2926 2707 detineri
2985 2655 3139 2709 facile
3190 2666 3292 2711 est.
3346 2656 3455 2709 Hm:

1911 2729 2095 2808 igitur,
2172 2743 2389 2809 inquit,
2453 2744 2823 2798 ecclesiasticae
2886 2745 3146 2810 utilitati,
3201 2748 3460 2800 creationi

1911 2847 2100 2900 nempe
2137 2835 2525 2899 episcoporum,
2562 2840 2777 2887 obstare
2803 2850 2905 2887 non
2941 2835 3118 2888 debet.
3152 2833 3288 2889 Utile
3318 2840 3458 2891 enim

1909 2933 1993 2979 est
2026 2923 2293 2984 Ecclesiae,
2326 2926 2426 2978 hoc
2455 2934 2557 2987 est,
2590 2925 2853 2986 ﬁdelibus,
2886 2927 3161 2993 episcopos
3184 2930 3416 2981 constitu
3443 2967 3462 2993 ,

1911 3015 1962 3066 id
2014 3022 2116 3075 est,
2147 3013 2485 3065 commodum
2544 3014 2902 3066 necessarium
2951 3024 3051 3068 est.
3105 3015 3462 3081 Quamobrem

253 3089 358 3140 λῶν
387 3090 804 3156 χειροτονεῖσθαι
835 3089 1151 3154 ἐπίσκοπον,
1187 3089 1371 3158 ὁρᾶτε,
1421 3090 1602 3158 φησὶν,
1638 3089 1718 3140 ὅτι
1748 3088 1805 3139 ού

256 3175 307 3192 ..
582 3175 600 3192 ς
686 3175 743 3192 η.

1912 3100 2032 3161 hoc,
2061 3099 2256 3167 inquit,
2287 3108 2342 3152 ut
2371 3102 2420 3152 in
2447 3101 2679 3168 episcopi
2716 3103 3117 3156 consecratione
3149 3103 3326 3171 plures
3350 3105 3465 3172 epi-

252 3175 475 3229 δύναται
506 3175 858 3247 φυλαχθῆναι.

247 3351 469 3404 ΔΡΙΣΤ.
514 3368 533 3401 ι
581 3350 670 3420 Μὴ
713 3350 963 3413 ἐλάττους
992 3351 1158 3422 τριῶν
1180 3352 1494 3404 ἐπισκόπων
1522 3353 1602 3414 εἰς
1630 3368 1807 3421 χειρο-

322 3461 339 3492 r
387 3441 567 3494 τονίαν
595 3442 892 3494 ἐπισκόπου
927 3443 1284 3511 ἀρκείτωσαν.
1324 3460 1343 3493 ι

319 3534 526 3593 Πάντες
557 3533 676 3601 μὲν,
709 3534 756 3584 εί
784 3534 1025 3596 δυνατὸν,
1074 3534 1121 3585 οι
1155 3535 1252 3601 τῆς
1280 3535 1543 3602 ἐπαρχίας
1595 3536 1810 3587 ἐπίσκο-

251 3641 340 3676 ποι
362 3623 636 3690 ὀφείλουσι
667 3624 802 3691 μετὰ
836 3623 1057 3691 γνώμης
1085 3623 1177 3675 τοῦ
1234 3626 1624 3692 μητροπολίτου
1688 3642 1810 3676 συν-

251 3713 643 3780 ἐρχεσθαι,καὶ
672 3715 794 3774 τοὺς
843 3713 1174 3775 ἐπισκόπους
1234 3713 1560 3781 ψηφίζεσθαι
1592 3732 1604 3745 ·
1660 3719 1707 3767 εί
1754 3715 1808 3766 δὲ

251 3804 326 3869 μὴ
354 3802 577 3854 δυνατὸν
605 3803 810 3864 πάντας
832 3803 1098 3855 συνελθεῖν
1123 3803 1208 3855 διά
1237 3821 1356 3854 τινα
1381 3805 1642 3872 ἀνάγκην.
1702 3806 1805 3856 κᾶν

251 3894 396 3959 τρεῖς
425 3891 487 3942 τὸ
524 3891 796 3959 ἐλάχιστον
827 3891 905 3943 δεῖ
933 3895 1204 3960 παρεῖναι,
1250 3893 1553 3960 συμψήφων
1592 3893 1809 3960 γινομέο

253 3995 358 4031 νων
391 3980 484 4030 καὶ
521 3978 627 4031 τῶν
655 3979 899 4031 ἀπόντων
922 3979 1009 4030 διὰ
1034 3979 1392 4046 γραμμάτων.

838 4089 1072 4142 ΚΑΝΩΝ
1111 4087 1230 4140 ΝΔ’.

259 4197 279 4229 ι
326 4182 483 4233 Πόσοι
517 4179 800 4231 ἐπίσκοποι
851 4177 1205 4244 προστεθῆναι
1253 4176 1556 4242 ὀφείλουσιν
1579 4178 1653 4245 τῷ
1693 4180 1811 4246 ἀρι-

328 4287 347 4320 t
391 4269 512 4338 θμῷ
541 4269 646 4319 τῶν
677 4266 1137 4336 χειροτονούντων,
1175 4267 1269 4317 ἐάν
1303 4268 1427 4334 περὶ
1460 4267 1551 4318 τοῦ
1585 4269 1809 4334 μέλλον.

326 4380 345 4410 ι
388 4377 477 4421 τος
497 4358 913 4428 χειροτονεῖσθαι
944 4357 1243 4408 ἐπισκόπου
1271 4356 1544 4423 ἀντιλογία
1567 4359 1806 4426 γένηται.

326 4465 348 4497 r
403 4447 608 4500 Ἐκεῖνο
635 4447 690 4498 δὲ
713 4446 889 4516 ὁρίσαι
923 4447 1021 4508 δεῖ,
1056 4446 1215 4508 ὥστε,
1244 4447 1339 4499 ἐάν
1369 4463 1496 4498 ποτε
1521 4451 1652 4516 πρὸς
1680 4451 1797 4500 ἐπι·
1830 4447 1875 4499 D

327 4554 344 4584 ι
389 4535 554 4603 λογὴν
575 4534 870 4586 ἐπισκόπου
901 4535 1257 4602 συνέλθωμεν.
1279 4536 1368 4587 καὶ
1398 4538 1604 4605 ἀναφυῇ
1626 4554 1704 4598 τις
1722 4539 1813 4588 ἀν’

329 4644 345 4673 ι
387 4623 614 4688 τιλογία,
632 4621 814 4690 ἐπειδὴ
826 4623 892 4673 τὰ
905 4623 1123 4674 τοιαῦτα
1142 4624 1270 4692 παρ’
1288 4625 1415 4692 ἡμῖν
1428 4624 1815 4696 ἐτρακταῖσθη-

328 4733 345 4765 ι
393 4732 512 4774 σαν,
535 4713 799 4780 τολμηρὸν
824 4709 960 4764 εἶναι
992 4714 1175 4765 λοιπὸν
1193 4717 1338 4782 τρεῖς
1366 4715 1561 4782 μόνους
1590 4718 1718 4786 πρὸς
1754 4721 1811 4770 τὸ

327 4823 345 4853 c
393 4805 627 4871 καθᾶραι
677 4802 768 4854 τὸν
826 4802 1404 4871 χειροτονηθησόμενον
1481 4807 1809 4875 εὑρεθῆναι·

331 4915 347 4945 ι
391 4896 524 4946 ἀλλὰ
585 4892 660 4962 τῷ
718 4893 1064 4960 προλεχθέντι
1119 4893 1334 4962 ἀριθμῷ
1403 4897 1667 4967 προστεθῇ
1735 4895 1812 4960 εἷς

327 5002 344 5032 ι
393 4985 484 5034 καὶ
512 4982 603 5034 δύο
636 4983 724 5034 ἐπὶ
755 4981 916 5033 αὑτοῦ
942 4983 1031 5033 τοῦ
1060 4982 1212 5044 λαοῦ,
1248 4983 1306 5034 οὗ
1342 4984 1524 5050 μέλλει
1550 4988 1809 5056 ςχειροτο-

329 5091 345 5121 ι
393 5072 616 5132 νεῖσθαι,
657 5071 982 5134 ἐξετασθῶσι
1023 5071 1236 5139 πρῶτον
1279 5072 1348 5122 τὰ
1406 5073 1667 5139 πρόσωπα
1707 5077 1810 5127 τῶν

328 5183 344 5211 ο
390 5161 774 5227 ἀντιλεγόντων
797 5175 810 5188 ·
852 5161 929 5223 είς
961 5159 1186 5227 ὕστερον
1212 5161 1318 5230 γὰρ
1355 5162 1444 5212 καὶ
1498 5162 1565 5213 τὰ
1616 5180 1810 5230 προτε-

328 5271 346 5302 ι
392 5252 614 5320 θειμένα
647 5249 996 5318 συζευχθῶσι,
1035 5251 1127 5301 καὶ
1178 5250 1264 5302 ὅτε
1325 5251 1560 5319 καθαρὸς
1617 5253 1808 5317 φανείη

333 5363 347 5395 ι
392 5344 485 5395 ἐπὶ
509 5343 772 5410 δημοσίας
808 5339 1146 5409 προσόψεως,
1179 5337 1275 5391 εἷθ’
1311 5341 1451 5393 οὓτω
1502 5357 1809 5410 χειροτονηο

329 5452 346 5483 ι
395 5435 534 5503 θείη.
579 5433 701 5484 Ἐὰν
730 5428 822 5484 οὖν
850 5433 1004 5483 τοῦτο
1025 5431 1491 5500 ἁποκαταδὲχη-ι-αι
1521 5433 1807 5500 ητὺμετέρα

331 5542 347 5574 ι
393 5523 690 5590 ἁγιωσύνη,
725 5527 790 5588 τῇ
822 5524 1141 5589 ὁμονοητικῇ
1173 5521 1460 5587 ἀποκρίσει
1496 5521 1586 5571 τοῦ
1607 5521 1800 5588 ὑμετέο

326 5634 343 5666 ι
393 5631 483 5685 pou
515 5611 821 5679 ἀξιώματος
870 5610 1209 5679 βεϐαιωθεξη.
1253 5612 1382 5662 ’Λπδ
1428 5612 1641 5664 πάντων
1699 5611 1802 5664 τῶν

322 5726 338 5757 ι
383 5705 696 5756 ἐπισκόπων
730 5700 943 5770 ἐλέχθη·
981 5704 1120 5754 Πάνυ
1152 5702 1390 5769 ἀρέσκει.
1425 5719 1442 5751 ι

1911 3192 2054 3259 scopi
2093 3191 2464 3253 adhibeantur,
2498 3192 2698 3244 servari
2738 3207 2842 3246 non
2876 3207 3057 3260 posse,
3087 3209 3181 3247 vos
3227 3194 3328 3262 ipsi
3375 3194 3463 3247 fn-

1911 3282 2012 3334 cile
2046 3283 2487 3333 anilitadrcrtitis.

1909 3369 2135 3422 ARIST.
2176 3387 2192 3418 ι
2230 3368 2424 3422 Tribus
2472 3369 2753 3437 pauciores
2793 3372 3057 3438 episcopis
3106 3374 3172 3426 ad
3218 3375 3463 3444 episcopi

1988 3478 2006 3510 ι
2043 3460 2432 3512 ordinationem
2467 3460 2608 3511 haud
2642 3460 2931 3514 suilicittnt.
2973 3481 2990 3513 ι

1973 3544 2171 3599 Omnes
2204 3547 2441 3612 quidem,
2477 3547 2518 3597 si
2557 3545 2669 3597 lieri
2705 3558 2899 3614 potest,
2924 3551 3210 3616 provincia:
3231 3553 3463 3620 episcopi

1912 3637 2334 3703 metropolitanae
2366 3638 2631 3688 sententia
2671 3640 2957 3692 convenire
2989 3641 3202 3705 debent,
3254 3651 3308 3696 et
3351 3647 3465 3710 epi-

1912 3741 2101 3794 scOpos
2131 3728 2404 3780 ordinare.
2439 3727 2494 3779 Si
2530 3729 2854 3795 impossibile
2887 3739 3061 3783 autem
3089 3732 3244 3786 fuerit
3275 3749 3464 3787 omnes

1911 3818 2220 3876 com'enire,
2278 3827 2495 3884 propter
2529 3819 2760 3884 aliquam
2810 3820 3209 3886 necessitatem,
3265 3824 3458 3878 saltent

1914 3921 2022 3960 tres
2058 3908 2334 3960 minimum
2370 3909 2556 3961 adesse
2582 3919 2810 3976 Oportet.
2843 3913 3005 3964 etiam
3039 3914 3349 3969 absentibus
3375 3930 3470 3983 per

1911 3997 2120 4050 litteras
2152 4011 2472 4050 consensum
2504 4014 2655 4049 suum
2701 4000 3080 4065 praebentibus.

2486 4087 2710 4142 CANON
2747 4088 2881 4141 LIV.

1919 4195 1937 4228 ι
1980 4182 2116 4242 Quot
2148 4178 2382 4243 episcOpi
2422 4177 2578 4243 adjici
2619 4178 2846 4231 debeant
2890 4194 3113 4235 numero
3160 4198 3344 4238 eorum
3375 4187 3467 4254 qui

1990 4285 2007 4316 ι
2053 4269 2320 4324 ordinant.
2359 4268 2402 4319 si
2439 4267 2505 4320 de
2539 4268 2838 4321 ordinando
2873 4271 3122 4340 cpisc0po
3154 4274 3315 4328 fuerit
3343 4292 3468 4330 con-

1991 4373 2008 4405 ι
2046 4357 2470 4410 tradictio.'lllnd
2509 4369 2688 4409 autem
2751 4360 2971 4412 delinire
3018 4373 3252 4429 oportet.
3323 4375 3378 4418 ut
3422 4370 3465 4418 si

1974 4465 2003 4497 tr
2047 4448 2113 4499 ad
2157 4448 2391 4515 CpiStfopi
2424 4449 2742 4502 electionem
2790 4451 3108 4520 quandoque
3149 4457 3471 4508 conveneri.

1992 4554 2009 4586 ι
2048 4552 2183 4596 nius,
2212 4550 2262 4589 ct
2291 4540 2475 4592 oborta
2507 4537 2667 4590 fuerit
2699 4538 2873 4606 aliqua
2908 4543 3289 4606 contradictit,
3321 4558 3479 4611 post—‘

1993 4644 2009 4675 ι
2048 4642 2206 4693 quam
2249 4641 2310 4678 ea
2348 4642 2372 4676 a
2413 4628 2567 4680 nobis
2597 4637 2820 4681 tractata
2856 4628 3051 4681 fuerint
3076 4645 3194 4684 esse
3213 4633 3467 4700 deinceps

1991 4733 2007 4765 ι
2057 4717 2216 4769 nimis
2253 4721 2420 4768 audax
2465 4718 2756 4784 inceptum,
2793 4730 2898 4771 tres
2933 4719 3072 4773 solos
3110 4721 3175 4772 ad
3217 4736 3337 4774 eum
3374 4725 3468 4776 de-

1987 4822 2004 4854 r
2049 4809 2370 4872 ponendum,
2402 4807 2491 4872 qui
2541 4808 2872 4862 ordinandus
2912 4819 3010 4873 est,
3063 4809 3332 4864 inveniri:
3370 4814 3464 4866 sed

1989 4913 2005 4943 ι
2048 4895 2294 4961 pnedieto
2322 4912 2542 4948 nurnero
2575 4897 2896 4963 adjiciantur
2924 4914 3079 4961 unus,
3115 4899 3195 4952 vel
3239 4901 3364 4962 duo,
3415 4913 3467 4955 et

1988 5002 2010 5034 r
2045 4985 2093 5036 in
2127 4986 2311 5036 eodem
2349 4985 2562 5052 populo,
2595 4986 2742 5052 cujus
2777 4997 2859 5040 est
2885 4991 3232 5055 ordinandus,
3263 4993 3467 5043 exami-

1989 5092 2006 5122 ι
2049 5083 2244 5125 nentur
2275 5077 2504 5139 primum
2546 5089 2787 5142 personze
2834 5091 3020 5130 eorum
3068 5077 3159 5145 qui
3193 5083 3458 5131 contradi.

1990 5182 2007 5213 ι
2044 5174 2203 5228 cunt;
2231 5174 2411 5230 postea
2444 5175 2620 5217 autem
2651 5174 2703 5218 et
2723 5181 2840 5233 quae
2867 5179 2990 5220 sunt
3025 5173 3294 5235 proposita
3325 5183 3458 5220 con-

1992 5274 2007 5306 ι
2047 5255 2370 5323 jungantur;
2407 5266 2459 5308 et
2491 5255 2704 5322 quando
2737 5259 2787 5309 in
2825 5268 3043 5322 aspectu
3078 5259 3254 5326 populi
3300 5275 3467 5326 purus

1989 5363 2005 5395 ι
2048 5356 2101 5397 et
2133 5346 2381 5397 innocens
2410 5344 2734 5411 apparuerit,
2755 5345 2946 5400 deinde
2975 5348 3051 5400 sic
3075 5348 3376 5401 ordinetur.
3409 5347 3466 5401 Si

1982 5452 2003 5486 ι
2045 5435 2143 5488 hoc
2176 5448 2302 5502 ergo
2334 5433 2581 5486 admittat
2630 5447 2809 5487 vestra
2863 5439 3124 5489 sanctitas
3150 5473 3166 5500 ,
3211 5441 3464 5491 concordi

1985 5544 2002 5575 ι
2043 5536 2228 5578 vestrm
2277 5526 2548 5590 dign'tatis
2597 5528 2946 5593 responsione
2999 5529 3323 5581 stabiliatur.
3385 5529 3466 5582 Ab

1984 5638 2000 5666 ι
2041 5617 2284 5670 omnibus
2309 5617 2573 5684 episcopis
2606 5616 2804 5669 dictum
2840 5629 2918 5670 est
2955 5635 2966 5669 :
2995 5617 3156 5671 Valde
3187 5620 3380 5686 placet.
