4148 6448
707 402 801 466 ill

1916 410 2190 471 THEUD.
2235 412 2320 469 BA
2330 413 2546 471 LSA.\1(
2557 413 2624 470 )N

3799 407 3902 470 212

711 517 799 584 qui
853 528 1100 574 statuunt
1144 533 1248 572 non
1289 520 1565 587 suscipere
1595 519 1793 574 debere
1818 519 2102 588 episcopos
2129 521 2257 573 alia.
2283 525 2325 578 Α

2283 525 2325 578 Α
2353 527 2408 578 δὲ
2442 527 2565 588 τοὺς
2604 527 2825 587 κανόνας
2870 526 2966 594 τῆς
3013 526 3068 578 ιν
3103 526 3352 594 Τρούλλῳ
3392 524 3632 576 συνόδου.
3667 523 3899 575 Γένωσκε

715 623 832 662 rum
884 611 1162 679 regionum
1220 609 1470 673 clericos,
1537 610 1892 664 exandiantur
1965 611 2126 666 etiam
2197 611 2249 664 in

711 699 875 752 laicos
903 716 915 752 :
944 709 998 752 et
1047 699 1393 767 prohibeatur
1423 699 1655 754 fortasse
1700 700 1917 769 Athyras
1957 704 2248 771 episcopus

713 786 939 852 aliquem
968 788 1218 840 ordinare
1247 786 1460 851 laicum,
1483 788 1573 855 qui
1601 787 1669 841 sit
1703 803 1768 842 ex
1795 789 2011 857 regione
2038 790 2248 859 Sylem-

715 873 844 926 hrlee
872 875 1130 944 episcopi,
1161 887 1214 929 et
1251 877 1366 946 ejus
1393 878 1584 931 canoni
1645 881 1925 946 poenisque
1978 880 2250 945 subjectus

713 962 808 1025 sit,
861 971 916 1016 et
975 979 1072 1033 pro
1099 980 1203 1018 uno
1229 981 1290 1020 ex
1325 967 1437 1034 ejus
1465 969 1592 1022 ovili
1652 969 1930 1025 habeatur.
1989 969 2248 1025 Dicebant

713 1051 853 1104 enim
910 1053 1169 1116 nonnulli,
1235 1057 1372 1122 quod
1429 1071 1491 1110 ex
1549 1059 1795 1126 praesenti
1869 1073 2098 1120 canone,
2158 1058 2247 1125 qui

714 1147 916 1200 dixisse
950 1148 1259 1216 Epigonium
1289 1166 1347 1204 se
1379 1165 1405 1204 a
1449 1151 1661 1206 Juliano
1691 1155 1909 1205 missum
1943 1154 2250 1220 suscepisse

709 1238 926 1300 laicum,
956 1239 1070 1308 ejus
1091 1239 1280 1303 civem,
1303 1252 1354 1295 et
1384 1257 1503 1295 eum
1542 1243 1591 1295 in
1622 1259 1716 1297 sua
1739 1242 1958 1296 ἀίω-θεῖ
1993 1243 2246 1296 clericum

707 1327 982 1382 ordinasse
1032 1330 1279 1394 disserit,
1335 1340 1387 1384 et
1419 1345 1483 1385 ex
1531 1346 1595 1384 eo
1651 1333 1790 1399 quod
1841 1332 1939 1385 hoc
1984 1340 2244 1401 przetextu

712 1425 952 1469 uteretur
994 1416 1259 1482 Julianus,
1287 1434 1406 1473 eum
1439 1435 1466 1471 a
1499 1421 1696 1488 sejure.
1737 1421 1903 1474 fuisse
1936 1423 2244 1475 ordinatum

706 1505 1015 1569 diaconum,
1077 1517 1133 1560 ut
1188 1510 1276 1575 qui
1329 1523 1358 1562 a
1404 1525 1498 1561 sua
1559 1509 2000 1563 Bazaritanorum
2032 1511 2245 1577 regione

710 1596 1024 1657 excesserit,
1056 1596 1393 1659 ostenditur;
1423 1598 1564 1663 quod
1599 1611 1696 1650 uec
1751 1597 1969 1652 alterius
2014 1599 2247 1665 regionis

711 1681 903 1736 laicum
937 1693 1111 1751 potest
1151 1685 1437 1752 episcopus
1461 1685 1715 1738 ordinare
1747 1695 1944 1753 praeter
1984 1686 2244 1754 episcopi.

644 1841 649 1846 _
707 1773 797 1840 qui
830 1787 948 1825 eum
990 1774 1215 1839 obtinet,
1255 1775 1596 1827 sententiam.
1634 1774 1908 1840 Tanquam
1945 1775 2087 1828 enim
2120 1790 2245 1844 pro-

708 1863 872 1916 hibita
899 1872 1062 1925 esset,
1113 1867 1179 1917 ab
1222 1863 1483 1934 Epigonio
1509 1865 1647 1918 facta
1689 1865 1958 1920 ordinatio
1985 1867 2122 1934 ejus,
2151 1868 2241 1935 qui

708 1953 774 2006 ab
810 1953 900 2007 illo
947 1953 1198 2008 educatus
1255 1954 1422 2008 fuerat
1451 1993 1466 2017 ,
1517 1956 1656 2024 quod
1689 1967 1828 2011 esset
1879 1957 1991 2022 ipse
2025 1958 2246 2013 alterius

706 2042 960 2109 regionis,
1015 2043 1209 2110 adjecit
1254 2044 1579 2112 Epigonius,
1620 2061 1677 2100 se
1733 2046 1928 2100 Juliani
1974 2048 2246 2103 voluntate

705 2147 825 2185 eum
857 2134 1152 2200 accepisse,
1183 2134 1246 2186 de
1279 2149 1384 2201 quo
1420 2135 1697 2201 agebatur,
1735 2145 1787 2188 et
1817 2149 2097 2206 promeres
2144 2153 2243 2192 nec

705 2222 1001 2276 esiSIimari
1039 2222 1235 2276 debere
1305 2239 1424 2275 eum
1497 2237 1614 2277 esse
1669 2225 1810 2278 illius
1864 2229 2152 2282 dimcesis:
2192 2237 2244 2282 et

703 2311 1073 2379 disceptabant
1108 2327 1228 2365 eum
1265 2319 1408 2366 recte
1446 2327 1474 2365 a
1507 2311 1716 2366 Juliano
1743 2311 1907 2366 fuisse
1935 2317 2240 2369 ordinatum

704 2403 1012 2464 diaconum,
1064 2411 1121 2452 ut
1162 2403 1249 2468 qui
1290 2416 1353 2454 es
1417 2401 1535 2468 ejus
1562 2400 1780 2454 dioecesi
1822 2411 1988 2466 esset,
2020 2402 2244 2471 ejusque

703 2490 838 2544 civis
891 2500 1251 2557 reputarctnr,
1303 2503 1356 2545 et
1415 2506 1510 2546 nec
1544 2492 1607 2543 ad
1644 2491 1956 2560 Epigonium
1993 2507 2240 2547 reversus

701 2589 866 2641 esset,
929 2579 1030 2631 nisi
1095 2577 1340 2631 Julianus
1403 2593 1522 2631 eum
1581 2580 1732 2646 prius
1793 2595 1821 2632 a
1881 2594 1975 2634 sua
2030 2581 2244 2649 regione

701 2666 1080 2726 abalienasset.
1150 2676 1536 2735 externumque
1580 2668 1812 2733 fecisset,
1865 2680 1916 2724 et
1966 2671 2029 2724 ad
2058 2671 2244 2738 Epigo-

705 2753 849 2804 nium
887 2752 1135 2806 misisset.
1165 2753 1226 2806 Et
1261 2755 1374 2807 hac
1406 2755 1619 2822 quidem
1660 2757 1710 2808 Ιιί
1745 2767 1990 2821 recte,ut
2030 2770 2081 2812 et
2111 2762 2238 2814 mihi

704 2841 938 2904 videtur,
975 2844 1248 2898 dicebant.
1284 2843 1362 2898 Tu
1423 2857 1604 2900 autem
1637 2850 1892 2901 memoria
1924 2866 2046 2905 tene
2080 2867 2241 2922 syno-

700 2931 875 2986 dalem
905 2934 1321 2989 declarationem
1349 2938 1668 2992 sanctissimi
1701 2940 2020 3007 patriarchas
2042 2942 2240 2995 domini

704 3021 1008 3087 Michaelis,
1064 3025 1498 3092 philosophorum
1564 3029 1778 3090 summi,
1831 3043 1949 3097 qua:
2000 3031 2112 3085 hac
2173 3032 2238 3084 ad

2351 616 2406 668 δὲ
2429 618 2508 668 ὅτι
2539 617 2691 682 λόγος
2721 618 2934 682 ιγένετο
2960 617 3209 677 πολλάκις
3233 618 3397 678 πολὺς
3427 616 3573 682 παρὰ
3605 617 3670 682 τῇ
3705 615 3900 680 συνόδῳ

2350 707 2452 774 τῆς
2483 706 2587 758 τῶν
2611 705 3602 772 ΚωνσταντινουτεολιτῶνἘκκλησίας,
3634 705 3681 754 εί
3702 705 3769 756 τὰ
3795 705 3901 754 τῶν

2352 797 2510 850 θείων
2540 798 2797 856 κανόνων,
2831 798 2936 849 τῶν
2963 796 3341 864 διοριζομένων
3371 796 3443 865 μὴ
3471 793 3720 863 δέχεσθαί
3747 810 3900 854 τινας

2349 890 2675 951 ἐπισκόπους
2705 889 2993 957 ἀλλοτρίων
3022 887 3239 955 ενοριῶν
3268 887 3575 955 κληρικοὺς,
3609 883 3897 947 ἐξακούσνο

2349 995 2438 1032 ται
2473 982 2566 1032 καὶ
2601 981 2680 1042 είς
2712 980 2927 1040 λαῖκούς
2949 996 2963 1010 ⁶
2995 980 3087 1031 καὶ
3125 978 3384 1029 κωλύεται
3411 976 3571 1044 τυχὸν
3607 977 3634 1025 ὁ
3660 975 3898 1028 ἐπίσκο-

2349 1086 2448 1132 πος
2484 1069 2682 1136 Ἀθύρα
2708 1072 3079 1139 χειροτονῆσαι
3097 1070 3283 1122 λαῖκόν
3311 1087 3428 1121 τινα
3449 1069 3552 1120 ἀπὸ
3572 1069 3665 1135 τῆς
3689 1067 3900 1135 ὲνορίας

2347 1159 2473 1212 δντα
2495 1162 2585 1213 106
2609 1161 2827 1229 Σηλυμό
2837 1163 2974 1231 ρῐας,
3004 1163 3097 1214 καὶ
3123 1161 3477 1227 ὑποκείμενον
3503 1159 3577 1227 τῷ
3604 1157 3787 1211 κανόνι
3806 1158 3896 1209 καὶ

2347 1249 2460 1306 τοῖς
2494 1247 2786 1313 ἐπιτιμίοις
2822 1248 3006 1307 αὑτοῦ,
3039 1251 3131 1301 καὶ
3161 1248 3501 1314 λογιζόμενον
3538 1247 3633 1298 ἕνα
3665 1246 3772 1296 τῶν
3805 1244 3894 1296 106

2349 1335 2595 1406 ποιμνίου
2630 1339 2811 1390 αὐτοῦ.
2845 1333 3009 1390 Εἶπον
3043 1340 3148 1404 γάρ
3182 1355 3318 1398 τινες
3354 1338 3428 1397 ὡς
3452 1337 3554 1388 ἀπὺ
3577 1336 3670 1386 τοῦ
3700 1335 3894 1403 παρόν-

2346 1443 2433 1487 τος
2458 1429 2696 1489 κανόνος,
2719 1427 3165 1495 διαλαμϐάνοντος
3191 1429 3360 1479 είττεῐν
3385 1427 3473 1477 τδν
3512 1425 3811 1488 Ἐπιγόνιον
3837 1424 3892 1484 ἐξ

2347 1516 2644 1586 ἀποστολῆς
2668 1517 2759 1570 τοῦ
2800 1516 3082 1569 Ἰουλιανοῦ
3114 1517 3445 1583 παραλαϐεῖν
3474 1514 3564 1566 τὸν
3591 1513 3779 1564 λαῖκδν
3803 1529 3896 1564 πο-

2344 1607 2494 1672 λιτην
2515 1609 2642 1661 δντα
2664 1607 2875 1670 τούτου,
2894 1607 2984 1660 καὶ
3007 1606 3375 1675 χειροτονῆσαι
3401 1603 3560 1656 αὑτὸν
3586 1604 3666 1665 είς
3690 1601 3895 1654 οἰκείαν

2345 1701 2555 1768 ἑνορίαν
2574 1701 2847 1769 κληρικδν,
2868 1702 2956 1752 καλ
2975 1700 3080 1751 ἀπὸ
3096 1699 3188 1751 106
3213 1696 3644 1766 προφασίζεσθαι
3661 1695 3750 1746 τὸν
3768 1696 3896 1746 Ἰου-

2347 1789 2527 1842 λιανόν
2551 1790 2780 1855 εὐλόγως
2809 1791 2900 1842 ὑπ’
2919 1789 3082 1843 αὑτοῦ
3111 1790 3294 1841 τοῦτον
3323 1785 3763 1856 χειροτονηθῆναι
3787 1785 3895 1836 διά-

2349 1896 2521 1936 κονον.
2545 1879 2617 1939 ὡς
2641 1878 2963 1947 ὡρμημένον
2989 1879 3094 1930 ἀπὸ
3115 1879 3212 1946 τῆς
3243 1878 3454 1946 ὲνορίας
3479 1875 3641 1929 αὐτοῦ
3667 1877 3766 1942 τῆς
3787 1874 3893 1927 τῶν

2349 1968 2724 2036 Βαζαριτανῶν
2768 1968 3124 2038 παρίσταται’
3171 1974 3253 2021 ὅτι
3305 1968 3423 2020 οὐδε
3465 1966 3648 2018 λαῖκδν
3706 1964 3893 2032 ἑτέρας

2348 2063 2558 2130 ὲνορίας
2589 2060 2808 2113 δύναται
2839 2061 3131 2121 inicum;
3163 2061 3536 2126 χειροτονῆσαι
3572 2057 3722 2124 παρὰ
3753 2056 3893 2120 γνώ-

2349 2169 2456 2222 μην
2494 2150 2586 2203 τοῦ
2636 2151 2842 2218 ἔχοντος
2882 2150 3066 2201 τοῦτον
3100 2150 3413 2202 ἐπισκόπου.
3454 2149 3542 2208 Ὠς
3576 2148 3684 2212 γὰρ
3728 2146 3894 2208 οὖσης

2347 2242 2725 2308 κεκωλυμένης
2764 2240 2862 2306 τῆς
2911 2237 3058 2306 παρὰ
3103 2239 3194 2290 τοῦ
3253 2237 3556 2302 Ἐπιγονίου
3598 2236 3892 2302 γενομένης

2346 2333 2672 2402 χειροτονίας
2702 2333 2780 2392 είς
2830 2331 2920 2382 τὸν
2945 2331 3033 2380 ὑπ’
3056 2330 3267 2382 ἐκείνου
3296 2328 3690 2396 ἀνατραφέντα,
3722 2327 3807 2377 διὰ
3836 2327 3892 2377 τδ

2345 2418 2479 2473 εἶναι
2511 2422 2670 2474 αὐτὸν
2693 2420 2974 2488 ἀλλοτρίας
3003 2420 3234 2485 ὲνορίας,
3262 2417 3518 2486 προέθετο
3542 2421 3567 2467 ό
3588 2417 3892 2481 Ἐπιγόνιος

2345 2510 2484 2564 κατά
2532 2511 2753 2576 γνώμην
2793 2509 2886 2561 τοῦ
2943 2508 3225 2561 Ἰουλιανοῦ
3270 2507 3600 2577 παραλαὸεἰν
3634 2509 3723 2558 τὸν
3769 2512 3891 2573 περὶ

2343 2597 2402 2654 οὗ
2423 2604 2450 2652 δ
2474 2600 2651 2667 λόγος,
2671 2601 2762 2651 καὶ
2784 2599 2868 2650 διὰ
2886 2598 3040 2651 τοῦτο
3068 2599 3199 2668 μηδὲ
3237 2599 3541 2665 λογίζεσθαι
3564 2601 3661 2666 τῆς
3682 2599 3890 2665 ἐνορίας

2344 2690 2554 2742 ἐκείνου
2597 2685 2734 2740 εἶναι
2789 2688 3000 2741 τοῦτον.
3051 2689 3157 2740 Καὶ
3209 2689 3664 2755 ἑδικαιολογοῦντο
3711 2689 3888 2749 καλῶς

2344 2780 2491 2849 παρὰ
2537 2778 2630 2831 τοῦ
2687 2775 2972 2831 Ἰουλιανοῖ
3031 2778 3466 2846 χειροτονηθῆναι
3511 2779 3602 2830 τὸν
3649 2778 3888 2830 τοιοῦτον

2342 2872 2604 2933 διάκονον,
2639 2869 2712 2930 ὡς
2746 2869 2852 2920 ἀπὸ
2878 2868 2978 2935 τῆς
3005 2868 3219 2933 ινορίας
3248 2869 3372 2920 ὄντα
3398 2869 3584 2931 αὐτοῦ,
3613 2869 3708 2920 καὶ
3742 2870 3888 2920 πολίο

2341 2977 2445 3027 την
2477 2957 2666 3010 τούτου
2698 2957 3074 3025 λογιζόμενον,
3109 2959 3201 3009 καὶ
3231 2957 3348 3009 οὐδὲ
3381 2957 3514 3025 πρὸς
3545 2958 3635 3008 τὸν
3679 2957 3890 3022 Ἐπιγό-

2339 3065 2452 3103 νιον
2483 3049 2848 3116 άντεστράφη,
2876 3048 2921 3098 εί
2950 3046 3022 3116 μὴ
3054 3045 3389 3115 προέφθασεν
3415 3047 3520 3098 an»
3549 3045 3649 3112 τῆς
3674 3046 3886 3112 ινορὶας

701 3113 918 3165 verbum
967 3114 1205 3166 continet
1238 3130 1254 3167 :
1287 3115 1462 3170 Mense
1527 3118 1823 3178 novembri.
1894 3119 1982 3174 die
2041 3122 2234 3189 primo,
2265 3142 2308 3199 ε

2265 3142 2308 3199 C
2342 3138 2502 3191 αὐτοῦ
2535 3138 2720 3190 τοῦτον
2749 3137 3120 3202 ἀποξενῶσαι,
3155 3138 3246 3187 καὶ
3272 3135 3585 3188 ἀποστεῖλαι
3617 3135 3754 3203 πρὸς
3798 3135 3884 3187 τὸν

700 3201 995 3254 indictione
1037 3211 1251 3270 quarta,
1293 3204 1612 3268 prmsidente
1649 3208 1989 3262 sanctissimo
2022 3212 2239 3264 domino

704 3291 956 3345 iiicbacle
1003 3291 1054 3343 in
1106 3291 1370 3346 Alexim-is
1398 3295 1842 3361 catechumaniis,
1891 3311 2012 3351 enm
2044 3313 2236 3367 magna

695 3379 813 3448 ejus
892 3381 1181 3434 sanctitate
1256 3397 1358 3434 una
1450 3384 1812 3438 assidenlibus
1890 3387 2242 3442 sanctissimis

699 3471 1055 3530 antistitibus.
1115 3469 1385 3538 Stephano
1435 3471 1717 3536 Caesareae,
1775 3473 1996 3529 Nicolao
2028 3475 2239 3544 Ephesi,

693 3558 951 3613 Michaele
981 3557 1272 3626 Heracleae,
1301 3562 1505 3617 Joanne
1529 3563 1732 3634 Cyzici,
1756 3563 1938 3620 Leone
1975 3567 2237 3633 Amaseae,

699 3647 884 3702 Niceta
920 3649 1228 3717 Melitenes,
1256 3653 1454 3707 Basilio
1475 3655 1860 3719 Neocaesare'e,
1890 3656 2028 3711 Luca
2063 3658 2240 3712 Mece-

696 3755 901 3802 sorum,
925 3740 1133 3794 Joanne
1151 3741 1342 3806 Cretae,
1369 3743 1544 3797 Leone
1567 3746 1956 3812 Adrianopolis,
1977 3747 2240 3803 Conslan-

696 3831 809 3884 titto
866 3829 1270 3893 Euchaitorum.
1345 3833 1577 3902 Georgio
1656 3838 1882 3904 Alaniaa,
1956 3841 2240 3894 Theodoro

696 3921 1046 3990 Methymnes,
1102 3920 1305 3975 Joanne
1329 3923 1514 3993 Bizyes
1543 3935 1595 3978 et
1629 3927 1869 3981 Ruinano
1906 3931 2069 3996 Apro,
2104 3947 2240 3999 pree-

694 4013 938 4064 seutibns
985 4012 1147 4063 etiam
1194 4011 1282 4066 Dei
1325 4015 1708 4068 amantissimis
1752 4019 2036 4073 dominicis
2071 4022 2240 4089 magi-

691 4103 956 4154 stratibus
990 4121 1001 4154 :
1040 4100 1260 4154 Patrum
1289 4104 1551 4156 terminos
1600 4121 1706 4158 non
1752 4111 2070 4175 transgredi,
2106 4125 2241 4178 quos

694 4191 728 4242 ii
757 4191 975 4259 pulchre
1027 4201 1080 4244 et
1113 4206 1231 4243 cum
1263 4206 1322 4245 ea
1366 4207 1466 4258 qua
1501 4209 1596 4260 per
1641 4206 1724 4248 est
1771 4197 2145 4266 disquisitione
2175 4201 2242 4254 ab

692 4279 846 4332 initio
880 4291 1202 4346 posuerunt;
1248 4285 1339 4336 sed
1373 4299 1470 4336 nec
1525 4285 1700 4339 fossas
1737 4303 1832 4341 nec
1859 4289 2054 4342 vallum
2098 4300 2241 4344 tran-

690 4366 858 4429 silire,
901 4369 988 4436 qui
1015 4379 1236 4422 externa
1265 4387 1290 4421 τι
1327 4372 1437 4424 suis
1472 4373 1686 4440 juribus
1726 4376 1936 4440 dividit,
1962 4381 2236 4433 decretum

689 4465 771 4510 est
791 4459 1210 4512 ecclesiasticum
1235 4472 1286 4515 et
1318 4463 1401 4515 lex
1449 4464 1626 4517 divina
1659 4467 1837 4519 multis
1871 4474 1999 4520 ante
2021 4469 2233 4523 saculis
2269 4449 2308 4501 θ

693 4554 912 4600 statuta.
939 4549 1230 4616 Oportebat
1257 4566 1383 4621 ergo
1423 4553 1525 4608 hoc
1554 4571 1657 4608 non
1713 4559 1960 4624 ignorare
1984 4573 2076 4613 eos
2101 4601 2115 4623 ,
2146 4561 2234 4628 qui

693 4636 968 4702 Ecclesiis,
995 4654 1112 4707 qua:
1138 4641 1253 4695 sitae
1274 4653 1416 4706 sunt,
1469 4646 1664 4711 ubique
1686 4657 1919 4714 praesunt
1949 4689 1964 4714 ,
1998 4660 2049 4702 el
2079 4665 2240 4719 syno-

691 4728 826 4781 dalia
854 4729 1067 4784 decreta
1092 4731 1380 4800 legumque
1399 4735 1815 4791 constitutiones
1843 4753 1901 4792 se
1928 4749 2238 4795 servaturos

691 4818 1030 4884 proﬁtentur,
1063 4830 1114 4874 et
1145 4823 1343 4876 debent
1374 4824 1424 4876 in
1463 4825 1542 4878 eis
1573 4841 1904 4892 permanere,
1938 4839 1990 4883 et
2022 4831 2235 4899 pr0pria

689 4908 905 4973 quidem
937 4910 1053 4980 jura
1101 4913 1354 4979 retinere,
1389 4915 1456 4967 ah
1487 4915 1678 4969 alienis
1727 4929 1904 4972 autem
1937 4919 2233 4973 abstinere.

692 4995 796 5050 Sed
855 5000 1036 5053 nescio
1080 5016 1312 5068 quanam
1382 5006 1591 5059 ratione
1646 5007 1862 5074 quidam
1903 5009 2232 5063 sanctissimi

689 5088 980 5152 antistites,
1033 5091 1192 5160 585
1238 5096 1327 5162 qui
1381 5096 1542 5150 etiam
1595 5099 1834 5159 proxime
1863 5099 2002 5151 hanc
2045 5102 2233 5152 urbem

686 5177 1016 5244 imperialem
1047 5184 1201 5235 sedes
1225 5184 1554 5252 episcopales
1596 5187 1770 5239 sortiti
1797 5196 1945 5248 sunt,
1973 5188 2233 5241 diacono-

688 5282 802 5319 rum
824 5277 877 5321 et
902 5271 1245 5324 sacerdomm
1270 5275 1382 5326 suis
1406 5275 1728 5329 dimecsihus
1750 5292 1853 5329 non
1881 5277 2236 5342 subiectorum

688 5357 1053 5412 ordinationes
1113 5361 1248 5413 citra
1315 5364 1474 5417 ullam
1550 5365 1993 5421 observationem
2055 5367 2238 5422 facere

690 5445 1009 5516 deprehensi
1056 5463 1182 5505 sunt
1214 5470 1227 5506 :
1259 5455 1348 5523 qui
1404 5456 1564 5509 etiam
1609 5457 1674 5512 de
1707 5461 1808 5512 hoc
1838 5473 1865 5511 a
1895 5460 2238 5513 sanctissimo

687 5538 987 5601 patriarcha
1040 5542 1257 5597 domino
1313 5528 1451 5598 [Luca
1500 5547 1783 5603 decessore
1815 5558 2002 5604 nostro
2048 5550 2236 5603 admo-

688 5628 809 5692 utti,
842 5640 895 5682 et
924 5630 974 5684 in
1009 5633 1280 5688 mandatis
1306 5636 1586 5700 habentes,
1617 5649 1672 5691 ut
1706 5639 1818 5692 hac
1847 5649 2034 5692 contra
2067 5655 2236 5694 eano-

691 5728 785 5770 ηε
809 5716 986 5774 facere
1006 5719 1332 5790 desinerent,
1369 5739 1543 5788 extra,
1592 5728 1828 5794 inquam,
1863 5742 1967 5781 suae
2001 5729 2233 5795 regionis

2353 3229 2668 3295 Ἐπιγόνων.
2689 3230 2797 3282 Καὶ
2820 3229 2970 3280 αὐτοὶ
2995 3228 3092 3295 μὶν
3112 3222 3261 3278 εἷπον
3286 3226 3455 3277 ταῦτα
3477 3226 3678 3286 καλῶς,
3701 3226 3775 3287 ὡς
3797 3227 3886 3279 καὶ

2342 3319 2463 3385 ἰμοὶ
2489 3318 2653 3369 δοκεῖ.
2691 3318 2761 3369 Σὺ
2795 3317 2851 3368 δὶ
2878 3317 2963 3382 ἔχε
2990 3316 3078 3367 ἐπὶ
3114 3319 3330 3385 μνήμης
3361 3315 3457 3385 τὴν
3485 3315 3767 3382 συνοδικὴν
3798 3331 3882 3380 ση-

2345 3407 2566 3475 μείωσιν
2611 3406 2701 3457 τοῦ
2749 3407 3044 3471 άγιωτάτου
3093 3407 3429 3475 πατριάρχου
3470 3406 3635 3474 κυροῦ
3671 3404 3885 3474 Μιχαὴλ

2341 3500 2433 3551 τοῦ
2483 3497 2761 3565 γεγονότος
2806 3499 3010 3550 ὑπάτου
3063 3498 3170 3550 τῶν
3213 3499 3531 3564 φιλοσόφων,
3578 3497 3704 3548 τάδε
3756 3495 3886 3563 πρὸς

2341 3589 2467 3650 ἔπος
2489 3587 2974 3655 διαλαμϐάνουσαν·
2995 3588 3140 3654 Μηνὶ
3163 3587 3450 3656 Νοεμϐρίῳ
3473 3589 3654 3656 ἡμέρα
3678 3585 3867 3656 πρώτῃ

2345 3680 2669 3740 ίνδικτιῶνος
2703 3678 2764 3740 δ’,
2807 3679 3222 3747 προκαθημένου
3264 3680 3358 3731 τοῦ
3392 3681 3696 3746 ἀγιωτάτου
3737 3680 3888 3746 ἡμῶν

2339 3769 2596 3822 δεσπότου
2620 3769 2711 3819 καὶ
2735 3767 3108 3834 οίκουμενικοῦ
3134 3770 3464 3838 πατριάρχου
3488 3769 3657 3837 κυροῦ
3677 3769 3889 3838 Μιχαὴλ

2341 3860 2396 3912 ὲν
2421 3861 2531 3920 τοῖς
2556 3858 2885 3920 ’Λλτξιακοῖς
2920 3861 3412 3927 κατηχουμενείοις,
3440 3861 3891 3928 συνεδριαζόντων

2350 3953 2416 4018 τῇ
2453 3951 2665 4019 μεγάλῃ
2685 3950 2961 4020 ἁγιωσύνῃ
3008 3951 3168 4002 αὑτοῦ
3211 3951 3516 4018 ίερωτάτων
3553 3952 3887 4017 ἀρχιερέων,

2343 4038 2610 4103 Στεφάνου
2650 4039 3017 4104 Καισαρείας,
3063 4039 3327 4090 Νικολάου
3368 4039 3629 4104 Ἐφέσου.
3678 4040 3891 4107 Μιχαὴλ

2353 4127 2697 4195 Ἡρακλείας,
2740 4128 2985 4180 Ἰωάννου
3013 4128 3272 4191 Κυζίκου,
3304 4129 3532 4189 Λέοντος
3575 4131 3890 4197 Ἀμασείας,

2343 4219 2552 4286 Νικήτα
2578 4217 2900 4285 Μελιτηνῆς,
2927 4216 3205 4270 Βασιλείου
3234 4219 3682 4288 Νεοκαισαρείας,
3713 4225 3893 4275 Λουκᾶ

2341 4308 2664 4377 Μουκησῶν,
2709 4307 2950 4360 Ἰωάννου
2981 4309 3220 4377 Κρήτης,
3255 4311 3477 4373 Λέοντος
3515 4312 3891 4380 Ἀδριανουπό-

2343 4399 2498 4462 λεως,
2531 4399 2933 4450 Κωνσταντίνου
2961 4399 3261 4466 Εὑχαῖτων,
3293 4401 3559 4467 Γεωργίου
3596 4404 3889 4470 ’Λλανείας,

2341 4488 2612 4558 Θεοδώρου
2653 4488 2958 4556 Μεθύμνης,
3001 4489 3245 4542 Ἰωάννου
3283 4491 3498 4558 Βιζόης.
3534 4495 3629 4544 καὶ
3677 4495 3894 4561 Ῥωμα-

2342 4578 2433 4630 νοῦ
2458 4580 2669 4647 Ἀπρω,
2698 4579 3116 4646 παρισταμένων
3139 4581 3229 4632 καὶ
3254 4581 3681 4646 θεοοξιλεστάτων
3705 4585 3893 4637 δεσπο-

2340 4669 2506 4721 τικῶν
2536 4669 2809 4736 ἀρχόντων
2834 4686 2847 4699 ⁸
2879 4669 3001 4739 ὅρια
3052 4670 3306 4738 Πατέρων
3343 4674 3414 4739 μὴ
3453 4673 3826 4741 ὑπερϐαίνειν,
3859 4675 3893 4728 ἃ

2342 4759 2522 4820 καλῶς
2551 4755 2692 4813 οὗτοι
2730 4761 2822 4812 καλ.
2856 4761 2993 4829 μετὰ
3031 4761 3256 4827 δεούσης
3290 4763 3612 4828 δοκιμασίας
3655 4766 3894 4834 ἀρχῆθεν

2340 4847 2614 4912 ἐξέθεντο’
2656 4849 2790 4900 ἀλλά
2843 4849 2974 4916 μηδὲ
3021 4850 3158 4915 ὑπὲρ
3207 4851 3277 4901 τά
3329 4852 3650 4916 ἐσκαμμένα
3698 4855 3893 4906 καθάλ-

2340 4939 2543 4999 λεσθαι,
2573 4939 2666 4990 καὶ
2696 4938 2939 5004 θριγγίον
2962 4940 3297 5008 ὑπερπηδᾷν.
3331 4941 3655 5008 δταιρετικδν
3675 4945 3891 4996 ὀθνείων

2339 5044 2396 5078 τε
2429 5029 2522 5080 καὶ
2567 5029 2780 5081 οίκείων
2826 5029 3067 5090 δικαίων,
3113 5030 3561 5098 ἐκκλησιαστικὸν
3586 5033 3761 5101 δόγμα
3800 5036 3890 5086 καὶ

2339 5115 2500 5183 νόμος
2529 5114 2669 5176 θεῖος
2699 5116 2961 5167 ἀνέκαθεν
2997 5116 3265 5184 κείμενος.
3305 5119 3448 5169 Ἔδει
3482 5119 3580 5186 μὲν
3609 5121 3704 5174 οὖν
3738 5124 3888 5175 τοῦτο

2342 5203 2416 5273 μὴ
2455 5205 2666 5268 ἀγνοεῖν
2714 5206 2838 5265 τοὺς
2869 5205 2976 5256 τῶν
3007 5205 3317 5274 ἁπανταχοῦ
3355 5208 3715 5275 διακειμένων
3756 5230 3890 5278 προ⁴

2339 5293 2660 5362 ἳσταμένους
2699 5295 3020 5361 ικκλησιῶν,
3057 5295 3149 5346 κα)⁸
3201 5297 3260 5346 τὸ
3294 5297 3616 5365 ἐπάγγελμα
3671 5301 3887 5370 ἔχοντας

2340 5383 2670 5450 συντήρησιν
2718 5382 3102 5450 θεσπισμάτων
3146 5386 3445 5436 κανονικών
3503 5389 3594 5438 καὶ
3654 5393 3886 5458 νομικῶν

2337 5470 2714 5539 διαταγμάτων
2739 5489 2747 5499 '
2782 5472 2872 5522 καὶ
2900 5471 3078 5536 μέντοι
3109 5473 3202 5524 καὶ
3228 5474 3487 5540 ἐμμένειν
3515 5477 3723 5540 τούτοις
3750 5483 3886 5545 deicio

2339 5559 2548 5621 λοντας,
2596 5561 2687 5613 καὶ
2733 5560 2839 5612 τῶν
2881 5563 3094 5613 οἰκείων
3148 5565 3245 5628 μὲν
3281 5564 3502 5616 δικαίων
3551 5568 3880 5637 ἀντέχεσθαι,

2339 5647 2447 5698 τῶν
2474 5646 2530 5699 δὲ
2565 5647 2854 5716 ἀλλοτρίων
2890 5648 3204 5715 ἀπέχεσθαι.
3251 5648 3389 5700 Ἀλλ’
3421 5650 3518 5702 οὐκ
3547 5646 3645 5704 οἶδ’
3673 5656 3754 5706 ὅτι
3789 5674 3881 5707 πα.

2341 5737 2518 5798 θόντες
2581 5738 2717 5797 τινὲς
2773 5737 2876 5788 τῶν
2940 5737 3242 5808 ἱερωτάτιιιν
3290 5739 3619 5812 ’ἀηιερίωη
3689 5746 3736 5796 οἱ
3796 5748 3879 5798 καὶ
