4148 6470
280 355 383 418 933

1383 357 1463 417 IN
1503 357 1662 418 CAN.
1701 358 1798 417 LX
1823 357 2027 419 CONC.
2067 359 2429 419 CARTHAG.

3384 348 3488 416 93L

281 460 482 528 ζητεῐν,
517 462 590 522 ὡς
627 461 934 530 άνηκούσας
974 461 1173 524 αὐτοῖς.
1218 463 1282 514 'H
1322 462 1427 532 γὰρ
1468 463 1666 531 Ἀρζύα
1711 463 1845 532 μετὰ
1875 469 1916 524 Α

1838 469 1916 524 ιΑ
1948 473 2155 520 ctantes
2183 466 2412 519 invadat.
2462 465 2634 518 Arzua
2673 466 2834 529 enim,
2882 480 3000 533 quae
3031 482 3093 518 ex
3132 464 3364 533 ερὶεοοιιί
3407 464 3476 516 fa-

280 552 679 620 παραχώρησιν
705 553 796 605 τοῦ
816 554 1113 606 ἐπισκόπου
1140 553 1426 618 ἀξιωθεῖσα
1444 555 1607 622 τιμῆς
1628 555 1840 605 ἐπισκο-

281 641 469 708 πικῆς,
503 641 686 711 ἐκείνη
721 645 854 711 μόνη
903 643 1101 713 ταύτην
1145 644 1348 711 ὀφείλει
1398 643 1556 711 ἔχειν,
1591 644 1751 714 ἑτέρα
1784 643 1839 694 δὲ

283 729 670 800 άποδρεφθείη,
691 732 857 801 ἡγουν
881 733 956 801 μὴ
979 733 1377 800 άποσπασθείη.
1399 733 1472 801 μὴ
1497 733 1837 802 άποτμηθείη

278 818 359 879 είς
399 818 460 870 τὸ
497 820 626 871 ἴδιον
657 821 958 889 κτήσασθαι
987 822 1304 886 ἐπίσκοπον,
1343 823 1388 874 εί
1427 822 1500 892 μὴ
1538 821 1837 874 συναινέσαι

287 908 372 960 τοῦ
398 909 799 974 ἐξουσιάζοντος
817 911 983 980 αὐτῆς
1003 913 1315 965 ἐπισκόπου.
1343 913 1482 982 Πρὸς
1511 911 1676 965 ταῦτα
1694 913 1720 964 δ
1737 913 1838 962 Αὑ-

279 999 434 1066 ρήλιο
472 1039 487 1061 ,
529 1000 961 1069 παρασκευάζων
992 1003 1295 1054 συναινέσαι
1339 1005 1541 1064 πάντας
1586 1001 1709 1064 τοὺς
1745 1001 1840 1068 τῆς

279 1088 528 1149 συνόδου,
553 1091 828 1160 ἐπήγαγεν
857 1092 936 1144 ὅτι
977 1094 1088 1144 Ούκ
1137 1093 1458 1160 ἁμφιδάλλω
1489 1095 1652 1146 πᾶσιν
1679 1093 1842 1161 ἀρέσ-

277 1193 398 1230 κειν
419 1175 610 1230 ταῦτα.
638 1180 746 1231 Καὶ
777 1181 964 1248 ἐπειδὴ
1004 1181 1178 1234 πάντα
1207 1183 1412 1248 νομίζω
1461 1177 1600 1235 εἶναι
1649 1197 1841 1249 τετρα-

273 1269 612 1335 κταῐσμίγα,
649 1269 767 1322 ἀντὶ
825 1270 918 1322 τοῦ
968 1273 1337 1339 ἐσκοπημένα,
1387 1272 1835 1340 δεδοκιμασμένα,

276 1358 639 1429 ἐξητασμένα,
690 1359 903 1424 πάντως
952 1359 1280 1429 βεδαιὼσατε
1307 1361 1474 1413 ταῦτα
1506 1363 1571 1430 τῇ
1599 1360 1839 1429 ὑμετέρα

273 1452 604 1520 ἐκφωνήσει.
639 1452 838 1514 Πάντες
863 1448 1033 1503 εἷπον
1074 1453 1304 1520 Ἤρεσεν
1347 1453 1475 1520 ἡμῖν
1504 1454 1635 1503 πᾶσι
1668 1452 1838 1503 ταῦτα

271 1543 371 1594 καὶ
397 1546 463 1611 τῇ
485 1542 724 1611 ἡμετέρα
753 1543 1040 1611 ὑπογραφῇ
1070 1541 1210 1594 αὐτὰ
1249 1541 1593 1611 βεϐαιοῦμεν.

273 1631 499 1686 ΔΡΙΣΤ,
565 1651 581 1682 ι
621 1632 899 1700 Διοίκησις
957 1633 1050 1684 ἐάν
1108 1634 1247 1684 κατὰ
1313 1631 1536 1702 γνώμην
1593 1633 1686 1685 τοῦ
1739 1635 1838 1702 τὴν

356 1739 374 1770 ε
413 1721 659 1784 ἐξουσίαν
677 1722 888 1789 ἔχοντος
910 1722 1183 1790 ἐπιτραπῇ
1211 1721 1340 1774 ἴδιον
1371 1721 1516 1790 σχεῖν
1544 1721 1838 1773 ἐπίσκοπον

351 1826 370 1859 t
410 1810 487 1871 είς
521 1809 614 1870 τὰς
643 1809 832 1870 λοιπὰς
862 1809 1156 1877 διοικήσεις
1195 1808 1223 1860 ὀ
1255 1808 1493 1871 τοιοῦτος
1525 1809 1597 1878 μὴ
1652 1809 1837 1861 ἐπισα-

353 1918 370 1948 t
409 1899 602 1953 λέσθω.
617 1918 634 1949 ι

347 1991 597 2058 Ὦρισται
625 1991 770 2061 παρὰ
794 1990 1020 2062 γνώμην
1037 1993 1130 2045 τοῦ
1164 1994 1533 2063 πρωτεύοντος
1555 1996 1611 2046 ἐν
1636 1997 1836 2066 ἑκάστῃ

274 2082 536 2152 ἐπαρχία,
596 2084 670 2151 μή
709 2100 828 2135 τινα
891 2083 995 2135 τῶν
1036 2086 1348 2136 ἐπισκόπων
1394 2085 1668 2151 γίνεσθαι·
1703 2087 1836 2138 ἀλλὰ

277 2173 411 2240 μηδὲ
444 2175 501 2223 ἐν
528 2173 686 2243 κώμῃ
725 2174 849 2237 τινὶ,
879 2173 911 2242 ἦ
945 2176 1037 2224 καὶ
1086 2172 1313 2242 βραχείᾳ
1353 2175 1525 2232 πόλει,
1562 2177 1621 2226 ἐν
1746 2177 1835 2226 καὶ

272 2256 355 2325 εἷς
386 2262 750 2332 πρεσϐύτερος
780 2264 1010 2332 ἐπαρκεῖ
1039 2264 1332 2315 ἐπίσκοπον
1366 2265 1743 2327 καθίστασθαι,
1782 2268 1828 2316 εί

278 2353 355 2422 μὴ
385 2353 769 2422 πληθυνθεῖσαι
808 2353 936 2414 ἴσως
966 2348 1123 2406 αὗται
1156 2353 1301 2415 ἄξιαι
1337 2354 1597 2422 κριθῶσιν
1630 2356 1832 2424 ὀνομα-

277 2444 470 2510 σθῆναι
497 2443 808 2496 ἐπισκοπαί.
855 2443 916 2494 Ei
948 2442 1077 2509 γοῦν
1112 2445 1190 2506 είς
1223 2444 1517 2512 παροικίαν
1575 2446 1716 2503 τινὰ,
1777 2449 1832 2496 ἐν

275 2529 308 2605 ᾖ
340 2535 398 2584 τὸ
429 2533 565 2603 πρὶν
599 2533 697 2586 ούκ
735 2529 803 2602 ἦν
837 2532 1155 2598 ἐπίσκοπος,
1193 2541 1331 2585 κατὰ
1360 2533 1583 2602 γνώμην
1613 2534 1704 2586 τοῦ
1731 2536 1827 2603 τὴν

275 2622 528 2687 ἐξουσίαν
591 2623 649 2674 ἐν
708 2623 843 2692 αὐτῇ
903 2623 1116 2690 ἔχοντος
1183 2623 1480 2674 ἐπισκόπου
1539 2625 1833 2675 ἐπίσκοπον

274 2711 529 2778 γενέσθαι
555 2713 852 2780 ἐπιτραπῇ,
888 2711 978 2763 τὸν
1015 2711 1140 2762 λαὸν
1177 2713 1355 2779 μόνον,
1385 2714 1465 2770 εἰς
1515 2710 1574 2762 ὃν
1629 2715 1831 2780 ἐχειρο-

272 2800 496 2871 τονήθη,
533 2802 782 2869 κατέχειν
831 2803 1058 2868 ὀςςείλει,
1089 2801 1164 2870 μὴ
1194 2800 1376 2870 μέντοι
1412 2817 1472 2868 γε
1515 2802 1606 2852 καὶ
1640 2802 1830 2871 ἐτέραν

275 2890 566 2944 διεκδικεῐν
597 2892 916 2960 παροικίαν.

280 3001 298 3031 ι
353 2982 439 3035 Ἑν
468 2981 637 3051 ταύτῃ
664 2983 728 3050 τῇ
761 2981 959 3049 συνόδῳ
987 2982 1214 3052 ὡρίσθη,
1237 2981 1639 3044 ἶναέπίσκοπος
1663 2982 1826 3051 χωρὶς

1945 558 2146 614 cultate
2191 557 2344 625 digna
2380 556 2716 624 episcopatus
2761 557 2961 609 honore
3003 556 3185 610 habita
3234 566 3335 619 εει,
3379 557 3487 609 sola

1944 659 2064 697 eum
2099 647 2341 700 obtinere
2374 647 2568 708 debet,
2614 661 2718 700 non
2750 647 2851 700 alia
2890 661 3100 714 quoque
3126 646 3360 714 decerpi,
3392 660 3486 699 seu

1943 735 2164 790 distrahi
2209 751 2272 790 ac
2303 737 2498 802 divelli,
2537 747 2592 790 ut
2620 737 2890 804 proprium
2926 738 3120 790 habeat
3151 740 3481 805 episcopum,

1944 824 2044 876 nisi
2076 838 2140 877 eo
2165 825 2257 892 qui
2291 824 2397 878 illic
2423 824 2669 893 praesidet
2700 826 2948 892 episcopo
2972 825 3374 893 comprobante.
3403 825 3482 878 Ad

1943 913 2050 966 haec
2072 913 2343 980 Aurelius,
2386 924 2441 967 ut
2468 929 2653 969 eorum
2689 916 2895 969 animos
2923 916 3012 983 qui
3055 915 3107 967 in
3136 917 3334 984 synodo
3361 917 3483 968 ade-

1941 1008 2082 1061 rant,
2137 998 2202 1052 ad
2253 1000 2645 1054 assentiendum
2698 1004 2888 1055 idonee
2956 1014 3324 1072 compararet,
3368 1005 3482 1058 Non

1939 1087 2144 1151 dubito,
2182 1091 2275 1154 ait,
2310 1091 2436 1158 quin
2469 1091 2583 1145 haec
2627 1092 2875 1147 omnibus
2907 1095 3229 1160 probentur,
3254 1103 3306 1146 et
3358 1095 3482 1161 quia

1941 1185 2264 1242 pertractata
2311 1180 2460 1239 satis,
2512 1181 2612 1234 hoc
2669 1190 2774 1245 est,
2827 1182 3102 1246 meditata,
3152 1183 3478 1244 examinata,

1938 1265 2179 1332 probata,
2206 1269 2380 1321 omnia
2412 1283 2531 1324 esse
2561 1270 2806 1336 arbitror,
2835 1285 2894 1325 ea
2931 1286 3022 1326 vos
3051 1286 3261 1340 quoque
3305 1284 3482 1326 vestra

1939 1357 2201 1410 sententia
2251 1359 2582 1415 conﬂrtuate.
2627 1359 2760 1414 Tum
2807 1361 3020 1430 reliqui,
3070 1360 3134 1414 Et
3180 1363 3329 1416 nobis
3371 1363 3482 1417 huic

1939 1445 2168 1513 placent,
2215 1458 2268 1502 et
2313 1459 2492 1504 nostra
2539 1453 2774 1505 omnium
2820 1452 3208 1520 subscriptione
3245 1455 3481 1507 tirmabi«

1940 1550 2075 1589 ntus.

1937 1624 2156 1679 ARIST.
2187 1647 2203 1678 ι
2237 1629 2488 1686 Ditecesis
2506 1633 2548 1686 si
2579 1631 2692 1701 ejus
2717 1635 2804 1701 qui
2835 1643 3144 1702 potestatem
3171 1637 3326 1689 habet
3347 1651 3482 1690 seu-

2016 1736 2032 1767 ι
2069 1720 2229 1771 tentia
2251 1723 2520 1789 proprimn
2544 1723 2742 1778 habere
2769 1725 3076 1792 episcopum
3116 1724 3478 1794 permittatur,

2016 1825 2033 1856 ι
2071 1807 2303 1875 reliquas
2329 1810 2416 1864 ille
2451 1811 2704 1867 dimceses
2734 1827 2800 1866 ue
2829 1795 3059 1866 invadat.
3092 1829 3110 1862 ι

2011 1983 2286 2039 Decretum
2305 1997 2408 2049 cst,
2436 1996 2625 2055 praeter
2653 1989 2894 2056 primatis
2911 1991 3233 2043 sententiam
3271 1991 3322 2042 in
3351 2005 3480 2042 una-

1936 2084 2142 2138 quaque
2181 2075 2470 2140 provincia,
2503 2077 2767 2132 nemineut
2793 2079 3167 2148 episcOporum
3197 2081 3334 2134 ﬁeri.
3375 2080 3478 2134 Sed

1936 2160 2092 2230 593
2130 2179 2226 2216 nec
2269 2164 2322 2216 in
2355 2167 2469 2220 vico
2500 2166 2676 2234 aliquo
2710 2178 2800 2220 aut
2828 2183 2988 2239 parva
3027 2170 3259 2235 civitate,
3293 2171 3343 2224 in
3377 2186 3481 2239 qua

1934 2261 1985 2302 et
2038 2267 2172 2306 unus
2212 2256 2489 2324 presbyter
2529 2257 2775 2319 sutﬂciat,
2829 2261 3083 2314 constitui
3136 2262 3479 2329 episcopum;

1935 2341 2035 2394 nisi
2073 2342 2209 2396 forte
2235 2345 2338 2397 illa:
2364 2347 2560 2415 populo.
2579 2349 2908 2404 abundantes
2950 2350 3120 2421 digna:
3152 2351 3479 2418 jutrtceatur,

1933 2449 2048 2499 qua:
2075 2436 2416 2490 nominentur
2454 2437 2806 2506 episc0patus.
2843 2437 2899 2491 Si
2947 2439 3125 2507 itaque
3159 2440 3213 2492 in
3250 2441 3482 2508 parmcia

1933 2525 2130 2593 aliqua,
2167 2525 2218 2578 in
2253 2540 2355 2594 qua
2400 2539 2556 2581 antea
2591 2542 2699 2582 non
2746 2526 3172 2597 luitepiscopus,
3228 2544 3324 2598 per
3372 2530 3481 2596 epi-

1932 2616 2076 2684 scopi
2105 2619 2156 2670 in
2185 2631 2250 2672 eo
2280 2627 2594 2686 potestatem
2630 2619 2873 2672 habentis
2910 2620 3226 2672 sententiam
3271 2621 3482 2688 episco-

1932 2723 2030 2774 pus
2054 2708 2167 2763 lieri
2190 2710 2548 2776 permittatur,
2575 2709 2824 2779 populum
2851 2711 3049 2775 solum,
3070 2709 3127 2763 iu
3149 2725 3301 2778 quem
3331 2710 3478 2764 ordi-

1934 2811 2088 2853 natus
2117 2798 2236 2862 luit,
2268 2800 2498 2855 retinere
2539 2801 2712 2865 debet,
2747 2816 2850 2856 non
2882 2813 3064 2856 autem
3105 2812 3158 2857 et
3182 2801 3340 2856 aliam
3368 2802 3482 2854 vin-

1933 2891 2109 2943 dicare
2139 2890 2444 2957 parceciam.

1938 2998 1956 3029 ι
1989 2979 2046 3032 In
2084 2979 2180 3032 hac
2199 2979 2402 3048 synodo
2431 2980 2816 3034 constitutuma
2849 2995 2950 3044 est,
2977 2989 3033 3034 ut
3070 2983 3348 3052 episcopus
3368 2983 3480 3035 sine

354 3097 370 3128 ι
406 3076 766 3144 ἀπολυτικῆς,
800 3075 874 3144 μὴ
930 3073 1156 3141 πλεύσῃ.
1212 3073 1332 3124 Ἐπὶ
1383 3072 1686 3141 Καισαρίου
1737 3072 1899 3150 καὶρ

1855 3089 1899 3150 C
2007 3089 2024 3119 ι
2063 3071 2382 3124 dimissoriis
2435 3071 2624 3125 litteris
2675 3085 2777 3124 non
2829 3072 3059 3139 naviget.
3139 3072 3251 3128 Sub
3297 3073 3479 3127 Caesa-

349 3187 365 3218 t
419 3165 686 3229 Ἀττικοῦ,
720 3164 827 3216 τῶν
869 3164 1267 3233 λαμπροτάτων
1303 3161 1546 3223 ὑπάτων,
1603 3163 1667 3230 τῇ
1725 3161 1828 3230 πρὸ

347 3277 364 3308 ι
404 3256 463 3322 ἒξ
492 3254 766 3309 καλανδῶν
811 3253 1041 3305 Ἰουλίων
1072 3253 1129 3303 ἐν
1160 3250 1457 3318 Καρχηδόνι
1485 3251 1648 3318 ἤρεσε
1718 3267 1824 3318 μη.

352 3365 368 3396 ι
405 3346 530 3398 δὲνα
559 3343 667 3396 τῶν
701 3341 1015 3394 ἐπισκόπων
1056 3341 1240 3392 πλέειν
1269 3340 1433 3407 χωρὶς
1493 3337 1824 3405 ἀπολυτικῆς

347 3457 364 3488 t
411 3437 500 3489 τοῦ
540 3434 929 3505 πρωτεύοντος.
962 3433 1039 3484 Τά
1067 3432 1434 3501 πεπραγμένα
1460 3432 1486 3481 ὁ
1540 3429 1718 3498 ζητῶν
1769 3431 1824 3481 ἐν

346 3549 362 3579 t
400 3531 512 3590 τοῖς
537 3527 871 3587 αύθεντικοίς
898 3525 1143 3595 εὑρήσει.
1183 3542 1201 3573 ι

341 3616 585 3670 ZQNAP.
633 3615 989 3682 Ἀπολυτικὴν
1039 3611 1182 3679 λέγει
1233 3611 1330 3681 τὴν
1380 3609 1660 3683 εἰρηνικὴν
1708 3611 1824 3662 ἐπι-

270 3706 499 3772 στολήν·
558 3703 906 3778 πρωτεύοντα
974 3701 1029 3753 δὲ
1092 3703 1181 3753 τὸν
1249 3704 1593 3770 πατριάρχην
1650 3702 1683 3770 ἢ
1737 3702 1825 3752 τὸν

270 3794 675 3866 μητροπολίτην
699 3793 798 3862 τῆς
825 3793 1136 3862 διοικήσεως
1159 3807 1172 3820 ’
1205 3792 1381 3843 πλέειν
1409 3791 1463 3843 δὲ
1499 3792 1560 3842 τὸ
1601 3791 1822 3843 διαπον-

267 3890 399 3951 τίως
429 3891 748 3959 ἀποδημεῖν.
775 3908 792 3940 ι

277 3998 296 4031 ι
348 3981 441 4032 Ἐκ
480 3981 577 4048 τῆς
608 3981 826 4032 συνόδου
857 3978 1060 4045 ταύτης
1108 3979 1470 4046 τοποτηρηταὶ
1500 3978 1634 4044 πρὸς
1671 3977 1823 4046 βασι-

350 4088 368 4118 ο
404 4071 531 4132 λέας
559 4071 1042 4139 ύπογεγραμμένοι
1068 4069 1355 4118 ἐπίσκοποι
1382 4066 1816 4120 ἀποστέλλονται.

349 4178 367 4208 ι
409 4160 564 4212 Μετὰ
591 4159 689 4227 τὴν
721 4160 984 4210 ὑπατείαν
1013 4158 1122 4208 τῶν
1162 4155 1513 4220 ἐνδοξοτάτων
1559 4156 1823 4224 βασιλέων

349 4249 657 4316 «Ὀνωρίου
695 4250 1005 4314 Αὐγούστου
1061 4246 1136 4315 τῷ
1191 4247 1453 4315 τετάρτῳ,
1504 4250 1596 4296 καὶ
1653 4247 1824 4298 Εὐτυ-

349 4359 365 4389 t
404 4337 608 4408 χιανοῦ.
640 4337 733 4389 τοῦ
775 4337 1160 4406 λαμπροτάτου
1183 4339 1247 4404 τῇ
1282 4338 1386 4402 πρὸ
1427 4335 1587 4386 πέντε
1629 4334 1824 4387 καλανι

349 4452 367 4482 ι
401 4431 504 4483 δῶν
543 4430 720 4482 Μαΐου
744 4431 801 4481 ἐν
833 4428 1139 4497 Καρχηδόνι
1172 4428 1248 4479 είς
1295 4427 1357 4476 τὸ
1407 4428 1677 4496 σήκρητον
1725 4426 1824 4494 τῆς
1861 4413 1903 4468 D

350 4542 367 4572 ι
421 4518 800 4587 Ῥεστιτούτης
830 4519 1148 4588 ἐκκλησίας.
1173 4536 1193 4568 s

831 4606 1054 4676 Πρᾶξις
1083 4607 1267 4674 τρίτη.

278 4721 295 4751 ι
349 4702 434 4753 Ἐν
462 4701 639 4772 ταύτῃ
674 4701 740 4769 τῇ
801 4699 1006 4766 συνόδῳ
1057 4698 1458 4774 τοποτηρησίαν
1513 4695 1826 4760 ἀνεδέξαντο

349 4813 365 4843 ι
419 4795 720 4859 Ἑπιγόνιος
747 4794 837 4842 καὶ
865 4789 1206 4847 Βικεντιανδς
1255 4788 1304 4840 οἱ
1360 4788 1690 4840 ἐπίσκοποι·
1738 4791 1822 4838 ἵνα

347 4901 362 4932 ι
404 4885 567 4951 νόμου
601 4880 904 4945 ἁξιωθῶσιν
939 4879 1090 4947 παρὰ
1124 4878 1232 4940 τῶν
1271 4875 1626 4938 ἐνδοξοτάτων
1677 4875 1826 4944 βασις

349 4992 365 5023 ι
405 4973 536 5025 λ-ων
566 4972 694 5041 περὶ
745 4970 846 5021 τῶν
879 4967 1331 5036 καταφευγόντων
1374 4969 1454 5025 είς
1509 4964 1822 5033 ἐκκλησίαν,

347 5082 362 5112 ι
399 5065 492 5114 καὶ
579 5060 927 5128 οίαισδήποτε
1010 5056 1483 5125 ἐγκεκυλισμένων
1548 5055 1820 5115 εὐθύναις,

346 5173 364 5203 ι
399 5152 536 5203 ῶστε
562 5149 763 5219 μηδένα
791 5146 994 5214 τολμᾷν
1023 5144 1218 5205 αὐτοὺς
1245 5139 1520 5212 ἀποσπᾷν.
1538 5141 1625 5192 Ἐν
1654 5140 1823 5208 ταύτῃ

346 5259 364 5289 t
403 5243 466 5310 τῇ
497 5241 699 5307 συιόδῳ
755 5236 1018 5306 πρεσδεία
1071 5233 1464 5286 ἀποστέλλεται
1518 5232 1652 5302 πρδς
1700 5232 1823 5292 τοὺς

347 5348 362 5379 ι
417 5328 633 5396 Ῥώμης
670 5327 758 5378 καὶ
789 5324 1115 5378 Μεδιολάνου
1165 5323 1491 5383 ἐπισκόπους
1538 5322 1662 5388 περὶ
1715 5323 1822 5371 τῶν

349 5439 366 5470 t
405 5421 612 5488 νηπίων
647 5417 754 5470 τῶν
806 5417 956 5486 παρὰ
993 5419 1102 5476 τοίς
1144 5414 1439 5484 αίρετικοῖς
1501 5409 1824 5479 βαπτισθέν-

344 5531 362 5563 t
404 5525 541 5565 των⁶
578 5512 670 5562 καὶ
721 5508 854 5578 πρὸς
911 5509 1002 5559 τὸν
1055 5506 1278 5574 βασιλέα
1325 5504 1379 5554 δὲ
1438 5503 1564 5569 περὶ
1611 5501 1704 5551 τοῦ
1756 5505 1822 5552 τὰ

347 5621 364 5653 t
405 5600 886 5669 ἐγκαταλείμματα
913 5597 1016 5648 τῶν
1047 5594 1281 5646 εἰδώλων
1316 5591 1698 5659 ἀφαιρεθῆναι,
1727 5589 1815 5642 καὶ

346 5709 363 5741 ι
404 5692 526 5759 περ)⁵
555 5689 729 5742 ἄλλων
763 5689 818 5739 δὲ
858 5687 1122 5738 πλείστων
1171 5686 1558 5751 πραγμάτων.»

503 5791 770 5850 Pauor”
813 5785 924 5843 Gtt.
971 5779 1351 5844 CXXXYUI.

2012 3180 2028 3210 ε
2071 3160 2151 3213 rio
2198 3167 2250 3212 et
2295 3159 2489 3222 Attico,
2535 3159 2903 3214 illustrissimis
2943 3159 3268 3224 consulibus,
3327 3171 3479 3215 sexto

2009 3270 2026 3301 ι
2071 3250 2320 3305 calendas
2362 3249 2554 3314 Juiias,
2586 3248 2892 3316 Carthagini
2935 3251 3154 3318 placuit,
3205 3259 3260 3303 ut
3303 3250 3480 3302 nullus

2008 3363 2024 3394 ι
2063 3341 2347 3410 episcopus
2375 3341 2488 3394 sine
2521 3339 2764 3406 primatis
2786 3339 3102 3392 dimissoriis
3121 3339 3357 3404 epistolis
3387 3353 3480 3388 ua-

2008 3453 2025 3484 ι
2067 3436 2222 3501 viget.
2269 3431 2369 3496 Qui
2428 3439 2545 3484 acta
2573 3430 2781 3497 quaerit,
2853 3429 2903 3479 in
2955 3427 3280 3481 authenticis
3330 3428 3478 3480 int-e-

2007 3543 2024 3574 (
2075 3524 2205 3578 niet.
2253 3541 2272 3574 ι

2012 3613 2260 3667 ZONAR.
2294 3612 2620 3666 Dimissorite
2649 3613 2862 3667 nomine
2886 3613 3158 3679 paciﬁcam
3180 3612 3474 3679 epistolam,

1933 3704 2175 3773 primatis
2209 3717 2334 3758 vero
2363 3703 2716 3771 appellatione
2755 3701 3112 3769 patriarcham
3143 3710 3233 3751 aut
3276 3709 3475 3752 metro-

1931 3795 2224 3860 politanum
2264 3791 2526 3858 intelligit.
2568 3788 2824 3857 Navigare
2867 3802 3029 3857 porro
3079 3799 3161 3842 est
3188 3791 3474 3857 ,utarititno

1931 3888 2123 3940 itinere
2153 3886 2207 3937 in
2241 3883 2370 3936 alias
2402 3897 2525 3936 oras
2555 3880 2899 3950 peregrinari.

1940 3999 1956 4030 ι
1994 3980 2067 4033 Et
2105 3978 2207 4031 hac
2247 3976 2448 4044 synodo
2503 3975 2656 4041 legati
2692 3975 2755 4026 ad
2800 3974 3166 4041 imperatores,
3199 3971 3479 4038 subscripti

2007 4085 2025 4118 ι
2068 4067 2299 4136 episcopi
2346 4065 2646 4118 mittuntur.
2690 4063 2816 4116 Post
2847 4063 3176 4114 consulatum
3212 4058 3482 4128 gloriosis-

2009 4179 2025 4210 ‹
2063 4160 2318 4213 simorum
2354 4157 2749 4223 imperatorum,
2800 4152 3016 4206 Honorii
3047 4152 3270 4219 Augusti
3306 4152 3481 4219 quarti

2011 4269 2028 4300 ι
2065 4259 2120 4302 et
2153 4245 2467 4316 Eutychiaui
2496 4242 2558 4297 V.
2583 4244 2643 4299 Ο.
2669 4244 2852 4311 quinto
2873 4242 3122 4296 calendas
3167 4241 3332 4295 Maias
3356 4241 3485 4295 Car-

2013 4357 2030 4390 ι
2073 4339 2283 4408 tltagiue
2312 4339 2364 4390 in
2392 4343 2602 4392 secreto
2635 4333 2912 4391 Restitute
2939 4333 3195 4389 ecclesia.
3238 4351 3253 4379 ›

2535 4586 2683 4640 Actio
2711 4585 2883 4640 tertia.

1932 4719 1948 4750 ο
1989 4700 2043 4752 In
2084 4700 2184 4753 hae
2210 4699 2411 4768 synodo
2447 4697 2762 4764 legationem
2813 4704 3164 4763 susceperunt
3196 4694 3485 4765 Epigonius

2005 4811 2020 4840 ι
2060 4802 2114 4846 et
2168 4788 2555 4844 Vincentianus
2607 4786 2840 4855 episcolii
2905 4796 2962 4839 ut
3007 4785 3176 4853 legem
3227 4787 3364 4838 ferre
3407 4785 3487 4837 di-

2005 4903 2021 4934 ‹
2060 4890 2284 4952 guentur
2331 4878 2699 4947 gloriosissimi
2756 4879 3108 4947 imperatores
3140 4878 3206 4931 de
3264 4877 3352 4941 iis,
3393 4883 3484 4947 qui

2005 4995 2020 5024 ι
2061 4977 2125 5027 ad
2148 4972 2432 5027 ecclesiam
2458 4970 2830 5038 confugerunt,
2857 4978 2910 5023 et
2937 4969 3343 5038 quibuscunque
3375 4971 3483 5021 cri-

2002 5083 2021 5114 t
2074 5061 2552 5128 minibusinvoluti
2587 5069 2855 5121 tenentur.
2899 5069 2954 5112 ut
3003 5073 3156 5113 nemo
3199 5059 3367 5126 possit
3394 5072 3485 5109 eus

2005 5173 2020 5203 ι
2060 5153 2307 5206 avellere.
2340 5151 2394 5205 in
2443 5153 2540 5204 hac
2564 5151 2768 5220 synodo
2810 5149 3002 5217 legatio
3029 5149 3257 5202 mittitur
3288 5149 3353 5201 ad
3376 5147 3484 5199 llo-

2004 5266 2017 5293 .
2059 5258 2271 5296 manum
2295 5252 2347 5296 et
2383 5240 2829 5295 Mediolanensem
2857 5239 3136 5308 episcOpos
3179 5240 3246 5292 de
3278 5240 3330 5291 in
3367 5237 3484 5290 lan-

2001 5352 2018 5383 ‹
2060 5334 2200 5385 titius
2243 5333 2332 5399 qui
2377 5333 2446 5386 ab
2499 5329 2762 5384 ha-reticis
2810 5329 3063 5397 baptizati
3118 5337 3243 5381 sunt
3284 5344 3298 5382 ε
3355 5327 3484 5393 quin

2002 5443 2018 5474 ι
2059 5426 2219 5478 etiam
2266 5426 2331 5478 ad
2391 5425 2791 5493 imperatorem,
2845 5433 2904 5474 ut
2937 5420 3198 5476 idolorum
3251 5419 3487 5486 reliquias

2000 5535 2016 5565 ε
2061 5518 2366 5572 auferantur
2383 5527 2436 5572 et
2463 5517 2526 5568 dc
2546 5512 2788 5584 plurimis
2809 5513 2926 5568 aliis
2961 5512 3143 5567 rebus.
3180 5529 3200 5562 ι

3133 5761 3167 5817 8
