4148 6474
658 318 761 375 935
1908 308 2163 367 TllEOD
2224 309 2621 370 BALSlMO‘I
3776 323 3876 391 235

677 457 693 487 ι
734 434 862 489 Post
912 436 1240 483 consulatum
1291 426 1456 481 Flavii
1501 423 1811 479 Stilichonis
1857 423 2223 487 illustrissimi,

2390 419 2542 474 Μετά
2594 422 2691 489 την
2749 418 3016 472 ὑπατείαν
3086 417 3318 471 Φλαϐίου
3400 419 3729 489 Στελίχωνος
3792 422 3881 474 τοῦ

750 542 768 576 ι
808 523 1014 577 decium
1055 528 1205 573 sexto
1246 516 1490 570 calendas
1518 514 1687 569 Iulias
1713 512 2034 582 Carthagine
2056 510 2108 565 in
2141 524 2224 563 se-

748 632 766 663 r
806 622 951 667 creto
982 608 1261 662 ltestitum
1283 606 1543 670 ecclesia,
1576 603 1867 673 praesidens
1896 599 2055 656 simul
2104 615 2222 653 curn

748 722 764 754 ε
805 701 919 757 suis
938 698 1290 767 coepiscopis,
1321 695 1698 749 assistentibus
1749 691 2010 755 diaconis,
2060 693 2226 745 Aure-

748 814 764 845 ι
810 794 915 848 lius
945 792 1231 861 episcopus
1255 790 1389 843 dixit
1418 807 1428 841 :
1461 784 1825 841 Ecclesiarum
1872 782 1989 847 Dei,
2020 797 2139 850 qua:
2172 780 2224 833 in

750 902 765 934 ι
802 892 910 937 tota
934 882 1185 937 Afrorum
1213 878 1429 947 regione
1451 878 1565 931 siue
1584 883 1730 936 sunt,
1750 873 2102 927 necessitates
2124 883 2225 922 una

749 994 765 1024 ε
800 988 1005 1029 mecum
1038 970 1271 1040 perfecte
1303 969 1404 1022 scit
1428 978 1599 1022 vestra
1625 964 1861 1027 dilectio,
1892 959 2226 1017 sanctissimi

747 1084 765 1117 ε
804 1066 995 1119 fratres
1024 1082 1037 1117 :
1068 1072 1121 1116 et
1144 1063 1267 1131 quia
1294 1061 1549 1115 Dominus
1572 1056 1835 1128 prastitit,
1860 1065 1915 1109 ut
1942 1055 2127 1108 saltem
2163 1066 2228 1105 ex

747 1172 765 1205 ι
808 1162 959 1221 parte
981 1159 1296 1220 congregata
1321 1149 1391 1203 sit
1415 1146 1694 1216 prasentia
1717 1144 1884 1199 sancti
1923 1142 2084 1197 vestri
2108 1154 2230 1194 con-

747 1261 764 1294 ι
810 1251 1019 1305 ventus,
1040 1239 1169 1294 mihi
1187 1246 1543 1307 opportunum
1579 1234 1797 1289 videtur
1818 1232 2053 1295 easdem,
2079 1240 2134 1282 ut
2153 1228 2229 1281 di-

749 1354 764 1383 c
804 1344 944 1387 ctum
975 1343 1079 1394 est,
1114 1331 1456 1383 necessitates
1488 1329 1539 1380 in
1587 1326 1817 1380 medium
1864 1322 2075 1386 afferre,
2100 1334 2230 1387 quas

745 1439 766 1473 ι
807 1423 1021 1490 propria
1050 1419 1409 1474 sollicitudine
1428 1417 1755 1484 investigare
1774 1414 1918 1483 potui
1939 1425 2099 1481 ;quas
2117 1410 2232 1478 qui-

747 1532 765 1563 ι
811 1513 930 1567 dem
958 1511 1173 1578 quando
1209 1518 1382 1563 vestra
1409 1507 1747 1562 conﬁrmabit
1773 1505 2074 1565 sinceritas,
2103 1515 2229 1553 con-

748 1624 764 1654 ε
800 1617 1027 1672 sequens
1054 1601 1178 1666 erit,
1223 1608 1283 1652 ut
1326 1614 1490 1652 unum
1536 1597 1875 1652 sacerdotum
1925 1609 1988 1648 ex
2047 1600 2232 1646 nostro

749 1716 765 1746 ι
806 1708 1027 1750 numero
1063 1692 1414 1755 declaremus,
1437 1689 1527 1760 qui
1566 1688 1659 1742 Dei
1691 1686 1889 1741 auxilio
1909 1684 2066 1739 debet
2110 1698 2233 1753 pro-

758 1806 775 1836 ε
814 1799 929 1853 pter
962 1793 1166 1838 vestras
1207 1795 1391 1851 preces
1430 1779 1642 1834 easdem
1669 1776 2015 1831 necessitates
2062 1772 2234 1826 susci-
2261 1748 2307 1807 Β

748 1897 764 1929 ι
805 1892 951 1948 pere,
984 1887 1035 1931 et
1067 1875 1278 1930 fortiter
1306 1871 1609 1942 peragendo
1637 1868 1844 1925 deferre
1879 1867 1931 1920 in
1969 1878 2233 1918 transma-

749 1991 764 2020 ε
814 1970 962 2024 rinas
1010 1968 1173 2023 Italia:
1217 1974 1433 2037 partes;
1475 1963 1563 2031 qui
1620 1962 1757 2016 banc
1811 1958 2187 2013 necessitatem
2215 1994 2229 2019 ,

736 2082 767 2113 ηε
804 2063 1040 2117 laborem
1062 2072 1115 2116 et
1143 2060 1376 2128 inopiam
1410 2057 1577 2127 possit
1602 2053 1959 2110 sanctissimis
1978 2062 2032 2107 et
2053 2066 2235 2107 sacro-

749 2172 765 2203 ε
803 2167 917 2206 rum
956 2150 1342 2206 comminlstris
1371 2148 1629 2201 fratribus
1664 2146 1863 2200 nostris
1914 2142 2231 2206 ostendere;

751 2264 769 2294 ι
807 2242 1001 2314 partim
1052 2240 1268 2311 quidem
1310 2239 1617 2293 venerando
1675 2247 1864 2292 sancto
1930 2234 2235 2303 apostolicae

752 2354 770 2386 ι
816 2334 1085 2389 cathedra:
1108 2332 1359 2401 episcopo
1396 2328 1713 2393 Anastasio;
1749 2329 1944 2396 partim
1978 2336 2155 2380 autem
2181 2333 2237 2379 et

754 2447 771 2477 ε
820 2424 1164 2481 sanctissimo
1217 2421 1369 2476 lratri
1402 2420 1627 2475 Venerio
1672 2418 1936 2473 sacerdoti
1994 2416 2238 2470 ecclesia:

750 2538 770 2569 ε
808 2515 1242 2574 Mediolanensis.
1276 2513 1355 2568 Ab
1388 2513 1454 2566 iis
1476 2512 1620 2566 enim
1668 2509 1877 2564 thronis
1908 2506 2235 2577 prohibitum

754 2630 772 2661 ε
818 2610 1012 2672 fuerat,
1075 2615 1219 2677 quod
1287 2602 1561 2659 communi
1630 2600 1869 2671 periculo
1913 2610 2239 2669 magnopere

758 2720 774 2750 ε
818 2698 1230 2768 providendum,
1253 2692 1375 2763 quia
1403 2698 1551 2745 tanta
1579 2698 1661 2759 est
1687 2688 2004 2743 clericorum
2035 2686 2235 2755 in0pia,

757 2804 774 2837 ι
810 2796 865 2841 et
892 2786 1070 2840 utqu
1099 2782 1337 2839 ecclesia
1372 2780 1504 2834 adeo
1540 2785 1665 2831 sunt
1692 2778 1941 2841 desertae,
1974 2784 2030 2829 ut
2062 2775 2239 2829 nullus

761 2899 775 2931 ι
808 2877 979 2948 possit
1008 2878 1267 2932 diaconus
1290 2873 1372 2929 vel
1403 2874 1708 2927 illitteratus
1737 2868 1983 2925 inveniri.
2020 2868 2093 2922 De
2114 2868 2239 2921 reli-

770 2989 784 3017 ·
824 2968 944 3038 quis
974 2976 1151 3021 autem
1184 2963 1551 3034 superioribus
1588 2962 1869 3016 ordinibus
1898 2969 1951 3015 et
1984 2959 2240 3030 gradibus

756 3082 773 3111 ε
812 3060 1094 3114 tacendum
1145 3070 1263 3111 esse
1298 3054 1569 3110 existimo.
1612 3050 1746 3107 Nam
1792 3066 1938 3116 cum,
1994 3058 2053 3105 ut
2108 3051 2236 3116 dixi,
2268 3071 2310 3129 ο

743 3170 772 3201 -ε
814 3150 1023 3204 diaconi
1061 3146 1420 3201 ministerium
1462 3158 1566 3197 non
1611 3141 1768 3197 facile
1818 3140 2145 3207 inveniatur,
2176 3140 2244 3194 de

772 3262 787 3291 ι
827 3238 1195 3310 superioribus
1239 3234 1535 3291 honoribus
1570 3234 1738 3288 multo
1770 3243 1853 3287 est
1878 3233 2135 3301 apertius.
2181 3232 2245 3286 Et

772 3352 787 3382 ι
822 3331 1160 3401 quoudianas
1221 3327 1553 3381 diversorum
1606 3311 1674 3378 et.
1715 3323 1827 3378 fere
1869 3325 2241 3378 emorientium

786 3444 800 3473 ι
841 3421 1155 3492 populorum
1190 3417 1599 3472 lamentationes
1633 3416 1879 3482 deinceps
1904 3428 2011 3469 non
2038 3413 2245 3468 sulferi-

761 3535 779 3562 ε
838 3526 957 3566 mus
1010 3528 1024 3563 :
1086 3508 1279 3577 quibus
1340 3506 1443 3560 nisi
1496 3505 1752 3558 auxilium
1802 3504 1942 3559 ferre
1998 3504 2243 3568 velimus,

764 3625 781 3654 ε
820 3601 983 3673 594
1007 3599 1384 3671 gravissimum
1412 3605 1468 3651 et
1488 3596 1850 3651 inexcusabile
1875 3606 2093 3665 prapter
2124 3610 2246 3665 per-

770 3714 789 3745 ι
829 3695 968 3749 ditas
995 3692 1205 3747 animas
1231 3688 1482 3745 delictum
1504 3701 1602 3743 nos
1629 3688 1765 3757 apud
1806 3686 1973 3742 Deum
1998 3688 2206 3756 excipit.
2223 3704 2241 3738 ι

755 4319 958 4376 ﬂALS.
990 4318 1247 4374 Pratsenti
1292 4319 1493 4388 scripto
1529 4319 1641 4373 volt
1670 4320 1917 4375 Aurelius
1961 4320 2245 4376 certiorem

2402 532 2420 564 ι
2457 513 2948 582 λαμπροτάτου,τῇ
2978 511 3082 581 πρὸ
3115 511 3311 576 δεκαλξ
3343 512 3626 567 καλανδῶν
3660 512 3884 567 Ἰουλίων

2400 622 2417 655 ι
2460 608 2518 657 ιν
2547 602 2858 673 Καρχηδόνι
2890 604 2968 666 είς
2997 603 3057 655 τὸ
3080 604 3355 673 σήκρητον
3380 604 3481 673 τῆς
3516 604 3885 675 Ῥεστιτούτης

2400 714 2418 746 ι
2458 696 2752 765 ἔκκλησίας
2780 696 3119 765 προκαθίσας
3162 695 3281 765 se;
3311 698 3426 759 τοῖς
3463 696 3886 759 συνεπισκόποις

2405 807 2422 839 ι
2466 788 2654 853 αὑτοῦ,
2714 786 3082 858 παρεστώτων
3121 786 3228 841 τῶν
3282 788 3574 853 διακόνων,
3615 788 3887 858 Αὐρήλιος

2403 899 2420 930 ι
2460 880 2757 941 ἐπίσκοπος
2797 875 2978 932 εἶπενο
3040 877 3160 931 Τῶν
3216 878 3525 948 ικκλησιῶν
3582 878 3679 931 τοῦ
3730 879 3886 945 Θεοῦ,

2403 990 2420 1021 ι
2457 970 2564 1023 τῶν
2586 969 2691 1023 ἀνά
2722 969 2903 1025 πᾶσαν
2928 970 3025 1041 τὴν
3052 970 3161 1023 τῶν
3183 971 3406 1039 Ἄφρων
3437 968 3620 1041 χώραν
3639 970 3877 1041 καθιδρυο

2404 1075 2423 1108 ι
2463 1058 2659 1126 μένων,
2690 1056 2789 1119 τάς
2824 1058 3070 1124 ἀνάγκας
3103 1058 3345 1128 ἀκριδῶς
3374 1060 3487 1127 ἅμα
3516 1059 3643 1128 ιμοὶ
3670 1060 3889 1114 ιπίσταο

2407 1164 2425 1198 t
2461 1165 2548 1200 ται
2575 1149 2604 1216 ἡ
2635 1147 2879 1217 ὑμετέρα
2909 1149 3119 1219 ἀγάπη,
3147 1148 3441 1217 ἁγιώτατοι
3492 1150 3714 1219 ἀδελφοί
3752 1166 3765 1180 '
3805 1153 3887 1205 ἰιιὶ

2414 1257 2432 1289 ι
2468 1237 2656 1308 ιπειδὴ
2704 1238 2797 1292 τοῦ
2826 1241 3031 1309 Κυρίου
3085 1242 3416 1311 παρέχοντος
3467 1242 3571 1295 κᾶν
3625 1243 3683 1294 εν
3742 1241 3888 1311 μέρει

2410 1346 2427 1379 ι
2474 1328 2713 1398 συνήχθη
2751 1330 2782 1395 ἡ
2816 1330 3088 1398 παρουσία
3108 1332 3205 1401 τῆς
3241 1331 3394 1394 όσίας
3436 1331 3590 1400 ὑμῶν
3639 1331 3891 1384 συνελεύ-

2412 1436 2430 1469 r
2472 1436 2629 1483 σεως,
2663 1420 2809 1472 δοκεῖ
2840 1437 2927 1489 μοι
2956 1423 3035 1485 είς
3074 1422 3236 1490 μέσον
3272 1424 3653 1491 παρακομίσαι
3676 1422 3776 1484 τὰς
3806 1422 3893 1474 αὑ-

2412 1526 2429 1557 ι
2468 1508 2586 1571 τὰς,
2618 1508 2692 1571 ὡς
2716 1508 2951 1577 εἴρηται,
2980 1512 3247 1578 ἀνάγκας,
3286 1512 3465 1581 ἀσπερ
3500 1512 3681 1581 οίκεία
3743 1528 3892 1581 φρον-

2411 1616 2429 1650 ι
2469 1599 2573 1651 τίδι
2612 1600 2875 1671 ἠδυνήθην
2902 1602 3236 1673 ἀνιχνεῦσαι·
3272 1605 3492 1667 ἅστινας
3522 1604 3686 1675 ἡνίκα
3710 1605 3894 1657 ίπικυ-

2412 1711 2429 1744 ι
2472 1690 2683 1765 ρὼσῃή
2720 1694 2963 1765 ὑμετέρα
2994 1696 3380 1766 είλικρινότης,
3416 1696 3710 1749 ἀκόλουθον
3747 1696 3898 1747 ἔσται

2410 1802 2427 1833 ι
2463 1783 2850 1847 ἀποδείξασθαι
2881 1786 2977 1840 ἕνα
3010 1787 3159 1857 ίερία
3192 1788 3254 1839 ὲκ
3272 1787 3362 1839 τοῦ
3412 1788 3683 1858 ἡμετέρου
3748 1787 3901 1857 ἀριθ-

2413 1892 2429 1924 ι
2470 1873 2595 1944 μοῦ,
2620 1876 2711 1927 τὸν
2744 1876 3027 1943 ὀφείλοντα
3061 1881 3127 1949 τῇ
3153 1878 3245 1931 τοῦ
3279 1880 3485 1948 Κυρίου
3550 1878 3775 1948 βοηθείᾳ⁵
3803 1878 3889 1931 διὰ

2412 1984 2429 2015 ι
2467 1963 2575 2017 τῶν
2607 1964 2782 2035 εὐχῶν
2806 1966 2959 2034 ὑμῶν
2984 1968 3188 2031 ταύτας
3215 1970 3387 2032 αὑτὰς
3430 1970 3679 2037 ἀνάγκας
3710 1968 3898 2021 ἀναδέ-

2411 2073 2428 2105 ι
2477 2052 2693 2119 ξασθαι,
2730 2058 2824 2108 καὶ
2873 2056 3137 2125 ἀνδρείως
3187 2058 3516 2123 ιξανυστέας
3566 2056 3900 2125 ἀποκομίσαι

2412 2163 2429 2195 ι
2468 2146 2604 2214 πρὸς
2640 2146 2707 2197 τά
2735 2147 3099 2215 πραγματικά
3128 2148 3225 2216 τῆς
3271 2148 3500 2211 Ἰταλίας
3554 2150 3696 2218 μέρη
3758 2148 3901 2209 ὅστις

2415 2256 2431 2287 ι
2470 2238 2672 2308 δυνηθῇ
2701 2238 2876 2307 αὑτήν
2908 2256 2967 2291 τε
3003 2238 3101 2309 τὴν
3157 2239 3404 2308 ἀνάγκην
3446 2241 3540 2293 καὶ
3595 2240 3687 2293 τὸν
3742 2242 3901 2292 πόνον

2413 2347 2430 2379 ι
2468 2330 2564 2381 καὶ
2589 2329 2687 2400 τὴν
2716 2328 2925 2382 ἔνδειαν
2958 2329 3114 2400 ὑμῶν
3142 2332 3491 2402 παραστῆσαι
3516 2334 3628 2393 τοῖς
3664 2330 3902 2399 ἀγιωτάο

2412 2436 2429 2470 ι
2468 2434 2580 2482 τοις
2612 2420 2859 2489 ἀδελφοῖς
2892 2424 2987 2474 καὶ
3044 2421 3483 2491 συλλειτουργοῖς
3507 2423 3666 2492 ἡμῶν
3691 2438 3705 2451 °
3750 2423 3901 2476 τοῦτο

2412 2528 2430 2561 ι
2470 2511 2569 2580 μὲν
2621 2510 2959 2582 Ἀναστασίῳ
3032 2511 3110 2583 τῷ
3162 2511 3526 2583 προσκυνητῷ
3596 2512 3744 2581 ἀγίῳ
3810 2512 3901 2579 τῆς

2416 2620 2433 2651 ι
2476 2604 2849 2673 ἀποστολικῆς
2895 2604 3167 2675 καθέδρας
3226 2605 3556 2673 επισκόπῳο
3613 2604 3776 2657 τοῦτο
3848 2604 3902 2655 δὲ

2414 2686 2432 2744 ἐ
2469 2694 2551 2747 ἔτι
2585 2694 2691 2764 μὴν
2724 2696 2818 2747 καὶ
2849 2694 2927 2764 τῷ
2971 2694 3262 2763 ἁγιωτάτῳ
3314 2694 3529 2765 ἀδελφῷ
3559 2694 3800 2764 Βενερίῳ
3828 2692 3901 2759 τῷ

2418 2802 2435 2835 ε
2479 2784 2615 2853 ίερεῐ
2638 2786 2735 2854 τῆς
2758 2785 3103 2839 Μεδιολάνων
3160 2784 3477 2855 ἐκκλησίας.
3551 2784 3647 2837 Ἐκ
3701 2784 3904 2838 τούτων

2417 2890 2433 2922 ι
2471 2874 2579 2943 γάρ
2608 2873 2716 2925 τῶν
2745 2873 2951 2944 θρόνων
2983 2874 3255 2945 ἐκωλύθη,
3308 2876 3445 2944 ὅπερ
3508 2877 3785 2943 ὲπιγνοίεν
3849 2876 3903 2927 ἐν

2416 2982 2435 3015 ι
2476 2964 2639 3035 κοινῷ
2678 2964 2909 3036 κινδύνῳ
2941 2966 3193 3034 μεγάλως
3222 2967 3462 3035 ὀφείλειν
3514 2967 3900 3037 προνοηθῆναι·

2422 3072 2440 3105 ε
2473 3054 2554 3108 δτι
2583 3054 2817 3124 τοσαύτη
2844 3057 2961 3109 ἐστὶ
2994 3056 3274 3127 κληρικῶν
3302 3057 3501 3121 ἔνδεια,
3560 3056 3657 3109 καὶ
3714 3056 3905 3110 πολλαὶ

2421 3162 2439 3195 ι
2474 3145 2760 3214 ἐκκλησίαι
2791 3144 2961 3209 οὕτως
2986 3146 3324 3218 ὑπάρχουσιν
3350 3146 3567 3217 ἔρημοι,
3602 3146 3679 3208 ῶς
3706 3146 3906 3215 μηδένα

2420 3253 2437 3285 ι
2476 3234 2722 3289 διάκονον
2762 3236 2865 3289 κᾶν
2917 3237 3281 3306 ἀγράμματον
3332 3239 3478 3305 ἔχειν
3535 3238 3905 3307 εὑρίσκεσθαι.

2420 3340 2439 3373 ε
2480 3324 2612 3391 Περί
2640 3324 2697 3376 δὲ
2719 3324 2827 3376 τῶν
2848 3324 3049 3375 λοιπῶν
3072 3325 3358 3394 ἀνωτέρων
3394 3325 3617 3394 βαθμῶν
3664 3326 3762 3378 καὶ
3811 3326 3907 3378 τά·

2422 3430 2439 3462 ι
2476 3412 2612 3477 ξεων
2688 3412 2994 3481 σιωπητέον
3062 3414 3453 3482 ὑπολαμϐάνω.
3531 3412 3777 3483 Ἐπειδὴ,
3836 3413 3908 3474 ὼς

2421 3519 2438 3550 ι
2478 3496 2653 3564 εἷπον,
2686 3503 2779 3555 ἐὰν
2810 3505 2840 3572 ἡ
2869 3501 2964 3555 τοῦ
2995 3503 3244 3556 διακόνου
3301 3504 3576 3574 ὑπουργία
3622 3504 3724 3556 οὐκ
3755 3506 3908 3573 εὐχε-

2430 3611 2447 3643 ι
2490 3593 2595 3662 ρῶς
2628 3592 2974 3662 εὑρίσκηται,
3006 3592 3186 3663 πολλῷ
3219 3594 3381 3647 πλέον
3421 3595 3551 3664 περὶ
3603 3594 3714 3647 τῶν
3772 3595 3906 3646 ἀνω-

2424 3704 2441 3737 ι
2478 3685 2657 3753 τέρων
2717 3685 2895 3753 τιμῶν
2952 3684 3253 3753 κατάδηλον
3317 3686 3573 3755 ὑπάρχει.
3632 3687 3744 3739 Καὶ
3789 3688 3907 3746 τοὺς

2424 3794 2443 3825 ε
2483 3775 2886 3843 καθημερινοὺς
2920 3775 3151 3844 θρήνους
3180 3774 3288 3828 τῶν
3341 3776 3615 3846 διαφόρων
3668 3779 3763 3829 καὶ
3795 3786 3909 3847 σχε-

2429 3882 2447 3915 ι
2481 3863 2568 3915 δὸν
2600 3862 3056 3932 ἀποθνησκόντων
3089 3864 3233 3917 λαῶν
3274 3865 3369 3918 τοῦ
3420 3866 3608 3919 λοιποῦ
3649 3868 3750 3937 οὐχ
3785 3869 3907 3920 ὑπο·

2426 3972 2444 4004 ‹
2486 3954 2730 4025 φέρομεν
2751 3968 2766 3985 ο
2797 3949 2881 4017 οἷς
2907 3957 2955 4007 εί
2982 3956 3252 4025 μηδέποτε
3285 3956 3601 4026 θελήσωμεν
3623 3957 3905 4029 βοηθῆσαι,

2424 4062 2442 4095 ι
2492 4042 2765 4114 βαρυτάτη
2804 4044 2900 4095 καὶ
2950 4044 3355 4115 ἀναπολόγητος
3403 4046 3554 4098 αίτία
3596 4047 3706 4099 τῶν
3747 4048 3910 4101 ἀπολ-

2425 4155 2442 4186 r
2483 4137 2733 4205 λυμένων
2796 4135 2983 4206 ψυχῶν
3062 4136 3342 4207 ἐκδέχεται
3405 4139 3554 4208 ἡμᾶς
3625 4141 3779 4211 παρά
3838 4141 3910 4209 τῷ

2422 4245 2441 4276 ι
2485 4226 2620 4295 Θεῷ.
2656 4245 2675 4279 a

2419 4316 2613 4373 ΒΑΛΣ.
2647 4317 2745 4370 Διά
2774 4318 2875 4386 τῆς
2919 4319 3199 4389 παρούσης
3230 4321 3449 4391 γραφῆς
3506 4322 3651 4387 ἀξιοῖ
3677 4324 3705 4377 ὁ
3729 4323 3910 4394 Δύρήο

692 4410 803 4465 ﬁeri
827 4424 1015 4481 papam
1037 4416 1088 4463 et
1111 4385 1555 4462 Mediolancnsem
1579 4408 1911 4478 episc0pum,
1929 4412 2068 4480 quod
2087 4412 2246 4465 Afro—

2355 4406 2463 4470 λιος
2490 4406 2708 4477 δοθῆναι
2732 4385 2937 4479 εἴδησιν
2968 4385 3047 4479 τῶ
3078 4385 3283 4483 πάππα
3305 4385 3507 4479 καὶ-τῷ
3539 4385 3909 4477 Μεδιολάνων,

690 4517 807 4556 rum
858 4500 1103 4569 regiones
1144 4513 1268 4552 sunt
1301 4497 1354 4551 in
1399 4512 1617 4567 magnas
1664 4500 1939 4567 angustias
1983 4502 2241 4568 adductae,

690 4608 798 4647 non
830 4594 999 4647 solum
1042 4589 1382 4645 sacerdotum
1416 4597 1469 4643 et
1508 4591 1903 4659 episcoporum,
1946 4596 2038 4647 sed
2083 4596 2242 4648 etiam

690 4685 922 4751 ipsorum
966 4682 1348 4746 diaconurum;
1402 4686 1457 4735 et
1504 4690 1560 4732 ut
1606 4689 1796 4735 curent
1840 4684 2071 4751 aliquam
2130 4684 2245 4738 fieri

689 4776 1138 4843 dispensationem
1184 4786 1279 4825 seu
1324 4772 1681 4841 provisionem
1737 4774 1789 4826 in
1822 4774 2243 4829 Christianorum

691 4863 972 4917 auxilium.

758 4954 1006 5008 ZONAB.
1034 4951 1165 5018 Qua!
1212 4952 1484 5019 superiore
1529 4947 1859 5005 oratiuncula
1905 4952 2247 5005 continentur

692 5043 808 5096 lizec
841 5053 967 5095 sunt
995 5058 1009 5096 :
1043 5039 1243 5104 Nostis,
1270 5041 1481 5106 fratres,
1516 5038 1712 5111 [inquit
1751 5041 2027 5110 Aurelius]
2054 5044 2247 5108 quibus

692 5134 953 5188 malorum
1008 5134 1389 5202 asperitatibus
1450 5148 1635 5187 omnes
1686 5132 1951 5187 Africana:
2009 5136 2247 5188 ecclesia:

692 5222 1081 5277 conﬂictentur.
1117 5224 1179 5276 Et
1212 5223 1465 5290 quoniam
1486 5223 1531 5276 si
1564 5225 1739 5277 :ninus
1772 5226 2030 5289 universi,
2071 5226 2248 5293 plures

694 5324 836 5367 certe
876 5313 941 5366 ad
983 5314 1249 5381 synodum
1286 5314 1671 5380 convenimus),
1707 5331 1840 5382 quas
1886 5331 1984 5384 ego
2034 5320 2245 5385 quidem

694 5403 1025 5457 diﬂicultates
1077 5403 1337 5457 sollicitus
1394 5403 1727 5473 investigavi,
1775 5407 1879 5459 hoc
1926 5418 2028 5470 Est,
2086 5411 2247 5462 multa

693 5508 821 5545 cura
853 5508 915 5547 ac
942 5493 1217 5562 diligentia
1246 5494 1486 5547 adhibita
1515 5496 1837 5564 conquisivi,
1871 5512 1960 5551 eas
1995 5501 2091 5553 hoc
2118 5513 2249 5554 tem-

700 5597 824 5650 pore
856 5587 908 5635 in
942 5583 1168 5636 medium
1206 5583 1447 5652 proferre
1488 5586 1768 5641 constitui.
1820 5587 2104 5657 Reliquum
2150 5593 2250 5644 erit

695 5672 907 5737 deinde,
960 5682 1015 5725 ut
1053 5673 1280 5746 aliquem
1317 5688 1379 5728 ex
1417 5681 1600 5731 nostro
1643 5693 1864 5734 numero
1893 5680 2171 5747 delegatis,
2217 5700 2244 5736 ιι

2352 4501 2433 4553 δτι
2486 4504 2855 4571 στενοχωρίαν
2912 4503 3157 4573 μεγάλην
3212 4503 3429 4573 ἔχουσιν
3479 4506 3535 4557 al
3594 4506 3772 4575 χῶραι
3811 4508 3913 4560 τῶν

2358 4594 2581 4661 ’Ἄφρων
2616 4594 2689 4661 μὴ
2736 4593 2895 4661 μόνον
2939 4593 3129 4663 ίερὲων
3158 4597 3252 4647 καὶ
3285 4596 3627 4660 ἐπισκόπων,
3662 4599 3803 4652 ἀλλὰ
3825 4600 3909 4651 καί

2354 4682 2533 4733 αὐτῶν
2560 4680 2667 4733 τῶν
2697 4681 2982 4747 διακόνων,
3012 4683 3107 4735 καὶ
3145 4686 3432 4753 φροντίσαι
3472 4688 3727 4754 γενέσθαι
3780 4694 3907 4744 οίκο-

2353 4774 2549 4840 νομίαν
2575 4776 2652 4834 εἰς
2683 4771 2940 4842 βοήθειαν
2982 4773 3090 4827 τῶν
3122 4774 3490 4844 Χριστιανῶν.

2425 4954 2667 5006 ΖΩΝΑΡ.
2702 4953 2869 5007 Τοῦτο
2896 4957 2928 5023 ἡ
2956 4958 3204 5026 παροῦσα
3230 4957 3373 5026 λέγει
3400 4962 3617 5031 γραφή·
3646 4964 3727 5017 ὅτι
3774 4965 3916 5017 Ἐπί-

2358 5046 2577 5105 στασθε,
2603 5044 2845 5112 ἀδελφοὶ,
2873 5048 2973 5107 τὰς
3002 5047 3270 5114 ἀνάγκας,
3302 5049 3367 5112 ἀς
3394 5050 3579 5119 ἔχουσι
3635 5055 3810 5109 πᾶσαι
3860 5059 3911 5108 αἱ

2356 5136 2496 5185 κατά
2530 5137 2624 5204 την
2665 5135 2934 5208 Ἀφρικὴν
2960 5139 3268 5208 ἐκκλησίαι.
3300 5143 3407 5194 Καὶ
3431 5144 3555 5195 ἐπεὶ
3603 5148 3840 5216 συνήχθη
3868 5150 3914 5199 εί

2356 5230 2448 5281 καὶ
2478 5229 2551 5299 μη
2586 5232 2733 5283 πᾶσα
2779 5232 2811 5297 ἡ
2865 5233 3102 5299 σύνοδος,
3146 5235 3284 5288 ἀλλά
3337 5253 3399 5303 γε
3448 5236 3553 5290 κάν
3616 5241 3674 5291 ἐν
3736 5241 3913 5311 μέρει,

2355 5321 2499 5373 δοκεῖ
2526 5339 2614 5391 μοι
2645 5323 2922 5392 προθεῖναι
2944 5327 3024 5387 είς
3060 5326 3221 5393 μέσον
3246 5330 3341 5390 τὰς
3365 5332 3620 5394 τοιαύτας
3649 5334 3913 5398 ἀνάγκας,

2355 5412 2418 5474 ἃς
2468 5416 2759 5480 ἐφρόντισα
2788 5417 2882 5467 καὶ
2913 5417 3225 5485 ἀνίχνευσα,
3259 5421 3430 5489 ἤγουν
3470 5423 3745 5491 ἐπιμελῶς
3795 5425 3914 5490 ὲζήο

2356 5522 2514 5575 τησα.
2557 5507 2872 5559 ’Δκόλουθον
2928 5508 2984 5559 δὲ
3048 5508 3223 5575 ἔσται,
3288 5513 3644 5577 ἐπιλέξασθαι
3720 5515 3814 5568 ἕνα
3865 5514 3918 5578 ἐξ

2357 5598 2542 5667 ημῶν,
2591 5598 2739 5658 ὅστις
2792 5598 2994 5659 ταύτας
3043 5602 3374 5672 ἀποκομίσει
3432 5603 3568 5672 πρὸς
3626 5605 3695 5659 τά
3745 5607 3914 5675 πέραν

2365 5692 2503 5761 μέρη
2542 5694 2638 5761 τῆς
2694 5690 2941 5777 Ἰταλίας,
2980 5693 3147 5762 ἠγουν
3174 5696 3474 5763 ἀπαγγελεῖ
3495 5695 3572 5766 τῷ
3596 5698 3798 5769 πάππα
3829 5699 3913 5752 καὶ
