4148 6512
323 418 428 480 237
1381 415 1464 475 1N
1503 414 1665 476 CAN.
1713 413 1840 474 LXI
1881 412 2087 475 CONC.
2122 409 2493 472 CARTHAG.
3451 399 3555 463 238

320 529 400 598 τῷ
443 529 790 583 Μεδιολάνων
815 528 912 599 τὴν
935 529 1179 598 ἀνάγκην
1214 529 1307 581 καὶ
1337 529 1431 581 τὸν
1468 528 1628 581 πόνον
1659 527 1755 580 καὶ
1783 527 1880 593 τὴν

1992 539 2091 592 quo
2131 527 2240 579 haec
2263 526 2313 578 in
2343 523 2548 577 ltaliam
2587 521 2918 583 deferantur,
2951 535 3042 574 seu
3089 533 3122 588 p
3160 532 3240 587 pre
3266 525 3318 571 et
3346 513 3550 567 Medo-

319 618 532 673 ἔνδειαν
567 619 745 689 ἡμῶν,
779 621 859 672 ὅτι
890 624 1132 688 τοσαύτη
1189 621 1308 671 ἐστὶ
1375 619 1658 688 κληρικῶν
1687 617 1882 677 ἔνδεια,

1992 614 2287 670 lanensium
2314 613 2565 682 episc0po
2609 621 2805 666 nostrze
2848 608 3208 674 diﬂicultates,
3255 607 3406 660 labor
3437 603 3554 658 inn-

319 709 462 762 ὦστε
549 711 741 761 πολλαὶ
817 708 1104 779 ἐκκλησίαι
1155 707 1264 759 οὐδ’
1318 707 1414 759 ἕνα
1481 706 1744 770 διάκονον,
1782 704 1885 757 κᾶν

1992 707 2185 773 piaque
2216 703 2610 774 signiﬁcentur.
2641 702 2842 771 Nempe
2873 710 3074 756 tantam
3121 700 3263 769 apud
3297 712 3394 751 nos
3438 710 3554 751 esse

319 801 705 871 ἀγράμματον,
734 801 967 870 ἔχουσιν.
1023 800 1148 853 Ἐὰν
1181 798 1240 851 δὲ
1267 798 1528 862 διάκονοι,
1566 797 1753 867 φησὶν,
1787 795 1885 847 οὐκ

1993 794 2311 849 clericorum
2364 793 2712 863 paucitatem,
2757 801 2815 846 ut
2849 791 3033 846 multa:
3068 789 3311 844 ecclesia:
3338 801 3404 840 ne
3441 789 3556 840 dia-

321 892 564 962 εὒχερῶς
606 891 988 960 εὐρίσκωνται,
1055 887 1378 959 σκοπητέον,
1426 888 1476 940 εί
1521 889 1569 939 οἱ
1623 884 1885 952 ἀνώτεροι

1992 898 2182 938 conum
2224 883 2460 952 quidem,
2513 886 2592 935 vel
2641 879 2997 945 illitteratum,
3048 881 3302 934 habeam.
3332 876 3550 943 Quodsi

323 975 544 1044 βαθμοὶ,
604 976 772 1046 ἤγουν
831 975 1192 1046 πρεσϐύτεροι
1253 976 1349 1028 καὶ
1421 973 1731 1036 ἐπίσκοποι,
1795 973 1884 1024 εὑ-

325 1064 680 1134 ρεθήσονται’
717 1068 798 1119 ὅτι
867 1069 992 1129 τοὺς
1038 1067 1273 1137 θρήνους
1311 1067 1433 1128 τοὺς
1488 1063 1886 1132 καθημερινοὺς

319 1154 424 1206 τῶν
449 1154 614 1219 λαῶν,
649 1155 760 1208 τῶν
794 1155 978 1224 σχεδὸν
1023 1157 1087 1208 ὲκ
1135 1157 1234 1224 τῆς
1288 1155 1465 1224 λύπης
1513 1153 1878 1225 θνησκόντων,

319 1246 376 1297 οὗ
410 1246 670 1315 φέρομεν.
709 1246 776 1298 Ἦ
818 1247 874 1299 δὲ
910 1245 1053 1316 λύπη
1101 1246 1329 1308 ἐκείνοις
1383 1241 1451 1315 ἦν
1511 1243 1594 1297 ὅτι
1651 1241 1875 1295 ἐπισκό-

321 1353 452 1398 πους
484 1337 580 1390 καὶ
625 1337 1030 1408 πρεσϐυτέρους
1091 1338 1190 1390 οὐκ
1228 1333 1395 1406 εἶχον,
1456 1332 1556 1401 οἷς,
1608 1334 1794 1404 φησὶν,
1841 1335 1888 1384 εἰ

323 1428 397 1495 μὴ
433 1425 796 1496 βοηθήσομεν,
832 1428 1114 1497 βαρυτάτη
1153 1427 1378 1489 κόλασις
1407 1427 1686 1496 ικδέχεται
1737 1427 1883 1496 ἡμᾶς

319 1517 470 1585 παρά
502 1517 579 1587 τῷ
603 1517 718 1587 Θεῷ
750 1519 888 1588 ὑπὲρ
910 1518 1019 1570 τῶν
1043 1519 1430 1588 ἀπολλυμένων
1455 1517 1640 1588 ψυχῶν

1995 972 2259 1034 diaconis,
2295 972 2492 1040 inqniI,
2514 969 2851 1024 inveniendis
2893 982 3064 1036 usque
3097 970 3230 1020 adeo
3258 964 3553 1022 laboratur,

2000 1058 2128 1130 quid
2159 1061 2224 1114 de
2263 1058 2629 1127 superioribus
2659 1057 2959 1119 ordinibus,
3000 1055 3367 1110 sacerdotibus
3401 1053 3555 1105 nimi-

1991 1165 2107 1204 rum
2128 1158 2180 1204 et
2206 1151 2473 1218 episcopis
2493 1149 2726 1202 futurum
2752 1147 2843 1208 sit,
2866 1145 3207 1215 cogitandum
3231 1161 3245 1208 ;
3275 1159 3448 1212 neque
3470 1157 3560 1194 τοι·

1990 1256 2052 1294 ro
2081 1241 2425 1308 quotidianas
2445 1239 2760 1309 populorum
2788 1235 3174 1308 querimonias,
3195 1235 3382 1288 'dolore
3423 1246 3559 1301 pene

1992 1332 2419 1396 tabescentium,
2481 1331 2621 1398 quod
2675 1331 3050 1397 episcoporum
3106 1335 3160 1380 et
3215 1325 3556 1380 sacerdotum

1991 1423 2306 1478 ministeriis
2347 1420 2587 1476 destituti
2630 1421 2760 1483 siut,
2819 1419 3019 1473 diutius
3067 1433 3096 1470 a
3150 1417 3302 1471 nobis
3331 1414 3555 1483 perferri

1992 1529 2168 1584 posse.
2195 1515 2340 1580 Quos
2371 1513 2610 1583 quidem,
2644 1511 2839 1581 inquit,
2875 1510 2977 1565 nisi
3015 1509 3271 1578 adjuvare
3303 1510 3555 1568 nitamur,

1993 1603 2345 1658 acerbissima
2408 1601 2692 1671 supplicia,
2741 1603 2808 1655 ob
2858 1601 3158 1658 animarum
3220 1599 3557 1669 pereuntium

1991 1694 2280 1763 iacturam,
2313 1708 2410 1747 nos
2442 1707 2468 1746 a
2503 1692 2613 1747 Deo
2654 1707 2874 1745 manere
2899 1689 3189 1759 putandum
3223 1699 3324 1744 est.

903 1784 1141 1838 ΚΑΝΩΝ
1206 1783 1326 1838 ΞΑ’.

2576 1781 2803 1837 CANON
2839 1780 2970 1836 LXI.

326 1894 343 1926 ι
386 1876 546 1928 ’Ὥστε
574 1877 702 1938 τοὺς
737 1878 965 1947 μικροὺς
1023 1878 1175 1947 παρά
1240 1879 1353 1940 τοῖς
1393 1881 1740 1941 Δονατισταϊς
1783 1879 1881 1949 βα-

2001 1896 2017 1927 ι
2052 1876 2121 1932 Ut
2143 1877 2376 1944 parvuli,
2397 1876 2541 1946 quia
2581 1873 2875 1930 Donatistis
2899 1874 3262 1944 baptizantur,
3294 1875 3344 1926 in
3377 1873 3561 1927 catho-

395 1983 412 2012 ι
455 1965 833 2032 πτιζομένους,
871 1967 929 2016 ἐν
955 1967 1020 2034 τῇ
1053 1966 1314 2037 καθολικῇ
1359 1967 1653 2039 Ἐκκλησία
1700 1968 1889 2039 κληρι-

394 2073 412 2106 ι
453 2055 582 2116 κοὺς
605 2056 1058 2124 χειροτονεῖσθαι.
1092 2056 1202 2123 Διδ,
1250 2057 1436 2128 ἐπειδὴ
1463 2061 1521 2111 ὲν
1548 2061 1614 2130 τῇ
1639 2059 1886 2130 ἀνωτέρα

393 2164 411 2196 ι
447 2145 646 2215 συνόδῳ
668 2147 730 2199 τδ
759 2145 973 2216 ὁρισθὲν
1003 2147 1276 2216 μέμνηται
1304 2147 1419 2218 ἅμα
1440 2151 1560 2218 ἐμοὶ
1587 2151 1619 2218 ὴ
1649 2151 1888 2220 ὑμετέρα

390 2255 408 2286 ι
447 2235 736 2306 ὁμοψυχία,
794 2235 935 2288 ὥστε
999 2239 1126 2300 τοὺς
1186 2240 1335 2307 παρά
1389 2242 1499 2301 τοῖς
1557 2240 1890 2304 δονατισταῖς

392 2343 409 2377 ι
452 2330 678 2397 μικροὺς
747 2326 1180 2396 βαπτιζομένους
1263 2329 1489 2398 μηδέπω
1563 2330 1887 2400 δυναμένους

391 2434 409 2466 ι
448 2416 742 2484 γινώσκειν
769 2417 867 2486 τῆς
903 2417 1116 2488 πλάνης
1145 2419 1324 2472 αὐτῶν
1351 2420 1443 2473 τὸν
1468 2421 1712 2492 ὄλεθρον,
1749 2425 1887 2491 μετὰ

393 2525 410 2558 ι
446 2507 506 2558 τὸ
561 2508 750 2577 κεῖραν
798 2507 1064 2577 λογισμοῦ
1134 2509 1394 2580 δεκτικὴν
1461 2512 1885 2581 παραγενέσθαι,

397 2616 413 2647 ι
450 2598 880 2666 ἐπιγνωσθείσης
934 2598 1031 2668 τῆς
1084 2599 1376 2669 ἀληθείας,
1417 2602 1515 2671 τὴν
1575 2603 1887 2673 φαυλότητα

395 2705 412 2737 ι
454 2689 679 2742 ἐκείνων
728 2690 1181 2760 βδελυττομένους
1230 2696 1367 2762 πρὸς
1431 2694 1530 2760 τὴν
1593 2694 1886 2766 καθολικὴν

397 2799 415 2831 ι
450 2781 544 2833 τοῦ
575 2779 709 2833 Θεοῦ
727 2780 1074 2850 Ἐκκλησίαν,
1103 2785 1202 2852 τὴν
1235 2784 1338 2834 ἀνὰ
1375 2786 1550 2838 πάντα
1574 2786 1664 2837 τὸν
1685 2785 1886 2854 κόσμον

404 2889 423 2922 ι
459 2871 886 2944 διακεχυμένην,
919 2871 1067 2934 τάξει
1098 2871 1300 2941 ἀρχαίᾳ
1353 2873 1438 2926 διὰ
1471 2872 1566 2942 τῆς
1591 2875 1885 2939 ἐπιθέσεως

399 2982 414 3011 ι
452 2961 562 3013 τῶν
593 2961 793 3031 χειρῶν
817 2962 1199 3031 ἀναδεχθῆναι,
1225 2963 1350 3025 τοὺς
1397 2964 1670 3028 τοιούτους
1699 2967 1762 3019 ὲκ
1789 2967 1883 3019 τοῦ

394 3071 410 3101 ι
449 3052 546 3122 τῆς
572 3053 780 3121 πλάνης
833 3053 1095 3120 ὀνόματος
1120 3053 1196 3124 μὴ
1230 3053 1466 3122 ὀφείλειν
1497 3056 1884 3125 ἐμποδίζεσθαι

397 3160 412 3191 ι
450 3142 526 3203 είς
553 3141 705 3205 τάξιν
734 3141 1085 3212 κληρώσεως,
1121 3143 1322 3196 ὁπόταν
1349 3142 1443 3215 τὴν
1469 3145 1726 3216 ἀληθινὴν
1761 3147 1884 3199 Ἐκ-

399 3251 417 3283 ι
457 3232 686 3303 κλησίαν
758 3233 893 3286 ίδίαν
945 3232 1126 3286 αὐτῶν
1189 3234 1501 3302 ἑλογίσαντο
1570 3238 1636 3307 τῇ
1707 3237 1884 3290 πίστει
1914 3223 1958 3240 υ

400 3340 414 3373 ι
458 3322 911 3392 προσερχόμενοι,
943 3322 1038 3374 καὶ
1058 3323 1117 3374 ἐν
1142 3323 1278 3392 αὐτῇ
1317 3322 1392 3393 τῷ
1419 3324 1639 3395 Χριστῷ
1666 3325 1886 3378 πιστεύ-

396 3431 411 3463 ι
453 3430 643 3475 σαντες
677 3415 774 3483 τῆς
814 3413 1042 3483 Τριάδος
1082 3415 1150 3465 τὰ
1189 3414 1508 3483 ἀγιάσματα
1536 3415 1881 3479 ὑπεδέξαντο.

393 3520 412 3555 ι
451 3486 647 3558 ’Δὶινα
680 3503 861 3557 πάντα
906 3504 1079 3572 ἀληθῆ
1111 3504 1204 3557 καὶ
1243 3504 1375 3571 ἅγια
1432 3506 1526 3558 καὶ
1587 3506 1705 3558 θεῖα
1742 3503 1881 3560 εἶναι

397 3612 414 3645 ι
453 3594 611 3663 ᾶῆλόν
643 3597 782 3659 ἐστι,
839 3597 934 3647 καὶ
960 3597 1016 3647 ὲν
1041 3594 1249 3658 τούτοις
1279 3597 1459 3650 πᾶσαν
1493 3597 1591 3667 τὴν
1633 3598 1732 3668 τῆς
1779 3598 1882 3667 ψυ-

397 3702 414 3733 ι
452 3685 554 3752 χῆς
583 3684 772 3738 ἐλπίδα
803 3684 1093 3756 ὑπάρχειν.
1123 3687 1243 3740 Κᾶν
1270 3688 1318 3738 εί
1370 3686 1440 3739 τὰ
1498 3688 1733 3756 μάλιστα
1790 3685 1883 3743 οὖν

397 3793 415 3825 ι
449 3775 543 3826 καὶ
584 3775 616 3840 ἡ
654 3773 765 3825 τῶν
815 3775 1108 3844 αίρετικῶν
1161 3775 1536 3844 προληφθεῖσα
1586 3778 1760 3848 ’τόλμα
1807 3781 1883 3848 τῷ

397 3884 412 3916 ι
449 3863 673 3933 ὀνόματι
719 3865 819 3935 τῆς
855 3865 1111 3936 ἀληθείας
1142 3867 1528 3939 ἐναντιούμενά
1554 3887 1676 3923 τινα
1705 3886 1884 3940 παρα·

397 3973 414 4007 ι
455 3957 652 4009 διδόναι
689 3958 1108 4027 προπετεύεται,
1129 3960 1300 4014 ταῦτα
1332 3961 1517 4032 ἐπειδὴ
1542 3962 1689 4017 ἁπλᾶ
1713 3965 1879 4026 ἐστιν,

397 4066 414 4099 ι
449 4048 773 4110 ὼςδιδάσκει
795 4050 822 4101 ό
840 4048 992 4116 ἅγιος
1009 4051 1349 4115 ⁹Απόστολος,
1369 4052 1561 4122 λέγων,
1589 4073 1605 4106 ι
1621 4051 1711 4118 Εἷς
1729 4055 1880 4118 Θεὸς,

397 4158 413 4189 ι
465 4138 562 4208 μία
590 4137 817 4202 πίστις,’
857 4139 915 4191 ἓν
973 4140 1325 4212 βάπτισμα.»
1389 4144 1495 4195 Καὶ
1547 4144 1606 4196 τὸ
1667 4146 1882 4213 ὀφεῖλον

399 4246 415 4278 ι
456 4229 748 4299 προσάπαξ
775 4229 1032 4294 δίδοσθαι,
1062 4232 1507 4302 ἑπαναληφθῆναι
1525 4234 1623 4286 ούκ
1650 4233 1880 4298 ἔξεστιν,

396 4336 414 4369 ι
454 4317 994 4388 ἀναθεματιζομένου
1056 4320 1147 4371 τοῦ
1202 4323 1301 4392 τῆς
1360 4323 1566 4393 πλάνης
1621 4323 1893 4391 ὀνόματος·

394 4427 410 4458 ι
443 4410 528 4462 διὰ
588 4408 689 4477 τῆς
749 4409 1045 4473 ἐπιθέσεως
1097 4412 1205 4463 τῶν
1261 4414 1461 4484 χειρῶν
1515 4414 1881 4484 ἀναδεχθῶσιν

398 4519 413 4549 ι
451 4500 644 4569 εἱς-τὴν
674 4500 800 4570 μίαν
850 4502 1197 4571 Ἐκκλησίαν,
1229 4504 1461 4573 τὴν,“ὼς
1491 4505 1729 4574 εἴρηται,
1781 4524 1880 4559 πε·
1915 4511 1958 4567 D

404 4611 414 4641 ι
453 4593 710 4663 ριστερὰν
742 4595 834 4646 καὶ
866 4595 1031 4662 μόνην
1058 4595 1268 4664 μητέρα
1295 4595 1404 4646 τῶν
1432 4596 1797 4665 Χριστιανῶν,
1827 4599 1882 4650 ὲν

397 4703 413 4732 ι
515 4685 693 4736 πάντα
722 4684 786 4736 τὰ
819 4683 1136 4754 ἁγιάσματα
1190 4685 1546 4755 σωτηριωδῶς
1568 4686 1760 4739 αἰώνια
1790 4690 1885 4742 καὶ

396 4790 412 4820 ι
453 4772 661 4832 ζωτικὰ
692 4772 1231 4841 παραλαμϐάνονται,
1267 4778 1424 4826 ἅτινα
1453 4778 1564 4838 τοῖς
1599 4777 1886 4846 ἐπιμένου-

394 4881 410 4912 ι
451 4881 533 4915 σιν
582 4864 639 4914 ἐν
669 4865 733 4932 τῇ
769 4864 977 4931 αἱρέσει
1014 4865 1260 4933 μεγάλην
1311 4865 1409 4934 τῆς
1441 4867 1739 4937 καταδίκης
1791 4868 1886 4938 τὴν

397 4971 411 5002 ι
443 4953 713 5023 τιμωρίαν
750 4955 1085 5023 πορίζουσιν,
1107 4956 1192 5006 ἵνα
1219 4955 1358 5024 ὅπερ
1389 4953 1456 5026 ἦν
1502 4958 1688 5018 αὐτοῖς
1721 4959 1777 5010 ἑν
1817 4963 1881 5029 τῇ

398 5062 410 5094 ι
451 5045 678 5116 ἀληθείᾳ
710 5044 846 5114 πρὸς
882 5044 982 5116 τὴν
1027 5045 1245 5098 αἰώνιον
1290 5047 1433 5117 ζωὴν
1490 5049 1882 5120 ἀκολουθητέον

394 5150 410 5181 ι
450 5134 878 5204 φωτιινοτέρως,
944 5134 1106 5193 τοῦτο
1159 5135 1386 5204 γένηται
1448 5139 1642 5201 αύτατς
1692 5141 1750 5192 ὲν
1808 5142 1875 5210 τῇ

397 5243 414 5273 ι
455 5224 632 5294 πλάνῃ
669 5224 1072 5296 σκοτεινότερον
1111 5228 1202 5280 καὶ
1230 5229 1390 5281 πλέον
1418 5229 1884 5302 καταδεδικασμέ-

402 5333 413 5364 ι
450 5332 560 5368 νον.
587 5315 766 5384 Ὅπερ
795 5315 938 5377 τινὲς
1000 5315 1221 5384 ἔφυγον,
1273 5319 1368 5371 καὶ
1415 5320 1513 5388 τῆς
1557 5320 1879 5390 Ἐκκλησίας

400 5423 415 5453 ι
457 5405 553 5474 τῆς
570 5404 859 5474 καθολικῆς
885 5406 1089 5476 μητρὸς
1104 5407 1171 5460 τὰ
1197 5407 1462 5462 εύθύτατα
1479 5414 1505 5463 ὲ
1517 5414 1877 5479 πεγνωκότες,

400 5513 416 5543 ι
450 5497 622 5548 πάντα
652 5498 836 5548 ἐκεῖνα
870 5497 938 5547 τὰ
987 5495 1118 5562 am
1169 5500 1446 5567 μυστήρια
1515 5501 1721 5572 φίλτρῳ
1783 5503 1879 5573 τῆς

397 5603 413 5634 ι
452 5583 702 5646 ἀληθείας
757 5583 1083 5637 ἰπίστευσαν
1162 5583 1260 5637 καὶ
1339 5586 1683 5652 ὑπεδέξαντο.
1753 5588 1878 5651 Τοῖς

432 5775 475 5804 ⁸³
505 5773 702 5844 Eplies.
739 5790 810 5830 iv.
848 5776 901 5828 5.

2071 1987 2087 2018 ι
2121 1969 2223 2023 lica
2239 1966 2480 2022 Ecclesia
2495 1965 2676 2021 clerici
2695 1965 3032 2019 ordinentur.
3057 1963 3287 2017 Proinde
3305 1964 3562 2031 quoniam

2068 2075 2088 2109 ι
2125 2059 2178 2112 in
2205 2060 2483 2127 superiore
2515 2057 2720 2128 synodo
2756 2057 3029 2111 decretum
3059 2071 3178 2111 esse
3210 2069 3316 2109 una
3349 2070 3559 2109 mecum

2072 2169 2088 2201 ι
2121 2159 2296 2205 vestra
2328 2148 2573 2203 meminit
2600 2148 2909 2204 concordia.
2937 2156 2994 2201 ut
3021 2148 3252 2218 parvuli,
3282 2147 3370 2217 qui
3395 2162 3424 2200 a
3454 2146 3560 2200 Do-

2071 2259 2088 2290 ι
2132 2240 2342 2294 natistis
2371 2239 2731 2309 baptizantur.
2761 2238 2970 2293 erroris
2999 2241 3081 2293 sui
3130 2238 3424 2308 perniciem
3465 2252 3560 2292 co-

2070 2348 2087 2380 ι
2129 2343 2390 2400 gnoscere
2441 2343 2548 2382 non
2595 2329 2855 2392 valentes,
2889 2338 3173 2398 postquam
3223 2331 3290 2383 ad
3340 2337 3556 2384 aetatem

2070 2438 2086 2470 ι
2127 2420 2355 2474 rationis
2395 2432 2647 2488 capacem
2690 2420 3053 2488 pervenerint,
3100 2419 3281 2488 agnita
3311 2421 3556 2484 veritate,

2077 2532 2094 2563 ι
2124 2512 2338 2566 illorum
2378 2509 2782 2581 improbitatem
2820 2509 3174 2564 abhorrentes
3202 2509 3253 2562 in
3287 2509 3564 2565 universa-

2069 2621 2084 2649 ι
2127 2599 2227 2653 lem
2267 2596 2362 2653 Dei
2405 2597 2722 2662 Ecclesiam,
2766 2614 2885 2667 qua:
2910 2613 3004 2668 per
3045 2600 3356 2653 universum
3403 2615 3558 2654 mun-

2067 2705 2085 2738 ι
2132 2689 2256 2740 dum
2293 2686 2492 2742 diﬂ’usa
2531 2699 2632 2753 est,
2667 2690 2889 2756 antiquo
2918 2688 3126 2751 ordine,
3167 2703 3263 2756 per
3306 2705 3558 2743 manuum

2066 2796 2083 2828 ι
2117 2777 2512 2847 impositionem
2547 2777 2894 2846 recipiantur,
2921 2777 3207 2847 quominus
3248 2778 3557 2847 hujusmodi

2066 2887 2082 2918 ι
2131 2869 2182 2922 in
2207 2867 2498 2922 clericatus
2519 2867 2764 2922 ordinem
2815 2868 3182 2938 provehantur
3232 2867 3434 2921 erroris
3460 2882 3557 2920 no-

2067 2977 2084 3008 ι
2126 2959 2268 3012 mine
2294 2957 2543 3028 impediri
2571 2972 2680 3012 non
2714 2957 2954 3012 debent:
2985 2957 3203 3027 quando
3234 2972 3412 3012 veram
3455 2956 3557 3013 Ec-

2065 3072 2082 3104 ι
2119 3055 2338 3108 rlesiam
2385 3067 2537 3107 suam
2572 3051 2843 3122 propriam
2877 3050 3263 3107 existimarunt
3296 3053 3361 3106 ad
3400 3049 3556 3106 (idem

2069 3163 2086 3194 ι
2130 3146 2467 3207 accedentes,
2496 3153 2551 3198 et
2583 3143 2636 3197 in
2665 3143 2778 3211 ipsa
2810 3141 3032 3198 Christo
3064 3141 3351 3196 credentes
3377 3140 3559 3194 Trini-

2065 3253 2081 3284 ι
2120 3235 2243 3289 tatis
2272 3243 2610 3289 sacramenta
2655 3241 3029 3301 susceperunt.
3053 3231 3181 3298 Qua:
3205 3231 3418 3301 quidem
3440 3247 3557 3285 om.

2073 3345 2089 3376 ι
2131 3327 2218 3379 nia
2246 3339 2372 3380 vera
2401 3332 2456 3378 et
2489 3335 2680 3378 sancta
2708 3330 2762 3377 et
2786 3323 2966 3377 divina
2993 3337 3113 3378 esse
3142 3322 3346 3377 clarum
3372 3331 3476 3388 est,
3499 3335 3554 3376 et

2081 3434 2098 3466 ι
2146 3415 2198 3470 in
2249 3415 2317 3469 iis
2357 3427 2571 3469 omnem
2622 3428 2773 3483 spem
2813 3412 3004 3467 anima:
3041 3428 3163 3469 esse
3208 3414 3390 3468 sitam.
3427 3413 3554 3468 Etsi

2066 3525 2083 3557 σ
2123 3507 2357 3561 maxime
2383 3520 2512 3578 ergo
2544 3507 2706 3560 etiam
2732 3505 3106 3561 luereticorum
3128 3506 3440 3574 praecedens
3462 3520 3554 3559 au-

2066 3617 2082 3650 ι
2121 3597 2272 3653 dacia
2305 3596 2372 3652 ad
2400 3598 2644 3666 quaedam
2676 3598 2951 3652 contraria
2987 3601 3086 3653 sub
3116 3598 3336 3652 nomine
3360 3598 3556 3653 verita-

2062 3707 2080 3739 ι
2125 3690 2193 3743 tis
2236 3687 2494 3743 tradenda
2542 3695 2790 3757 prompta
2840 3688 2948 3752 sit;
3007 3701 3072 3741 ea
3120 3687 3376 3755 quoniam
3429 3699 3555 3742 sunt

2065 3800 2081 3832 ι
2121 3779 2408 3849 simplicia,
2445 3787 2504 3833 ut
2542 3778 2704 3833 docet
2741 3787 2963 3833 sanctus
3007 3778 3296 3847 Apostolus
3325 3780 3553 3834 dicens:

2065 3891 2080 3922 ι
2121 3870 2273 3926 Unus
2308 3868 2470 3934 Deus,
2515 3884 2624 3924 una
2674 3867 2825 3935 lides,
2866 3884 3029 3923 unum
3067 3869 3334 3940 baptisma
3371 3887 3386 3937 ;
3441 3889 3460 3922 ι
3502 3882 3556 3924 et

2065 3983 2082 4016 ι
2118 3962 2259 4032 quod
2289 3961 2449 4016 debet
2476 3960 2640 4016 semel
2671 3962 2807 4025 dari,
2836 3975 2943 4017 non
2982 3961 3108 4016 licet
3143 3970 3332 4016 rursus
3353 3963 3552 4030 recipi;

2063 4073 2079 4103 ι
2123 4052 2577 4106 anathematizato
2615 4052 2818 4105 erroris
2850 4047 3087 4116 nomine,
3119 4066 3216 4119 per
3239 4066 3427 4128 manus
3453 4054 3555 4104 im-

2067 4163 2083 4195 ι
2116 4143 2442 4215 positionem
2467 4146 2517 4197 in
2548 4157 2706 4196 unam
2740 4141 2881 4196 illam
2917 4141 3209 4198 Ecclesiam
3245 4143 3553 4210 suscipian-

2063 4256 2080 4287 ι
2116 4248 2220 4299 tur,
2241 4251 2378 4304 quae,
2427 4235 2705 4288 utdictum
2733 4243 2840 4297 est,
2870 4231 3117 4288 columba
3153 4244 3206 4288 et
3229 4234 3340 4288 sola
3387 4245 3556 4286 mater

2063 4347 2079 4379 ι
2121 4328 2574 4389 Christianorum,
2608 4327 2802 4404 inqua.
2824 4325 3004 4378 omnia
3047 4334 3387 4378 sacramenta
3413 4326 3556 4378 salu-

2067 4437 2083 4469 ι
2120 4419 2306 4471 tariter
2334 4427 2536 4470 {eterna
2557 4425 2611 4468 et
2640 4413 2848 4468 vivitica
2880 4413 3253 4483 accipiuntur,
3294 4428 3411 4481 qua:
3434 4415 3554 4479 qui-

2063 4528 2081 4560 ι
2126 4510 2246 4562 dem
2274 4509 2360 4570 iis,
2392 4507 2484 4576 qui
2528 4515 2743 4561 manent
2766 4506 2819 4559 in
2869 4506 3084 4573 haeresi,
3112 4519 3356 4574 magnam
3407 4519 3553 4575 pra:-

2064 4618 2080 4649 ι
2118 4601 2247 4652 bent
2319 4598 2783 4652 condemnationis
2834 4611 3086 4666 poenam,
3141 4605 3199 4650 ut
3239 4595 3378 4664 quod
3435 4604 3552 4647 erat

2061 4709 2078 4740 ι
2121 4690 2252 4758 ipsis
2290 4689 2342 4743 in
2391 4689 2615 4743 veritate
2659 4688 2724 4741 ad
2751 4690 2911 4741 vitam
2949 4697 3206 4742 aeternam
3242 4687 3438 4739 clarius
3464 4701 3552 4740 se-

2060 4801 2075 4832 ι
2119 4781 2415 4850 quendam,
2445 4781 2546 4834 hoc
2581 4781 2651 4833 sit
2672 4782 2752 4833 eis
2785 4781 2836 4832 in
2868 4794 3054 4834 errore
3083 4778 3472 4833 tenebricosius
3501 4788 3556 4831 et

2062 4889 2078 4920 ι
2120 4871 2290 4938 magis
2324 4870 2761 4922 condemnatum.
2791 4867 2921 4932 Quae
2950 4869 3166 4937 quidem
3211 4867 3444 4920 nonnulli
3480 4875 3555 4920 vt-

2069 4982 2085 5012 ι
2134 4969 2336 5025 larunt,
2360 4970 2415 5014 et
2441 4956 2695 5015 Ecclesiae
2717 4960 2997 5013 catholicae
3025 4960 3214 5014 matris
3239 4961 3420 5028 agnita
3464 4973 3557 5010 ve-

2065 5071 2082 5102 ι
2123 5053 2301 5115 ritate,
2339 5051 2519 5105 omnia
2567 5050 2658 5104 illa
2702 5059 2886 5104 sancta
2944 5051 3200 5120 mysteria
3252 5065 3278 5101 a
3331 5049 3556 5103 veritate

2065 5161 2080 5192 ι
2121 5139 2281 5197 illecti
2325 5142 2672 5197 crediderunt
2712 5150 2767 5194 et
2811 5151 3190 5210 susceperunt.
3244 5141 3313 5195 lis
3348 5143 3557 5209 quam!"

2067 5253 2083 5284 ι
2139 5235 2291 5289 bonae
2338 5235 2460 5290 vitae
2497 5233 2743 5303 probatio
2790 5231 3103 5294 accesserit,
3147 5246 3253 5284 non
3299 5232 3457 5284 dubie
3505 5240 3556 5282 et

2067 5343 2084 5375 ι
2129 5327 2337 5395 integre
2379 5327 2444 5380 ad
2470 5331 2929 5380 sacramentorum
2966 5323 3318 5376 ministerium
3371 5321 3559 5375 conﬁr-

2067 5435 2083 5466 ι
2118 5424 2440 5471 mabuutur:
2464 5428 2518 5471 et
2548 5415 2855 5470 maximein
2882 5423 3028 5467 tanta
3054 5428 3230 5467 rerum
3265 5410 3560 5466 necessita-

2069 5526 2085 5557 ι
2135 5518 2184 5561 te
2211 5523 2367 5561 nemo
2390 5517 2469 5563 est
2498 5508 2588 5577 qui
2621 5507 2722 5561 hoc
2749 5522 2854 5561 non
2881 5506 3161 5560 concedat.
3195 5503 3355 5576 595
3383 5502 3440 5556 Si
3469 5506 3556 5570 qui

2070 5616 2086 5648 ι
2130 5611 2306 5653 autem
2335 5599 2491 5668 hujus
2535 5599 2799 5669 dogmatis
2831 5597 3010 5652 clerici
3048 5610 3171 5651 cum
3221 5592 3560 5648 multitudine
