4148 6468
575 365 679 427 239

1825 363 2103 424 THEOD.
2142 361 2230 421 BA
2243 363 2542 424 LSAMON

3691 368 3796 430 210

648 496 668 528 ‹
697 483 752 532 et
775 476 976 543 eisdem
1008 474 1304 529 honoribus
1345 476 1410 529 ad
1440 488 1538 529 nos
1577 475 1764 530 venire
1801 477 2132 542 desiderant,

2317 495 2335 528 ι
2372 477 2656 541 τοιούτοις,
2699 475 2822 530 ὅταν
2844 476 3039 547 δοκιμὴ
3061 480 3297 548 χρηστοῦ
3336 479 3452 548 βίου
3486 480 3792 548 προσέλθοι,

651 591 667 622 ι
708 571 796 638 qui
825 569 1037 638 quidem
1079 577 1296 635 propter
1321 567 1542 620 honoris
1587 581 1821 621 amorem
1860 568 1925 621 ad
1963 569 2128 622 vitam

650 680 667 712 ι
697 661 944 724 suadent,
988 668 1042 713 et
1091 660 1157 711 ad
1205 656 1434 712 salutem
1483 657 1717 712 retinent
1757 659 1900 713 :hoc
1946 660 2132 728 utique

649 775 667 806 ε
725 753 925 820 majore
982 752 1360 821 praedictorum
1413 747 1637 803 fratrum
1685 749 2008 804 sententiam
2055 747 2132 803 fc-

651 865 669 896 ε
719 845 950 898 rentium
1002 839 1356 906 intelligentia
1403 837 1966 908 comprehendendum
2011 853 2134 894 esse

651 955 667 985 ε
705 933 977 996 existimo,
1033 943 1090 985 ut
1135 930 1461 1000 sapientiore
1511 941 1610 981 suo
1658 926 1886 980 consilio
1935 933 2134 979 nostra

651 1045 668 1077 ε
705 1025 976 1079 relationis
1018 1023 1280 1077 rationem
1323 1019 1660 1082 disccrnant,
1692 1027 1746 1072 et
1786 1031 1884 1070 nos
1933 1015 2131 1069 confir-

653 1135 672 1168 ε
706 1131 852 1171 mare
894 1115 1178 1184 dignentur
1202 1111 1267 1165 ad
1303 1112 1354 1164 id
1377 1108 1518 1179 quod
1559 1123 1588 1162 a
1639 1108 1792 1162 nobis
1845 1106 1911 1161 de
1962 1120 2025 1160 ea
2078 1119 2136 1159 re

651 1227 669 1259 ε
707 1206 1046 1262 statuendum
1080 1211 1184 1258 est.
1231 1201 1416 1257 Solum
1451 1209 1628 1254 autem
1687 1201 1750 1252 de
1796 1199 1883 1262 iis,
1929 1197 2020 1267 qui
2078 1196 2134 1250 in

655 1317 671 1349 ε
704 1296 927 1351 infantia
958 1294 1213 1362 baptizati
1252 1300 1398 1355 sunt,
1453 1290 1585 1344 satis
1642 1289 1922 1352 habemus,
1969 1295 2051 1351 ut,
2089 1285 2136 1340 si

654 1407 672 1439 ε
710 1389 838 1456 ipsis
875 1386 1071 1455 placet,
1121 1382 1402 1439 sententia:
1430 1390 1627 1434 nostra
1669 1378 2012 1433 consentiant
2071 1377 2137 1430 de

654 1499 671 1530 ι
711 1480 778 1533 iis
814 1473 1149 1532 ordiuandis.
1173 1471 1366 1527 Omnia
1389 1485 1538 1541 ergo,
1573 1484 1691 1539 qua:
1718 1468 1966 1537 superius
1992 1465 2133 1535 apud

655 1591 674 1620 ε
715 1568 1082 1624 sanctissimos
1141 1563 1419 1633 episcopos
1475 1560 1824 1630 collegimus,
1890 1556 2137 1613 facienda

654 1681 674 1714 ε
710 1674 828 1715 esse
840 1672 1050 1726 aequum
1070 1664 1251 1712 censet
1275 1667 1380 1708 una
1406 1666 1614 1708 mecum
1639 1660 1812 1708 vestra
1836 1648 2135 1707 veneranda

656 1770 674 1804 ι
712 1749 1037 1806 fraternitas.
1075 1765 1095 1800 ι

659 2403 850 2459 BALS.
876 2412 928 2458 et
970 2398 1220 2456 ZONAR.
1264 2397 1504 2453 Donatus
1532 2395 1752 2466 quidam
1799 2393 2013 2450 nomine
2040 2391 2140 2449 fuit

590 2507 773 2551 auctor
804 2494 1040 2554 baresis,
1069 2490 1161 2560 qui
1189 2504 1292 2544 non
1332 2488 1465 2542 alias
1497 2487 1796 2542 divinorum
1831 2498 1953 2539 esse
2025 2499 2138 2553 my-

588 2584 870 2641 steriorum
917 2581 1226 2652 participem
1270 2577 1516 2641 docebat,
1570 2575 1671 2630 nisi
1727 2589 1788 2628 os
1821 2575 1874 2627 in
1922 2586 2140 2627 manum

590 2688 775 2733 tenens
803 2676 902 2728 hoc
929 2671 1077 2742 prius
1107 2669 1404 2730 salutaret,
1456 2675 1507 2720 et
1561 2667 1642 2720 sic
1691 2663 2138 2719 communicaret.

590 2768 736 2821 illius
788 2779 916 2835 ergo
946 2759 1192 2816 hazresim
1236 2766 1518 2825 sequentes
1573 2755 1986 2809 nominabantur
2037 2751 2142 2806 Do-

588 2837 817 2908 natistae.
851 2853 923 2905 De
956 2849 1023 2905 iis
1045 2862 1194 2918 ergo,
1229 2855 1286 2899 ut
1311 2847 1362 2899 in
1395 2858 1601 2899 canone
1625 2843 1692 2898 47
1748 2843 1908 2912 hujus
1955 2842 2143 2913 synodi

591 2942 790 2998 dictum
825 2949 928 3003 est,
957 2939 1129 2992 visum
1159 2944 1244 2990 est
1273 2935 1520 2989 Patribus
1553 2935 1881 3002 interrogare
1904 2972 1920 2998 ,
1957 2945 2024 2984 an
2065 2933 2147 2986 iu-

597 3032 769 3086 l’antes
788 3044 998 3092 eorum,
1025 3030 1116 3097 qui
1162 3025 1415 3093 baptizati
1458 3025 1672 3078 fuerant
1714 3037 1744 3076 a
1796 3023 2142 3090 parentibus,

595 3122 684 3190 qui
708 3130 859 3175 erant
886 3119 985 3188 ipsi
1034 3117 1345 3178 Donatista,
1381 3114 1572 3167 deinde
1606 3127 1634 3166 a
1659 3113 1919 3167 catholica
1959 3112 2143 3166 Eccle-

595 3213 673 3264 sia
708 3207 937 3274 suscepti
972 3212 1116 3268 sunt,
1150 3203 1214 3257 ad
1245 3201 1640 3256 ordinationem
1673 3216 1886 3270 quoque
1916 3201 1966 3254 in
2000 3200 2144 3254 clero

590 3287 918 3369 suscipiendi
947 3300 1057 3352 sint
1085 3335 1099 3361 ,
1134 3309 1202 3348 an
1232 3293 1380 3348 non?
1411 3291 1524 3346 Hoc
1547 3306 1676 3362 ergo
1719 3306 1906 3345 rursus
1935 3305 2144 3359 quoque

597 3390 881 3444 introducit
913 3386 1176 3455 synodus,
1204 3395 1256 3437 et
1278 3382 1378 3437 fert
1407 3383 1728 3437 sententiam
1753 3419 1769 3445 ,
1802 3382 1946 3449 quod
1975 3396 2006 3435 a
2043 3379 2144 3435 Do-

593 3478 813 3532 natistis
883 3477 936 3528 in
986 3473 1211 3528 infantia
1264 3473 1556 3540 baptisati,
1613 3480 1668 3524 ut
1715 3471 1805 3540 qui
1862 3482 1986 3524 tunc
2039 3486 2143 3526 non

597 3566 868 3635 potuerint
899 3565 1098 3618 erroris
1128 3563 1420 3632 perniciem
1447 3575 1778 3630 agnoscere;
1831 3561 2040 3629 quando
2080 3559 2145 3612 ad

599 3668 805 3710 atatem
834 3654 1077 3714 rationis.
1117 3654 1217 3706 hoc
1239 3660 1338 3706 est.
1376 3651 1673 3718 prudentia:
1723 3663 1968 3719 capacem
2024 3664 2146 3718 per-

597 3748 861 3809 venerint,
890 3752 945 3797 ut
976 3742 1184 3813 possint
1215 3741 1492 3796 veritatem
1523 3740 1824 3808 intelligere
1846 3751 1898 3794 et
1936 3738 2146 3793 illorum

601 3836 990 3905 improbitatem
1019 3831 1194 3887 odisse
1233 3847 1246 3882 :
1277 3831 1318 3882 si
1347 3829 1414 3883 ad
1453 3828 1732 3884 ecclesiam
1780 3829 2144 3894 accesserint,

602 3928 637 3980 ii
663 3941 754 3995 per
798 3937 1049 3977 manuum
1101 3920 1492 3990 impositionem
1544 3917 1908 3986 suscipiantur
1964 3919 2149 3973 ordine

603 4015 829 4084 quodam
855 4023 908 4067 et
941 4027 1005 4066 ex
1032 4008 1203 4063 forma
1233 4015 1487 4075 antiqua;
1538 4015 1592 4061 et
1643 4021 1746 4059 non
1794 4007 2150 4075 impediantur

602 4102 886 4172 quominus
920 4101 973 4153 in
1006 4099 1208 4174 clerum
1240 4097 1611 4159 admittantur,
1642 4095 1854 4151 Christo
1877 4111 2008 4165 pure
2035 4112 2150 4152 cre-

601 4195 806 4253 dentes,
829 4198 881 4243 et
909 4198 1107 4241 sancta:
1140 4187 1422 4240 Trinitatis
1474 4193 1807 4241 sacramenta
1861 4201 1954 4240 seu
2012 4187 2148 4240 dona

604 4281 782 4333 divina
815 4278 1188 4346 suscipientes,
1221 4289 1340 4342 qua;
1393 4284 1519 4328 sunt
1582 4289 1778 4343 corpus
1833 4284 1887 4329 et
1933 4277 2150 4344 sanguis

603 4371 764 4423 unius
788 4379 982 4421 sauctze
1013 4364 1314 4426 Trinitatis,
1347 4372 1399 4418 et
1427 4377 1552 4417 vera
1594 4374 1647 4416 et
1691 4374 1875 4418 sancta
1931 4365 2086 4419 nobis
2120 4379 2149 4417 a

607 4460 889 4514 Servatore
925 4456 1141 4520 tradita,
1166 4453 1439 4522 quietiam
1501 4467 1530 4505 a
1578 4451 1738 4507 Patre
1790 4455 1856 4506 ad
1913 4464 2150 4507 nostram

605 4549 828 4603 sa!'utem
892 4547 1090 4599 missus
1134 4552 1253 4604 est,
1305 4540 1638 4596 sanctiﬁcata
1693 4552 1868 4596 autem
1922 4545 2150 4597 adventu

607 4637 774 4691 sancti
808 4633 1061 4702 Spiritus.
1099 4631 1189 4685 Sic
1220 4630 1363 4684 enim
1406 4639 1697 4685 censentur
1741 4629 2020 4686 Trinitatis
2070 4647 2153 4686 sa-

607 4733 894 4779 cramenta.
931 4721 1151 4789 Quando
1179 4735 1306 4791 ergo
1329 4760 1343 4785 ,
1378 4721 1657 4790 inquiunt,
1703 4723 2028 4777 crediderint
2053 4764 2068 4788 ,
2100 4733 2152 4778 et

603 4824 932 4869 sacramenta
965 4814 1305 4882 susceperint
1348 4851 1362 4875 ,
1395 4812 1441 4866 si
1500 4813 1610 4866 vita
1660 4828 1872 4882 quoque
1917 4816 2150 4882 ipsorum

603 4903 903 4956 examinata
929 4903 1066 4956 bona
1104 4900 1318 4955 inventa
1350 4901 1534 4964 fuerit,
1561 4903 1742 4958 clerici
1789 4905 1949 4959 etiam
2003 4906 2148 4959 fient.

609 4993 680 5045 De
705 4993 804 5044 hac
832 5004 959 5059 ergo
992 4989 1274 5043 infantium
1311 5005 1471 5046 causa
1496 5001 1550 5045 et
1583 5007 1612 5045 a
1657 5005 1789 5060 papa
1819 5003 1920 5047 eta
1952 4995 2150 5050 Medio-

606 5072 900 5133 lanensium
935 5079 1182 5146 episcopo
1208 5079 1546 5147 petiverunt,
1574 5096 1640 5134 an
1673 5081 1750 5137 eis
1783 5083 1857 5137 ita
1886 5085 2146 5138 videatur.

605 5169 659 5222 Si
687 5169 1009 5236 qui_autem,
1037 5169 1306 5237 inquiunt,
1337 5170 1738 5228 Donatistarum
1787 5174 1990 5239 clerici,
2026 5192 2147 5230 cum

601 5257 792 5326 populo
821 5257 907 5326 qui
935 5267 1020 5312 est
1043 5259 1180 5329 apud
1210 5260 1354 5327 ipsos
1373 5300 1390 5325 ,
1414 5272 1469 5316 et
1499 5263 1690 5318 iisdem
1736 5265 2029 5319 honoribus
2055 5280 2144 5320 seu

603 5347 871 5412 gradibus,
931 5347 1095 5402 velint
1144 5351 1211 5401 ad
1265 5351 1422 5404 [idem
1460 5351 1815 5407 orthodoxam
1847 5356 2145 5420 accedere;

600 5435 689 5503 qui
723 5437 932 5501 quidem
959 5439 1138 5494 clerici
1173 5439 1412 5494 voientes
1449 5443 1610 5496 etiam
1648 5445 1784 5512 apud
1815 5446 2146 5501 orthodoxos

599 5527 651 5580 in
686 5541 782 5581 suo
813 5528 1012 5584 honore
1037 5545 1373 5599 permanere,
1399 5533 1682 5588 consulunt
1713 5537 1921 5604 populo,
1945 5538 2035 5606 qui
2070 5538 2146 5592 eis

598 5617 798 5681 subest,
831 5632 892 5671 ea
927 5635 1046 5687 quae
1101 5622 1165 5673 ad
1225 5623 1388 5675 vitam
1437 5631 1491 5675 et
1551 5625 1772 5678 salutem
1819 5628 2141 5694 pertinent:

597 5705 726 5775 quzd
757 5707 836 5762 eis
868 5706 1165 5765 faciendum
1191 5722 1269 5767 est
1293 5712 1315 5766 τ
1345 5711 1449 5767 Sed
1477 5713 1605 5782 hoc,
1641 5715 1907 5785 inquiunt,
1935 5733 1963 5770 a
1989 5718 2145 5774 dictis

2311 587 2327 618 ι
2363 567 2746 636 ἀναμφιϐόλως
2771 569 2862 620 καὶ
2882 569 3189 639 ὁλοκλήρως
3214 570 3346 639 πρὸς
3365 571 3667 640 ὑπουργίαν
3688 568 3797 621 τῶν

2313 676 2330 708 ι
2370 658 2541 725 ἀγίων
2569 659 3127 728 προσκυρωθήσεται·
3174 661 3267 712 καὶ
3324 661 3562 730 μάλισῖα
3623 663 3682 712 ὲν
3729 662 3796 728 τῇ

2311 767 2328 798 ι
2369 747 2605 818 τοσαύτῃ
2626 747 2734 800 τῶν
2760 751 3098 818 πραγμάτων
3130 751 3346 821 ἀνάγκη
3374 752 3548 814 οὐδείς
3592 753 3744 804 ἐστιν
3769 750 3798 803 ό

2309 855 2327 886 ι
2365 837 2441 907 μὴ
2469 837 2626 890 τοῦτο
2655 840 3017 909 παραχωρῶν.
3079 841 3140 894 Et
3184 841 3240 894 δέ
3280 859 3425 906 τινες
3478 841 3574 895 τοῦ
3632 841 3794 894 αὑτοῦ

2311 945 2328 978 ι
2370 927 2633 997 δόγματος
2671 929 2927 998 κληρωτοὶ
2960 931 3215 1000 μετάτοῦ
3252 932 3495 1001 πλήθους
3548 936 3641 986 καὶ
3689 932 3792 985 τῶν

2313 1035 2330 1067 ε
2364 1018 2542 1087 τιμῶν
2571 1020 2748 1072 αὑτῶν
2814 1021 2952 1090 πρὸς
2993 1023 3138 1090 ἡμᾶς
3199 1023 3374 1076 ἐλθεῖν
3445 1023 3776 1092 ποθήσουσιν

2313 1128 2330 1160 ι
2370 1109 2562 1172 οῐτινες
2618 1110 2697 1180 τῷ
2755 1109 2919 1179 ἔρωτι
2965 1111 3066 1179 τῆς
3127 1117 3291 1181 τιμῆς
3367 1113 3800 1180 συμϐουλεύουσι

2314 1219 2330 1250 ι
2367 1201 2500 1270 πρὸς
2527 1188 2672 1269 ζωὴν
2703 1201 2796 1253 καὶ
2830 1200 3122 1269 κατέχουσι
3159 1202 3290 1270 πρὸς
3331 1203 3634 1270 σωτηρίαν,
3668 1202 3800 1254 ἀλλὰ

2317 1309 2333 1340 ι
2371 1292 2527 1342 τοῦτο
2562 1291 2940 1359 καταληπτέον
2973 1293 3140 1360 κρίνω
3174 1295 3236 1362 τῇ
3289 1293 3496 1360 μείζονι
3536 1295 3801 1362 κατανοή⁹

2315 1399 2330 1430 ι
2373 1398 2454 1433 σει
2479 1381 2954 1452 ψηφισθησόμενον
2983 1383 3087 1434 τῶν
3103 1384 3505 1454 προλεχθὲντων
3528 1385 3801 1452 ἀδελφῶν,

2313 1491 2330 1522 ι
2367 1473 2455 1525 ἴνα
2479 1474 2545 1540 τῇ
2575 1473 2916 1542 συνετωτερα
2946 1473 3124 1526 αὑτῶν
3173 1473 3336 1542 βουλῇ
3371 1474 3473 1542 τῆς
3522 1476 3800 1543 ἡμετέρας

2314 1578 2333 1612 ι
2369 1562 2752 1631 ἀναφορᾶςτὸν
2780 1562 2938 1628 λόγον
2966 1563 3244 1631 διαγνῶσι,
3271 1565 3364 1617 καί
3397 1567 3543 1633 ἡμᾶς
3573 1563 3803 1635 βεϐαιῶ-

2315 1671 2332 1702 ι
2373 1668 2463 1704 σαι
2497 1652 2928 1716 καταξιώσωσιν,
2973 1655 3052 1715 είς
3082 1656 3142 1706 τό
3181 1656 3393 1722 ὀφεῖλον
3439 1656 3568 1725 περὶ
3613 1655 3804 1716 τούτου

2318 1760 2335 1792 ι
2370 1741 2461 1794 τοῦ
2489 1744 2811 1810 πράγματος
2839 1743 2967 1808 παρ’
2996 1741 3154 1811 ἡμῶν
3184 1743 3518 1810 τυπωθῆναι.
3547 1745 3722 1798 Μόνον
3748 1744 3802 1796 δὲ

2322 1850 2340 1882 ι
2375 1831 2502 1899 περὶ
2529 1829 2636 1882 τῶν
2660 1831 2716 1882 ὲν
2739 1831 3023 1900 νηπιότητι
3039 1831 3441 1898 βαπτισθέντων
3462 1833 3801 1903 ἀρκούμεθα,

2317 1943 2334 1972 ε
2373 1922 2482 1986 ἴνα,
2515 1921 2561 1974 εί
2593 1921 2819 1990 ἀρέσκει
2843 1920 3049 1985 αὑτοῖς,
3081 1926 3145 1992 τῇ
3169 1925 3412 1994 ἡμετέρα
3449 1925 3804 1995 συναινέσωσι

2316 2032 2333 2063 ι
2365 2012 2684 2082 προαιρέσει
2745 2012 2876 2082 περὶ
2931 2011 3024 2064 τοῦ
3079 2016 3500 2084 χειροτονεῖσθαι
3539 2015 3803 2075 τούτους.

2314 2123 2333 2156 ι
2372 2105 2558 2158 Πάντα
2582 2105 2786 2169 τοίνυν,
2839 2104 2875 2158 ἃ
2906 2105 3166 2176 ἀνωτέρω
3220 2108 3603 2176 συνηγάγομεν
3654 2107 3804 2176 παρὰ

2313 2215 2332 2249 ι
2368 2198 2480 2258 τοϊς
2544 2196 2866 2264 ἁγιωτάτοις
2923 2198 3266 2262 ἐπισκόποις,
3334 2201 3582 2265 πρακτέα
3667 2195 3803 2251 εἶναι

2318 2309 2335 2337 ε
2369 2286 2566 2340 δικαιοῖ
2609 2289 2724 2356 ἃμα
2745 2287 2868 2356 ἐμοὶ
2911 2289 3179 2356 ἡέντιμος
3218 2288 3370 2356 ὑμῶν
3417 2289 3734 2358 ἀδελφότης.
3777 2309 3796 2340 ι

2313 2375 2510 2429 ΒΑΛΣ.
2559 2377 2653 2427 καὶ
2676 2377 2923 2432 ΖΩΝΑΡ.
2959 2379 3190 2440 Δονᾶτός
3242 2395 3328 2442 τις
3380 2379 3440 2430 τὸ
3486 2381 3659 2449 ὄνομα
3718 2381 3802 2432 ai-

2243 2466 2449 2536 ρέσεως
2479 2465 2700 2534 γέγονεν
2743 2469 2982 2535 ἀρχηγὶος
3017 2467 3090 2538 μη
3122 2469 3295 2532 ἄλλως
3324 2471 3430 2522 τῶν
3484 2472 3644 2523 θείων
3708 2489 3805 2541 μυ-

2244 2558 2481 2628 στηρίων
2534 2557 2974 2628 μεταλαμϐάνειν
3006 2560 3220 2624 διδάξας
3265 2564 3311 2613 εί
3344 2564 3419 2631 μὴ
3453 2563 3649 2616 ὀστοῦν
3679 2581 3803 2616 κατ-

2243 2649 2383 2719 έχων
2410 2652 2466 2703 ἐν
2491 2652 2554 2720 τῇ
2582 2651 2752 2720 χειρὶ,
2793 2650 2952 2704 τοῦτο
3003 2653 3263 2721 πρότερον
3328 2655 3647 2722 ἀσπάζοιτο,
3712 2657 3803 2708 καὶ

2253 2740 2395 2794 οὑτω
2452 2741 2911 2812 μεταλαμϐάνειν.
2964 2743 3027 2795 Ol
3084 2739 3177 2795 οὖν
3223 2745 3431 2795 ἐκείνου
3490 2746 3802 2815 αίρεσιῶται

2244 2835 2560 2888 Δονατισταὶ
2587 2835 2965 2902 ὀνομάζονται.
2999 2836 3132 2903 Περὶ
3183 2836 3393 2888 τούτων
3451 2833 3567 2899 οὖν,
3620 2837 3692 2899 ὡς
3743 2838 3802 2888 ί)

2244 2926 2322 2995 τῷ
2347 2925 2432 2996 μζ⁹
2457 2927 2642 2980 κανόνι
2683 2927 2779 2995 τῆς
2818 2927 3034 2980 συνόδου
3086 2928 3288 2998 ταύτης
3357 2929 3594 3000 είρηται,
3660 2930 3802 2994 εδοξε

2250 3019 2362 3078 τοῖς
2393 3019 2675 3087 Πατράσιν
2703 3018 2996 3086 ἐρωτῆσαι,
3030 3021 3076 3069 εἰ
3108 3019 3177 3070 τὰ
3202 3022 3368 3088 νήπια
3412 3021 3589 3074 αὑτῶν
3615 3021 3803 3088 βαπτι-

2253 3107 2456 3174 ζόμενα
2491 3109 2642 3176 παρά
2686 3107 2793 3158 τῶν
2811 3100 3025 3174 ¹γονέων
3058 3111 3258 3172 αὑτῶν,
3323 3111 3662 3164 Δονατιστῶν
3717 3112 3802 3163 δν-

2250 3211 2378 3261 των,
2412 3193 2530 3248 είεα
2563 3197 2975 3265 προσερχόμενα
3015 3202 3077 3266 τῇ
3132 3199 3390 3266 καθολικῇ
3487 3198 3800 3270 Ἐκκλησία,

2245 3288 2324 3340 δεῖ
2351 3287 2740 3357 προσδέχεσθαι
2772 3290 2861 3338 καὶ
2890 3293 2945 3340 ὲν
2978 3289 3158 3357 κλήρῳ
3190 3291 3425 3354 τάττειν,
3449 3292 3568 3361 ἡμή
3593 3309 3607 3354 ;
3639 3293 3804 3346 Τοῦτ)

2245 3368 2336 3424 οὑν
2371 3376 2462 3424 καὶ
2499 3374 2718 3442 πάλινη
2752 3374 2972 3436 σύνοδος
3008 3377 3238 3443 είσάγει,
3293 3386 3386 3430 καὶ
3436 3380 3620 3433 δίδωσι
3667 3381 3804 3446 γνῶ·

2248 3480 2377 3532 μην,
2415 3463 2553 3515 ὥστε
2576 3465 2698 3527 τοὺς
2732 3466 2880 3534 παρά
2911 3470 3023 3528 τοῖς
3097 3469 3442 3531 Δονατισταίς
3510 3472 3567 3522 ὲν
3619 3472 3806 3539 νηπιό-

2247 3570 2370 3621 τητι
2405 3554 2869 3621 βαπτιζομένους,
2907 3556 2979 3616 ὡς
3028 3558 3102 3624 μὴ
3137 3557 3399 3611 δύνασθαι
3455 3561 3574 3613 τότε
3653 3565 3807 3625 γινώ-

2249 3659 2402 3695 σκειν
2436 3643 2534 3712 τῆς
2599 3644 2805 3711 πλάνης
2863 3646 2955 3696 τὸν
3029 3645 3270 3716 ὀλεθρον,
3329 3649 3414 3700 ὅτε
3466 3651 3542 3709 εἰς
3595 3653 3804 3720 ηλικίαν

2247 3733 2442 3786 ἔλθωσι
2499 3735 2750 3804 δεκτικὴν
2813 3735 3101 3804 λογισμοῦ,
3133 3738 3395 3800 ,τουτέστι
3472 3744 3803 3810 φρονήσεως,

2248 3823 2388 3876 ὥστε
2453 3823 2716 3876 δύνασθαι
2747 3824 2938 3892 νοῆσαι
2971 3827 3068 3894 τὴν
3099 3827 3377 3896 ἀλήθειαν,
3431 3833 3523 3880 καὶ
3584 3835 3807 3900 μισῆσαι

2249 3914 2348 3982 την
2378 3914 2606 3968 ἐκείνων
2633 3914 2949 3981 φαυλότητα
2969 3931 2982 3945 ’
3013 3916 3109 3968 ὲάν
3140 3920 3204 3985 τῇ
3251 3918 3554 3988 Ἐκκλησία
3584 3923 3808 3990 προσέλ-

2252 4003 2442 4068 θωσιν,
2480 4004 2834 4072 ἀναδέχεσθαι
2865 4004 3091 4067 τούτους
3116 4007 3206 4058 διὰ
3239 4008 3328 4077 τῆς
3385 4009 3681 4074 ἐπιθέσεως
3705 4014 3807 4065 τῶν

2251 4095 2449 4163 χειρῶν
2479 4096 2622 4147 κατά
2669 4111 2791 4147 τινα
2827 4095 2978 4160 τάξιν
3030 4099 3124 4148 καὶ
3173 4097 3344 4150 τύπον
3403 4102 3653 4169 ἀρχαῖον,
3719 4106 3807 4158 καὶ

2254 4186 2329 4253 μὴ
2362 4184 2752 4253 ἐμποδίζεσθαι
2782 4188 2862 4248 εἱς
2902 4187 2961 4238 τὸ
3015 4185 3361 4255 κληρωθῆναι
3414 4192 3804 4257 πιστεύσαντας

2253 4273 2510 4349 καθαρῶς
2539 4274 2615 4343 τῷ
2646 4275 2887 4343 Χριστῷ,
2922 4277 3012 4328 καὶ
3040 4276 3473 4346 ὑποδεξαμένους
3521 4283 3619 4350 τῆς
3649 4284 3808 4350 ἁγίας

2253 4363 2482 4433 Τριάδος
2521 4365 2587 4415 τά
2656 4365 2996 4433 ἀγιάσματα,
3055 4367 3170 4434 ἦτοι
3223 4370 3291 4421 τά
3347 4370 3495 4439 δῶρα
3559 4375 3627 4425 τά
3670 4376 3805 4438 θεῖα,

2186 4489 2228 4544 D
2259 4453 2420 4506 ἅτινα
2454 4454 2514 4504 τό
2539 4454 2698 4521 σῶμα
2734 4457 2826 4506 καὶ
2857 4449 2995 4523 αἷμά
3028 4457 3134 4507 είσι
3180 4457 3271 4509 τοῦ
3319 4459 3436 4523 ἑνὸς
3494 4462 3593 4531 τῆς
3651 4466 3806 4531 ἁγίας

2258 4543 2505 4612 Τριάδος,
2571 4545 2663 4595 καὶ
2734 4545 2910 4614 ἀληθῆ
3005 4547 3100 4599 καὶ
3176 4549 3308 4615 ἆγιά
3379 4553 3486 4605 είσι
3572 4560 3806 4624 παραδο-

2255 4632 2412 4685 θέντα
2488 4636 2616 4702 ἠμῖν
2673 4636 2823 4704 παρὰ
2900 4635 2996 4688 τοῦ
3053 4637 3324 4708 Σωτῆρος,
3376 4641 3434 4704 ὃς
3491 4646 3583 4696 καὶ
3663 4651 3808 4717 παρὰ

2251 4725 2342 4776 τοῦ
2376 4725 2587 4793 Πατρός
2613 4725 2892 4793 ἀπεστάλη
2925 4729 3006 4788 εἰς
3039 4733 3313 4796 σωτηρίαν
3375 4733 3551 4801 ⁴ίίιμῶν,
3590 4737 3810 4804 ἀγιαζόο

2256 4831 2388 4883 μενα
2407 4816 2464 4868 δὲ
2485 4819 2549 4885 τῇ
2587 4818 2928 4886 ιπιφοιτήσει
2979 4817 3070 4870 τοῦ
3105 4820 3264 4886 άγίου
3294 4822 3628 4892 Πνεύματος.
3660 4830 3811 4882 Οὕτω

2252 4905 2360 4974 γὰρ
2383 4906 2484 4974 τῆς
2523 4905 2749 4976 Τριάδος
2775 4906 3085 4973 λογίζονται
3113 4910 3452 4980 ἁγιάσματα.
3487 4915 3660 4970 Ὀταν
3696 4919 3806 4985 οὑν,

2253 4995 2404 5060 φασὶ,
2437 4996 2768 5046 πιστεύσωσι
2807 4997 2902 5048 καὶ
2933 4997 2999 5048 τὰ
3032 4998 3162 5064 am
3193 4999 3473 5062 δέξωνται,
3517 5005 3614 5056 ἐὰν
3663 5011 3754 5059 καὶ
3784 5012 3809 5060 ό

2253 5085 2365 5153 βίος
2396 5084 2576 5136 αὑτῶν
2605 5085 2957 5153 δοκιμασθεὶς
2996 5090 3230 5158 χρηστὸς
3262 5091 3481 5162 εὑρεθῇ,
3515 5097 3608 5147 καὶ
3666 5099 3795 5165 κλη·

2252 5175 2610 5244 ρωθήσονται.
2647 5179 2779 5246 Περὶ
2815 5179 3019 5246 ταύτης
3056 5176 3150 5234 οὖν
3210 5182 3521 5247 ὑποθέσεως
3569 5189 3680 5240 τῶν
3717 5207 3808 5257 νη·

2249 5265 2388 5318 πίων
2423 5265 2693 5336 ἐζήτησαν
2725 5269 2816 5318 καὶ
2836 5268 2986 5336 παρά
3019 5269 3112 5322 τοῦ
3144 5274 3346 5326 πάππα
3375 5275 3468 5326 καὶ
3515 5279 3666 5346 παρὰ
3714 5280 3806 5330 τοῦ

2251 5357 2592 5409 Μεδιολάνων
2623 5358 2835 5426 μαθεῖν,
2869 5363 2915 5411 εί
2941 5359 3263 5430 ἀρέσκονται
3289 5365 3356 5433 τῇ
3379 5364 3580 5437 γνώμῃ
3609 5368 3803 5422 αὑτῶν.

2252 5448 2314 5498 Ei
2339 5447 2394 5498 δέ
2425 5463 2595 5510 τινες,
2627 5449 2781 5516 φασὶ,
2829 5449 3083 5520 κληρικοὶ
3115 5451 3224 5504 τῶν
3286 5455 3644 5523 Δονατιστῶν,
3672 5461 3806 5528 μετά

2245 5539 2337 5590 τοῦ
2371 5539 2503 5609 παρ’
2535 5543 2718 5602 αὑτοῖς
2749 5543 2878 5595 λαοῦ
2911 5547 3006 5597 καὶ
3045 5545 3154 5599 τῶν
3183 5547 3359 5614 τιμῶν
3403 5549 3605 5615 αὑτῶν,
3640 5553 3803 5620 ἦγουν

2244 5630 2350 5681 τῶν
2381 5631 2607 5699 βαθμῶν
2629 5632 2826 5698 αὑτῶν,
2873 5635 3155 5704 θελήσουσι
3209 5639 3484 5705 μετελθεῖν
3537 5644 3675 5704 πρὸς
3709 5643 3804 5710 την

2244 5720 2519 5788 όρθόδοξον
2548 5722 2744 5790 πίστιν,
2815 5724 3010 5788 οἵτινες
3077 5727 3325 5799 κληρικοὶ
3405 5729 3652 5796 θέλοντες
3719 5731 3808 5784 καὶ
