4148 6452
622 392 730 457 243

1866 398 2068 459 ΤΗΕΟ
2079 399 2140 458 Ι).
2176 398 2571 459 BALSAMON

3731 404 3835 469 2M

625 506 855 563 ARIST.
892 525 910 560 ι
946 506 1210 563 idolorum
1245 508 1479 578 reliquiae
1527 509 1734 579 penitus
1782 510 2111 566 aboleantur.
2150 528 2168 562 ι
2202 535 2245 589 Α

2202 535 2245 589 Α
2275 512 2493 567 ΑΡΙΣΤ.
2554 530 2572 562 ι
2607 511 2685 564 Τά
2727 512 3215 584 ἐγκαταλείμματα
3238 516 3347 571 τῶν
3374 516 3611 573 είδὼλων
3652 519 3827 573 τίλεοιι

692 698 897 753 Pietate
926 701 1261 769 praevalente,
1289 718 1317 755 e
1353 701 1711 756 fundamentis
1728 702 1837 756 suis
1856 702 2173 757 eradicanda

624 794 746 839 sunt
779 786 1041 842 idolorum
1074 788 1218 852 fana,
1244 799 1295 843 et
1330 791 1485 844 nulla:
1529 793 1747 845 omnino
1798 791 1997 845 erroris
2049 793 2178 846 isto-

624 892 741 928 rum
778 877 1021 945 reliquia’
1045 888 1450 934 conserventur.

1176 969 1401 1024 CANON
1446 970 1602 1026 LXII.

631 1077 647 1107 ι
690 1057 755 1111 L‘t
780 1061 960 1115 clerici
988 1076 1083 1128 pro
1113 1062 1330 1130 proprio
1360 1064 1594 1130 ipsorum
1622 1063 1822 1129 judicio
1847 1079 1951 1116 non
1981 1078 2176 1131 cogan-

695 1168 711 1197 ‹
751 1159 837 1201 tur
868 1150 1076 1218 publice
1114 1151 1477 1203 testimonium
1524 1151 1722 1205 dicere.
1772 1149 2035 1204 Prmterea
2084 1167 2177 1219 pe-

704 1254 719 1285 ι
763 1238 973 1291 tendum
1012 1248 1110 1300 est,
1149 1247 1205 1291 ut
1250 1249 1487 1292 statuere
1538 1239 1861 1305 dignentur.
1902 1250 1955 1291 ut
2003 1242 2045 1293 si
2087 1240 2177 1307 qui

701 1347 717 1377 ι
763 1328 812 1380 in
847 1327 1084 1382 Ecclesia
1116 1330 1359 1396 quamvis
1392 1343 1646 1387 causam.
1680 1328 1802 1393 jure
1850 1331 2174 1396 apostolico,

708 1439 723 1467 ε
760 1419 898 1486 quod
933 1419 983 1471 in
1018 1419 1259 1474 ecclesiis
1291 1420 1449 1471 situm
1492 1428 1592 1483 est,
1631 1420 1831 1488 agitare
1872 1418 2135 1470 vulnerint
2161 1456 2175 1478 ,

702 1528 717 1557 ε
751 1522 803 1562 et
831 1509 1143 1562 clericorum
1202 1508 1402 1563 decisio
1427 1509 1515 1561 uni
1543 1509 1678 1563 lorte
1724 1510 1860 1577 parti
1893 1508 2179 1577 displicue-

698 1616 715 1648 ι
756 1599 844 1660 rit,
873 1613 977 1651 non
1009 1598 1166 1651 licere
1196 1597 1248 1650 in
1272 1597 1529 1662 judicium
1584 1598 1651 1649 ad
1706 1598 2063 1650 testimonium
2095 1598 2143 1649 di
2164 1626 2175 1636 -

702 1705 717 1736 ι
760 1686 982 1740 cendum
1016 1700 1213 1739 vocare
1242 1686 1497 1739 clericum
1542 1686 1688 1738 illum
1715 1724 1729 1747 ,
1758 1686 1847 1751 qui
1881 1685 2027 1751 prius
2066 1700 2174 1739 rem

698 1794 716 1827 ι
756 1778 920 1843 ipsam
948 1776 1265 1829 examinavit
1292 1816 1305 1838 ,
1346 1776 1425 1828 vel
1455 1775 1832 1829 examinationi
1878 1774 2123 1828 interfuit
2161 1792 2173 1826 :

2768 623 2786 655 ι
2823 605 3288 673 ἀφανιζέσθωσαν.
3320 627 3339 660 ι

2360 692 2470 761 Τῆς
2501 693 2781 757 εὐσεϐείας
2809 695 3229 766 ιπικρατούσης,
3259 700 3322 751 hc
3362 699 3629 769 θεμελίων
3653 699 3826 751 αὐτῶν

2278 785 2599 854 ικριζωτίον
2639 787 2704 839 τὰ
2736 788 2842 840 τῶν
2880 789 3111 843 είδὼλων
3136 790 3338 861 τεμένη
3367 806 3381 821 ο
3414 790 3508 845 καὶ
3565 791 3735 861 μηδίν
3777 809 3827 843 τι

2277 877 2374 944 τῆς
2400 875 2604 946 πλάνης
2629 876 2807 930 αὐτῶν
2833 879 3245 947 ἑγκατάλειμμα
3278 879 3689 948 περισωζέσθω.

2842 967 3077 1020 ΚΑΝΩΝ
3119 966 3237 1022 EB’.

2286 1077 2301 1106 ε
2344 1057 2474 1126 Περὶ
2508 1057 2600 1109 τοῦ
2644 1057 2769 1119 τοὺς
2824 1058 3118 1127 κληρικοὺς
3144 1060 3304 1128 χάριν
3341 1059 3683 1124 διαγνώσεως
3733 1062 3826 1131 τῆς

2357 1164 2373 1194 ι
2409 1147 2609 1209 οἰκείας
2640 1147 2817 1199 αὐτῶν
2849 1148 3081 1214 κρίσεως
3108 1148 3183 1216 μὴ
3234 1148 3637 1215 ἀναγκάζεσθαι
3667 1150 3825 1219 δημο-

2356 1254 2372 1285 ι
2415 1236 2541 1297 σίως
2584 1238 2901 1305 μαρτυρεῖν.
2936 1238 3029 1289 Δεῖ
3056 1240 3274 1307 αἰτῆσαι
3306 1238 3385 1291 ἔτι
3414 1239 3541 1308 μὴν,
3579 1240 3664 1291 ἵνα
3718 1242 3825 1308 ὀρί-

2357 1346 2372 1375 ι
2417 1342 2502 1379 σαι
2521 1327 2947 1391 καταξιώσωσιν,
2976 1327 3135 1392 ὥστε,
3164 1331 3258 1383 ἐάν
3286 1346 3427 1390 τινες
3456 1320 3824 1399 ὲνἚκκλησίᾳ

2357 1434 2373 1464 ι
2412 1417 2729 1485 οἱανδήποτε
2760 1418 2934 1472 αίτίαν
2966 1419 3307 1489 ἀποστολικῷ
3358 1421 3570 1489 δικαίῳ,
3603 1419 3680 1488 τῷ
3714 1422 3826 1481 ταῖς

2356 1526 2373 1554 ε
2414 1505 2729 1575 ἐκκλησίαις
2783 1508 3131 1578 ἐπικειμένῳ,
3201 1508 3476 1577 γυμνάσαι
3539 1508 3827 1576 θελήσωσι,

2358 1616 2374 1646 ‹
2416 1596 2506 1648 καὶ
2548 1598 2676 1659 ἴσως
2705 1599 2737 1666 ή
2763 1598 2900 1668 τομὴ
2928 1600 3034 1653 τῶν
3072 1599 3346 1668 κληρικῶν
3404 1599 3484 1663 τῷ
3538 1598 3615 1650 ivi.
3673 1600 3826 1667 μέρει

2358 1708 2373 1737 ι
2415 1688 2704 1757 ἀπαρίσοι,
2766 1690 2837 1757 μὴ
2900 1689 3098 1755 εξεῖναι
3147 1690 3281 1757 πρὸς
3350 1690 3699 1758 δικαστήριον
3750 1690 3825 1751 είς

2360 1797 2375 1828 ι
2427 1779 2730 1847 μαρτυρίαν
2757 1779 3176 1848 προσκαλεῖσθαι
3204 1780 3297 1833 τὸν
3326 1779 3581 1849 κληρικδν
3602 1780 3822 1841 ἐκεῖνον,

696 1882 713 1914 ι
758 1874 815 1917 ιιι
845 1878 939 1916 nec
966 1867 1082 1931 quis
1100 1864 1163 1917 ad
1192 1878 1468 1930 personam
1496 1864 1910 1930 ecclesiasticam
1939 1865 2170 1919 attinens
2211 1893 2247 1944 Β

2211 1893 2247 1944 Β
2348 1886 2365 1916 ‹
2405 1868 2495 1918 τὸν
2526 1867 2873 1936 πρότεροντὸ
2917 1867 3047 1920 αὐτὸ
3108 1868 3339 1936 πρᾶγμα
3392 1869 3741 1936 σκοπήσαντα
3794 1866 3823 1935 ἢ

699 1972 717 2005 ε
762 1954 921 2025 injus
960 1964 1190 2009 vocetur.
1229 1965 1284 2008 ut
1329 1952 1461 2007 ierat
1493 1954 1875 2009 testimonium.
1908 1974 1924 2005 ι

699 2239 888 2300 BALS,
918 2239 1141 2303 Quidam
1172 2239 1371 2301 clerici,
1422 2255 1539 2292 eum
1582 2254 1795 2293 causam
1844 2236 2167 2292 ecclesiasti-

628 2345 742 2382 cam
772 2331 891 2395 jure
917 2328 1208 2397 apostolico
1232 2331 1482 2398 egissent,
1517 2329 1615 2382 hoc
1642 2336 1742 2390 est,
1776 2327 1917 2381 dicto
1963 2336 2171 2393 aposto-

625 2420 727 2471 lico
759 2429 1165 2486 consequenter,
1200 2421 1339 2487 quod
1363 2420 1489 2473 dicit
1524 2438 1535 2473 :
1569 2419 1733 2472 Audet
1769 2419 1882 2485 quis
1926 2424 2169 2480 vestrum,

625 2508 814 2562 habens
878 2511 1155 2576 negotium,
1219 2511 1310 2561 sub
1359 2510 1549 2577 iniquis
1588 2510 1791 2577 judicio
1848 2509 2167 2572 contendere,

623 2608 673 2650 et
698 2616 797 2651 non
837 2600 928 2651 sub
955 2600 1145 2651 sanctis
1169 2600 1192 2650 ?
1213 2598 1290 2652 vel
1320 2599 1501 2661 etiam,
1528 2612 1646 2651 cum
1676 2600 1727 2651 iu
1755 2597 2169 2652 ecclesiasticum

622 2687 881 2755 judicium
915 2687 1247 2748 incidissent,
1280 2701 1308 2737 a
1342 2695 1492 2753 parte
1522 2685 1604 2738 cui
1641 2674 1972 2753 displicebat,
2008 2698 2072 2756 ex
2104 2683 2169 2737 iis

621 2777 711 2842 qui
735 2778 1121 2844 judicaverant,
1142 2778 1205 2831 ad
1232 2777 1464 2844 judicent
1492 2776 1859 2843 appellationis
1881 2774 2167 2829 testimonii

623 2864 824 2916 ferendi
849 2865 1015 2928 gratia
1038 2864 1406 2918 trahebantur.
1435 2861 1612 2916 Visum
1642 2874 1720 2917 est
1746 2878 1871 2931 ergo
1899 2862 2165 2926 Patribus,

623 2953 687 3002 de
714 2951 776 3002 iis
808 2952 872 3003 ad
901 2952 1245 3018 imperatores
1284 2951 1483 3006 referre
1508 2994 1522 3016 ,
1573 2964 1627 3003 ut
1681 2954 1777 3019 ipsi
1835 2961 2165 3015 statuerent,

623 3040 753 3094 nibil
780 3056 895 3094 esse
916 3041 1177 3108 ejusmodi
1212 3045 1261 3093 in
1298 3050 1562 3109 posterum
1597 3041 1917 3103 faciendum,
1944 3043 2035 3095 sed
2071 3056 2166 3095 nec

621 3148 740 3183 eum
772 3172 784 3192 ,
819 3132 904 3198 qui
952 3145 1149 3198 genere
1178 3132 1257 3185 vel
1283 3132 1457 3199 aliquo
1509 3130 1611 3185 alio
1644 3132 1799 3185 modo
1824 3132 1889 3185 ad
1934 3132 2165 3197 aliquem

2350 1979 2365 2009 ι
2406 1958 2497 2011 καὶ
2527 1958 2883 2028 σκοπουμένῳ
2924 1958 3303 2027 παρατυχόντα
3325 1973 3339 1988 ο
3372 1958 3459 2010 ῖνα
3492 1957 3625 2026 μηδὲ
3664 1972 3826 2026 προσ.

2350 2071 2365 2101 ι
2404 2050 2537 2121 ὡπῳ
2576 2067 2657 2111 τις
2683 2047 3121 2119 ἐκκλησιαστικῷ
3152 2047 3445 2116 προσήκων
3470 2045 3671 2116 ὲναχθῇ
3703 2046 3826 2115 περὶ

2346 2161 2362 2192 ι
2401 2140 2494 2193 τοῦ
2524 2139 2760 2207 ὀφείλειν
2784 2141 3101 2207 μαρτυρεῖν.
3134 2156 3153 2190 s

2340 2228 2533 2285 BAAE.
2564 2226 2719 2290 Τινὲς
2745 2227 2996 2295 κληρικοὶ
3015 2227 3331 2288 δικάσαντες
3361 2224 3824 2295 ὑπόθεσινέκκλη-

2274 2317 2553 2387 σιαστικὴν
2591 2316 2931 2386 ἀποστολικῷ
2958 2316 3172 2385 δικαίῳ,
3222 2316 3498 2369 τουτέστιν
3546 2314 3822 2383 ἀκολούθῳ

2270 2410 2347 2479 τῷ
2380 2408 2716 2478 ἀποστολικῷ
2768 2409 2935 2479 ῥητῷ,
3005 2407 3083 2477 τῷ
3148 2408 3430 2475 φάσκοντι’
3474 2406 3669 2475 Τολμᾷ
3735 2422 3822 2470 τις

2270 2501 2434 2568 ὑμῶν
2464 2497 2695 2567 πρᾶγμα
2723 2499 2877 2564 ἔχων
2917 2500 3217 2564 κρίνεσθαι
3271 2496 3368 2548 ἐπὶ
3415 2495 3532 2549 τῶν
3581 2495 3819 2558 ἀδίκων,

2271 2592 2365 2645 καί
2397 2592 2529 2657 οὐχι
2582 2590 2678 2642 ἐπὶ
2736 2587 2854 2641 τῶν
2920 2590 3143 2657 ἀγίων;
3196 2589 3227 2656 ἢ
3275 2588 3365 2639 καὶ
3423 2585 3822 2655 παρατυχόντες

2270 2680 2361 2733 ἐπὶ
2388 2679 2564 2748 κρίσει
2589 2680 3039 2749 ἐκκλησιαστικῇ,
3093 2676 3332 2728 εἶλκοντο
3373 2676 3523 2743 παρά
3564 2673 3657 2727 τοῦ
3717 2674 3821 2726 ἀπο

2270 2770 2638 2839 αρεσκομένου
2670 2769 2864 2837 μέρους
2901 2768 2964 2820 εκ
3024 2766 3132 2820 τῶν
3178 2766 3553 2834 δικασαμένων
3604 2766 3684 2827 είς
3733 2763 3820 2814 τὸν

2270 2859 2623 2927 ὲκκλητάριον
2653 2858 2911 2928 δικαστὴν
2939 2857 3095 2927 χάριν
3128 2856 3453 2925 μαρτυρίας.
3485 2854 3702 2917 Ἐδοξεν
3731 2849 3820 2906 οὖν

2270 2950 2376 3008 τοῖς
2404 2948 2698 3017 Πατράσιν,
2729 2948 2813 2999 ἵνα
2846 2947 2913 2998 τά
2949 2946 3076 3015 περὶ
3106 2945 3296 2997 τούτου
3328 2944 3658 3009 ἀνενέγκωσι
3714 2944 3822 3005 τοῖς

2272 3036 2601 3103 βασιλεῦσιν,
2642 3035 2725 3103 ἐφ’
2752 3028 2795 3102 ᾧ
2820 3037 2997 3104 ὁρίσαι
3039 3036 3232 3096 αὐτοὺς
3261 3034 3427 3103 μηδέν
3481 3050 3533 3085 τι
3584 3031 3821 3085 τοιοῦτον

2272 3126 2674 3191 χενέσθαιποτό
2703 3143 2716 3156 ·
2752 3126 2883 3179 ἀλλά
2918 3124 3051 3194 μηδέ
3103 3141 3225 3177 τινα
3286 3124 3635 3193 προσήκοντα
3684 3122 3821 3174 κατά

622 3219 1041 3273 ecclesiasticum
1077 3222 1291 3284 attinet,
1329 3222 1378 3273 in
1414 3222 1773 3275 testimonium
1805 3235 1923 3274 esse
1951 3222 2164 3275 tralicn-
2194 3204 2235 3264 (Σ

2194 3204 2235 3264 C
2267 3218 2420 3284 γένος
2464 3216 2495 3286 ἢ
2522 3219 2693 3279 ἄλλως
2718 3234 2832 3279 πως
2856 3215 3298 3286 ἐκκλησιαστικῷ
3328 3230 3432 3267 τινι
3460 3212 3712 3265 ἕλκεσθαι
3744 3213 3818 3273 είς

621 3313 765 3365 dum.
794 3311 867 3363 Ac
896 3310 946 3363 in
980 3311 1062 3365 bis
1086 3312 1295 3380 quidem
1332 3312 1577 3366 consistit
1610 3327 1804 3365 canon.
1841 3311 1947 3366 Nos
1988 3320 2164 3365 autem

622 3398 784 3465 aliqui
819 3400 1068 3467 scripturi
1100 3415 1311 3455 eramus
1340 3405 1403 3455 de
1438 3401 1501 3455 iis
1531 3402 1620 3469 qui
1651 3400 1925 3466 litigarunt
1956 3443 1969 3466 ,
1999 3412 2051 3455 et
2104 3403 2168 3455 de

622 3488 687 3539 iis
710 3486 795 3554 qui
814 3497 938 3541 sunt
967 3489 1175 3543 clericis
1202 3491 1593 3543 necessitudine
1626 3491 1923 3558 conjuncti,
1950 3492 2162 3559 quando

624 3577 763 3630 trabi
793 3576 1004 3642 debent,
1040 3587 1093 3632 et
1118 3581 1330 3647 quando
1360 3594 1482 3633 non.
1512 3580 1644 3645 Quia
1672 3592 1849 3633 autem
1881 3580 1966 3633 bie
1999 3594 2165 3632 canon

626 3682 729 3721 non
756 3678 832 3722 est
862 3670 1129 3723 decretum
1158 3710 1171 3733 ,
1204 3670 1296 3723 sed
1341 3671 1618 3723 consilium
1655 3710 1669 3733 ,
1717 3680 1772 3723 ut
1820 3670 2167 3739 imperatores

618 3759 735 3825 ejus
770 3759 1177 3822 admoneamur,
1205 3776 1306 3813 non
1338 3768 1419 3814 est
1448 3771 1624 3814 autem
1653 3762 1854 3833 prolata
1909 3760 2164 3823 definitio,

621 3848 782 3900 multa
809 3850 1263 3914 praetermisimus.
1290 3848 1397 3904 Hoc
1426 3861 1604 3905 autem
1634 3850 1799 3903 solum
1824 3865 1887 3902 ex
1919 3852 2164 3919 praesenti

619 3953 821 3992 canone
853 3939 1185 4003 notavimus;
1232 3941 1373 4007 quod
1414 3940 1696 4007 judiciaria
1754 3940 1930 3993 ofﬁcia
1994 3940 2167 3993 eccle-

623 4028 957 4083 siasticarum
986 4031 1390 4097 magistratuum
1428 4046 1659 4098 praesens
1683 4044 1893 4098 quoque
1928 4030 2164 4098 synodus

621 4118 853 4187 agnovit,
892 4133 957 4172 eo
995 4120 1133 4185 quod
1159 4119 1303 4172 dicat
1331 4118 1556 4173 clericos
1586 4120 1810 4184 alicujus
1841 4133 1960 4174 esse
1992 4132 2166 4173 causa:

614 4209 840 4273 judices.

690 4297 846 4366 597
876 4297 1120 4351 ZONAR.
1155 4298 1413 4351 Przcterca
1451 4299 1515 4351 ad
1566 4298 1911 4366 imperatores
1969 4280 2167 4351 referre

618 4387 967 4448 constitunnt,
991 4395 1045 4439 ut
1070 4388 1111 4439 si
1133 4388 1219 4453 qni
1252 4388 1300 4439 in
1340 4386 1595 4447 Ecclesia.
1620 4385 1719 4440 hoc
1746 4398 1846 4450 est,
1878 4387 1929 4440 in
1967 4388 2163 4441 clerum

618 4476 854 4542 ascripti,
884 4476 1028 4528 litem
1078 4478 1390 4544 quamlibet,
1431 4485 1521 4529 aut
1572 4478 2015 4539 controversiam,
2046 4479 2164 4546 jure

619 4567 904 4630 apostolico
956 4566 1206 4618 Ecclesils
1260 4562 1541 4627 imposito,
1590 4567 1688 4619 hoc
1752 4576 1873 4626 est,
1945 4567 2163 4621 deﬁnito

618 4664 776 4719 atque
810 4655 1104 4719 descripto,
1136 4653 1201 4705 de
1227 4653 1444 4721 judiciis
1505 4656 1755 4708 nimirum
1812 4656 1949 4723 apud
1988 4654 2164 4708 Eccle-

619 4744 748 4793 siam
794 4741 1128 4805 exercendis,
1169 4742 1416 4809 persequi
1446 4742 1627 4803 velint,
1683 4743 1914 4809 (divinus
1942 4756 2165 4808 namque

617 4831 889 4897 apostolus
910 4828 1106 4882 Paulus
1163 4835 1226 4881 ad
1279 4829 1588 4883 Corinthios
1627 4831 1906 4885 scribens:
1975 4831 2164 4895 Audet,

620 4917 807 4987 inquit.
840 4921 1030 4985 aliquis
1060 4931 1302 4982 vestrum,
1347 4922 1607 4989 negotium
1659 4923 1874 4984 habens,
1938 4923 2029 4974 sub
2085 4923 2167 4973 in-

613 5010 755 5077 juste
777 5010 981 5076 judicio
1022 5011 1243 5074 experiri
1284 5021 1328 5062 et
1358 5026 1455 5061 non
1484 5010 1577 5062 sub
1603 5012 1795 5062 sanctis
1819 5011 1905 5061 “1’
1943 5010 2167 5064 Proinde

622 5105 721 5153 lioc
751 5099 1187 5167 apostolicujure
1219 5100 1458 5153 ceclesitn
1493 5101 1698 5164 deberi,
1755 5110 2002 5167 tanquam
2028 5100 2169 5167 Apo-

622 5185 983 5249 stolidecreso
1017 5186 1084 5238 ita
1149 5188 1494 5240 constitutum
1548 5189 1837 5253 asserunt).
1899 5186 1953 5239 Si
2006 5188 2169 5254 igitur

621 5276 823 5339 clerici,
877 5275 1144 5341 inquiunt,
1198 5277 1331 5343 apud
1382 5279 1662 5331 ecclesiam
1723 5276 2045 5343 disceptent,
2105 5291 2166 5329 ac

622 5366 819 5416 decisin
841 5380 1037 5429 causa,
1065 5366 1161 5419 hac
1211 5377 1311 5431 est,
1351 5369 1639 5430 sententia,
1680 5384 1775 5435 per
1831 5381 1990 5435 quam
2048 5381 2169 5420 eon-

622 5458 876 5507 troversia
903 5457 1182 5522 deciditur,
1219 5458 1307 5511 uni
1334 5474 1396 5510 ex
1435 5458 1672 5527 partibus
1704 5458 1919 5511 minime
1948 5456 2168 5523 probata

623 5546 799 5608 fuerit,
829 5562 891 5599 ne
919 5558 1094 5601 tamen
1121 5549 1272 5601 alteri
1307 5553 1440 5621 parti
1482 5551 1638 5603 liceat
1694 5565 1838 5613 eum,
1887 5564 1980 5617 per
2004 5562 2162 5616 quem

697 5726 733 5756 δ’
768 5724 933 5777 lCut‘.
970 5741 1042 5792 \‘t,
1083 5728 1124 5783 Ι.

2272 3307 2597 3375 μαρτυρίαν.
2642 3308 2749 3358 Καὶ
2781 3308 2806 3357 ό
2834 3305 2928 3374 μὶν
2958 3305 3135 3357 κανὼν
3173 3305 3232 3355 ἐν
3284 3303 3514 3364 τούτοις.
3555 3302 3744 3370 Ἡμεῖς
3767 3302 3819 3353 δὲ

2270 3398 2562 3465 ἐμέλλομεν
2586 3396 2789 3464 γράψαι
2820 3397 2938 3449 τινὰ
2996 3398 3121 3466 περὶ
3173 3396 3280 3447 τῶν
3329 3395 3666 3446 δικασάντων
3729 3394 3819 3445 καὶ

2273 3488 2397 3555 περὶ
2457 3488 2561 3539 τῶν
2616 3487 3110 3554 προσῳκειωμένων
3164 3489 3273 3547 τοῖς
3330 3486 3635 3552 κληρικοῖς,
3695 3484 3817 3535 πότε

2269 3577 2573 3644 ὀφείλουσιν
2598 3576 2866 3638 ἕλκεσθαι,
2910 3576 3003 3628 καὶ
3035 3576 3159 3627 πότε
3200 3576 3295 3643 μή.
3338 3575 3458 3626 Ὀτι
3488 3574 3541 3625 δὲ
3586 3575 3685 3625 οὐκ
3707 3576 3817 3625 ἔστι

2270 3668 2542 3736 Θέσπισμα
2575 3669 2602 3718 ό
2633 3666 2826 3731 κανὼν,
2854 3668 2989 3719 ἀλλά
3046 3666 3318 3735 συμσουὶὴ
3363 3666 3518 3733 χάριν
3566 3663 3660 3716 τοῦ
3694 3664 3819 3715 ὑπο-

2273 3758 2573 3827 μνησθῆναι
2607 3758 2733 3825 περὶ
2771 3759 2975 3809 τούτων
3003 3758 3128 3819 τοὺς
3182 3755 3438 3826 βασιλεῖς,
3486 3754 3713 3821 ὁρισμὸς
3766 3754 3817 3805 δὲ

2268 3850 2363 3899 οὐκ
2407 3846 2689 3915 ἐξηνέχθη,
2718 3848 3043 3916 παρήκαμεν
3070 3846 3135 3898 τὰ
3191 3844 3376 3898 πολλά.
3444 3843 3814 3911 Ἐσημειωσά-

2274 3937 2409 4005 μεθα
2437 3938 2490 3989 δὲ
2520 3935 2740 3989 ἀπὸτοῦ
2772 3937 3038 4006 παρόντος
3070 3935 3287 3996 κανόνος
3313 3934 3467 3986 τοῦτο
3514 3933 3691 4001 μόνον,
3739 3934 3819 3985 ὅτι

2268 4027 2332 4075 τὰ
2361 4025 2648 4077 δικαστικά
2678 4025 2903 4092 όφφίκια
2926 4026 3030 4077 τῶν
3051 4023 3520 4093 ἑκκλησιαστικῶν
3547 4024 3817 4091 ἀρχόντων

2271 4116 2364 4167 καὶ
2394 4117 2424 4183 ή
2460 4114 2709 4184 παροῦσα
2740 4115 2951 4177 σύνοδος
2986 4116 3345 4182 ἐπιγίνωσκεν
3390 4114 3495 4166 ἀπὸ
3520 4114 3612 4167 τοῦ
3642 4113 3820 4180 λέγειν

2270 4207 2562 4272 κληρικοὺς
2596 4206 2865 4274 διαιτῆσαι
2900 4206 3147 4258 ὑποθέσει
3180 4207 3303 4259 τινί.

2339 4295 2580 4347 ΖΩΝΑΡ.
2620 4296 2738 4347 Ἔτι
2769 4296 3047 4365 ἀναφορὰν
3090 4296 3816 4365 βουλεύονταιποιῆσαιπρὸς

2269 4386 2389 4445 τοὺς
2434 4383 2691 4452 βασιλεῖς,
2722 4385 2860 4437 ὥστε
2900 4386 2994 4437 ίάν
3024 4402 3165 4447 τινες
3195 4388 3252 4437 ἐν
3284 4386 3595 4454 Ἐκκλησία,
3653 4387 3817 4452 ἤγουν

2272 4476 2327 4524 ἑν
2382 4474 2566 4542 κλήρῳ
2625 4474 3061 4541 ἔκκλησιαστικῷ
3104 4478 3449 4541 τεταγμένοι,
3500 4475 3816 4539 οἱανδήποτε

2270 4561 2469 4620 αἰτίαν,
2498 4561 2616 4628 ἦτοι
2642 4561 2819 4629 δίκην,
2846 4560 3103 4612 ὑπόθεσιν
3122 4563 3443 4629 γυμνάσωσι
3474 4561 3817 4629 ἀποστολικῷ

2266 4648 2453 4717 δικαίῳ
2488 4649 2563 4717 τῷ
2596 4653 2713 4712 ταῖς
2768 4649 3109 4719 Ἐκκλησίαις
3142 4651 3489 4718 ἑπικειμένῳ,
3543 4651 3659 4717 ήτοι
3694 4650 3819 4719 ὠρι-

2270 4742 2472 4810 σμένερ,
2502 4740 2928 4809 διατεταγμένῳ,
2965 4742 3207 4792 τουτέστι
3232 4741 3383 4809 παρά
3405 4743 3470 4810 τῇ
3526 4740 3817 4811 Ἐκκλησία

2252 4821 2616 4883 δικάσωνται.
2658 4831 2715 4880 Ὀ
2758 4829 2864 4896 γὰρ
2925 4829 3205 4889 θεσπέσιος
3256 4826 3547 4889 ἀπόστολος
3587 4828 3814 4888 Παῦλος,

2272 4918 2573 4986 Κορινθίοις
2599 4918 2843 4985 γράφων,
2871 4920 3001 4986 φησί
3024 4934 3035 4946 '
3076 4916 3266 4984 Τολιιᾷ
3289 4934 3376 4981 τις
3396 4916 3561 4984 ὑμῶν
3583 4915 3816 4985 πρᾶγμα

2268 5012 2423 5076 ἔχων
2456 5010 2761 5076 κρίνεσθαι
2810 5007 2907 5059 ἐπὶ
2956 5008 3074 5060 τῶν
3102 5008 3345 5071 ἀδίκων,
3390 5008 3488 5059 καί
3546 5006 3679 5074 οὐχὶ
3722 5006 3815 5059 ἐπι

2268 5100 2383 5151 τῶν
2440 5099 2664 5165 άγίων;
2700 5096 2870 5149 Τοῦτο
2921 5097 3011 5150 οὖν
3066 5096 3407 5165 ἀποστολικῷ
3449 5096 3645 5165 δικαίῳ
3688 5096 3817 5164 φησι

2271 5188 2563 5255 προσήκειν
2590 5188 2707 5247 ταῖς
2734 5187 3064 5252 ἐκκλησίαις,
3095 5186 3167 5247 ὡς
3181 5184 3273 5237 τοῦ
3309 5185 3629 5237 Ἀποστόλου
3655 5184 3809 5238 τοῦτο

2270 5276 2680 5344 διαταξαμένου.
2729 5276 2855 5327 Ἐὰν
2885 5274 2976 5327 οὖν
3019 5275 3289 5343 κληρικοὶ,
3324 5276 3482 5343 φησὶ,
3521 5274 3815 5327 δικασθῶσι

2272 5368 2421 5435 παρά
2467 5368 2531 5433 τῇ
2602 5365 2913 5434 Ἐκκλησία,
2948 5366 3039 5416 καὶ
3109 5364 3386 5431 Ἀπαρέσῃ
3433 5364 3512 5412 ἑνὶ
3563 5364 3737 5432 μέρει,
3783 5364 3814 5427 ἡ

2272 5456 2411 5526 τομὴ
2436 5455 2543 5508 τῶν
2584 5454 2973 5521 δικαζομένων,
3002 5455 3121 5522 ἤτοι
3156 5454 3188 5521 ή
3217 5453 3489 5519 τέμνουσα
3528 5452 3624 5519 τὴν
3665 5452 3814 5517 δίκην

2274 5548 2567 5612 ἀπόφασις,
2605 5546 2690 5595 ἵνα
2734 5543 2806 5609 μὴ
2836 5543 2926 5611 ἐξῇ
2980 5560 3084 5595 τινι
3123 5543 3228 5594 τῶν
3284 5542 3461 5611 μερῶν
3505 5540 3686 5593 ἕλκειν
3737 5542 3815 5602 είς
