4148 6460
257 446 361 510 245

1258 441 1342 504 ΙΝ
1375 440 1538 504 CAN‘.
1597 438 1792 501 LXIII
1831 436 2036 500 CONC.
2078 432 2445 500 CARTHAG.

3354 418 3460 483 246

255 560 318 612 τδ
371 556 471 626 τῆς
505 556 770 627 ικκλήτου
803 557 1150 626 δικαστήριον
1184 559 1319 625 πρὸς
1355 555 1658 626 μαρτυρίαν
1718 554 1809 607 τδν
1833 562 1886 622 Α

1833 562 1886 622 Α
1910 565 2071 607 causa
2091 550 2239 620 prius
2266 548 2568 608 examinata
2597 551 2700 610 est,
2737 542 2820 598 vel
2867 541 2956 611 qui
3003 555 3060 595 re
3089 539 3328 608 iudicata
3363 537 3453 591 ad-

257 646 633 716 δοκιμάσαντα
661 649 921 718 πρότερον
955 647 1055 716 τὴν
1086 647 1360 713 ὑπόθεσιν,
1411 647 1443 717 ἢ
1477 647 1571 700 καὶ
1625 663 1805 716 κρινο-

262 737 430 808 μένης
460 739 859 807 παρατυχόντα,
887 739 979 791 καὶ
1030 739 1117 791 ἵνα
1172 738 1307 808 μηδέ
1356 753 1438 798 τις
1495 738 1801 805 προσήκων,

258 824 560 890 τουτέστιν,
595 828 938 898 ᾠκειωμένος
962 829 1027 880 ἐκ
1055 827 1379 896 συγγενείας
1429 827 1462 895 ἢ
1502 825 1677 888 ἄλλως
1713 826 1806 877 ἐκ·

263 913 634 984 κλησιαστικῷ
688 933 816 981 τινι,
868 917 1095 985 ἕλκηται
1126 919 1206 978 είς
1265 915 1591 986 μαρτυρίαν.
1651 915 1804 977 Τινὲς

261 1002 370 1074 γὰρ
445 1004 862 1074 άπηρίθμηνται
919 1006 1013 1060 καὶ
1081 1009 1195 1068 τοῖς
1270 1007 1564 1068 πολιτικοῖς
1620 1004 1805 1074 νόμοις

261 1090 764 1162 ὲξκουσσευόμενοι,
801 1093 938 1148 ὥστε
991 1098 1065 1165 μὴ
1117 1099 1340 1159 ἄκοντες
1383 1097 1694 1164 μαρτυρεῖν,
1730 1095 1804 1158 ὡς

258 1181 316 1234 ὲν
352 1180 544 1252 βιϐλίῳ
588 1183 815 1254 εὕρηται
863 1193 968 1251 κα’,
1002 1187 1105 1240 τίτ.
1162 1187 1231 1254 α’,
1263 1187 1578 1256 κεφαλαίοις
1619 1184 1804 1254 διαφό-

260 1288 398 1339 ροις.

257 1362 478 1416 ΑΡΙΣΤ.
536 1383 554 1416 ι
591 1366 884 1434 Κληρικδς,
935 1367 1166 1434 πρᾶγμα
1221 1365 1467 1429 δικάσας,
1498 1366 1545 1418 εί
1591 1365 1803 1434 ἀπαρε-

339 1471 358 1503 ι
399 1470 503 1518 σοι,
568 1456 654 1524 μὴ’
698 1457 968 1510 καλείσθω
1021 1457 1150 1521 περὶ
1205 1455 1370 1509 αὐτοῦ
1422 1455 1559 1524 πρὸς
1599 1471 1801 1524 μαρτυ·⁸

323 1560 342 1593 ι
383 1543 507 1612 ρίαν
549 1547 628 1607 είς
657 1547 1025 1616 δικαστήριον·
1050 1547 1145 1599 καὶ
1191 1547 1328 1609 ὅλως
1350 1544 1803 1614 ἐκκλησιαστικὸν

333 1651 352 1682 ι
393 1632 683 1700 πρόσωπον
747 1635 822 1704 μὴ
885 1635 1160 1705 εναγέσθω
1218 1637 1344 1706 περὶ
1396 1634 1491 1687 τοῦ
1569 1633 1804 1701 ὀφείλειν

331 1739 352 1772 ι
390 1724 706 1792 μαρτυρεῖν.
739 1743 758 1776 ι

334 1810 460 1864 Ἐάν
503 1828 644 1875 τινες
669 1816 817 1885 παρά
858 1832 966 1870 τινι
1014 1816 1121 1869 τῶν
1166 1814 1440 1884 κληρικῶν
1484 1815 1801 1884 δικασθῆναι

1909 643 2030 706 fuit,
2055 642 2121 696 ad
2185 638 2581 710 provocationis
2647 636 2824 691 l’orum
2883 630 3171 688 testimonii
3244 627 3458 683 dicendi

1910 745 2070 787 causa
2094 714 2339 795 trahere;
2382 742 2553 798 neque
2604 734 2861 797 praeterea
2895 721 3179 792 quisquam
3236 734 3302 773 ex
3362 733 3457 772 co-

1910 821 2106 889 gnatis,
2138 819 2238 872 hoc
2265 826 2369 879 est,
2392 815 2759 871 ecclesiastico
2811 810 3018 867 homini
3054 806 3457 880 propinquitate

1909 921 1998 965 aut
2023 911 2125 964 alia
2149 910 2352 964 ratione
2379 907 2717 977 coujnnctus,
2748 907 2812 958 ad
2833 903 3066 957 dandum
3089 898 3457 954 testimonium

1908 1011 2147 1072 cogatur.
2202 1000 2334 1056 Nam
2387 1007 2441 1054 et
2497 1000 2668 1069 legum
2709 997 2946 1051 civilium
2987 995 3205 1049 decreto
3244 988 3460 1060 quidam

1907 1102 2311 1158 enumerantur,
2341 1107 2475 1161 quos
2504 1091 2697 1144 invitos
2727 1089 2790 1144 ad
2844 1085 3209 1142 testimonium
3267 1080 3458 1135 dicen-

1907 1185 2032 1239 dum
2054 1184 2296 1254 compelli
2348 1199 2452 1237 non
2492 1183 2696 1244 sinunt,
2730 1189 2788 1234 ut
2844 1179 2896 1232 in
2956 1177 3050 1232 lib.
3116 1186 3230 1236 ut,
3287 1172 3373 1226 tit.
3405 1171 3456 1235 i,

1906 1276 2133 1330 diversis
2155 1275 2206 1328 in
2239 1274 2500 1341 capitibus
2535 1271 2859 1325 inveniatur.

1905 1365 2131 1419 ARIST.
2177 1382 2195 1416 ι
2228 1364 2486 1427 Clericus,
2510 1363 2599 1432 qui
2630 1375 2848 1416 causam
2875 1358 3156 1427 judicavit,
3190 1356 3235 1410 si
3269 1355 3451 1424 displi-

1981 1472 2000 1506 ι
2031 1463 2134 1518 cet,
2178 1455 2242 1508 ad
2275 1452 2504 1507 dandum
2537 1450 2604 1505 de
2631 1465 2693 1505 ea
2726 1448 3090 1504 testimonium
3127 1446 3192 1500 ad
3222 1443 3453 1498 tribunal

1982 1561 1999 1595 ι
2039 1557 2104 1598 ne
2134 1551 2386 1597 vocetur:
2423 1550 2477 1596 et
2532 1538 2898 1594 ecclesiastica
2950 1536 3170 1590 omnino
3228 1545 3454 1602 persona

1981 1651 1998 1683 ι
2033 1633 2096 1688 ad
2123 1631 2486 1688 testimonium
2537 1629 2866 1685 reddendum
2906 1641 2972 1682 ne
3029 1623 3400 1694 compellatur.
3431 1639 3446 1671 ι

1978 1822 2034 1878 Si
2067 1824 2157 1893 qui
2188 1821 2559 1878 aclericornm
2635 1820 2818 1890 aliquo
2871 1817 3099 1888 iudicari
3155 1816 3452 1885 elegerunt,

257 1901 597 1969 ᾑρετίσαντο,
628 1907 719 1958 καὶ
738 1906 807 1959 τὰ
829 1905 1258 1975 τῆςύποθέσεως
1294 1906 1660 1974 ἀνεκάλυψαν,
1683 1901 1801 1958 εἶτα
1833 1914 1878 1973 Β

1833 1914 1878 1973 Β
1909 1925 1961 1970 et
1985 1928 2206 1969 causam
2241 1927 2398 1967 suam
2431 1911 2756 1973 indicarunt,
2793 1918 2974 1978 postea
3013 1909 3065 1962 in
3100 1906 3298 1978 judicio
3342 1904 3456 1971 eius

255 1990 347 2043 ιπὶ
376 1993 442 2059 τῇ
474 1993 760 2060 διαγνώσει
787 1994 949 2050 αὐτοῦ
984 1996 1397 2066 άπηρὲσθησαν,
1432 1997 1525 2048 καὶ
1564 1994 1802 2064 ἀπῆλθον

255 2081 337 2142 εις
359 2079 420 2132 τδ
450 2083 762 2152 πρόσφορον
789 2086 970 2148 αὐτοῖς
995 2085 1364 2154 δικαστήριον·
1393 2085 1452 2138 οὐ
1485 2085 1803 2138 καλέσουσιν

255 2169 334 2230 εις
361 2173 668 2241 μαρτυρίαν
697 2174 788 2228 τδν
818 2175 1115 2228 δικάσαντα
1158 2173 1438 2243 κληρικδν,
1496 2172 1554 2226 τὸ
1588 2173 1687 2242 μὲν
1728 2172 1799 2236 ὡς

255 2257 818 2331 ῖξκουσσατευόμενον
854 2264 962 2316 ἀπὸ
1001 2263 1094 2316 τοῦ
1134 2263 1323 2333 νόμου,
1373 2263 1468 2316 καὶ
1513 2261 1589 2332 μὴ
1636 2263 1803 2328 ἀναγ-

258 2346 558 2416 καζόμενον
602 2351 870 2416 ἀκουσίως
919 2356 1238 2424 μαρτυρεῖνο
1283 2355 1330 2406 oi
1379 2352 1486 2422 γὰρ
1533 2353 1610 2415 είς
1652 2351 1802 2421 ἱεράν

253 2437 600 2508 λειτουργίαν
633 2441 1071 2513 ἀπησχολημένοι
1102 2445 1325 2506 ἄκοντες
1348 2444 1407 2496 οὐ
1443 2442 1797 2512 μαρτυροῦσι⁸

252 2527 313 2577 τὸ
348 2528 427 2594 δὶ,
465 2531 557 2582 καὶ
605 2531 680 2594 ὡς
709 2533 1066 2603 κωλυόμενον,
1119 2537 1175 2588 ἐν
1200 2528 1242 2602 ᾦ
1277 2531 1622 2604 προσελήφθη
1662 2535 1802 2602 πρά·

253 2630 420 2682 γματι
454 2621 602 2688 παρά
635 2622 739 2674 τῶν
770 2622 950 2692 μερῶν
981 2623 1256 2694 δικαστὴς,
1295 2624 1606 2694 μαρτυρεῖν.

841 2714 1076 2767 ΚΑΝΩΝ
1094 2713 1207 2767 EI”.

260 2815 278 2847 ι
317 2799 451 2868 Περὶ
487 2801 582 2853 τοῦ
623 2802 919 2870 ἀφελέσθαι
949 2805 1016 2858 τὰ
1047 2807 1154 2859 τῶν
1196 2806 1466 2876 Ἑλλήνων
1503 2812 1798 2877 συμπόσια.

329 2909 346 2941 ι
379 2890 616 2944 Κάκεῖνο
639 2892 716 2945 ἔτι
740 2896 846 2963 μὴν
876 2895 957 2946 δεῖ
980 2895 1198 2964 αἰτῆσαι
1223 2899 1371 2966 παρὰ
1401 2898 1506 2951 τῶν
1537 2901 1802 2966 Χριστια-

327 2998 346 3030 ι
387 2981 492 3033 νῶν
516 2982 811 3052 βασιλέων·
837 2985 1023 3055 ἐπειδὴ
1053 2985 1203 3055 παρά
1241 2989 1308 3040 τὰ
1338 2987 1455 3042 θεῖα
1487 2990 1801 3058 παραγγέλ-

327 3088 345 3120 ι
385 3088 532 3140 ματα
586 3075 643 3127 ἐν
678 3075 891 3138 πολλοῖς
927 3076 1113 3139 τόποις
1153 3077 1429 3145 συμπόσια
1476 3077 1648 3142 οὕτως
1710 3084 1802 3135 ικ-

326 3181 343 3212 i
378 3163 680 3229 τελοῦνται,
711 3167 776 3218 εκ
824 3167 920 3236 τῆς
971 3167 1191 3236 ὲθνικῆς
1232 3168 1439 3237 πλάνης
1503 3186 1799 3241 προσενεχ-

323 3271 342 3304 ι
381 3255 567 3319 θέντα,
592 3257 668 3319 ὡς
702 3258 795 3310 καὶ
835 3259 1196 3327 Χριστιανοὺς
1218 3260 1329 3321 τοῖς
1356 3260 1582 3325 Ἕλλησι
1623 3261 1798 3331 λάθρα

331 3362 350 3392 ι
391 3345 764 3413 προσάγεσθαι
793 3346 886 3401 ἐπὶ
915 3350 981 3418 τῇ
1015 3347 1220 3399 τούτων
1253 3348 1439 3417 τελετῇ
1468 3364 1482 3378 ·
1517 3350 1602 3401 ἵνα
1621 3350 1801 3403 κελεύ-

330 3450 347 3482 ι
384 3448 516 3485 σωσι
534 3435 599 3486 τά
611 3451 831 3488 τοιαυτα
852 3434 1156 3505 κωλυθῆναι
1171 3437 1263 3489 καὶ
1276 3439 1338 3488 εκ
1353 3437 1463 3490 τῶν
1479 3438 1688 3492 πόλεων
1707 3441 1800 3491 καὶ

329 3540 346 3570 ε
385 3522 446 3576 ὲκ
474 3523 582 3576 τῶν
604 3526 846 3590 κτήσεων
865 3541 879 3556 ·
912 3526 1144 3595 μάλιστα
1171 3527 1252 3579 ὅτι
1282 3526 1373 3580 καὶ
1397 3527 1453 3581 ὲν
1480 3527 1662 3590 αὐτοῖς
1691 3532 1798 3590 τοῖς

330 3629 347 3661 ι
376 3609 638 3677 γενεσίοις
654 3614 761 3666 τῶν
791 3615 1072 3684 μακαρίων
1106 3616 1396 3686 μαρτύρων
1418 3615 1519 3668 άνά
1533 3632 1679 3679 τινας
1704 3617 1798 3667 πό-

325 3719 340 3749 ι
375 3701 485 3763 λεις
502 3701 595 3753 καὶ
613 3703 689 3760 si;
704 3703 898 3764 αὐτοὺς
910 3704 1035 3766 τοὺς
1060 3705 1102 3755 le
1114 3706 1236 3772 pob;
1262 3699 1458 3764 τόπους
1476 3704 1541 3757 τὰ
1562 3704 1783 3758 τοιαῦτα

329 3808 346 3840 ι
382 3787 716 3859 πλημμελεῖν
786 3791 883 3860 οὐχ
913 3793 1257 3863 ὑφορῶνταιο
1311 3795 1369 3860 ὲν
1400 3791 1487 3859 αἷς
1539 3795 1794 3865 ἡμέραις,

327 3902 344 3932 ι
379 3883 514 3952 ὅπερ
536 3881 630 3934 καὶ
653 3881 832 3949 λέγειν
845 3882 1070 3952 αἰσχύνη
1104 3885 1530 3955 ἔστὶν,όρχήσεις
1555 3885 1798 3954 μυσαρὰς

331 3987 351 4019 ι
383 3971 461 4030 είς
485 3971 611 4031 τοὺς
634 3971 840 4040 ἀγροὺς
860 3972 952 4024 καὶ
969 3974 1046 4035 είς
1066 3973 1164 4043 τὰς
1188 3975 1442 4037 πλατείας
1472 3975 1794 4034 ἐκτελοῦσιν,

326 4078 344 4110 ι
385 4059 527 4113 ὥστε
571 4063 636 4129 τῇ
677 4062 784 4114 τῶν
826 4061 1242 4116 οίκοδεσποινῶν
1295 4067 1450 4133 τιμῇ,
1498 4066 1590 4117 καὶ
1622 4064 1795 4118 ἄλλων

330 4171 349 4200 ι
389 4149 777 4221 ἀναριθμήτων
823 4153 1097 4219 γυναικῶν
1163 4156 1228 4222 τῇ
1299 4154 1438 4206 αίδοῖ
1489 4154 1597 4207 τῶν
1646 4155 1792 4208 εὐλα-

326 4260 343 4290 ‹
383 4241 494 4294 δῶν
549 4243 629 4304 είς
684 4242 782 4310 τὴν
847 4242 1006 4308 ἁγίαν
1050 4243 1260 4312 ἡμέραν
1318 4248 1792 4314 παραγενομένων,

329 4351 345 4380 ι
385 4331 614 4398 λάγναις
653 4330 876 4402 ὕϐρεσιν
909 4331 1154 4401 ὶφορμᾷν
1181 4349 1196 4364 ο
1253 4333 1329 4395 ὡς
1376 4334 1470 4387 καὶ
1502 4335 1668 4403 αὐτῆς
1699 4336 1794 4402 τῆς

324 4441 339 4472 ι
385 4421 547 4490 ἁγίας
613 4405 848 4486 πίστεως
896 4421 1078 4492 σχεδὸν
1149 4422 1442 4491 φεύγεσθαι
1499 4423 1593 4493 τὴν
1633 4442 1770 4492 προσ

321 4533 339 4564 ι
376 4515 608 4568 ἐλευσιν.
649 4533 667 4569 ι

318 4604 514 4661 ΒΔΔΣ.
557 4605 765 4676 Ὠσπερ
820 4605 1058 4675 σήμερον
1114 4606 1172 4660 ἐν
1232 4608 1468 4676 μνήμαις
1522 4608 1690 4674 ἁγίων
1735 4610 1798 4660 οὐ

254 4696 410 4761 μόνον
438 4693 577 4746 κατὰ
608 4695 702 4753 τὰς
734 4695 939 4758 πόλεις,
971 4696 1109 4749 ἀλλὰ
1141 4696 1204 4767 δὴ
1236 4698 1329 4750 καὶ
1368 4697 1508 4749 κατὰ
1539 4698 1637 4759 τὰς
1692 4697 1796 4764 [Eat

246 4782 454 4855 χώρας,
485 4782 1094 4854 γίνονταιπανηγύρεις
1127 4788 1222 4838 καὶ
1273 4786 1642 4856 χοροστασίαι,
1700 4788 1796 4841 καὶ

247 4871 376 4922 ἄλλα
408 4872 530 4925 τινὰ
556 4873 801 4939 παίγνια,
833 4874 1028 4936 οὕτως.
1055 4875 1128 4938 ὡς
1159 4875 1357 4940 ἔοικεν,
1404 4875 1678 4928 ἐτελοῦντο
1704 4875 1798 4928 καὶ

249 4960 484 5013 ἔκπαλαι
511 4977 526 4990 ο
561 4962 698 5031 πλὴν
728 4964 913 5015 ικεῖνα
945 4965 1165 5034 μυσαρὰ
1197 4960 1358 5034 ἦσαν.
1402 4966 1491 5018 Διό
1532 4981 1696 5035 φασιν
1745 4969 1794 5019 oi

248 5049 490 5118 Πατὲρες
520 5048 616 5113 ὡς,
649 5052 770 5104 ἐπεὶ
807 5053 863 5105 ἑν
903 5053 1121 5116 πολλοῖς
1147 5054 1336 5114 τόποις
1359 5055 1633 5119 συμπόσια
1674 5057 1794 5107 ἑπι-

245 5138 550 5200 τελοῦνται,
576 5140 750 5210 ἀρχὴν
774 5141 1041 5211 ἐσχηκότα
1073 5145 1136 5195 ὲκ
1169 5142 1268 5212 τῆς
1306 5143 1625 5212 Ἑλληνικῆς
1655 5145 1792 5197 πλάο

246 5243 359 5295 νης,
391 5222 532 5278 ὥστε
565 5229 622 5279 ὲν
671 5229 852 5290 αὐτοῖς
897 5231 1222 5298 συνάγεσθαι
1275 5233 1366 5284 καὶ
1415 5227 1789 5301 Χριστιανοὺς.

245 5317 335 5368 καὶ
365 5315 637 5369 συντελεῖν
666 5318 840 5370 ταῦτα
887 5321 997 5380 τοῖς
1033 5319 1284 5388 Ἕλλησι,
1325 5323 1443 5374 δέον
1476 5322 1619 5373 ἐστὶν
1657 5323 1785 5374 ὑπο-

247 5403 547 5471 μνησθῆναι
585 5403 712 5466 τοὺς
757 5404 1010 5473 βασιλεῖς,
1052 5407 1136 5460 ίνα
1173 5407 1458 5460 κωλύσωσι
1501 5407 1670 5461 ταῦτα
1700 5411 1793 5462 καὶ

247 5492 446 5558 μᾶλλον
479 5493 562 5545 ὅτι
595 5493 1036 5563 πλημμελοῦνται
1075 5497 1170 5549 καὶ
1218 5499 1297 5559 είς
1345 5499 1526 5566 ίεροὺς
1572 5499 1789 5562 τόπους.

244 5579 538 5648 Συμσαίνει
565 5580 674 5651 γάρ
697 5581 818 5635 οὐδὲ
855 5583 933 5644 είς
969 5584 1267 5653 ἐκκλησίαν
1310 5585 1638 5654 συνάγεσθαι
1691 5589 1791 5649 τὰς

243 5667 635 5736 εὐλαϐεστέρας
688 5669 794 5721 τῶν
848 5672 1124 5737 γυναικῶν
1156 5672 1242 5725 διὰ
1294 5674 1360 5726 τὰ
1413 5674 1660 5736 ἀτάκτως
1696 5679 1787 5727 καὶ

246 5757 569 5827 ἀσχημόνως
631 5759 927 5820 τηνικαῦτα
980 5760 1262 5824 γινόμενα,
1320 5762 1388 5823 ὡς
1463 5764 1566 5813 τῶν
1618 5762 1784 5815 ταῐτα

1907 2019 2010 2059 non
2031 2004 2400 2087 acquiescuntJ
2435 2002 2528 2057 sed
2555 2001 2620 2056 ad
2663 1999 2896 2054 tribunal
2948 1998 3016 2053 iis
3062 2007 3244 2066 aptum
3295 2009 3452 2049 acce-

1907 2093 2074 2148 dunt:
2106 2107 2212 2146 non
2249 2085 2582 2146 vocabuntin
2613 2089 2972 2144 testimonium
3005 2087 3258 2142 clericum
3295 2085 3455 2138 istum

1905 2179 1998 2249 qui
2041 2179 2338 2246 judicavit,
2384 2187 2437 2232 et
2489 2186 2546 2231 ut
2604 2187 2920 2232 excusatum
2984 2191 3012 2228 a
3068 2172 3203 2242 lege,
3246 2179 3300 2227 et
3353 2187 3454 2226 uou

1905 2277 2148 2323 coactum
2176 2269 2340 2323 invite
2364 2269 2728 2324 testimonium
2772 2267 2904 2320 dare
2961 2265 3075 2334 (qui
3106 2265 3247 2318 enim
3300 2277 3457 2318 sacro

1905 2365 2100 2409 vacant
2122 2355 2444 2418 ministerio,
2469 2353 2621 2407 inviti
2653 2368 2758 2407 non
2791 2349 3096 2418 testantur);
3140 2355 3194 2402 et
3247 2356 3304 2400 ut
3332 2361 3453 2414 pro-

1905 2447 2134 2502 hibitum
2163 2446 2213 2500 in
2247 2445 2480 2514 negotio,
2513 2444 2565 2498 in
2599 2458 2704 2513 quo
2732 2458 2760 2496 a
2791 2440 3030 2512 partibus
3056 2447 3307 2508 acceptus
3339 2445 3456 2492 erat

1897 2538 2082 2608 judex,
2123 2534 2716 2593 testimonium‘dicere.

2444 2713 2671 2770 CANON
2730 2710 2909 2768 LXIII.

1912 2821 1928 2854 ι
1959 2800 2027 2855 Ut
2063 2801 2376 2857 auferantur
2407 2800 2712 2855 Graecorum
2745 2798 3010 2853 convivia.
3056 2796 3190 2852 Illud
3235 2803 3451 2866 praeter.

1991 2905 2100 2945 «ea
2177 2903 2206 2941 a
2273 2888 2596 2944 Chrisﬁanis
2665 2886 3078 2956 imperatoribus
3154 2882 3441 2953 petendum

1981 3000 1998 3032 ι
2041 2990 2156 3036 est:
2192 2980 2446 3051 quoniam
2479 2989 2670 3049 praeter
2703 2980 2880 3032 divina
2910 2977 3161 3031 mandata
3189 2975 3238 3028 in
3266 2973 3451 3028 multis

1985 3092 2000 3124 ι
2038 3073 2169 3128 locis
2191 3072 2430 3129 convivia
2467 3071 2547 3125 sic
2577 3079 2930 3139 peraguntur,
2955 3083 3017 3123 ex
3046 3066 3227 3138 gentili
3264 3079 3452 3120 errure

1979 3182 1995 3214 ι
2040 3163 2276 3226 inducta,
2307 3171 2364 3216 ut
2389 3163 2550 3216 etiam
2581 3160 2878 3217 Christiani
2907 3159 2970 3213 ad
3018 3171 3252 3227 paganos
3302 3157 3453 3211 clan-

1989 3271 2005 3302 ι
2047 3251 2227 3306 culum
2275 3252 2329 3304 in
2382 3265 2570 3304 eorum
2618 3247 2985 3302 celebratione
3038 3245 3335 3300 accedant:
3398 3255 3456 3296 ut

1991 3359 2006 3390 ι
2039 3341 2152 3394 haec
2177 3338 2398 3408 jubeant
2425 3347 2479 3392 et
2507 3352 2572 3392 ex
2622 3337 2846 3392 urbibus
2905 3346 2958 3390 et
2994 3352 3058 3391 ex
3091 3335 3453 3404 possessioni-

1977 3453 1993 3478 ε
2031 3430 2130 3484 bus
2181 3428 2394 3493 arceri;
2447 3429 2699 3490 maxime,
2738 3427 2860 3495 quia
2903 3437 2952 3480 et
2995 3426 3046 3479 in
3098 3427 3226 3494 ipsis
3267 3426 3454 3479 heato-

1978 3539 1994 3568 ε
2026 3533 2139 3573 rum
2171 3528 2461 3590 martyrum
2489 3517 2780 3578 natalibus.
2805 3517 2858 3570 iu
2883 3515 3201 3585 quihusdam
3231 3515 3452 3570 urbibus

1987 3628 2005 3658 ι
2037 3609 2273 3664 etiamin
2310 3610 2436 3680 ipsis
2495 3609 2665 3664 sacris
2719 3607 2875 3670 locis,
2927 3604 3188 3673 ejusmodi
3239 3614 3452 3673 peccata

1987 3718 2004 3747 ι
2045 3699 2380 3756 committere
2411 3714 2512 3753 non
2570 3697 2958 3761 reiormiilant;
3008 3697 3060 3749 in
3111 3695 3305 3764 quibus
3339 3695 3456 3747 die-

1975 3807 1992 3837 ‹
2025 3789 2144 3850 bus,
2179 3787 2257 3838 vel
2284 3788 2452 3855 pudor
2478 3788 2792 3850 estdicere,
2836 3786 3196 3841 exsecrandas
3215 3784 3454 3838 saltatio-

1975 3899 1990 3929 ι
2026 3893 2120 3932 nes
2175 3879 2228 3931 in
2256 3878 2400 3946 agris
2435 3888 2486 3931 et
2539 3878 2729 3945 plateis
2782 3884 3057 3944 peragunt,
3108 3885 3165 3929 ut
3220 3882 3450 3928 matrum

1981 3986 1998 4016 ι
2027 3966 2256 4020 familias
2291 3968 2569 4028 honorem,
2597 3977 2650 4021 et
2694 3966 2922 4019 aliarum
2979 3964 3449 4020 innumerabilium

1980 4076 1996 4106 ι
2030 4057 2236 4124 piarum
2259 4056 2563 4119 mulierum,
2584 4071 2704 4124 quas
2727 4063 2916 4110 sancto
2942 4053 3030 4108 die
3053 4055 3266 4114 adsunt,
3295 4067 3450 4107 vere-

1977 4165 1993 4197 ι
2027 4147 2277 4200 cundiam
2335 4147 2548 4200 lascivis
2623 4144 2966 4201 contumeliis
3028 4145 3446 4212 aggrediantur:

1977 4255 1994 4284 ι
2035 4236 2168 4289 adeo
2197 4243 2254 4288 ut
2290 4235 2449 4288 etiam
2488 4234 2654 4302 ipsius
2681 4242 2879 4289 sancta;
2907 4233 3028 4288 tidei
3048 4229 3436 4303 propemodum

1988 4341 2005 4374 ι
2040 4323 2313 4393 aufugiam
2345 4337 2643 4380 accessum.
2665 4341 2684 4374 ι

1971 4600 2163 4656 BALS.
2200 4602 2350 4658 Sicut
2413 4604 2570 4658 hodie
2625 4604 2681 4658 in
2730 4606 3037 4660 sanctorum
3066 4606 3450 4662 anniversariis

1899 4693 2320 4756 celebritatibus,
2346 4708 2449 4746 non
2483 4695 2655 4748 soinm
2683 4695 2736 4749 in
2767 4695 3012 4759 urbibus,
3078 4695 3169 4750 sed
3202 4694 3364 4748 etiam
3395 4695 3447 4747 in

1896 4783 2029 4836 vicis
2056 4791 2106 4834 et
2139 4780 2311 4850 pagis,
2341 4781 2468 4835 ﬁunt
2508 4783 2783 4836 bominmn
2803 4793 3098 4836 conventus
3130 4785 3446 4848 choreaeque

1898 4872 2188 4934 ducuntur,
2217 4881 2268 4926 et
2299 4872 2402 4926 alia
2441 4873 2681 4944 quadam
2717 4873 2921 4927 ludicra
2950 4891 2963 4927 :
2999 4874 3098 4936 sic.
3124 4881 3283 4926 utest
3307 4875 3448 4926 veri-

1896 4961 2090 5026 simile,
2134 4962 2256 5015 olim
2285 4977 2499 5032 quoque
2547 4965 2978 5033 peragebantur;
3025 4965 3117 5018 sed
3174 4978 3234 5018 ea
3293 4975 3448 5017 erant

1894 5052 2241 5115 exsecranda.
2277 5051 2340 5106 Et
2366 5054 2485 5108 ideo
2509 5054 2691 5109 dicunt
2731 5053 2938 5121 Patres,
2987 5055 3125 5124 quod
3189 5051 3442 5125 quoniam

1897 5143 2078 5197 multis
2107 5144 2158 5195 iu
2195 5145 2328 5197 locis
2363 5146 2609 5199 convivia
2645 5155 2994 5214 peraguntur,
3019 5160 3135 5214 qua
3167 5160 3195 5199 a
3255 5144 3442 5198 Graeco

1895 5246 2078 5286 errore
2108 5234 2412 5288 habuerunt
2444 5234 2764 5303 principium
2789 5241 2846 5288 ut
2877 5233 2930 5286 in
2965 5233 3044 5287 eis
3104 5234 3264 5287 etiam
3321 5247 3447 5288 con-

1893 5323 2139 5376 venirent
2166 5322 2478 5384 Christiani,
2513 5330 2565 5375 et
2591 5323 2777 5377 eadem
2838 5339 2958 5376 cum
2989 5321 3190 5377 Gracia
3220 5337 3442 5394 perage-

1892 5418 2044 5466 rent:
2088 5409 2412 5463 admonendi
2477 5417 2602 5464 sunt
2654 5411 3005 5479 imperatores
3055 5418 3112 5463 ut
3156 5423 3217 5463 ea
3262 5411 3439 5478 prohi-

1891 5499 2168 5562 beant;et
2198 5512 2262 5550 eo
2291 5498 2482 5567 magis.
2520 5499 2660 5565 quod
2692 5500 2852 5553 etiam
2888 5499 2939 5552 in
2966 5513 3118 5552 sacra
3172 5497 3285 5552 loca
3318 5512 3441 5567 pec-

1889 5594 2030 5639 cant.
2068 5583 2253 5640 Evenit
2282 5588 2445 5653 enim,
2480 5599 2652 5644 utnec
2683 5589 3046 5659 religiosiores
3087 5589 3336 5645 mulieres
3387 5591 3439 5644 in

1888 5674 2167 5728 ecclesiam
2219 5679 2807 5749 conveniant,pr0pter
2853 5695 2916 5734 ea
2939 5695 3055 5749 qua:
3115 5681 3337 5749 turpiter
3384 5691 3437 5735 et

1888 5765 2139 5820 indecore
2172 5766 2336 5822 ﬁunt:
2362 5784 2555 5840 nempe
2582 5787 2702 5828 cum
2730 5773 2788 5841 ii,
2819 5774 3052 5843 quiluec
3080 5772 3297 5834 audent,
3333 5769 3434 5822 itii-
