4148 6466
336 438 445 501 249

1476 437 1556 495 ΙΝ
1590 436 1753 498 CAN.
1799 438 1941 496 LXV
1980 435 2181 500 CONC.
2215 438 2572 500 CARTIIAG

3479 434 3582 500 2‘50

334 554 417 622 τῷ
448 552 704 624 Τρούλλῳ
741 551 955 606 συνόδου
994 553 1170 606 κανὼν
1202 552 1301 621 τὴν
1328 551 1456 623 ὅλην
1491 553 1765 621 ἑϐδομάδα
1790 553 1886 605 τοὺ

2005 554 2056 606 in
2094 553 2280 607 Trullo
2302 568 2511 608 canone
2564 551 2654 618 66,
2712 566 3021 608 universam
3057 549 3339 607 Paschalis
3379 549 3581 603 hebdo-

340 645 537 713 Πάσχα
569 646 629 696 ἐν
663 645 784 707 ταῖς
808 644 1126 710 ἐκκλησίαις
1154 642 1447 713 σχολάζειν
1498 645 1724 696 ἀπαιτεῖ
1780 647 1903 705 τοὺς

341 738 573 801 πιστοὺς
594 738 653 789 ἐν
671 736 905 806 ψαλμοῖς
944 736 1039 788 καὶ
1061 735 1274 806 ὕμνοις,
1309 739 1403 797 καὶ
1417 736 1515 799 τὰς
1538 736 1907 806 ἱπποδρομίας

338 828 561 881 κωλύει.

337 918 568 973 ΑΡΙΣΤ.
630 937 650 970 ι
685 918 911 989 Θὲατρα
935 919 1247 988 Κυριακατς
1280 917 1377 972 καὶ
1406 920 1623 988 ἑορταῖς
1678 920 1739 971 οὑ
1782 936 1902 972 συν-

943 1031 961 1063 ι
995 1011 1239 1078 ἄγονται.
1279 1029 1297 1061 ι

425 1103 513 1155 Ἐν
578 1102 688 1172 γὰρ
743 1105 866 1167 ταῖς
920 1104 1174 1173 φαιδραϊς
1239 1102 1466 1163 ταύταις
1534 1105 1771 1173 ἡμέραις
1830 1106 1905 1167 είς

336 1194 440 1264 τὴν
495 1194 801 1261 ἐκκλησίαν
847 1196 1059 1263 πρέπον
1094 1196 1209 1245 ἐστὶ
1234 1194 1561 1257 συνάγεσθαι
1614 1198 1740 1257 τοὺς
1767 1196 1905 1264 Χρι-

338 1288 633 1352 στιανούς·
694 1291 786 1343 καὶ
833 1291 891 1343 οὑ
946 1290 1025 1341 δεῖ
1069 1286 1341 1339 τελεῖσθαι
1391 1289 1448 1337 ἐν
1512 1287 1705 1348 αὑταῖς
1750 1288 1909 1338 ἱππο-

336 1380 557 1451 δρόμια.

934 1522 1173 1576 ΚΑΝΩΝ
1204 1520 1323 1579 EE’.

344 1648 363 1679 ι
414 1633 551 1700 Περὶ
592 1631 703 1685 τῶν
734 1633 1251 1701 καταδικαζομένων
1296 1632 1605 1701 -κληρικῶν.
1669 1632 1907 1685 Κάκεῖνο

413 1740 432 1772 ι
479 1724 562 1777 δεῖ
597 1724 842 1793 αἰτῆσαι,
900 1725 989 1777 ἴνα
1029 1724 1213 1793 ὁρίσαι
1263 1724 1701 1788 καταξιώσωσιν,
1768 1724 1908 1777 ὥστε

412 1832 431 1863 ι
481 1814 745 1884 κληρικδν
807 1817 1132 1885 οἱασδήποτε
1186 1815 1356 1884 τιμῆς
1401 1816 1761 1885 τυγχάνοντα,
1821 1817 1908 1866 ἐπ’

414 1924 432 1955 ι
478 1907 780 1974 οίμδήποτε
810 1907 1115 1978 ἐγκλήματι
1141 1912 1206 1977 τῇ
1240 1910 1347 1961 τῶν
1383 1909 1699 1961 ἐπισκόπων
1729 1909 1908 1977 κρίσει

413 2017 431 2047 ι
484 1998 975 2061 καταδικασθέντα,
1044 1998 1118 2068 μὴ
1179 1998 1380 2064 ἐξεῖναι
1444 2000 1537 2051 τὸν
1587 2000 1747 2052 αὑτὸν
1801 2001 1910 2053 εἴτε

405 2104 431 2138 ι
474 2087 626 2158 παρὰ
688 2087 786 2156 τῆς
843 2089 1139 2158 ἐκκλησίας
1185 2084 1253 2158 ἧς
1314 2089 1575 2157 ὑπῆρχεν,
1627 2088 1735 2140 εἴτε
1804 2089 1910 2141 ἀπὸ

411 2196 432 2227 σ
473 2178 792 2248 οίουδήποτε
862 2179 1150 2249 ἀνθρώπου
1205 2180 1591 2233 διεκδικεϊσθαι
1632 2180 1841 2249 ποινῆς.
1874 2181 1906 2249 ῆ

409 2289 427 2321 ι
477 2271 572 2324 ἐπὶ
633 2271 808 2343 τούτῳ
857 2270 1279 2341 παρεντεθείσης
1345 2268 1547 2336 ζημίας
1612 2270 1908 2337 χρημάτων

407 2381 425 2411 ι
474 2362 569 2415 καὶ
593 2363 776 2431 τιμῆς.
807 2364 955 2424 ὅπως
991 2363 1124 2431 μηδέ
1147 2364 1336 2432 κεῖραν
1367 2359 1499 2430 μηδέ
1524 2360 1683 2425 φύσιν
1716 2359 1883 2412 ἁπολο

408 2472 427 2503 ι
476 2456 683 2522 γητέαν
720 2451 857 2507 εἶναι
884 2454 1235 2513 κελεύσωσιν.
1273 2473 1291 2504 ι

403 2544 600 2597 ΒΑΛΣ.
684 2544 951 2613 Κληρικοί
1026 2561 1172 2607 τινες
1248 2545 1743 2609 καταδικασθέντες
1808 2544 1902 2596 ἐπὶ

333 2631 767 2701 ἐγκληματικαῖς
798 2634 1087 2697 αίτιάσεσι,
1114 2634 1208 2687 καὶ
1245 2635 1377 2703 μηδέ
1415 2636 1664 2704 βοήθειαν
1692 2635 1906 2704 ἔχοντες

334 2723 603 2791 ἐκκλήτου
644 2723 809 2793 (οὕτω
843 2724 951 2792 γὰρ
986 2725 1283 2795 ἐκληπτέον
1312 2728 1380 2779 τὰ
1410 2726 1505 2779 τοῦ
1532 2727 1773 2796 κανόνος)
1803 2726 1907 2779 πά-

330 2814 415 2866 λιν
469 2814 679 2884 ὧχλουν
735 2817 1208 2885 ἀποκαταστῆναι.
1304 2818 1508 2887 Ἥρεσε
1588 2816 1717 2883 γοῦν
1792 2818 1905 2881 τοῖς

333 2906 613 2974 Πατράσιν
640 2907 1053 2976 ὑπομνησθῆναι
1086 2908 1213 2968 τοὺς
1244 2906 1503 2975 βασιλεῖς,
1539 2906 1625 2959 ἴνα
1647 2907 1904 2975 ὁρίσωσιν

332 2997 651 3050 ὑποκεῖσθαι
686 3001 841 3066 ποινῇ
873 3001 1184 3067 χρηματικῇ
1237 2998 1328 3051 καὶ
1388 2996 1679 3065 ἀφαιρέσει
1736 2998 1900 3066 τιμῆς

331 3091 458 3151 τοὺς
518 3088 867 3150 ἐκδικοῦντας
918 3089 1164 3151 τούτους,
1228 3088 1899 3156 ἐκκλησιαστικοὺςῆκαὶ

2010 642 2219 695 madam
2244 642 2294 695 in
2326 641 2574 696 ecclesiis
2609 654 2789 711 agere,
2826 650 3146 710 tempusque
3170 638 3391 706 psalmis
3417 644 3581 703 atque

2009 732 2225 801 hymnis
2282 730 2631 786 concinendis
2684 732 3006 796 traducere,
3064 729 3249 784 lldeles
3299 729 3581 798 iubentur,

2008 837 2379 892 equorumque
2413 822 2714 876 certamina
2738 822 3118 891 prohibentur.

2008 913 2230 969 ARiST.
2274 933 2291 966 ι
2324 916 2555 970 Theatra
2616 914 2907 967 Dominicis
2961 922 3017 967 et
3069 913 3219 968 festis
3245 909 3440 966 diebus
3470 924 3580 964 non

2570 1024 2588 1056 ι
2627 1006 2985 1060 celebrantur.
3017 1022 3037 1054 ι

2081 1099 2139 1152 1η
2172 1098 2433 1152 hilaribns
2455 1099 2597 1152 enim
2657 1098 2843 1152 diebus
2900 1097 3017 1149 istis
3046 1096 3099 1147 in
3138 1092 3370 1148 ecclesia
3419 1091 3546 1146 Chri

2009 1190 2216 1243 stianos
2249 1191 2541 1247 conuenire
2576 1190 2731 1245 decet
2765 1207 2779 1243 :
2808 1200 2862 1244 et
2895 1203 3000 1241 non
3040 1196 3252 1256 oportet
3280 1186 3489 1255 equiria
3515 1183 3569 1237 in

2010 1281 2078 1334 iis
2106 1280 2393 1334 celebrari.

2462 1540 2627 1611 599
2684 1536 2916 1595 canon
2963 1536 3123 1591 va.

2020 1658 2141 1709 ille.
2205 1654 2443 1717 clericis,
2499 1655 2589 1723 qui
2658 1654 3113 1715 condemnamur.
3188 1649 3323 1705 Illud
3363 1664 3579 1717 quoque

2101 1770 2117 1801 ι
2152 1749 2438 1817 petendum
2464 1757 2568 1811 est,
2596 1757 2652 1799 ut
2692 1754 2933 1801 statuere
2957 1744 3273 1811 dignentur,
3305 1757 3372 1794 ne
3400 1741 3580 1803 liceat,

2090 1864 2116 1889 ιι
2151 1841 2413 1895 clericum
2479 1852 2858 1908 quemcunque
2904 1837 3162 1888 honorem
3217 1828 3577 1895 obtinentem,

2102 1954 2118 1983 ι
2151 1934 2205 1986 in
2239 1946 2565 2002 quocunque
2581 1928 2808 1982 crimine
2832 1928 3205 1996 episcOporutn
3226 1924 3433 1990 judicio
3448 1938 3579 1978 con-

2094 2043 2111 2073 ι
2153 2020 2593 2082 demnatnm,vel
2618 2021 2684 2073 ab
2732 2019 2957 2073 ecclesia
3006 2017 3159 2085 cujus
3193 2015 3315 2079 fuit,
3367 2014 3452 2068 vel
3507 2013 3574 2067 ab

2104 2135 2121 2165 ι
2160 2115 2271 2168 ullo
2299 2114 2517 2168 homine
2544 2111 2761 2165 liberari
2791 2127 2819 2163 a
2846 2124 3036 2179 poena;
3061 2105 3261 2174 alioqui
3307 2108 3450 2158 hunc
3485 2118 3578 2159 oe-

2096 2226 2114 2257 ι
2145 2205 2302 2257 cunia
2330 2204 2669 2273 et.dignitate
2703 2200 2942 2261 multari,
2980 2213 3081 2253 nec
3110 2206 3320 2251 aetatem
3356 2210 3453 2250 nec
3484 2209 3580 2248 Ia-

2105 2316 2122 2347 ι
2162 2307 2338 2349 turam
2364 2293 2729 2349 excusandam
2756 2306 2878 2347 csse
2909 2290 3189 2358 jubeant.»

2086 2559 2283 2614 BALS.
2344 2556 2537 2611 Clerici
2593 2554 2812 2623 quidam
2866 2553 2917 2605 in
2966 2550 3149 2605 causis
3206 2547 3580 2602 criminalibns

2011 2648 2378 2708 condemnati.
2402 2657 2455 2701 et
2478 2661 2576 2699 nec
2606 2643 2986 2713 appellationis
3016 2641 3276 2695 auxilium
3304 2639 3570 2695 habentes

2008 2744 2107 2812 (ita
2150 2752 2235 2795 est
2295 2740 2436 2793 enim
2489 2736 2867 2805 intelligendus
2917 2734 3112 2800 canon)
3172 2733 3378 2787 restitui
3430 2741 3577 2786 sata-

2006 2835 2223 2903 gebant.
2261 2831 2471 2885 Placuit
2528 2844 2657 2895 ergo
2722 2828 3000 2888 Patribus,
3058 2826 3412 2893 imperatores
3474 2823 3572 2875 ad-

2006 2925 2234 2987 moneri,
2284 2932 2340 2977 ut
2373 2929 2611 2976 statuant
2638 2934 2810 2987 paena:
2842 2918 3169 2985 pecuniaria:
3195 2926 3251 2969 ct
3285 2914 3572 2982 privationi

2005 3016 2224 3069 honoris
2255 3028 2349 3069 eos
2378 3012 2591 3081 subjici,
2625 3011 2714 3077 qui
2759 3010 2878 3062 illos
2911 3007 3210 3060 defendunt
3234 3022 3296 3060 ac
3324 3005 3576 3067 liberant,

2005 3108 2118 3160 sive
2149 3106 2259 3158 sint
2286 3101 2666 3159 ecclesiastici,
2695 3099 2810 3152 sive
2837 3098 3001 3151 etiam
3038 3095 3152 3158 alii,
3211 3097 3579 3163 cujuscunque

330 3179 570 3248 ἐτέρους,
597 3178 699 3231 κᾶν
738 3179 854 3241 οἵας
903 3168 1003 3231 ὧσι
1034 3178 1242 3248 κείρας,
1281 3179 1446 3249 ἤγουν
1480 3177 1716 3247 ἡλικίας,
1746 3177 1778 3245 ἢ
1804 3177 1898 3230 καὶ

2004 3200 2111 3253 sint
2139 3196 2317 3251 aetatis
2350 3197 2431 3247 vel
2458 3202 2684 3245 natura.

330 3288 563 3341 φύσεως.

402 3363 648 3417 ΖΩΝΑΡ.
690 3365 939 3433 ’ῌτησαν
986 3363 1033 3413 οἱ
1071 3361 1311 3427 Πατέρες
1378 3361 1665 3431 ὁρισθῆναι
1722 3358 1899 3411 καὶτὸ

332 3455 538 3524 μηδένα
569 3454 827 3525 κληρικὸν
856 3451 1321 3522 καταδικασθέντα
1371 3454 1521 3521 παρὰ
1548 3451 1640 3504 τοῦ
1672 3450 1901 3503 ἐπισκό-

327 3563 431 3597 που
461 3545 627 3597 αὑτοῦ
660 3545 752 3596 ἐπί
774 3562 879 3596 τινι
912 3542 1222 3611 ἐγκλήματι
1251 3541 1641 3594 διεκδικείσθαι
1685 3541 1717 3608 ἢ
1751 3539 1900 3609 παρὰ

325 3640 422 3707 τῆς
452 3635 748 3704 ἐκκλησίας
802 3630 869 3705 ἧς
900 3635 1114 3702 ὑπῆρχε
1179 3635 1459 3701 κληρικὸς.
1490 3634 1522 3701 ἢ
1558 3632 1711 3699 παρά
1755 3646 1899 3691 τινος

328 3728 623 3798 ἀνθρώπου
676 3726 933 3779 δυνάστου
994 3726 1175 3792 τυχόν·
1236 3724 1330 3775 καὶ
1400 3722 1602 3791 ζημίαν
1660 3712 1901 3785 ἠξίωσαν

328 3817 468 3870 κατὰ
498 3816 592 3868 τοῦ
624 3813 969 3874 ἐκδικοῦντος
1002 3813 1163 3865 αὑτδν
1215 3811 1497 3880 ὁρισθῆναι
1527 3810 1619 3862 καὶ
1650 3812 1727 3871 εἰς
1762 3811 1900 3878 χρή-

330 3925 474 3976 ματα
511 3908 607 3959 καὶ
637 3906 713 3968 εἰς
748 3906 933 3974 τιμήν·
961 3902 1101 3955 ὥστε
1162 3903 1253 3954 καὶ
1302 3905 1557 3972 γρήματα
1605 3903 1695 3954 τὸν
1743 3902 1900 3953 τοῦτο

327 4002 503 4052 ποιεῖν
545 3996 931 4067 ἐπιχειροῦντα
961 3994 1217 4063 ζημιοῦν,
1251 3996 1345 4046 καὶ
1396 3998 1473 4056 εἰς
1524 3994 1688 4062 τιμὴν
1732 3992 1897 4046 αὑτοῦ

325 4088 661 4159 κινδυνεύειν
715 4088 1097 4155 ἀτιμούμενον.
1154 4085 1263 4138 Καὶ
1324 4080 1459 4154 μήτε
1524 4085 1738 4153 ἡλικίαν
1778 4083 1898 4135 τινὰ

326 4178 724 4249 προόάλλεσθαι
780 4181 856 4239 είς
912 4177 1203 4244 ὠφέλειαν,
1277 4176 1439 4244 τυχόν
1493 4176 1573 4227 ὅτι
1632 4174 1747 4234 νέος
1774 4169 1896 4243 ἧνὸ

326 4270 557 4339 ποιήσας
585 4269 765 4331 τοῦτο,
790 4271 822 4339 ἦ
851 4271 1026 4339 γέρων
1074 4267 1239 4331 πάνυ,
1277 4268 1369 4319 καὶ
1416 4266 1532 4318 δέον
1566 4264 1729 4316 αὑτὸν
1762 4279 1895 4328 συγ-

326 4360 639 4425 γνωσθῆναι
696 4359 781 4410 διὰ
847 4360 943 4427 τὴν
1008 4358 1224 4424 ἠλικίαν
1273 4359 1471 4425 (κεῖραι
1538 4358 1645 4423 γὰρ
1711 4355 1895 4422 ἡλικία

326 4454 496 4516 ἐστὶν,
535 4452 610 4513 ὡς
641 4450 907 4516 πολλαχοῦ
956 4447 1191 4515 εἴρηται)
1230 4449 1365 4514 μήτε
1417 4446 1503 4498 διὰ
1541 4445 1637 4511 τὴν
1694 4444 1893 4510 φύσιν,

2077 3370 2335 3430 ZONAR.
2371 3371 2633 3423 Praeterea
2669 3382 2913 3437 nequem
2957 3365 3211 3420 clericum
3246 3378 3276 3417 a
3312 3377 3411 3417 suo
3460 3364 3577 3427 cpi-

2005 3478 2169 3531 scopo
2194 3462 2264 3516 ob
2321 3461 2526 3515 crimen
2580 3459 2797 3523 aliquod
2860 3456 3303 3516 condemnatum;
3363 3464 3451 3505 aut
3508 3457 3574 3509 ab

2004 3555 2257 3617 ecclesia,
2290 3550 2714 3620 cnjus.clericus
2771 3548 2968 3608 fuerat,
3009 3554 3102 3597 aut
3156 3544 3223 3595 ab
3281 3543 3387 3595 alio
3435 3542 3574 3603 viro,

2003 3648 2231 3717 dynasta
2264 3644 2422 3706 forte,
2454 3638 2658 3693 absolvi
2701 3638 2883 3700 liceat,
2913 3634 3102 3687 Patres
3128 3632 3345 3687 decerni
3379 3632 3571 3685 volue-

2004 3745 2129 3789 runt
2179 3736 2257 3787 Ac
2310 3734 2355 3787 si
2389 3732 2511 3799 quis
2544 3728 2819 3782 hominem
2851 3726 3168 3786 absolverit,
3215 3739 3337 3778 cum
3390 3730 3444 3776 et
3478 3737 3574 3789 pe-

2004 3825 2159 3877 cunia
2190 3821 2349 3876 simul
2379 3830 2433 3875 et
2464 3820 2722 3887 dignitate
2759 3817 3011 3882 multari;
3060 3816 3130 3867 ita
3166 3826 3222 3868 ut
3262 3816 3571 3883 quicunque

2006 3914 2053 3963 id
2094 3926 2378 3979 aggressus
2410 3908 2597 3971 fuerit,
2629 3918 2684 3961 et
2710 3907 2937 3975 pecunia
2976 3905 3254 3966 multetur,
3278 3916 3323 3955 et
3362 3904 3570 3955 honore

2005 4004 2266 4070 spoliatus
2299 4002 2612 4068 dignitatem
2642 4000 2881 4051 amittat.
2908 3997 3093 4063 Neque
3119 4010 3263 4059 vero,
3297 4002 3391 4046 aut
3438 4002 3569 4046 a-ta-

2005 4097 2073 4148 tis
2122 4092 2525 4148 excusationem
2554 4090 2805 4145 admitti:
2851 4086 3000 4156 puta,
3061 4088 3199 4155 quod
3255 4085 3572 4138 adolescens

2003 4189 2312 4249 admodum,
2364 4186 2452 4252 qui
2493 4185 2543 4237 id
2597 4182 2744 4245 fecit,
2798 4182 2879 4235 vel
2929 4180 3121 4234 at'l‘ccta
3176 4188 3333 4231 mtatc
3382 4179 3471 4237 sit,
3511 4193 3575 4231 ac

2001 4285 2284 4347 propterea
2322 4275 2528 4328 crimen
2564 4274 2706 4325 relati
2734 4270 3029 4324 condonari
3085 4279 3333 4337 oporteat
3390 4272 3572 4337 (χεῖρα

2001 4381 2234 4434 namque
2288 4374 2500 4417 :etatem
2550 4362 2821 4431 signiﬁcat
2886 4371 2942 4413 ιιι
2992 4375 3133 4429 smpe
3187 4358 3443 4425 diximus)
3481 4369 3574 4410 ant

2001 4472 2188 4517 sexus,
2223 4456 2388 4510 veluti
2416 4455 2611 4522 qnoda
2674 4454 2899 4506 muliere
2952 4452 2999 4505 id
3035 4450 3244 4504 facinus
3292 4460 3563 4518 patratum

323 4540 433 4596 οἷον
468 4543 551 4595 ὃτι
582 4540 715 4609 γυνὴ
769 4536 835 4610 ἧν
867 4542 899 4607 ἡ
946 4538 1102 4589 τοῦτο
1149 4538 1448 4605 ποιήσασα.
1508 4535 1580 4586 Τὸ
1613 4535 1668 4585 δὲ
1701 4534 1895 4585 δεεκδιο

2004 4550 2090 4603 sit.
2122 4547 2251 4601 lllttd
2284 4556 2467 4598 autent
2527 4544 2751 4597 verbum
2805 4542 3216 4602 διεκδικεῖσθαι,
3260 4540 3362 4593 hoc
3429 4540 3571 4601 loco,

324 4634 540 4687 κεῖσθαι
574 4630 805 4685 ἐνταῦθα
827 4632 945 4701 οὐχὶ
986 4631 1044 4681 τὸ
1073 4626 1577 4697 ἀντιλαμϐάνεσθαι
1609 4625 1706 4677 τοῦ
1730 4642 1895 4677 κατα-

325 4723 671 4785 δικασθέντος
701 4724 839 4783 ἐστὶ,
867 4723 1114 4787 λέγοντος
1143 4718 1451 4773 ἀδικεῖσθαι
1483 4717 1575 4768 καὶ¹
1608 4716 1894 4783 ζητοῦντος

324 4816 592 4883 ἔκκλητον
618 4813 769 4873 ἴσως·
811 4814 858 4865 εί
884 4812 988 4881 γαρ
1022 4810 1176 4862 τοῦτο
1214 4809 1361 4861 εἴποι
1414 4824 1515 4868 τις,
1555 4805 1767 4866 πολλοῖς
1798 4821 1895 4856 κα-

325 4907 472 4958 νόσιν
519 4903 997 4971 ἐναντιωθήσεται,
1046 4903 1158 4961 τοῖς
1209 4898 1408 4951 διδοῦσι
1468 4897 1581 4957 τοῖς
1617 4894 1893 4963 κληρικοῖς

325 4999 589 5065 ἔκκλητον
621 4994 967 5064 αίτιωμένοις
1024 4994 1119 5051 τὰς
1155 4992 1368 5059 ψήφους
1416 4988 1525 5039 τῶν
1573 4987 1891 5039 ἐπισκόπων

325 5090 533 5143 αὑτῶνο
565 5088 700 5141 ἀλλὰ
745 5087 828 5149 τὸ,
884 5084 1105 5145 δικαίως
1138 5082 1230 5136 τοῦ
1279 5080 1542 5151 κὶςηρικοῦ
1604 5079 1896 5131 καταδικα-

326 5181 571 5242 οθέντος,
600 5178 829 5231 κωλύειν
858 5178 977 5227 τινὰ
1008 5174 1396 5243 ἐκϐιϐασθῇναι
1427 5172 1523 5243 τὴν
1569 5171 1747 5239 ψῆφον
1796 5169 1891 5223 τοῦ

324 5271 622 5324 ἐπισκόπου
653 5268 794 5339 χειρὶ
820 5266 1120 5336 χρώμενον.

327 5380 553 5434 ΔΡΙΣΤ.
594 5397 614 5429 ι
661 5376 957 5448 Κληρικδς,
1008 5376 1309 5429 ἐπισκόπου
1372 5375 1549 5444 κρίσει
1600 5375 1895 5427 καταδικα-

543 5488 563 5520 ι
610 5468 780 5531 σθεὶς,
811 5469 962 5537 παρὰ
1012 5467 1239 5536 μηδενὸς
1269 5466 1610 5521 ἐκδικείσθω.
1659 5485 1679 5516 ι

406 5561 465 5614 Ὀ
526 5557 951 5618 καταδικασθεὶς
1005 5556 1091 5609 ἐπ’
1121 5556 1429 5624 ἐγκλήμασι
1490 5557 1621 5624 παρ’
1673 5556 1892 5607 ἐπισκό-

326 5667 426 5703 που
454 5648 739 5717 κληρικὸς,
783 5649 831 5701 εί
878 5647 974 5717 μὲν
1017 5648 1189 5699 οἴεται
1248 5644 1576 5711 ἀδικεῖσθαι,
1641 5646 1889 5698 ἐκκαλεξ·

329 5744 457 5803 σθω,
509 5738 839 5802 αὑθεντεκῶς
898 5738 949 5791 δὲ
1009 5737 1121 5806 μετ’
1172 5737 1419 5802 ἐξουσίας
1452 5737 1525 5807 μὴ
1575 5736 1723 5807 ποιρά
1748 5753 1889 5798 τινος

330 5829 665 5884 ὶκδικεὶεθω.

2004 4655 2105 4694 non
2138 4653 2233 4708 pro
2262 4652 2326 4691 eo
2358 4637 2609 4698 sumitur,
2636 4636 2780 4703 quod
2825 4645 2907 4688 est
2942 4631 3193 4698 alicujus,
3254 4631 3343 4699 qui
3400 4646 3458 4683 se
3491 4631 3572 4681 in-

1991 4732 2137 4801 juste
2166 4730 2485 4784 damnatum
2526 4737 2804 4795 queratur,
2866 4726 3078 4790 sibique
3132 4721 3567 4791 provocationem

2002 4821 2115 4874 dari
2148 4820 2402 4891 postulet,
2431 4818 2791 4887 patrocinium
2836 4816 3155 4882 suscipere;
3195 4813 3247 4864 id
3306 4812 3448 4865 enim
3479 4811 3570 4877 qui

2000 4914 2218 4973 dixerit,
2257 4912 2439 4965 multis
2470 4909 2771 4963 caunnihus
2801 4905 3193 4967 adversabitur,
3258 4902 3471 4969 quibus,
3527 4901 3569 4952 si

2002 5002 2179 5053 minus
2214 5002 2592 5069 episcoporum
2625 4997 2904 5049 sententia:
2960 4995 3143 5047 clerici
3191 4992 3565 5060 acquiescant,

1999 5092 2202 5142 eisdem
2233 5088 2546 5158 provocatio
2581 5086 2934 5139 conceditur:
2974 5085 3066 5137 sed
3107 5092 3211 5144 est,
3244 5082 3387 5149 juste
3440 5094 3569 5130 cnn-

2000 5177 2251 5229 dcmnatu
2282 5176 2501 5237 clerico,
2538 5175 2773 5242 cpiSt'Opi
2811 5172 3093 5225 sententia:
3155 5169 3561 5223 exsecutionem

2000 5268 2048 5319 vi
2080 5282 2404 5333 quemquam
2426 5278 2479 5319 et
2529 5266 2695 5318 armis
2741 5265 3023 5333 impedire.

1999 5378 2227 5434 ARIST.
2270 5379 2563 5438 «'Clericus
2590 5378 2827 5447 episcopi
2849 5376 3054 5446 judicio
3093 5373 3495 5436 condemnatus,
3526 5389 3553 5425 a

2448 5487 2466 5518 ι
2508 5467 2723 5521 nemine
2748 5465 3018 5518 liberetur.
3047 5480 3066 5513 ι

2071 5558 2330 5623 Clericus,
2362 5558 2451 5626 qui
2481 5560 2549 5610 oh
2582 5556 2789 5625 {delicta
2842 5558 2908 5609 ah
2958 5556 3209 5623 cpiscrtpo
3238 5551 3564 5605 condemna-

2002 5657 2107 5708 tur,
2135 5648 2175 5699 si
2209 5648 2307 5700 sibi
2343 5646 2776 5715 videturinjnria
2832 5642 3077 5708 allectus,
3135 5642 3387 5713 appellet,
3440 5654 3561 5690 cuin

2000 5738 2320 5791 auctoritate
2363 5747 2540 5791 autem
2590 5747 2640 5792 et
2675 5749 2936 5806 potestate
2992 5756 3019 5792 ιι
3077 5735 3328 5806 quoniam
3388 5746 3453 5785 ne
3496 5731 3561 5784 li-

2001 5830 2145 5881 l‘trt't'l
2160 5846 2236 5881 ιη’.
