4148 6470
246 392 364 456 265

327 617 348 651 ε
387 599 542 652 τοῦτο
570 596 974 666 συμϐάλλεσθαι
1014 596 1078 662 τῇ
1107 592 1220 645 τῶν
1248 589 1594 660 Χριστιανῶν
1623 589 1821 656 εἰρήνῃ

327 709 352 746 ε
390 691 613 760 φανείη,
647 691 704 742 tv
747 690 866 749 ταῖς
915 685 1078 747 ἰδίαις
1145 687 1334 753 τιμαῖς
1382 683 1587 743 αὐτοὺς
1638 678 1828 733 ἀναδε-

337 801 356 834 ι
399 781 629 852 χθῆναιο
658 778 838 840 καθὼς
876 777 970 829 καὶ
1015 778 1072 829 tv
1103 779 1212 834 τοῖς
1247 770 1583 843 προλαϐοῦσι
1611 771 1822 839 χρόνοις

337 891 356 923 ε
403 871 533 940 περὶ
569 873 667 938 τῆς
709 868 878 936 αὐτῆς
908 866 1248 925 διαστάσεως
1299 861 1556 929 γενέσθαι
1597 857 1828 927 φανερόν

337 984 358 1016 ε
399 965 547 1017 ἐστιν
576 980 591 995 ο
634 964 770 1029 ὅπερ
814 959 1028 1012 πολλῶν
1082 957 1179 1010 καὶ
1223 955 1410 1024 σχεδὸν
1471 950 1666 1006 πασῶν
1712 949 1826 1003 τῶν

341 1075 361 1107 ε
407 1058 466 1108 tv
489 1058 556 1124 τῇ
592 1054 828 1122 ’Δφρικῇ
877 1050 1208 1117 ἐκκλησιῶν,
1259 1049 1317 1098 tv
1377 1041 1462 1106 αἷς
1512 1045 1546 1114 ἡ
1599 1041 1826 1109 τοιαύτη

342 1164 362 1196 ε
406 1144 580 1212 πλάνη
611 1141 844 1209 άνεφύη,
876 1141 946 1192 τὰ
968 1137 1397 1209 παραδείγματα
1435 1131 1822 1204 μαρτύρονται·

342 1254 362 1286 ε
403 1235 498 1303 οὐχ
523 1234 610 1286 ῖνα
651 1235 685 1302 ἡ
717 1231 935 1293 σύνοδος
967 1233 999 1299 ἡ
1033 1231 1088 1282 tv
1119 1230 1229 1289 τοῖς
1272 1224 1679 1296 περαματικοῖς
1735 1218 1830 1287 μέ-

350 1347 369 1378 ι
411 1343 527 1398 ρεσι
591 1326 720 1394 περὶ
769 1323 960 1375 τούτου
1017 1319 1110 1373 τοῦ
1186 1319 1510 1388 πράγματος
1565 1311 1832 1380 γενομένη

343 1436 363 1467 ι
401 1414 647 1483 διαλυθῇ,
691 1412 804 1466 ἀλλ’
838 1412 925 1464 ἵνα
956 1410 1132 1462 έκεῖνο
1167 1406 1326 1475 μείνῃ
1359 1403 1485 1474 περὶ
1514 1403 1640 1463 τοὺς
1660 1399 1831 1459 οὕτως

346 1525 366 1556 ι
407 1505 682 1575 μετελθεῖν
712 1503 847 1572 πρὸς
886 1501 984 1569 τὴν
1019 1498 1312 1563 καθολικὴν
1351 1492 1676 1561 Ἐκκλησίαν
1709 1492 1832 1558 βου-

343 1615 362 1647 t
400 1595 676 1665 λομένους,
707 1594 846 1645 ὥστε
896 1590 1166 1660 μηδεμίαν
1191 1589 1282 1639 ἐπὶ
1311 1587 1515 1639 τούτων
1566 1583 1666 1651 τῆς
1724 1580 1837 1633 ἑνό-

350 1707 368 1737 ε
409 1701 570 1754 τητος
599 1683 887 1752 συντομίαν
919 1675 1396 1750 περιεργάζεσθαι.
1415 1675 1491 1726 Δι’
1509 1666 1582 1726 ὧν
1603 1673 1658 1724 δι
1675 1667 1837 1724 παντὶ

348 1797 367 1830 ε
404 1778 586 1848 τρόπῳ
621 1774 1002 1842 ἐκτελεσθῆναι
1035 1771 1128 1822 καὶ
1180 1765 1588 1837 προσσοηθῆναι
1644 1762 1677 1830 ἡ
1706 1759 1838 1812 καθ-

1271 390 1348 450 IN
1390 387 1550 450 CAN.
1590 384 1776 448 LXXI
1856 383 2063 448 CONC.
2107 381 2475 444 CARTIIAG.

323 529 344 561 ε
383 509 531 578 αὐτῷ
561 510 711 574 τόπῳ
753 505 1120 577 κυϐερνῶντος
1177 505 1274 573 τὴν
1324 502 1671 572 Ἐκκλησίαν,
1724 500 1820 554 εὰν

1999 518 2015 548 ι
2047 499 2343 554 honoribus
2429 499 2827 569 sust-ipiantur:

3382 379 3486 444 256

2907 501 3352 570 quemadmodum
3430 506 3484 556 in

2000 607 2016 637 ι
2055 591 2325 658 prioribus
2389 592 2717 660 tetnpOribus
2773 596 2838 647 de
2894 596 3082 646 eadem
3142 595 3481 648 dissensione

2003 698 2020 728 ε
2059 679 2256 733 factum
2325 696 2446 736 esse
2506 683 2845 736 manifestum
2901 693 3015 745 est;
3078 686 3220 752 quod
3271 685 3485 752 quidem

2001 790 2017 820 ι
2059 771 2348 825 multarum
2399 783 2556 842 atque
2583 775 2716 827 adeo
2741 772 2852 826 l'ere
2908 775 3148 827 omnium
3197 775 3251 828 in
3309 776 3486 829 Africa

2002 875 2020 907 ι
2054 859 2425 926 ecclesiarum,
2503 863 2555 914 in
2584 862 2777 928 quibus
2819 861 2906 915 hic
2940 877 3093 916 error
3133 871 3354 916 exortus
3383 874 3488 928 est,

2017 967 2033 998 ι
2069 949 2312 1019 exempla
2345 960 2630 1004 testantur.
2656 950 2769 1007 Non
2797 963 2854 1004 ut
2887 954 3146 1023 synodus,
3186 969 3302 1021 qua:
3343 955 3408 1007 de
3428 969 3489 1006 ea

2016 1062 2032 1094 ι
2064 1057 2122 1096 re
2155 1041 2296 1096 facta
2336 1053 2428 1097 est
2455 1043 2510 1096 in
2555 1046 2933 1098 transmarinis
2985 1046 3248 1110 partibus,
3304 1046 3488 1101 dissol-

2006 1153 2024 1186 ι
2058 1147 2250 1198 vatur;
2281 1133 2372 1187 sed
2429 1145 2486 1186 ut
2539 1133 2666 1186 illud
2699 1145 2914 1188 maneat
2947 1135 3088 1203 apud
3131 1150 3245 1198 eos,
3278 1137 3367 1203 qui
3415 1138 3490 1190 sic

2009 1242 2026 1275 ι
2063 1224 2246 1277 volunt
2289 1224 2352 1276 ad
2397 1223 2716 1277 catholicam
2766 1225 3063 1278 Ecclesiam
3133 1228 3386 1291 transire,
3435 1237 3494 1281 nt

2018 1333 2034 1363 ε
2076 1313 2271 1366 nullam
2307 1314 2446 1366 ineo
2487 1312 2699 1367 unionis
2731 1314 3097 1368 concisionetn
3149 1315 3364 1369 emciat.
3396 1315 3496 1369 Pcr

2012 1419 2192 1472 «quos
2216 1413 2394 1456 autem
2451 1405 2700 1458 omnibus
2738 1405 2910 1458 modis
2965 1403 3098 1458 elIici
3149 1417 3202 1459 et
3256 1408 3496 1474 adjuvari

2013 1514 2030 1546 ι
2065 1496 2386 1551 catholicam
2424 1497 2697 1559 unionem,
2745 1497 3033 1550 manifesto
3061 1498 3211 1552 lucro
3233 1499 3498 1553 fraterna-

2015 1603 2034 1635 ι
2071 1600 2186 1637 rum
2222 1586 2876 1653 animarum,apparuerit
2897 1585 2946 1637 in
2971 1585 3033 1638 iis
3059 1586 3190 1640 locis
3222 1587 3275 1640 in
3305 1590 3496 1656 quibus

2016 1693 2033 1724 ι
2065 1674 2285 1741 degunt,
2316 1691 2380 1729 ne
2420 1689 2512 1728 eos
2537 1677 2792 1745 impediat
2821 1680 2963 1744 quod
3004 1679 3262 1732 adversus
3313 1694 3497 1732 eorum

2020 1784 2036 1816 ι
2074 1766 2306 1820 honores
2329 1767 2380 1819 in
2411 1770 2768 1822 transmarina
2798 1771 3003 1838 synodo
3021 1771 3370 1824 constitutum
3397 1779 3499 1824 cst:

347 1889 364 1920 ι
402 1843 570 1936 ολικὴν
609 1866 792 1932 ἑνότης
855 1861 1073 1930 φανερῷ
1142 1858 1322 1928 κέρδει
1374 1856 1483 1908 τῶν
1534 1849 1836 1917 άδελφικῶν

2015 1875 2036 1909 ι
2067 1858 2499 1926 quandoquidem
2541 1860 2686 1912 salus
2719 1859 2843 1912 nulli
2887 1875 3128 1926 persona:
3157 1861 3373 1915 exclusa
3396 1871 3502 1915 est.

343 1977 363 2011 ε
399 1957 582 2027 ψυχῶν
611 1956 805 2024 φανείη
829 1954 886 2004 ὲν
915 1953 1029 2012 τοῖς
1057 1949 1262 2011 τόποις,
1293 1941 1374 2008 οἷς
1425 1943 1723 2009 διάγουσιν,
1761 1938 1834 2007 μὴ

342 2067 362 2099 ι
406 2047 672 2117 ὲμποδίσῃ
691 2045 912 2101 τούτους
944 2042 1005 2094 τὸ
1048 2039 1268 2110 ὁρισθὲν
1315 2037 1458 2090 κατὰ
1489 2035 1596 2087 τῶν
1654 2030 1835 2098 τιμῶν

344 2155 363 2186 ι
407 2134 586 2189 αὐτῶν
645 2135 702 2184 tv
735 2134 800 2202 τῇ
856 2129 1207 2199 περαματικῇ
1257 2125 1478 2192 συνόδῳ,
1528 2121 1730 2174 δπόταν
1776 2118 1836 2170 τὸ

348 2242 368 2274 ι
411 2221 650 2290 σωθῆναι
704 2220 884 2272 οὐδενὶ
913 2216 1194 2286 προσώπῳ
1227 2205 1836 2270 άποκέκλεισται,τοῦτ’

348 2331 366 2362 ε
409 2312 558 2364 εστιν
589 2312 675 2364 ῖνα
705 2311 757 2362 oi.
784 2305 1252 2378 χειροτονηθέντες
1300 2303 1358 2355 tv
1387 2301 1466 2370 τῷ
1499 2301 1608 2352 τῶν
1666 2300 1836 2350 Δονα-

348 2422 368 2453 ε
412 2400 609 2453 τιστῶν
627 2400 809 2468 μέρει,
847 2398 943 2450 ἐὰν
970 2397 1107 2466 πρὸς
1162 2395 1260 2464 τὴν
1305 2389 1603 2460 καθολικὴν
1654 2389 1836 2440 πίστιν

351 2512 370 2543 ι
410 2491 789 2563 διορθωθέντες
828 2487 1108 2558 μετελθεῖν
1136 2486 1434 2554 θελήσοιεν,
1468 2482 1543 2551 μὴ
1572 2480 1713 2534 κατὰ
1740 2479 1838 2548 τὴν

352 2601 373 2634 ε
413 2579 798 2650 περαματικὴν
866 2578 1085 2630 σύνοδον
1153 2575 1228 2645 μὴ
1283 2573 1545 2643 δεχθῶσιν
1598 2573 1656 2624 tv
1717 2571 1838 2628 ταῖς

354 2691 373 2722 ι
409 2671 636 2732 οἰκείαις
684 2670 906 2737 τιμαῖςο
959 2665 1096 2718 ἀλλὰ
1129 2664 1326 2734 μᾶλλον
1380 2655 1530 2714 οὗτοι
1576 2657 1839 2729 προσδεχ-

355 2782 375 2813 ε
412 2762 569 2827 θῶσι,
599 2759 668 2813 δι’
699 2754 774 2814 ὧν
804 2761 870 2830 τῇ
903 2758 1161 2828 καθολικῇ
1187 2757 1400 2824 ἑνότητι
1431 2750 1676 2820 γίνεσθαι
1705 2749 1838 2818 πρό-

356 2871 378 2904 ε
411 2868 551 2905 νοια.
611 2868 631 2902 δ

351 2965 547 3018 ΒΔΛΣ.
583 2964 692 3017 Καὶ
719 2958 879 3026 οὗτος
913 2963 942 3015 δ
988 2961 1169 3017 κανὼν
1227 2959 1392 3021 ἰδικός
1434 2960 1601 3010 ἐστιν.
1636 2956 1842 3023 Ἥρεσε

274 3056 390 3125 γάρ
410 3057 526 3118 τοῖς
558 3055 808 3124 Πατράσι
854 3053 1104 3124 δέχεσθαι
1141 3053 1267 3114 τοὺς
1297 3049 1404 3102 άπὸ
1459 3047 1570 3100 τῶν
1620 3050 1842 3098 Δονατι-

2017 1967 2035 1997 ι
2069 1948 2177 2002 Hoc
2219 1958 2320 2012 est,
2362 1960 2419 2001 ut
2453 1951 2541 2016 qui
2607 1951 2695 2018 qui
2734 1951 2950 2004 fuerunt
2999 1952 3230 2005 ordinati
3265 1968 3292 2005 a
3349 1965 3502 2022 parte

2018 2059 2035 2090 ι
2083 2039 2500 2104 Donatistarum,
2542 2041 2585 2094 si
2671 2041 2737 2095 ad
2784 2043 3108 2096 catholicam
3169 2044 3324 2097 ﬁdem
3375 2061 3500 2098 cor-

2019 2147 2036 2178 (
2077 2130 2205 2183 recti
2237 2131 2468 2184 transire
2486 2132 2771 2197 voluerint,
2791 2148 2895 2186 non
2930 2133 3505 2187 secundumtransnta-

2019 2237 2036 2270 ι
2068 2220 2238 2272 rinam
2268 2221 2530 2289 synodum
2583 2237 2687 2275 non
2735 2205 3109 2292 suscipiantur
3169 2223 3221 2275 in
3277 2225 3504 2292 propriis

2020 2310 2404 2364 «honoribus:
2451 2313 2544 2365 sed
2596 2313 2628 2364 ii
2683 2313 2852 2379 magis
2907 2312 3312 2380 suscipiuntur,
3402 2329 3498 2382 per

2023 2417 2038 2446 ι
2069 2413 2205 2466 quos
2236 2398 2522 2454 catholica:
2551 2400 2745 2453 unitati
2786 2401 3119 2468 providetur.

2017 2965 2212 3021 BALS.
2248 2966 2344 3021 llic
2369 2982 2581 3037 quoque
2609 2983 2779 3024 canon
2833 2979 2914 3024 est
2971 2972 3255 3038 specualts.
3309 2971 3516 3028 Placuit

1948 3057 2090 3109 enim
2135 3056 2408 3120 Patribus,
2447 3067 2504 3110 ut
2538 3059 2628 3127 qni
2663 3074 2725 3112 οι
2772 3060 3062 3116 Donatistis
3095 3063 3159 3115 ad
3208 3062 3366 3117 ﬁdem
3425 3078 3514 3118 or-

275 3148 426 3199 στῶν
466 3147 932 3218 προσερχομένους
972 3148 1036 3214 τῇ
1118 3140 1383 3212 ὀρθοδόξῳ
1443 3140 1643 3201 πίστει,
1700 3136 1841 3190 ὥστε

1951 3144 2542 3209 thodoxamaccedunt,
2594 3149 2666 3201 ita
2717 3150 3103 3217 suscipiantur,
3146 3162 3202 3204 ut
3255 3166 3380 3205 suos
3425 3168 3515 3207 sa.

273 3240 427 3307 ἔχειν
453 3239 648 3300 αὐτοὺς
681 3239 806 3300 τοὺς
843 3238 1078 3298 οἰκείους
1105 3233 1412 3304 ίερατικοὺς
1449 3227 1842 3300 βαθμοὺςφκᾶν

1949 3249 2074 3288 cros
2125 3236 2326 3302 gradus
2362 3235 2675 3288 obtineant:
2710 3238 2921 3291 etiamsi
2954 3237 3111 3290 aliter
3141 3240 3205 3292 de
3239 3253 3303 3292 eo
3329 3240 3504 3292 visum

273 3328 455 3388 ἄλλως
481 3325 625 3389 ἔδοξε
645 3325 714 3376 τά
743 3340 808 3375 πε
820 3326 872 3392 ρί
893 3323 1080 3375 τούτου
1134 3323 1190 3372 ὲν
1215 3323 1278 3389 τῇ
1335 3318 1684 3388 περαματικῇ
1719 3331 1843 3366 συνο

275 3418 410 3484 ὁδῳ,
439 3417 606 3484 ήγουν
639 3417 704 3483 τῇ
746 3416 802 3466 tv
844 3413 1063 3482 Ἰταλίᾳ.

358 3526 598 3581 ΖΩΝΑΡ.
632 3527 767 3597 Περί
795 3526 1134 3578 Δονατιστῶν
1161 3523 1262 3578 καί⁵
1290 3514 1443 3586 οὗτος
1465 3523 1493 3575 ό
1528 3520 1707 3574 κανὼν
1733 3519 1848 3572 δια-

284 3619 565 3684 τάττεται,
596 3602 768 3672 πολλά
797 3619 898 3687 μέν
927 3615 1138 3680 διεξιὼν
1161 3616 1256 3668 καὶ
1277 3614 1717 3684 ἀπολογούμενος
1765 3612 1845 3663 δτι

280 3710 620 3763 ἐναντιοῦται
637 3713 702 3779 τῇ
737 3711 794 3760 tv
813 3711 927 3770 τοῖς
966 3709 1157 3776 μέρεσι
1181 3705 1280 3772 τῆς
1320 3703 1550 3765 Ἰταλίας
1579 3702 1847 3774 γενομένῃ

283 3801 507 3868 συνόδῳ,
534 3801 627 3853 καὶ
666 3800 901 3869 όρισάσῃ
926 3797 1000 3866 μὴ
1025 3797 1279 3866 δέχεσθαι
1301 3796 1428 3856 τοὺς
1457 3796 1520 3846 ὲκ
1560 3795 1658 3862 τῆς
1690 3793 1844 3857 αἰρέν

283 3908 420 3954 σεως
443 3891 556 3946 τῶν,
580 3889 920 3942 Δονατιστῶν
961 3887 1435 3957 προσερχομένους
1483 3887 1551 3955 τῇ
1582 3882 1847 3954 ὀρθοδόξῳ

282 3988 489 4049 πίστει,
513 3983 653 4036 ὥστε
682 3983 827 4052 ἔχειν
863 3980 1018 4043 αὖθις
1055 3980 1251 4039 αὐτοὺς
1283 3979 1406 4039 τοὺς
1432 3975 1665 4038 οἰκείους
1696 3977 1846 4044 ἱερα-

277 4077 462 4135 τικοὺς
498 4071 766 4142 βαθμούς.
828 4069 1027 4120 Τυπῶν
1063 4068 1119 4118 δὲ
1148 4068 1242 4119 καὶ
1267 4065 1686 4132 δισταττόμενος
1719 4062 1846 4124 τοὺς

279 4161 766 4234 χειροτονηθέντας
818 4160 922 4211 ὑπὸ
977 4157 1312 4211 Δονατιστῶν
1376 4156 1692 4224 κληρικοὺς,
1751 4154 1847 4206 ἐὰν

280 4253 622 4325 προσέλθωσι
659 4257 726 4323 τῇ
784 4251 1046 4321 καθολικῇ
1092 4248 1413 4318 Ἐκκλησία,
1469 4246 1721 4315 δέχεσθαι
1790 4247 1846 4297 tv

278 4349 395 4408 ταῖς
428 4346 659 4406 οἰκείαις
697 4345 912 4413 τιμαῖς,
953 4341 1093 4394 ὥστε
1147 4341 1349 4408 δηλαδὴ
1403 4339 1548 4408 ἔχειν
1603 4338 1845 4398 ἐκείνους

277 4439 404 4498 τοὺς
437 4437 671 4498 οἰκείους
719 4435 988 4504 βαθμοὺς,
1014 4434 1108 4485 καὶ
1137 4432 1258 4484 κατ’
1287 4431 1531 4492 ἐκείνους
1555 4427 1844 4497 τιμᾶσθαι,

1948 3325 2019 3378 sit
2051 3327 2103 3378 in
2134 3328 2492 3379 transmarina
2519 3329 2745 3396 synodo,
2786 3343 2879 3382 seu
2945 3328 2997 3382 in
3035 3328 3207 3382 Italia.

2021 3520 2271 3576 ZONAR.
2338 3523 2410 3577 De
2445 3522 2739 3578 Donatistis
2774 3524 2859 3579 hic
2892 3540 3108 3596 quoque
3170 3541 3339 3581 canon
3401 3538 3513 3581 sta-

1951 3614 2070 3668 tnit.
2112 3613 2812 3684 thuidem,quamohretn
2883 3617 2934 3669 in
2968 3617 3119 3670 Italia
3173 3619 3369 3672 habita:
3424 3634 3516 3688 sy-

1950 3703 2092 3756 nodo
2125 3704 2465 3766 adversetur,
2501 3719 2606 3772 qua
2647 3705 2979 3768 Donatistae,
3014 3705 3058 3758 si
3095 3706 3160 3758 ad
3219 3707 3378 3760 Iidem
3419 3723 3514 3761 or-

1955 3793 2245 3845 thodoxam
2277 3804 2700 3856 reverterentur,
2741 3796 2901 3865 605
2955 3797 3005 3848 in
3042 3812 3318 3851 sacrorum
3367 3802 3516 3853 ordi-

1949 3899 2076 3936 num
2136 3885 2393 3952 gradibus
2446 3899 2767 3952 permanere
2809 3889 3030 3942 vctitum
3089 3888 3282 3953 fuerat,
3334 3892 3516 3944 multis

1953 3979 2259 4046 exponitet
2318 3979 2723 4034 excusationem
2779 3983 3048 4035 contexit.
3107 3981 3242 4037 Tum
3275 3999 3402 4038 vero
3460 3996 3518 4037 nt

1948 4068 2157 4131 clerici,
2191 4070 2333 4138 quia
2367 4069 2668 4124 Donatistis
2727 4072 2945 4125 ordines
2990 4088 3302 4140 suscepere,
3356 4077 3400 4128 si
3449 4075 3516 4127 ad

1949 4158 2250 4212 Ecclesium
2294 4159 2618 4212 catholicam
2656 4172 2715 4212 se
2744 4159 3051 4216 conferant.
3084 4162 3135 4214 in
3190 4164 3306 4218 suis
3369 4164 3517 4217 ordi-

1949 4249 2108 4303 nibus
2145 4258 2418 4312 maneant,
2450 4263 2749 4318 eorumque
2799 4253 3198 4321 praerogativis,
3264 4269 3360 4321 pro
3414 4271 3513 4308 cu-

1944 4341 2138 4409 jusque
2169 4341 2373 4394 ordinis
2415 4343 2646 4404 ratione,
2695 4341 2979 4408 fruantur;
3040 4359 3212 4410 neque
3273 4360 3398 4398 vero
3454 4347 3520 4401 iis

1948 4433 2271 4501 spolientur,
2307 4431 2759 4499 quemadmodum
2793 4436 2845 4486 in
2894 4439 3254 4488 transmarina
3312 4439 3518 4505 synodo

281 4497 395 4577 ttat
418 4524 494 4593 μὴ
523 4527 664 4576 κατὰ
684 4497 786 4592 την
809 4497 1198 4592 περαματικὴν
1221 4521 1463 4580 σύνοδον,
1493 4519 1569 4588 μὴ
1592 4518 1842 4588 δέχεσθαι

1949 4523 2299 4576 constitutum
2319 4521 2517 4587 fuerat,
2541 4523 2862 4578 decernunt.
2898 4521 3342 4578 Transmarinam
3387 4543 3517 4581 vero

279 4617 407 4677 τοὺς
425 4615 699 4674 τοιούτους
733 4613 791 4665 tv
821 4616 938 4674 ταῖς
983 4615 1168 4681 τιμαῖς
1220 4612 1418 4664 αὐτῶν.
1460 4608 1845 4680 Ιιεραματικὴν

278 4707 336 4758 δὲ
361 4705 577 4758 σύνοδον
605 4705 750 4772 λέγει
777 4704 871 4774 τὴν
898 4707 956 4757 tv
1009 4702 1208 4772 Ἰταλίᾳ
1229 4703 1552 4772 γενομένην,
1587 4701 1661 4761 ὡς
1692 4699 1846 4769 εἴρη-

280 4813 394 4849 ται.
431 4797 748 4864 Δεχομένων
774 4795 904 4864 γὰρ,
927 4799 1081 4862 φησι,
1128 4792 1234 4845 τῶν
1263 4790 1607 4844 Δονατιστῶν
1647 4793 1705 4843 tv
1734 4792 1847 4852 τοῖς

281 4887 505 4947 οἰκείοις
531 4886 784 4954 βαθμοῖς,
809 4886 1044 4952 πρόνοια
1093 4884 1303 4952 γίνεται
1351 4888 1417 4952 τῇ
1441 4882 1703 4950 καθολικῇ
1730 4881 1848 4933 ἑνό-

282 4996 410 5049 τητι
431 4994 444 5008 ·
482 4978 748 5029 πλειόνων
776 4975 1020 5046 δηλονότι
1054 4974 1201 5027 οὕτω
1228 4975 1532 5044 μελλόντων
1559 4974 1847 5043 προσιέναι

283 5074 350 5136 τῇ
383 5067 649 5136 όρθοδόξῳ
696 5067 902 5130 πίστει,
961 5066 1056 5118 καὶ
1096 5067 1346 5134 ἑνότητας
1399 5064 1698 5134 γενομένης
1737 5063 1847 5116 τῶν

284 5159 668 5213 πιστευόντων.

286 5271 500 5328 ΔΡΙΣΤ.
549 5289 568 5322 ι
608 5272 669 5322 Οί
698 5272 800 5324 ὑπὸ
826 5271 933 5323 τῶν
963 5271 1292 5324 Δονατιστῶν
1324 5271 1845 5340 κεχειροτονημένοι,

359 5380 376 5409 ε
421 5363 468 5412 εἰ
501 5361 594 5413 καὶ
617 5361 683 5428 τῇ
726 5359 962 5428 πέραθεν
992 5361 1191 5426 συνόδῳ
1244 5361 1670 5428 μεταμελόμενοι
1707 5365 1852 5415 ἁπο-

357 5473 376 5505 ι
421 5454 746 5517 κέκλεινται,
791 5452 903 5504 ἀλλ’
929 5453 1052 5506 ἐπεὶ
1079 5454 1139 5505 τὺ
1165 5454 1399 5521 σωθῆναι
1428 5455 1631 5516 πάντας
1665 5455 1846 5519 καλὸν,

356 5567 373 5598 ι
419 5547 790 5618 διορθούμενοι
820 5545 1323 5617 προσδεχέσθωσαν.
1365 5565 1383 5598 ι

350 5657 507 5713 Οὗτοι
535 5661 590 5711 οἰ
623 5658 936 5711 Δονατισταὶ
967 5659 1416 5727 μεταμελόμενοι,
1456 5659 1552 5711 καὶ
1587 5657 1682 5727 τὴν
1711 5659 1848 5711 ἰδίαν

279 5752 760 5823 ἁναθεματίζοντες
792 5750 1020 5820 αἵρεσιν,
1041 5751 1132 5802 ἐπὶ
1171 5751 1266 5815 τῆς
1303 5749 1437 5812 ἰδίας
1466 5754 1626 5821 τιμῆς
1665 5751 1846 5819 μένειν

600 5846 830 5906 ΡΑτιιυι
850 5885 870 5908 .
910 5844 1028 5906 Gtt.
1065 5844 1446 5910 CXXXVIII.

1947 4618 2233 4685 synodum,
2265 4631 2383 4670 eam
2410 4630 2528 4684 qua:
2573 4617 2625 4670 in
2669 4616 2852 4695 Italia,
2915 4625 2972 4671 ut
3019 4618 3274 4682 diximus,
3330 4631 3516 4674 coacta

1947 4719 2050 4773 est,
2079 4711 2345 4762 nominat.
2382 4709 2514 4763 Cum
2540 4709 2680 4762 enim
2719 4708 3046 4774 Donatistas,
3080 4706 3279 4776 inquit,
3334 4708 3386 4761 in
3418 4724 3516 4762 suo

1949 4813 2216 4867 quemque
2248 4799 2438 4851 ordine
2473 4798 2802 4866 suscipimus
2839 4799 3124 4851 catholica
3175 4798 3334 4851 simul
3397 4799 3518 4850 nni-

1949 4889 2045 4941 tati
2080 4887 2464 4956 prospicimus.
2496 4889 2570 4941 Ex
2599 4888 2701 4941 hoc
2760 4902 2992 4954 namque
3049 4885 3165 4949 ﬂet,
3224 4895 3283 4940 υι
3337 4889 3517 4954 plures

1949 4981 2300 5032 Orthodoxam
2323 4978 2481 5032 ﬁdem
2515 4977 2936 5044 amplectantur,
2969 4993 3032 5030 ac
3074 4977 3295 5046 proinde
3343 4977 3516 5044 magis

1950 5085 2014 5123 ac
2039 5071 2208 5138 magis
2236 5070 2288 5122 in
2335 5069 2450 5124 dies
2481 5070 2816 5122 credentium
2858 5071 3035 5121 unitas
3064 5070 3349 5122 coalescat.

1954 5270 2176 5325 ARIST.
2217 5289 2234 5321 ι
2268 5269 2368 5336 Qui
2419 5284 2447 5322 a
2517 5268 2808 5324 Donatistis
2850 5267 3206 5333 ordinantur,
3235 5267 3446 5321 etiamsi
3485 5283 3515 5320 a

2025 5383 2044 5414 ι
2084 5365 2290 5434 synodo
2323 5365 2685 5418 transmarina
2723 5363 3100 5432 resipiscentcs
3133 5359 3334 5413 exclusi
3366 5369 3512 5424 sunt,

2027 5475 2044 5507 ι
2093 5472 2214 5508 cum
2243 5470 2373 5510 vero
2405 5456 2606 5510 bonum
2642 5455 2713 5509 sit
2756 5465 2815 5507 ut
2841 5466 3031 5508 omnes
3061 5450 3355 5516 salventur,
3383 5450 3427 5504 si
3460 5465 3518 5503 se

2026 5564 2044 5597 ι
2086 5547 2379 5614 corrigunt,
2420 5547 2765 5616 recipiantur.
2808 5565 2826 5597 ι

2023 5661 2084 5716 lli
2130 5661 2416 5715 Donatista:
2449 5661 2764 5728 paenitentia
2800 5662 2927 5722 acti,
2964 5671 3011 5713 et
3063 5661 3331 5730 propriam
3379 5670 3514 5709 ana-

1955 5753 2370 5810 thctnatizantcs
2400 5751 2670 5818 haeresim,
2704 5751 2758 5806 in
2811 5753 3027 5823 proprio
3060 5752 3265 5805 honore
3299 5757 3520 5803 manere

3120 5843 3151 5903 9
