4148 6452
621 361 720 423 267

1865 354 2138 417 ΤΗΕΟῘ).
2182 355 2576 415 ΒΛῙ.8ΑΜΟΝ

3743 353 3845 413 €268

629 470 1033 538 permittuntur,
1067 481 1119 525 et
1155 473 1207 525 in
1244 472 1519 526 catholica
1548 468 1801 526 Ecclesiae
1834 467 1979 520 clero
2010 466 2172 518 collo-

2283 469 2756 538 συνεχωρήθησαν,
2788 469 2879 524 καὶ
2915 470 2992 541 τῷ
3027 470 3209 538 κλήρῳ
3237 465 3335 534 τῆς
3369 465 3663 532 καθολικῆς
3731 467 3848 516 Ίίκ-

629 562 737 615 tari
759 603 772 618 .
797 565 916 630 quia
951 563 1125 615 Africa
1155 563 1319 616 multa
1346 564 1556 617 laborat
1583 562 1897 616 clericorum
1921 564 2175 616 egestate.

1147 736 1372 791 CANUN
1445 735 1653 790 LXXII.

633 847 648 877 ι
694 827 759 880 Ut
789 827 982 895 legatio
1012 829 1254 882 mittatur
1288 831 1352 881 ad
1387 827 1691 881 Donatistas
1719 826 1783 878 de
1806 838 2174 895 componenua

697 936 716 970 ι
757 933 904 986 pace.
940 919 1127 972 Postea
1171 920 1390 985 placuit,
1455 928 1511 970 ut
1564 918 1645 969 his
1693 917 1830 970 actis
1879 930 1942 969 ex
1996 925 2181 968 nostro

700 1024 714 1053 ι
757 1021 979 1060 numero
1013 1009 1290 1058 mittantur
1337 1007 1495 1075 legati
1549 1022 1643 1073 pro
1677 1005 2012 1073 prmdicanda
2051 1017 2182 1071 pace

696 1113 713 1144 ι
747 1106 799 1149 et
851 1096 1069 1156 unione,
1102 1096 1218 1149 sine
1263 1111 1367 1164 qua
1419 1096 1849 1149 (ZhriStiauorum
1885 1094 2030 1148 salus
2079 1107 2181 1145 non

699 1205 715 1234 ι
755 1194 928 1252 potest
982 1187 1303 1248 consistere,
1350 1183 1414 1237 ad
1469 1185 1704 1252 ipsorum
1743 1183 2180 1242 Donatistarum,

699 1291 716 1322 ε
753 1275 863 1326 sive
909 1288 1045 1340 quos
1089 1274 1284 1328 habent
1331 1275 1633 1342 episcopos,
1691 1267 1804 1325 sive
1849 1269 2036 1334 laicos;
2091 1282 2184 1336 per

701 1379 717 1410 ε
758 1376 894 1428 quos
944 1362 1146 1430 legatos
1204 1364 1448 1416 omnibus
1502 1364 1828 1424 innotescat,
1863 1360 2002 1428 quod
2053 1356 2182 1410 nihil

694 1468 711 1498 ι
755 1451 1172 1516 habentjustmn
1226 1451 1487 1504 rationive
1537 1460 1956 1504 consentaneum
1984 1485 2000 1508 ,
2038 1446 2181 1515 quod

697 1558 713 1589 ε
753 1541 930 1593 dicant
959 1543 1211 1594 adversus
1238 1542 1554 1594 catholicam
1580 1541 1875 1596 Ecclesiam
1907 1556 1922 1591 :
1953 1539 2184 1591 maxime

696 1646 713 1678 ι
757 1638 812 1680 ιιι
845 1629 1190 1684 manifestum
1229 1632 1298 1684 sit
1325 1633 1572 1684 omnibus
1601 1644 1695 1697 per
1723 1640 1840 1682 acta
1874 1629 2180 1695 municipa-

700 1737 715 1767 I
759 1719 824 1772 lia
851 1757 867 1784 ,
899 1721 963 1770 ad
990 1721 1144 1773 iidem
1169 1720 1609 1773 denionstrationi
1637 1717 2004 1772 astruendam.
2037 1718 2180 1770 sicut

700 1828 715 1858 ι
758 1809 789 1860 ii
828 1812 891 1861 de
924 1810 1328 1864 Maximianistis
1361 1811 1589 1878 propriis
1621 1809 1982 1862 schismaticis
2031 1807 2177 1862 {eceo
2211 1781 2254 1839 Β

701 1917 717 1948 ι
760 1910 900 1962 runt;
923 1901 1008 1951 uhi
1048 1901 1177 1966 ipsis
1206 1901 1457 1954 divinitus
1484 1899 1816 1960 ostenditur,
1848 1900 1892 1951 si
1929 1899 2178 1952 conside-

693 2008 712 2040 ε
759 2004 877 2042 rare
907 1990 1192 2056 voluerint,
1231 2007 1323 2045 cos
1375 2003 1479 2043 tam
1518 1990 1715 2058 injuste
1744 2000 1867 2042 tunc
1900 1992 1966 2044 ab
1997 1991 2178 2044 eccle-

698 2097 715 2128 ι
757 2080 972 2130 siastica
1011 2083 1206 2133 unione
1254 2082 1523 2133 abscissos
1549 2120 1563 2144 ,
1611 2094 1772 2148 quam
1816 2079 1913 2145 ipsi
1950 2080 2180 2132 clamant

699 2190 714 2218 ε
762 2170 954 2237 injuste
1017 2169 1438 2222 Maximianislas
1489 2184 1517 2220 a
1569 2183 1628 2222 se
1658 2183 1776 2222 eSse
1809 2169 2064 2222 dit'ulsos.
2104 2167 2179 2220 Ex

692 2279 708 2308 ι
749 2274 928 2311 eorum
961 2269 1138 2312 autem
1166 2273 1418 2321 numero,
1449 2273 1583 2326 quos
1609 2268 1792 2328 aperta
1822 2259 2018 2326 proprii
2051 2272 2179 2311 con-

697 2367 714 2398 ι
753 2349 856 2400 silii
919 2352 1240 2402 auctoritate
1291 2352 1826 2408 condenmaverunt,
1884 2356 2067 2414 postea
2123 2345 2175 2398 in

694 2458 710 2487 ι
751 2440 979 2506 propriis
1010 2438 1300 2492 honoribus
1329 2445 1679 2503 susceperunt
1708 2453 1720 2488 :
1748 2445 1801 2490 et
1831 2437 2176 2503 baptismum,

696 2547 713 2578 ι
755 2543 913 2594 quem
949 2528 1144 2581 dedere
1173 2529 1232 2590 ii,
1264 2529 1358 2596 qui
1393 2529 1530 2596 apud
1564 2526 1707 2592 ipsos
1755 2525 2094 2579 condemnati
2125 2535 2179 2578 ct

694 2639 713 2671 ι
751 2623 906 2688 cjccti
935 2631 1082 2683 sunt,
1112 2621 1461 2680 admiserunt,
1487 2627 1543 2670 ut
1569 2619 1881 2672 ostendatur
1909 2615 2176 2685 quomodo

690 2726 708 2758 ι
751 2709 914 2760 stulto
945 2710 1106 2761 corde
1138 2710 1252 2774 paci
1287 2707 1538 2760 Ecclesiae
1577 2708 1946 2770 adversantur,
1977 2719 2094 2772 qua:
2120 2707 2172 2756 in

705 2819 721 2848 ε
768 2800 1014 2852 universo
1064 2799 1193 2850 orhe
1239 2796 1432 2850 uill'usa
1481 2805 1582 2849 est.
1633 2794 1756 2848 llaec
1809 2805 2031 2864 agentes
2081 2809 2177 2861 pro

690 2908 708 2941 ι
756 2899 903 2955 parte
940 2889 1148 2946 Donati,
1194 2897 1248 2940 et
1292 2887 1530 2940 dicentes
1583 2885 1788 2953 seipsos
1844 2900 1950 2938 non
2010 2883 2176 2953 pollui

693 3003 709 3031 ε
753 2981 1127 3034 communione
1152 2993 1361 3040 eorum,
1411 2978 1500 3044 qui
1549 2989 1578 3028 a
1635 2991 1692 3030 se
1753 2985 1969 3044 pr0pter
2023 2974 2174 3042 pacis

689 3092 706 3122 ι
746 3073 1117 3124 necessitatem
1171 3068 1404 3136 suscepti
1455 3077 1623 3121 sunt:
1663 3067 1942 3120 nobiscum
1996 3073 2172 3117 autem
2202 3093 2246 3152 ο

689 3178 706 3210 ι
751 3162 1160 3218 cantendcntes,
1193 3160 1291 3212 hoc
1318 3169 1419 3220 est,
1456 3173 1579 3210 cum
1610 3156 1872 3210 catholica
1901 3154 2165 3216 Ecclesia,

689 3267 705 3298 ι
749 3265 866 3316 qua:
903 3249 982 3300 vel
1025 3248 1076 3299 in
1127 3247 1384 3300 extremis
1432 3247 1676 3312 partibus
1708 3246 1853 3298 orbis
1885 3243 2169 3303 consistit,

689 3357 706 3389 ι
757 3353 849 3406 per
877 3339 1128 3406 pollutam
1156 3351 1339 3390 eorum
1367 3335 1822 3394 communionem.
1853 3349 1990 3402 quos
2023 3337 2171 3402 prius

684 3447 702 3479 ι
745 3442 932 3481 omnes
968 3428 1315 3490 accusabant,
1351 3427 1492 3494 ipsos
1519 3439 1808 3496 coarguere
1849 3441 1951 3479 non
1983 3435 2172 3494 potuc-

687 3534 704 3566 t
756 3525 896 3568 runt.
944 3531 962 3564 ι

683 3989 874 4043 ll.\l.S.
917 3987 1012 4040 llic
1043 4002 1257 4054 quoque
1303 4003 1540 4056 przesens
1566 4003 1738 4043 canon
1771 3991 1836 4044 de
1877 3990 2172 4047 Donatistis

618 4083 875 4147 loquitur.
912 4080 1092 4132 Visum
1121 4091 1199 4132 est
1231 4081 1372 4132 enim
1404 4091 1460 4133 ut
1484 4081 1645 4149 aliqui
1679 4083 1743 4134 ad
1768 4097 1862 4136 eos
1898 4085 2174 4137 mitteren-

611 4185 696 4225 tur
728 4172 884 4239 lt'gull
913 4187 1008 4238 pro
1048 4187 1177 4239 pace
1203 4181 1254 4224 et
1285 4173 1502 4231 unione,
1537 4182 1589 4224 ct
1634 4173 1697 4223 ad
1730 4175 2119 4226 OSlentleIItltltlt
2151 4215 2166 4239 ,

608 4261 746 4327 quod
781 4260 813 4311 ii
853 4275 954 4311 non
990 4269 1134 4310 recte
1180 4263 1537 4312 adversantur
1567 4261 1840 4315 catholica:
1878 4263 2165 4327 Ecclesiae;

609 4359 662 4402 «et
694 4351 832 4418 quod
865 4349 1026 4416 aliqui
1073 4350 1233 4402 ctiam
1259 4364 1350 4404 eos
1399 4365 1461 4402 ex
1514 4349 1941 4414 Maximianistis,
1976 4353 2064 4420 qui
2099 4353 2166 4406 ab

610 4441 688 4492 cis
719 4440 934 4507 injuste,
964 4449 1019 4490 ut
1053 4439 1150 4507 ipsi
1185 4441 1389 4502 dicunt,
1423 4441 1770 4494 desciverunt
1800 4480 1816 4503 ,
1844 4442 2162 4510 suscipiunt,

607 4541 656 4582 et
707 4545 826 4582 cum
876 4531 979 4583 illis
1033 4532 1466 4594 communicant;
1508 4539 1560 4584 et
1611 4545 1745 4600 quos
1802 4547 1897 4585 suo
1949 4535 2168 4602 proprio

607 4621 836 4672 consilio
859 4621 1302 4680 condemnarunt,
1331 4632 1512 4688 postea
1546 4624 1596 4674 in
1625 4624 1852 4691 propriis
1875 4624 2168 4678 honoribus

607 4718 989 4776 susceperunt;
1022 4719 1074 4761 et
1106 4711 1247 4776 quod
1282 4724 1394 4771 eos,
1432 4726 1570 4779 quos
1602 4712 1691 4778 qui
1738 4714 1806 4765 ab
1861 4713 1991 4779 ipsis
2037 4723 2166 4766 sunt

605 4799 966 4862 eondcmnati,
985 4809 1040 4850 et
1069 4799 1134 4850 ab
1160 4813 1222 4851 eo
1241 4802 1383 4865 quod
1409 4799 1510 4852 illis
1535 4814 1616 4853 εει
1647 4803 1948 4854 sacerdotio
1978 4801 2162 4867 ejecti,

606 4889 1032 4957 haptizaverunt.
1069 4904 1373 4960 suscepere;
1405 4901 1458 4946 et
1491 4892 1632 4960 quod
1663 4896 1773 4947 haec
1810 4905 2030 4962 agentes
2059 4911 2165 4949 non

605 4991 664 5030 se
693 4978 854 5044 pollui
888 4978 1092 5030 dicunt.

673 5151 837 5220 606
861 5150 1105 5205 ZONAR.
1145 5151 1268 5206 llaec
1293 5169 1505 5224 quoque
1530 5155 1597 5209 de
1621 5157 1930 5213 Donatistis.
1962 5161 2039 5213 Ad
2069 5174 2164 5214 eos

606 5257 836 5309 namque
867 5244 1000 5294 mitti
1047 5257 1076 5293 e
1102 5245 1340 5312 synodali
1392 5259 1657 5299 conventu
1693 5249 1896 5314 legatos
1944 5250 2163 5318 placuit,

605 5333 696 5399 qui
735 5334 877 5400 ipsos
907 5333 971 5385 ad
1006 5348 1213 5401 pacein,
1247 5337 1614 5404 unitatemque
1647 5353 1770 5392 cum
1817 5339 2032 5394 Eccesia
2073 5357 2164 5395 ca-

619 5421 811 5473 tholica
841 5421 1154 5476 ﬁrmandam
1183 5426 1546 5479 hortarentur.
1571 5427 1804 5482 Doceant
1833 5445 1924 5485 eos
1942 5443 2165 5501 praeter-

606 5525 692 5576 ea,
736 5512 957 5565 minime
992 5523 1135 5566 recte
1167 5512 1366 5577 facere,
1412 5518 1550 5583 quod
1585 5519 1965 5574 ecclesiastica:
1996 5524 2165 5590 quieti

610 5601 1009 5655 constitutionis
1036 5604 1420 5670 adversentur;
1459 5621 1628 5674 neque
1654 5608 1777 5675 jure
1813 5621 2033 5680 propter
2067 5613 2165 5667 di-

612 5692 781 5744 visam
813 5692 1048 5761 ipsorum
1077 5699 1502 5754 communionem
1537 5715 1654 5756 cum
1702 5703 1941 5760 Ecclesia
1967 5708 2160 5761 catho-

2282 559 2504 621 κλητίας
2536 559 2943 624 συντάττεσθαι,
2973 561 3061 614 διὰ
3110 561 3170 612 τδ
3210 556 3307 627 τὴν
3345 555 3608 626 ’Δφρικὴν
3649 555 3846 624 πολλὴν

2281 648 2482 702 ἔνδειαν
2512 651 2785 720 κληρικῶν
2811 651 2976 718 εχειν.

2858 739 3096 794 ΚΑΝΩΝ
3137 739 3258 793 UB’.

2288 847 2304 880 ι
2353 831 2485 900 Περὶ
2512 830 2605 884 τοῦ
2630 830 2924 901 πρεσϐείαν
2954 832 3088 900 πρὸς
3117 833 3241 894 τοὺς
3264 826 3587 889 Δονανιστὰς
3614 828 3850 880 ἀποστα-

2355 939 2374 971 ε
2420 922 2576 989 λῆναι
2631 924 2792 992 χάριν
2843 919 2936 976 τοῦ
2997 923 3076 984 εἰς
3139 921 3238 991 τὴν
3281 922 3505 990 εἰρήνην
3558 917 3848 971 συνθεῖναι.

2355 1029 2375 1061 ε
2425 1013 2655 1080 Ἠρεσεν
2683 1012 2892 1077 ἔπειτα,
2940 1012 3080 1066 «ἴητε
3135 1012 3341 1064 τούτων
3371 1009 3722 1080 πραχθέντων
3765 1023 3854 1058 το-

2355 1117 2373 1148 ι
2418 1100 2725 1169 ποτηρητὰς
2759 1104 2887 1170 περὶ
2935 1101 3028 1155 τοῦ
3065 1101 3294 1172 κηρῦξαι
3332 1102 3558 1170 εἰρήνην
3607 1100 3700 1152 καὶ
3741 1099 3854 1151 ἑνό-

2357 1207 2374 1239 ι
2423 1207 2578 1258 τητα,
2624 1187 2836 1260 ἧστινος
2879 1192 3047 1261 χωρίς
3074 1195 3107 1261 ἡ
3137 1193 3248 1246 τῶν
3293 1194 3628 1260 Χριστιανῶν
3678 1202 3850 1255 σωτη-

2358 1296 2374 1326 ι
2421 1277 2512 1346 ρία
2535 1277 2890 1331 καθίστασθαι
2921 1281 2981 1330 οὔ
3020 1279 3264 1343 δύναται,
3297 1278 3616 1346 πεμφθῆναι
3669 1280 3730 1328 εκ
3761 1277 3850 1326 τοῦ

2359 1385 2377 1417 ⁸
2424 1369 2689 1437 ἡμετέρου
2720 1368 2954 1438 ἀριθμοῦ
2996 1369 3133 1438 πρὸς
3171 1371 3296 1432 τοὺς
3328 1370 3438 1422 τῶν
3468 1369 3648 1422 αὐτῶν
3698 1371 3854 1419 Δοναο

2359 1478 2377 1511 t
2419 1462 2634 1526 τιστῶν,
2702 1464 2808 1516 είτε
2864 1462 3014 1526 τινὰς
3069 1464 3282 1531 ἔχουσιν
3345 1465 3696 1524 ἐπισκόπους,
3746 1463 3852 1513 εἴτε

2363 1569 2380 1600 ι
2429 1551 2646 1615 λαῖκούς
2668 1569 2683 1585 ·
2711 1553 2778 1606 δι’
2817 1547 2890 1605 ὧν
2917 1553 3308 1621 τοποτηρητῶν
3333 1554 3498 1604 πᾶσιν
3557 1554 3615 1603 ὲν
3655 1553 3852 1616 γνώσει

2358 1661 2375 1694 ι
2423 1643 2666 1710 γίνηται,
2697 1643 2770 1706 ὡς
2813 1644 2963 1695 οὐδὲν
3009 1644 3221 1711 ἔχουσιν
3284 1642 3506 1709 εὔλογον
3570 1641 3711 1693 κατὰ
3755 1643 3852 1706 τῆς

2358 1752 2374 1782 ι
2422 1732 2714 1799 καθολικῆς
2771 1733 3128 1802 Ἐκκλησίας·
3195 1732 3430 1802 μάλιστα
3483 1731 3570 1783 ῐνα
3622 1729 3853 1796 φανερδν

2357 1843 2374 1875 ι
2424 1826 2554 1876 πᾶσι
2617 1824 2844 1892 γίνηται
2882 1825 2968 1875 διὰ
2997 1823 3104 1875 τῶν
3155 1821 3582 1890 πολιχνιωτικῶν
3642 1835 3856 1886 πεπρα-

2358 1934 2375 1966 ι
2417 1916 2634 1982 γμὲνων
2668 1915 2801 1984 πρὸς
2833 1915 3097 1966 πίπτωσιν
3125 1915 3222 1983 τῆς
3263 1913 3618 1976 ἀποδείξεως,
3661 1909 3854 1975 ὥσπερ

2357 2021 2374 2053 ι
2421 2005 2572 2055 αὐτοὶ
2595 2004 2724 2070 περὶ
2769 2004 2875 2055 τῶν
2909 2000 3353 2071 Μαξιμιανιστῶν
3401 2001 3508 2052 τῶν
3535 2002 3681 2052 ίδίων
3737 2016 3854 2068 σχι-

2356 2111 2373 2144 ι
2421 2095 2700 2162 σματικῶν
2731 2094 2994 2164 επραξαν,
3025 2093 3153 2147 ἔνθα
3198 2095 3377 2155 αὐτοῖς
3416 2093 3600 2145 θεόθεν
3642 2092 3856 2144 ἀποδεί-

2354 2200 2371 2233 t
2419 2200 2657 2248 κνυνται,
2691 2185 2786 2236 εὰν
2814 2186 3116 2254 ὶπισκῆψαι
3137 2185 3433 2254 θελήσοιεν,
3457 2184 3628 2247 οὕτως
3654 2187 3852 2246 ἀδίκως

2354 2292 2371 2324 t
2419 2275 2537 2327 τότε
2559 2276 2754 2336 αὐτοὺς
2781 2277 2889 2328 ἀπὸ
2935 2277 3032 2345 τῆς
3083 2277 3543 2345 εκκλησιαστικῆς
3605 2276 3852 2339 ινώσξως

2355 2381 2373 2412 ι
2419 2364 2841 2432 ἀποσχίσαντας,
2907 2363 3098 2434 ὥσπερ
3161 2365 3456 2433 κράξουσιν
3503 2366 3704 2426 ἀδίκως
3755 2355 3851 2416 ἀπ’

2354 2470 2371 2502 ι
2418 2453 2596 2505 αὐτῶν
2625 2454 2750 2516 τοὺς
2774 2454 3211 2522 Μαξιμιανιστὰς
3250 2454 3344 2506 νῦν
3389 2455 3708 2522 ἀποσχίσαι.
3752 2453 3852 2505 Ἐκ

2353 2563 2369 2594 ι
2415 2544 2471 2596 δὲ
2501 2544 2594 2596 τοῦ
2627 2545 2860 2613 ἀριθμοῦ
2891 2545 3118 2610 τούτων,
3138 2545 3385 2605 οὕστινας
3414 2545 3622 2612 φανερᾷ
3642 2545 3738 2611 τῆς
3775 2544 3849 2594 οἰ-

2354 2653 2372 2684 t
2418 2633 2568 2696 κείας
2601 2635 2794 2703 βουλῆς
2819 2634 3073 2706 αὑθεντίᾳ
3106 2635 3486 2697 κατεδίκασαν,
3510 2634 3648 2701 μετὰ
3677 2634 3848 2686 ταῦτα

2355 2742 2374 2775 ι
2419 2725 2475 2776 ὲν
2505 2727 2623 2787 ταῖς
2656 2725 2812 2786 ἰδίαις
2841 2728 3027 2794 τιμαῖς
3051 2726 3370 2790 ἀνεδέξαντο
3400 2740 3415 2753 ο
3446 2725 3543 2776 καὶ
3571 2725 3633 2776 τὸ
3662 2723 3854 2791 βάπτι-

2353 2833 2370 2864 t
2420 2831 2554 2882 σμα,
2586 2814 2614 2866 δ
2646 2817 2698 2866 οί
2733 2816 2862 2882 παρ’
2884 2817 3065 2876 αὐτοῖς
3097 2814 3614 2880 καταδεδικασμένοι
3646 2815 3741 2866 καὶ
3762 2816 3851 2866 εκ-

2354 2922 2372 2954 ι
2419 2903 2743 2973 ϐεϐλημένοι
2784 2905 3072 2970 δεδώκασι,
3119 2903 3528 2975 προσεδέξαντο,
3595 2907 3730 2974 πρὸς
3791 2907 3850 2957 τὸ

2350 3013 2366 3044 ι
2413 2993 2707 3062 δειχθῆναι,
2744 2995 2855 3055 πῶς
2887 2996 3046 3064 μωρᾷ
3077 2994 3273 3063 καρδίᾳ
3327 2994 3737 3046 ἁντιτάσσονται
3782 2998 3849 3063 τῇ

2354 3104 2370 3133 ι
2418 3085 2610 3154 εἰρήνῃ
2636 3085 2730 3153 τῆς
2761 3084 3108 3154 Ἐκκλησίας,
3139 3085 3235 3151 τῆς
3264 3085 3320 3136 ὲν
3363 3085 3523 3136 παντί
3557 3083 3634 3152 τῷ
3658 3084 3850 3151 κόσμῳ

2353 3191 2370 3223 ι
2415 3172 2827 3242 διακεχυμένης.
2854 3175 3036 3225 Ταῦτα
3098 3172 3375 3234 ποιοῦντες
3427 3173 3563 3242 ὑπὲρ
3607 3172 3700 3224 τοῦ
3753 3174 3851 3241 μέ-

2353 3286 2371 3312 ε
2419 3280 2544 3330 ρους
2583 3263 2676 3313 τοῦ
2732 3265 2985 3326 Δονάτου,
3032 3264 3123 3314 καὶ
3191 3265 3264 3332 μὴ
3312 3263 3561 3330 λέγοντες
3623 3265 3850 3322 ἑαυτοὺς

2350 3371 2367 3402 ι
2423 3353 2743 3419 μολύνεσθαι
2774 3356 2837 3419 τῇ
2871 3355 3126 3422 κοινωνίᾳ
3151 3355 3258 3405 τῶν
3312 3353 3440 3422 παρ’
3467 3355 3650 3414 αὐτοῖς
3704 3353 3845 3405 οὑτω

2351 3463 2368 3492 ι
2414 3443 2499 3495 διὰ
2552 3445 2609 3496 τὸ
2661 3445 2915 3497 ἀκούσιον
2985 3445 3080 3512 τῆς
3138 3445 3360 3512 εἰρήνης
3407 3443 3846 3510 ἁναδεχθέντων·

2352 3555 2368 3586 ι
2419 3538 2546 3603 ἡμῖν
2574 3537 2627 3588 δὲ
2660 3537 3114 3604 φιλονεικοῦντες,
3148 3535 3292 3586 τοῦτ’
3320 3536 3437 3586 ἔστι
3483 3537 3546 3602 τῇ
3583 3533 3841 3601 καθολικῇ

2352 3644 2369 3675 ι
2417 3626 2833 3694 Ἐκκλησίᾳ,ἐτι
2868 3627 2976 3694 μὴν
3006 3626 3099 3675 καὶ
3128 3627 3191 3692 τῇ
3219 3627 3276 3676 ὲν
3319 3625 3430 3684 τοῖς
3466 3623 3715 3690 ἐσχάτοις
3748 3623 3846 3689 μέ·

2354 3735 2370 3766 ι
2421 3733 2534 3786 ρεσι
2572 3717 2668 3784 τῆς
2694 3718 2791 3784 γῆς
2828 3717 3169 3785 καθεστώσῃ,
3205 3715 3413 3781 διὰ’τῆς
3445 3727 3845 3782 ’μεμιασμενης

2352 3828 2369 3860 ι
2415 3811 2616 3860 τούτων
2638 3811 2942 3871 κοινωνίας,
2967 3803 3204 3860 ὧντινων
3225 3807 3486 3875 πρότερον
3512 3806 3846 3878 κατῃτιῶντο

2352 3919 2368 3950 ι
2416 3904 2634 3962 πάντες,
2657 3899 2868 3962 ἐλέγξαι
2893 3898 3085 3959 αὐτοὺς
3118 3899 3217 3948 οὐκ
3248 3897 3603 3965 ἠδυνήθησαν.
3646 3915 3664 3947 ι

2345 3991 2540 4044 ΒΑΛΣ.
2565 3992 2670 4041 Καὶ
2691 3985 2842 4050 οὗτος
2875 3992 2899 4040 δ
2924 3989 3108 4056 παρὼν
3140 3989 3319 4041 κανὼν
3349 3993 3476 4054 περὶ
3525 3989 3631 4039 τῶν
3677 3991 3839 4040 Δονα-

2274 4081 2466 4134 τιστὼν
2500 4095 2681 4148 φησιν.
2718 4079 2903 4142 Ἔδοξε
2935 4081 3041 4147 γὰρ
3068 4080 3321 4146 σταλῆναί
3369 4096 3523 4140 τινας
3573 4079 3708 4146 πρὸς
3749 4081 3844 4130 uti-

2272 4176 2396 4232 τοὺς
2424 4173 2796 4238 ﬁam-grynei;
2824 4172 2983 4236 χάριν
3014 4170 3236 4237 εἰρήνης
3282 4168 3378 4219 καὶ
3422 4171 3684 4235 ἐνωσεως,
3748 4173 3841 4221 καὶ

2275 4263 2430 4329 χάριν
2465 4259 2553 4312 τοῦ
2581 4259 2860 4320 ἀποδεῖξαι
2888 4259 2969 4308 ὃτι
2999 4257 3058 4308 οὑ
3120 4256 3298 4318 καλῶς
3331 4257 3740 4309 άντιτάσσονται
3771 4260 3836 4325 τῇ

2277 4351 2529 4419 καθολικῇ
2565 4348 2880 4416 Ἐκκλησία,
2911 4349 3003 4397 καὶ
3030 4348 3111 4398 ὅτι
3139 4347 3390 4406 καίτινες
3425 4345 3531 4395 τῶν
3566 4345 3841 4413 Μάξιμιί-

2269 4444 2462 4496 νιστῶν
2489 4441 2594 4492 τῶν
2619 4439 3031 4508 ἀποσχισάντων
3090 4435 3183 4488 ἀπ’
3241 4435 3421 4487 αὐτῶν
3483 4435 3708 4495 άόικῶς,
3765 4435 3840 4496 ὼς

2269 4531 2420 4584 αὐτοὶ
2448 4530 2684 4596 λέγουσι,
2719 4528 2962 4595 δέχονται
2993 4529 3085 4576 καὶ
3115 4523 3572 4590 συγκοινωνοῦσιν
3612 4517 3834 4584 αὐτοῖς’

2271 4623 2359 4674 καὶ
2379 4620 2471 4682 οὓς
2503 4597 2655 4671 αὐτοὶ
2679 4617 2738 4682 ἐξ
2769 4616 2968 4677 οἰκείας
3022 4614 3214 4683 βουλῆς
3263 4612 3642 4672 κατεδίκασαν,
3702 4612 3838 4679 μετὰ

2268 4711 2440 4764 ταῦτα
2473 4712 2528 4761 ὲν
2559 4711 2674 4770 ταῖς
2695 4710 2924 4768 οἰκείαις
2949 4707 3132 4774 τιμαῖς
3157 4704 3405 4768 ἐδέξαντο
3437 4718 3449 4731 ·
3480 4705 3571 4754 καί
3604 4703 3686 4754 ὅτι
3746 4705 3838 4764 οὓς

2269 4801 2443 4864 αὑτοὶ,
2469 4802 2516 4851 οἱ
2549 4800 2674 4866 παρ’
2715 4798 2893 4850 αὐτῶν
2925 4795 3434 4863 καταδεδικασμένοι
3457 4794 3549 4846 καὶ
3579 4793 3838 4863 ὲκὸεδλη-

2272 4893 2424 4960 μένοι
2459 4891 2554 4958 τῆς
2585 4887 2710 4955 παρ’
2741 4888 2922 4948 αὐτοῖς
2949 4885 3266 4956 ἰερωσύνης,
3323 4884 3646 4949 ἐϐάπτισαν,
3699 4900 3833 4952 παρη

2269 4983 2544 5047 εδεξαντο·
2598 4979 2690 5031 καὶ
2747 4979 2829 5029 ὃτι
2871 4976 2991 5028 οὐδὲ
3035 4975 3252 5042 λέγουσι
3303 4971 3625 5042 μολύνεσθαι
3665 4971 3834 5025 ταῦτα

2270 5069 2567 5130 ποιοῦντες.

2340 5161 2581 5214 ΖΩΝΑΡ.
2622 5159 2729 5212 Καὶ
2746 5158 2917 5211 ταῦτα
2935 5158 3060 5226 περὶ
3076 5156 3431 5208 Δονατιστῶν·
3452 5154 3831 5225 τοποτηρητὰς

2266 5252 2372 5322 γάρ
2389 5252 2529 5316 ἔδοξε
2546 5252 2798 5319 σταλῆναι
2819 5252 2950 5317 πρὸς
2963 5248 3157 5308 αὐτοὺς
3174 5249 3235 5299 ὲκ
3250 5248 3345 5315 τῆς
3364 5245 3582 5299 συνόδου
3601 5262 3835 5315 προσκα-

2268 5341 2859 5411 λουμένουςαῦτοὺςείς
2898 5338 2958 5389 τὸ
2988 5337 3302 5406 είρηνεῦσαι
3342 5337 3429 5388 καὶ
3456 5335 3721 5403 ἑωθῆναι
3760 5339 3827 5404 τῇ

2269 5435 2529 5504 καθολικῇ
2570 5433 2884 5502 Ἐκκλησία,
2914 5433 3008 5483 καὶ
3039 5429 3416 5492 ἀποδείξοντας
3440 5429 3619 5490 αὐτοῖς
3665 5429 3747 5480 ὅτι
3771 5429 3831 5480 οὐ

2270 5527 2447 5588 καλῶς
2478 5525 2886 5578 ἁντιτάσσονται
2907 5525 2971 5592 τῇ
3009 5522 3201 5592 εἰρήνῃ
3240 5523 3336 5589 τῆς
3369 5519 3828 5588 ὲκκλησιαττικῆς

2270 5617 2674 5678 καταστάσεως,
2709 5613 2826 5666 οὐδὲ
2872 5612 3098 5673 δικαίως
3125 5609 3484 5679 φιλονεικοῦσι
3520 5613 3584 5680 τῇ
3616 5610 3829 5663 καθολι-

2271 5709 2338 5774 κῇ
2372 5704 2668 5772 Ἐκκλησία
2699 5702 2785 5754 διὰ
2841 5701 2938 5768 τῆς
2979 5699 3386 5769 μεμερισμένης
3411 5699 3594 5755 αὐτῶν
3637 5717 3827 5754 κοινω-
