4148 6454
650 372 749 434 2Ἴί

1912 374 2186 435 ἸἭΕΟῘ).
2229 373 2625 434 BALSAMON

3753 372 3857 439 9⁸12

656 499 771 535 rum
802 497 1067 537 canonum
1100 480 1626 551 interpretationibus
1674 480 1829 534 sitam
1883 480 2028 549 legas
2083 482 2196 532 vel-

2302 481 2648 551 βαπτίσματα
2676 486 2754 547 εἰς
2785 488 2851 538 τὰ
2880 487 3002 540 κατ’
3022 485 3168 540 οἷκον
3196 487 3477 555 εύκτήρια.
3541 484 3653 538 Καὶ
3702 485 3857 537 τοῦτο

652 573 773 627 leui.

719 828 963 883 ZONAR.
1000 827 1096 882 Hic
1123 830 1279 883 etiam
1311 832 1374 884 de
1408 832 1731 884 continentia
1759 845 1964 896 eorum,
1992 830 2081 897 qui
2108 845 2199 885 sa-

658 922 763 974 cris
811 921 997 972 initiati
1055 930 1202 985 sunt,
1246 921 1313 973 ab
1358 937 1583 974 uxorum
1620 937 1837 975 suorum
1872 924 2199 976 commercio

647 1010 833 1063 Patres
887 1012 1199 1063 decernunt.
1260 1010 1532 1076 Episcopis
1576 1024 1721 1077 ergo,
1778 1012 2103 1078 presbyteris
2139 1021 2195 1065 et

646 1102 887 1154 diaconis
939 1101 1005 1152 ab
1031 1101 1108 1153 eis
1136 1100 1506 1153 abstinendum
1536 1114 1653 1153 esse
1682 1102 2026 1167 praecipiunt;
2058 1116 2118 1154 ac
2148 1101 2193 1154 si

645 1190 734 1254 qui
772 1195 952 1242 contra
973 1189 1134 1257 607
1164 1189 1386 1242 fecerint
1410 1192 1737 1257 depositione
1765 1192 2083 1257 puniendos.
2114 1192 2193 1244 Ab

647 1280 763 1333 aliis
794 1294 919 1332 vero
953 1279 1165 1331 clericis
1194 1292 1524 1346 nequaquam
1571 1280 1621 1332 id
1674 1279 1929 1344 exigunt;
1974 1280 2067 1333 sed
2128 1280 2195 1334 ab

647 1381 963 1435 unoquoque
1011 1366 1251 1419 ecclesia:
1301 1381 1410 1418 snas
1457 1370 1898 1420 consuetudinem
1937 1370 1987 1421 in
2023 1385 2087 1421 ea
2139 1384 2195 1423 re

652 1460 854 1513 servari
898 1458 1100 1524 iubent.
1144 1458 1316 1526 Atque
1367 1458 1451 1510 hic
1498 1473 1712 1529 quoque
1758 1461 2192 1515 consuetudinem

646 1554 751 1601 vim
794 1548 924 1617 legis
954 1549 1198 1601 obtinere
1246 1548 1689 1601 animadvertere.
1743 1546 1817 1603 De
1860 1550 2191 1603 continentia

644 1653 803 1707 porro
833 1653 858 1689 a
895 1637 1129 1704 propriis
1159 1637 1413 1689 uxoribus
1439 1638 1719 1699 servanda,
1758 1651 1823 1690 ne
1852 1651 1970 1690 cum
2008 1638 2072 1691 iis
2099 1652 2195 1705 per

647 1741 853 1796 tempus
880 1728 1092 1794 aliquod
1128 1726 1449 1779 conveniens
1480 1740 1589 1779 rem
1623 1725 1887 1791 habeant,
1914 1728 2003 1795 qui
2036 1742 2192 1781 sacra

2303 571 2619 641 ἡπράκτησε
2651 574 2718 626 δι’
2748 576 2933 644 ἓτερον
2976 577 3131 642 λόγον
3164 578 3270 629 ἀπὸ
3298 576 3516 645 Νεαρᾶς
3558 575 3653 627 τοῦ
3713 575 3860 642 φιλο-

2305 660 2466 728 σόφου
2493 663 2657 731 κυροῦ
2680 663 2925 727 Λέοντος,
2961 666 3028 733 ἢν
3078 668 3169 717 καὶ
3211 666 3483 734 ἀνάγνωθι
3542 681 3853 733 καταστρω-

2303 748 2485 803 θεῖσαν
2512 751 2569 801 ιν
2608 751 2921 818 ἑρμηνείαις
2948 751 3217 819 διαφόρων
3246 755 3505 807 κανόνων.

2373 839 2616 894 ΖΩΝΑΡ.
2653 840 2943 892 Κάνταῦθα
2971 844 3019 892 οἰ
3061 842 3295 903 Πατέρες
3321 838 3465 894 οὗτοι
3492 843 3621 911 περὶ
3652 844 3850 910 ἐγκρα-

2305 925 2447 988 τείας
2490 928 2587 995 τῆς
2643 928 2777 996 πρὸς
2818 930 2914 990 τὰς
2950 929 3157 982 ἑαυτῶν
3201 932 3446 999 γαμετὰς
3480 931 3855 984 διατάττονται

2300 1018 2409 1075 τοῖς
2438 1017 2775 1084 ἰερωμένοις,
2801 1017 2893 1069 καί
2935 1035 3067 1085 φασι
3098 1020 3205 1072 δεῖν
3230 1023 3357 1083 τοὺς
3401 1022 3731 1084 ἰπισκόπους
3764 1022 3857 1076 καὶ

2299 1106 2699 1174 πρεσϐυτέρους
2726 1109 2818 1159 καὶ
2847 1108 3129 1171 διακόνους
3152 1111 3453 1179 ἀπέχεσθαι
3485 1114 3578 1163 καὶ
3625 1115 3691 1165 ὲκ
3747 1114 3857 1165 τῶν

2300 1196 2442 1247 ἰδίων
2471 1198 2719 1264 γαμετῶν
2746 1198 2885 1249 κατὰ
2912 1200 3033 1260 τοὺς
3076 1200 3235 1261 ἰδίους
3281 1202 3459 1269 ὅρους,
3510 1203 3676 1271 ήγουν
3716 1204 3855 1254 κατὰ

2295 1287 2393 1347 τὰς
2417 1286 2721 1355 ὡρισμένας
2749 1288 2960 1358 ἡμέρας
2984 1290 3078 1357 τῆς
3101 1291 3327 1343 ἑκάστου
3366 1292 3689 1361 ἰφημερίας,
3730 1292 3856 1351 τοὺς

2295 1377 2350 1431 δὲ
2409 1378 2483 1445 μὴ
2533 1378 2688 1430 τοῦτο
2730 1378 3011 1443 ποιοῦντας
3067 1382 3460 1449 καθαιρεῖσθαι.
3524 1384 3703 1453 ὀπερ
3730 1386 3856 1445 τοὺς

2296 1465 2511 1528 λοιποὺς
2554 1467 2845 1537 κληρικοὺς
2894 1472 3332 1540 παραφυλάττειν
3373 1473 3471 1525 οὐκ
3540 1474 3853 1536 ἀπαιτοῦσι,

2297 1558 2468 1608 ποιεῖν
2526 1556 2569 1608 δ’
2608 1559 2842 1621 έχείνους
2867 1560 3102 1629 ὁρίζουσι
3145 1563 3282 1615 κατά
3306 1563 3401 1630 τὴν
3438 1562 3534 1631 τῆς
3560 1563 3855 1632 ἔκκλησίας

2296 1646 2352 1697 ὲν
2397 1642 2429 1717 ᾖ
2458 1648 2681 1709 ἕκαστος
2718 1651 3113 1721 ἐχειροτονήθη,
3148 1653 3453 1721 συνήθειαν.
3487 1654 3629 1721 Ὅρα
3676 1656 3856 1707 τοίνυν

2297 1738 2569 1791 κάνταῦθα
2596 1740 2655 1791 τὸ
2690 1738 2807 1801 ῐθος
2852 1740 2925 1802 ὡς
2954 1742 3111 1809 νόμον
3147 1744 3395 1811 κρατοῦν.
3446 1745 3556 1797 Καὶ
3604 1747 3631 1797 ὁ
3686 1754 3754 1813 ιγ
3796 1747 3854 1799 δὲ

648 1824 896 1879 tractant,
923 1817 1113 1868 tertius
1140 1814 1374 1865 decimus
1408 1822 1573 1867 sextae
1605 1814 1820 1880 synodi,
1846 1816 1973 1883 quin
2002 1824 2055 1869 et
2088 1825 2193 1869 ter-

2296 1828 2470 1881 κανὼν
2498 1829 2595 1893 τῆς
2622 1828 2783 1898 ἕκτης
2832 1805 3048 1882 συνόδου
3092 1805 3417 1901 πλατύτερον
3456 1832 3675 1899 διέξεισι
3718 1805 3856 1903 ’περὶ

648 1908 753 1959 tius
778 1905 1017 1974 Dionysii
1048 1900 1401 1958 Alexandrinl
1429 1903 1818 1973 archiepiscopi
1850 1918 2041 1969 canon,
2068 1904 2197 1958 ube-

648 1999 760 2050 rius
786 1996 1072 2050 disserunt.

646 2252 868 2306 ARIST.
912 2272 930 2303 r
976 2252 1255 2321 Episcopi,
1296 2253 1628 2322 presbyteri,
1679 2262 1732 2306 et
1764 2254 1972 2307 diaconi
2006 2270 2033 2308 a
2077 2268 2197 2322 pro—

725 2361 743 2393 s
784 2343 913 2410 priis
947 2342 1202 2394 uxoribus
1237 2341 1553 2405 abstineant,
1585 2341 1662 2395 vel
1704 2341 1889 2395 ordine
1939 2343 2199 2395 ecclesia-

722 2451 739 2483 ι
779 2434 911 2486 stieo
943 2433 1332 2484 dimoveantur.
1358 2429 1564 2497 Reliqui
1595 2447 1723 2484 vero
1748 2432 1927 2484 clerici
1964 2434 2027 2484 ad
2060 2434 2197 2485 idem

723 2541 742 2573 ι
781 2537 846 2575 ne
873 2522 1262 2590 compellantur
1293 2538 1310 2574 :
1344 2525 1434 2574 sed
1466 2523 1793 2575 consuetudo
1820 2523 2185 2575 observetur.i

717 2698 815 2755 Hic
860 2716 1031 2755 canon
1064 2701 1127 2753 de
1158 2701 1407 2753 omnibus
1438 2701 1552 2754 sine
1582 2700 1922 2755 distinctione
1971 2703 2153 2755 statuit
2180 2740 2195 2764 ,

645 2793 933 2858 epist-Opis,
973 2794 1319 2859 presbyteris.
1358 2802 1409 2845 et
1451 2792 1689 2846 diacouis
1748 2793 2039 2846 secundum
2067 2807 2194 2861 pro-

647 2883 759 2949 pria
797 2891 1036 2947 tempora
1079 2896 1107 2933 a
1136 2882 1245 2934 suis
1274 2882 1542 2935 abstinere
1572 2884 1843 2935 uxoribus.
1877 2886 1943 2934 At
1988 2882 2193 2935 duode-

644 2974 818 3026 cimus
851 2982 1018 3024 sexta:
1046 2972 1093 3022 in
1128 2968 1310 3022 Trullo
1354 2973 1539 3038 synodi
1582 2986 1751 3024 canon
1781 2973 2045 3039 episcopis
2090 2986 2193 3025 non

644 3062 925 3130 permittit,
960 3066 1245 3128 postquam
1283 3060 1347 3112 ad
1392 3060 1756 3127 episcopatum
1806 3062 2037 3111 ordinati
2075 3059 2193 3111 fue-

643 3161 788 3214 runt,
840 3165 957 3201 cum
1010 3151 1121 3201 suis
1154 3151 1412 3202 ux0ribus
1458 3151 1767 3202 cohabitare
1802 3188 1817 3211 ,
1850 3164 1915 3201 ne
1941 3148 2193 3202 olfensio-
2221 3119 2267 3179 θ

644 3256 763 3294 nem
796 3249 848 3293 et
893 3238 1199 3291 scandalum
1230 3238 1424 3290 exinde
1452 3238 1658 3306 populis
1688 3237 1896 3290 darent.
1946 3238 2015 3290 At
2055 3240 2200 3303 ejus-

645 3332 764 3383 dem
794 3329 981 3399 synodi
1019 3343 1189 3381 canon
1229 3327 1293 3379 l3
1332 3329 1548 3380 mandat
1582 3329 1905 3396 presbyteris
1940 3338 1993 3381 et
2021 3330 2200 3381 diaco—

647 3418 757 3480 nis,
792 3432 911 3467 cum
938 3416 1271 3469 ordinatione
1305 3416 1599 3468 habeantur
1629 3418 1794 3483 digni,
1842 3430 1871 3467 a
1924 3416 2033 3469 suis
2070 3431 2201 3470 uxo-

644 3509 793 3561 ribus
846 3508 1096 3559 secedere
1159 3520 1264 3557 non
1316 3507 1587 3574 proﬁteri;
1642 3506 2093 3573 quemadmodum
2146 3509 2199 3561 in

646 3598 1004 3652 Romanorum
1055 3597 1287 3651 Ecclesia
1322 3600 1543 3651 canonis
1573 3599 1637 3651 ad
1684 3600 1855 3651 instar
1890 3600 2012 3651 illud
2061 3600 2201 3653 obti.

645 3700 831 3743 uuerat
863 3689 991 3743 :sed
1025 3704 1141 3740 cum
1176 3689 1239 3741 iis
1272 3690 1537 3753 habitare,
1564 3699 1617 3741 et
1652 3701 1827 3743 mutua
1854 3692 2195 3745 convenienti

646 3792 888 3847 tempore
913 3779 1322 3832 conversatione
1355 3793 1458 3831 non
1493 3780 1713 3846 privari.
1762 3777 2060 3831 Prmvalent
2102 3780 2203 3832 ita-

642 3886 744 3937 que
786 3870 871 3922 isti
918 3883 1172 3936 canones,
1202 3880 1254 3923 et
1288 3870 1575 3922 secundum
1622 3883 1715 3922 eos
1759 3868 1997 3922 Ecclesia
2045 3870 2203 3923 hodie

640 3957 996 4027 gubernatur.

1162 4210 1384 4266 CANON
1421 4211 1654 4266 LXXIV.

650 4322 663 4345 ‹
709 4302 779 4355 De
813 4303 897 4365 iis,
930 4303 1019 4369 qui
1057 4302 1300 4370 pr0prios
1344 4304 1565 4370 populos
1609 4302 1936 4371 relinquunt.
1993 4305 2204 4360 Rursus

719 4411 735 4441 ι
780 4393 996 4459 placuit,
1028 4402 1084 4443 ut
1112 4391 1242 4443 nulli
1267 4391 1425 4443 liceat
1446 4391 1720 4460 episcopo,
1748 4395 1925 4447 relicta
1950 4410 2045 4447 sua
2075 4398 2202 4449 sede

717 4501 733 4532 ι
775 4484 1077 4550 principali,
1132 4484 1198 4534 ad
1252 4483 1483 4547 aliquam
1533 4484 1817 4536 ecclesiam
1875 4486 1929 4537 in
1983 4486 2199 4540 dimcesi

715 4590 732 4620 ε
772 4574 1115 4623 constitutam
1150 4572 1383 4638 seipsum
1411 4572 1681 4637 conferre;
1712 4576 1790 4627 vel
1812 4576 1876 4627 de
1908 4590 1961 4629 rc
1986 4579 2201 4645 propria

720 4680 737 4711 ε
777 4664 1053 4730 plusquam
1082 4674 1288 4731 oportet
1310 4664 1561 4730 sollicito,
1588 4667 1815 4735 propriae
1845 4668 1987 4721 sedis
2018 4683 2200 4722 curam

715 4772 731 4802 ι
771 4762 823 4805 et
858 4752 1266 4807 sollicitudinem
1299 4753 1588 4823 negligere.
1622 4773 1640 4806 ι

712 5033 903 5087 BALS.
937 5036 1159 5101 Quidam
1180 5037 1415 5107 episcopi
1447 5054 1569 5093 suas
1596 5038 1892 5107 primitivas
1914 5045 2199 5100 cathedras

646 5124 1024 5190 relinquentes,
1066 5126 1119 5177 in
1146 5128 1351 5194 aliquas
1383 5129 1515 5181 alias
1546 5130 1803 5183 ecclesias
1843 5134 2199 5198 parmciarum

642 5214 705 5265 ad
732 5229 789 5266 se
819 5217 1220 5281 pertinentium,
1252 5232 1367 5284 quae
1389 5229 1535 5270 erant
1566 5218 1701 5273 forte
1744 5223 1910 5290 magis
1934 5226 2203 5291 populosa:

642 5315 733 5356 aut
769 5305 985 5373 majoris
1020 5306 1285 5368 redditus,
1316 5321 1374 5358 se
1426 5308 1798 5371 conferebant,
1824 5321 1875 5364 et
1908 5312 2017 5366 illic
2050 5316 2204 5367 sede-

643 5397 789 5447 bant.
823 5394 1141 5447 Statuerunt
1166 5410 1293 5462 ergo
1340 5396 1543 5459 Patres,
1586 5400 1715 5453 nulli
1768 5402 1929 5456 licere
1963 5404 2064 5458 boc
2114 5405 2197 5457 fa-

646 5500 770 5540 cere
808 5499 821 5535 :
850 5486 942 5539 sed
980 5501 1151 5554 neque
1184 5489 1381 5555 proprii
1412 5492 1607 5557 negOtii
1636 5492 1805 5560 gratia
1836 5494 2111 5548 discedere
2136 5496 2204 5549 ab

644 5589 727 5638 ca,
762 5588 880 5641 qua:
910 5574 1056 5625 illum
1088 5575 1174 5626 diu
1206 5576 1394 5628 sortita
1434 5588 1535 5643 est,
1576 5588 1629 5629 et
1653 5578 1730 5631 sic
1764 5579 2026 5648 populum
2062 5582 2203 5636 assi-

647 5666 748 5719 due
779 5665 998 5720 docendi
1046 5680 1228 5720 curam
1280 5682 1382 5722 nou
1426 5683 1631 5738 gerere.
1670 5669 1733 5724 Et
1772 5670 1828 5725 in
1860 5671 1943 5727 bis
1973 5674 2195 5743 quidem

2294 1916 2391 1984 τῆς
2428 1918 2747 1985 ἐγκρατείας
2796 1918 2902 1969 τῶν
2951 1919 3095 1971 ἰδίων
3155 1920 3426 1989 γαμετῶν,
3488 1921 3626 1974 ὥστε
3678 1926 3855 1977 αύτὼν

2293 2008 2587 2076 ἀπέχεσθαι
2634 2010 2773 2059 κατὰ
2833 2007 2923 2059 τδν
2953 2009 3139 2077 καιρὸν
3184 2010 3271 2061 τὸν
3342 2012 3686 2077 προσήκοντα
3728 2014 3854 2073 τοὺς

2293 2098 2652 2166 ψηλαφῶντας
2680 2099 2745 2149 τά
2775 2098 2925 2164 άγια,
2958 2099 3097 2150 ἀλλὰ
3122 2100 3214 2152 καὶ
3244 2100 3272 2150 ό
3314 2098 3361 2166 ί
3407 2100 3586 2153 κανὼν
3625 2101 3719 2153 τοῦ
3757 2102 3857 2172 άρο

2294 2187 2640 2253 χιεπισκόπου
2678 2186 3072 2256 Ἀλεξανδρείας
3109 2189 3429 2242 Διονουσίου.

2295 2274 2517 2327 ΑΡΙΣΤ.
2558 2294 2576 2326 ι
2615 2275 2949 2338 Ἑπίσκοποι,
2981 2277 3342 2347 πρεσϐύτεροι
3366 2279 3459 2331 καὶ
3487 2278 3723 2334 διάκονοι
3747 2282 3856 2335 τῶν

2373 2380 2390 2412 ι
2440 2364 2582 2414 ἰδίων
2613 2367 2865 2431 γαμετῶν
2900 2366 3311 2433 ἀπεχέσθωσαν,
3342 2369 3373 2435 ἢ
3413 2367 3513 2429 τῖις
3555 2370 3853 2438 ἐκκλησια-

2372 2470 2389 2501 ι
2439 2453 2626 2518 στικῆς
2676 2456 3137 2508 άποκινείσθωσαν
3180 2456 3405 2521 τάξεως.
3461 2461 3522 2511 Ol
3575 2461 3754 2513 λοιποὶ
3799 2460 3856 2512 δὲ

2370 2559 2387 2590 ι
2438 2541 2685 2611 κληρικοὶ
2708 2544 2841 2611 πρὸς
2869 2546 3025 2596 τοῦτο
3058 2547 3131 2614 μὴ
3164 2548 3659 2614 άναγκαζίσθωσαν
3682 2566 3695 2578 ·
3735 2549 3853 2601 ἀλλ’

2373 2646 2390 2677 ι
2437 2629 2468 2696 ή
2504 2630 2752 2697 συνήθεια
2785 2630 3155 2695 φυλαττέσθω.
3194 2652 3212 2685 ι

2365 2709 2532 2776 Οὗτος
2558 2718 2585 2766 ό
2612 2716 2789 2768 κανὼν
2819 2720 2945 2787 περὶ
2979 2722 3195 2772 πάντων
3225 2721 3590 2785 άδιαστίκτως
3635 2726 3856 2778 διατάτ-

2297 2821 2467 2867 τεται,
2500 2806 2829 2873 ἐπισκόπων,
2868 2810 3249 2880 πρεσϐυτέρων
3277 2815 3369 2865 καὶ
3405 2817 3688 2879 διακόνων,
3716 2817 3857 2869 κατὰ

2300 2894 2423 2955 τοὺς
2454 2894 2613 2956 ἰδίους
2636 2897 2815 2963 δρους,
2858 2898 2963 2949 τῶν
2999 2900 3143 2951 ἰδίων
3168 2902 3469 2971 ἀπέχεσθαι
3499 2906 3755 2973 γαμετῶν
3775 2924 3789 2939 ·
3825 2908 3853 2959 6

2296 2981 2350 3031 δὲ
2376 2981 2670 3043 δωδέκατος
2707 2982 2885 3035 κανὼν
2915 2986 3011 3054 τῆς
3059 2989 3115 3038 ἰν
3156 2989 3230 3056 τῷ
3258 2990 3509 3061 Τρούλλῳ
3544 2993 3708 3064 ἕκτης
3735 3013 3860 3048 συν-

2298 3070 2413 3121 όδου
2444 3072 2502 3121 οὐ
2538 3076 2809 3141 συγχωρεῖ
2837 3077 2943 3134 τοῖς
2979 3078 3292 3139 ἑπισκόποις
3322 3083 3458 3147 μετὰ
3521 3083 3620 3152 τὴν
3656 3086 3855 3152 προελ-

2302 3157 2499 3208 θοῦσαν
2546 3157 2630 3207 ἔπ’
2664 3160 2846 3220 αὐτοῖς
2892 3164 2988 3229 τῆς
3022 3163 3326 3232 επισκοπῆς
3364 3170 3701 3235 χειροτονίαν
3736 3175 3857 3235 ταῖς

2306 3246 2463 3307 ἰδίαις
2504 3251 2769 3301 συνοικεῖν
2805 3252 3104 3318 γαμεταῖς·
3147 3254 3231 3304 ῖνα
3275 3254 3348 3323 μὴ
3382 3258 3719 3328 πρόσκομμα
3745 3264 3856 3321 τοῖς

2298 3335 2445 3397 λαοῖς
2491 3336 2737 3390 ἐντεῦθεν
2780 3335 2881 3392 ὦσι
2922 3343 3161 3404 τιθέντες
3210 3347 3303 3397 καὶ
3348 3348 3668 3403 σκάνδαλον.
3710 3352 3767 3403 Ὀ
3800 3354 3857 3405 δὲ

2298 3426 2744 3493 τρισκαιδέκατος
2773 3428 2871 3494 τῆς
2900 3431 3067 3499 αὐτῆς
3100 3433 3315 3484 συνόδου
3364 3435 3544 3488 κανὼν
3575 3441 3853 3507 προστάτ-

2300 3532 2379 3566 τει
2424 3518 2546 3577 τοῦς
2592 3518 2995 3587 πρεσσυτέιιους
3043 3522 3136 3573 καὶ
3166 3524 3447 3586 διακόνους
3496 3528 3570 3596 μὴ
3614 3530 3854 3599 καθομο-

2301 3602 2499 3668 λογεῖν,
2528 3607 2583 3658 ὲν
2606 3607 2683 3671 τῷ
2716 3606 2996 3670 ἀξιοῦσθαι
3025 3608 3125 3675 τῆς
3168 3614 3522 3679 χειροτονίας,
3556 3616 3664 3667 τῶν
3709 3618 3852 3669 ἰδίων

2301 3694 2633 3759 ἀφίστασθαι
2682 3698 2958 3766 γαμετῶν,
2986 3699 3164 3760 καθὼς
3204 3702 3259 3751 ἰν
3295 3705 3358 3771 τῇ
3406 3704 3697 3773 Ῥωμαίων
3732 3705 3852 3760 Ἐκ-

2303 3780 2498 3851 κλησίᾳ
2528 3786 2587 3835 ἐν
2614 3784 2762 3846 τάξει
2803 3787 3024 3849 κανόνος
3053 3787 3209 3840 τοῦτο
3239 3790 3525 3859 ἰκράτησε⁵
3556 3793 3695 3846 ἀλλά
3725 3812 3853 3848 συν-

2301 3874 2471 3922 οικεῖν
2526 3874 2739 3934 αὐταῖς,
2800 3876 2891 3926 καὶ
2959 3877 3033 3944 μὴ
3079 3879 3497 3946 ἀποστερεῖσθαι
3560 3886 3659 3951 τῆς
3721 3886 3858 3955 πρὸς

2302 3962 2563 4030 ἀλλήλους
2615 3966 2755 4017 κατὰ
2808 3967 2997 4036 καιρὸν
3060 3968 3151 4019 τδν
3207 3973 3548 4040 προσήκοντα
3616 3976 3853 4042 ὁμιλίας.

2304 4053 2608 4119 Κρατοῦσιν
2635 4054 2724 4106 οῦν
2755 4057 2803 4107 οἰ
2835 4060 3068 4122 κανόνες
3108 4061 3327 4124 ἐκεῖνοι,
3366 4061 3458 4113 καὶ
3501 4065 3622 4115 κατ’
3657 4067 3856 4127 αὐτοὺς

2303 4141 2592 4215 σήμερονή
2639 4144 2928 4215 Ἐκκλησία
2961 4150 3324 4205 πολιτεύεται.

2894 4239 3125 4294 ΚΑΝΩΝ
3162 4239 3278 4297 OA'.

2309 4337 2327 4369 ι
2365 4321 2498 4391 Περὶ
2537 4322 2645 4375 τῶν
2683 4325 2806 4385 τοὺς
2851 4326 3011 4388 ἰδίους
3040 4329 3202 4390 λαοὺς
3239 4332 3859 4403 ἐγκαταλιμπανόντων.

2233 4447 2277 4503 D
2379 4429 2396 4461 ι
2443 4411 2609 4463 Πάλιν
2650 4414 2867 4483 ἤρεσεν,
2894 4416 3035 4470 ὥστε
3088 4420 3281 4489 μηδενί
3309 4424 3512 4487 ἰξιῖναι
3548 4426 3859 4497 intexet-np,

2378 4520 2396 4551 ι
2438 4503 2892 4576 καταλειφθείσης
2951 4510 3048 4578 τῆς
3134 4513 3452 4585 αύθεντικῆς
3506 4519 3673 4572 αὑτοῦ
3726 4520 3864 4576 καθ·-

2379 4608 2396 4641 ι
2443 4592 2619 4660 έδρας,
2655 4598 2788 4664 πρός
2824 4615 2941 4651 τινα
2989 4601 3283 4671 ἐκκλησίαν
3342 4609 3400 4659 εν
3434 4608 3697 4681 διοικήσει
3724 4613 3861 4666 καθ-

2377 4698 2394 4730 ι
2440 4682 2682 4735 εστῶσαν
2768 4687 2961 4739 ἑαυτὸν
3035 4692 3329 4763 ἀποφέρειν
3374 4711 3390 4727 ο
3444 4699 3476 4768 ἢ
3544 4704 3604 4754 έν
3672 4706 3860 4774 οἰκείῳ

2378 4790 2395 4821 ι
2442 4773 2747 4840 πράγματι,
2776 4777 2913 4845 ὑπὲρ
2938 4778 2964 4829 δ
2993 4779 3361 4847 χρή.έπιπολὺ
3389 4773 3861 4862 άπασχολουμένιρ

2380 4880 2398 4913 ι
2440 4864 2660 4933 ἀμελεῖν
2708 4865 2807 4933 τῆς
2858 4869 3136 4936 φροντίδος
3180 4873 3273 4924 καὶ
3310 4874 3411 4938 τῆς
3457 4882 3737 4947 συνεχείας
3765 4882 3862 4937 τοῦ

2381 4970 2399 5003 ε
2451 4953 2581 5004 ἰδίου
2610 4954 2821 5024 θρόνου.
2864 4974 2885 5007 s

2372 5042 2569 5095 ΒΑΛΣ.
2625 5045 2779 5107 Τινὲς
2830 5046 3144 5113 ἐπίσκοποι,
3198 5055 3707 5128 καταλιμπάνοντες
3762 5067 3863 5130 τάς

2304 5132 2688 5202 πρωτοτύπους
2709 5137 2971 5205 καθέδρας
3001 5140 3199 5205 αὐτῶν,
3221 5143 3539 5214 ἀπήρχοντο
3565 5158 3657 5205 καὶ
3681 5173 3860 5229 προσ-

2305 5223 2572 5292 εκάθηντο
2636 5225 2715 5286 είς
2766 5244 2915 5290 τινας
2966 5231 3159 5300 ἑτέρας
3209 5235 3507 5303 δκκλησίας
3560 5223 3869 5313 παροικιῶν

2305 5406 2337 5473 ἦ
2388 5413 2483 5461 χαὶ
2537 5410 3069 5482 πολυεισοδωτέραςσ
3126 5415 3331 5485 ῶρισαν
3386 5416 3479 5473 οὖν
3530 5425 3581 5475 οἰ
3627 5427 3871 5499 Πατέρες

2309 5499 2497 5569 μηδενὶ
2532 5502 2815 5573 ὲπισκόπῳ
2863 5505 3062 5569 ιξεὶναι
3120 5510 3277 5562 τοῦτο
3334 5515 3534 5581 ποιεῖν,
3561 5517 3701 5570 ἀλλὰ
3733 5521 3868 5587 μηδι

2307 5591 2463 5659 χάριν
2508 5592 2816 5657 ὑποθέσεως
2868 5599 3076 5661 οἰκείας
3128 5602 3606 5671 ἀπολιμπάνεσθαι
3665 5612 3731 5662 ἐκ
3772 5610 3871 5679 τῆς

2307 5682 2576 5754 λαχούσης
2632 5686 2791 5739 αὑτὸν
2825 5687 2913 5739 ἐπὶ
2944 5689 3104 5754 πολὺ,
3144 5694 3240 5745 καὶ
3296 5694 3471 5762 οὕτως
3521 5700 3746 5771 ἀμελεῖν
3771 5702 3873 5758 τοῦ
