4148 6456
289 377 397 442 273

1310 394 1390 456 ΙΝ
1430 393 1595 457 CAN.
1636 394 1865 456 LXXIV
1905 394 2109 458 CONC.
2145 401 2514 464 CARTHAG.

3419 403 3524 466 274

291 496 538 563 συνεχῶς
559 498 828 552 διδάσκειν
856 500 945 555 τὸν
974 503 1169 556 οἰκεῖον
1193 504 1464 560 λαόν.Καὶ
1491 508 1519 559 δ
1547 506 1646 575 μέν
1674 506 1851 559 κανὼν

1960 518 2206 564 versatur
2234 526 2431 567 canon.
2469 513 2890 583 lnterrogaverit
2913 515 3096 568 autent
3121 511 3412 581 quispiam,
3449 531 3517 566 an

290 591 354 640 ἐν
386 588 944 660 τούτοις.Ἐρωτήσει
1001 593 1060 647 δι
1121 613 1226 658 τις,
1253 599 1300 648 εί
1353 597 1421 648 τὰ
1477 596 1573 648 τοῦ
1632 597 1857 658 κανόνος

291 679 480 748 ἔχουσι
509 681 696 751 χώραν
726 684 821 736 καὶ
876 685 956 746 είς
1006 686 1133 748 τοὺς
1173 686 1552 750 ἀπολέσαντας
1585 688 1860 757 ἀρχιερεῖς

291 771 392 832 τὰς
446 774 842 857 πρωτοτύπους
898 772 1167 845 καθέδρας
1221 772 1531 840 (suum,th
1588 794 1860 846 κατασχε-

292 862 482 924 θείσας
510 863 614 917 ὑπὸ
642 864 842 917 ἐθνῶν·
885 866 979 918 καὶ
1015 867 1270 920 δύνανται
1298 861 1443 921 οῦτοι
1485 869 1858 938 ἀποκριματί-

295 967 435 1012 στως
471 954 831 1020 μεταπίπτειν
858 956 938 1016 είς
969 956 1265 1023 ἐκκλησίας
1305 958 1605 1027 παροικιῶν
1645 958 1853 1023 αὖτῶν;

296 1043 506 1106 Λύσις.
531 1042 685 1104 Τινές
709 1037 864 1096 εῐπον
903 1044 1162 1099 δύνασθαι
1204 1045 1362 1099 τοῦτο
1406 1049 1578 1100 ποιεῖν
1611 1047 1699 1100 τὸν
1738 1048 1860 1100 ἐπί-

295 1146 498 1183 σκοπον
522 1131 845 1193 αὖτοθελῶς.
877 1135 1095 1203 Ἐτεροι
1126 1133 1279 1189 εἷπον
1303 1135 1516 1190 δέεσθαι
1549 1137 1738 1190 τοῦτον
1761 1139 1856 1196 καὶ

294 1221 578 1288 συνοδικῆς
605 1221 966 1286 διαγνώσεως.
1012 1223 1196 1277 ’Δλλοι
1238 1226 1331 1278 καὶ
1375 1227 1462 1280 διά
1503 1227 1857 1296 προστάξεως

294 1309 585 1378 βασιλικῆς
611 1310 769 1364 τοῦτο
808 1314 1051 1380 γίνεσθαι
1088 1311 1264 1369 εἷπον.
1299 1317 1452 1384 Ἐμοὶ
1484 1318 1540 1370 δέ
1585 1318 1732 1371 δοκεῖ
1757 1318 1853 1382 ὼς,

290 1401 344 1451 εί
371 1399 470 1468 μὲν
499 1402 526 1452 δ
551 1400 792 1464 τοιοῦτος
817 1405 1221 1473 μητροπολίτης
1253 1406 1501 1475 βούλεται
1527 1413 1857 1477 μεταπεσεῖν

289 1491 376 1552 είς
422 1489 607 1558 θρόνον
642 1493 949 1562 ἐπισκοπῆς
991 1495 1176 1559 αὑτοῦ,
1202 1498 1290 1551 διὰ
1337 1499 1397 1552 τὸ
1448 1501 1855 1569 κατασχεθῆναι

292 1579 449 1650 παρά
496 1581 668 1633 ἐθνῶν
743 1582 842 1654 τὴν
898 1586 1254 1654 πρωτότυπον
1294 1589 1589 1660 ἐκκλησίαν
1643 1592 1853 1657 τούτου,

291 1671 495 1737 ὀφείλει
522 1673 658 1740 μετά
693 1673 982 1744 βασιλικῆς
1026 1679 1373 1746 προστάξεως
1429 1681 1522 1734 καὶ
1573 1683 1856 1754 συνοδικῆς

290 1760 635 1828 διαγνώσεως
690 1765 748 1816 ἐν
789 1765 964 1836 ταύτῃ
1006 1767 1512 1822 ἀποκαθίστασθαι·
1541 1771 1730 1842 ὥσπερ
1761 1773 1857 1840 γέ-

293 1869 418 1918 γονε
473 1852 631 1906 τοῦτο
686 1855 767 1918 είς
811 1856 903 1908 τὸν
939 1834 1350 1930 ἀμητροπολίτην
1398 1834 1854 1932 Νεοκαισαρείας,
1889 1834 1929 1890 Β

291 1944 418 1996 ἀντὶ
458 1944 798 2013 καθίσματος
843 1947 1035 2018 ἔχοντα
1080 1949 1179 2020 τὴν
1221 1951 1428 2004 οίκείαν
1458 1954 1766 2023 ἐπισκοπὴν
1792 1956 1854 2010 τὸ

291 2034 532 2087 υῖναιον·
553 2038 630 2099 είς
660 2037 752 2090 τδν
784 2039 1186 2109 μητροπολίτην
1222 2043 1489 2109 Πισιδίας,
1514 2043 1852 2114 Ἀντιοχείας

287 2124 391 2194 τὴν
437 2127 745 2190 Σωζόπολιν
787 2130 1024 2184 λαϐόντα
1065 2134 1144 2195 είς
1186 2134 1467 2204 κάθισμα,
1502 2137 1597 2189 καὶ
1633 2138 1857 2207 ἐτέρους

295 2214 546 2278 πολλούς.
585 2215 645 2269 El
672 2218 728 2271 δέ
762 2220 794 2287 ἡ
825 2221 1090 2290 παροικία
1131 2222 1189 2275 οὐ
1239 2223 1526 2294 τετίμηται
1556 2227 1644 2280 διὰ
1665 2228 1855 2300 θρόνου

291 2307 656 2361 ἐπισκοπικοῦ
703 2309 792 2364 διὰ
835 2312 1004 2383 μόνης
1056 2315 1345 2384 συνοδικῆς
1377 2316 1739 2384 διαγνώσεως,
1770 2320 1858 2374 ῖνα

291 2399 607 2470 ἐγκαταστῇ
642 2403 722 2465 είς
759 2403 949 2472 αὐτὴν,
984 2407 1078 2458 καὶ
1103 2406 1202 2459 οὑκ
1241 2407 1569 2472 αὐτοθελῶς,
1598 2408 1672 2472 ὥς
1706 2427 1855 2474 τινες

293 2488 544 2556 λέγουσιν
567 2507 582 2522 ο
617 2491 705 2544 ῐνα
738 2494 813 2564 μὴ
843 2496 1145 2566 ἐναντιωθῇ
1175 2497 1251 2568 τῷ
1281 2497 1619 2569 ἀποστολικῷ
1648 2501 1854 2566 κανόνι,

291 2582 388 2635 καὶ
421 2585 536 2646 τοῖς
561 2583 791 2650 λοιποῖς,
821 2589 934 2649 τοῖς
962 2587 1354 2658 διοριζομένοις
1385 2591 1554 2660 μηδέν
1587 2610 1637 2645 τι
1669 2610 1857 2646 καινος

290 2673 458 2740 φανές
517 2678 694 2729 ποιεῖν
747 2678 837 2730 τὸν
883 2677 1180 2732 ἐπίσκοπον
1250 2682 1401 2749 παρὰ
1454 2682 1674 2751 γνώμην
1733 2701 1858 2736 συν-

287 2765 497 2836 οδικήν.
538 2765 660 2820 Ἔτι
691 2769 954 2837 ἐρωτήσει
1002 2786 1107 2831 τις,
1149 2771 1219 2835 εί,
1274 2772 1369 2825 τοῦ
1412 2774 1638 2836 κανόνος
1686 2774 1857 2827 ταῦτα

289 2855 670 2927 διορισαμένου
728 2858 949 2913 δύναται
1033 2860 1369 2925 ἐπίσκοπος,
1427 2863 1516 2916 διὰ
1575 2862 1858 2934 βασιλικῆς

290 2945 640 3016 προστάξεως
669 2948 760 3000 καὶ
787 2950 1068 3020 συνοδικῆς
1099 2950 1466 3018 διαγνώσεως,
1488 2955 1854 3022 μεταπίπτειν

289 3037 400 3090 ἀπὸ
455 3037 556 3105 τῆς
610 3042 968 3107 πρωτοτύπου
1042 3041 1312 3112 καθέδρας
1365 3043 1573 3107 αὑτοῦ,
1632 3048 1725 3098 καὶ
1780 3047 1854 3115 μὴ

1959 613 2076 666 qua:
2107 601 2210 654 hoc
2237 615 2444 656 canone
2470 602 2719 657 dicuntur
2763 602 2935 656 locum
2989 603 3220 656 habeant
3264 601 3422 654 etiam
3466 601 3518 654 in

1957 689 2307 753 antistitibus,
2340 692 2428 758 qui
2482 707 2607 747 snas
2642 693 2942 761 primitivas
2973 692 3231 748 ecclesias
3265 693 3513 762 perdide-

1959 789 2102 844 runt,
2151 789 2210 834 ut
2259 798 2378 850 qua:
2430 798 2458 834 a
2515 783 2758 851 gentibus
2797 791 3071 849 occupatas
3102 783 3302 838 fuerint
3336 801 3348 836 :
3379 799 3445 835 an
3482 782 3515 834 ii

1959 871 2164 937 possint
2189 871 2324 924 citra
2353 873 2721 941 praeiudicium
2755 875 2984 941 migrare
3012 875 3064 926 in
3103 874 3364 928 ecclesias
3393 888 3520 925 sna-

1959 976 2075 1014 rum
2102 962 2498 1028 parteciarum?
2522 964 2753 1018 Salutio.
2781 963 3006 1029 Quidam
3034 963 3286 1016 dixerunt
3312 963 3522 1032 episco-

1956 1061 2080 1114 pum
2114 1063 2178 1102 ex
2229 1052 2447 1118 pr0pria
2495 1050 2767 1105 voluntate
2820 1052 2922 1104 hoc
2966 1051 3147 1105 facere
3183 1065 3361 1119 posse.
3414 1051 3520 1106 Alii

1958 1138 2205 1193 dicebant
2235 1154 2356 1192 eum
2404 1140 2567 1194 etiam
2623 1142 2868 1211 synodali
2915 1141 3220 1210 cOgnitione
3246 1155 3383 1208 opus
3422 1141 3523 1192 ha-

1956 1234 2102 1288 bere.
2133 1233 2234 1287 Alii
2266 1235 2429 1287 etiam
2459 1248 2552 1301 per
2579 1235 2888 1287 mandatum
2940 1234 3218 1302 imperiale
3271 1235 3371 1288 hoc
3404 1233 3519 1288 ﬁeri

1957 1324 2226 1380 dicebant.
2267 1325 2393 1378 Mihi
2429 1335 2610 1379 autem
2663 1327 2874 1378 videtur
2921 1324 3061 1392 quod
3115 1325 3161 1380 si
3213 1325 3258 1377 is
3301 1323 3512 1392 quidem

1957 1415 2405 1484 metropolitanns
2432 1415 2540 1468 vult
2574 1417 2625 1469 in
2656 1417 2738 1469 sui
2791 1418 3134 1486 episc0patus
3187 1417 3365 1470 sedem
3419 1417 3514 1467 mi-

1957 1521 2131 1574 grare,
2166 1521 2229 1561 eo
2261 1509 2403 1574 quod
2457 1522 2484 1559 a
2522 1508 2770 1574 gentibus
2817 1509 2887 1563 sit
2940 1517 3201 1576 occupata
3246 1508 3517 1577 primitiva

1956 1609 2139 1650 eorum
2178 1597 2430 1658 ecclesia,
2479 1597 2633 1651 debet
2684 1613 2806 1652 cum
2871 1599 3122 1652 mandato
3167 1598 3429 1667 imperiali
3466 1611 3520 1652 et

1955 1685 2196 1755 synodali
2232 1684 2537 1753 cognitione
2569 1687 2621 1739 in
2650 1700 2711 1739 ea
2741 1687 2996 1740 cunstitui
3022 1705 3036 1740 :
3061 1686 3516 1754 quemadmodum

1957 1778 2012 1832 in
2040 1777 2400 1839 Neocresarea:
2451 1777 2861 1846 metropolitano
2891 1777 3091 1831 factum
3128 1786 3232 1842 est,
3276 1778 3366 1846 qui
3417 1795 3513 1846 pro

1957 1873 2083 1925 sede
2122 1871 2331 1940 accepit
2375 1870 2647 1938 pr0priutn
2691 1870 3057 1939 episcopatum
3118 1869 3401 1935 (Euenit);
3463 1870 3515 1923 in

1957 1963 2366 2029 metropolitano
2394 1962 2606 2016 Pisidiae
2630 1961 2952 2022 Antiochiae.
2986 1961 3072 2028 qui
3104 1960 3384 2027 Sozopolin
3417 1976 3514 2028 pro

1957 2051 2084 2106 sede
2112 2051 2355 2119 accepit;
2402 2061 2456 2106 et
2493 2051 2544 2104 in
2598 2050 2780 2106 multis
2822 2049 2965 2102 aliis.
3014 2050 3110 2104 Sin
3162 2057 3336 2102 autem
3392 2050 3519 2104 sede

1956 2147 2242 2216 episcopali
2297 2161 2402 2202 non
2452 2147 2550 2201 fuit
2600 2147 2862 2200 honorata
2900 2145 3151 2213 'partecia
3202 2159 3297 2212 per
3343 2143 3512 2198 solam

1956 2238 2264 2309 synodalem
2293 2239 2672 2306 cognitionem,
2708 2247 2765 2291 ιιι
2795 2238 2848 2290 in
2881 2251 2942 2290 ea
2971 2236 3328 2289 constituatur
3364 2251 3376 2286 :
3417 2249 3517 2286 nec

1955 2339 2020 2380 ex
2053 2325 2265 2394 propria
2287 2323 2583 2387 voluntate,
2601 2322 3046 2392 quemadmodum
3070 2321 3283 2389 quidam
3308 2319 3513 2380 dicunt;

1958 2431 2025 2470 ne
2060 2415 2256 2470 canoni
2307 2415 2602 2482 apostolico
2644 2415 2980 2476 adversetur,
3029 2419 3082 2464 ct
3136 2409 3377 2477 reliquis,
3423 2409 3514 2476 qui

1955 2514 2200 2562 statuunt
2220 2504 2530 2574 episcopum
2559 2504 2688 2558 nihil
2735 2518 2891 2572 posse
2923 2504 3178 2555 innovare
3209 2507 3400 2567 praeter
3427 2513 3518 2567 sy-

1956 2597 2202 2652 nodalem
2242 2597 2584 2653 sententiam.
2611 2595 2876 2648 Praeterea
2922 2587 3339 2658 interrogaverit
3363 2586 3516 2654 quis~

1956 2689 2120 2757 piam,
2149 2689 2190 2743 si
2221 2704 2344 2742 cum
2373 2702 2546 2741 canon
2581 2687 2694 2738 haec
2727 2683 3004 2745 decernat,
3031 2688 3206 2748 potest
3232 2677 3517 2746 episcOpns

1953 2779 2120 2849 608
2157 2791 2248 2848 per
2276 2778 2580 2831 mandatum
2614 2773 2892 2842 imperiale
2914 2781 2968 2826 et
2989 2770 3298 2841 synodalem
3325 2767 3514 2836 cogni-

1959 2872 2154 2926 tionem
2202 2885 2229 2923 a
2262 2883 2358 2924 sua
2389 2867 2655 2936 primitiva
2688 2863 2813 2919 sede
2846 2863 3101 2931 migrare,
3148 2860 3276 2911 licet
3321 2872 3427 2910 non
3482 2872 3512 2908 a

1957 2961 2203 3032 gentibus
2247 2966 2532 3024 occupata,
2562 2956 2616 3009 in
2645 2953 2953 3008 cathedram
3011 2952 3090 3002 sui
3147 2953 3513 3015 episcopatus,

1957 3053 2038 3105 vel
2067 3051 2119 3104 in
2154 3047 2435 3104 ecclesiam
2460 3060 2570 3100 suae
2600 3043 2845 3111 parmcia:
2864 3042 2886 3093 ?
2908 3039 3136 3095 Salutio.
3166 3036 3298 3090 Cum
3346 3036 3518 3101 impe-

289 3122 720 3193 κατασχεθείσης
746 3126 849 3177 ὑπὸ
887 3126 1077 3194 ἐθνῶν,
1103 3129 1185 3191 είς
1231 3131 1500 3199 καθέδραν
1547 3134 1853 3203 ἐπισκοπῆς

1956 3144 2152 3197 ratoris
2198 3140 2446 3193 mandato
2482 3144 2538 3191 et
2585 3133 2826 3206 synodali
2877 3131 3182 3198 cognitiOne
3230 3138 3515 3193 utrumque

288 3213 478 3279 αὑτοῦ,
514 3214 547 3285 ἢ
595 3217 675 3278 είς
720 3215 1017 3287 ἐκκλησίαν
1060 3221 1354 3290 παροικίας
1389 3222 1600 3277 τούτου.
1639 3227 1852 3290 Λύσις.

291 3304 444 3358 Μετὰ
472 3304 758 3378 βασιλικῆς
791 3309 1140 3379 προστάξεως
1169 3313 1266 3366 καὶ
1309 3314 1590 3386 συνοδικῆς
1617 3317 1855 3384 διαγνώ-

293 3414 428 3460 σεως
459 3400 553 3451 καὶ
587 3400 873 3469 ἀμφότερα
913 3401 994 3472 τῷ
1025 3403 1312 3476 ἐπισκόπῳ
1362 3408 1849 3478 ἐγχωρηθὴσεταιο

289 3490 466 3553 ἄλλως
497 3493 554 3546 δέ
585 3511 699 3554 πως
723 3492 980 3562 οὐδαμοῦ.
1010 3496 1109 3549 Διά
1138 3497 1297 3549 τοῦτο
1341 3497 1449 3565 γὰρ
1484 3499 1576 3552 καὶ
1606 3501 1634 3552 ὀ
1663 3501 1854 3569 ἀρχιε-

290 3584 554 3644 πτσκοπος
592 3582 795 3648 Δέρκου
825 3581 1064 3654 ζητήσας
1096 3585 1358 3650 πολλάκις
1385 3591 1712 3656 μεταπεσεῖν
1735 3590 1843 3643 ἀπὸ

289 3675 497 3744 Δέρκου
530 3674 608 3737 είς
658 3675 722 3732 τὸ
750 3675 1019 3745 ἐμπόριον
1057 3675 1147 3729 τὸν
1178 3677 1358 3742 Φίλον,
1404 3676 1492 3730 διὰ
1532 3677 1591 3730 τὸ
1623 3677 1854 3732 πολυάν-

289 3763 509 3831 θρωπον
530 3758 670 3814 εῖναι
703 3762 885 3828 τοῦτο,
917 3764 1018 3817 οὐκ
1069 3765 1420 3837 εἰσηκούσθη.
1451 3771 1558 3822 Καὶ
1611 3771 1760 3825 ἄλλοι
1793 3772 1850 3825 δέ

287 3854 566 3922 ἀρχιερεῖς
594 3852 844 3922 διάφοροι
874 3856 1094 3925 πτωχάς
1130 3857 1231 3924 μὲν
1276 3860 1575 3928 ἐκκλησίας
1614 3861 1850 3931 ἔχοντες,

289 3947 646 4013 πλουτοῦντες
689 3946 983 4018 παροικίας
1027 3948 1486 4018 πολυανθρώπους
1536 3955 1631 4008 καὶ
1687 3955 1852 4008 πλου-

290 4043 432 4106 σίας,
487 4041 582 4095 καὶ
631 4040 966 4111 ζητήσαντες
1019 4041 1216 4104 τοῦτο,
1270 4041 1371 4094 οὐκ
1421 4043 1853 4114 εἰσηκούσθησαν

285 4135 374 4187 διὰ
401 4133 494 4186 τδν
528 4132 772 4201 παρόντα
798 4133 1019 4185 κανόνα.
1045 4132 1362 4202 Σημείωσαι
1406 4133 1603 4198 ταῦτα,
1633 4138 1726 4189 καὶ
1759 4137 1853 4206 ἔχε

287 4227 380 4278 ἐπὶ
433 4226 656 4295 μνήμης
685 4224 773 4278 διὰ
821 4226 919 4287 τὰς
970 4227 1307 4294 ζητουμένας
1381 4229 1698 4296 μεταθέσεις
1758 4231 1855 4282 καὶ

288 4315 588 4384 γενομένας
612 4317 703 4368 ἐπὶ
731 4300 1212 4385 ἀρχιερεῦσίτισι.
1260 4319 1420 4385 Ζήτει
1463 4319 1559 4388 τῆς
1603 4320 1660 4371 ἐν
1709 4319 1858 4372 Χαλ-

289 4407 478 4477 κηδόνι
514 4406 736 4462 συνόδου
761 4407 988 4469 κανόνας
1018 4405 1082 4476 ιβ’
1105 4408 1201 4460 καὶ
1230 4405 1317 4472 ιζ’,
1337 4408 1596 4475 λέγοντας
1618 4410 1854 4478 ὀφείλειν

288 4503 413 4565 τοὺς
436 4501 533 4569 τῆς
548 4500 875 4570 Ἐκκλησίας
904 4499 1130 4553 ἕπεσθαι
1148 4503 1263 4564 τοῖς
1284 4501 1680 4571 διοριζομένοις
1703 4505 1854 4572 παρὰ

288 4596 388 4662 τῆς
448 4590 732 4661 βασιλικῆς
782 4591 1045 4654 ἐξουσίας.
1084 4591 1236 4644 Ἐπεὶ
1267 4593 1325 4646 δέ
1369 4595 1397 4645 δ
1438 4593 1628 4662 παρὼν
1675 4594 1854 4646 κανὼν

286 4681 581 4752 διορίζεται
610 4681 683 4750 μὴ
710 4680 1010 4751 ἀποδημεῖν
1039 4682 1131 4735 τὸν
1154 4683 1475 4746 ἐπίσκοπον,
1507 4687 1638 4750 παρ’
1661 4685 1689 4737 ὃ
1722 4683 1852 4755 χρὴ,

287 4772 399 4825 ἀπὸ
448 4771 546 4840 τῆς
602 4771 871 4840 λαχούσης
903 4770 1244 4838 αὐτὸν(ἐστι
1302 4772 1359 4824 δέ
1410 4773 1567 4825 τοῦτο
1611 4774 1850 4844 ἄδηλον),

286 4864 562 4930 ἀνάγνωθι
593 4864 682 4916 τὸν
708 4870 784 4926 ις’
815 4864 1020 4924 κανόνα,
1042 4862 1140 4932 τῆς
1175 4866 1232 4916 ἐν
1265 4864 1342 4934 τῷ
1373 4864 1486 4933 ναῷ
1513 4864 1620 4917 τῶν
1650 4865 1847 4933 ’Λγίων

1956 3235 2210 3303 episcopo
2240 3230 2562 3284 concedetur
2625 3241 2639 3277 :
2695 3222 2828 3277 alias
2885 3230 3083 3284 autem,
3137 3215 3279 3270 nullo
3335 3215 3513 3266 modo.

1957 3326 2242 3392 Propterea
2278 3321 2420 3376 enim
2453 3328 2507 3371 et
2539 3313 2973 3381 archiepiscopus
3008 3307 3181 3373 Derci,
3217 3321 3338 3358 cum
3376 3317 3515 3372 saepe

1956 3416 2229 3487 petivisset
2263 3421 2319 3466 ut
2355 3428 2382 3464 a
2408 3411 2577 3464 Derco
2605 3407 2833 3476 migrare
2879 3404 3086 3465 liceret,
3120 3403 3174 3451 in
3212 3395 3514 3463 emporium

1955 3508 2096 3578 quod
2133 3507 2329 3560 dicitur
2363 3501 2597 3564 Phileas,
2628 3513 2693 3551 eo
2724 3496 2865 3565 quod
2900 3495 2950 3546 id
2996 3502 3140 3547 esset
3181 3488 3512 3558 papnlosius,

1955 3616 2058 3654 non
2090 3608 2173 3652 est
2203 3593 2504 3650 exauditus.
2533 3589 2698 3642 Porro
2734 3598 2787 3640 et
2829 3585 2917 3638 alii
2973 3581 3169 3637 diversi
3221 3579 3512 3636 antistites.

1955 3693 2143 3760 inopes
2184 3685 2400 3757 quidem
2447 3680 2708 3735 ecclesias
2753 3677 3033 3738 habentes,
3084 3671 3279 3726 divites
3333 3676 3514 3721 autem

1956 3782 2218 3852 partecias
2246 3786 2298 3831 et
2323 3773 2629 3843 populosas,
2681 3783 2801 3822 cum
2855 3766 2955 3819 hoc
3008 3762 3514 3852 petivissentknon

1955 3845 2172 3928 luerunt
2199 3866 2432 3923 exauditi
2468 3872 2684 3930 propter
2718 3863 3035 3924 prasentem
3070 3863 3356 3904 canonem.
3382 3845 3515 3899 Nota

1956 3960 2068 4012 lucc
2095 3964 2149 4009 et
2178 3951 2434 4006 memoria
2465 3958 2586 4002 tene
2613 3953 2830 4016 propter
2867 3940 3244 3994 translationes
3272 3951 3389 4003 qua:
3420 3949 3514 4001 pe-

1957 4057 2143 4102 tuntur
2174 4045 2240 4100 ab
2271 4039 2625 4102 antistitibus,
2653 4045 2706 4090 et
2745 4035 2875 4088 [lunt
2919 4033 2972 4085 in
3003 4029 3288 4098 aliquibus.
3326 4025 3519 4091 Quare

1954 4137 2208 4195 Cltalced.
2247 4151 2369 4205 syn.
2413 4144 2646 4186 canones
2685 4127 2748 4179 12
2775 4133 2828 4179 et
2863 4125 2928 4177 l7
2958 4123 3050 4191 qui
3099 4124 3282 4173 dicunt
3318 4116 3514 4172 debere

1954 4227 2348 4284 ecclesiasticos
2377 4220 2527 4289 sequi
2551 4234 2636 4284 ea,
2660 4231 2780 4286 qua
2802 4215 3165 4268 decernuntur
3192 4226 3221 4263 a
3249 4218 3516 4279 potestate

1955 4318 2242 4387 imperiali.
2275 4314 2410 4382 Quia
2449 4321 2624 4367 autem
2660 4321 2893 4378 prasens
2926 4320 3094 4358 canon
3145 4303 3369 4361 statuit,
3406 4316 3514 4353 non

1957 4411 2151 4465 debere
2174 4407 2485 4475 episcopum
2511 4400 2837 4471 peregrinari
2871 4397 3154 4465 plusquam
3186 4401 3415 4458 oportet,
3446 4393 3515 4444 ab

1956 4517 2017 4556 ea
2045 4515 2164 4569 quae
2194 4498 2342 4551 illum
2378 4495 2603 4550 sortitus
2636 4502 2717 4546 est
2749 4491 2852 4559 (est
2885 4497 3059 4540 autem
3102 4487 3201 4538 hoc
3227 4483 3514 4550 incertum)

1958 4593 2075 4660 lege
2103 4588 2371 4645 decimum
2404 4594 2616 4639 sextum
2646 4595 2904 4636 canonem
2947 4577 3131 4648 syuodi
3177 4589 3295 4643 quae
3329 4573 3512 4625 habita

1955 4697 2035 4739 est
2067 4685 2116 4737 in
2147 4681 2259 4736 ede
2282 4678 2606 4732 Sanctorum
2633 4673 3045 4741 Apostolorum,
3080 4679 3131 4720 et
3166 4668 3521 4734 interpretare

1955 4781 2271 4844 praesentem
2309 4780 2571 4822 canonem
2599 4763 2890 4819 secundum
2937 4760 3082 4829 leges
3126 4773 3244 4826 quae
3293 4759 3344 4808 in
3400 4756 3516 4824 ipso

1955 4875 2080 4921 sunt
2122 4864 2327 4932 posita.

301 4960 644 5014 Ἀποστόλων
675 4960 950 5030 συστάσης
993 4960 1234 5026 συνόδου,
1264 4962 1358 5015 καὶ
1387 4962 1724 5031 ἐρμήνευσον
1750 4964 1841 5016 τὸν
1875 4963 2123 5034 παρόντα
2151 4959 2350 5013 κανόνα
2395 4954 2536 5007 κατά
2564 4952 2630 5006 τὰ
2684 4947 3138 5018 καταστρωθέντα
3192 4946 3398 5015 νόμιμα
3461 4947 3519 4997 ἐν

289 5052 463 5120 αὐτῷ.

361 5147 608 5202 ΖΩΝΔΡ.
639 5148 777 5209 Τοὺς
812 5147 1161 5209 ἐπισκόπους,
1205 5147 1300 5201 καὶ
1331 5147 1391 5198 τὸ
1433 5147 1641 5200 δίκα.ον
1696 5147 1850 5208 αὐτὸ,

293 5239 385 5289 καὶ
438 5239 470 5305 ἠ
521 5237 632 5289 τῶν
685 5237 842 5289 θείων
911 5236 1149 5290 κανόνων
1226 5235 1511 5304 ἀκρίϐεια,
1566 5237 1855 5289 ἀπαιτοῦσι

294 5327 625 5397 προσμένειν
678 5329 795 5389 ταῖς
848 5327 1000 5387 ίδὶαις
1049 5329 1394 5389 ἐπισκοπαῖς,
1449 5329 1540 5380 καὶ
1583 5329 1852 5382 διδάσκειν

289 5421 414 5479 τοὺς
457 5417 644 5478 λαοὺς,
673 5418 766 5468 καὶ
811 5417 1160 5484 καταρτίζειν
1205 5419 1418 5483 αὐτοὺς,
1469 5420 1603 5472 ἀλλὰ
1649 5419 1722 5489 μὴ
1754 5437 1851 5473 κχ-

290 5509 652 5578 ταλιμπὰνειν
680 5508 774 5569 τάς
810 5508 1132 5570 αὑθεντικὲις
1160 5508 1338 5560 αὐτῶν
1367 5509 1652 5580 καθέδρας.
1686 5511 1852 5581 ἤγουν

288 5602 412 5663 τοὺς
461 5598 851 5670 πρωτοτῦπους
897 5600 1119 5667 θρόνους
1170 5601 1369 5664 αὐτῶν,
1397 5603 1489 5654 καὶ
1531 5603 1661 5670 πρὸς
1693 5601 1856 5669 ἀλλην

289 5691 592 5760 ἐκκλησίαν
640 5690 1000 5759 ἀπέρχεσθαι.
1039 5692 1227 5744 Πολλοὶ
1257 5693 1365 5758 γὰρ
1395 5696 1502 5746 τῶν
1533 5695 1850 5748 ἐπισκόπων

287 5789 504 5854 ἔχουσιν
552 5779 849 5848 ἐκκλησίας
882 5783 937 5833 ἐν
968 5783 1144 5845 ἄλλοις
1180 5784 1361 5848 τόποις
1407 5786 1512 5838 τῶν
1557 5787 1645 5839 ὑπ’
1676 5787 1852 5839 αὐτῶν

2030 5140 2279 5199 ZONAR.
2322 5136 2402 5192 Ab
2434 5131 2698 5201 episcopis
2725 5145 2845 5186 cum
2882 5129 2996 5194 ipsa
3037 5127 3110 5180 rei
3157 5136 3372 5190 natura,
3409 5135 3517 5180 tum

1959 5242 2174 5293 decreta
2210 5243 2473 5286 canonum
2499 5241 2561 5279 ea
2589 5224 2656 5278 de
2684 5237 2742 5277 re
2772 5221 2964 5289 saepius
2997 5220 3139 5274 edita
3164 5260 3178 5283 ,
3207 5219 3514 5287 postulant,

1960 5341 2018 5385 ut
2049 5331 2099 5383 in
2132 5343 2227 5381 sua
2258 5317 2541 5390 episcopali
2574 5315 2805 5369 statione
2836 5321 3090 5380 perpetuo
3124 5311 3337 5379 degant,
3373 5326 3435 5364 ac
3468 5312 3518 5364 in

1968 5420 2178 5492 populis
2209 5412 2540 5474 erudiendis,
2574 5419 2735 5476 atque
2764 5406 2826 5460 ad
2862 5414 3065 5458 rectam
3110 5403 3325 5457 virtutis
3351 5403 3516 5457 semi-

1964 5521 2069 5565 tam
2103 5505 2417 5576 dirigendis,
2457 5501 2732 5564 lahorent;
2769 5512 2871 5551 non
2908 5507 3087 5550 autem
3127 5495 3387 5564 primaria
3423 5510 3518 5548 sua

1962 5603 2085 5657 scdc
2117 5597 2322 5660 relicta,
2349 5594 2400 5647 itt
2435 5592 2591 5645 aliam
2618 5588 2902 5644 ecclesiam
2933 5603 2989 5640 sc
3015 5589 3320 5641 conferant.
3362 5584 3510 5638 Multi

1965 5704 2195 5756 namque
2225 5684 2462 5754 episcopi
2496 5683 2548 5735 in
2571 5680 2690 5734 aliis
2714 5694 2822 5733 sum
2847 5678 3095 5732 tlimcesis
3119 5677 3245 5731 locis
3263 5677 3524 5731 ecclesias

1967 5784 2182 5847 habcnt,
2233 5796 2349 5850 qua:
2401 5775 2724 5842 ctparmtzia:
2793 5786 2820 5824 a
2875 5770 3166 5826 Canunibns
3212 5779 3521 5825 vocantur:
