4148 6456
651 378 721 440 75
1877 386 2162 448 THEOD.
2206 387 2611 449 BALSAMON

3749 389 3852 452 ‘276

611 497 808 568 quibus
841 497 970 552 nulli
1002 498 1303 567 peculiares
1331 501 1570 571 episcOpi
1602 501 1797 570 praeﬁci
1825 515 2173 556 consuevere.

2284 502 2622 571 διοικήσεων,
2659 501 2724 562 ἃς
2754 501 2848 554 καὶ
2888 503 3186 572 παροικίας
3211 503 3262 558 οἰ
3295 505 3518 569 κανόνες
3565 506 3844 563 καλοῦσιν,

610 589 777 654 Igitur
819 589 904 641 hic
952 605 1124 642 canon
1186 591 1237 643 in
1293 593 1528 660 aliquam
1583 595 1845 663 ejusmodi
1895 592 2180 647 ecclesiam

607 693 917 744 t'plscoplltll
960 679 1252 746 proﬁcisci,
1289 697 1350 735 ac
1391 684 1442 736 in
1485 700 1547 737 ea
1587 685 1760 752 populi
1798 685 1881 738 sui
1923 698 2049 737 cura
2084 697 2178 735 nec

610 771 782 836 glecta
811 771 1011 825 diutius
1045 773 1265 836 morari,
1298 783 1480 839 vetat;
1511 779 1601 828 sed
1635 777 1715 828 vel
1749 775 1800 829 in
1829 790 1890 830 ea
1932 774 2182 842 chorepi-

606 876 828 929 scopum
885 865 1238 928 constituere,
1261 866 1343 918 vel
1382 869 1694 936 presbytero
1737 866 2178 935 procurationem

607 952 724 1017 ejus
764 953 865 1006 loci
913 969 1092 1008 rerum
1126 956 1401 1019 mandare,
1431 957 1578 1023 iubet
1607 975 1618 1010 :
1651 959 1930 1026 episcopos
1961 972 2090 1011 vero
2126 957 2179 1009 in

611 1059 705 1098 sua
744 1053 1012 1114 quemque
1040 1048 1268 1101 ecclesia
1301 1049 1637 1104 continenter
1677 1051 1982 1114 obdurare,
2014 1063 2077 1102 ac
2117 1062 2182 1102 ne

606 1135 810 1204 proprii
841 1136 1056 1205 quidem
1081 1141 1277 1206 negotii
1311 1141 1572 1195 tractandi
1596 1155 1756 1195 causa
1781 1140 2000 1202 diutius,
2022 1153 2182 1207 quam

609 1243 705 1292 par
737 1237 818 1282 est
846 1231 1057 1292 abesse,
1094 1245 1352 1284 curamve
1380 1231 1610 1285 sollicite
1643 1233 1696 1285 in
1733 1231 2028 1299 episcopali
2075 1241 2185 1284 ata-

607 1319 752 1372 tione
798 1322 1186 1388 permanendi,
1247 1323 1610 1393 populumque
1653 1323 1880 1378 salutari
1935 1323 2180 1376 doctrina

605 1412 980 1478 informandi',
1015 1414 1291 1469 deserere.
1328 1417 1502 1485 Atque
1534 1416 1662 1470 illud
1695 1417 1914 1486 quidem
1950 1414 2182 1486 [diutius

605 1519 765 1570 quam
805 1519 902 1572 par
935 1504 1040 1575 est]
1081 1507 1179 1560 boe
1209 1507 1326 1560 loco
1375 1508 1514 1561 nulla
1543 1507 2046 1575 circumscriptione
2089 1505 2184 1558 de-

607 1593 791 1647 linitur
819 1613 830 1646 :
861 1597 1074 1650 decimo
1101 1607 1253 1652 sexto
1285 1608 1459 1650 autem
1489 1613 1699 1652 canone
1731 1599 1781 1650 in
1816 1599 2012 1666 templo
2046 1597 2182 1650 San-

602 1695 813 1739 ctorum
846 1688 1226 1753 Apostolorum
1275 1689 1470 1742 habita:
1497 1691 1713 1759 synodi,
1749 1700 1867 1758 qua:
1901 1689 2071 1757 prima
2118 1697 2172 1739 et

601 1783 836 1833 secunda
878 1783 1210 1845 nominatur,
1245 1797 1313 1834 ne
1341 1781 1478 1832 ultra
1512 1791 1774 1835 Semestre
1813 1793 2024 1847 tempus
2051 1778 2170 1846 epi-

2287 593 2344 644 ἑν
2380 587 2468 655 αἷς
2509 592 2608 644 οὔκ
2640 591 2894 647 εἰώθασιν
2941 595 3226 650 ιπίσκοποι
3254 597 3722 669 προχειρίζεσθαι.
3762 596 3851 664 Μὴ

2283 680 2374 736 οὖν
2405 685 2461 737 ἰν
2490 687 2714 760 τοιαύτῃ
2743 687 3009 758 ἐκκλησίᾳ
3045 690 3281 750 ἀπιέναι,
3312 690 3408 742 καὶ
3439 690 3728 759 χρονίζειν,
3761 690 3853 742 τδν

2283 775 2580 829 ἰπίσκοπον
2624 780 2652 830 ό
2700 777 2881 832 κανὼν
2925 780 3294 841 διατάττεται,
3337 782 3432 832 καὶ
3485 780 3711 849 ἀμελεῖν
3760 780 3855 832 τοῦ

2281 868 2482 922 οἰκείου
2526 870 2690 923 λαοῦο
2723 870 2839 924 ἀλλ’
2875 873 2991 924 ἐκεῖ
3041 873 3140 940 μιν
3174 873 3204 941 ῆ
3244 871 3659 941 χωρεπίσκοπον
3715 871 3855 923 καθ-

2285 960 2524 1028 ιστᾷν,ἢ
2569 961 2656 1013 διά
2708 962 3080 1031 πρεσϐυτέρου
3117 963 3386 1017 ποιεῖσθαι
3438 962 3536 1032 τὴν
3585 963 3860 1030 διοίκησιν

2281 1048 2387 1101 τῶν
2431 1051 2582 1103 ἐκεῖ·
2627 1053 2752 1112 τοὺς
2798 1051 2845 1102 δ’
2873 1053 3211 1112 ἐπισκόπους
3245 1055 3367 1114 ταῖς
3403 1050 3635 1113 οἰκείαις
3673 1066 3851 1118 προα-

2284 1143 2566 1209 καρτερεῖν
2591 1141 2925 1210 ἐκκλησίαις.
2960 1144 3053 1196 καὶ
3089 1142 3225 1213 μηδὲ
3264 1143 3333 1195 δι’
3371 1143 3573 1195 οἰκεῖον
3615 1142 3855 1209 πρᾶγμα

2284 1231 2631 1299 ἀσχολεῖσθαι
2693 1233 2834 1303 ὑπὲρ
2890 1234 2916 1285 δ
2970 1235 3096 1304 χρὴ,
3131 1235 3225 1288 καὶ
3275 1233 3582 1303 ἀποδημεῖν
3615 1233 3713 1298 τῆς
3761 1231 3861 1283 τοῦ

2288 1321 2420 1374 ἰδίου
2469 1323 2661 1392 χρόνου
2711 1325 3018 1393 συνεχείας.
3069 1328 3187 1395 ἦτοι
3235 1324 3329 1378 τοῦ
3381 1326 3523 1378 κατά
3571 1324 3861 1393 συνέχειαν

2285 1411 2379 1462 καὶ
2437 1410 2747 1474 ἀδιακόπως
2783 1414 3126 1482 παραμένειν
3174 1417 3239 1483 τῇ
3297 1413 3402 1484 ἰδίᾳ
3433 1417 3732 1484 ἐπισκοπῇ.
3766 1416 3866 1467 καὶ

2283 1499 2557 1554 διδάσκειν
2609 1502 2698 1555 τὸν
2755 1502 2903 1558 λαόν.
2944 1505 3017 1558 τὸ
3065 1504 3143 1566 δὲ,
3178 1505 3320 1574 ὑπὲρ
3375 1505 3404 1557 δ
3456 1507 3584 1574 χρὴ,
3615 1504 3862 1558 ἐνταῦθα

2287 1591 2384 1661 μὲν
2417 1593 2683 1662 ἀορίστως
2731 1599 2908 1647 κεῖται
2931 1610 2945 1624 ·
2980 1597 3037 1646 ἰν
3062 1597 3118 1648 δὲ
3149 1597 3227 1663 τῷ
3260 1597 3637 1666 ἑκκαιδεκάτῳ
3669 1596 3865 1648 κανόνι

2283 1684 2383 1752 τῆς
2415 1685 2472 1736 ἑν
2518 1686 2596 1754 τῷ
2630 1686 2741 1754 ναῷ
2768 1688 2874 1738 τῶν
2938 1687 3137 1754 Ἀγίων
3182 1688 3530 1740 ’Λποστόλων
3583 1687 3865 1754 συστάσης

2287 1775 2525 1838 συνόδου,
2558 1776 2656 1842 τῆς
2693 1777 3015 1845 λεγομένης,
3047 1777 3272 1844 πρώτης
3303 1775 3398 1828 καὶ
3448 1776 3731 1843 δευτέρας,
3789 1773 3868 1842 μὴ

603 1889 771 1942 scopo
799 1890 828 1928 a
896 1891 990 1927 sua
1021 1875 1146 1928 sede
1177 1876 1366 1929 abesse
1395 1876 1572 1936 liceat,
1601 1874 1764 1927 divini
1790 1871 1997 1935 Patres,
2018 1885 2175 1939 ρωιιη

2284 1868 2443 1922 πλέον
2513 1869 2701 1937 μηνῶν
2764 1868 2824 1932 ἒξ
2877 1869 3180 1937 ἀποδημεῖν
3229 1869 3323 1918 τὸν
3389 1867 3697 1919 ὲπίσκοπον
3764 1870 3868 1933 τῆς

603 1966 962 2034 depositionis
1021 1967 1317 2036 proposita,
1370 1969 1792 2021 constituerunt.
1842 1963 2176 2020 Undecimus

606 2074 735 2112 vero
764 2059 977 2114 Sardic.
1007 2061 1196 2130 synodi
1237 2076 1431 2122 canon.
1467 2061 1684 2114 brevius
1726 2060 1900 2112 adhuc
1938 2058 2175 2124 spatium

603 2149 846 2218 episcOpi
873 2151 1156 2215 absentia),
1201 2153 1301 2205 nisi
1351 2151 1653 2206 necessaria
1691 2163 1850 2203 causa
1887 2147 2064 2216 aliqua
2101 2147 2179 2198 in-

607 2241 866 2302 tercedat,
898 2250 954 2292 ut
983 2256 1045 2294 ex
1081 2257 1144 2294 eo
1182 2244 1323 2310 quod
1372 2244 1443 2296 ibi
1498 2242 1721 2296 aﬂ‘ertur
1749 2240 1997 2307 exemplo
2030 2237 2178 2291 colli-

605 2345 732 2396 gere
759 2341 862 2393 εει,
894 2332 1102 2386 videtur
1131 2333 1450 2400 prreiinisse.
1517 2332 1585 2386 De
1614 2333 1849 2384 discessu
1886 2332 2172 2396 episcopo-

607 2437 724 2474 rum
753 2438 781 2474 a
809 2423 920 2476 suis
947 2424 1189 2477 ecclesiis
1213 2433 1457 2477 statuunt
1479 2424 1639 2476 etiam
1667 2423 1888 2475 diversa:
1920 2420 2175 2481 Novella»,

604 2529 723 2580 qu.e
751 2514 802 2566 in
841 2517 1000 2570 tertio
1032 2517 1246 2570 Basilic.
1282 2517 1440 2578 libro,
1471 2515 1626 2569 titulo
1657 2515 1708 2578 ἰ,
1745 2513 1973 2569 diversis
2003 2514 2054 2565 in
2089 2525 2179 2566 ea-

605 2606 810 2673 pitibus
839 2609 1204 2676 reperiuntur.

604 2865 826 2921 ARIST.
865 2885 879 2916 ι
920 2865 1107 2920 Visum
1137 2877 1240 2930 est,
1279 2877 1333 2921 ut
1363 2869 1542 2925 nullus
1575 2871 1862 2935 episcopus
1893 2865 2176 2934 principali

683 2977 700 3007 ι
739 2972 832 3011 Sua
871 2959 1054 3010 relicta
1098 2959 1246 3021 sede,
1279 2959 1330 3011 in
1361 2959 1521 3011 aliam
1559 2973 1616 3013 se
1661 2959 1942 3018 conferat.
1984 2956 2065 3009 vel
2115 2958 2181 3009 de

684 3070 700 3100 σ
746 3063 802 3103 re
843 3049 1058 3118 propria
1097 3049 1382 3114 sollicitus,
1419 3050 1672 3104 thronum
1703 3064 1858 3104 suum
1887 3047 2174 3118 negligata

675 3233 790 3288 Non
825 3243 1032 3288 tantum
1065 3237 1186 3303 boe,
1215 3251 1242 3288 a
1272 3237 1490 3290 civitate
1519 3238 1584 3289 ad
1615 3237 1885 3290 civitatem
1940 3236 2177 3303 migrare

601 3327 934 3394 episcopum,
975 3329 1207 3382 diversis
1236 3329 1538 3382 canonibus
1577 3329 1893 3396 prohibetur
1933 3343 1946 3378 :
1993 3326 2086 3382 sed
2125 3335 2180 3378 et

604 3417 750 3481 illud,
792 3431 930 3480 eam,
967 3435 1086 3488 quae
1132 3421 1347 3488 proprie
1383 3429 1500 3472 erat
1550 3435 1578 3471 a
1629 3417 1896 3488 principio
1925 3458 1938 3479 .
1991 3420 2183 3470 catbe-

605 3511 755 3561 dram
809 3511 1052 3564 ecclesia:
1097 3511 1264 3579 ipsius
1301 3512 1628 3577 relinquere,
1678 3522 1730 3564 et
1777 3510 1842 3564 ad
1887 3509 2045 3564 aliam
2090 3525 2180 3563 eeo

605 3600 823 3653 clesiam
859 3601 911 3654 in
965 3603 1151 3656 eadem
1209 3605 1443 3672 parmeia
1509 3602 1802 3664 transilire,
1839 3612 1892 3656 et
1947 3603 1998 3654 in
2057 3617 2178 3656 eam

607 3689 902 3742 transferre
946 3691 1230 3755 honorem,
1274 3693 1358 3745 ltic
1402 3708 1575 3745 canon
1609 3707 1711 3746 non
1746 3693 2029 3760 permittit.
2077 3690 2181 3744 Sed

606 3793 704 3831 nec
729 3778 778 3829 in
817 3794 872 3831 re
902 3780 1120 3846 propria
1149 3781 1194 3832 ei
1227 3780 1344 3846 plus
1363 3797 1522 3847 quam
1545 3790 1760 3846 oportet
1782 3783 2012 3835 sollicito
2035 3796 2177 3845 esse,

603 3879 658 3922 et
691 3883 876 3922 curam
910 3879 963 3923 et
998 3869 1410 3925 instructionem
1449 3871 1626 3926 oonuli
1658 3872 1928 3944 negligere
1965 3873 2110 3926 licet.

1049 4052 1213 4122 609
1241 4051 1472 4106 canon
1517 4053 1723 4108 Lxxv.

614 4163 629 4192 ι
677 4142 751 4197 De
780 4143 1076 4197 infantibus
1106 4145 1197 4213 qui
1234 4145 1427 4198 debent
1459 4146 1743 4212 baptizari,
1780 4147 1992 4213 quoties
2029 4147 2093 4200 de
2122 4147 2184 4201 iis

682 4254 698 4284 ι
743 4237 1018 4289 dubitatur
1069 4253 1134 4288 an
1172 4236 1422 4300 baptizali
1455 4236 1672 4289 fuerint.
1705 4236 1966 4290 Similiter
1985 4237 2184 4306 placuit

685 4348 700 4378 ι
752 4329 818 4381 de
869 4327 1187 4393 iulantibus,
1223 4330 1435 4395 quoties
1485 4345 1588 4381 non
1644 4330 1989 4382 inveniuntur
2043 4329 2181 4382 firmi

682 4444 696 4472 ι
745 4434 909 4478 testes
960 4424 1048 4491 qui
1074 4439 1165 4475 eos
1194 4422 1311 4476 sine
1337 4423 1705 4476 controversia
1736 4421 2038 4488 baptizatos
2065 4436 2184 4475 esse

2280 1959 2487 2020 οἰκείας
2521 1960 2827 2028 ἐπισκοπῆς
2853 1962 2900 2012 οἰ
2935 1962 2990 2012 ἐν
3046 1959 3229 2029 εκείνη
3265 1959 3399 2010 θεῖοι
3447 1957 3692 2024 Πατὲρες
3723 1956 3862 2024 ὠρί-

2282 2069 2462 2113 σαντο,
2493 2055 2552 2103 τὸ
2580 2052 2622 2102 δ’
2655 2053 2928 2120 ἐπιτίμιον
2983 2049 3075 2103 τοῦ
3115 2051 3188 2118 μὴ
3221 2050 3311 2101 τὸν
3341 2049 3540 2101 κανόνα
3572 2047 3871 2114 φυλάττον-

2279 2159 2368 2202 τος
2399 2143 2717 2211 καθαίρεσίς
2751 2143 2913 2193 ἐστιν.
2957 2143 3016 2193 Ὀ
3045 2148 3112 2192 ια’
3142 2140 3199 2192 δὲ
3251 2138 3430 2191 κανὼν
3464 2138 3563 2206 τῆς
3619 2140 3677 2189 ὲν
3723 2136 3867 2208 Σαρ-

2277 2235 2401 2304 δικῇ
2440 2233 2682 2297 συνόδου,
2718 2234 2780 2282 ἐκ
2806 2231 2897 2284 τοῦ
2930 2231 3373 2300 παραδείγματος
3427 2224 3488 2282 οὗ
3530 2229 3753 2296 ὲπάγει,
3784 2229 3867 2288 εἰς

2281 2327 2537 2380 ιλάττονα
2563 2325 2755 2392 καιρὸν
2779 2324 2924 2376 ἔοικε
2952 2322 3266 2374 συστέλλειν
3290 2322 3390 2391 τὴν
3423 2319 3517 2371 τοῦ
3545 2318 3857 2370 ἐπισκόπου

2280 2415 2606 2482 ἀποδημίαν,
2641 2414 2688 2466 εἰ
2727 2415 2798 2482 μή
2848 2430 2930 2477 τις
2966 2411 3112 2478 αύτῷ
3148 2410 3362 2477 ἀνάγκη
3398 2409 3694 2461 ἐπίκειται.
3732 2408 3868 2474 Περὶ

2287 2503 2596 2572 ἀποδημίας
2628 2503 2945 2556 ἐπισκόπων
3008 2503 3070 2554 ὲκ
3125 2500 3234 2550 τῶν
3283 2499 3502 2551 οἰκείων
3551 2499 3868 2566 ἐκκλησιῶν

2279 2593 2652 2647 διατάττονται
2721 2595 2818 2648 καὶ
2886 2594 3130 2661 διάφοροι
3181 2589 3408 2658 Νεαραὶ,
3480 2590 3730 2658 κείμεναι
3786 2590 3868 2649 εἰς

2283 2684 2487 2753 βιϐλίον
2534 2684 2645 2738 τῶν
2678 2683 2980 2737 Βασιλικῶν
3022 2683 3226 2752 τρίτον,
3263 2682 3368 2734 τίτ.
3403 2679 3476 2747 α’,
3503 2683 3559 2732 ὲν
3587 2682 3868 2749 διαφόροις

2281 2775 2614 2842 κεψαλαίοις.

2297 2870 2515 2923 ΔΡΙΣΤ.
2555 2889 2572 2920 ι
2631 2871 2812 2934 Ἔδοξε
2866 2869 3068 2938 μηδένα
3107 2869 3430 2930 ῐπίσκοπον,
3490 2865 3866 2919 καταλιπόντα

2361 2979 2380 3011 ι
2423 2963 2521 3030 τὴν
2557 2962 2886 3032 αύθεντικὴν
2921 2961 3226 3028 καθέδραν,
3264 2960 3396 3028 πρὸς
3441 2959 3635 3027 ἑτέραν
3691 2974 3857 3027 μεταο

2359 3071 2376 3104 ι
2421 3057 2690 3124 χωρεῖν,ἢ
2721 3057 2777 3107 ὲν
2804 3055 2989 3120 οἰκείῳ
3017 3056 3301 3124 πράγματι
3326 3051 3748 3121 ἀσχολούμενον,
3771 3048 3866 3102 τοῦ

2371 3170 2388 3202 ι
2438 3148 2568 3201 ἰδίου
2605 3147 2794 3216 θρόνου
2821 3147 3062 3214 ἀμελεῖν.
3107 3164 3124 3196 ι

2360 3246 2435 3298 Οὐ
2486 3245 2643 3313 μόνον
2685 3241 2748 3293 τὸ
2804 3241 2912 3292 ἀπὸ
2965 3239 3171 3302 πόλεως
3223 3238 3302 3301 εἰς
3357 3238 3513 3289 πόλιν
3567 3237 3871 3289 ἰπίσκοπον

2291 3335 2680 3406 μεταϐαίνειν,
2740 3334 2802 3383 ὲκ
2865 3331 3137 3398 διαφόρων
3196 3329 3438 3381 κανόνων
3515 3327 3868 3380 κεκώλυταιο

2285 3427 2419 3481 ἀλλά
2446 3428 2539 3478 καὶ
2572 3425 2630 3475 τὸ
2653 3422 2751 3492 τὴν
2773 3423 2976 3491 κυρίως
3007 3417 3172 3473 οὖσαν
3203 3419 3444 3490 ἀρχῆθεν
3468 3419 3742 3487 καθέδραν
3767 3417 3870 3484 τῆς

2286 3515 2580 3584 ἐκκλησίας
2645 3513 2809 3566 αὑτοῦ
2893 3511 3238 3570 καταλιπεῖν,
3298 3512 3393 3564 καὶ
3469 3511 3608 3580 πρὸς
3669 3511 3871 3580 ἑτέραν

2286 3605 2582 3673 ἐκκλησίαν
2615 3604 2674 3654 ἰν
2714 3605 2781 3670 τῇ
2831 3601 2968 3670 αὐτῇ
3005 3601 3267 3671 παροικίᾳ
3306 3597 3473 3653 οὖσαν
3511 3603 3865 3668 μεταπεσεῖν,

2285 3698 2380 3749 καὶ
2431 3696 2528 3764 τὴν
2578 3695 2745 3763 τιμὴν
2782 3695 2838 3744 ὲν
2873 3695 3010 3762 αὐτῇ
3052 3693 3367 3758 μεταθεῖναι
3406 3692 3435 3743 ό
3485 3691 3667 3744 κανὼν
3713 3689 3868 3752 οὗτος

2282 3788 2344 3838 ού
2376 3788 2652 3855 συγχωρεῖ
2678 3801 2693 3816 ο
2731 3784 2844 3836 ἀλλ’
2878 3784 2996 3835 οὐδὲ
3047 3785 3104 3834 ὲν
3149 3784 3336 3850 οἰκείῳ
3382 3782 3671 3850 πράγματι
3702 3784 3867 3851 ἀσχοο

2285 3876 2493 3926 λεῖσθαι
2540 3875 2704 3927 αὑτὸν
2757 3875 2896 3943 ὑπὲρ
2927 3875 2954 3926 ὃ
2981 3874 3084 3942 χρὴ
3117 3875 3391 3941 ἀνέχεται,
3422 3873 3520 3924 καὶ
3565 3873 3664 3941 τῆς
3706 3889 3869 3940 φρονο

2284 3967 2426 4028 τίδος
2459 3968 2551 4018 καὶ
2590 3967 2689 4034 τῆς
2722 3965 3067 4027 διδασκαλίας
3105 3966 3327 4033 ἀμελεῖν
3352 3963 3446 4017 τοῦ
3482 3963 3634 4018 λαοῦ.

2868 4055 3105 4109 ΚΑΝΩΝ
3149 4057 3268 4109 OE'.

2291 4168 2309 4200 ι
2375 4148 2512 4218 Περὶ⁵
2562 4148 2775 4218 νηπίων
2857 4146 3185 4214 ὀφειλόντων
3247 4143 3609 4214 βαπτίζεσθαι
3670 4145 3868 4208 όσάκις

2361 4258 2379 4291 ι
2426 4237 2825 4307 ἀμφιϐάλλεται
2876 4236 3006 4305 περὶ
3080 4236 3260 4288 αὐτῶν
3290 4238 3337 4287 εἰ
3373 4236 3481 4304 ἄρα
3525 4234 3864 4302 ὲΰαπτίσθη-

2366 4350 2382 4381 ι
2429 4348 2546 4383 σαν.
2591 4329 2822 4397 Ὀμοίως
2873 4330 3069 4399 ἤρεσεν
3101 4327 3365 4397 περὶτῶν
3406 4329 3638 4395 νηπίων,
3675 4327 3868 4388 όσάκις

2367 4443 2384 4474 ι
2433 4424 2506 4492 μὴ
2571 4422 2914 4490 εὑρίσκονται
2969 4419 3175 4488 βέϐαιοι
3243 4418 3524 4487 μάρτυρες
3581 4418 3631 4468 οἰ
3691 4415 3870 4468 ταῦτα

682 4534 697 4564 ι
743 4517 958 4577 dicant;
994 4525 1046 4568 et
1097 4530 1194 4568 nec
1239 4515 1333 4582 ipsi
1373 4528 1592 4582 propter
1629 4523 1841 4567 :etatem
1879 4512 1945 4566 de
1984 4513 2179 4566 tradito

2365 4535 2384 4565 ι
2433 4513 2820 4584 ἀναμφιδό).ως
2857 4511 3225 4581 βαπτισθέντα
3274 4507 3414 4562 εἶναι
3457 4509 3706 4575 λέγοντες
3733 4523 3747 4537 ⁶
3775 4510 3870 4560 καὶ

684 4628 698 4654 ε
743 4608 820 4660 eis
859 4605 1117 4676 mysterio
1145 4617 1265 4674 apte
1297 4613 1517 4669 iossnnt
1551 4605 1898 4672 respondere;
1931 4605 2046 4658 sine
2071 4603 2175 4656 ulla

686 4720 700 4747 ι
743 4699 1040 4752 offensione
1096 4715 1249 4766 posse
1296 4713 1390 4752 eos
1439 4697 1723 4764 baptizari.
1782 4695 1891 4750 Nec
1945 4710 2179 4763 unquam

678 4814 692 4836 α
738 4793 849 4844 bace
893 4791 1156 4842 dubitatio
1200 4807 1293 4840 eos
1340 4790 1430 4842 tali
1475 4790 1925 4843 sancliiicaliouis
1976 4791 2172 4842 lustra-

685 4908 698 4933 ι
744 4885 886 4936 tione
935 4883 1183 4950 privabit.
1223 4881 1331 4933 lluc
1388 4882 1530 4933 enim
1602 4881 1906 4934 Maurorum
1974 4881 2178 4947 legati,

685 4998 698 5021 ι
749 4975 939 5027 fratres
969 4974 1160 5032 nostri,
1204 4970 1326 5024 ideo
1355 4970 1760 5034 consuluerunt,
1795 4970 1936 5038 quod
1989 4970 2183 5022 multos

687 5087 702 5113 ι
746 5065 1006 5118 c‘nsmodi
1033 5081 1061 5118 a
1095 5063 1345 5116 llarbaris
1373 5070 1573 5116 eluant.
1614 5081 1631 5113 ι

680 5441 870 5496 BALS.
922 5441 1058 5509 Lege
1110 5437 1302 5501 synodi
1361 5437 1411 5490 in
1446 5437 1628 5490 Trullo
1684 5449 1948 5490 cauonem
2005 5445 2056 5489 et
2112 5436 2182 5488 ibi

612 5533 890 5600 praesentis
919 5529 1142 5584 canonis
1167 5527 1670 5596 interpretationem
1703 5525 1818 5578 sine
1852 5524 1958 5578 ulla
1995 5524 2184 5578 intutu-

613 5630 831 5693 talione,
873 5624 1326 5696 quemadmodum
1364 5633 1415 5676 et
1457 5622 1619 5675 verba
1660 5620 1923 5674 invenies.

678 5805 932 5862 'LUNAll.
1001 5805 1152 5858 Ilunc
1209 5817 1492 5865 cauunem,
1561 5801 1806 5870 pauculis
1861 5801 2179 5870 quibusdam

2368 4625 2386 4656 ι
2434 4605 2551 4656 οὐδὲ
2576 4605 2714 4657 αύτά
2739 4604 2824 4657 διὰ
2852 4605 2950 4674 τὴν
2977 4603 3164 4670 κεῖραν
3188 4601 3317 4666 περὶ
3342 4599 3442 4666 τῆς
3463 4597 3870 4667 παραδοθείσης

2366 4716 2382 4746 ι
2433 4695 2616 4756 αὐτοῖς
2659 4694 3051 4764 μυσταγωγίας
3095 4691 3494 4759 ἀποκρίνεσθαι
3545 4689 3869 4759 ἐπιτηδείως

2367 4806 2382 4836 ι
2432 4787 2638 4856 ἔχουσι.
2705 4789 2870 4855 χωρίς
2933 4802 3078 4844 τινος
3137 4782 3569 4851 προσκόμματος
3629 4779 3869 4844 ὀφείλειν

2365 4896 2382 4929 ι
2431 4878 2598 4930 ταῦτα
2635 4877 3033 4948 βαπτίζεσθαι·
3067 4876 3278 4945 μήποτε
3311 4875 3339 4924 ό
3379 4871 3621 4931 τοιοῦτος
3675 4871 3863 4922 διατα-

2363 4991 2381 5022 ι
2431 4973 2569 5040 γμὸς
2630 4970 2983 5040 ἀποστερήσῃ
3059 4966 3200 5020 αὐτὰ
3274 4967 3376 5033 τῆς
3447 4963 3706 5032 τοιαύτης
3765 4961 3860 5014 τοῦ

2365 5085 2382 5116 ι
2428 5063 2698 5130 ἀγιασμοῦ
2747 5061 3088 5130 καθάρσεως.
3125 5058 3221 5127 Ἐκ
3252 5058 3440 5108 τούτου
3475 5056 3582 5125 γὰρ
3612 5058 3661 5107 οἰ
3700 5070 3868 5106 τοπο-

2364 5177 2380 5206 ι
2428 5157 2666 5226 τηρηταὶ
2705 5153 2813 5205 τῶν
2865 5153 3126 5222 Μαύρων,
3182 5151 3402 5216 ἀδελφοὶ
3451 5147 3634 5216 ἡμῶν,
3703 5143 3866 5196 τοῦτο

2365 5268 2382 5300 ι
2432 5248 2841 5310 ἐδουλεύσαντο,
2874 5245 2956 5298 ὅτι
3006 5244 3232 5303 πολλοὺς
3287 5240 3564 5301 τοιούτους
3613 5239 3725 5290 ἀπὸ
3759 5237 3866 5290 τῶν

2368 5359 2385 5390 ι
2435 5339 2737 5408 Βαρϐάρων
2775 5336 3220 5406 ἑξαγοράζονται.
3265 5351 3283 5385 ι

2361 5431 2562 5484 ΒΛΛΣ.
2609 5429 2907 5497 ’Δνάγνωοι
2952 5428 3054 5497 τῆς
3103 5429 3162 5478 ὲν
3208 5425 3284 5496 τῷ
3336 5423 3590 5494 Τρούλλῳ
3645 5422 3870 5474 συνόδου

2289 5521 2515 5579 κανόνα.
2548 5521 2642 5573 καὶ
2699 5522 2955 5590 εὑρήσεις
3012 5521 3110 5590 τὴν
3167 5517 3261 5569 τοῦ
3321 5517 3596 5585 παρόντος
3641 5517 3867 5575 κανόνος

2290 5612 2586 5682 ἑρμηνείαν
2633 5613 3074 5681 ἀπαραλλάκτως
3117 5612 3255 5671 ἐκεῖ,
3295 5607 3478 5670 καθὼς
3515 5608 3608 5660 καὶ
3661 5607 3729 5658 τά
3777 5606 3874 5675 pi;-

2297 5726 2367 5775 μα
2377 5724 2439 5758 τα
2466 5705 2559 5757 τοῦ
2591 5706 2831 5766 κανόνος.

2364 5801 2606 5853 ΖΩΝΛΡ.
2645 5797 2846 5851 Ἰὀ-ῐτον
2894 5798 2982 5850 τὸν
3027 5796 3228 5850 κανόνα
3279 5794 3407 5847 ἄνευ
3457 5790 3657 5862 ὀλίγων
3702 5788 3866 5842 τινῶν
