4148 6490
602 391 708 452 ’ΞἸῆ

1813 394 2088 455 ΤΗΕΟΙ).
2121 395 2516 456 BALSAMON

3709 395 3812 458 280

607 503 817 554 rahunt.
857 499 1052 552 Deinde
1078 499 1235 552 etiam
1261 501 1464 570 cyclnm
1489 502 1613 555 solis
1640 503 1817 558 inveni
1843 505 1944 559 hoc
1973 505 2151 560 modo:

2279 503 2455 558 ιύκλον
2509 505 2609 574 τῆς
2653 505 2903 574 σελήνης,
2958 505 3018 569 δς
3062 505 3154 560 καὶ
3213 507 3524 577 εὑρίσκεται
3570 508 3764 561 obtusi
3790 526 3806 542 ο

605 592 834 643 Numera
869 605 1035 643 annos
1064 606 1092 643 a
1125 592 1398 647 creatione
1434 595 1638 658 mundi,
1663 605 1712 649 et
1745 610 1838 649 eos
1859 596 2033 650 divide
2063 611 2157 664 per

605 681 788 747 viginti
831 690 973 744 octo,
1009 693 1061 734 et
1092 683 1179 748 qui
1218 694 1420 738 restant
1452 683 1535 737 dic
1561 699 1652 737 eos
1685 686 1894 755 cyclum
1925 685 2153 739 solarem

601 774 894 828 declarare.
922 775 1063 844 Cycli
1097 777 1308 844 quidem
1336 778 1593 848 lno-e,qui
1622 791 1748 835 sunt
1770 782 2154 845 novemdecim,

608 867 869 934 incipiunt
900 883 927 918 a
965 882 1147 922 mense
1181 866 1475 923 Januario:
1517 870 1649 940 cycli
1681 880 1856 924 autem
1890 871 2041 933 solis,
2065 869 2155 938 qui

606 966 727 1009 sunt
763 958 947 1024 viginti
978 967 1102 1012 octo
1133 973 1380 1019 numero.
1414 959 1678 1027 incipiunt
1729 974 1756 1010 a
1788 973 1971 1013 mense
1997 959 2157 1013 Octo-

606 1048 707 1100 bri.
740 1047 874 1099 Cum
906 1062 1033 1116 ergo
1056 1048 1189 1118 rycli
1221 1049 1360 1101 lunae
1388 1058 1442 1103 et
1487 1049 1612 1104 solis
1657 1050 1735 1104 sic
1770 1050 2113 1104 inveniantur
2137 1089 2154 1114 ,

606 1135 900 1204 multiplica
943 1138 1194 1192 undecies
1229 1147 1353 1192 tunc
1383 1149 1687 1194 currentem
1733 1141 1869 1194 luna
1906 1140 2149 1210 cyclum;

607 1227 814 1281 demde-
844 1227 979 1282 adde
1014 1244 1180 1296 usque
1229 1231 1293 1282 ad
1328 1231 1592 1284 decimum
1647 1239 1857 1284 sextum
1909 1229 2113 1300 cyclum
2141 1267 2158 1293 ,

609 1332 706 1386 pro
738 1319 944 1372 sa‘cnlis
972 1319 1190 1388 elapsis.
1225 1336 1315 1374 sex
1345 1321 1482 1381 dies,
1516 1321 1603 1388 qui
1629 1330 1826 1388 epacta:
1864 1321 2114 1372 dicuntur
2141 1337 2156 1385 ;

605 1418 722 1474 post
759 1407 1024 1461 decimum
1069 1422 1277 1464 sextum
1319 1411 1525 1480 cyclum
1557 1425 1721 1479 usque
1777 1412 1842 1464 ad
1891 1411 2156 1463 decimum

606 1512 826 1558 nonum,
846 1499 980 1552 adde
1009 1499 1256 1554 similiter
1279 1511 1479 1570 septem
1508 1500 1647 1557 dies;
1679 1508 1728 1553 et
1757 1509 2036 1570 postquam
2064 1499 2161 1552 hos

603 1601 790 1641 omnes
821 1588 933 1641 dies
963 1589 1014 1641 in
1050 1605 1213 1643 unam
1240 1605 1502 1644 summam
1531 1588 1830 1660 collegeris.
1856 1589 2036 1644 divide
2069 1604 2162 1644 eos

606 1691 702 1742 per
740 1671 951 1744 triginta
979 1719 994 1743 ,
1029 1688 1082 1732 et
1118 1695 1238 1733 cum
1277 1666 1490 1734 veneris
1518 1679 1582 1732 ad
1628 1695 1908 1734 numerum
1946 1681 2162 1749 triginta

605 1766 797 1820 diebus
832 1768 1095 1822 minorem
1125 1811 1139 1835 ,
1171 1784 1291 1822 eum
1325 1785 1495 1830 sume,
1541 1781 1593 1824 et
1627 1780 1702 1825 tot
1731 1772 1843 1825 dies
1877 1788 1943 1826 ex
1975 1785 2163 1826 mense

2271 596 2596 666 ’Δρίθμησον
2625 595 2691 646 τά
2737 595 2843 648 ἀπὸ
2875 596 3105 659 κτίσεως
3135 596 3336 664 κόσμου
3365 598 3481 666 ἔτη,
3513 599 3608 650 καὶ
3638 599 3799 665 ὖφελε

2257 686 2394 740 αὐτὰ
2431 685 2522 736 ἐπὶ
2555 685 2663 737 τῶν
2697 683 2781 748 ιϐ’,
2811 687 2996 738 καὶτὰ
3023 687 3455 754 ἑναπομείναντά
3485 689 3591 741 είσι
3638 690 3812 759 δηλωο

2256 776 2384 828 τικὰ
2436 775 2530 828 τοῦ
2587 775 2791 828 κύκλου
2821 776 2922 843 τῆς
2973 778 3220 847 σελήνης.
3251 774 3384 830 Εἶτα
3416 779 3542 848 εὐρὲ
3585 781 3679 832 καὶ
3719 782 3815 834 τὸν

2258 867 2454 921 κύκλον
2502 866 2596 920 τοῦ
2645 868 2796 937 ἡλίου
2833 867 3006 930 οὕτως
3050 884 3065 900 ο
3112 869 3418 939 άρίθμησον
3446 871 3514 924 τά
3548 873 3658 925 άπδ
3696 874 3813 926 κτί-

2257 979 2394 1024 σεως
2431 963 2636 1030 κόσμου
2689 962 2806 1031 ἐτη,
2841 964 2937 1016 καὶ
2975 961 3135 1030 ὕφελε
3184 963 3323 1016 αὐτὰ
3351 965 3443 1016 ἐπὶ
3475 966 3584 1018 τῶν
3635 969 3812 1020 είκοσι

2257 1052 2350 1104 καὶ
2378 1049 2540 1113 ὀκτὼ,
2581 1050 2675 1102 καὶ
2720 1051 2790 1103 τά
2826 1051 3340 1120 περιλιμπανὸμενα
3377 1053 3496 1106 είπὶ
3536 1053 3813 1120 δηλωτικὰ

2257 1136 2398 1192 εἶναι
2454 1139 2546 1192 τοῦ
2586 1139 2784 1192 κύκλου
2823 1139 2917 1192 τοῦ
2949 1139 3119 1209 ἡλίου,
3153 1142 3215 1192 Ol
3254 1141 3433 1208 μέντοι
3478 1141 3671 1194 κύκλοι
3716 1145 3814 1210 τῆς

2260 1231 2512 1300 σελήνης,
2549 1230 2837 1283 δεκαεννέα
2884 1231 3058 1294 ὅντες,
3087 1230 3350 1298 ἄρχονται
3403 1231 3510 1282 άπὸ
3546 1231 3640 1284 τοῦ
3681 1233 3814 1284 Ίαν-

2258 1320 2510 1388 νουαρίου
2545 1319 2712 1389 μηνός
2733 1335 2746 1349 ⁸
2781 1321 2830 1372 οί
2871 1320 2927 1372 ει
2958 1319 3147 1372 κύκλοι
3170 1317 3264 1372 τοῦ
3298 1320 3470 1389 ἡλίου.
3507 1320 3680 1373 είκοσι
3723 1322 3816 1374 καὶ

2258 1409 2400 1461 ὀκτὼ
2425 1409 2578 1471 ὄντες
2610 1409 2702 1461 τὸν
2743 1409 2996 1480 άριθμδν,
3041 1409 3298 1479 ἄρχονται
3341 1411 3448 1462 ἀπὸ
3493 1410 3586 1464 τοῦ
3619 1411 3820 1464 Ὀκτω-

2261 1498 2414 1567 δρίου
2471 1500 2657 1568 μηνός.
2692 1500 2812 1552 Τῶν
2864 1499 2995 1566 γοῦν
3035 1498 3253 1552 κύκλων
3311 1500 3409 1566 τῆς
3460 1501 3691 1570 σελήνης
3722 1501 3819 1554 καὶ

2258 1591 2353 1644 τοῦ
2403 1589 2554 1661 ἡλίου
2618 1587 2790 1653 οὕτως
2833 1591 3277 1660 εὑρισκομένων,
3327 1589 3821 1644 ένδεκαπλασίασον

2254 1683 2350 1736 τὸν
2381 1682 2642 1751 τρέχοντα
2662 1680 2960 1750 τηνικαῦτα
2999 1680 3199 1734 κύκλον
3245 1680 3342 1748 τῆς
3391 1680 3617 1750 σελήνης
3641 1696 3657 1712 ·
3693 1677 3815 1733 εἶτα

2266 1773 2696 1844 πρόσθεςῖμέχρι
2729 1774 2826 1842 μὲν
2876 1771 2968 1825 τοῦ
3005 1778 3058 1835 ς’
3095 1772 3296 1824 κύκλου
3348 1771 3507 1839 χάριν
3544 1770 3653 1822 τῶν
3684 1787 3824 1839 παρ-

606 1855 794 1909 Martio
830 1856 909 1912 vel
943 1859 1100 1912 etiam
1137 1860 1303 1926 Aprili
1337 1862 1408 1915 illi
1436 1863 1591 1924 adde,
1627 1872 1758 1931 quot
1786 1862 2072 1929 suiﬂciant,
2105 1876 2160 1917 ut

2279 1867 2522 1919 ιλθόντων
2577 1866 2788 1919 αίὼνων
2850 1863 3063 1933 ἡμέρας
3117 1862 3175 1925 εξ
3220 1865 3319 1925 τὰς
3381 1861 3675 1930 λεγομένας
3721 1861 3823 1912 ἐπ·

607 1949 696 1998 liat
729 1964 983 2002 numerus
1017 1952 1510 2021 quinquagesimus,
1549 1963 1602 2006 et
1627 1955 1712 2008 dic
1745 1956 1930 2009 statim
1965 1955 2017 2008 in
2058 1955 2161 2010 line

604 2039 1047 2110 quinquagenm-ii
1077 2042 1270 2096 debere
1292 2058 1409 2097 esse
1437 2043 1640 2097 Pascha
1675 2043 1862 2112 legale.
1892 2044 1957 2100 Ut
1984 2055 2159 2098 autem

607 2129 747 2194 quod
781 2130 978 2183 dictum
1013 2140 1115 2190 est.
1151 2147 1248 2198 per
1277 2132 1577 2200 exemplum
1625 2133 1714 2186 hat
1770 2133 2108 2188 manifestius
2137 2177 2151 2201 ,

608 2219 834 2280 labentis
866 2221 988 2274 anni
1026 2223 1200 2277 sexies
1229 2223 1497 2276 millesimi
1528 2224 1903 2278 sexcentesimi
1949 2234 2164 2288 octoge-

605 2310 725 2365 slmi
763 2311 897 2381 sexti
936 2311 1224 2366 Paschales
1255 2313 1364 2368 dies
1399 2327 1598 2380 quaere,
1627 2323 1681 2367 et
1713 2314 1798 2370 die
1828 2315 1940 2378 ita;
1971 2313 2164 2384 Cyclus

607 2399 748 2453 lunae
778 2409 952 2454 esteo
1003 2415 1142 2455 anno
1173 2402 1557 2470 septemdecim
1621 2403 1712 2472 qui
1767 2417 1860 2471 per
1915 2403 2161 2456 undecim

610 2492 996 2559 multiplicans
1028 2490 1192 2546 efﬁcit
1243 2492 1355 2546 dies
1389 2503 1601 2546 centum
1641 2495 1906 2562 octoginta
1938 2505 2163 2562 septem.

613 2583 874 2637 Undecies
900 2583 1043 2634 enim
1072 2583 1450 2649 septemdecim
1485 2593 1609 2637 sunt
1641 2595 1857 2638 centum
1894 2585 2164 2653 octoginta

610 2681 835 2754 septem.
869 2670 960 2725 His
991 2687 1085 2740 pro
1112 2674 1342 2739 saeculis,
1378 2683 1434 2728 ut
1456 2675 1654 2728 dictum
1681 2685 1784 2737 est,
1810 2674 1998 2728 diebus
2033 2689 2168 2743 quo-

612 2778 716 2832 que
777 2774 984 2832 septem
1036 2763 1266 2818 addictis
1299 2805 1315 2830 ,
1363 2764 1593 2819 eﬂicltur
1655 2781 1906 2820 numerus
1964 2767 2167 2819 dierum

613 2866 831 2906 centum
903 2855 1192 2924 nonaginta
1253 2867 1502 2922 quatuor.
1541 2857 1657 2922 Quo
1697 2858 1908 2927 quidem
1943 2873 2168 2912 numero

613 2957 708 3012 per
742 2943 962 3012 triginta
988 2945 1180 3010 diviso,
1204 2945 1576 3015 relinquuntur
1598 2947 1713 3001 dies
1740 2947 2166 3016 qualuordecim:

614 3031 789 3086 sexies
819 3033 957 3084 enim
989 3033 1204 3102 triginta
1227 3043 1354 3088 sunt
1385 3045 1601 3089 centum
1631 3036 1920 3103 octoginta.
1945 3035 2017 3089 Ut
2042 3047 2169 3102 ergo

2262 1957 2452 2019 ακτάς.
2486 1955 2635 2008 Μετὰ
2665 1955 2722 2006 δλ
2746 1955 2835 2007 τὸν
2857 1953 2934 2017 ις’
2963 1952 3161 2006 κύκλον
3187 1953 3346 2021 μέχρι
3376 1950 3559 2019 τοῦξιθ⁸
3587 1949 3826 2018 πρόσθες

2264 2050 2401 2117 ύπὶρ
2429 2049 2617 2118 ὁμοίου
2647 2049 2863 2118 ἡμέρας
2887 2047 3026 2099 ἑπτά
3048 2062 3064 2077 ο
3093 2047 3187 2098 καὶ
3214 2045 3353 2112 μετὰ
3383 2044 3442 2096 τὸ
3465 2043 3692 2112 ποιῆσαι
3724 2043 3827 2111 τὴν

2261 2143 2370 2195 τῶν
2397 2143 2658 2195 τοιούτων
2713 2141 2850 2194 ὅλων
2910 2139 3133 2209 ἡμερῶν
3184 2138 3396 2201 ἕνωσιν,
3439 2136 3601 2202 ὕφελε
3652 2135 3826 2195 αὑτὰς

2231 2235 2353 2290 ,ἐπὶ
2398 2234 2506 2286 τῶν
2560 2231 2623 2296 λ’,
2679 2232 2775 2284 καὶ
2832 2231 2959 2283 ὅταν
3017 2229 3362 2297 καταντήσῃς
3420 2229 3496 2287 είς
3550 2225 3828 2290 ποσότητα

2264 2327 2463 2394 ἡττονα
2491 2323 2598 2375 τῶν
2624 2322 2666 2374 λ’
2694 2321 2938 2390 ἡμερῶν,
2973 2321 3065 2372 καὶ⁴
3095 2320 3365 2387 κρότησον
3391 2318 3471 2378 είς
3500 2317 3596 2377 τάς
3623 2315 3812 2382 χεῖράς

2267 2403 2359 2469 σου
2387 2415 2588 2483 ταύτην
2639 2415 2728 2466 καὶ
2756 2413 2953 2465 ἓνωσον
3003 2411 3088 2463 ἐπ’
3114 2411 3252 2479 αὐτῇ
3299 2409 3406 2462 άπὸ
3443 2409 3534 2459 τοῦ
3563 2406 3815 2473 Μαρτίου

2270 2508 2431 2576 μηνὸς
2465 2505 2498 2574 ἡ
2539 2503 2756 2558 καὶτοῦ
2799 2501 3107 2571 Ἀπριλλίου
3157 2500 3368 2568 ἡμέρας
3399 2500 3520 2551 ὅσαι
3562 2495 3828 2563 έξαρκοῦ-

2269 2613 2353 2649 σιν
2401 2598 2479 2658 είς
2510 2596 2570 2646 τὸ
2617 2591 3046 2663 συμποσωθῆναι
3099 2603 3456 2660 πεντηκοντα.
3483 2586 3591 2639 Καὶ
3627 2585 3827 2637 αὐτίκα

2267 2689 2386 2741 sint
2430 2687 2570 2740 κατά
2609 2686 2670 2738 τὸ
2694 2685 2844 2747 τέλος
2889 2683 2986 2752 τῆς
3013 2678 3445 2748 πεντηκοντάδος
3476 2676 3712 2742 ὀφείλειν
3743 2675 3832 2742 γί-

2269 2778 2457 2832 νεσθαι
2510 2777 2571 2830 τὺ
2625 2775 2847 2845 νομικὸν
2904 2773 3114 2842 Πάσχα.
3148 2772 3268 2824 Ἵνα
3306 2769 3486 2823 δὲκαὶ
3527 2769 3616 2821 διὰ
3661 2783 3841 2836 παρα-

2267 2869 2560 2938 δείγματος
2591 2866 2924 2935 σαφέστερον
2956 2864 3184 2932 γένηται
3221 2861 3281 2914 τὸ
3311 2860 3626 2928 λεγόμενον,
3660 2857 3830 2925 ζήτη-

2272 2977 2364 3015 σον
2414 2960 2512 3023 τὰς
2577 2957 2669 3010 τοῦ
2727 2957 3007 3026 τρέχοντος
3062 2953 3240 3022 ςχπς¹
3294 2953 3448 3016 ετους
3522 2947 3836 3018 Πασχαλίου

2269 3050 2506 3120 ἡμέρας,
2542 3049 2634 3102 καὶ
2679 3048 2800 3100 sint
2843 3046 3016 3105 οὕτως
3042 3062 3056 3078 ο
3122 3041 3184 3095 ὐ
3215 3042 3413 3104 κύκλος
3467 3040 3569 3109 τῆς
3603 3040 3836 3107 σελήνης

615 3121 710 3176 ﬂat
746 3136 999 3175 numerus
1026 3123 1234 3176 dierum
1283 3125 1702 3192 quinquaginta,
1735 3139 1838 3192 quo
1871 3125 2172 3178 inveniatur

2279 3141 2413 3192 κατὰ
2443 3137 2503 3189 τὸ
2528 3135 2768 3189 τοιοῦτον
2812 3135 2930 3198 ἔτος
2974 3133 3125 3186 εστὶν
3169 3129 3656 3192 ἑπτακαιδέκατος,
3685 3132 3837 3189 ὅστις

615 3215 732 3268 dies
767 3213 986 3268 Pascha:
1016 3215 1221 3282 legalis,
1255 3215 1392 3268 adde
1435 3217 1592 3271 dictis
1620 3217 2023 3284 quattuordecim
2057 3215 2170 3269 die-

616 3307 716 3360 bus
744 3321 908 3358 unum
937 3314 990 3359 et
1013 3307 1226 3377 triginta
1253 3307 1367 3360 dies
1390 3307 1562 3360 Martii
1587 3317 1637 3361 et
1663 3307 1859 3375 Aprilis
1887 3307 1998 3360 dies
2025 3307 2176 3375 quin-

620 3414 759 3466 que;
797 3407 848 3452 et
900 3399 977 3452 sic
1025 3413 1145 3452 cum
1200 3399 1586 3470 quinquaginta
1631 3399 1838 3452 dierum
1893 3413 2174 3451 numerum

621 3490 890 3555 olfeceris,
922 3490 1008 3542 die
1039 3491 1233 3544 debere
1264 3491 1379 3542 lieri
1426 3489 1632 3543 Pascha
1666 3491 1834 3557 legale
1872 3488 2062 3556 quinto
2091 3489 2177 3540 die

625 3579 829 3631 mensis
857 3579 1076 3645 Aprilis.
1107 3577 1242 3642 Quia
1271 3587 1447 3630 autem
1481 3580 1680 3631 mensis
1719 3579 1931 3645 quidem
1955 3576 2068 3629 dies
2101 3575 2178 3628 sic

623 3669 1131 3737 comprehenditur;
1191 3669 1504 3737 septimanae
1553 3682 1731 3722 autem
1781 3668 1892 3720 dies
1942 3667 2179 3720 incertus

622 3773 705 3817 est
738 3781 751 3814 :
797 3779 931 3830 opus
959 3773 1040 3816 est
1069 3770 1121 3816 te
1167 3776 1377 3830 quoque
1433 3777 1548 3814 eam
1597 3761 1796 3815 doceri.
1829 3759 1892 3812 Et
1929 3760 2178 3828 quoniam

627 3855 726 3906 hoc
758 3868 898 3906 anno
929 3852 1108 3919 cyclus
1142 3853 1269 3906 solis
1299 3859 1381 3904 est
1424 3852 1713 3906 vicesimus
1761 3851 2049 3913 secundus,
2085 3865 2181 3918 cy-

624 3945 818 3997 clicum
856 3942 996 3996 hunc
1045 3957 1326 3995 numerum
1385 3955 1556 4004 sume,
1607 3951 1657 3994 et
1704 3957 1804 4010 pro
1861 3953 2182 4008 unoquoque

623 4032 960 4102 quadrienno
1009 4043 1224 4098 propter
1253 4034 1547 4086 bissextum
1579 4033 1718 4084 diem
1753 4046 1913 4084 unum
1946 4031 1994 4084 ei
2026 4032 2181 4091 adde,

625 4125 829 4178 scilicet
859 4137 954 4188 pro
983 4124 1164 4193 viginti
1199 4125 1405 4178 duobus
1433 4123 1596 4191 ryclis
1641 4123 1754 4176 dies
1797 4122 2053 4190 quinque,
2088 4122 2179 4189 qui

625 4220 788 4270 etiam
819 4229 1019 4286 epactre
1057 4217 1327 4269 dicuntur.
1388 4216 1463 4268 Ita
1505 4217 1587 4270 his
1617 4215 1773 4279 adde,
1803 4215 1846 4268 si
1883 4215 2098 4284 quidem
2131 4215 2184 4268 in

630 4323 812 4362 mense
851 4307 1040 4360 Martio
1074 4307 1240 4374 legale
1267 4305 1469 4359 Pascha
1499 4306 1788 4370 invenitur,
1815 4305 2184 4373 ratione‘prze-

628 4400 905 4452 teritornm
931 4399 1214 4462 mensium,
1245 4397 1338 4465 qui
1374 4406 1724 4450 numerantur
1754 4411 1782 4448 a
1818 4411 1999 4449 mense
2021 4393 2185 4450 Octo-

2281 3227 2907 3296 ἐνδεκαπλασιαζόμενος
2958 3227 3215 3280 ἀποτελεῖ
3267 3227 3482 3295 ἡμέρας
3528 3221 3675 3292 ρπζν.
3719 3221 3841 3274 Ἔν-

2278 3321 2498 3382 δεκάκις
2549 3320 2658 3389 γὰρ
2709 3318 2980 3370 δεκαεπτὰ
3036 3318 3178 3386 ρπζν.
3235 3314 3686 3385 Προστιθεμένων
3743 3311 3841 3365 οὖν

2277 3413 2485 3471 τούτοις
2517 3410 2676 3480 χάριν
2710 3409 2819 3462 τῶν
2854 3407 3087 3468 αίώνων,
3119 3407 3194 3468 ὡς
3227 3404 3580 3474 είρηται,καὶ
3608 3403 3840 3472 ἡμερῶν

2281 3499 2450 3562 ἑπτὰ,
2497 3498 2840 3551 ἀποτελεῖται
2881 3497 3114 3565 ποσότης
3150 3493 3376 3562 ἡμερῶν
3431 3489 3566 3561 pho”.
3612 3484 3722 3550 Ἦς
3780 3486 3845 3559 δὴ

2283 3591 2578 3658 ποσότητος
2609 3587 2950 3656 ύφελομένης
2977 3586 3072 3638 ἐπὶ
3099 3585 3206 3635 τῶν
3241 3582 3306 3646 λ’,
3343 3581 3841 3650 περιλιμπάνονται

2284 3681 2486 3751 ἡμέραι
2523 3678 2602 3732 ιδ’.
2671 3677 2886 3741 Ἐξάκις
2917 3677 3022 3744 γάρ
3056 3675 3348 3743 τριάκοντα
3388 3677 3493 3738 ρπθ.
3515 3670 3634 3722 Ἵνα
3665 3668 3847 3720 τοίνυν

2284 3764 2570 3818 ποσωθῶσι
2607 3765 2946 3831 πεντήκοντα
2977 3761 3202 3830 ἡμέραι,
3233 3762 3394 3829 χάριν
3419 3757 3511 3810 τοῦ
3549 3757 3848 3825 εὑρεθῆναι

2283 3855 2380 3922 τὴν
2423 3853 2640 3924 ἡμέραν
2672 3853 2767 3906 τοῦ
2804 3851 3036 3923 νομικοῦ
3098 3853 3308 3921 Πάσχα,
3338 3851 3539 3903 ἐνωσον
3580 3850 3701 3910 ταῖς
3751 3849 3850 3917 ρη-

2286 3945 2493 4007 θείσαις
2524 3944 2657 3998 δέκα
2727 3944 2862 4013 πρὸς
2918 3945 3040 4006 ταῖς
3095 3942 3386 4011 τέσσαρσιν
3457 3941 3693 4009 ἡμέραις
3747 3940 3849 4001 τάς

2285 4035 2577 4105 τριάκοντα
2605 4035 2742 4104 πρὸς
2772 4038 2838 4104 τῇ
2874 4037 2974 4105 μιᾷ
3018 4035 3232 4104 ἡμέρας
3264 4034 3357 4086 τοῦ
3391 4031 3638 4100 Μαρτίου
3681 4031 3850 4100 μηνὸς

2287 4126 2381 4179 καὶ
2414 4127 2522 4178 ἀπὸ
2565 4124 2660 4178 τοῦ
2707 4124 3017 4193 Ἀπριλλίου
3070 4125 3284 4194 ἡμέρας
3314 4123 3510 4175 πέντεο
3559 4123 3656 4175 καὶ
3703 4121 3850 4173 οὓτω

2290 4218 2654 4290 συμποσὼσας
2689 4219 2901 4288 ἡμέρας
2941 4217 2982 4271 ν’
3024 4217 3147 4284 λέγε
3203 4215 3440 4285 ὀφείλειν
3481 4213 3736 4281 γενέσθαι
3790 4212 3853 4263 τὸ

2290 4311 2508 4379 νομικὸν
2557 4310 2747 4378 Πάσχα
2799 4311 2937 4361 κατὰ
2961 4308 3063 4378 τὴν
3101 4308 3358 4377 πέμπτην
3401 4305 3494 4358 τοῦ
3534 4303 3852 4373 Ἀπριλλίου

2296 4400 2481 4471 μηνός.
2520 4400 2640 4452 Ὅτι
2671 4399 2725 4451 δὲ
2753 4400 2786 4467 ἡ
2822 4397 2920 4466 μὲν
2946 4397 3038 4449 τοῦ
3073 4397 3240 4468 μηνὸς
3274 4396 3458 4466 ἡμέρα
3489 4394 3630 4447 οὕτω
3675 4410 3853 4444 κατα-

630 4491 708 4541 hri
744 4529 756 4549 ,
795 4490 910 4542 dies
943 4490 1226 4551 undecim;
1273 4488 1479 4542 scilicet
1524 4503 1618 4555 pro
1646 4487 1866 4542 Octobri
1908 4488 2022 4541 dies
2056 4497 2180 4550 tres.

2292 4492 2702 4560 λαμϐάνεται,ἡ
2733 4490 2789 4542 δὲ
2825 4491 2921 4558 τῆς
2953 4489 3243 4558 έὸδομάδος
3273 4487 3455 4558 ἡμέρα
3483 4485 3678 4555 ἄδηλός
3711 4485 3852 4548 ἐστι,

629 4599 692 4634 eo
720 4581 862 4648 quod
900 4581 1091 4635 habeat
1125 4582 1210 4635 hic
1257 4580 1455 4634 mensis
1501 4581 1615 4632 dies
1661 4579 1876 4646 triginta
1909 4589 1961 4631 et
1992 4594 2186 4645 unum;

631 4690 727 4740 pro
758 4671 1080 4738 Novembri,
1125 4673 1257 4725 duos
1298 4672 1433 4733 dies,
1464 4669 1601 4737 quod
1634 4670 1679 4722 is
1713 4670 1904 4721 habeat
1935 4670 2050 4723 dies
2092 4671 2190 4722 tri-

633 4768 797 4834 ginta,
825 4778 879 4820 et
901 4782 998 4834 pro
1037 4765 1314 4819 Deccmbri
1351 4774 1406 4817 et
1442 4763 1703 4816 Januario
1738 4764 1851 4817 dies
1885 4779 1974 4816 scx
2002 4802 2017 4827 ,
2051 4762 2190 4831 quod

638 4859 1005 4925 unusquisque
1040 4872 1222 4910 corum
1277 4856 1469 4909 habeat
1498 4855 1612 4908 dies
1645 4854 1856 4923 triginta
1903 4863 1957 4908 et
2007 4871 2191 4909 unum.

640 4950 743 5004 l'ro
769 4964 949 5002 mense
987 4956 1162 5000 autem
1235 4946 1491 4998 ebruario
1541 4946 1670 4998 nihil
1721 4947 1907 5010 addes.
1943 4961 2008 5002 eo
2053 4948 2192 5015 quod

638 5043 683 5093 ei
718 5040 853 5094 desit
891 5054 902 5088 :
939 5039 980 5091 si
1013 5046 1188 5090 autem
1232 5035 1502 5088 invenitur
1537 5034 1743 5088 Pascha
1792 5037 1957 5102 legale
2015 5053 2198 5091 mense

641 5129 828 5195 Aprili,
870 5137 925 5178 nt
959 5129 1014 5178 lit
1044 5129 1094 5178 in
1122 5126 1366 5194 prmsenti
1403 5134 1640 5193 tempore
1671 5141 1687 5176 :
1716 5125 1852 5178 adde
1881 5127 2042 5180 etiam
2079 5138 2188 5181 tres

641 5223 775 5275 alios
812 5223 924 5274 dies
955 5234 1050 5286 pro
1083 5234 1262 5273 mense
1293 5218 1503 5282 Martio,
1535 5225 1590 5269 ut
1639 5217 1746 5272 sint
1785 5233 1880 5284 pro
1928 5219 2198 5272 mensibus

642 5315 758 5368 dies
787 5310 1212 5379 quatuordecim.
1258 5309 1518 5376 Legitimo
1561 5323 1689 5377 ergo
1722 5308 1940 5361 Pascha:
1976 5310 2060 5361 die
2114 5310 2198 5362 itt-

647 5411 826 5462 vento.
860 5410 918 5452 ut
948 5401 1207 5463 diximus,
1237 5400 1424 5466 quinto
1458 5400 1654 5452 mensis
1679 5400 1837 5469 611
1868 5399 2086 5467 Aprilis,
2121 5400 2203 5453 his

649 5494 784 5545 adde
817 5493 888 5544 22
915 5492 1026 5544 dies
1051 5491 1242 5545 solaris
1278 5491 1433 5558 cycli,
1479 5500 1531 5542 et
1571 5505 1633 5544 ex
1678 5493 1912 5546 bissexto
1947 5493 2204 5560 quinque,

2296 4584 2470 4652 χρεών
2519 4583 2634 4633 έστι
2705 4583 2800 4634 καὶ
2849 4580 3060 4649 ’ταύτην
3123 4577 3547 4647 ἀναδιδαχθῆναι
3601 4591 3685 4628 σε.
3747 4573 3858 4626 Καὶ

2295 4673 2418 4725 έπεί
2475 4672 2592 4723 ἐστι
2646 4669 2786 4723 κατὰ
2840 4669 2900 4721 τὸ
2946 4669 3190 4721 τοιοῦτον
3251 4667 3371 4729 ἔτος
3417 4668 3445 4718 δ
3498 4663 3696 4725 κύκλος
3761 4660 3856 4713 τοῦ

2297 4761 2446 4830 ἡλίου
2497 4757 2597 4826 κβ⁹,
2633 4757 2902 4826 κράτησον
2933 4757 3012 4818 είς
3045 4755 3143 4816 τὰς
3174 4754 3363 4824 χεῖράς
3409 4769 3503 4805 σου
3543 4749 3640 4820 τὴν
3673 4747 3860 4801 τοιαύο

2295 4869 2397 4921 την
2450 4849 2712 4917 κυκλικὴν
2766 4847 3061 4914 ποσότητα,
3107 4844 3201 4898 καὶ⁵
3255 4845 3458 4896 ἒνωσον
3503 4842 3681 4912 ταύτῃ
3720 4838 3860 4906 ὑπὲρ

2300 4942 2532 5009 ἑκάστης
2581 4939 2897 5009 τετραετίας
2945 4937 3105 5007 χάριν
3150 4935 3246 4989 τοῦ
3302 4933 3582 5004 βισέξστου
3639 4930 3862 5000 ἡμέραν

2304 5033 2451 5102 μίαν,
2483 5032 2647 5100 ἡγουν
2677 5029 2816 5097 ὑπὲρ
2845 5028 2953 5080 τῶν
2986 5024 3067 5095 κβ¹
3099 5024 3314 5079 κύκλων
3345 5021 3558 5091 ἡμέρας
3586 5026 3649 5082 ε’,
3685 5019 3739 5072 αἶ
3767 5019 3862 5070 καὶ

2300 5122 2534 5174 ὲπακταὶ
2557 5119 2824 5185 λέγονται.
2859 5117 3136 5177 Ὡσαύτως
3169 5115 3372 5165 ἓνωσον
3401 5112 3648 5172 ταύταις,
3677 5109 3726 5160 εί
3765 5107 3864 5175 μὲν

2301 5213 2363 5266 τδ
2391 5211 2610 5280 νομικὸν
2669 5209 2856 5275 Πάσχα
2887 5206 3205 5274 εὑρίσκεται
3267 5202 3347 5264 είς
3395 5201 3641 5269 Μάρτιον
3694 5195 3864 5265 μῆνα,

2303 5304 2446 5371 λόγῳ
2477 5301 2585 5353 τῶν
2611 5298 3104 5368 προπαρελκόντων
3134 5293 3317 5364 μηνῶν
3341 5291 3449 5346 τῶν
3475 5287 3867 5357 ψηφιζομένων

2305 5394 2411 5446 ἀπὸ
2445 5391 2534 5442 τοῦ
2569 5389 2901 5458 Ὀκτωϐρίου
2937 5387 3126 5455 μηνὸς,
3159 5385 3372 5454 ἡμέρας
3409 5386 3503 5438 ια’.
3529 5379 3698 5448 ἡγουν
3727 5375 3867 5445 ὑπὲρ

2305 5483 2399 5536 τοῦ
2435 5483 2765 5551 Ὀκτωὸρίου
2811 5479 3024 5550 ἡμέρας
3056 5476 3124 5545 γ’,
3151 5477 3242 5528 διά
3288 5479 3350 5526 τὸ
3378 5473 3524 5540 ἔχειν
3569 5472 3661 5522 τὸν
3710 5468 3870 5520 αὑτὸν

649 5582 735 5646 qui
767 5580 926 5633 etiam
958 5590 1156 5644 epacta:
1201 5579 1476 5642 dicuntur,
1505 5589 1556 5632 et
1588 5579 1652 5632 14
1683 5579 1942 5633 mensium
1971 5597 1984 5645 ;
2015 5590 2068 5634 et
2115 5595 2176 5634 eo

2311 5574 2454 5643 μῆνα
2479 5571 2521 5623 λ’
2553 5574 2688 5641 πρὸς
2715 5574 2782 5640 τῇ
2839 5571 2970 5640 μιᾷο
3005 5567 3143 5637 ὑπὲρ
3187 5567 3280 5619 τοῦ
3333 5563 3639 5633 Νοεμϐρίου
3702 5561 3872 5630 μηνὸς

651 5687 836 5726 omnes
863 5673 922 5726 41
959 5670 1159 5723 dierum
1193 5685 1458 5724 summam
1487 5668 1677 5738 collige
1709 5685 1770 5723 ac
1799 5685 1988 5726 rursus
2017 5671 2069 5724 in
2113 5687 2203 5724 sex

653 5761 977 5829 septimanas
1024 5760 1263 5826 resolve,
1313 5761 1388 5815 sic
1439 5759 1664 5815 dicendo
1694 5801 1707 5825 ,
1755 5762 1954 5815 sexties
2004 5768 2205 5828 septem

2309 5663 2519 5732 ἡμέρας
2546 5663 2610 5732 β’,
2646 5665 2734 5715 διὰ
2761 5662 2820 5713 τὸ
2844 5662 2990 5728 ἔχειν
3047 5659 3238 5712 τοῦτον
3289 5657 3504 5726 ἡμέρας
3551 5654 3869 5725 τριάκοντασ

2315 5756 2406 5807 καὶ
2459 5755 2598 5823 ὑπὲρ
2648 5755 2741 5806 τοῦ
2797 5751 3132 5824 Δεκεμϐρίου
3191 5749 3285 5803 κα)⁸
3343 5746 3435 5799 τοῦ
3508 5744 3872 5811 Ἰαννουαρίου
