4148 6468
299 412 400 477 231

1263 409 1347 478 IN
1385 415 1549 478 CAN.
1587 415 1864 478 LXXVII
1911 414 2118 479 CONC.
2159 417 2534 478 CARTBAG.

3437 400 3544 464 282

304 529 522 597 ἡμέρας
569 527 652 594 ιε,
697 526 787 581 διὰ
836 527 898 581 τδ
955 527 1102 598 ἒχειν
1155 526 1376 590 τούτους
1427 525 1532 580 ἀνὰ
1582 525 1877 595 τριάκοντα

1988 526 2330 596 quadraginta
2357 527 2480 588 duo,
2517 523 2754 578 invenies
2784 523 3018 590 reliquos
3049 520 3164 574 dies
3207 519 3239 572 4
3278 517 3389 570 ﬂeri
3421 517 3534 570 sci-

307 621 445 686 πρδς
469 622 536 689 τῇ
571 621 669 688 μιᾷ
696 635 711 650 ο
742 620 881 687 ὑπὲρ
904 619 961 673 δὶ
1006 619 1100 672 τοῦ
1145 619 1509 689 Φεϐρουαρίου
1548 615 1716 687 μηνὸς
1763 631 1869 684 μη·

306 711 396 762 δὲν
439 710 790 779 προσθήσεις,
822 711 911 762 διὰ
960 710 1022 762 τὸ
1069 709 1266 779 ιλλιπῆ
1315 709 1505 762 τοῦτον
1531 707 1695 760 εἷναι.
1723 708 1787 761 El
1815 706 1870 758 δὲ

307 800 369 853 τὸ
399 799 625 867 νομικὸν
655 800 844 868 Πάσχα
890 799 1204 868 εὑρίσκεται
1253 801 1394 852 κατά
1437 799 1527 852 τὸν
1560 797 1872 868 ’Λπρίλλιον

311 891 482 960 μῆνα,
511 891 698 961 ὥσπερ
745 891 956 958 γίνεται
1012 892 1152 944 κατὰ
1203 892 1302 960 τὴν
1357 891 1643 958 παροῦσαν
1678 891 1874 956 ἐγχρο.

307 977 448 1040 νίαν,
483 976 722 1046 πρόσθες
760 977 854 1029 καὶ
906 978 1097 1046 ἑτέρας
1142 980 1355 1047 ἡμέρας
1401 979 1553 1044 τρεῖς
1584 977 1744 1046 χάριν
1771 975 1869 1028 τοῦ

308 1066 562 1135 Μαρτίου
617 1068 822 1138 μηνόςο
873 1069 948 1131 ὡς
999 1065 1139 1121 εἶναι
1195 1068 1292 1131 τὰς
1326 1068 1465 1136 ύπὶρ
1515 1067 1626 1120 τῶν
1682 1066 1870 1135 μηνῶν

306 1157 522 1227 ἡμέρας
555 1157 686 1211 δίκα
719 1160 852 1226 πρὸς
880 1162 1002 1220 ταῖς
1022 1160 1308 1227 τέσσαρσι.
1334 1158 1442 1212 Τοῦ
1475 1157 1608 1226 γοῦν
1640 1156 1867 1228 νομικοῦ

311 1247 530 1312 Πάσχα,
563 1245 639 1308 ὡς
672 1247 919 1315 είπομεν,
971 1246 1364 1314 εὑρισκομένου
1415 1246 1494 1308 είς
1541 1246 1640 1308 τὰς
1692 1252 1730 1297 ε’
1780 1243 1874 1298 τοῦ

319 1333 636 1403 Ἀπριλλίου
685 1335 872 1404 μηνὸς,
906 1335 1113 1388 ενωσον
1144 1335 1372 1402 ταύταις
1401 1335 1499 1398 τὰς
1550 1334 1632 1406 κβ⁹
1662 1337 1876 1406 ἡμέρας

308 1424 405 1476 τοῦ
437 1426 666 1494 ἡλιακοῦ
703 1426 930 1490 κύκλου,
954 1427 1051 1489 τὰς
1083 1427 1192 1480 ἀπὸ
1232 1427 1324 1479 τοῦ
1375 1427 1660 1495 βισέξστου
1691 1429 1874 1492 πέντε,

308 1514 411 1575 τὰς
443 1515 536 1567 καὶ
569 1514 813 1578 ιπακτύις
837 1516 1159 1585 λεγομένας,
1180 1519 1272 1570 καὶ
1303 1519 1399 1581 τὰς
1431 1517 1489 1571 ιδ’
1519 1517 1628 1571 τῶν
1662 1518 1878 1589 μηνῶν,

309 1606 408 1659 καὶ
460 1606 827 1675 συμποσοῖηας
890 1609 1017 1670 δλας
1071 1609 1149 1670 είς
1196 1609 1410 1679 ἡμέρας
1446 1608 1565 1679 μς¹,
1593 1611 1689 1663 καὶ
1724 1606 1881 1671 αὖθις

307 1695 588 1756 ἀναλύσας
644 1698 816 1758 αὐτὰς
869 1700 949 1760 είς
1000 1698 1301 1768 ἑϐδομάδας
1327 1700 1523 1766 ἒξ,διά
1576 1701 1670 1754 τοῦ
1703 1702 1880 1753 είπεῖν

306 1787 518 1850 οὕτως,
578 1790 766 1853 ἑξάκις
821 1791 958 1844 ἑπτὰ
1010 1793 1418 1860 τεσσαράκοντα
1467 1794 1583 1856 δύο,
1625 1794 1880 1862 εὑρήσεις

305 1880 858 1948 περιλιμπανομένας
897 1882 1110 1951 ἡμέρας
1141 1883 1436 1954 τέσσαρας,
1471 1885 1590 1954 ἡτοι
1625 1884 1876 1950 γίνεσθαι

308 1971 372 2023 τὸ
399 1969 620 2039 νομικὸν
657 1972 845 2040 Πάσχα
875 1973 1016 2024 κατὰ
1042 1973 1139 2042 τὴν
1160 1971 1200 2025 ε’
1231 1973 1325 2026 τοῦ
1375 1973 1686 2044 ’Δπριλλίου
1715 1975 1886 2043 μηνὸς

308 2061 412 2132 τὴν
434 2061 598 2113 οὖσαν
620 2061 834 2129 ἡμέραν
859 2061 899 2113 δ’
921 2061 1018 2130 τῆς
1042 2062 1350 2131 ἑϐδομάδος.
1385 2063 1509 2115 Ὅτι
1530 2062 1622 2115 οὖν
1649 2065 1892 2132 Παράδο-

310 2150 396 2212 σίς
453 2152 598 2203 εστιν
650 2151 1076 2222 έκκλησιαστικὴ
1132 2153 1271 2214 μετὰ
1322 2151 1382 2203 τὸ
1431 2153 1654 2219 νομικὶν
1703 2153 1888 2220 Πάσχα

307 2241 555 2310 γίνεσθαι
590 2245 650 2295 τὸ
687 2245 1068 2312 Χριστιανικὸν
1121 2245 1262 2297 κατὰ
1295 2245 1423 2314 μίαν
1453 2246 1546 2298 καὶ
1598 2245 1696 2312 τὴν
1725 2246 1894 2314 αὐτὴν

312 2324 586 2400 ιϐδομάδα
609 2335 688 2397 είς
717 2334 937 2404 πρώτην
957 2336 1191 2404 ἡμέραν,
1222 2335 1340 2388 sine
1371 2335 1607 2403 ὀφείλειν
1633 2337 1882 2404 γίνεσθαι

1975 616 2095 670 licet
2133 614 2334 669 Pascha
2367 614 2534 680 legale
2579 614 2768 684 quinto
2816 613 2903 666 die
2946 611 3146 664 mensis
3193 608 3413 676 Aprilis,
3445 606 3537 674 qui

1971 712 2058 761 est
2080 715 2306 773 quartus
2351 705 2465 757 dies
2500 705 2836 772 septimanae.
2875 699 3007 766 Quia
3037 713 3165 768 ergo
3199 696 3420 750 traditio
3460 705 3546 750 est

1973 795 2369 857 ecclesiastica,
2402 803 2522 862 post
2566 793 2772 846 Pascha
2806 790 2974 860 legale
3007 789 3119 842 lleri
3165 786 3540 840 Christiannm

1974 888 2028 941 in
2057 902 2160 941 una
2189 896 2242 940 et
2267 887 2460 939 eadem
2491 885 2796 952 septimana
2828 884 2880 934 in
2907 882 3079 950 primo
3106 879 3212 941 die;
3233 879 3318 932 dic
3354 878 3546 930 debere

1977 979 2279 1034 necessario
2311 978 2422 1032 ﬁeri
2451 977 2651 1031 Pascha
2675 970 3236 1038 ChristiannmJnono
3261 968 3348 1021 die
3374 966 3542 1032 April.

1976 1069 2071 1124 His
2100 1085 2228 1137 ergo
2259 1071 2332 1122 ita
2367 1083 2426 1122 se
2459 1069 2800 1128 habentibus,
2826 1065 2869 1118 si
2904 1080 2931 1116 a
2957 1064 3042 1116 die
3070 1060 3316 1115 Paschali
3347 1061 3458 1112 dies
3479 1055 3548 1111 56

1977 1160 2319 1221 subduxeris,
2359 1158 2601 1213 invenies
2630 1155 3080 1223 Carnisprivinm.
3110 1151 3164 1206 Si
3195 1160 3374 1205 autem
3411 1149 3549 1202 nolis

1977 1265 2304 1319 cognoscere
2335 1249 2762 1318 Carnisprlvium
2794 1247 3150 1302 subductione
3201 1242 3269 1296 56
3307 1242 3541 1303 dierum,

1977 1343 2068 1396 sed
2096 1357 2218 1395 cum
2244 1339 2434 1408 majori
2471 1340 2749 1400 facilitate.
2785 1341 2908 1408 quia
2950 1350 3090 1390 nunc
3125 1343 3210 1388 est
3247 1334 3545 1394 bissextus,

1978 1431 2114 1486 adde
2142 1432 2254 1486 dies
2278 1431 2336 1491 4.
2367 1439 2421 1485 et
2446 1431 2553 1496 dic,
2584 1430 2618 1484 9
2641 1440 2693 1483 et
2719 1431 2752 1483 ι
2815 1428 3071 1483 tredecim
3104 1445 3117 1481 :
3143 1437 3200 1480 ut
3231 1424 3302 1481 sit
3332 1424 3554 1478 Carnis-

1980 1523 2212 1594 privium
2251 1523 2530 1577 Februarii
2574 1523 2660 1577 13.
2721 1521 2833 1575 Hoc
2865 1530 3042 1575 autem
3082 1519 3138 1572 ﬁt
3185 1527 3403 1584 propter
3446 1515 3558 1568 bis-

1987 1625 2223 1668 sextum.
2256 1613 2312 1668 Si
2345 1613 2488 1667 enim
2524 1628 2632 1667 non
2663 1621 2744 1667 est
2774 1613 3069 1674 bissextus,
3097 1625 3203 1664 non
3233 1607 3556 1673 adjiciuntur

1983 1703 2098 1757 dies
2144 1712 2376 1770 quatuor
2407 1703 2500 1756 sed
2538 1711 2671 1756 tres.
2704 1700 2840 1766 Quia
2869 1709 3051 1755 autem
3084 1699 3137 1752 in
3165 1697 3390 1752 diversis
3425 1693 3557 1747 locis

1984 1794 2204 1847 bissexti
2234 1794 2600 1855 meminimus,
2629 1793 2793 1846 debes
2821 1795 2981 1854 scire,
3007 1801 3148 1858 quoa
3183 1787 3556 1855 unusquisque

1912 1864 1954 1918 Β
1995 1899 2165 1936 annus
2213 1883 2376 1937 habet
2419 1882 2525 1936 365
2563 1883 2676 1936 dies
2707 1883 2867 1936 horas
2902 1883 2955 1935 6.
3003 1880 3105 1946 Qui
3142 1894 3269 1948 ergo
3301 1891 3474 1929 annos
3505 1883 3558 1927 et

1998 1986 2211 2025 menses
2261 1972 2311 2024 in
2362 1972 2720 2041 quantitatem
2753 1973 3095 2041 redegerunt,
3141 1976 3448 2023 statuerunt
3499 1973 3560 2017 ut

1999 2063 2166 2115 mensi
2221 2059 2520 2116 Februario
2585 2062 2905 2129 adjiciantur
2962 2061 2994 2115 6
3054 2056 3556 2126 superabundantes

1997 2154 2145 2207 horae
2183 2153 2319 2207 ultra
2359 2154 2484 2208 565.
2521 2155 2583 2207 Et
2629 2155 2747 2209 ideo
2785 2153 2980 2206 habeat
3007 2151 3208 2206 mensis
3231 2147 3562 2203 Februarius

1999 2255 2116 2312 post
2161 2247 2578 2313 unumquodque
2619 2245 3033 2312 quadriennium
3063 2281 3079 2306 ,
3136 2250 3472 2296 numeratum
3533 2253 3564 2289 ιι

1997 2335 2170 2402 primo
2212 2335 2363 2403 cyclo
2396 2335 2582 2397 solari,
2616 2336 2731 2389 dies
2768 2335 2858 2389 29.

311 2422 372 2488 ἐξ
414 2425 658 2495 ἀνάγκης
703 2426 764 2479 τὸ
813 2427 1201 2496 Χριστιανικδν
1252 2429 1445 2497 Πάσχα
1480 2428 1622 2482 κατὰ
1653 2429 1750 2496 τὴν
1781 2427 1822 2480 θ’
1881 2425 1974 2478 τοῦ
2023 2425 2329 2495 Ἀπριλλίου
2379 2428 2566 2495 μηνός.
2596 2429 2813 2482 Τούτων
2865 2429 2920 2481 δὲ
2962 2428 3133 2488 οὕτως
3164 2426 3420 2494 ἑχόντων,
3464 2423 3565 2476 ἐὰν

310 2515 518 2586 ύφέλῃς
564 2517 670 2571 ἀπὸ
723 2517 823 2584 τῆς
882 2518 1195 2588 Πασχαλίσς
1243 2520 1457 2590 ἡμέρας
1501 2526 1612 2583 vc’,
1649 2520 1904 2588 εύρὴσεις
1939 2519 2038 2587 τὴν
2071 2519 2374 2587 ἀποκρέαν.
2433 2521 2493 2570 El
2538 2520 2594 2571 δὲ
2647 2519 2722 2588 μὴ
2799 2518 2956 2571 τοῦτο
3001 2517 3197 2580 θέλεις,
3246 2518 3412 2585 ἡγουν
3491 2515 3557 2567 τὸ

310 2611 514 2678 γνῶναι
543 2612 642 2681 τὴν
663 2613 942 2682 άποκρέαν
982 2614 1122 2683 μετὰ
1152 2613 1396 2682 ύφελμοῦ
1447 2615 1786 2682 πεντήκοντα
1861 2614 1918 2679 ἒξ
1959 2615 2202 2683 ἡμερῶν,
2242 2614 2374 2667 ἀλλὰ
2410 2615 2547 2681 μετὰ
2573 2613 2816 2676 πλείονος
2844 2613 3113 2676 εὐκολίας,
3183 2615 3306 2664 ἐπεὶ
3350 2613 3555 2682 ἀρτίως

310 2705 431 2758 icti.
465 2705 766 2774 βίσεξστον,
795 2706 1030 2774 πρόσθες
1071 2708 1284 2777 ἡμέρας
1329 2709 1392 2775 δ’,
1421 2711 1512 2760 καὶ
1561 2708 1708 2773 είπὲ,
1741 2710 1786 2760 θ’
1817 2709 1910 2760 καὶ
1946 2706 2007 2770 δ’,
2054 2706 2159 2774 ιγ”
2193 2708 2334 2761 ὥστε
2368 2703 2509 2761 εἶναι
2549 2710 2649 2777 τήν
2686 2707 2968 2777 άποκρέαν
3046 2706 3417 2776 Φεϐρουαρίου
3457 2711 3552 2771 ιγ.

313 2795 487 2848 Τοῦτο
516 2795 573 2849 δὲ
599 2796 809 2862 γίνεται
840 2796 926 2850 διὰ
949 2797 1009 2850 τὸ
1049 2796 1351 2866 βίσεξστον.
1395 2798 1458 2850 El
1492 2798 1600 2867 γάρ
1628 2798 1725 2850 οὐκ
1760 2798 1876 2850 ἔστι
1917 2797 2215 2868 βίσεξστον,
2254 2799 2314 2851 ού
2376 2799 2762 2868 προστίθενται
2792 2799 3001 2868 ἡμέραι
3043 2795 3110 2858 δ’,
3176 2796 3316 2850 ἀλλὰ
3379 2797 3554 2865 τρεῖς.

326 2888 485 2943 Ἐπεὶ
534 2889 590 2943 δὲ
675 2890 1030 2960 ἐμνήσθημεν
1123 2889 1402 2960 βισέξστου
1453 2891 1510 2942 ιν
1578 2889 1858 2959 διαφόρος
1927 2890 2144 2954 τόποις,
2192 2891 2428 2957 ὀφείλεις
2480 2890 2677 2943 ειδέναι
2741 2890 2821 2942 ὅτι
2881 2889 3113 2951 ἰκαστος
3183 2892 3372 2958 χρόνος
3431 2889 3546 2957 εχει

309 2983 529 3053 ἡμέρας
581 2983 688 3048 τξε’
723 2984 873 3052 ὥρας
919 2982 996 3047 ς’.
1055 2985 1120 3036 Ol
1165 2985 1296 3052 γοῦν
1339 2985 1408 3038 τά
1449 2983 1560 3036 τῶν
1614 2984 1882 3038 ινιαυτῶν
1917 2984 2014 3038 καὶ
2046 2984 2156 3038 τῶν
2210 2985 2398 3054 μηνῶν
2422 2982 2889 3052 συμποσιῖηαντες
2975 2983 3187 3054 ὥρισαν
3263 2983 3558 3052 προστίθε-

312 3077 439 3131 σθαι
467 3076 546 3146 τῷ
572 3076 922 3146 Φεϐρουαρίῳ
987 3077 1123 3146 μηνὶ
1167 3076 1264 3139 τὰς
1294 3075 1721 3146 περιττευούσας
1796 3077 2054 3130 ἐπέκεινα
2106 3076 2218 3129 τῶν
2285 3078 2615 3146 τριακοσίων
2661 3076 2925 3142 ἑξήκοντα
2968 3077 3131 3128 πέντε
3212 3077 3432 3145 ἡμερῶν
3505 3075 3566 3142 ἐξ

311 3167 482 3239 ὥρας.
511 3169 602 3221 Διὸ
635 3169 728 3220 καὶ
756 3166 870 3237 εχει
890 3171 918 3222 ό
939 3168 1310 3240 Φεϐρουάριος
1337 3169 1444 3240 μὴν
1469 3170 1607 3239 μετὰ
1636 3169 1874 3239 ἑκάστην
1907 3171 2229 3239 τετραετίαν
2258 3168 2638 3239 ψηφιζομένην
2685 3168 2789 3220 ὑπὸ
2822 3167 2914 3221 τοῦ
2941 3174 2987 3220 α’
3051 3166 3280 3238 ἡλιακοῦ
3347 3167 3551 3222 κύκλου

310 3259 523 3330 ἡμῖρας
565 3260 670 3313 κθ’.

381 3354 624 3407 ΖΩΝΑΡ.
665 3353 774 3421 Τὴν
803 3353 1010 3422 ἡμέραν
1035 3352 1130 3405 τοῦ
1177 3354 1368 3424 Πάσχα
1427 3355 1716 3424 δηλοῦσθαι
1764 3355 1884 3416 ταῖς

2066 3351 2319 3407 ZONAR.
2358 3352 2579 3408 Pascha:
2605 3353 2769 3418 diem,
2800 3367 2895 3422 per
2922 3367 3038 3406 eam
3069 3367 3187 3421 qua:
3217 3353 3444 3419 singulis
3468 3369 3573 3407 an-

313 3445 373 3496 έν
401 3443 635 3511 ’Δφρικῇ
665 3440 866 3511 χώραις
891 3441 1101 3511 ὡρίσθη
1131 3441 1219 3493 διὰ
1248 3442 1346 3510 τῆς
1394 3442 1695 3511 μελλούσης
1752 3441 1902 3505 γίνε-

315 3534 440 3588 σθαι
464 3531 687 3602 ιτησίας
717 3535 932 3588 συνόδου
977 3549 992 3565 ο
1038 3535 1137 3603 τήν
1177 3534 1234 3588 δὲ
1288 3535 1500 3604 ἡμέραν
1539 3535 1638 3604 τῆς
1679 3535 1897 3587 συνόδου

312 3624 521 3696 ὥρισαν
554 3623 692 3678 εῐναι
727 3625 824 3694 τήν
857 3625 963 3696 πρὸ
990 3625 1123 3681 δέκα
1155 3625 1435 3680 καλανδῶν
1490 3626 1900 3695 Σεπτεμϐρίων,

310 3718 388 3780 ὡς
447 3712 587 3770 εἶναι
635 3716 804 3786 αὐτὴν
846 3715 944 3786 τήν
982 3714 1068 3769 κα⁹
1115 3716 1209 3769 τοῦ
1254 3717 1592 3783 Αὐγούστου.
1625 3718 1899 3770 Καλάνδαι

310 3809 439 3878 γὰρ,
469 3808 544 3870 ὡς
579 3807 690 3860 ἄνω
719 3825 820 3860 που
873 3808 1107 3877 εἴρηται,
1142 3807 1390 3874 λέγονται
1446 3811 1501 3862 αί
1541 3809 1754 3878 πρῶται
1806 3806 1898 3860 τοῦ

314 3897 482 3965 μηνὸς
505 3895 734 3965 ἡμέραι.
768 3897 828 3947 Et
857 3895 987 3962 γοῦν
1008 3895 1105 3957 τὰς
1130 3897 1233 3964 πρὸ
1264 3896 1468 3948 τούτων
1516 3897 1649 3950 δέκα
1671 3897 1898 3976 ἀφέλῃςν

311 3986 801 4055 περιλιμπάνονται
854 3988 934 4048 εἰς
969 3985 1061 4039 τὸν
1099 3986 1425 4056 Αὔγουστον,
1467 3987 1660 4058 ἔχοντα
1717 3988 1760 4040 λ’
1804 3989 1899 4042 καὶ

318 4078 449 4143 μίαν
474 4078 707 4148 ἡμέραν,
738 4077 910 4130 είκοσι
934 4076 1030 4131 καὶ
1061 4078 1183 4147 μία.

310 4251 532 4305 ΔΡΙΣΤ.
571 4270 591 4304 ι
641 4253 841 4322 Ἤρεσε
871 4257 937 4324 τῇ
997 4253 1180 4325 ἡμέρᾳ
1216 4254 1316 4325 τῆς
1375 4254 1594 4316 έτησίου
1649 4255 1894 4320 συνόδου,

389 4360 411 4392 ι
456 4343 623 4412 ἡγουν
656 4345 719 4413 τῇ
769 4345 876 4411 πρὸ
903 4345 1033 4397 δέκα
1065 4345 1341 4398 καλανδῶν
1372 4344 1770 4417 Σεπτεμϐρίου,
1798 4347 1896 4416 τὴν

388 4447 409 4481 t
455 4432 668 4501 ἡμέραν
692 4433 786 4485 τοῦ
814 4434 970 4500 ἁγίου
1007 4435 1193 4503 Πάσχα
1232 4435 1620 4505 κηρύττεσθαι.
1653 4455 1672 4488 ι

389 4517 671 4588 Διαφόρως
722 4521 817 4572 καὶ
871 4522 1027 4574 τοῦτο
1079 4524 1111 4592 ἡ
1180 4523 1395 4586 σύνοδος
1446 4523 1636 4596 ὥρισε,
1695 4528 1754 4581 τὸ
1796 4529 1896 4600 τὴν

311 4607 528 4676 ἡμέραν
576 4607 668 4660 τοῦ
733 4610 922 4680 Πάσχα
980 4614 1342 4684 γνωρίζεσθαι
1396 4616 1454 4667 ιν
1527 4619 1592 4688 τῇ
1629 4621 1749 4670 κατ’
1781 4619 1896 4683 ἔτος

312 4698 571 4769 γινομένῃ
601 4699 804 4769 συνόδῳ
827 4703 886 4752 ἐν
906 4702 1162 4773 Ἀφρικῇ.

910 4797 1150 4851 ΚΔΝΩΝ
1188 4798 1305 4854 OZ'.

320 4899 340 4932 ε
386 4881 522 4952 Περὶ
568 4881 663 4936 τοῦ
727 4884 802 4954 μὴ
858 4885 1092 4950 ὀφείλειν
1140 4890 1436 4942 ἐπίσκοπον
1483 4890 1898 4962 επιξενούμενον

391 4989 410 5021 t
453 4971 776 5036 καθέζεσθαι
807 4976 864 5027 ιν
957 4977 1196 5047 καθέδρᾳ
1232 4979 1593 5042 ἐπιξενοῦται.
1667 4983 1900 5050 Ὀμοίως

390 5078 410 5111 ι
455 5062 684 5132 ὡρίσθη,
714 5063 854 5118 ὥστε
883 5067 1070 5136 μηδενὶ
1095 5067 1295 5130 ἐξεῖναι
1348 5071 1544 5142 μεσίτῃ
1607 5073 1706 5142 τὴν
1763 5077 1893 5128 καθ-

388 5170 406 5201 ι
453 5152 614 5222 έδραν
639 5157 911 5226 κατέχεεν,
940 5153 1080 5231 ᾗτινι
1113 5162 1338 5232 μεσίτης
1373 5164 1599 5228 δέδοται,
1638 5167 1724 5219 διὰ
1750 5170 1898 5220 οἱασ-

385 5259 403 5292 ι
450 5242 648 5310 δήποτε
713 5247 818 5298 τῶν
890 5249 1033 5302 λαῶν
1095 5253 1330 5322 σπουδῆς
1390 5255 1422 5325 ἡ
1501 5255 1842 5325 διχοστασίας
1873 5273 1886 5287 °

392 5349 408 5378 ι
453 5331 589 5384 ἀλλὰ
672 5337 992 5401 σπουδάζειν
1043 5341 1190 5404 ἐντὸς
1243 5344 1487 5398 ἐνιαυτοῦ
1543 5350 1654 5409 τοῖς
1707 5350 1892 5412 αὐτοῖς

387 5437 405 5470 ι
453 5424 802 5488 προνοεῖσθαι
833 5428 1148 5486 επίσκοπον.
1173 5433 1234 5484 Ei
1267 5435 1322 5486 δὲ
1355 5437 1483 5505 περὶ
1500 5436 1656 5489 τοῦτο
1685 5440 1891 5509 ἀμελή-

388 5528 408 5562 t
453 5528 557 5576 σοι,
591 5516 729 5581 μετὰ
774 5519 871 5588 τὴν
905 5523 1206 5590 περαίωσιν
1257 5525 1350 5578 τοῦ
1403 5529 1648 5581 ἐνιαυτοῦ
1704 5532 1892 5603 ἕτερος

389 5617 407 5650 t
453 5601 698 5674 ψηφισθῇ
735 5608 978 5675 μεσίτης.
1019 5629 1038 5661 ι

383 5689 576 5746 ΒΔΛΣ.
606 5695 679 5747 Τὸ
705 5697 954 5764 παλαιὸν,
984 5703 1327 5774 χηρευσάσης
1349 5707 1675 5776 ἐπισκοπῆς,
1703 5710 1890 5761 ἐστέλ-

309 5781 432 5835 λετό
467 5800 547 5847 τις
575 5785 732 5855 χάριν
753 5787 843 5841 τοῦ
878 5792 1176 5860 εἰρηνεύειν
1207 5796 1294 5850 τὸν
1339 5797 1485 5866 λαὸν,
1526 5802 1583 5854 ὃν
1636 5802 1725 5854 καὶ
1755 5801 1890 5855 ῶνό-

1930 4678 1976 4733 D

2006 3445 2086 3499 nis
2118 3445 2295 3499 l'utura
2333 3454 2416 3499 est
2450 3445 2744 3514 synodum,
2785 3444 2984 3499 Africa:
3036 3445 3346 3514 regionibus
3391 3445 3572 3498 decla-

2005 3537 2114 3590 rari
2153 3544 2409 3590 statutum
2438 3547 2519 3590 est
2561 3549 2576 3592 :
2650 3546 2859 3604 tempus
2887 3544 3065 3589 autem
3094 3535 3280 3600 synodi
3318 3536 3576 3589 habenda:

2006 3637 2133 3681 ante
2161 3627 2432 3682 decimum
2471 3627 2612 3682 diem
2646 3627 2767 3684 Kal.
2798 3627 3107 3696 Septembr.
3134 3627 3449 3689 deﬁnivere,
3483 3628 3573 3694 qui

2001 3729 2084 3772 est
2110 3720 2330 3786 Augusti
2371 3721 2569 3772 mensis
2601 3719 2810 3787 primus
2861 3727 2914 3770 et
2963 3718 3270 3770 vicesimus.
3313 3717 3575 3770 Kalendae

2000 3809 2166 3874 enim,
2205 3819 2262 3862 ut
2305 3821 2460 3864 antea
2505 3809 2706 3862 dictum
2738 3819 2841 3873 est,
2881 3809 3036 3875 primi
3071 3806 3333 3875 cujusque
3373 3808 3575 3859 mensis

2002 3902 2117 3954 dies
2143 3901 2498 3969 appellantur.
2533 3899 2588 3953 Si
2625 3915 2753 3965 ergo
2783 3899 2967 3951 decem
3005 3897 3118 3950 dies
3149 3906 3275 3949 ante
3313 3894 3579 3950 Kalendas

2007 3989 2342 4056 Septembris
2374 3988 2684 4051 abstuleris,
2714 3989 2956 4056 Angusto
2989 3986 3192 4049 mensi,
3229 3987 3321 4054 qui
3369 4000 3475 4038 uno
3526 3993 3581 4040 et

2004 4079 2224 4148 triginta
2265 4079 2454 4133 diebus
2490 4078 2809 4142 absolvitur,
2840 4093 2978 4132 unus
3007 4087 3060 4130 et
3096 4077 3281 4146 viginti
3323 4077 3577 4130 nimirum

2001 4171 2191 4237 reliqui
2227 4171 2376 4225 (lenit.

1998 4259 2227 4316 ARIST.
2264 4280 2282 4312 ι
2335 4261 2515 4315 Visum
2555 4273 2660 4327 est,
2717 4271 2772 4316 ut
2817 4263 3007 4334 synodi
3055 4262 3440 4316 anniversaria:
3470 4261 3578 4324 die,

2089 4369 2108 4402 ι
2151 4352 2265 4406 sive
2314 4352 2525 4406 decimo
2571 4353 2690 4407 Kal.
2729 4353 3152 4424 Septembrium,
3205 4353 3321 4407 dies
3379 4361 3581 4407 sancta:

2077 4460 2096 4492 ε
2140 4441 2361 4496 Paschae
2397 4442 2739 4507 prtedicetnr.
2780 4461 2798 4494 ι

2071 4533 2138 4587 Ει
2174 4534 2300 4586 illud
2332 4536 2568 4604 synodus
2603 4537 2751 4588 varie
2805 4536 3066 4598 decrevit,
3108 4545 3164 4589 ιιι
3201 4532 3421 4588 Pascbte
3465 4533 3580 4588 dies

2005 4624 2058 4679 in
2097 4623 2305 4681 svnodo
2328 4625 2622 4680 ouotannis
2657 4626 2838 4680 habita
2873 4627 2926 4681 in
2954 4627 3132 4681 Africa
3160 4629 3577 4700 significaretur.

2525 4800 2755 4856 CANON
2790 4799 3048 4854 LXXVII.

2011 4916 2030 4949 ι
2069 4895 2186 4951 Non
2218 4895 2415 4951 debere
2459 4895 2772 4962 episcopum
2826 4894 3250 4947 interventorem
3285 4893 3474 4946 sedere
3524 4892 3576 4944 in

2085 5009 2104 5042 ι
2145 4989 2424 5055 cathedra,
2460 4990 2546 5043 cui
2602 4987 2939 5041 interventor
2967 4987 3126 5038 datus
3171 4997 3273 5041 est.
3315 4984 3579 5038 Similiter

2079 5101 2097 5133 ι
2138 5081 2360 5149 placuit,
2395 5089 2453 5133 ιιι
2497 5079 2626 5132 nnlli
2661 5080 2817 5132 liceat
2852 5078 3196 5131 intercessori
3260 5086 3446 5129 tenere
3482 5090 3577 5128 ca-

2082 5192 2100 5225 ι
2145 5171 2430 5236 thedram,
2481 5170 2566 5224 cui
2620 5169 2952 5224 intercessor
3003 5169 3159 5222 datus
3209 5178 3314 5233 est,
3364 5178 3582 5236 propter

2079 5280 2098 5311 ι
2139 5261 2498 5327 quodcunque
2533 5257 2848 5325 populorum
2881 5257 3121 5310 studium
3162 5257 3243 5310 vel
3279 5255 3576 5310 dissensio-

2076 5367 2095 5400 ι
2136 5365 2258 5404 nem
2289 5366 2304 5404 :
2341 5352 2432 5402 sed
2472 5348 2689 5402 studere
2723 5349 2802 5402 eis
2836 5350 2974 5401 intra
3015 5364 3211 5400 annum
3260 5348 3575 5416 episcopum

2075 5459 2095 5492 ι
2131 5442 2433 5509 providere.
2473 5439 2528 5493 Si
2560 5449 2740 5494 autem
2794 5449 2993 5507 praeter
3029 5439 3144 5492 haec
3196 5438 3382 5491 feceri‘t
3409 5478 3423 5503 ,
3458 5446 3578 5506 post

2085 5551 2103 5584 ι
2142 5533 2266 5585 anni
2301 5532 2462 5586 linem
2495 5531 2631 5585 alius
2670 5531 2994 5584 intercessor
3022 5529 3267 5598 eligatur.
3311 5547 3328 5578 ι

2075 5711 2272 5766 BALS.
2312 5711 2447 5766 Cum
2496 5713 2621 5768 olim
2673 5723 2922 5767 vacasset
2954 5711 3320 5780 episcopatus,
3355 5726 3450 5778 pro
3479 5727 3574 5778 pa-

2006 5805 2268 5860 ciﬁcando
2317 5805 2510 5875 popqu
2558 5805 2870 5860 mittebatur
2929 5804 3144 5869 aliquis,
3199 5818 3355 5873 quem
3412 5803 3575 5857 etiam
