4148 6456
1807 377 1906 435 ΤΗ
1917 375 2082 435 EOD.
2124 374 2213 432 BA
2226 375 2356 435 LSA
2369 381 2525 440 ΜοΝ
3744 390 3846 454 984

621 470 963 519 mediatorum
998 473 1362 526 nominabant.
1396 475 1528 529 Dicit
1558 491 1684 547 ergo
1712 493 1880 533 canon
1913 497 2033 532 eum
2067 494 2170 533 non

2280 492 2449 557 μαῖον
2484 494 2729 565 μεσίτην.
2788 497 2957 565 Φησῖν
2998 494 3147 551 οὗνὸ
3207 500 3382 552 κανὼν
3455 500 3532 570 μὴ
3596 503 3844 554 ίδιοῦσθατ

620 557 812 606 debere
842 559 1207 626 epismpatum
1240 562 1340 614 sibi
1388 567 1664 620 vindicare
1693 585 1706 619 :
1743 572 1833 621 sed
1869 571 1970 623 nisi
2003 572 2178 636 potius

620 648 853 699 studium
894 650 1220 716 adhibuerit,
1267 663 1324 706 ut
1369 655 1458 710 fiat
1488 661 1795 726 episcopus,
1829 677 1952 715 eum
1985 665 2181 720 debere

619 755 646 790 a
685 744 994 794 mediatoris
1023 761 1241 800 munere
1268 751 1550 808 removeri.
1588 760 1641 804 et
1671 753 1834 806 alium
1873 756 2016 823 eligi.
2051 755 2180 822 Qua!

618 839 795 883 autem
827 832 892 886 de
919 849 982 886 eo
1007 838 1300 891 inediatore
1326 840 1578 894 dicuntur
1604 845 1856 911 quoniam
1883 847 2040 899 hodie
2075 866 2178 901 nou

619 935 743 974 Sunt
804 925 854 978 in
892 942 1024 990 usu;
1069 931 1159 981 sed
1197 932 1419 985 omnino
1467 950 1687 990 necesse
1735 949 1926 1000 estut,
1973 941 2014 993 si
2065 941 2178 994 ﬁeri

617 1025 816 1081 potest,
860 1035 976 1070 mox
1029 1021 1224 1086 eligant
1275 1025 1555 1078 ecclesire:
1596 1028 1712 1081 ideo
1749 1044 1844 1082 nec
1895 1047 1988 1083 nos
2028 1032 2179 1099 plura

618 1105 952 1168 scripsimus.
990 1108 1085 1161 Ille
1120 1120 1296 1163 autem
1348 1116 1609 1170 mediator
1645 1129 1762 1173 erat
1786 1121 2088 1191 episcopus,
2127 1134 2180 1175 ut

617 1206 838 1260 apparet
868 1212 928 1248 ex
961 1201 1115 1253 titulo
1147 1205 1392 1259 canonis.

685 1286 932 1342 ZONAR.
969 1294 1182 1359 Antiqui
1219 1299 1382 1351 moris
1415 1298 1531 1360 fuit,
1555 1301 1596 1353 si
1623 1306 1831 1367 quando
1850 1309 2032 1358 orbata
2065 1310 2179 1376 epi-

617 1392 780 1444 scopo
842 1385 1059 1436 ecclesia
1097 1399 1304 1440 vacaret
1336 1428 1351 1454 ,
1389 1392 1524 1443 mitti
1557 1395 1622 1444 ad
1659 1410 1775 1447 eam
1822 1413 1978 1465 quem
2018 1400 2181 1452 inter-

618 1482 887 1520 ressorem
940 1474 1306 1538 appellabant,
1335 1479 1414 1529 vel
1450 1493 1505 1532 ut
1554 1484 1872 1537 seditionem
1909 1487 2046 1540 forte
2078 1489 2177 1542 ali-

617 1574 776 1624 quam
807 1561 968 1630 612
1004 1567 1179 1632 populi
1214 1571 1449 1631 sedaret,
1483 1574 1564 1625 vel
1590 1576 1723 1629 alias
1764 1579 1924 1630 etiam
1958 1581 2027 1632 ob
2053 1597 2180 1634 ca-t-

617 1665 726 1701 sas.
766 1651 901 1718 Ergo
935 1656 1032 1707 nisi
1060 1658 1218 1709 unius
1242 1663 1367 1712 anni
1397 1663 1587 1716 saltem
1625 1682 1727 1719 non
1764 1669 2044 1724 intervallo
2075 1674 2179 1739 epi-

620 1754 837 1806 scopum
879 1743 1094 1808 populo,
1130 1751 1265 1811 apud
1299 1765 1458 1814 quem
1492 1756 1700 1820 agebat,
1735 1759 1966 1810 dandum
2010 1764 2175 1815 inter-

618 1843 802 1881 cessor
829 1845 1109 1896 curasset;
1145 1840 1258 1904 ipse
1285 1843 1497 1907 quidem
1532 1847 1596 1897 ab
1623 1849 2005 1906 intercessione
2033 1871 2180 1908 amo-

621 1919 875 1984 vebatur;
913 1932 1022 1976 tum
1055 1927 1212 1988 alius,
1253 1932 1339 1994 qui
1369 1936 1504 1998 apud
1536 1939 1780 2002 populum
1815 1943 2183 2001 intercessor-is

626 2026 817 2062 munus
845 2013 960 2079 ejus
998 2015 1114 2069 Iot‘t)
1148 2019 1341 2082 obiret,
1381 2024 1827 2084 SIIIISillut'baIllr.

619 2099 844 2154 AHIST.
906 2123 922 2152 ι
967 2103 1148 2157 Visum
1191 2120 1272 2159 est
1301 2151 1314 2173 ,
1355 2122 1403 2160 nt
1441 2118 1692 2182 episcopo
1733 2121 1798 2170 ad
1836 2120 2174 2178 intchcssio-

697 2210 714 2238 ι
759 2208 875 2242 nem
912 2194 1053 2255 dato,
1091 2198 1451 2268 qualicunque
1507 2208 1830 2272 populorum
1871 2213 2048 2264 Stndio
2093 2225 2183 2267 aut

698 2303 713 2330 ι
753 2285 1115 2348 dissensione,
1151 2294 1457 2344 cathedram
1487 2338 1500 2359 ,
1541 2300 1690 2364 cujus
1725 2313 1802 2354 est
1839 2304 2181 2369 intercessor,

704 2395 718 2420 ι
759 2387 941 2430 tenere
982 2395 1082 2431 non
1119 2382 1276 2434 liceat
1309 2403 1321 2439 :
1353 2389 1444 2439 sed
1479 2391 1618 2440 intra
1648 2406 1843 2443 annum
1875 2396 2180 2465 episcopum

699 2486 714 2513 ι
759 2469 1072 2535 provideat,
1102 2474 1182 2526 vel
1211 2490 1354 2529 anno
1389 2491 1648 2546 vertente,
1680 2484 1816 2537 alius
1865 2487 2185 2544 intercessor

694 2576 709 2602 ι
750 2559 995 2627 eligatur.
1036 2583 1053 2614 ι
1436 2568 1438 2570 ’

696 2646 750 2700 Si
785 2652 980 2718 populo
1013 2655 1153 2709 inter
1181 2674 1238 2712 se
1266 2661 1555 2719 dissidente
1581 2676 1633 2720 et
1671 2667 1865 2735 diviso,
1899 2681 1952 2725 et
1981 2673 2046 2726 ad
2078 2675 2188 2728 dis-

622 2741 899 2798 sensiones
933 2754 986 2797 et
1020 2762 1225 2814 pugnas
1258 2767 1508 2818 accenso,
1549 2759 1795 2814 mittatur
1830 2764 1896 2816 ad
1949 2765 2185 2820 interce-

622 2834 850 2889 dendum
884 2840 1145 2907 quispiam
1180 2846 1572 2913 episcoporum.
1618 2862 1671 2907 ut
1719 2869 1811 2909 eos
1856 2861 2182 2925 reconciliet,

621 2940 723 2977 non
754 2927 907 2981 debet
939 2932 1076 2986 illius
1111 2936 1343 2991 civitatis
1375 2942 1686 2997 cathedram
1715 2986 1728 3008 ,
1762 2949 1846 3000 cui
1889 2950 2048 3006 datus
2086 2954 2186 3008 fuit

620 3017 962 3084 intercessor,
1011 3039 1293 3091 occupare.
1329 3031 1431 3082 Sed
1482 3039 1664 3087 conari
1700 3038 1839 3091 intra
1868 3053 2066 3094 annmn
2102 3058 2184 3097 se-

2279 584 2466 636 τοῦτον
2497 586 2591 648 τὴν
2615 591 2918 659 ἐπισκοπὴν
2944 607 2959 622 ·
2990 592 3104 644 ἀλλ’
3127 594 3175 644 εί
3210 594 3282 660 μὴ
3311 593 3604 645 σπουδάσει
3657 594 3847 661 μᾶλλον

2280 675 2530 741 γενέσθαι
2556 679 2872 740 ἐπίσκοπον,
2928 683 3331 746 μετακινεῐσθαι
3383 684 3544 735 αὑτὸν
3594 683 3704 735 ἀπὸ
3754 683 3849 752 τῆς

2284 770 2579 832 μεσιτείας,
2626 771 2716 822 καὶ
2747 772 2932 837 ἕτερον
2957 773 3312 839 ψηφίζεσθαι.
3344 775 3424 825 T'a
3463 775 3518 826 δὲ
3583 777 3711 842 περὶ
3756 773 3847 860 τοῦ

2279 858 2520 909 τοιούτου
2550 862 2768 924 μεσίτου
2802 862 2920 912 ἐπεὶ
2943 864 3179 930 σήμερον
3211 864 3312 914 οὐκ
3352 863 3663 932 ἐνεργοῦσιν
3685 905 3700 928 ,
3734 865 3827 917 ἀλλ

2279 947 2490 1016 ἀνάγκη
2524 951 2670 1000 πᾶσα
2707 954 2850 1003 ἐστιν
2879 953 3224 1016 ἀπεντεῦθεν,
3281 955 3329 1004 εί
3386 953 3628 1014 δυνατὸν,
3684 956 3852 1022 chapi-

2281 1041 2465 1103 ζεσθαι
2525 1042 2621 1104 τὰς
2671 1043 2963 1110 ἐκκλησίας
2996 1061 3008 1074 ·
3065 1045 3184 1096 οὐδὲ
3234 1045 3364 1114 παρ’
3409 1047 3568 1114 ἡμῶν
3637 1048 3847 1116 ἐγράφη

2281 1133 2441 1184 πλέον
2464 1151 2538 1186 τι.
2579 1137 2634 1187 Ὀ
2664 1138 2718 1189 δέ
2745 1136 2982 1198 τοιοῦτος
3021 1137 3244 1205 μεσίτης
3288 1140 3583 1198 ἐπίσκοπος
3631 1135 3720 1208 ἦν,
3777 1139 3848 1198 ὡς

2282 1227 2526 1290 φαίνεται
2556 1227 2660 1276 ἀπὸ
2680 1227 2779 1293 τῆς
2809 1228 3207 1289 ἐπιτιτλὼσεως
3232 1229 3325 1280 τοῦ
3353 1230 3599 1290 κανόνος.

2353 1319 2593 1369 ΖΩΝΛΡ.
2632 1319 2790 1378 Ἐθος
2821 1314 2888 1388 ἦν
2918 1319 3110 1382 πάλαι,
3135 1321 3187 1371 εἴ
3224 1337 3351 1372 ποτε
3384 1321 3686 1374 ἐπισκόπου
3726 1322 3851 1390 ἐχήο

2286 1426 2439 1473 ρευεν
2477 1410 2761 1477 ἐκκλησία.
2789 1410 3102 1463 στέλλεσθαι
3125 1429 3245 1463 τινα
3277 1413 3335 1463 ἐν
3359 1413 3517 1480 αὐτῇ,
3547 1412 3605 1464 δν
3636 1413 3822 1477 ὡνόμα

2282 1500 2372 1562 ζον
2404 1504 2649 1566 μεσίτην,
2684 1502 3022 1555 καθιστιῖιντα
3050 1503 3140 1553 τὸν
3156 1501 3280 1554 λαὸν
3307 1504 3665 1566 στασιάζοντα
3697 1505 3846 1561 ἴσως.

2281 1590 2442 1658 ἦκαὶ
2492 1592 2558 1642 δι’
2622 1593 2784 1654 ἄλλας
2835 1592 3032 1653 αἰτίας.
3085 1593 3147 1644 Εἰ
3210 1588 3303 1646 οὖν
3348 1595 3496 1652 ἐντὸς
3550 1593 3855 1646 ἐνιαυτοῦὸ

2281 1681 2513 1740 τοιοῦτος
2548 1682 2768 1751 μεσίτης
2795 1683 2894 1734 ούκ
2917 1682 3246 1735 ἐσπούδασεν
3266 1684 3558 1735 ἐπίσκοπον
3603 1684 3856 1748 γενέσθαι

2216 1811 2254 1863 Β
2282 1776 2392 1835 τοῖς
2423 1775 2610 1835 αὑτοῦ,
2643 1775 2811 1842 ἤγουν
2832 1775 2908 1842 τῷ
2930 1775 3064 1842 λαῷ,
3096 1770 3155 1828 οὗ
3227 1776 3453 1843 μεσίτης
3499 1771 3588 1842 ἦν.
3644 1793 3858 1842 μετεκιο

2284 1865 2424 1915 νεῖτο
2453 1863 2548 1927 τῆς
2602 1864 2877 1930 μεσιτείας
2922 1863 3145 1929 ἐκεῖνος,
3177 1866 3269 1915 καὶ
3322 1863 3505 1935 ἕτερος
3555 1864 3855 1933 ἐδίδοτοτῷ

2283 1953 2393 2022 λαῷ
2420 1953 2612 2022 ἐκείνῳ
2638 1954 2881 2023 μεσίτης.

2286 2132 2502 2188 ΑΡΙΣΤ.
2549 2153 2565 2185 ι
2611 2135 2790 2198 Ἔδοξε
2821 2135 2894 2204 τῷ
2914 2134 3118 2188 δοθέντι
3152 2137 3229 2198 είς
3278 2137 3549 2204 μεσιτείαν
3577 2138 3856 2206 ἐπισκόπῳ

2362 2249 2379 2280 ι
2425 2229 2490 2280 δι’
2521 2231 2638 2290 οἵας
2669 2230 2866 2296 δήποτε
2894 2229 2998 2280 τῶν
3050 2229 3195 2279 λαῶν
3241 2229 3471 2290 σπουδὰς
3525 2229 3556 2296 ἢ
3609 2229 3858 2294 διχοστα-

2366 2337 2382 2370 ι
2436 2320 2554 2380 σίας
2587 2319 2659 2387 μὴ
2680 2319 2875 2382 ἐξεῖναι
2903 2317 2999 2386 τὴν
3031 2317 3294 2385 καθέδραν
3325 2316 3594 2384 κατέχειν,
3640 2312 3710 2384 ἧς
3742 2316 3857 2366 ἐστι

2361 2429 2378 2461 ι
2431 2410 2653 2476 μεσίτης
2691 2424 2703 2435 ·
2793 2407 2905 2457 ἀλλ’
2973 2405 3121 2468 ἐντδς
3185 2403 3434 2456 ἐνιαυτοῦ
3514 2402 3860 2474 προνοεῖσθαι

2363 2519 2380 2551 ι
2429 2500 2745 2560 ἐπίσκοπον,
2775 2498 2806 2567 ἢ
2831 2498 2968 2566 μετὰ
3003 2498 3091 2548 τὸν
3125 2496 3368 2548 ἐνιαυτὸν
3414 2497 3600 2564 ἕτερον
3634 2495 3860 2564 μεσίτην

2366 2611 2384 2642 ι
2427 2591 2780 2658 ψηφίζεσθαι.
2822 2608 2839 2638 ι

2359 2685 2420 2735 Ei
2456 2683 2691 2751 πλήθους
2727 2682 2858 2733 λαοῦ
2917 2681 3050 2748 πρὸς
3090 2679 3279 2732 ἐαυτὸν
3329 2677 3718 2740 στασιάσαντος
3768 2677 3858 2728 καὶ

2287 2775 2666 2842 διαιρεθέντος,
2705 2774 2795 2825 καὶ
2827 2775 2905 2839 είς
2934 2769 3276 2841 διχοστασίας
3315 2771 3406 2823 καὶ¹
3454 2769 3634 2838 μάχας
3688 2769 3857 2820 ὕπαν-

2287 2865 2568 2933 αφθέντος,
2602 2865 2766 2932 σταλῇ
2793 2880 2874 2924 τις
2902 2863 3007 2914 τῶν
3036 2860 3354 2912 ἐπισκόπων
3413 2859 3492 2917 είς
3559 2856 3861 2926 μεσιτείαν,

2285 2957 2377 3008 ἐπὶ
2405 2955 2482 3024 τῷ
2519 2955 2846 3018 καταλλάξαι
2876 2953 3094 3013 αὐτοὺς,
3121 2952 3228 3003 ούκ
3253 2949 3458 3016 ὀφείλει
3485 2947 3738 3016 κατέχειν
3768 2946 3861 2997 καὶ

2284 3048 2382 3116 τὴν
2423 3047 2690 3113 καθέδραν
2719 3046 2818 3111 τῆς
2845 3045 3069 3104 πόλεως,
3101 3037 3168 3110 ἧς
3213 3041 3364 3108 ἐδόθη
3400 3037 3625 3107 μεσίτης
3662 3050 3677 3065 ·
3728 3035 3861 3088 ἀλλὰ

618 3109 870 3162 ditionem
913 3126 1184 3178 coercere,
1232 3128 1284 3171 ct
1335 3135 1426 3173 eos
1479 3139 1692 3189 pacare,
1747 3137 1797 3179 et
1862 3134 2179 3193 persuadere

2291 3109 2611 3198 σπουδάζειν
2651 3135 2799 3194 ἐντὸς
2837 3131 3084 3185 ἐνιαυτοῦ
3118 3130 3462 3182 καταπαῦσαι
3490 3129 3588 3196 τὴν
3645 3125 3858 3187 στάσιν,

616 3199 920 3264 episcopum
971 3205 1232 3272 accipere.
1289 3206 1343 3260 Si
1387 3222 1562 3263 autem
1622 3216 1759 3267 intra
1802 3230 2003 3269 annum
2043 3221 2181 3274 nihil

619 3289 838 3341 onmino
870 3291 1079 3347 ellicere
1120 3310 1319 3361 posset,
1371 3303 1437 3353 ad
1489 3305 1664 3370 populi
1703 3306 1990 3360 utilitatem
2019 3347 2034 3372 ,
2068 3320 2185 3378 post

618 3379 860 3447 elapsum
892 3400 1089 3440 annum
1126 3390 1261 3444 alius
1292 3392 1616 3449 intercessor
1647 3398 1931 3469 deligatur.

1123 3564 1349 3618 CANON
1387 3567 1669 3628 LXXVIII.

625 3663 642 3693 ε
684 3645 753 3697 De
785 3647 1152 3707 defensoribus
1178 3657 1525 3714 cci‘lesiarum
1555 3666 1643 3730 qui
1666 3668 1732 3720 ab
1765 3668 2182 3737 imperatoribus

695 3754 714 3786 ι
751 3741 854 3804 peti
902 3741 1116 3796 debent.
1151 3745 1411 3804 Omnibus
1442 3754 1613 3808 visum
1646 3771 1726 3810 est
1769 3773 1950 3828 petere
1981 3765 2048 3817 ab
2079 3766 2178 3819 im-

692 3845 710 3878 ι
751 3833 1109 3896 peratoribus,
1174 3852 1391 3906 propter
1449 3859 1738 3913 panpermn
1795 3857 2177 3923 vexationem,

695 3938 710 3968 ι
756 3935 983 3986 quorum
1043 3927 1301 3983 molestiis
1349 3935 1564 3988 assidue
1599 3938 1854 4008 fatigatur
1890 3945 2125 4001 Ecclesia
2164 3967 2178 4004 :

695 4027 711 4059 ι
755 4021 809 4062 ιιι
840 4014 902 4064 iis
937 4015 1247 4072 defensores
1281 4037 1402 4074 cum
1427 4029 1795 4095 episcopormn
1838 4038 2172 4100 providentia

693 4119 710 4150 ι
752 4102 1020 4158 elioantur
1054 4110 1306 4164 adversus
1341 4114 1566 4171 divitum
1603 4124 1963 4189 tyrannidem.

688 4281 876 4336 IIALS.
917 4285 1143 4343 Necesse
1179 4292 1375 4348 habent
1405 4300 1624 4353 omnino
1656 4304 1892 4371 episcopi
1927 4322 2042 4372 eos,
2079 4313 2176 4377 qui

616 4370 805 4438 injuria
833 4375 1153 4443 allicittttlul‘,
1189 4382 1492 4442 defendere.
1522 4390 1651 4454 Quia
1675 4370 1852 4449 autem
1902 4402 2170 4470 nonnulli,

617 4474 670 4512 ut
722 4475 802 4517 est
855 4469 1162 4537 verisimile,
1196 4476 1453 4542 episcopi.
1487 4497 1606 4534 cum
1653 4485 1720 4538 tle
1763 4494 2082 4556 pauperibus
2112 4510 2166 4551 ct

618 4553 828 4607 :diiictis
867 4559 1106 4613 dicerent
1135 4602 1148 4620 .
1189 4580 1292 4615 non
1341 4553 1771 4627 exaudiebantur
1811 4597 1823 4631 :
1874 4593 2178 4640 statuerunt

621 4643 804 4696 I‘atres
839 4656 895 4699 ut
947 4649 1299 4714 imperatores
1334 4657 1769 4726 admonerentur,
1805 4681 1860 4719 ut
1909 4685 2028 4724 cum
2064 4679 2176 4742 epi-

615 4751 901 4804 seoporum
934 4741 1199 4796 eleCtione
1231 4746 1296 4796 ab
1326 4751 1406 4801 eis
1439 4751 1695 4805 darentur
1725 4757 2038 4817 defensores
2076 4741 2172 4830 pro

618 4828 946 4891 reprimenda
977 4833 1196 4886 divitum
1232 4840 1534 4906 tyrannide:
1569 4855 1621 4894 ut
1650 4847 1724 4898 sic
1757 4863 1932 4904 cesset
1958 4857 2174 4908 assidua

622 4915 980 4971 Ecclesiwum
1013 4925 1367 4989 perturbatio,
1399 4945 1504 4996 qua
1542 4933 1608 4985 ab
1638 4936 1715 4988 eis
1746 4937 2053 4995 aliieiuntur
2083 4947 2174 5013 qui

616 5008 682 5058 ad
715 5022 805 5059 eas
835 5012 1117 5074 accedunt,
1143 5017 1282 5080 quod
1310 5034 1335 5066 a
1362 5022 1752 5085 potentioribus
1775 5029 1968 5098 injuria
1999 5008 2174 5091 allecti

618 5097 743 5152 sint.
782 5099 856 5150 Ac
899 5099 948 5152 in
983 5102 1065 5154 his
1103 5104 1320 5171 quidem
1354 5112 1601 5164 consistit
1639 5131 1836 5170 canon.
1875 5121 1952 5173 'l‘u
1997 5136 2176 5180 autem

613 5190 777 5252 Scias,
811 5193 950 5258 quod
997 5192 1342 5248 defeuSorum
1392 5200 1559 5267 dario,
1601 5205 1690 5272 qui
1741 5208 1942 5262 ἔκδικοι
1995 5213 2178 5271 ϐτιιξοο

614 5279 882 5344 dicuntur,
911 5285 1024 5338 sive
1056 5301 1084 5338 a
1109 5291 1357 5355 praesenti
1381 5307 1585 5348 canone
1613 5300 1776 5366 caepit
1804 5303 2037 5369 initium,
2066 5308 2178 5362 sive

618 5370 784 5422 etiam
811 5383 966 5427 antea
989 5384 1434 5446 cognoscebatur,
1466 5401 1558 5454 per
1583 5391 1997 5462 uniuscujusque
2031 5397 2176 5451 urbis

618 5461 908 5516 incolarum
961 5466 1274 5526 electionem
1313 5474 1495 5529 ﬁebat.
1547 5478 1643 5532 Est
1680 5492 1856 5536 autem
1893 5488 2054 5540 etiam
2087 5488 2178 5541 Ju-

618 5552 836 5607 stinimi
867 5555 1083 5612 Novella
1119 5563 1201 5626 15,
1239 5580 1355 5631 qua:
1395 5584 1582 5622 eorum
1614 5573 1930 5630 electionem
1958 5594 2015 5632 ac
2051 5595 2176 5647 pro-

618 5640 904 5696 motionem
961 5647 1270 5705 describat:
1331 5666 1382 5709 ct
1431 5662 1618 5714 statuit
1664 5673 1718 5715 ιιι
1757 5666 1805 5718 iu
1857 5682 2175 5738 unaquaque

616 5729 833 5786 civitate
890 5739 955 5790 ab
1001 5742 1266 5811 episcopis
1313 5757 1364 5800 et
1421 5752 1630 5808 clericis
1668 5764 1716 5808 cl
1765 5759 1966 5813 civibus
2018 5765 2174 5828 paulo

2287 3228 2379 3278 καὶ
2404 3224 2714 3293 είρηνεῦσαι
2753 3223 2972 3283 αὐτοὺς,
3008 3220 3102 3271 καὶ
3153 3223 3336 3271 πεῖσαι
3396 3218 3583 3271 λαϐεῖν
3645 3217 3864 3280 ἐπίσχοι-

2285 3335 2406 3370 πον.
2440 3318 2499 3368 Ei
2527 3316 2582 3367 δέ
2617 3315 2768 3367 οὐδέν
2791 3331 2842 3365 τι
2873 3315 3063 3380 μέχρις
3115 3309 3364 3362 ἐνιαυτοῦ
3403 3308 3599 3362 ἁνύσαι
3641 3307 3861 3374 ἴσχυσεν

2285 3411 2363 3468 είς
2383 3409 2652 3476 ὠφέλειαν
2689 3405 2783 3458 τοῦ
2836 3405 2988 3468 λαοῦ,
3037 3405 3222 3472 ἕτερος
3284 3401 3424 3471 μετὰ
3474 3400 3564 3454 τὸν
3619 3397 3860 3453 ἐνιαυτὸν

2284 3500 2604 3569 ψηφιζέσθω
2641 3499 2896 3566 μεσίτης.

2869 3589 3105 3644 ΚΛΝΩΝ
3134 3587 3279 3654 tou'.

2293 3706 2312 3738 ι
2352 3689 2487 3756 Περὶ
2551 3687 2776 3738 ἐκδίκων
2831 3683 2939 3736 τῶν
2998 3679 3307 3746 ἐκκλησιῶν
3370 3678 3480 3729 τῶν
3535 3677 3860 3742 ὀφειλόντων

2363 3799 2381 3831 ι
2424 3778 2574 3848 παρὰ
2603 3777 2696 3829 τοῦ
2735 3776 2996 3843 βασιλέως
3024 3771 3332 3838 αἰτηθῆναι.
3361 3769 3648 3835 Σύμπασιν
3686 3767 3861 3830 ἔδοξεν

2364 3890 2382 3921 ι
2429 3871 2648 3936 αἰτῆσαι
2675 3869 2780 3919 ἀπὸ
2810 3865 2917 3917 τῶν
2953 3864 3218 3931 βασιλέων
3241 3862 3328 3914 διὰ
3355 3861 3452 3928 τὴν
3475 3861 3583 3912 τῶν
3616 3864 3860 3930 πενήτων

2359 3982 2378 4014 ι
2417 3964 2680 4021 κάκωσιν,
2716 3952 2792 4010 ὧν
2813 3959 2930 4018 ταῖς
2961 3953 3272 4020 ἐπαχθείαις,
3311 3952 3602 4013 ἀπαύστως
3638 3954 3672 4020 ή
3741 3953 3856 4003 Ἐκ-

2338 4059 2382 4105 ἰ
2421 4053 2618 4121 κλησία
2677 4048 3092 4118 παρενοχλείται
3125 4062 3137 4074 ·
3176 4044 3315 4096 ὥστε
3353 4045 3599 4106 ἐκδίκους
3649 4045 3856 4106 τούτοις

2361 4165 2378 4196 ι
2431 4143 2568 4212 μετὰ
2607 4141 2708 4209 τῆς
2733 4141 2842 4190 τῶν
2874 4137 3191 4190 ἐπισκόπων
3217 4136 3474 4204 προνοίας
3507 4135 3858 4202 ἐπιλέγεσθαι

2359 4255 2376 4287 ι
2423 4235 2567 4286 κατὰ
2589 4233 2686 4297 τῆς
2714 4231 2818 4282 τῶν
2845 4227 3112 4280 πλουσίων
3143 4226 3470 4293 τυραννίδος.
3521 4245 3538 4274 ι

2354 4325 2549 4382 ΒΑᾹΣ,
2589 4321 2822 4385 Ἀνάγκη
2859 4319 3003 4368 πᾶσα
3060 4317 3331 4368 ἐπίκειται
3389 4317 3498 4374 τοῖς
3542 4313 3857 4376 ἐπισκόποις

2207 4446 2248 4499 ο
2294 4411 2785 4482 ἀντιλαμϐάνεσθαι
2809 4409 2916 4460 τῶν
2944 4407 3524 4499 ἀδικουμένωνγἙπεὶ
3585 4405 3663 4499 δέ*
3694 4423 3858 4470 τινες,

2283 4513 2357 4573 ὼς
2398 4509 2594 4566 ἔοικεν,
2625 4502 2936 4563 ἐπίσκοποι,
2962 4499 3213 4565 λέγοντες
3267 4498 3410 4566 ὐπέρ
3474 4495 3705 4564 πτωχῶν
3763 4499 3860 4549 καὶ

2287 4595 2849 4664 καταπεπονημένων.
2903 4591 3001 4642 οὐκ
3040 4587 3421 4656 εἰσηκούοντο·
3482 4589 3860 4640 τετυπὼκασιν

2285 4695 2332 4743 οί
2358 4688 2598 4755 Πατέρες
2627 4680 3042 4751 ὑπομνησθῆναι
3102 4679 3227 4740 τοὺς
3276 4674 3537 4744 βασιλεῖς,
3577 4676 3719 4728 ὥστε
3776 4677 3848 4728 6r.-

2287 4783 2443 4848 θῆναι
2475 4777 2624 4844 παρὰ
2645 4775 2849 4828 τοῦτων
2877 4773 3014 4839 μετὰ
3054 4769 3154 4835 τῆς
3194 4767 3302 4819 τῶν
3354 4769 3671 4821 ἐπισκόπων
3733 4769 3857 4820 ἐπι-

2287 4872 2446 4939 λογῆς
2497 4869 2744 4927 ἐκδίκους
2792 4864 2953 4932 χάριν
2991 4861 3082 4912 τοῦ
3133 4859 3554 4911 ἀναστέλλεσθαι
3596 4859 3693 4921 τὰς
3750 4858 3858 4909 τῶν

2286 4960 2558 5012 πλουσίων
2589 4955 2926 5024 τυραννίδας,
2951 4954 3042 5002 καὶ
3076 4950 3217 5002 οὕτω
3259 4950 3532 5017 παυθῆναι
3555 4949 3653 5018 τὴν
3690 4951 3857 5016 ἐπην-

2285 5048 2582 5116 ενεγμ.ένην
2640 5045 2916 5097 ἄπαυστον
2969 5040 3189 5109 ὄχλησιν
3241 5041 3359 5098 ταῖς
3411 5038 3731 5105 ἐκκλησίαις
3792 5039 3857 5088 ἐκ

2281 5140 2390 5192 τῶν
2427 5134 2879 5204 προσερχομένωι
2927 5132 3115 5191 αὐταῖς
3173 5129 3258 5181 διὰ
3308 5129 3366 5180 τὸ
3409 5128 3710 5181 ἀδικεῖσθαι
3751 5127 3855 5180 ὑπὸ

2284 5228 2391 5279 τῶν
2422 5223 3024 5295 παραδυναστευὸντων.
3063 5218 3219 5272 Καὶὸ
3247 5218 3347 5286 μὲν
3391 5216 3575 5269 κανὼν
3629 5219 3687 5268 ἐν
3737 5217 3854 5268 τού⁴

2283 5335 2396 5379 τοις
2431 5333 2445 5348 ·
2481 5318 2543 5367 συ
2575 5316 2629 5367 δὲ
2662 5315 2921 5380 γίνωσκε,
2951 5312 3031 5363 ὅτι
3066 5311 3098 5380 ἠ
3147 5309 3291 5372 δῦσις
3320 5308 3428 5360 τῶν
3451 5308 3699 5369 ἐκδίκων,
3745 5309 3851 5358 τῶν

2285 5405 2378 5456 καὶ
2404 5404 2743 5472 δεφε-ισόρων
2771 5399 3102 5468 λεγομένων,
3137 5398 3248 5451 εἴτε
3304 5397 3413 5450 ἀπὸ
3444 5397 3538 5448 τοῦ
3589 5399 3851 5464 παρόντος

2285 5497 2504 5555 κανόνος
2548 5495 2700 5546 ἔλασε
2727 5494 2824 5558 τὴν
2853 5491 3048 5560 ἀρχὴν,
3079 5491 3186 5543 εἴτε
3221 5490 3313 5542 καὶ
3361 5488 3463 5556 πρὸ
3488 5486 3676 5540 τούτου
3730 5491 3852 5539 ἐπει

2287 5587 2606 5652 γινώσκετο,
2643 5584 2707 5636 δι’
2737 5583 2995 5650 ἐπιλογῆς
3023 5582 3130 5632 τῶν
3162 5580 3430 5634 κατοίκων
3460 5578 3700 5644 ἑκάστης
3752 5577 3852 5630 1:6-

2285 5678 2418 5737 λεως
2451 5677 2678 5743 ἐγίνετο.
2702 5677 2857 5728 Ἐστι
2887 5675 3057 5726 δέικαὶ
3084 5674 3268 5740 Νεαρὰ
3302 5670 3737 5732 Ἰουστινιάνειος
3765 5667 3845 5734 ιε’,

2285 5767 2630 5822 ύποτυποῦσα
2667 5769 2763 5837 τὴν
2810 5767 3016 5822 τούτων
3062 5764 3314 5832 ἐπιλογὴν
3370 5763 3464 5815 καὶ
3528 5763 3846 5832 πρόϐλησιν,
