4148 6466
295 395 399 457 985

1216 408 1296 470 IN
1351 411 1494 471 CAN
1545 412 1846 474 LXXVIII
1895 415 2103 477 CONC.
2153 418 2526 482 CARTHAG.

3438 425 3542 487 286

300 517 391 567 καὶ
420 516 769 590 διοριζομὲνη
797 519 878 583 είς
901 520 1117 576 ἃπασαν
1146 525 1303 578 πόλιν
1333 527 1686 596 ἐπιλέγεσθαι
1730 531 1868 600 παρᾶ

1987 536 2229 590 melioris
2282 536 2722 601 existimationis,
2751 536 3018 604 eligantur
3055 537 3366 594 defensores
3399 543 3546 594 suni-

297 605 404 656 τῶν
431 608 749 663 ἐπισκόπων
780 611 874 664 καὶ
900 613 1008 665 τῶν
1036 615 1313 684 κληρικῶν
1362 620 1454 670 καὶ
1503 620 1613 672 τῶν
1665 620 1873 686 ἀξιολο-

295 699 555 766 γωτέρων
581 702 814 755 πολιτῶν
843 703 1090 766 ἐκδίκους
1115 707 1252 776 πρὸς
1286 710 1386 777 τὴν
1435 712 1709 778 ποσότητα
1775 711 1871 766 τοῦ

307 788 546 857 πλήθους
571 792 672 857 τῆς
697 793 901 854 πόλεως
931 794 1251 863 ἀρκοῦντας,
1284 799 1426 852 ὥστε
1478 800 1725 864 δικάζειν
1773 805 1871 855 αὑ-

301 879 428 940 τοὺς
459 880 622 948 μέχρι
655 883 950 952 ποσότητος
996 889 1348 956 νομισμάτων
1378 893 1705 959 τριακοσίων
1738 893 1872 963 (54),

302 971 397 1024 καὶ
421 973 837 1039 ἐγκληματικὰς
867 977 1151 1040 ὑποθέσεις
1204 980 1590 1050 ἐλαφροτέρας,
1649 986 1744 1037 καὶ
1798 986 1874 1054 μὴ

297 1065 651 1131 παραχωρεῖν
677 1067 783 1126 τοῖς
809 1066 1101 1129 δυνάσταις
1129 1071 1485 1138 κατατρέχειν
1554 1073 1663 1126 τῶν
1715 1076 1878 1129 ἀσθε-

319 1154 595 1220 νεστέρων
651 1154 744 1205 καὶ
788 1157 1056 1224 πενήτων,
1120 1159 1464 1213 ἀναστέλλειν
1495 1163 1550 1215 δὲ
1604 1166 1698 1218 κα)⁵
1751 1169 1877 1229 τοὺς

298 1243 610 1313 άπαιτητάς
661 1244 770 1298 τῶν
823 1248 1098 1316 δημοσίων
1145 1256 1713 1322 παρεισπράττοντας.
1768 1259 1878 1310 Καὶ

297 1332 434 1386 ἄλλα
460 1334 518 1385 δέ
557 1337 826 1405 προνόμια
870 1341 901 1406 ή
950 1339 1088 1408 αὑτή
1135 1342 1325 1410 Νεαρὰ
1353 1345 1876 1418 ὲπιφιλοτιμουμένη

295 1431 528 1489 τούτοις.
572 1428 919 1497 προστίθησι,
955 1432 1100 1499 μετὰ
1141 1433 1346 1488 διετίαν
1406 1439 1874 1506 παραστέλλεσθαι

296 1518 426 1578 τοὺς
469 1517 560 1570 ἐπὶ
587 1519 822 1588 τοσούτῳ
854 1522 1030 1591 καιρῷ
1076 1523 1136 1576 τὸ
1165 1524 1537 1597 λειτούργημα
1593 1529 1750 1582 τοῦτο
1782 1533 1877 1582 ἀνα

300 1607 558 1672 ύσαντας,
589 1612 680 1660 καὶ
711 1611 904 1673 ἄλλους
948 1615 1367 1682 προϐάλλεσθαι.
1423 1620 1484 1671 'H
1541 1622 1768 1689 τοιαύτη
1821 1621 1876 1674 δὲ

301 1699 490 1766 Νεαρὰ
525 1701 584 1751 οὑ
619 1703 970 1772 γατεστρώθη
1011 1708 1263 1772 ἐνταῦθα,
1299 1711 1430 1762 διότι
1477 1713 1595 1767 οὑδὲ
1630 1716 1873 1782 ἐνεργεῖ·

300 1789 362 1840 οὑ
401 1791 512 1859 γάρ
541 1793 882 1858 ἐπιλέγονται
935 1797 992 1848 ἑν
1027 1815 1134 1850 τινι
1179 1801 1327 1852 πόλει
1374 1802 1576 1856 ἔκδικοι
1621 1805 1874 1859 τοιοῦτοι.

301 1883 460 1948 Παρὰ
495 1883 654 1947 μόνου
706 1885 762 1937 δὲ
820 1887 912 1938 τοῦ
971 1890 1592 1957 Κωνσταντινουπόλεως
1640 1898 1876 1964 σφραγί-

301 1971 486 2035 ζονται
515 1973 720 2028 ἔκδικοι
757 1979 851 2028 καὶ
884 1981 1248 2042 πρωτέκδικοι
1296 1984 1389 2036 καὶ
1425 1987 1574 2054 παρὰ
1628 1987 1736 2039 τῶν
1765 1989 1876 2041 λοι-

310 2065 430 2116 πῶν
473 2067 775 2135 ἀρχιερέων
809 2073 1170 2140 πρωτέκδικοι
1206 2091 1219 2104 °
1262 2078 1352 2128 καὶ
1380 2076 1522 2129 οὗτοι
1563 2079 1661 2142 μὲν
1721 2083 1877 2133 οὐδὲν

299 2158 596 2226 προνόμιον
638 2160 852 2229 ἔχουσιν
880 2163 944 2214 ἐκ
977 2163 1084 2215 τῶν
1128 2168 1532 2235 περιεχομένων
1563 2171 1627 2236 τῇ
1667 2169 1875 2239 Νεαρᾷ.

299 2249 475 2310 Μόνος
509 2251 617 2318 γάρ
672 2251 1058 2320 πρωτέκδικος
1083 2259 1180 2324 τῆς
1251 2258 1563 2327 ἁγιωτάτης
1618 2261 1876 2329 Μεγάλης

299 2339 594 2408 ἐκκλησίας
638 2344 732 2392 καὶ
773 2345 821 2395 oi
853 2344 941 2395 ὑπ’
987 2347 1151 2399 αὑτὸν
1181 2348 1383 2401 ἔκδικοι
1430 2350 1709 2411 δικάζουσι
1776 2353 1873 2418 μό-

299 2446 393 2490 νας
423 2433 526 2494 τὰς
553 2437 678 2501 περὶ
727 2435 1050 2505 ὲλευθεριῶν
1100 2439 1401 2501 ὑποθέσεις.
1451 2441 1650 2508 Οἴομαι
1701 2443 1756 2495 δέ
1796 2446 1875 2496 ὅτι

298 2520 404 2572 ἀπὸ
433 2523 532 2586 τῆς
564 2524 822 2591 ρηθείσης
850 2527 1067 2598 Νεαρᾶς
1114 2530 1142 2580 ό
1173 2531 1422 2600 πρωτέκδ
1448 2549 1539 2594 κος
1573 2534 1876 2588 δικαιοῦται

299 2611 543 2674 δικάζειν
575 2614 783 2677 πάντας
830 2619 958 2680 τοὺς
1004 2622 1482 2690 προσερχομένους
1544 2625 1694 2691 αὑτῴ
1751 2627 1876 2694 περὶ

297 2705 665 2770 χρηματικῶν
689 2707 1000 2759 ὑποθέσεων
1039 2709 1133 2762 καὶ
1181 2712 1607 2780 ἐγκληματικῶν
1639 2715 1873 2783 ἐλαφρο-

300 2796 500 2862 τέρων.
539 2795 640 2848 κᾶν
673 2797 788 2859 οῖας
818 2799 885 2850 ἂν
910 2793 1012 2850 ὦσι
1045 2802 1215 2869 τύχης
1246 2803 1339 2854 καὶ
1382 2806 1768 2867 καταστάσεως
1827 2809 1873 2858 oi

297 2888 582 2952 ἐνάγοντες
613 2889 706 2940 καὶ
733 2889 784 2941 oi
814 2883 1134 2959 ὲναγόμενοι
1171 2910 1188 2927 ο
1232 2894 1324 2947 καὶ
1368 2895 1570 2962 μᾶλλον
1601 2897 1734 2948 ὅταν
1780 2897 1875 2965 οὑχ

297 2978 600 3050 ὑπερδαίνῃ
654 2981 714 3032 τὸ
757 2984 922 3035 ποσὸν
970 2988 1067 3053 τῆς
1111 2985 1421 3048 ὑποθέσεως
1466 2985 1534 3039 τὰ
1583 2991 1874 3056 τριάκοντα

294 3068 628 3133 νομίσματα.
671 3071 947 3135 Ὡσαύτως
973 3075 1185 3138 ἐφεῖται
1210 3076 1359 3144 αὑτῷ
1401 3079 1746 3130 ἀναστέλλειν
1777 3077 1872 3139 τὰς

1977 628 2188 680 cientes
2239 627 2304 678 ad
2343 628 2702 693 quantitatem
2753 627 3108 681 multitudinis
3163 630 3424 696 civitatis,
3481 642 3540 683 ut

1976 715 2075 784 ipsi
2111 717 2348 782 judicent
2400 732 2567 782 usque
2604 719 2670 769 ad
2715 718 3067 782 quantitatem
3115 719 3326 788 triginta
3363 720 3541 773 numi-

1975 817 2228 870 smatunt,
2251 816 2302 857 et
2334 807 2639 860 criminales
2665 823 2856 862 causas
2894 808 3155 872 leviores;
3186 824 3286 863 nec
3321 812 3546 876 permit-

1978 907 2090 950 tant
2124 899 2428 964 potentibus
2459 908 2511 950 nt
2551 899 2927 952 imbecilliores
2960 910 3014 951 et
3043 915 3307 968 pauperes
3355 903 3542 969 Oppri-

1979 999 2125 1041 maut
2149 1030 2162 1053 ,
2196 999 2248 1041 et
2281 991 2570 1054 reprimant
2603 989 2936 1054 publicorum
2969 1000 3272 1053 exactores,
3305 993 3392 1058 qui
3419 992 3541 1059 plus

1977 1094 2138 1147 quam
2176 1094 2273 1148 par
2301 1089 2386 1133 est
2414 1082 2658 1148 exigunt.
2688 1080 2998 1144 Quinetiam
3050 1081 3162 1133 haec
3192 1096 3403 1148 quoque
3433 1081 3538 1133 No-

1977 1171 2134 1234 vella,
2169 1187 2288 1239 qua:
2316 1172 2396 1225 eis
2444 1172 2546 1224 alia
2599 1172 2872 1238 privilegta
2923 1171 3169 1239 largitur,
3219 1172 3421 1238 adjicit,
3483 1185 3540 1227 ut

1981 1273 2100 1331 post
2135 1263 2406 1316 biennium
2433 1264 2693 1318 desistant
2722 1265 2810 1332 qui
2844 1265 2945 1316 hoc
2978 1279 3170 1316 munus
3215 1273 3361 1320 tanto
3409 1276 3539 1317 ten:-

1981 1369 2111 1422 pore
2138 1355 2428 1417 obierunt,
2465 1365 2518 1408 et
2567 1356 2656 1407 alii
2702 1365 3141 1424 promoveantur.
3205 1353 3326 1406 Haec
3365 1363 3542 1407 autem

1982 1445 2202 1498 Novella
2239 1446 2325 1498 hic
2355 1446 2456 1498 sita
2503 1463 2606 1499 non
2665 1455 2767 1507 est,
2793 1459 2858 1498 eo
2889 1447 3030 1513 quod
3073 1460 3175 1497 non
3213 1444 3282 1496 sit
3313 1445 3362 1496 in
3395 1460 3489 1494 usu
3527 1461 3543 1498 :

1979 1551 2078 1590 nec
2108 1538 2248 1590 enim
2281 1537 2531 1589 dicuntur
2559 1552 2678 1590 esse
2707 1537 2757 1590 in
2785 1537 2889 1588 ulla
2924 1536 3142 1590 civitate
3165 1536 3430 1603 ejusmodi
3455 1539 3540 1588 de-

1981 1628 2244 1681 fensores.
2299 1629 2341 1679 A
2391 1627 2506 1680 solo
2542 1637 2720 1679 autem
2761 1625 3252 1693 Constantinopolis
3287 1628 3542 1691 episcopo

1980 1719 2346 1771 characterem
2376 1716 2671 1782 suscipiunt
2703 1715 3030 1779 defensores,
3061 1727 3113 1768 et
3138 1716 3224 1782 qui
3262 1716 3420 1781 primi
3448 1717 3544 1768 de-

1983 1810 2218 1863 fensores
2257 1810 2527 1862 dicuntur.
2554 1809 2598 1860 Α
2626 1807 2843 1874 reliquis
2872 1818 3048 1860 autem
3081 1808 3412 1860 antistitibus
3447 1809 3542 1861 soli

1982 1902 2136 1970 primi
2176 1900 2489 1954 defensores
2522 1918 2534 1953 :
2569 1909 2730 1966 atque
2765 1899 2797 1951 ii
2830 1900 3046 1966 quidem
3097 1900 3298 1951 nullutn
3346 1901 3544 1955 habent

1980 1991 2314 2060 privilegium
2347 2005 2410 2044 ex
2464 1991 2528 2043 iis
2561 2005 2676 2056 qua:
2713 1987 2933 2041 Novella
2983 1991 3345 2042 continentur.
3387 1991 3545 2042 Solus

1977 2081 2117 2134 enim
2153 2080 2356 2146 primus
2387 2079 2638 2132 defensor
2673 2078 3030 2132 sanctissimae
3079 2079 3167 2130 Dei
3204 2077 3409 2144 Magum
3450 2094 3542 2132 ec-

1977 2168 2175 2230 clesiae,
2213 2176 2264 2220 et
2297 2169 2385 2235 qui
2414 2168 2461 2220 ei
2493 2169 2726 2220 subsunt
2758 2166 3087 2227 defensores,
3139 2169 3281 2220 solas
3327 2167 3546 2221 liberta-

1978 2269 2088 2312 tutu
2121 2274 2312 2312 causas
2339 2259 2608 2324 judicant.
2642 2257 2755 2320 Ipse
2787 2267 2964 2310 autem
2997 2258 3272 2320 existimo,
3300 2259 3442 2325 quod
3473 2273 3540 2310 ex

1975 2353 2116 2403 dicta
2158 2349 2364 2403 novella
2401 2350 2606 2416 primus
2639 2349 2888 2401 defensor
2922 2348 3010 2416 jus
3065 2350 3225 2401 habet
3269 2349 3545 2416 judicandi

1976 2457 2187 2501 omnes.
2219 2442 2309 2510 qui
2344 2441 2408 2493 ad
2441 2455 2560 2492 eum
2596 2440 2878 2498 accedunt.
2915 2439 2980 2490 de
3007 2439 3184 2492 causis
3213 2437 3540 2504 pecuniariis

1976 2544 2030 2585 et
2054 2531 2424 2584 criminalibus
2452 2528 2763 2589 levioribus,
2798 2529 3168 2596 cujuscmtque
3214 2528 3321 2581 sint
3370 2537 3542 2581 status

1974 2633 2028 2675 et
2066 2621 2390 2674 conditionis
2442 2627 2656 2671 actores
2708 2627 2760 2669 et
2820 2619 2894 2669 rei
2937 2634 2949 2669 :
2998 2628 3052 2670 et
3094 2617 3324 2670 maxime
3375 2617 3540 2686 613

1974 2714 2186 2779 quando
2213 2725 2387 2764 causa
2421 2710 2693 2776 quantitas
2722 2722 2824 2759 non
2855 2706 3069 2760 excedit
3097 2705 3165 2759 30
3197 2707 3540 2758 numismata.

1977 2804 2040 2856 Et
2070 2803 2193 2855 licet
2223 2801 2269 2853 ci
2300 2801 2422 2868 jure
2457 2798 2829 2852 ecclesiastico
2863 2797 3155 2865 reprimere
3183 2797 3543 2862 potentiorum

1976 2893 2200 2960 injurias
2227 2909 2241 2943 :
2272 2893 2400 2958 quin
2431 2900 2479 2942 et
2511 2891 2561 2942 iu
2595 2905 2748 2943 suum
2778 2888 2952 2942 forum
2981 2888 3195 2941 trahere
3217 2901 3425 2948 omnes,
3454 2883 3544 2953 qui

1975 2987 2222 3038 dicuntur
2253 2982 2446 3047 injuria
2484 2979 2692 3033 allicere
2721 2993 2812 3032 eos
2837 2979 2927 3046 qui
2983 2979 3047 3028 ad
3096 2976 3390 3031 Ecclesiam
3419 2991 3542 3031 con-

1975 3076 2221 3142 fugiunt;
2257 3087 2321 3124 ue
2367 3081 2629 3139 cogantur
2660 3085 2752 3123 eos
2781 3070 2845 3122 ad
2881 3068 3037 3122 civile
3087 3068 3256 3120 forum
3311 3068 3542 3130 mittere,

295 3156 400 3208 τῶν
439 3161 1034 3226 παραδυναστευόντων
1061 3165 1295 3227 ἀδικίας,
1345 3167 1488 3218 κατά
1539 3170 1605 3220 τὰ
1665 3168 1865 3232 ἐκκλη-

1974 3177 2031 3218 ut
2065 3167 2120 3217 lit
2155 3165 2332 3217 hodie.
2394 3162 2496 3216 Sed
2544 3172 2595 3214 et
2651 3161 2811 3226 liber,
2840 3163 2930 3229 qui
2967 3158 3398 3228 πρωτεκδικικός
3431 3160 3545 3225 (seu

299 3250 553 3302 σ;αστικά
583 3250 766 3302 δίκαια
798 3270 810 3283 ·
837 3253 1055 3306 ἐλκύσει
1082 3255 1138 3306 δὲ
1165 3257 1257 3307 καὶ
1294 3258 1374 3318 είς
1427 3257 1488 3308 τὸ
1529 3259 1650 3310 κατ’
1704 3259 1866 3310 αὑτὸν

291 3334 646 3410 δικαστήριον
698 3346 906 3408 πάντας
956 3350 1080 3409 τοὺς
1119 3349 1445 3417 λεγομένους
1488 3350 1693 3402 ἀδικεῖν
1742 3353 1867 3408 τοὺς

1977 3259 2042 3310 de
2071 3257 2245 3324 primo
2269 3255 2576 3321 defensore)
2606 3255 2824 3314 dicitur.
2857 3256 2947 3306 dat
2977 3254 3023 3306 ei
3051 3253 3214 3305 multa
3245 3251 3542 3319 privilegia:

1978 3365 2163 3402 verum
2200 3347 2378 3401 nescio
2410 3347 2679 3414 quomodo
2720 3345 2978 3414 pleraque
3015 3346 3379 3412 negliguntur.

293 3432 616 3500 πρόσφυγας
641 3435 738 3502 τῆς
772 3437 1124 3504 Ἐκκλησίας,
1161 3440 1258 3492 καὶ
1303 3440 1402 3491 οὑκ
1454 3441 1929 3509 ἀναγκασθήσεται
1998 3441 2190 3498 αὐτοὺς
2253 3439 2336 3501 είς
2402 3437 2674 3490 πολιτικὸν
2740 3437 3090 3505 δικαστήριον
3147 3437 3408 3504 πέμπειν,
3472 3433 3547 3496 ὡς

292 3527 501 3591 γίνεται
529 3527 785 3595 σήμερον.

293 3615 388 3670 οἷδ’
436 3619 594 3679 ὅπως
623 3620 688 3671 τά
721 3621 890 3674 πλείω
954 3622 1292 3676 άθετοῢνται.

362 3710 612 3764 ΖΩΝΛΡ.
652 3712 716 3763 Ol
741 3715 1029 3768 ἐπίσκοποι
1061 3719 1122 3768 οὑ
1149 3719 1310 3785 μόνον
1366 3718 1640 3772 διδάσκειν
1708 3722 1860 3787 ὀφεί-

292 3805 445 3854 λουσι
483 3801 610 3863 τοὺς
644 3802 736 3854 ὑπ’
768 3805 970 3868 αὐτοὺς
1030 3807 1214 3868 λαοὺς.
1265 3809 1400 3863 ἀλλὰ
1455 3811 1548 3864 καί
1607 3813 1868 3880 προΐστα-

293 3894 419 3947 σθαι
454 3894 662 3946 τούτων
726 3897 1118 3964 ἀδικουμένων,
1173 3901 1265 3951 καὶ
1323 3903 1468 3953 κατᾶ
1528 3903 1586 3954 τδ
1645 3903 1867 3954 δυνατὸν

293 3987 555 4040 ἐκδικεῖν.
599 3984 752 4038 Ἐπεὶ
787 3988 843 4040 δέ
882 4006 1029 4050 τινες
1062 3990 1148 4042 διὰ
1178 3991 1500 4045 δυναστείαν
1553 3994 1662 4044 τῶν
1746 3996 1869 4045 ἐπι·

292 4077 515 4129 σκόπων
540 4079 641 4130 οὑκ
686 4080 1022 4146 ἐφρόντιζον,
1103 4083 1344 4135 αἰτοῦσιν
1377 4087 1422 4135 οί
1489 4084 1586 4152 τῆς
1653 4086 1865 4138 συνόδου

291 4169 493 4238 ταύτης
522 4172 645 4232 τοὺς
679 4170 916 4238 βασιλεῖς
947 4173 1165 4240 δοθῆναί
1223 4193 1379 4238 τινας
1417 4177 1686 4240 ἐκδίκους,
1722 4177 1861 4228 ὥστε

293 4260 432 4324 μετὰ
456 4259 564 4310 τῶν
588 4261 907 4314 ἐπισκόπων
933 4265 1284 4317 ἀναστέλλειν
1312 4267 1407 4328 τὰς
1435 4268 1543 4319 τῶν
1586 4269 1863 4321 πλουσίων

290 4350 640 4417 τυραννίδας,
669 4349 754 4401 ἵνα
784 4354 858 4421 μὴ
910 4355 1028 4412 ταῖς
1084 4356 1404 4423 ἐπαχθείαις
1443 4359 1552 4410 τῶν
1590 4363 1862 4426 πενήτων,

286 4442 528 4495 τουτέστι
617 4442 734 4502 ταῖς
803 4446 1267 4515 ἐπενενηγμέναις
1369 4449 1553 4511 αὐτοῖς
1622 4450 1866 4521 βαρείαις

868 3531 1029 3582 Ἀλλά
1085 3533 1178 3584 καὶ
1227 3534 1286 3584 τὸ
1311 3533 1746 3601 πρωτεκδικικδν
1779 3534 1984 3601 βιϐλίον
2019 3535 2132 3601 (35)
2159 3531 2326 3584 πολλὰ
2359 3529 2630 3600 προνόμια
2661 3529 2878 3581 δίδωσιν
2940 3528 3088 3596 αὑτῴ
3121 3543 3135 3557 ·

3235 3527 3375 3596 πλὴν
3439 3526 3540 3578 οὐκ

2044 3717 2296 3773 ZONAR.
2346 3715 2595 3784 Episcopi
2630 3731 2734 3770 non
2764 3722 2968 3766 tantum
3021 3713 3244 3781 p0pulos
3299 3712 3543 3780 ipsorum

1973 3826 2114 3863 cum:
2163 3809 2481 3863 commissos
2511 3810 2727 3866 docere.
2761 3807 2852 3858 sed
2887 3820 3071 3858 eorum
3099 3819 3312 3870 quoque
3349 3814 3542 3870 patrno

1973 3901 2198 3960 ciuium,
2229 3899 2272 3950 si
2310 3897 2504 3963 injuste
2537 3898 2822 3956 laedantur,
2862 3895 3164 3961 Suscipere,
3205 3907 3267 3945 ac
3295 3893 3411 3945 illos
3443 3909 3537 3957 pro

1975 3991 2186 4045 viribus
2221 3989 2362 4041 tueri
2396 3988 2619 4042 debent.
2660 3987 2925 4052 Quoniam
2960 4000 3086 4040 vero
3122 3985 3311 4051 aliqui,
3339 3984 3544 4051 pollen-

1977 4092 2056 4136 tes
2085 4084 2296 4148 opihus,
2352 4082 2726 4148 cpiscopm‘um
2755 4094 2968 4146 quoque
3005 4077 3377 4130 auctoritatem
3416 4091 3544 4128 cou-

1977 4175 2313 4233 temnebant,
2371 4172 2648 4239 postulant
2681 4171 2746 4224 ab
2792 4171 3121 4237 imperatore
3162 4169 3319 4236 hujus
3352 4167 3542 4236 synodi

1972 4265 2184 4328 Patres,
2249 4275 2307 4316 ut
2374 4262 2690 4316 defensores
2755 4262 2917 4329 aliqui
2975 4262 3408 4323 constituantur,
3453 4259 3542 4323 qui

1977 4357 2138 4409 simul
2199 4371 2323 4409 cum
2372 4355 2644 4424 episcopis
2679 4355 3044 4422 potentiorum
3082 4351 3419 4422 tyrannidem
3461 4367 3546 4403 rc-

1978 4451 2236 4518 pritnant,
2296 4463 2362 4500 ne
2424 4461 2720 4516 pauperum
2780 4445 3247 4514 oppressionibus,
3298 4445 3399 4498 hoc
3433 4451 3541 4506 ed,

1475 4563 1522 4620 (ἶ
1540 4561 1676 4620 uill.
1724 4563 2052 4638 Beveregii
2102 4569 2291 4624 notae.

364 4659 483 4736 (δι-ι
504 4660 894 4736 Νομισμάτῳν
923 4664 1304 4736 τριακοσίων(
1346 4661 1639 4736 ustiniani
1668 4669 1854 4730 verba,

1973 4667 2065 4727 ris,
2089 4665 2156 4718 τὰ
2174 4667 2228 4718 δὲ
2254 4662 2710 4736 ῥήματα,ἰηςιιιίι⁸
2737 4658 2834 4712 τοῦ
2851 4658 3287 4736 πρωτεκδικικοῦ
3309 4657 3538 4736 βιβλίου,

291 4745 410 4796 quae
450 4729 738 4799 Balsanton
779 4731 864 4782 hic
894 4729 1135 4799 respicit,
1182 4735 1244 4786 de
1276 4733 1658 4787 defensoribus
1684 4739 1761 4788 sic
1795 4751 1853 4788 se

296 4801 516 4856 habent.
555 4797 618 4850 Et
640 4798 887 4864 judicare
939 4797 1265 4855 Defensores
1300 4804 1352 4854 in
1395 4806 1571 4854 cautis
1617 4805 1856 4856 omnibus

291 4869 612 4932 peruuiariia
649 4884 805 4931 usque
833 4870 1114 4922 ad'aureos
1142 4883 1396 4924 trecentos
1438 4889 1453 4925 :
1490 4889 1591 4925 nou
1639 4875 1860 4926 valenti-

293 4936 384 5010 bus
415 4939 613 5010 nostris
673 4939 919 5010 subjruis
968 4942 1170 4993 trahere
1224 4941 1433 4993 sibimet
1503 4943 1857 5010 obligatosad

291 5005 615 5078 clarissimos
641 5009 1029 5072 provinciarum
1071 5010 1288 5072 iudices.
1327 5013 1372 5063 si
1405 5028 1565 5078 usque
1612 5005 1683 5063 ad
1723 5028 1858 5077 pra:-

291 5076 491 5147 dtctam
511 5085 880 5147 _trecenmrum
911 5078 1204 5132 solidorum
1241 5076 1591 5147 quantitatem
1622 5083 1699 5132 bis
1727 5076 1856 5134 tou-

290 5145 467 5220 sistat.
503 5142 797 5220 iusduian.
829 5145 1016 5220 ljovcl.
1056 5149 1140 5207 15.
1168 5142 1286 5217 cap.
1320 5151 1371 5209 5,
1399 5163 1533 5203 sect.
1563 5150 1597 5201 ‘2
1637 5151 1859 5220 Corrigc

297 5215 483 5280 itaque
522 5214 764 5266 Latinam
828 5213 1169 5271 Balsamonis
1222 5213 1522 5272 versionem
1579 5223 1676 5272 hoc
1715 5213 1854 5284 loco,

295 5296 401 5354 qua
434 5284 653 5350 triginta
676 5287 936 5337 mendose
967 5285 1296 5354 imprimitur
1325 5303 1420 5352 pro
1479 5298 1848 5342 treceu:orum.

294 5351 520 5420 Corrige
573 5355 734 5404 ctiam
799 5351 1051 5407 Grtecutu
1112 5351 1452 5410 Balsamonis
1488 5366 1718 5419 textum,
1765 5360 1856 5410 tibi

298 5425 698 5494 pauiopostea,
735 5423 1030 5494 τριάκοντα
1084 5428 1397 5493 νομίσματα
1447 5428 1725 5488 scribitur,
1760 5444 1856 5494 pro

292 5493 582 5561 τριακόσια
603 5491 952 5561 νομίσματα,
989 5491 1450 5561 quemadmodum
1486 5499 1648 5550 etiam
1683 5491 1854 5549 codt-x

291 5559 758 5611 Aur-rbaultianus
793 5563 934 5627 legit.

363 5627 476 5702 (55)
507 5628 978 5702 Πρωξεριδικικὸν
995 5631 1259 5694 βιὸλίον.
1308 5632 1481 5702 Hujus
1515 5635 1633 5687 lthri
1667 5635 1857 5687 momi-

293 5696 371 5748 uit
405 5701 568 5749 etiaut
625 5697 912 5751 Balsautou
971 5702 1022 5753 in
1077 5705 1335 5756 meditato
1389 5696 1455 5758 ile
1480 5704 1695 5758 duobus
1750 5706 1854 5756 illis

291 5765 496 5832 ciliciis,
540 5766 979 5837 chartopltylacis
1013 5768 1268 5826 nimirum
1303 5784 1353 5829 et
1406 5775 1562 5844 primi
1606 5776 1853 5829 defensit-

1963 4738 2031 4787 1i
2054 4725 2059 4727 ν
2084 4735 2226 4787 οὕτω
2254 4725 2264 4736 ’
2290 4725 2407 4795 πως
2463 4733 2602 4784 κατά
2637 4734 2784 4800 ῥῆμα
2846 4725 3301 4800 διαλαμϐάνοντα.
3370 4725 3539 4780 Verba

1967 4822 2083 4858 vero
2123 4807 2246 4856 libri
2292 4805 2356 4855 de
2414 4804 2577 4870 o/ﬁrio
2635 4799 3138 4870 primigdefemoris,
3185 4813 3305 4870 qua:
3351 4813 3537 4862 prope-

1965 4875 2178 4926 modum
2239 4868 2545 4940 ltttjitsniodi
2602 4884 2743 4925 aunt.
2800 4868 2916 4936 Ipsa
2971 4878 3178 4940 anteum
3201 4869 3536 4940 verba,qu_:c

1964 4961 2026 4997 et
2058 4946 2206 4994 dicto
2245 4936 2381 4994 lilit'o
2414 4942 2565 4998 citat,
2599 4941 2710 4992 lucc
2740 4949 2888 4994 sunt.
2937 4939 3028 4988 Δεῖ
3071 4938 3212 4997 ὑμᾶς
3242 4937 3292 4984 εί
3320 4954 3402 4996 τις
3429 4936 3536 4985 τῶν

1967 5014 2354 5080 πρεσϐυτέρων
2403 5012 2493 5062 καὶ
2541 5007 3008 5080 διακόνων-δίκην
3038 5006 3174 5080 λ’ἐξει
3209 5005 3344 5080 μετά
3369 5023 3533 5080 τινος,

1967 5075 2406 5147 προσκαλεῖσθαι
2433 5081 2522 5131 τὸν
2547 5078 3004 5147 διεγκαλούμενον
3033 5078 3094 5125 ἐκ
3149 5075 3356 5140 τρὲτου,
3383 5077 3536 5147 ⁸κατὰ

1961 5144 2054 5203 τον
2084 5152 2372 5212 εἰρημένον
2412 5144 2648 5216 τρόπον,
2671 5150 2765 5199 καὶ
2802 5148 2875 5215 μὴ
2904 5146 3200 5196 ὑπείκοντα
3232 5144 3532 5216 καταδικά-

1961 5221 2095 5283 ζειν.
2129 5218 2346 5285 Oportet
2373 5215 2480 5280 vos,
2515 5219 2560 5270 si
2590 5220 2703 5286 quis
2755 5217 3176 5286 presbyterorum
3200 5223 3248 5264 et
3279 5215 3534 5265 diacono-

1961 5306 2075 5341 rum
2108 5306 2222 5340 cum
2254 5290 2432 5357 aliqua
2464 5290 2607 5341 [item
2639 5286 2870 5357 habebit.
2901 5301 3038 5344 cum,
3089 5285 3178 5352 qui
3207 5294 3533 5357 accusatur,

1961 5361 2117 5412 tertio
2164 5356 2350 5417 citare,
2394 5365 2684 5411 secundum
2749 5356 3040 5407 iudicatum
3096 5356 3303 5404 modum
3348 5363 3393 5405 et
3430 5369 3531 5404 non

1965 5429 2328 5496 obsequentem
2363 5432 2731 5482 condemnare.
2846 5424 3046 5496 quibus
3084 5424 3530 5496 verbis-contini:-

1966 5510 2073 5558 tnr,
2102 5492 2285 5565 ipsum
2346 5498 2689 5550 defensorem
2743 5495 2979 5546 oliicium
3012 5494 3063 5544 in
3102 5493 3203 5543 hoc
3246 5492 3407 5565 libro,
3435 5493 3528 5557 qui

1966 5560 2270 5620 hodie-nou
2299 5575 2503 5626 exstat,
2554 5566 2620 5619 iis
2655 5567 3015 5618 constitutum
3045 5572 3213 5621 "esse,
3272 5560 3436 5614 idunc
3469 5570 3530 5612 ut

1965 5638 2177 5689 videtur
2211 5637 2275 5688 ah
2304 5636 2489 5708 aliquo
2516 5636 2892 5708 imperatore.
2944 5632 3086 5708 Idem
3131 5640 3312 5708 etta_m_
3336 5628 3529 5708 Balsa-

1966 5722 2088 5758 mnu
2128 5709 2178 5757 in
2223 5700 2472 5773 praest'uti
2515 5700 2634 5758 loco
2668 5704 2836 5756 πολλὰ
2888 5702 3156 5770 προνόμια
3219 5700 3530 5754 defensori-

1966 5778 2065 5829 l;ll:i
2110 5776 2161 5827 iu
2196 5779 2299 5829 isto
2333 5776 2468 5829 lihro
2509 5775 2730 5830 concedi
2766 5782 2982 5827 assem.
