  <div class='ocr_page' id='page_1' title='image "/cluster/home/n/w/nwhite01/storage/ocr_20150623/138/uva.x030486987/173.png"; bbox 0 0 4148 6450; ppageno 0'>
   <div class='ocr_carea' id='block_1_1' title="bbox 669 390 776 451">
    <p class='ocr_par' dir='ltr' id='par_1_1' title="bbox 669 390 776 451">
     <span class='ocr_line' id='line_1_1' title="bbox 669 390 776 451; baseline -0.009 0"><span class='ocrx_word' id='word_1_1' title='bbox 669 390 776 451; x_wconf 81' lang='lat'><strong>287</strong></span> 
     </span>
    </p>
   </div>
   <div class='ocr_carea' id='block_1_2' title="bbox 670 499 1550 569">
    <p class='ocr_par' dir='ltr' id='par_1_2' title="bbox 670 499 1550 569">
     <span class='ocr_line' id='line_1_2' title="bbox 670 499 1550 569; baseline 0.001 -18"><span class='ocrx_word' id='word_1_2' title='bbox 670 500 930 569; x_wconf 62' lang='lat' dir='ltr'><strong>gravibus</strong></span> <span class='ocrx_word' id='word_1_3' title='bbox 985 500 1217 568; x_wconf 78' lang='lat' dir='ltr'><strong>injuriis.</strong></span> <span class='ocrx_word' id='word_1_4' title='bbox 1249 514 1370 566; x_wconf 74' lang='lat' dir='ltr'><strong>qua:</strong></span> <span class='ocrx_word' id='word_1_5' title='bbox 1420 499 1550 568; x_wconf 80' lang='lat' dir='ltr'><strong>ipsis</strong></span> 
     </span>
    </p>
   </div>
   <div class='ocr_carea' id='block_1_3' title="bbox 671 591 1352 660">
    <p class='ocr_par' dir='ltr' id='par_1_3' title="bbox 671 591 1352 660">
     <span class='ocr_line' id='line_1_3' title="bbox 671 591 1352 660; baseline -0.001 -16"><span class='ocrx_word' id='word_1_6' title='bbox 671 591 907 646; x_wconf 79' lang='lat' dir='ltr'><strong>ecclesia</strong></span> <span class='ocrx_word' id='word_1_7' title='bbox 967 591 1314 660; x_wconf 76' lang='lat' dir='ltr'><strong>perturbetur</strong></span> <span class='ocrx_word' id='word_1_8' title='bbox 1337 608 1352 656; x_wconf 90' lang='lat'><strong>;</strong></span> 
     </span>
    </p>
   </div>
   <div class='ocr_carea' id='block_1_4' title="bbox 673 769 2063 840">
    <p class='ocr_par' dir='ltr' id='par_1_4' title="bbox 673 769 2063 840">
     <span class='ocr_line' id='line_1_4' title="bbox 673 769 2063 840; baseline -0.003 -17"><span class='ocrx_word' id='word_1_9' title='bbox 673 783 883 832; x_wconf 87' lang='lat' dir='ltr'><strong>rantes.</strong></span> <span class='ocrx_word' id='word_1_10' title='bbox 915 773 1152 826; x_wconf 72' lang='lat' dir='ltr'><strong>assiduis</strong></span> <span class='ocrx_word' id='word_1_11' title='bbox 1191 771 1696 840; x_wconf 83' lang='lat' dir='ltr'><strong>perturbatiOnibus</strong></span> <span class='ocrx_word' id='word_1_12' title='bbox 1732 769 2063 836; x_wconf 73' lang='lat' dir='ltr'><strong>implicetur.</strong></span> 
     </span>
    </p>
   </div>
   <div class='ocr_carea' id='block_1_5' title="bbox 669 858 2234 931">
    <p class='ocr_par' dir='ltr' id='par_1_5' title="bbox 669 858 2234 931">
     <span class='ocr_line' id='line_1_5' title="bbox 669 858 2234 931; baseline -0.004 -14"><span class='ocrx_word' id='word_1_13' title='bbox 669 863 895 918; x_wconf 81' lang='lat' dir='ltr'><strong>ARIST.</strong></span> <span class='ocrx_word' id='word_1_14' title='bbox 935 884 952 916; x_wconf 88' lang='lat' dir='ltr'><strong>t</strong></span> <span class='ocrx_word' id='word_1_15' title='bbox 1007 863 1076 918; x_wconf 89' lang='lat' dir='ltr'><strong>Ut</strong></span> <span class='ocrx_word' id='word_1_16' title='bbox 1132 866 1418 931; x_wconf 83' lang='lat' dir='ltr'><strong>episcopus</strong></span> <span class='ocrx_word' id='word_1_17' title='bbox 1475 863 1720 917; x_wconf 74' lang='lat' dir='ltr'><strong>molestia</strong></span> <span class='ocrx_word' id='word_1_18' title='bbox 1787 876 1894 913; x_wconf 93' lang='lat' dir='ltr'><strong>non</strong></span> <span class='ocrx_word' id='word_1_19' title='bbox 1948 858 2234 921; x_wconf 82' lang='lat' dir='ltr'><strong>aﬂiciatur,</strong></span> 
     </span>
    </p>
   </div>
   <div class='ocr_carea' id='block_1_6' title="bbox 1005 954 1892 1010">
    <p class='ocr_par' dir='ltr' id='par_1_6' title="bbox 1005 954 1892 1010">
     <span class='ocr_line' id='line_1_6' title="bbox 1005 954 1892 1010; baseline -0.007 -2"><span class='ocrx_word' id='word_1_20' title='bbox 1005 973 1024 1008; x_wconf 82' lang='grc' dir='ltr'><strong>ι</strong></span> <span class='ocrx_word' id='word_1_21' title='bbox 1064 958 1379 1010; x_wconf 80' lang='lat' dir='ltr'><strong>defensores</strong></span> <span class='ocrx_word' id='word_1_22' title='bbox 1415 954 1837 1008; x_wconf 74' lang='lat' dir='ltr'><strong>constituantur.</strong></span> <span class='ocrx_word' id='word_1_23' title='bbox 1875 971 1892 1002; x_wconf 72' lang='grc' dir='ltr'><strong>ο</strong></span> 
     </span>
    </p>
   </div>
   <div class='ocr_carea' id='block_1_7' title="bbox 741 1042 2236 1114">
    <p class='ocr_par' dir='ltr' id='par_1_7' title="bbox 741 1042 2236 1114">
     <span class='ocr_line' id='line_1_7' title="bbox 741 1042 2236 1114; baseline -0.003 -16"><span class='ocrx_word' id='word_1_24' title='bbox 741 1046 1080 1113; x_wconf 84' lang='lat' dir='ltr'><strong>Pauperibus</strong></span> <span class='ocrx_word' id='word_1_25' title='bbox 1111 1064 1136 1098; x_wconf 87' lang='lat' dir='ltr'><strong>a</strong></span> <span class='ocrx_word' id='word_1_26' title='bbox 1175 1047 1577 1114; x_wconf 85' lang='lat' dir='ltr'><strong>potentioribus</strong></span> <span class='ocrx_word' id='word_1_27' title='bbox 1605 1045 1898 1098; x_wconf 77' lang='lat' dir='ltr'><strong>vexatione</strong></span> <span class='ocrx_word' id='word_1_28' title='bbox 1925 1042 2152 1106; x_wconf 73' lang='lat' dir='ltr'><strong>aﬂectis,</strong></span> <span class='ocrx_word' id='word_1_29' title='bbox 2181 1053 2236 1095; x_wconf 90' lang='lat' dir='ltr'><strong>et</strong></span> 
     </span>
    </p>
   </div>
   <div class='ocr_carea' id='block_1_8' title="bbox 665 1132 2232 1205">
    <p class='ocr_par' dir='ltr' id='par_1_8' title="bbox 665 1132 2232 1205">
     <span class='ocr_line' id='line_1_8' title="bbox 665 1132 2232 1205; baseline -0.003 -17"><span class='ocrx_word' id='word_1_30' title='bbox 665 1138 938 1205; x_wconf 80' lang='lat' dir='ltr'><strong>episcopis</strong></span> <span class='ocrx_word' id='word_1_31' title='bbox 962 1137 1029 1190; x_wconf 89' lang='lat' dir='ltr'><strong>ab</strong></span> <span class='ocrx_word' id='word_1_32' title='bbox 1055 1138 1120 1188; x_wconf 89' lang='lat' dir='ltr'><strong>iis</strong></span> <span class='ocrx_word' id='word_1_33' title='bbox 1157 1147 1382 1204; x_wconf 79' lang='lat' dir='ltr'><strong>propter</strong></span> <span class='ocrx_word' id='word_1_34' title='bbox 1412 1150 1503 1188; x_wconf 87' lang='lat' dir='ltr'><strong>eas</strong></span> <span class='ocrx_word' id='word_1_35' title='bbox 1527 1135 1846 1188; x_wconf 76' lang='lat' dir='ltr'><strong>vexationes</strong></span> <span class='ocrx_word' id='word_1_36' title='bbox 1877 1132 2232 1202; x_wconf 89' lang='lat' dir='ltr'><strong>perturbatis,</strong></span> 
     </span>
    </p>
   </div>
   <div class='ocr_carea' id='block_1_9' title="bbox 667 1230 2232 1299">
    <p class='ocr_par' dir='ltr' id='par_1_9' title="bbox 667 1230 2232 1299">
     <span class='ocr_line' id='line_1_9' title="bbox 667 1230 2232 1299; baseline 0 -23"><span class='ocrx_word' id='word_1_37' title='bbox 667 1231 837 1280; x_wconf 87' lang='lat' dir='ltr'><strong>visum</strong></span> <span class='ocrx_word' id='word_1_38' title='bbox 873 1240 954 1282; x_wconf 88' lang='lat' dir='ltr'><strong>est</strong></span> <span class='ocrx_word' id='word_1_39' title='bbox 1005 1231 1206 1299; x_wconf 78' lang='lat' dir='ltr'><strong>synodo</strong></span> <span class='ocrx_word' id='word_1_40' title='bbox 1243 1231 1311 1281; x_wconf 88' lang='lat' dir='ltr'><strong>ab</strong></span> <span class='ocrx_word' id='word_1_41' title='bbox 1371 1230 1717 1297; x_wconf 79' lang='lat' dir='ltr'><strong>imperatore</strong></span> <span class='ocrx_word' id='word_1_42' title='bbox 1766 1236 1972 1297; x_wconf 87' lang='lat' dir='ltr'><strong>petere,</strong></span> <span class='ocrx_word' id='word_1_43' title='bbox 2007 1235 2065 1279; x_wconf 91' lang='lat' dir='ltr'><strong>ut</strong></span> <span class='ocrx_word' id='word_1_44' title='bbox 2110 1240 2232 1280; x_wconf 91' lang='lat' dir='ltr'><strong>cum</strong></span> 
     </span>
    </p>
   </div>
   <div class='ocr_carea' id='block_1_10' title="bbox 1924 378 2638 446">
    <p class='ocr_par' dir='ltr' id='par_1_10' title="bbox 1924 378 2638 446">
     <span class='ocr_line' id='line_1_10' title="bbox 1924 378 2638 446; baseline -0.003 -1"><span class='ocrx_word' id='word_1_45' title='bbox 1924 387 2023 446; x_wconf 76' lang='grc' dir='ltr'><strong>ΤΗ</strong></span> <span class='ocrx_word' id='word_1_46' title='bbox 2036 383 2197 444; x_wconf 80' lang='lat' dir='ltr'><strong>EUD.</strong></span> <span class='ocrx_word' id='word_1_47' title='bbox 2240 378 2330 436; x_wconf 86' lang='lat' dir='ltr'><strong>BA</strong></span> <span class='ocrx_word' id='word_1_48' title='bbox 2340 378 2638 443; x_wconf 79' lang='lat' dir='ltr'><strong>LSAMON</strong></span> 
     </span>
    </p>
   </div>
   <div class='ocr_carea' id='block_1_11' title="bbox 1621 488 2606 556">
    <p class='ocr_par' dir='ltr' id='par_1_11' title="bbox 1621 488 2606 556">
     <span class='ocr_line' id='line_1_11' title="bbox 1621 488 2606 556; baseline -0.009 -5"><span class='ocrx_word' id='word_1_49' title='bbox 1621 499 1957 556; x_wconf 78' lang='lat' dir='ltr'><strong>inferuntur,</strong></span> <span class='ocrx_word' id='word_1_50' title='bbox 2023 497 2241 550; x_wconf 82' lang='lat' dir='ltr'><strong>assidue</strong></span> <span class='ocrx_word' id='word_1_51' title='bbox 2273 493 2318 546; x_wconf 85' lang='grc' dir='ltr'><strong>Α</strong></span> <span class='ocrx_word' id='word_1_52' title='bbox 2349 488 2606 555; x_wconf 77' lang='grc' dir='ltr'><strong>ἀδικίαις,</strong></span> 
     </span>
    </p>
   </div>
   <div class='ocr_carea' id='block_1_12' title="bbox 1427 587 2236 656">
    <p class='ocr_par' dir='ltr' id='par_1_12' title="bbox 1427 587 2236 656">
     <span class='ocr_line' id='line_1_12' title="bbox 1427 587 2236 656; baseline -0.005 -14"><span class='ocrx_word' id='word_1_53' title='bbox 1427 591 1527 643; x_wconf 90' lang='lat' dir='ltr'><strong>boc</strong></span> <span class='ocrx_word' id='word_1_54' title='bbox 1575 600 1680 653; x_wconf 84' lang='lat' dir='ltr'><strong>est,</strong></span> <span class='ocrx_word' id='word_1_55' title='bbox 1722 589 1790 643; x_wconf 92' lang='lat' dir='ltr'><strong>ob</strong></span> <span class='ocrx_word' id='word_1_56' title='bbox 1847 603 2109 656; x_wconf 80' lang='lat' dir='ltr'><strong>pauperes</strong></span> <span class='ocrx_word' id='word_1_57' title='bbox 2170 587 2236 638; x_wconf 88' lang='lat' dir='ltr'><strong>ad</strong></span> 
     </span>
    </p>
   </div>
   <div class='ocr_carea' id='block_1_13' title="bbox 674 678 2238 752">
    <p class='ocr_par' dir='ltr' id='par_1_13' title="bbox 674 678 2238 752">
     <span class='ocr_line' id='line_1_13' title="bbox 674 678 2238 752; baseline -0.001 -18"><span class='ocrx_word' id='word_1_58' title='bbox 674 683 844 748; x_wconf 82' lang='lat' dir='ltr'><strong>ipsam</strong></span> <span class='ocrx_word' id='word_1_59' title='bbox 875 682 1276 752; x_wconf 81' lang='lat' dir='ltr'><strong>confugientes,</strong></span> <span class='ocrx_word' id='word_1_60' title='bbox 1308 694 1471 750; x_wconf 89' lang='lat' dir='ltr'><strong>atque</strong></span> <span class='ocrx_word' id='word_1_61' title='bbox 1521 681 1592 735; x_wconf 83' lang='lat' dir='ltr'><strong>ab</strong></span> <span class='ocrx_word' id='word_1_62' title='bbox 1625 697 1686 733; x_wconf 85' lang='lat' dir='ltr'><strong>ea</strong></span> <span class='ocrx_word' id='word_1_63' title='bbox 1721 680 1824 733; x_wconf 87' lang='lat' dir='ltr'><strong>sibi</strong></span> <span class='ocrx_word' id='word_1_64' title='bbox 1859 695 2014 748; x_wconf 89' lang='lat' dir='ltr'><strong>opem</strong></span> <span class='ocrx_word' id='word_1_65' title='bbox 2047 678 2238 747; x_wconf 86' lang='lat' dir='ltr'><strong>implo-</strong></span> 
     </span>
    </p>
   </div>
   <div class='ocr_carea' id='block_1_14' title="bbox 3804 373 3902 439">
    <p class='ocr_par' dir='ltr' id='par_1_14' title="bbox 3804 373 3902 439">
     <span class='ocr_line' id='line_1_14' title="bbox 3804 373 3902 439; baseline 0.051 -5"><span class='ocrx_word' id='word_1_66' title='bbox 3804 373 3902 439; x_wconf 74' lang='lat'><strong>283</strong></span> 
     </span>
    </p>
   </div>
   <div class='ocr_carea' id='block_1_15' title="bbox 2705 487 3898 559">
    <p class='ocr_par' dir='ltr' id='par_1_15' title="bbox 2705 487 3898 559">
     <span class='ocr_line' id='line_1_15' title="bbox 2705 487 3898 559; baseline 0 -16"><span class='ocrx_word' id='word_1_67' title='bbox 2705 489 2968 559; x_wconf 80' lang='grc' dir='ltr'><strong>διηνεκῶς</strong></span> <span class='ocrx_word' id='word_1_68' title='bbox 3045 489 3444 559; x_wconf 78' lang='grc' dir='ltr'>παρενοχλῆται</span> <span class='ocrx_word' id='word_1_69' title='bbox 3515 489 3550 559; x_wconf 75' lang='grc' dir='ltr'>ἠ</span> <span class='ocrx_word' id='word_1_70' title='bbox 3624 487 3898 559; x_wconf 78' lang='grc' dir='ltr'>ἐκκλησία.</span> 
     </span>
    </p>
   </div>
   <div class='ocr_carea' id='block_1_16' title="bbox 2342 579 3907 652">
    <p class='ocr_par' dir='ltr' id='par_1_16' title="bbox 2342 579 3907 652">
     <span class='ocr_line' id='line_1_16' title="bbox 2342 579 3907 652; baseline 0.004 -20"><span class='ocrx_word' id='word_1_71' title='bbox 2342 581 2510 649; x_wconf 71' lang='grc' dir='ltr'>ἤγουν</span> <span class='ocrx_word' id='word_1_72' title='bbox 2541 583 2789 652; x_wconf 74' lang='grc' dir='ltr'>ὀχλήσεις</span> <span class='ocrx_word' id='word_1_73' title='bbox 2825 581 2921 650; x_wconf 71' lang='grc' dir='ltr'><strong>ἔχῃ</strong></span> <span class='ocrx_word' id='word_1_74' title='bbox 2977 579 3085 632; x_wconf 87' lang='grc' dir='ltr'><strong>τῶν</strong></span> <span class='ocrx_word' id='word_1_75' title='bbox 3143 579 3515 652; x_wconf 78' lang='grc' dir='ltr'><strong>ἀδικουμένων</strong></span> <span class='ocrx_word' id='word_1_76' title='bbox 3580 581 3907 650; x_wconf 67' lang='grc' dir='ltr'><strong>προσιόντων</strong></span> 
     </span>
    </p>
   </div>
   <div class='ocr_carea' id='block_1_17' title="bbox 2343 672 3170 741">
    <p class='ocr_par' dir='ltr' id='par_1_17' title="bbox 2343 672 3170 741">
     <span class='ocr_line' id='line_1_17' title="bbox 2343 672 3170 741; baseline 0.001 -17"><span class='ocrx_word' id='word_1_77' title='bbox 2343 673 2438 726; x_wconf 82' lang='grc' dir='ltr'>καὶ</span> <span class='ocrx_word' id='word_1_78' title='bbox 2479 675 2786 741; x_wconf 75' lang='grc' dir='ltr'><strong>ζητούντων</strong></span> <span class='ocrx_word' id='word_1_79' title='bbox 2812 672 3170 730; x_wconf 81' lang='grc' dir='ltr'>ἐκδικεῖσθαι.</span> 
     </span>
    </p>
   </div>
   <div class='ocr_carea' id='block_1_18' title="bbox 2340 853 3901 927">
    <p class='ocr_par' dir='ltr' id='par_1_18' title="bbox 2340 853 3901 927">
     <span class='ocr_line' id='line_1_18' title="bbox 2340 853 3901 927; baseline 0.003 -23"><span class='ocrx_word' id='word_1_80' title='bbox 2340 853 2560 906; x_wconf 81' lang='grc' dir='ltr'><strong>ΔΡΙΣΤ.</strong></span> <span class='ocrx_word' id='word_1_81' title='bbox 2631 872 2648 904; x_wconf 80' lang='grc' dir='ltr'><strong>ι</strong></span> <span class='ocrx_word' id='word_1_82' title='bbox 2695 855 2810 907; x_wconf 89' lang='grc' dir='ltr'>Ἰνα</span> <span class='ocrx_word' id='word_1_83' title='bbox 2868 853 2943 926; x_wconf 74' lang='grc' dir='ltr'>μὴ</span> <span class='ocrx_word' id='word_1_84' title='bbox 3010 857 3038 908; x_wconf 81' lang='grc' dir='ltr'><strong>ό</strong></span> <span class='ocrx_word' id='word_1_85' title='bbox 3094 855 3391 919; x_wconf 71' lang='grc' dir='ltr'><strong>ἐπίσκοπος</strong></span> <span class='ocrx_word' id='word_1_86' title='bbox 3469 855 3901 927; x_wconf 60' lang='grc' dir='ltr'>παρενοχλῖπαι,</span> 
     </span>
    </p>
   </div>
   <div class='ocr_carea' id='block_1_19' title="bbox 2824 947 3428 1002">
    <p class='ocr_par' dir='ltr' id='par_1_19' title="bbox 2824 947 3428 1002">
     <span class='ocr_line' id='line_1_19' title="bbox 2824 947 3428 1002; baseline 0.002 -4"><span class='ocrx_word' id='word_1_87' title='bbox 2824 965 2842 998; x_wconf 81' lang='grc' dir='ltr'><strong>ι</strong></span> <span class='ocrx_word' id='word_1_88' title='bbox 2889 947 3132 1002; x_wconf 77' lang='grc' dir='ltr'>εστωσαν</span> <span class='ocrx_word' id='word_1_89' title='bbox 3160 948 3382 1002; x_wconf 74' lang='grc' dir='ltr'>ἐκδικοι.</span> <span class='ocrx_word' id='word_1_90' title='bbox 3409 967 3428 999; x_wconf 71' lang='grc' dir='ltr'><strong>ι</strong></span> 
     </span>
    </p>
   </div>
   <div class='ocr_carea' id='block_1_20' title="bbox 2410 1036 3900 1108">
    <p class='ocr_par' dir='ltr' id='par_1_20' title="bbox 2410 1036 3900 1108">
     <span class='ocr_line' id='line_1_20' title="bbox 2410 1036 3900 1108; baseline 0.002 -21"><span class='ocrx_word' id='word_1_91' title='bbox 2410 1036 2530 1088; x_wconf 81' lang='grc' dir='ltr'>Τῶν</span> <span class='ocrx_word' id='word_1_92' title='bbox 2570 1039 2817 1105; x_wconf 84' lang='grc' dir='ltr'>πενήνων</span> <span class='ocrx_word' id='word_1_93' title='bbox 2843 1038 2996 1107; x_wconf 86' lang='grc' dir='ltr'>παρὰ</span> <span class='ocrx_word' id='word_1_94' title='bbox 3063 1039 3172 1090; x_wconf 89' lang='grc' dir='ltr'><strong>τῶν</strong></span> <span class='ocrx_word' id='word_1_95' title='bbox 3204 1039 3592 1108; x_wconf 70' lang='grc' dir='ltr'><strong>δυνατωτέρων</strong></span> <span class='ocrx_word' id='word_1_96' title='bbox 3634 1039 3900 1103; x_wconf 84' lang='grc' dir='ltr'>κακώσεις</span> 
     </span>
    </p>
   </div>
   <div class='ocr_carea' id='block_1_21' title="bbox 2338 1127 3904 1195">
    <p class='ocr_par' dir='ltr' id='par_1_21' title="bbox 2338 1127 3904 1195">
     <span class='ocr_line' id='line_1_21' title="bbox 2338 1127 3904 1195; baseline 0.003 -16"><span class='ocrx_word' id='word_1_97' title='bbox 2338 1127 2748 1194; x_wconf 78' lang='grc' dir='ltr'>ὑφισταμένων,</span> <span class='ocrx_word' id='word_1_98' title='bbox 2799 1132 2890 1181; x_wconf 74' lang='grc' dir='ltr'>καὶ</span> <span class='ocrx_word' id='word_1_99' title='bbox 2920 1130 3012 1184; x_wconf 75' lang='grc' dir='ltr'><strong>ὑπ’</strong></span> <span class='ocrx_word' id='word_1_100' title='bbox 3044 1131 3557 1195; x_wconf 38' lang='grc' dir='ltr'>αὐτῶνέδιάταύτας</span> <span class='ocrx_word' id='word_1_101' title='bbox 3612 1133 3723 1186; x_wconf 89' lang='grc' dir='ltr'><strong>τῶν</strong></span> <span class='ocrx_word' id='word_1_102' title='bbox 3789 1134 3904 1185; x_wconf 85' lang='grc' dir='ltr'>ἐπι-</span> 
     </span>
    </p>
   </div>
   <div class='ocr_carea' id='block_1_22' title="bbox 2338 1220 3902 1293">
    <p class='ocr_par' dir='ltr' id='par_1_22' title="bbox 2338 1220 3902 1293">
     <span class='ocr_line' id='line_1_22' title="bbox 2338 1220 3902 1293; baseline 0.006 -24"><span class='ocrx_word' id='word_1_103' title='bbox 2338 1221 2559 1270; x_wconf 75' lang='grc' dir='ltr'>σκόπων</span> <span class='ocrx_word' id='word_1_104' title='bbox 2590 1220 3018 1288; x_wconf 69' lang='grc' dir='ltr'>ἐνοχλουμᾶνων,</span> <span class='ocrx_word' id='word_1_105' title='bbox 3073 1220 3215 1284; x_wconf 75' lang='grc' dir='ltr'>ἔδοξε</span> <span class='ocrx_word' id='word_1_106' title='bbox 3258 1225 3324 1291; x_wconf 76' lang='grc' dir='ltr'>τῇ</span> <span class='ocrx_word' id='word_1_107' title='bbox 3370 1223 3574 1293; x_wconf 83' lang='grc' dir='ltr'>συνόδῳ</span> <span class='ocrx_word' id='word_1_108' title='bbox 3620 1226 3684 1278; x_wconf 78' lang='grc' dir='ltr'><strong>ἐκ</strong></span> <span class='ocrx_word' id='word_1_109' title='bbox 3750 1225 3902 1293; x_wconf 82' lang='grc' dir='ltr'>βασι-</span> 
     </span>
    </p>
   </div>
   <div class='ocr_carea' id='block_1_23' title="bbox 664 1311 2216 1390">
    <p class='ocr_par' dir='ltr' id='par_1_23' title="bbox 664 1320 2216 1390">
     <span class='ocr_line' id='line_1_23' title="bbox 664 1320 2216 1390; baseline -0.001 -20"><span class='ocrx_word' id='word_1_110' title='bbox 664 1320 1043 1387; x_wconf 79' lang='lat' dir='ltr'><strong>episc0porum</strong></span> <span class='ocrx_word' id='word_1_111' title='bbox 1109 1322 1447 1386; x_wconf 79' lang='lat' dir='ltr'><strong>providentia</strong></span> <span class='ocrx_word' id='word_1_112' title='bbox 1494 1321 1768 1390; x_wconf 76' lang='lat' dir='ltr'><strong>eligantur</strong></span> <span class='ocrx_word' id='word_1_113' title='bbox 1807 1320 2143 1379; x_wconf 79' lang='lat' dir='ltr'><strong>defensores,</strong></span> <span class='ocrx_word' id='word_1_114' title='bbox 2177 1332 2216 1369; x_wconf 52' lang='grc' dir='ltr'><strong>ιιι</strong></span> 
     </span>
    </p>
   </div>
   <div class='ocr_carea' id='block_1_24' title="bbox 2323 1311 3902 1390">
    <p class='ocr_par' dir='ltr' id='par_1_24' title="bbox 2335 1311 3902 1386">
     <span class='ocr_line' id='line_1_24' title="bbox 2335 1311 3902 1386; baseline 0.004 -24"><span class='ocrx_word' id='word_1_115' title='bbox 2335 1311 2470 1371; x_wconf 77' lang='grc' dir='ltr'>λέως</span> <span class='ocrx_word' id='word_1_116' title='bbox 2501 1311 2720 1378; x_wconf 76' lang='grc' dir='ltr'>αἰτῆσαι</span> <span class='ocrx_word' id='word_1_117' title='bbox 2743 1313 2883 1381; x_wconf 74' lang='grc' dir='ltr'>μετὰ</span> <span class='ocrx_word' id='word_1_118' title='bbox 2938 1313 3037 1383; x_wconf 83' lang='grc' dir='ltr'>τῆς</span> <span class='ocrx_word' id='word_1_119' title='bbox 3096 1314 3206 1366; x_wconf 89' lang='grc' dir='ltr'><strong>τῶν</strong></span> <span class='ocrx_word' id='word_1_120' title='bbox 3256 1317 3580 1368; x_wconf 83' lang='grc' dir='ltr'>ἐπισκόπων</span> <span class='ocrx_word' id='word_1_121' title='bbox 3649 1317 3902 1386; x_wconf 76' lang='grc' dir='ltr'><strong>προνοίας</strong></span> 
     </span>
    </p>
   </div>
   <div class='ocr_carea' id='block_1_25' title="bbox 665 1409 2228 1478">
    <p class='ocr_par' dir='ltr' id='par_1_25' title="bbox 665 1409 2228 1478">
     <span class='ocr_line' id='line_1_25' title="bbox 665 1409 2228 1478; baseline 0.002 -19"><span class='ocrx_word' id='word_1_122' title='bbox 665 1409 890 1461; x_wconf 81' lang='lat' dir='ltr'><strong>divitum</strong></span> <span class='ocrx_word' id='word_1_123' title='bbox 925 1411 1197 1478; x_wconf 81' lang='lat' dir='ltr'><strong>tyrannidi</strong></span> <span class='ocrx_word' id='word_1_124' title='bbox 1247 1412 1526 1472; x_wconf 79' lang='lat' dir='ltr'><strong>resistant,</strong></span> <span class='ocrx_word' id='word_1_125' title='bbox 1565 1421 1618 1462; x_wconf 91' lang='lat' dir='ltr'><strong>et</strong></span> <span class='ocrx_word' id='word_1_126' title='bbox 1677 1410 1938 1478; x_wconf 82' lang='lat' dir='ltr'><strong>episcopi,</strong></span> <span class='ocrx_word' id='word_1_127' title='bbox 1968 1420 2228 1476; x_wconf 87' lang='lat' dir='ltr'><strong>quantum</strong></span> 
     </span>
    </p>
   </div>
   <div class='ocr_carea' id='block_1_26' title="bbox 663 1501 1718 1571">
    <p class='ocr_par' dir='ltr' id='par_1_26' title="bbox 663 1501 1718 1571">
     <span class='ocr_line' id='line_1_26' title="bbox 663 1501 1718 1571; baseline 0.008 -24"><span class='ocrx_word' id='word_1_128' title='bbox 663 1502 729 1550; x_wconf 78' lang='lat' dir='ltr'><strong>ad</strong></span> <span class='ocrx_word' id='word_1_129' title='bbox 771 1514 886 1563; x_wconf 84' lang='lat' dir='ltr'><strong>eos,</strong></span> <span class='ocrx_word' id='word_1_130' title='bbox 921 1501 1037 1555; x_wconf 90' lang='lat' dir='ltr'><strong>sine</strong></span> <span class='ocrx_word' id='word_1_131' title='bbox 1063 1503 1307 1556; x_wconf 88' lang='lat' dir='ltr'><strong>molestia</strong></span> <span class='ocrx_word' id='word_1_132' title='bbox 1341 1513 1718 1571; x_wconf 73' lang='lat' dir='ltr'><strong>permaneant.</strong></span> 
     </span>
    </p>
   </div>
   <div class='ocr_carea' id='block_1_27' title="bbox 1187 1680 1696 1736">
    <p class='ocr_par' dir='ltr' id='par_1_27' title="bbox 1187 1680 1696 1736">
     <span class='ocr_line' id='line_1_27' title="bbox 1187 1680 1696 1736; baseline 0.01 -4"><span class='ocrx_word' id='word_1_133' title='bbox 1187 1680 1416 1735; x_wconf 71' lang='lat' dir='ltr'><strong>CANON</strong></span> <span class='ocrx_word' id='word_1_134' title='bbox 1461 1681 1696 1736; x_wconf 72' lang='lat' dir='ltr'><strong>LXXIX.</strong></span> 
     </span>
    </p>
   </div>
   <div class='ocr_carea' id='block_1_28' title="bbox 664 1765 2221 1838">
    <p class='ocr_par' dir='ltr' id='par_1_28' title="bbox 664 1765 2221 1838">
     <span class='ocr_line' id='line_1_28' title="bbox 664 1765 2221 1838; baseline 0.007 -21"><span class='ocrx_word' id='word_1_135' title='bbox 664 1781 684 1810; x_wconf 79' lang='grc' dir='ltr'><strong>ι</strong></span> <span class='ocrx_word' id='word_1_136' title='bbox 729 1765 798 1818; x_wconf 86' lang='lat' dir='ltr'><strong>De</strong></span> <span class='ocrx_word' id='word_1_137' title='bbox 818 1767 1103 1831; x_wconf 80' lang='lat' dir='ltr'><strong>episcopis,</strong></span> <span class='ocrx_word' id='word_1_138' title='bbox 1138 1771 1230 1837; x_wconf 92' lang='lat' dir='ltr'><strong>qui</strong></span> <span class='ocrx_word' id='word_1_139' title='bbox 1257 1773 1306 1822; x_wconf 93' lang='lat' dir='ltr'><strong>in</strong></span> <span class='ocrx_word' id='word_1_140' title='bbox 1336 1775 1559 1838; x_wconf 86' lang='lat' dir='ltr'><strong>synodis</strong></span> <span class='ocrx_word' id='word_1_141' title='bbox 1579 1789 1634 1825; x_wconf 90' lang='lat' dir='ltr'><strong>se</strong></span> <span class='ocrx_word' id='word_1_142' title='bbox 1665 1790 1767 1826; x_wconf 93' lang='lat' dir='ltr'><strong>non</strong></span> <span class='ocrx_word' id='word_1_143' title='bbox 1801 1775 2018 1829; x_wconf 88' lang='lat' dir='ltr'><strong>sistunt.</strong></span> <span class='ocrx_word' id='word_1_144' title='bbox 2057 1777 2221 1830; x_wconf 88' lang='lat' dir='ltr'><strong>Simi-</strong></span> 
     </span>
    </p>
   </div>
   <div class='ocr_carea' id='block_1_29' title="bbox 733 1856 2217 1935">
    <p class='ocr_par' dir='ltr' id='par_1_29' title="bbox 733 1856 2217 1935">
     <span class='ocr_line' id='line_1_29' title="bbox 733 1856 2217 1935; baseline 0.009 -29"><span class='ocrx_word' id='word_1_145' title='bbox 733 1873 751 1906; x_wconf 81' lang='grc' dir='ltr'><strong>ι</strong></span> <span class='ocrx_word' id='word_1_146' title='bbox 796 1856 919 1909; x_wconf 87' lang='lat' dir='ltr'><strong>liter</strong></span> <span class='ocrx_word' id='word_1_147' title='bbox 950 1859 1172 1922; x_wconf 81' lang='lat' dir='ltr'><strong>placuit,</strong></span> <span class='ocrx_word' id='word_1_148' title='bbox 1230 1873 1286 1912; x_wconf 90' lang='lat' dir='ltr'><strong>ut</strong></span> <span class='ocrx_word' id='word_1_149' title='bbox 1321 1865 1751 1934; x_wconf 83' lang='lat' dir='ltr'><strong>quotiescunque</strong></span> <span class='ocrx_word' id='word_1_150' title='bbox 1779 1868 2045 1935; x_wconf 80' lang='lat' dir='ltr'><strong>synodum</strong></span> <span class='ocrx_word' id='word_1_151' title='bbox 2089 1882 2217 1919; x_wconf 88' lang='lat' dir='ltr'><strong>con-</strong></span> 
     </span>
    </p>
   </div>
   <div class='ocr_carea' id='block_1_30' title="bbox 743 1949 2225 2023">
    <p class='ocr_par' dir='ltr' id='par_1_30' title="bbox 743 1949 2225 2023">
     <span class='ocr_line' id='line_1_30' title="bbox 743 1949 2225 2023; baseline 0.013 -28"><span class='ocrx_word' id='word_1_152' title='bbox 743 1965 759 1995; x_wconf 81' lang='lat' dir='ltr'><strong>t</strong></span> <span class='ocrx_word' id='word_1_153' title='bbox 800 1949 985 2001; x_wconf 91' lang='lat' dir='ltr'><strong>venire</strong></span> <span class='ocrx_word' id='word_1_154' title='bbox 1031 1951 1358 2015; x_wconf 87' lang='lat' dir='ltr'><strong>oportuerit,</strong></span> <span class='ocrx_word' id='word_1_155' title='bbox 1393 1956 1657 2023; x_wconf 81' lang='lat' dir='ltr'><strong>episcopi,</strong></span> <span class='ocrx_word' id='word_1_156' title='bbox 1684 1957 1771 2023; x_wconf 86' lang='lat' dir='ltr'><strong>qui</strong></span> <span class='ocrx_word' id='word_1_157' title='bbox 1807 1974 1903 2010; x_wconf 90' lang='lat' dir='ltr'><strong>nec</strong></span> <span class='ocrx_word' id='word_1_158' title='bbox 1944 1969 2225 2014; x_wconf 85' lang='lat' dir='ltr'><strong>senectute</strong></span> 
     </span>
    </p>
   </div>
   <div class='ocr_carea' id='block_1_31' title="bbox 739 2040 2228 2113">
    <p class='ocr_par' dir='ltr' id='par_1_31' title="bbox 739 2040 2228 2113">
     <span class='ocr_line' id='line_1_31' title="bbox 739 2040 2228 2113; baseline 0.007 -22"><span class='ocrx_word' id='word_1_159' title='bbox 739 2055 754 2085; x_wconf 78' lang='grc' dir='ltr'><strong>ι</strong></span> <span class='ocrx_word' id='word_1_160' title='bbox 796 2053 895 2092; x_wconf 88' lang='lat' dir='ltr'><strong>nec</strong></span> <span class='ocrx_word' id='word_1_161' title='bbox 927 2040 1292 2096; x_wconf 84' lang='lat' dir='ltr'><strong>imbecillitate</strong></span> <span class='ocrx_word' id='word_1_162' title='bbox 1317 2057 1413 2096; x_wconf 91' lang='lat' dir='ltr'><strong>nec</strong></span> <span class='ocrx_word' id='word_1_163' title='bbox 1436 2044 1537 2097; x_wconf 87' lang='lat' dir='ltr'><strong>ulla</strong></span> <span class='ocrx_word' id='word_1_164' title='bbox 1563 2047 1880 2113; x_wconf 75' lang='lat' dir='ltr'><strong>gravissima</strong></span> <span class='ocrx_word' id='word_1_165' title='bbox 1909 2051 2228 2102; x_wconf 83' lang='lat' dir='ltr'><strong>necessitate</strong></span> 
     </span>
    </p>
   </div>
   <div class='ocr_carea' id='block_1_32' title="bbox 738 2130 2227 2203">
    <p class='ocr_par' dir='ltr' id='par_1_32' title="bbox 738 2130 2227 2203">
     <span class='ocr_line' id='line_1_32' title="bbox 738 2130 2227 2203; baseline 0.011 -25"><span class='ocrx_word' id='word_1_166' title='bbox 738 2148 754 2178; x_wconf 81' lang='grc' dir='ltr'><strong>ι</strong></span> <span class='ocrx_word' id='word_1_167' title='bbox 793 2130 1183 2198; x_wconf 88' lang='lat' dir='ltr'><strong>impediuntur,</strong></span> <span class='ocrx_word' id='word_1_168' title='bbox 1228 2145 1286 2187; x_wconf 91' lang='lat' dir='ltr'><strong>ut</strong></span> <span class='ocrx_word' id='word_1_169' title='bbox 1346 2151 1442 2202; x_wconf 85' lang='lat' dir='ltr'><strong>par</strong></span> <span class='ocrx_word' id='word_1_170' title='bbox 1473 2148 1581 2196; x_wconf 82' lang='lat' dir='ltr'><strong>est,</strong></span> <span class='ocrx_word' id='word_1_171' title='bbox 1636 2153 1693 2190; x_wconf 90' lang='lat' dir='ltr'><strong>se</strong></span> <span class='ocrx_word' id='word_1_172' title='bbox 1745 2139 1977 2203; x_wconf 86' lang='lat' dir='ltr'><strong>sistant;</strong></span> <span class='ocrx_word' id='word_1_173' title='bbox 2011 2151 2063 2192; x_wconf 90' lang='lat' dir='ltr'><strong>et</strong></span> <span class='ocrx_word' id='word_1_174' title='bbox 2116 2155 2227 2194; x_wconf 65' lang='lat' dir='ltr'><strong>sua</strong></span> 
     </span>
    </p>
   </div>
   <div class='ocr_carea' id='block_1_33' title="bbox 731 2218 2226 2291">
    <p class='ocr_par' dir='ltr' id='par_1_33' title="bbox 731 2218 2226 2291">
     <span class='ocr_line' id='line_1_33' title="bbox 731 2218 2226 2291; baseline 0.012 -25"><span class='ocrx_word' id='word_1_175' title='bbox 731 2236 748 2266; x_wconf 79' lang='grc' dir='ltr'><strong>ι</strong></span> <span class='ocrx_word' id='word_1_176' title='bbox 790 2218 1053 2287; x_wconf 85' lang='lat' dir='ltr'><strong>cujusque</strong></span> <span class='ocrx_word' id='word_1_177' title='bbox 1100 2223 1390 2288; x_wconf 67' lang='lat' dir='ltr'><strong>provincia:</strong></span> <span class='ocrx_word' id='word_1_178' title='bbox 1464 2228 1785 2291; x_wconf 89' lang='lat' dir='ltr'><strong>primatibus</strong></span> <span class='ocrx_word' id='word_1_179' title='bbox 1854 2233 1917 2282; x_wconf 90' lang='lat' dir='ltr'><strong>de</strong></span> <span class='ocrx_word' id='word_1_180' title='bbox 1976 2232 2226 2284; x_wconf 88' lang='lat' dir='ltr'><strong>omnibus</strong></span> 
     </span>
    </p>
   </div>
   <div class='ocr_carea' id='block_1_34' title="bbox 733 2311 2226 2382">
    <p class='ocr_par' dir='ltr' id='par_1_34' title="bbox 733 2311 2226 2382">
     <span class='ocr_line' id='line_1_34' title="bbox 733 2311 2226 2382; baseline 0.011 -24"><span class='ocrx_word' id='word_1_181' title='bbox 733 2328 750 2358; x_wconf 81' lang='grc' dir='ltr'><strong>ε</strong></span> <span class='ocrx_word' id='word_1_182' title='bbox 790 2311 1058 2380; x_wconf 82' lang='lat' dir='ltr'><strong>episcopis</strong></span> <span class='ocrx_word' id='word_1_183' title='bbox 1085 2313 1449 2382; x_wconf 76' lang='lat' dir='ltr'><strong>signiﬁcetur.</strong></span> <span class='ocrx_word' id='word_1_184' title='bbox 1488 2318 1604 2370; x_wconf 85' lang='lat' dir='ltr'><strong>sive</strong></span> <span class='ocrx_word' id='word_1_185' title='bbox 1633 2319 1750 2372; x_wconf 74' lang='lat' dir='ltr'><strong>dua:</strong></span> <span class='ocrx_word' id='word_1_186' title='bbox 1808 2319 1923 2373; x_wconf 89' lang='lat' dir='ltr'><strong>sive</strong></span> <span class='ocrx_word' id='word_1_187' title='bbox 1952 2330 2062 2375; x_wconf 91' lang='lat' dir='ltr'><strong>tres</strong></span> <span class='ocrx_word' id='word_1_188' title='bbox 2095 2322 2226 2375; x_wconf 83' lang='lat' dir='ltr'><strong>ﬁant</strong></span> 
     </span>
    </p>
   </div>
   <div class='ocr_carea' id='block_1_35' title="bbox 730 2405 2225 2478">
    <p class='ocr_par' dir='ltr' id='par_1_35' title="bbox 730 2405 2225 2478">
     <span class='ocr_line' id='line_1_35' title="bbox 730 2405 2225 2478; baseline 0.011 -28"><span class='ocrx_word' id='word_1_189' title='bbox 730 2419 748 2450; x_wconf 76' lang='grc' dir='ltr'><strong>ι</strong></span> <span class='ocrx_word' id='word_1_190' title='bbox 787 2405 1236 2473; x_wconf 71' lang='lat' dir='ltr'><strong>congregationes</strong></span> <span class='ocrx_word' id='word_1_191' title='bbox 1267 2424 1279 2458; x_wconf 92' lang='lat'><strong>:</strong></span> <span class='ocrx_word' id='word_1_192' title='bbox 1312 2417 1364 2461; x_wconf 91' lang='lat' dir='ltr'><strong>et</strong></span> <span class='ocrx_word' id='word_1_193' title='bbox 1395 2423 1456 2460; x_wconf 77' lang='lat' dir='ltr'><strong>ex</strong></span> <span class='ocrx_word' id='word_1_194' title='bbox 1509 2425 1832 2478; x_wconf 86' lang='lat' dir='ltr'><strong>unoquoque</strong></span> <span class='ocrx_word' id='word_1_195' title='bbox 1877 2428 2101 2468; x_wconf 88' lang='lat' dir='ltr'><strong>numero</strong></span> <span class='ocrx_word' id='word_1_196' title='bbox 2144 2414 2225 2469; x_wconf 85' lang='lat' dir='ltr'><strong>vi-</strong></span> 
     </span>
    </p>
   </div>
   <div class='ocr_carea' id='block_1_36' title="bbox 732 2495 2226 2575">
    <p class='ocr_par' dir='ltr' id='par_1_36' title="bbox 732 2495 2226 2575">
     <span class='ocr_line' id='line_1_36' title="bbox 732 2495 2226 2575; baseline 0.011 -33"><span class='ocrx_word' id='word_1_197' title='bbox 732 2511 749 2542; x_wconf 78' lang='grc' dir='ltr'><strong>ι</strong></span> <span class='ocrx_word' id='word_1_198' title='bbox 782 2495 990 2558; x_wconf 84' lang='lat' dir='ltr'><strong>cissim,</strong></span> <span class='ocrx_word' id='word_1_199' title='bbox 1044 2499 1357 2566; x_wconf 91' lang='lat' dir='ltr'><strong>quicunque</strong></span> <span class='ocrx_word' id='word_1_200' title='bbox 1388 2499 1546 2552; x_wconf 86' lang='lat' dir='ltr'><strong>electi</strong></span> <span class='ocrx_word' id='word_1_201' title='bbox 1583 2501 1808 2565; x_wconf 79' lang='lat' dir='ltr'><strong>iuerint,</strong></span> <span class='ocrx_word' id='word_1_202' title='bbox 1862 2504 1927 2556; x_wconf 87' lang='lat' dir='ltr'><strong>ad</strong></span> <span class='ocrx_word' id='word_1_203' title='bbox 1961 2505 2102 2558; x_wconf 85' lang='lat' dir='ltr'><strong>diem</strong></span> <span class='ocrx_word' id='word_1_204' title='bbox 2137 2521 2226 2575; x_wconf 81' lang='lat' dir='ltr'><strong>sy-</strong></span> 
     </span>
    </p>
   </div>
   <div class='ocr_carea' id='block_1_37' title="bbox 723 2587 2224 2655">
    <p class='ocr_par' dir='ltr' id='par_1_37' title="bbox 723 2587 2224 2655">
     <span class='ocr_line' id='line_1_37' title="bbox 723 2587 2224 2655; baseline 0.015 -22"><span class='ocrx_word' id='word_1_205' title='bbox 723 2601 742 2632; x_wconf 79' lang='grc' dir='ltr'><strong>ι</strong></span> <span class='ocrx_word' id='word_1_206' title='bbox 783 2587 905 2638; x_wconf 89' lang='lat' dir='ltr'><strong>nodi</strong></span> <span class='ocrx_word' id='word_1_207' title='bbox 959 2588 1355 2644; x_wconf 86' lang='lat' dir='ltr'><strong>instantissime</strong></span> <span class='ocrx_word' id='word_1_208' title='bbox 1414 2606 1471 2644; x_wconf 91' lang='lat' dir='ltr'><strong>se</strong></span> <span class='ocrx_word' id='word_1_209' title='bbox 1535 2593 1746 2646; x_wconf 87' lang='lat' dir='ltr'><strong>sistant.</strong></span> <span class='ocrx_word' id='word_1_210' title='bbox 1803 2595 1895 2648; x_wconf 92' lang='lat' dir='ltr'><strong>Sin</strong></span> <span class='ocrx_word' id='word_1_211' title='bbox 1955 2610 2133 2652; x_wconf 87' lang='lat' dir='ltr'><strong>autem</strong></span> <span class='ocrx_word' id='word_1_212' title='bbox 2167 2615 2224 2655; x_wconf 74' lang='lat' dir='ltr'><strong>se</strong></span> 
     </span>
    </p>
   </div>
   <div class='ocr_carea' id='block_1_38' title="bbox 730 2675 2223 2756">
    <p class='ocr_par' dir='ltr' id='par_1_38' title="bbox 730 2675 2223 2756">
     <span class='ocr_line' id='line_1_38' title="bbox 730 2675 2223 2756; baseline 0.013 -31"><span class='ocrx_word' id='word_1_213' title='bbox 730 2688 752 2725; x_wconf 76' lang='grc' dir='ltr'><strong>ι</strong></span> <span class='ocrx_word' id='word_1_214' title='bbox 788 2675 978 2729; x_wconf 88' lang='lat' dir='ltr'><strong>sistere</strong></span> <span class='ocrx_word' id='word_1_215' title='bbox 1010 2694 1112 2732; x_wconf 92' lang='lat' dir='ltr'><strong>non</strong></span> <span class='ocrx_word' id='word_1_216' title='bbox 1146 2682 1373 2748; x_wconf 84' lang='lat' dir='ltr'><strong>possint,</strong></span> <span class='ocrx_word' id='word_1_217' title='bbox 1409 2699 1530 2736; x_wconf 90' lang='lat' dir='ltr'><strong>cum</strong></span> <span class='ocrx_word' id='word_1_218' title='bbox 1562 2687 1742 2738; x_wconf 72' lang='lat' dir='ltr'><strong>multa:</strong></span> <span class='ocrx_word' id='word_1_219' title='bbox 1778 2688 1938 2740; x_wconf 89' lang='lat' dir='ltr'><strong>simul</strong></span> <span class='ocrx_word' id='word_1_220' title='bbox 1986 2691 2066 2756; x_wconf 80' lang='lat' dir='ltr'><strong>(ut</strong></span> <span class='ocrx_word' id='word_1_221' title='bbox 2098 2706 2223 2744; x_wconf 87' lang='lat' dir='ltr'><strong>cre-</strong></span> 
     </span>
    </p>
   </div>
   <div class='ocr_carea' id='block_1_39' title="bbox 732 2768 2220 2836">
    <p class='ocr_par' dir='ltr' id='par_1_39' title="bbox 732 2768 2220 2836">
     <span class='ocr_line' id='line_1_39' title="bbox 732 2768 2220 2836; baseline 0.013 -19"><span class='ocrx_word' id='word_1_222' title='bbox 732 2785 751 2818; x_wconf 78' lang='grc' dir='ltr'><strong>ε</strong></span> <span class='ocrx_word' id='word_1_223' title='bbox 791 2768 950 2822; x_wconf 91' lang='lat' dir='ltr'><strong>dibile</strong></span> <span class='ocrx_word' id='word_1_224' title='bbox 998 2770 1100 2836; x_wconf 87' lang='lat' dir='ltr'><strong>est)</strong></span> <span class='ocrx_word' id='word_1_225' title='bbox 1151 2772 1472 2826; x_wconf 80' lang='lat' dir='ltr'><strong>exoriantur</strong></span> <span class='ocrx_word' id='word_1_226' title='bbox 1545 2780 1945 2834; x_wconf 78' lang='lat' dir='ltr'><strong>necessitates:</strong></span> <span class='ocrx_word' id='word_1_227' title='bbox 2002 2781 2102 2833; x_wconf 90' lang='lat' dir='ltr'><strong>nisi</strong></span> <span class='ocrx_word' id='word_1_228' title='bbox 2140 2782 2220 2836; x_wconf 87' lang='lat' dir='ltr'><strong>sui</strong></span> 
     </span>
    </p>
   </div>
   <div class='ocr_carea' id='block_1_40' title="bbox 733 2863 2220 2938">
    <p class='ocr_par' dir='ltr' id='par_1_40' title="bbox 733 2863 2220 2938">
     <span class='ocr_line' id='line_1_40' title="bbox 733 2863 2220 2938; baseline 0.011 -26"><span class='ocrx_word' id='word_1_229' title='bbox 733 2880 750 2912; x_wconf 81' lang='grc' dir='ltr'><strong>ι</strong></span> <span class='ocrx_word' id='word_1_230' title='bbox 791 2863 1154 2931; x_wconf 84' lang='lat' dir='ltr'><strong>impedimenti</strong></span> <span class='ocrx_word' id='word_1_231' title='bbox 1187 2866 1446 2920; x_wconf 88' lang='lat' dir='ltr'><strong>rationem</strong></span> <span class='ocrx_word' id='word_1_232' title='bbox 1494 2883 1591 2921; x_wconf 86' lang='lat' dir='ltr'><strong>suo</strong></span> <span class='ocrx_word' id='word_1_233' title='bbox 1632 2872 1841 2933; x_wconf 82' lang='lat' dir='ltr'><strong>primati</strong></span> <span class='ocrx_word' id='word_1_234' title='bbox 1868 2872 2220 2938; x_wconf 88' lang='lat' dir='ltr'><strong>reddiderint,</strong></span> 
     </span>
    </p>
   </div>
   <div class='ocr_carea' id='block_1_41' title="bbox 732 2953 2224 3016">
    <p class='ocr_par' dir='ltr' id='par_1_41' title="bbox 732 2953 2224 3016">
     <span class='ocr_line' id='line_1_41' title="bbox 732 2953 2224 3016; baseline 0.01 -15"><span class='ocrx_word' id='word_1_235' title='bbox 732 2969 750 3001; x_wconf 80' lang='grc' dir='ltr'><strong>ι</strong></span> <span class='ocrx_word' id='word_1_236' title='bbox 795 2953 1018 3006; x_wconf 85' lang='lat' dir='ltr'><strong>debeant</strong></span> <span class='ocrx_word' id='word_1_237' title='bbox 1048 2953 1081 3006; x_wconf 88' lang='lat' dir='ltr'><strong>ii</strong></span> <span class='ocrx_word' id='word_1_238' title='bbox 1118 2969 1225 3007; x_wconf 56' lang='lat' dir='ltr'><strong>sua!</strong></span> <span class='ocrx_word' id='word_1_239' title='bbox 1249 2967 1369 3009; x_wconf 74' lang='lat' dir='ltr'><strong>esse</strong></span> <span class='ocrx_word' id='word_1_240' title='bbox 1422 2958 1661 3011; x_wconf 71' lang='lat' dir='ltr'><strong>ecclesiae</strong></span> <span class='ocrx_word' id='word_1_241' title='bbox 1689 2960 2066 3015; x_wconf 78' lang='lat' dir='ltr'><strong>communione</strong></span> <span class='ocrx_word' id='word_1_242' title='bbox 2093 2977 2224 3016; x_wconf 92' lang='lat' dir='ltr'><strong>con-</strong></span> 
     </span>
    </p>
   </div>
   <div class='ocr_carea' id='block_1_42' title="bbox 734 3045 998 3097">
    <p class='ocr_par' dir='ltr' id='par_1_42' title="bbox 734 3045 998 3097">
     <span class='ocr_line' id='line_1_42' title="bbox 734 3045 998 3097; baseline 0.004 -2"><span class='ocrx_word' id='word_1_243' title='bbox 734 3063 750 3095; x_wconf 84' lang='lat' dir='ltr'><strong>t</strong></span> <span class='ocrx_word' id='word_1_244' title='bbox 788 3045 938 3097; x_wconf 84' lang='lat' dir='ltr'><strong>lculi.</strong></span> <span class='ocrx_word' id='word_1_245' title='bbox 981 3066 998 3096; x_wconf 75' lang='grc' dir='ltr'><strong>ι</strong></span> 
     </span>
    </p>
   </div>
   <div class='ocr_carea' id='block_1_43' title="bbox 2337 1403 3902 1474">
    <p class='ocr_par' dir='ltr' id='par_1_43' title="bbox 2337 1403 3902 1474">
     <span class='ocr_line' id='line_1_43' title="bbox 2337 1403 3902 1474; baseline 0.006 -20"><span class='ocrx_word' id='word_1_246' title='bbox 2337 1403 2658 1472; x_wconf 85' lang='grc' dir='ltr'>ἐπιλεγῆναι</span> <span class='ocrx_word' id='word_1_247' title='bbox 2689 1405 2956 1468; x_wconf 73' lang='grc' dir='ltr'>ἐκδίκους,</span> <span class='ocrx_word' id='word_1_248' title='bbox 2995 1407 3083 1459; x_wconf 77' lang='grc' dir='ltr'>ἵνα</span> <span class='ocrx_word' id='word_1_249' title='bbox 3121 1408 3263 1461; x_wconf 74' lang='grc' dir='ltr'>κατὰ</span> <span class='ocrx_word' id='word_1_250' title='bbox 3313 1407 3414 1474; x_wconf 76' lang='grc' dir='ltr'>τῆς</span> <span class='ocrx_word' id='word_1_251' title='bbox 3467 1409 3576 1462; x_wconf 86' lang='grc' dir='ltr'><strong>τῶν</strong></span> <span class='ocrx_word' id='word_1_252' title='bbox 3633 1409 3902 1463; x_wconf 86' lang='grc' dir='ltr'>πλουσίων</span> 
     </span>
    </p>
   </div>
   <div class='ocr_carea' id='block_1_44' title="bbox 2335 1495 3902 1560">
    <p class='ocr_par' dir='ltr' id='par_1_44' title="bbox 2335 1495 3902 1560">
     <span class='ocr_line' id='line_1_44' title="bbox 2335 1495 3902 1560; baseline 0.006 -16"><span class='ocrx_word' id='word_1_253' title='bbox 2335 1495 2657 1560; x_wconf 80' lang='grc' dir='ltr'>τυραννίδος</span> <span class='ocrx_word' id='word_1_254' title='bbox 2688 1496 3070 1558; x_wconf 79' lang='grc' dir='ltr'>ἁνθιστῶνται,</span> <span class='ocrx_word' id='word_1_255' title='bbox 3112 1502 3205 1550; x_wconf 81' lang='grc' dir='ltr'>καὶ</span> <span class='ocrx_word' id='word_1_256' title='bbox 3251 1502 3296 1551; x_wconf 88' lang='lat' dir='ltr'><strong>ol</strong></span> <span class='ocrx_word' id='word_1_257' title='bbox 3343 1499 3630 1553; x_wconf 83' lang='grc' dir='ltr'>ἐπίσκοποι</span> <span class='ocrx_word' id='word_1_258' title='bbox 3658 1503 3781 1554; x_wconf 83' lang='grc' dir='ltr'>ὅσον</span> <span class='ocrx_word' id='word_1_259' title='bbox 3814 1503 3902 1554; x_wconf 74' lang='grc' dir='ltr'>ἐπὶ</span> 
     </span>
    </p>
   </div>
   <div class='ocr_carea' id='block_1_45' title="bbox 2331 1581 3209 1656">
    <p class='ocr_par' dir='ltr' id='par_1_45' title="bbox 2331 1581 3209 1656">
     <span class='ocr_line' id='line_1_45' title="bbox 2331 1581 3209 1656; baseline 0.009 -22"><span class='ocrx_word' id='word_1_260' title='bbox 2331 1581 2544 1647; x_wconf 75' lang='grc' dir='ltr'>τούτοις</span> <span class='ocrx_word' id='word_1_261' title='bbox 2575 1585 2922 1656; x_wconf 76' lang='grc' dir='ltr'>ἀνενύχλητοι</span> <span class='ocrx_word' id='word_1_262' title='bbox 2954 1589 3209 1655; x_wconf 81' lang='grc' dir='ltr'>μένωσιν.</span> 
     </span>
    </p>
   </div>
   <div class='ocr_carea' id='block_1_46' title="bbox 2877 1676 3270 1731">
    <p class='ocr_par' dir='ltr' id='par_1_46' title="bbox 2877 1676 3270 1731">
     <span class='ocr_line' id='line_1_46' title="bbox 2877 1676 3270 1731; baseline 0.008 -3"><span class='ocrx_word' id='word_1_263' title='bbox 2877 1676 3112 1728; x_wconf 79' lang='grc' dir='ltr'><strong>ΚΑΝΩΝ</strong></span> <span class='ocrx_word' id='word_1_264' title='bbox 3146 1677 3270 1731; x_wconf 75' lang='grc'><strong>08⁸.</strong></span> 
     </span>
    </p>
   </div>
   <div class='ocr_carea' id='block_1_47' title="bbox 2338 1765 3902 1836">
    <p class='ocr_par' dir='ltr' id='par_1_47' title="bbox 2338 1765 3902 1836">
     <span class='ocr_line' id='line_1_47' title="bbox 2338 1765 3902 1836; baseline 0.008 -21"><span class='ocrx_word' id='word_1_265' title='bbox 2338 1781 2356 1815; x_wconf 84' lang='lat' dir='ltr'><strong>t</strong></span> <span class='ocrx_word' id='word_1_266' title='bbox 2383 1765 2518 1834; x_wconf 80' lang='grc' dir='ltr'>Περὶ</span> <span class='ocrx_word' id='word_1_267' title='bbox 2557 1765 2668 1818; x_wconf 89' lang='grc' dir='ltr'><strong>τῶν</strong></span> <span class='ocrx_word' id='word_1_268' title='bbox 2714 1769 2786 1836; x_wconf 80' lang='grc' dir='ltr'>μὴ</span> <span class='ocrx_word' id='word_1_269' title='bbox 2832 1767 3192 1822; x_wconf 77' lang='grc' dir='ltr'>ἀπαντώντων</span> <span class='ocrx_word' id='word_1_270' title='bbox 3215 1770 3272 1821; x_wconf 83' lang='grc' dir='ltr'><strong>ἐν</strong></span> <span class='ocrx_word' id='word_1_271' title='bbox 3297 1773 3413 1834; x_wconf 75' lang='grc' dir='ltr'>ταῖς</span> <span class='ocrx_word' id='word_1_272' title='bbox 3433 1773 3666 1834; x_wconf 84' lang='grc' dir='ltr'>συνόδοις</span> <span class='ocrx_word' id='word_1_273' title='bbox 3683 1777 3902 1827; x_wconf 80' lang='grc' dir='ltr'>ἐπισκό-</span> 
     </span>
    </p>
   </div>
   <div class='ocr_carea' id='block_1_48' title="bbox 2407 1859 3897 1933">
    <p class='ocr_par' dir='ltr' id='par_1_48' title="bbox 2407 1859 3897 1933">
     <span class='ocr_line' id='line_1_48' title="bbox 2407 1859 3897 1933; baseline 0.005 -25"><span class='ocrx_word' id='word_1_274' title='bbox 2407 1875 2425 1908; x_wconf 83' lang='lat' dir='ltr'><strong>t</strong></span> <span class='ocrx_word' id='word_1_275' title='bbox 2467 1874 2604 1910; x_wconf 87' lang='grc' dir='ltr'>πων.</span> <span class='ocrx_word' id='word_1_276' title='bbox 2643 1859 2875 1928; x_wconf 79' lang='grc' dir='ltr'>Ὁμοίως</span> <span class='ocrx_word' id='word_1_277' title='bbox 2906 1863 3122 1931; x_wconf 73' lang='grc' dir='ltr'>ἧρεσεν,</span> <span class='ocrx_word' id='word_1_278' title='bbox 3154 1862 3240 1915; x_wconf 75' lang='grc' dir='ltr'>ἵνα</span> <span class='ocrx_word' id='word_1_279' title='bbox 3265 1863 3660 1933; x_wconf 79' lang='grc' dir='ltr'>όσακισδήποτε</span> <span class='ocrx_word' id='word_1_280' title='bbox 3687 1866 3897 1918; x_wconf 81' lang='grc' dir='ltr'>σύνοδον</span> 
     </span>
    </p>
   </div>
   <div class='ocr_carea' id='block_1_49' title="bbox 2421 1949 3901 2027">
    <p class='ocr_par' dir='ltr' id='par_1_49' title="bbox 2421 1949 3901 2027">
     <span class='ocr_line' id='line_1_49' title="bbox 2421 1949 3901 2027; baseline 0.007 -28"><span class='ocrx_word' id='word_1_281' title='bbox 2421 1967 2438 1998; x_wconf 83' lang='grc' dir='ltr'><strong>ι</strong></span> <span class='ocrx_word' id='word_1_282' title='bbox 2478 1949 2558 2000; x_wconf 80' lang='grc' dir='ltr'>δεῖ</span> <span class='ocrx_word' id='word_1_283' title='bbox 2585 1950 2938 2019; x_wconf 79' lang='grc' dir='ltr'>συναχθῆναι,</span> <span class='ocrx_word' id='word_1_284' title='bbox 2965 1955 3016 2006; x_wconf 85' lang='lat' dir='ltr'><strong>ol.</strong></span> <span class='ocrx_word' id='word_1_285' title='bbox 3035 1953 3347 2022; x_wconf 87' lang='grc' dir='ltr'>ἐπίσκοποι,</span> <span class='ocrx_word' id='word_1_286' title='bbox 3375 1956 3570 2017; x_wconf 69' lang='grc' dir='ltr'>οἵτινες</span> <span class='ocrx_word' id='word_1_287' title='bbox 3588 1956 3713 2009; x_wconf 75' lang='grc' dir='ltr'>οὔτε</span> <span class='ocrx_word' id='word_1_288' title='bbox 3744 1958 3901 2027; x_wconf 77' lang='grc' dir='ltr'>κείρᾳ</span> 
     </span>
    </p>
   </div>
   <div class='ocr_carea' id='block_1_50' title="bbox 2404 2039 3904 2120">
    <p class='ocr_par' dir='ltr' id='par_1_50' title="bbox 2404 2039 3904 2120">
     <span class='ocr_line' id='line_1_50' title="bbox 2404 2039 3904 2120; baseline 0.008 -30"><span class='ocrx_word' id='word_1_289' title='bbox 2404 2057 2422 2089; x_wconf 78' lang='grc' dir='ltr'><strong>ι</strong></span> <span class='ocrx_word' id='word_1_290' title='bbox 2455 2039 2578 2093; x_wconf 79' lang='grc' dir='ltr'>οὔτε</span> <span class='ocrx_word' id='word_1_291' title='bbox 2605 2043 2858 2115; x_wconf 80' lang='grc' dir='ltr'>ἀσθενείᾳ</span> <span class='ocrx_word' id='word_1_292' title='bbox 2889 2044 3012 2099; x_wconf 75' lang='grc' dir='ltr'>οὔτε</span> <span class='ocrx_word' id='word_1_293' title='bbox 3051 2047 3159 2100; x_wconf 72' lang='grc' dir='ltr'>τινὶ</span> <span class='ocrx_word' id='word_1_294' title='bbox 3189 2047 3464 2120; x_wconf 75' lang='grc' dir='ltr'>βαρυτέρᾳ</span> <span class='ocrx_word' id='word_1_295' title='bbox 3497 2050 3712 2120; x_wconf 77' lang='grc' dir='ltr'><strong>ἀνάγκῃ</strong></span> <span class='ocrx_word' id='word_1_296' title='bbox 3736 2050 3904 2118; x_wconf 76' lang='grc' dir='ltr'>ἐμπο-</span> 
     </span>
    </p>
   </div>
   <div class='ocr_carea' id='block_1_51' title="bbox 2406 2133 3906 2212">
    <p class='ocr_par' dir='ltr' id='par_1_51' title="bbox 2406 2133 3906 2212">
     <span class='ocr_line' id='line_1_51' title="bbox 2406 2133 3906 2212; baseline 0.008 -28"><span class='ocrx_word' id='word_1_297' title='bbox 2406 2151 2426 2184; x_wconf 79' lang='grc'><em>‹</em></span> <span class='ocrx_word' id='word_1_298' title='bbox 2463 2133 2697 2196; x_wconf 75' lang='grc' dir='ltr'>δίζονται</span> <span class='ocrx_word' id='word_1_299' title='bbox 2722 2137 2994 2206; x_wconf 80' lang='grc' dir='ltr'>ἁρμοδίως</span> <span class='ocrx_word' id='word_1_300' title='bbox 3013 2140 3344 2205; x_wconf 77' lang='grc' dir='ltr'>ἀπαντῶσιν,</span> <span class='ocrx_word' id='word_1_301' title='bbox 3363 2142 3455 2193; x_wconf 80' lang='grc' dir='ltr'>καὶ</span> <span class='ocrx_word' id='word_1_302' title='bbox 3474 2143 3584 2203; x_wconf 80' lang='grc' dir='ltr'>τοῖς</span> <span class='ocrx_word' id='word_1_303' title='bbox 3597 2141 3906 2212; x_wconf 83' lang='grc' dir='ltr'>πρωτεύου-</span> 
     </span>
    </p>
   </div>
   <div class='ocr_carea' id='block_1_52' title="bbox 2403 2229 3895 2304">
    <p class='ocr_par' dir='ltr' id='par_1_52' title="bbox 2403 2229 3895 2304">
     <span class='ocr_line' id='line_1_52' title="bbox 2403 2229 3895 2304; baseline 0.005 -26"><span class='ocrx_word' id='word_1_304' title='bbox 2403 2246 2421 2278; x_wconf 79' lang='grc' dir='ltr'><strong>ι</strong></span> <span class='ocrx_word' id='word_1_305' title='bbox 2461 2244 2545 2279; x_wconf 88' lang='grc' dir='ltr'><strong>σιν</strong></span> <span class='ocrx_word' id='word_1_306' title='bbox 2571 2229 2806 2297; x_wconf 68' lang='grc' dir='ltr'>ἑκάστης</span> <span class='ocrx_word' id='word_1_307' title='bbox 2838 2229 2974 2292; x_wconf 78' lang='grc' dir='ltr'>ιδίας</span> <span class='ocrx_word' id='word_1_308' title='bbox 3008 2231 3186 2283; x_wconf 82' lang='grc' dir='ltr'>αὐτῶν</span> <span class='ocrx_word' id='word_1_309' title='bbox 3229 2233 3500 2300; x_wconf 78' lang='grc' dir='ltr'>ἐπαρχίας</span> <span class='ocrx_word' id='word_1_310' title='bbox 3538 2234 3895 2304; x_wconf 80' lang='grc' dir='ltr'>ἐμφανισθείη</span> 
     </span>
    </p>
   </div>
   <div class='ocr_carea' id='block_1_53' title="bbox 2403 2321 3901 2394">
    <p class='ocr_par' dir='ltr' id='par_1_53' title="bbox 2403 2321 3901 2394">
     <span class='ocr_line' id='line_1_53' title="bbox 2403 2321 3901 2394; baseline 0.005 -25"><span class='ocrx_word' id='word_1_311' title='bbox 2403 2336 2421 2370; x_wconf 84' lang='lat' dir='ltr'><strong>t</strong></span> <span class='ocrx_word' id='word_1_312' title='bbox 2468 2323 2594 2388; x_wconf 66' lang='grc' dir='ltr'>περὶ</span> <span class='ocrx_word' id='word_1_313' title='bbox 2622 2321 2838 2373; x_wconf 77' lang='grc' dir='ltr'>πάντων</span> <span class='ocrx_word' id='word_1_314' title='bbox 2856 2321 2962 2374; x_wconf 86' lang='grc' dir='ltr'><strong>τῶν</strong></span> <span class='ocrx_word' id='word_1_315' title='bbox 2991 2322 3332 2388; x_wconf 82' lang='grc' dir='ltr'>ἐπισκόπων,</span> <span class='ocrx_word' id='word_1_316' title='bbox 3362 2325 3470 2376; x_wconf 79' lang='grc' dir='ltr'>είτε</span> <span class='ocrx_word' id='word_1_317' title='bbox 3497 2325 3588 2376; x_wconf 92' lang='grc' dir='ltr'><strong>δύο</strong></span> <span class='ocrx_word' id='word_1_318' title='bbox 3617 2327 3727 2378; x_wconf 73' lang='grc' dir='ltr'>εἴτε</span> <span class='ocrx_word' id='word_1_319' title='bbox 3755 2328 3901 2394; x_wconf 77' lang='grc' dir='ltr'>τρεῖς</span> 
     </span>
    </p>
   </div>
   <div class='ocr_carea' id='block_1_54' title="bbox 2404 2411 3900 2481">
    <p class='ocr_par' dir='ltr' id='par_1_54' title="bbox 2404 2411 3900 2481">
     <span class='ocr_line' id='line_1_54' title="bbox 2404 2411 3900 2481; baseline 0.007 -21"><span class='ocrx_word' id='word_1_320' title='bbox 2404 2427 2422 2460; x_wconf 80' lang='grc' dir='ltr'><strong>ι</strong></span> <span class='ocrx_word' id='word_1_321' title='bbox 2465 2411 2841 2480; x_wconf 82' lang='grc' dir='ltr'>συναθροίσεις</span> <span class='ocrx_word' id='word_1_322' title='bbox 2909 2413 3174 2481; x_wconf 79' lang='grc' dir='ltr'>γένωνται</span> <span class='ocrx_word' id='word_1_323' title='bbox 3221 2431 3235 2446; x_wconf 76' lang='grc' dir='ltr'><strong>ο</strong></span> <span class='ocrx_word' id='word_1_324' title='bbox 3287 2415 3383 2467; x_wconf 82' lang='grc' dir='ltr'>καὶ</span> <span class='ocrx_word' id='word_1_325' title='bbox 3435 2416 3543 2468; x_wconf 73' lang='grc' dir='ltr'>ἀπὸ</span> <span class='ocrx_word' id='word_1_326' title='bbox 3587 2417 3819 2471; x_wconf 65' lang='grc' dir='ltr'>ἑκάστου</span> <span class='ocrx_word' id='word_1_327' title='bbox 3845 2417 3900 2471; x_wconf 69' lang='grc' dir='ltr'><strong>δέ</strong></span> 
     </span>
    </p>
   </div>
   <div class='ocr_carea' id='block_1_55' title="bbox 2402 2499 3899 2575">
    <p class='ocr_par' dir='ltr' id='par_1_55' title="bbox 2402 2499 3899 2575">
     <span class='ocr_line' id='line_1_55' title="bbox 2402 2499 3899 2575; baseline 0.007 -26"><span class='ocrx_word' id='word_1_328' title='bbox 2402 2515 2421 2548; x_wconf 77' lang='grc' dir='ltr'><strong>ι</strong></span> <span class='ocrx_word' id='word_1_329' title='bbox 2465 2499 2698 2567; x_wconf 83' lang='grc' dir='ltr'>ἀριθμοῦ</span> <span class='ocrx_word' id='word_1_330' title='bbox 2729 2503 2804 2564; x_wconf 82' lang='grc' dir='ltr'><strong>είς</strong></span> <span class='ocrx_word' id='word_1_331' title='bbox 2826 2501 3059 2570; x_wconf 73' lang='grc' dir='ltr'>ἀμοιϐὴν</span> <span class='ocrx_word' id='word_1_332' title='bbox 3089 2502 3407 2573; x_wconf 79' lang='grc' dir='ltr'>δσοιδήποτε</span> <span class='ocrx_word' id='word_1_333' title='bbox 3436 2505 3734 2572; x_wconf 87' lang='grc' dir='ltr'>ἐπιλεγῶσι</span> <span class='ocrx_word' id='word_1_334' title='bbox 3767 2508 3899 2575; x_wconf 75' lang='grc' dir='ltr'>πρὸς</span> 
     </span>
    </p>
   </div>
   <div class='ocr_carea' id='block_1_56' title="bbox 2409 2590 3899 2666">
    <p class='ocr_par' dir='ltr' id='par_1_56' title="bbox 2409 2590 3899 2666">
     <span class='ocr_line' id='line_1_56' title="bbox 2409 2590 3899 2666; baseline 0.009 -27"><span class='ocrx_word' id='word_1_335' title='bbox 2409 2608 2427 2640; x_wconf 82' lang='grc' dir='ltr'><strong>ι</strong></span> <span class='ocrx_word' id='word_1_336' title='bbox 2461 2590 2558 2654; x_wconf 79' lang='grc' dir='ltr'><strong>τὴν</strong></span> <span class='ocrx_word' id='word_1_337' title='bbox 2574 2594 2786 2661; x_wconf 75' lang='grc' dir='ltr'>ἡμέραν</span> <span class='ocrx_word' id='word_1_338' title='bbox 2803 2592 2896 2660; x_wconf 83' lang='grc' dir='ltr'><strong>τῆς</strong></span> <span class='ocrx_word' id='word_1_339' title='bbox 2919 2593 3135 2644; x_wconf 87' lang='grc' dir='ltr'>συνόδου</span> <span class='ocrx_word' id='word_1_340' title='bbox 3153 2595 3480 2656; x_wconf 84' lang='grc' dir='ltr'>ἐνστατικῶς</span> <span class='ocrx_word' id='word_1_341' title='bbox 3495 2598 3706 2666; x_wconf 82' lang='grc' dir='ltr'>ἀπαντή</span> <span class='ocrx_word' id='word_1_342' title='bbox 3715 2615 3899 2658; x_wconf 87' lang='grc' dir='ltr'>σωσιν.</span> 
     </span>
    </p>
   </div>
   <div class='ocr_carea' id='block_1_57' title="bbox 2402 2686 3888 2759">
    <p class='ocr_par' dir='ltr' id='par_1_57' title="bbox 2402 2686 3888 2759">
     <span class='ocr_line' id='line_1_57' title="bbox 2402 2686 3888 2759; baseline 0.003 -21"><span class='ocrx_word' id='word_1_343' title='bbox 2402 2706 2419 2738; x_wconf 84' lang='lat' dir='ltr'><strong>t</strong></span> <span class='ocrx_word' id='word_1_344' title='bbox 2470 2687 2594 2739; x_wconf 76' lang='grc' dir='ltr'>Ἐὰν</span> <span class='ocrx_word' id='word_1_345' title='bbox 2617 2686 2671 2738; x_wconf 76' lang='grc' dir='ltr'><strong>δέ</strong></span> <span class='ocrx_word' id='word_1_346' title='bbox 2699 2687 2774 2755; x_wconf 82' lang='grc' dir='ltr'>μὴ</span> <span class='ocrx_word' id='word_1_347' title='bbox 2803 2687 3105 2755; x_wconf 77' lang='grc' dir='ltr'>δυνηθῶσιν</span> <span class='ocrx_word' id='word_1_348' title='bbox 3145 2688 3705 2759; x_wconf 79' lang='grc' dir='ltr'>ἀπαντῆσαι,ἀθρόων</span> <span class='ocrx_word' id='word_1_349' title='bbox 3726 2691 3888 2744; x_wconf 90' lang='grc' dir='ltr'>τινῶν</span> 
     </span>
    </p>
   </div>
   <div class='ocr_carea' id='block_1_58' title="bbox 2403 2779 3898 2854">
    <p class='ocr_par' dir='ltr' id='par_1_58' title="bbox 2403 2779 3898 2854">
     <span class='ocr_line' id='line_1_58' title="bbox 2403 2779 3898 2854; baseline 0.006 -26"><span class='ocrx_word' id='word_1_350' title='bbox 2403 2797 2419 2828; x_wconf 82' lang='grc' dir='ltr'><strong>ι</strong></span> <span class='ocrx_word' id='word_1_351' title='bbox 2459 2779 2734 2845; x_wconf 82' lang='grc' dir='ltr'>ἀναγκῶν,</span> <span class='ocrx_word' id='word_1_352' title='bbox 2759 2779 2832 2840; x_wconf 81' lang='grc' dir='ltr'>ὡς</span> <span class='ocrx_word' id='word_1_353' title='bbox 2850 2781 3020 2842; x_wconf 64' lang='grc' dir='ltr'>είκῆς,</span> <span class='ocrx_word' id='word_1_354' title='bbox 3036 2780 3450 2849; x_wconf 69' lang='grc' dir='ltr'>ἀναφυομένων,</span> <span class='ocrx_word' id='word_1_355' title='bbox 3470 2783 3519 2833; x_wconf 82' lang='grc' dir='ltr'><strong>εί</strong></span> <span class='ocrx_word' id='word_1_356' title='bbox 3537 2783 3610 2851; x_wconf 82' lang='grc' dir='ltr'>μὴ</span> <span class='ocrx_word' id='word_1_357' title='bbox 3633 2782 3898 2854; x_wconf 69' lang='grc' dir='ltr'>τὸνβόγον</span> 
     </span>
    </p>
   </div>
   <div class='ocr_carea' id='block_1_59' title="bbox 2399 2874 3900 2950">
    <p class='ocr_par' dir='ltr' id='par_1_59' title="bbox 2399 2874 3900 2950">
     <span class='ocr_line' id='line_1_59' title="bbox 2399 2874 3900 2950; baseline 0.004 -24"><span class='ocrx_word' id='word_1_358' title='bbox 2399 2893 2418 2926; x_wconf 78' lang='grc' dir='ltr'><strong>ε</strong></span> <span class='ocrx_word' id='word_1_359' title='bbox 2452 2874 2546 2927; x_wconf 83' lang='grc' dir='ltr'><strong>τοῦ</strong></span> <span class='ocrx_word' id='word_1_360' title='bbox 2584 2875 2786 2928; x_wconf 87' lang='grc' dir='ltr'>οίκείου</span> <span class='ocrx_word' id='word_1_361' title='bbox 2837 2875 3180 2943; x_wconf 81' lang='grc' dir='ltr'>ἐμποδισμοῦ</span> <span class='ocrx_word' id='word_1_362' title='bbox 3212 2877 3363 2947; x_wconf 81' lang='grc' dir='ltr'>παρὰ</span> <span class='ocrx_word' id='word_1_363' title='bbox 3393 2877 3471 2947; x_wconf 85' lang='grc' dir='ltr'><strong>τῷ</strong></span> <span class='ocrx_word' id='word_1_364' title='bbox 3513 2877 3702 2947; x_wconf 82' lang='grc' dir='ltr'>οίκείῳ</span> <span class='ocrx_word' id='word_1_365' title='bbox 3751 2895 3900 2950; x_wconf 83' lang='grc' dir='ltr'>πρω-</span> 
     </span>
    </p>
   </div>
   <div class='ocr_carea' id='block_1_60' title="bbox 2399 2965 3897 3040">
    <p class='ocr_par' dir='ltr' id='par_1_60' title="bbox 2399 2965 3897 3040">
     <span class='ocr_line' id='line_1_60' title="bbox 2399 2965 3897 3040; baseline 0.004 -24"><span class='ocrx_word' id='word_1_366' title='bbox 2399 2983 2418 3016; x_wconf 76' lang='grc' dir='ltr'><strong>ε</strong></span> <span class='ocrx_word' id='word_1_367' title='bbox 2459 2965 2670 3018; x_wconf 90' lang='grc' dir='ltr'>τεύοντι</span> <span class='ocrx_word' id='word_1_368' title='bbox 2692 2967 3070 3029; x_wconf 76' lang='grc' dir='ltr'>ἁποδὼσωσιν,</span> <span class='ocrx_word' id='word_1_369' title='bbox 3093 2967 3330 3032; x_wconf 75' lang='grc' dir='ltr'>ὀφείλειν</span> <span class='ocrx_word' id='word_1_370' title='bbox 3353 2969 3480 3030; x_wconf 86' lang='grc' dir='ltr'>τοὺς</span> <span class='ocrx_word' id='word_1_371' title='bbox 3527 2968 3802 3031; x_wconf 79' lang='grc' dir='ltr'>τοιούτους</span> <span class='ocrx_word' id='word_1_372' title='bbox 3834 2973 3897 3040; x_wconf 76' lang='grc' dir='ltr'>τῇ</span> 
     </span>
    </p>
   </div>
   <div class='ocr_carea' id='block_1_61' title="bbox 2405 3058 3896 3129">
    <p class='ocr_par' dir='ltr' id='par_1_61' title="bbox 2405 3058 3896 3129">
     <span class='ocr_line' id='line_1_61' title="bbox 2405 3058 3896 3129; baseline 0.004 -20"><span class='ocrx_word' id='word_1_373' title='bbox 2405 3077 2422 3108; x_wconf 83' lang='lat' dir='ltr'><strong>t</strong></span> <span class='ocrx_word' id='word_1_374' title='bbox 2480 3059 2742 3129; x_wconf 79' lang='grc' dir='ltr'>κοινωνίᾳ</span> <span class='ocrx_word' id='word_1_375' title='bbox 2769 3059 2868 3128; x_wconf 82' lang='grc' dir='ltr'>τῆς</span> <span class='ocrx_word' id='word_1_376' title='bbox 2893 3060 3028 3120; x_wconf 82' lang='grc' dir='ltr'>ἰδίας</span> <span class='ocrx_word' id='word_1_377' title='bbox 3067 3058 3248 3112; x_wconf 82' lang='grc' dir='ltr'>αὐτῶν</span> <span class='ocrx_word' id='word_1_378' title='bbox 3274 3060 3559 3129; x_wconf 71' lang='grc' dir='ltr'>ἀρκεῖσθαι</span> <span class='ocrx_word' id='word_1_379' title='bbox 3583 3062 3896 3129; x_wconf 80' lang='grc' dir='ltr'>ἐκκλησίας.</span> 
     </span>
    </p>
   </div>
   <div class='ocr_carea' id='block_1_62' title="bbox 722 3134 2216 3227">
    <p class='ocr_par' dir='ltr' id='par_1_62' title="bbox 722 3134 2205 3215">
     <span class='ocr_line' id='line_1_62' title="bbox 722 3134 2205 3215; baseline 0.009 -29"><span class='ocrx_word' id='word_1_380' title='bbox 722 3134 919 3188; x_wconf 70' lang='grc' dir='ltr'>ωιε.</span> <span class='ocrx_word' id='word_1_381' title='bbox 955 3135 1396 3207; x_wconf 84' lang='lat' dir='ltr'><strong>Uuiuscnjnsqne</strong></span> <span class='ocrx_word' id='word_1_382' title='bbox 1446 3141 1739 3207; x_wconf 70' lang='lat' dir='ltr'><strong>provinciae</strong></span> <span class='ocrx_word' id='word_1_383' title='bbox 1780 3143 2085 3211; x_wconf 84' lang='lat' dir='ltr'><strong>episcopus,</strong></span> <span class='ocrx_word' id='word_1_384' title='bbox 2118 3147 2205 3215; x_wconf 91' lang='lat' dir='ltr'><strong>qui</strong></span> 
     </span>
    </p>
   </div>
   <div class='ocr_carea' id='block_1_63' title="bbox 2323 3134 3900 3227">
    <p class='ocr_par' dir='ltr' id='par_1_63' title="bbox 2398 3149 3900 3227">
     <span class='ocr_line' id='line_1_63' title="bbox 2398 3149 3900 3227; baseline -0.001 -23"><span class='ocrx_word' id='word_1_385' title='bbox 2398 3151 2594 3205; x_wconf 77' lang='grc' dir='ltr'><strong>ΒΑΛΣ.</strong></span> <span class='ocrx_word' id='word_1_386' title='bbox 2677 3149 2815 3214; x_wconf 78' lang='grc' dir='ltr'>Τοὺς</span> <span class='ocrx_word' id='word_1_387' title='bbox 2901 3151 3233 3210; x_wconf 75' lang='grc' dir='ltr'>ἐπισκόπους</span> <span class='ocrx_word' id='word_1_388' title='bbox 3320 3150 3559 3227; x_wconf 52' lang='grc' dir='ltr'>ἐκᾲστης</span> <span class='ocrx_word' id='word_1_389' title='bbox 3633 3149 3900 3221; x_wconf 79' lang='grc' dir='ltr'>ἐπαρχίας</span> 
     </span>
    </p>
   </div>
   <div class='ocr_carea' id='block_1_64' title="bbox 653 3239 2216 3300">
    <p class='ocr_par' dir='ltr' id='par_1_64' title="bbox 653 3239 2216 3300">
     <span class='ocr_line' id='line_1_64' title="bbox 653 3239 2216 3300; baseline 0.008 -19"><span class='ocrx_word' id='word_1_390' title='bbox 653 3243 758 3281; x_wconf 80' lang='lat' dir='ltr'><strong>nan</strong></span> <span class='ocrx_word' id='word_1_391' title='bbox 786 3239 1006 3294; x_wconf 83' lang='lat' dir='ltr'><strong>propter</strong></span> <span class='ocrx_word' id='word_1_392' title='bbox 1031 3239 1243 3282; x_wconf 75' lang='lat' dir='ltr'><strong>aetatem</strong></span> <span class='ocrx_word' id='word_1_393' title='bbox 1276 3247 1369 3284; x_wconf 86' lang='lat' dir='ltr'><strong>seu</strong></span> <span class='ocrx_word' id='word_1_394' title='bbox 1402 3245 1712 3300; x_wconf 88' lang='lat' dir='ltr'><strong>provectam</strong></span> <span class='ocrx_word' id='word_1_395' title='bbox 1759 3245 2094 3291; x_wconf 79' lang='lat' dir='ltr'><strong>senectutem</strong></span> <span class='ocrx_word' id='word_1_396' title='bbox 2136 3241 2216 3294; x_wconf 89' lang='lat' dir='ltr'><strong>vel</strong></span> 
     </span>
    </p>
   </div>
   <div class='ocr_carea' id='block_1_65' title="bbox 654 3318 2216 3393">
    <p class='ocr_par' dir='ltr' id='par_1_65' title="bbox 654 3318 2216 3393">
     <span class='ocr_line' id='line_1_65' title="bbox 654 3318 2216 3393; baseline 0.01 -24"><span class='ocrx_word' id='word_1_397' title='bbox 654 3318 1025 3373; x_wconf 80' lang='lat' dir='ltr'><strong>valetudinem</strong></span> <span class='ocrx_word' id='word_1_398' title='bbox 1064 3321 1141 3372; x_wconf 85' lang='lat' dir='ltr'><strong>vel</strong></span> <span class='ocrx_word' id='word_1_399' title='bbox 1193 3321 1354 3372; x_wconf 86' lang='lat' dir='ltr'><strong>aliam</strong></span> <span class='ocrx_word' id='word_1_400' title='bbox 1413 3325 1792 3378; x_wconf 89' lang='lat' dir='ltr'><strong>necessitatem</strong></span> <span class='ocrx_word' id='word_1_401' title='bbox 1824 3327 2216 3393; x_wconf 84' lang='lat' dir='ltr'><strong>impediuntur.</strong></span> 
     </span>
    </p>
   </div>
   <div class='ocr_carea' id='block_1_66' title="bbox 653 3411 2214 3488">
    <p class='ocr_par' dir='ltr' id='par_1_66' title="bbox 653 3411 2214 3488">
     <span class='ocr_line' id='line_1_66' title="bbox 653 3411 2214 3488; baseline 0.007 -24"><span class='ocrx_word' id='word_1_402' title='bbox 653 3411 719 3464; x_wconf 86' lang='lat' dir='ltr'><strong>ad</strong></span> <span class='ocrx_word' id='word_1_403' title='bbox 756 3411 988 3465; x_wconf 86' lang='lat' dir='ltr'><strong>indictas</strong></span> <span class='ocrx_word' id='word_1_404' title='bbox 1048 3415 1283 3478; x_wconf 82' lang='lat' dir='ltr'><strong>synodos</strong></span> <span class='ocrx_word' id='word_1_405' title='bbox 1336 3415 1629 3468; x_wconf 87' lang='lat' dir='ltr'><strong>convenire</strong></span> <span class='ocrx_word' id='word_1_406' title='bbox 1679 3417 1766 3469; x_wconf 89' lang='lat' dir='ltr'><strong>hic</strong></span> <span class='ocrx_word' id='word_1_407' title='bbox 1815 3431 1986 3470; x_wconf 85' lang='lat' dir='ltr'><strong>canon</strong></span> <span class='ocrx_word' id='word_1_408' title='bbox 2017 3419 2214 3488; x_wconf 85' lang='lat' dir='ltr'><strong>jubet:</strong></span> 
     </span>
    </p>
   </div>
   <div class='ocr_carea' id='block_1_67' title="bbox 654 3503 2218 3579">
    <p class='ocr_par' dir='ltr' id='par_1_67' title="bbox 654 3503 2218 3579">
     <span class='ocr_line' id='line_1_67' title="bbox 654 3503 2218 3579; baseline 0.006 -23"><span class='ocrx_word' id='word_1_409' title='bbox 654 3513 707 3556; x_wconf 93' lang='lat' dir='ltr'><strong>et</strong></span> <span class='ocrx_word' id='word_1_410' title='bbox 745 3518 867 3556; x_wconf 92' lang='lat' dir='ltr'><strong>cum</strong></span> <span class='ocrx_word' id='word_1_411' title='bbox 904 3504 1212 3572; x_wconf 76' lang='lat' dir='ltr'><strong>congregati</strong></span> <span class='ocrx_word' id='word_1_412' title='bbox 1272 3503 1490 3567; x_wconf 81' lang='lat' dir='ltr'><strong>fuerint,</strong></span> <span class='ocrx_word' id='word_1_413' title='bbox 1547 3508 1962 3577; x_wconf 81' lang='lat' dir='ltr'><strong>metropolitano</strong></span> <span class='ocrx_word' id='word_1_414' title='bbox 1995 3513 2218 3579; x_wconf 87' lang='lat' dir='ltr'><strong>provin-</strong></span> 
     </span>
    </p>
   </div>
   <div class='ocr_carea' id='block_1_68' title="bbox 653 3595 2216 3669">
    <p class='ocr_par' dir='ltr' id='par_1_68' title="bbox 653 3595 2216 3669">
     <span class='ocr_line' id='line_1_68' title="bbox 653 3595 2216 3669; baseline 0.007 -23"><span class='ocrx_word' id='word_1_415' title='bbox 653 3595 768 3658; x_wconf 65' lang='lat' dir='ltr'><strong>ciae,</strong></span> <span class='ocrx_word' id='word_1_416' title='bbox 830 3597 879 3646; x_wconf 84' lang='lat' dir='ltr'><strong>iit</strong></span> <span class='ocrx_word' id='word_1_417' title='bbox 938 3610 1040 3663; x_wconf 88' lang='lat' dir='ltr'><strong>qua</strong></span> <span class='ocrx_word' id='word_1_418' title='bbox 1094 3607 1175 3650; x_wconf 87' lang='lat' dir='ltr'><strong>est</strong></span> <span class='ocrx_word' id='word_1_419' title='bbox 1235 3599 1605 3664; x_wconf 86' lang='lat' dir='ltr'><strong>unusquisque</strong></span> <span class='ocrx_word' id='word_1_420' title='bbox 1657 3600 1987 3669; x_wconf 77' lang='lat' dir='ltr'><strong>signiﬁcare,</strong></span> <span class='ocrx_word' id='word_1_421' title='bbox 2038 3615 2091 3657; x_wconf 82' lang='lat' dir='ltr'><strong>et</strong></span> <span class='ocrx_word' id='word_1_422' title='bbox 2154 3622 2216 3660; x_wconf 82' lang='lat' dir='ltr'><strong>ex</strong></span> 
     </span>
    </p>
   </div>
   <div class='ocr_carea' id='block_1_69' title="bbox 654 3691 2220 3755">
    <p class='ocr_par' dir='ltr' id='par_1_69' title="bbox 654 3691 2220 3755">
     <span class='ocr_line' id='line_1_69' title="bbox 654 3691 2220 3755; baseline 0.009 -19"><span class='ocrx_word' id='word_1_423' title='bbox 654 3701 979 3755; x_wconf 81' lang='lat' dir='ltr'><strong>unoquoque</strong></span> <span class='ocrx_word' id='word_1_424' title='bbox 1033 3703 1283 3747; x_wconf 86' lang='lat' dir='ltr'><strong>numero.</strong></span> <span class='ocrx_word' id='word_1_425' title='bbox 1323 3691 1437 3740; x_wconf 87' lang='lat' dir='ltr'><strong>sive</strong></span> <span class='ocrx_word' id='word_1_426' title='bbox 1485 3691 1603 3742; x_wconf 70' lang='lat' dir='ltr'><strong>dna:</strong></span> <span class='ocrx_word' id='word_1_427' title='bbox 1651 3692 1765 3744; x_wconf 88' lang='lat' dir='ltr'><strong>sive</strong></span> <span class='ocrx_word' id='word_1_428' title='bbox 1796 3701 1904 3747; x_wconf 87' lang='lat' dir='ltr'><strong>tres</strong></span> <span class='ocrx_word' id='word_1_429' title='bbox 1934 3694 2061 3747; x_wconf 86' lang='lat' dir='ltr'><strong>llant</strong></span> <span class='ocrx_word' id='word_1_430' title='bbox 2093 3711 2220 3750; x_wconf 86' lang='lat' dir='ltr'><strong>con-</strong></span> 
     </span>
    </p>
   </div>
   <div class='ocr_carea' id='block_1_70' title="bbox 651 3778 2218 3846">
    <p class='ocr_par' dir='ltr' id='par_1_70' title="bbox 651 3778 2218 3846">
     <span class='ocr_line' id='line_1_70' title="bbox 651 3778 2218 3846; baseline 0.01 -20"><span class='ocrx_word' id='word_1_431' title='bbox 651 3780 1014 3846; x_wconf 73' lang='lat' dir='ltr'><strong>gregatioues.</strong></span> <span class='ocrx_word' id='word_1_432' title='bbox 1044 3778 1232 3844; x_wconf 83' lang='lat' dir='ltr'><strong>(Forte</strong></span> <span class='ocrx_word' id='word_1_433' title='bbox 1260 3779 1426 3839; x_wconf 84' lang='lat' dir='ltr'><strong>enim,</strong></span> <span class='ocrx_word' id='word_1_434' title='bbox 1464 3793 1530 3832; x_wconf 89' lang='lat' dir='ltr'><strong>ne</strong></span> <span class='ocrx_word' id='word_1_435' title='bbox 1565 3780 1645 3832; x_wconf 91' lang='lat' dir='ltr'><strong>vel</strong></span> <span class='ocrx_word' id='word_1_436' title='bbox 1680 3783 1745 3835; x_wconf 92' lang='lat' dir='ltr'><strong>de</strong></span> <span class='ocrx_word' id='word_1_437' title='bbox 1790 3782 2218 3842; x_wconf 83' lang='lat' dir='ltr'><strong>habitationibus</strong></span> 
     </span>
    </p>
   </div>
   <div class='ocr_carea' id='block_1_71' title="bbox 651 3863 2214 3940">
    <p class='ocr_par' dir='ltr' id='par_1_71' title="bbox 651 3863 2214 3940">
     <span class='ocr_line' id='line_1_71' title="bbox 651 3863 2214 3940; baseline 0.01 -26"><span class='ocrx_word' id='word_1_438' title='bbox 651 3863 732 3918; x_wconf 89' lang='lat' dir='ltr'><strong>vel</strong></span> <span class='ocrx_word' id='word_1_439' title='bbox 765 3867 829 3917; x_wconf 89' lang='lat' dir='ltr'><strong>de</strong></span> <span class='ocrx_word' id='word_1_440' title='bbox 867 3867 1024 3918; x_wconf 84' lang='lat' dir='ltr'><strong>rebus</strong></span> <span class='ocrx_word' id='word_1_441' title='bbox 1049 3867 1368 3920; x_wconf 82' lang='lat' dir='ltr'><strong>necessariis</strong></span> <span class='ocrx_word' id='word_1_442' title='bbox 1392 3867 1442 3918; x_wconf 92' lang='lat' dir='ltr'><strong>in</strong></span> <span class='ocrx_word' id='word_1_443' title='bbox 1485 3870 1767 3935; x_wconf 79' lang='lat' dir='ltr'><strong>angustias</strong></span> <span class='ocrx_word' id='word_1_444' title='bbox 1793 3872 2214 3940; x_wconf 84' lang='lat' dir='ltr'><strong>adducerentur,</strong></span> 
     </span>
    </p>
   </div>
   <div class='ocr_carea' id='block_1_72' title="bbox 651 3959 2214 4032">
    <p class='ocr_par' dir='ltr' id='par_1_72' title="bbox 651 3959 2214 4032">
     <span class='ocr_line' id='line_1_72' title="bbox 651 3959 2214 4032; baseline 0.008 -22"><span class='ocrx_word' id='word_1_445' title='bbox 651 3972 754 4010; x_wconf 82' lang='lat' dir='ltr'><strong>non</strong></span> <span class='ocrx_word' id='word_1_446' title='bbox 818 3973 1004 4012; x_wconf 88' lang='lat' dir='ltr'><strong>omnes</strong></span> <span class='ocrx_word' id='word_1_447' title='bbox 1035 3959 1084 4012; x_wconf 89' lang='lat' dir='ltr'><strong>in</strong></span> <span class='ocrx_word' id='word_1_448' title='bbox 1118 3975 1277 4011; x_wconf 86' lang='lat' dir='ltr'><strong>uuam</strong></span> <span class='ocrx_word' id='word_1_449' title='bbox 1331 3959 1518 4010; x_wconf 90' lang='lat' dir='ltr'><strong>urbem</strong></span> <span class='ocrx_word' id='word_1_450' title='bbox 1574 3976 1980 4032; x_wconf 86' lang='lat' dir='ltr'><strong>convenerunt,</strong></span> <span class='ocrx_word' id='word_1_451' title='bbox 2017 3970 2110 4020; x_wconf 87' lang='lat' dir='ltr'><strong>sed</strong></span> <span class='ocrx_word' id='word_1_452' title='bbox 2163 3969 2214 4022; x_wconf 91' lang='lat' dir='ltr'><strong>iu</strong></span> 
     </span>
    </p>
   </div>
   <div class='ocr_carea' id='block_1_73' title="bbox 649 4050 2215 4130">
    <p class='ocr_par' dir='ltr' id='par_1_73' title="bbox 649 4050 2215 4130">
     <span class='ocr_line' id='line_1_73' title="bbox 649 4050 2215 4130; baseline 0.007 -28"><span class='ocrx_word' id='word_1_453' title='bbox 649 4050 784 4104; x_wconf 85' lang='lat' dir='ltr'><strong>duas</strong></span> <span class='ocrx_word' id='word_1_454' title='bbox 816 4051 896 4103; x_wconf 81' lang='lat' dir='ltr'><strong>vel</strong></span> <span class='ocrx_word' id='word_1_455' title='bbox 939 4061 1051 4107; x_wconf 89' lang='lat' dir='ltr'><strong>tres</strong></span> <span class='ocrx_word' id='word_1_456' title='bbox 1084 4060 1367 4126; x_wconf 79' lang='lat' dir='ltr'><strong>metmpoli</strong></span> <span class='ocrx_word' id='word_1_457' title='bbox 1402 4062 1780 4130; x_wconf 86' lang='lat' dir='ltr'><strong>propinquas).</strong></span> <span class='ocrx_word' id='word_1_458' title='bbox 1817 4060 2215 4114; x_wconf 86' lang='lat' dir='ltr'><strong>lnstantissime</strong></span> 
     </span>
    </p>
   </div>
   <div class='ocr_carea' id='block_1_74' title="bbox 651 4146 2214 4214">
    <p class='ocr_par' dir='ltr' id='par_1_74' title="bbox 651 4146 2214 4214">
     <span class='ocr_line' id='line_1_74' title="bbox 651 4146 2214 4214; baseline 0.01 -21"><span class='ocrx_word' id='word_1_459' title='bbox 651 4149 830 4194; x_wconf 88' lang='lat' dir='ltr'><strong>autem</strong></span> <span class='ocrx_word' id='word_1_460' title='bbox 864 4158 921 4198; x_wconf 91' lang='lat' dir='ltr'><strong>se</strong></span> <span class='ocrx_word' id='word_1_461' title='bbox 946 4146 1164 4211; x_wconf 86' lang='lat' dir='ltr'><strong>sistere,</strong></span> <span class='ocrx_word' id='word_1_462' title='bbox 1199 4149 1300 4204; x_wconf 90' lang='lat' dir='ltr'><strong>boc</strong></span> <span class='ocrx_word' id='word_1_463' title='bbox 1334 4162 1435 4214; x_wconf 86' lang='lat' dir='ltr'><strong>est,</strong></span> <span class='ocrx_word' id='word_1_464' title='bbox 1467 4155 1584 4206; x_wconf 91' lang='lat' dir='ltr'><strong>sine</strong></span> <span class='ocrx_word' id='word_1_465' title='bbox 1617 4155 1721 4208; x_wconf 87' lang='lat' dir='ltr'><strong>ulla</strong></span> <span class='ocrx_word' id='word_1_466' title='bbox 1758 4155 2018 4208; x_wconf 85' lang='lat' dir='ltr'><strong>dilatione</strong></span> <span class='ocrx_word' id='word_1_467' title='bbox 2047 4155 2214 4208; x_wconf 84' lang='lat' dir='ltr'><strong>vicis-</strong></span> 
     </span>
    </p>
   </div>
   <div class='ocr_carea' id='block_1_75' title="bbox 649 4233 2217 4312">
    <p class='ocr_par' dir='ltr' id='par_1_75' title="bbox 649 4233 2217 4312">
     <span class='ocr_line' id='line_1_75' title="bbox 649 4233 2217 4312; baseline 0.009 -29"><span class='ocrx_word' id='word_1_468' title='bbox 649 4233 774 4296; x_wconf 84' lang='lat' dir='ltr'><strong>sim,</strong></span> <span class='ocrx_word' id='word_1_469' title='bbox 808 4235 858 4288; x_wconf 89' lang='lat' dir='ltr'><strong>id</strong></span> <span class='ocrx_word' id='word_1_470' title='bbox 893 4246 994 4300; x_wconf 87' lang='lat' dir='ltr'><strong>esl,</strong></span> <span class='ocrx_word' id='word_1_471' title='bbox 1032 4254 1125 4306; x_wconf 90' lang='lat' dir='ltr'><strong>per</strong></span> <span class='ocrx_word' id='word_1_472' title='bbox 1161 4241 1324 4295; x_wconf 80' lang='lat' dir='ltr'><strong>vices.</strong></span> <span class='ocrx_word' id='word_1_473' title='bbox 1369 4243 1553 4312; x_wconf 82' lang='lat' dir='ltr'><strong>Neque</strong></span> <span class='ocrx_word' id='word_1_474' title='bbox 1575 4247 1720 4299; x_wconf 91' lang='lat' dir='ltr'><strong>enim</strong></span> <span class='ocrx_word' id='word_1_475' title='bbox 1772 4246 1822 4298; x_wconf 94' lang='lat' dir='ltr'><strong>iu</strong></span> <span class='ocrx_word' id='word_1_476' title='bbox 1857 4262 1960 4298; x_wconf 89' lang='lat' dir='ltr'><strong>uno</strong></span> <span class='ocrx_word' id='word_1_477' title='bbox 1993 4245 2080 4298; x_wconf 90' lang='lat' dir='ltr'><strong>die</strong></span> <span class='ocrx_word' id='word_1_478' title='bbox 2108 4247 2217 4299; x_wconf 85' lang='lat' dir='ltr'><strong>sol-</strong></span> 
     </span>
    </p>
   </div>
   <div class='ocr_carea' id='block_1_76' title="bbox 650 4329 2215 4401">
    <p class='ocr_par' dir='ltr' id='par_1_76' title="bbox 650 4329 2215 4401">
     <span class='ocr_line' id='line_1_76' title="bbox 650 4329 2215 4401; baseline 0.011 -28"><span class='ocrx_word' id='word_1_479' title='bbox 650 4334 850 4376; x_wconf 90' lang='lat' dir='ltr'><strong>vuntur</strong></span> <span class='ocrx_word' id='word_1_480' title='bbox 903 4329 1130 4394; x_wconf 84' lang='lat' dir='ltr'><strong>synodi;</strong></span> <span class='ocrx_word' id='word_1_481' title='bbox 1184 4333 1275 4384; x_wconf 86' lang='lat' dir='ltr'><strong>sed</strong></span> <span class='ocrx_word' id='word_1_482' title='bbox 1315 4333 1367 4385; x_wconf 91' lang='lat' dir='ltr'><strong>itt</strong></span> <span class='ocrx_word' id='word_1_483' title='bbox 1425 4335 1690 4401; x_wconf 88' lang='lat' dir='ltr'><strong>pluribus.</strong></span> <span class='ocrx_word' id='word_1_484' title='bbox 1726 4336 1780 4388; x_wconf 93' lang='lat' dir='ltr'><strong>Si</strong></span> <span class='ocrx_word' id='word_1_485' title='bbox 1832 4347 2012 4388; x_wconf 87' lang='lat' dir='ltr'><strong>autem</strong></span> <span class='ocrx_word' id='word_1_486' title='bbox 2049 4351 2108 4389; x_wconf 91' lang='lat' dir='ltr'><strong>se</strong></span> <span class='ocrx_word' id='word_1_487' title='bbox 2138 4336 2215 4389; x_wconf 87' lang='lat' dir='ltr'><strong>si-</strong></span> 
     </span>
    </p>
   </div>
   <div class='ocr_carea' id='block_1_77' title="bbox 648 4419 2214 4490">
    <p class='ocr_par' dir='ltr' id='par_1_77' title="bbox 648 4419 2214 4490">
     <span class='ocr_line' id='line_1_77' title="bbox 648 4419 2214 4490; baseline 0.009 -25"><span class='ocrx_word' id='word_1_488' title='bbox 648 4421 791 4466; x_wconf 89' lang='lat' dir='ltr'><strong>stere</strong></span> <span class='ocrx_word' id='word_1_489' title='bbox 849 4429 953 4468; x_wconf 91' lang='lat' dir='ltr'><strong>non</strong></span> <span class='ocrx_word' id='word_1_490' title='bbox 1011 4419 1240 4484; x_wconf 80' lang='lat' dir='ltr'><strong>possint,</strong></span> <span class='ocrx_word' id='word_1_491' title='bbox 1288 4424 1432 4488; x_wconf 91' lang='lat' dir='ltr'><strong>quod</strong></span> <span class='ocrx_word' id='word_1_492' title='bbox 1488 4438 1515 4474; x_wconf 88' lang='lat' dir='ltr'><strong>a</strong></span> <span class='ocrx_word' id='word_1_493' title='bbox 1559 4425 1834 4490; x_wconf 89' lang='lat' dir='ltr'><strong>repentina</strong></span> <span class='ocrx_word' id='word_1_494' title='bbox 1889 4425 2214 4479; x_wconf 76' lang='lat' dir='ltr'><strong>necessitate</strong></span> 
     </span>
    </p>
   </div>
   <div class='ocr_carea' id='block_1_78' title="bbox 2325 3243 3900 3312">
    <p class='ocr_par' dir='ltr' id='par_1_78' title="bbox 2325 3243 3900 3312">
     <span class='ocr_line' id='line_1_78' title="bbox 2325 3243 3900 3312; baseline -0.002 -15"><span class='ocrx_word' id='word_1_495' title='bbox 2325 3245 2549 3297; x_wconf 81' lang='grc' dir='ltr'>ἀπαιτεῖ</span> <span class='ocrx_word' id='word_1_496' title='bbox 2580 3247 2606 3296; x_wconf 87' lang='grc' dir='ltr'><strong>ό</strong></span> <span class='ocrx_word' id='word_1_497' title='bbox 2635 3243 2815 3296; x_wconf 88' lang='grc' dir='ltr'>κανὼν</span> <span class='ocrx_word' id='word_1_498' title='bbox 2859 3243 3221 3312; x_wconf 73' lang='grc' dir='ltr'>συνέρχεσθαι</span> <span class='ocrx_word' id='word_1_499' title='bbox 3265 3245 3344 3305; x_wconf 82' lang='grc' dir='ltr'><strong>είς</strong></span> <span class='ocrx_word' id='word_1_500' title='bbox 3400 3245 3500 3307; x_wconf 76' lang='grc' dir='ltr'>τὰς</span> <span class='ocrx_word' id='word_1_501' title='bbox 3557 3243 3900 3311; x_wconf 83' lang='grc' dir='ltr'>τυπουμένας</span> 
     </span>
    </p>
   </div>
   <div class='ocr_carea' id='block_1_79' title="bbox 2324 3334 3900 3404">
    <p class='ocr_par' dir='ltr' id='par_1_79' title="bbox 2324 3334 3900 3404">
     <span class='ocr_line' id='line_1_79' title="bbox 2324 3334 3900 3404; baseline -0.003 -16"><span class='ocrx_word' id='word_1_502' title='bbox 2324 3334 2598 3395; x_wconf 75' lang='grc' dir='ltr'>συνόδους.</span> <span class='ocrx_word' id='word_1_503' title='bbox 2627 3335 2755 3396; x_wconf 81' lang='grc' dir='ltr'>τοὺς</span> <span class='ocrx_word' id='word_1_504' title='bbox 2776 3334 2850 3404; x_wconf 82' lang='grc' dir='ltr'>μὴ</span> <span class='ocrx_word' id='word_1_505' title='bbox 2915 3334 3001 3386; x_wconf 82' lang='grc' dir='ltr'><strong>διὰ</strong></span> <span class='ocrx_word' id='word_1_506' title='bbox 3062 3335 3277 3402; x_wconf 86' lang='grc' dir='ltr'>κείραν,</span> <span class='ocrx_word' id='word_1_507' title='bbox 3333 3335 3502 3403; x_wconf 73' lang='grc' dir='ltr'>ἤγουν</span> <span class='ocrx_word' id='word_1_508' title='bbox 3557 3334 3777 3402; x_wconf 79' lang='grc' dir='ltr'>ἡλικίαν</span> <span class='ocrx_word' id='word_1_509' title='bbox 3811 3335 3900 3384; x_wconf 80' lang='grc' dir='ltr'>καὶ</span> 
     </span>
    </p>
   </div>
   <div class='ocr_carea' id='block_1_80' title="bbox 2321 3426 3898 3500">
    <p class='ocr_par' dir='ltr' id='par_1_80' title="bbox 2321 3426 3898 3500">
     <span class='ocr_line' id='line_1_80' title="bbox 2321 3426 3898 3500; baseline -0.002 -19"><span class='ocrx_word' id='word_1_510' title='bbox 2321 3432 2498 3500; x_wconf 78' lang='grc' dir='ltr'>γῆρας</span> <span class='ocrx_word' id='word_1_511' title='bbox 2527 3431 2684 3499; x_wconf 82' lang='grc' dir='ltr'>βαθὺ,</span> <span class='ocrx_word' id='word_1_512' title='bbox 2713 3430 2745 3499; x_wconf 73' lang='grc' dir='ltr'>ἢ</span> <span class='ocrx_word' id='word_1_513' title='bbox 2777 3428 3064 3482; x_wconf 77' lang='grc' dir='ltr'>ἀσθένειαν</span> <span class='ocrx_word' id='word_1_514' title='bbox 3089 3428 3120 3495; x_wconf 74' lang='grc' dir='ltr'>ἢ</span> <span class='ocrx_word' id='word_1_515' title='bbox 3150 3428 3317 3497; x_wconf 74' lang='grc' dir='ltr'>ἄλλην</span> <span class='ocrx_word' id='word_1_516' title='bbox 3372 3428 3622 3495; x_wconf 75' lang='grc' dir='ltr'>ἀνάγκην</span> <span class='ocrx_word' id='word_1_517' title='bbox 3675 3426 3898 3496; x_wconf 80' lang='grc' dir='ltr'>ἐμποδι-</span> 
     </span>
    </p>
   </div>
   <div class='ocr_carea' id='block_1_81' title="bbox 2322 3515 3896 3587">
    <p class='ocr_par' dir='ltr' id='par_1_81' title="bbox 2322 3515 3896 3587">
     <span class='ocr_line' id='line_1_81' title="bbox 2322 3515 3896 3587; baseline -0.002 -15"><span class='ocrx_word' id='word_1_518' title='bbox 2322 3520 2626 3586; x_wconf 72' lang='grc' dir='ltr'>ζομένους·</span> <span class='ocrx_word' id='word_1_519' title='bbox 2691 3519 2789 3572; x_wconf 79' lang='grc' dir='ltr'>καὶ</span> <span class='ocrx_word' id='word_1_520' title='bbox 2861 3519 3250 3587; x_wconf 72' lang='grc' dir='ltr'>συναχθέντας,</span> <span class='ocrx_word' id='word_1_521' title='bbox 3303 3518 3514 3581; x_wconf 76' lang='grc' dir='ltr'>εἴδησιν</span> <span class='ocrx_word' id='word_1_522' title='bbox 3570 3518 3773 3570; x_wconf 83' lang='grc' dir='ltr'>διδόναι</span> <span class='ocrx_word' id='word_1_523' title='bbox 3822 3515 3896 3585; x_wconf 81' lang='grc' dir='ltr'>τῷ</span> 
     </span>
    </p>
   </div>
   <div class='ocr_carea' id='block_1_82' title="bbox 2325 3608 3891 3682">
    <p class='ocr_par' dir='ltr' id='par_1_82' title="bbox 2325 3608 3891 3682">
     <span class='ocr_line' id='line_1_82' title="bbox 2325 3608 3891 3682; baseline -0.001 -19"><span class='ocrx_word' id='word_1_524' title='bbox 2325 3613 2696 3682; x_wconf 83' lang='grc' dir='ltr'>μητροπολίτῃ</span> <span class='ocrx_word' id='word_1_525' title='bbox 2726 3611 2825 3680; x_wconf 80' lang='grc' dir='ltr'>τῆς</span> <span class='ocrx_word' id='word_1_526' title='bbox 2848 3610 3118 3681; x_wconf 86' lang='grc' dir='ltr'>ἐπαρχίας</span> <span class='ocrx_word' id='word_1_527' title='bbox 3168 3613 3262 3678; x_wconf 76' lang='grc' dir='ltr'><strong>ἀφ’</strong></span> <span class='ocrx_word' id='word_1_528' title='bbox 3303 3608 3372 3682; x_wconf 84' lang='grc' dir='ltr'>ἦς</span> <span class='ocrx_word' id='word_1_529' title='bbox 3424 3611 3574 3662; x_wconf 85' lang='grc' dir='ltr'>ἐστιν</span> <span class='ocrx_word' id='word_1_530' title='bbox 3638 3611 3891 3673; x_wconf 75' lang='grc' dir='ltr'>ἕκαστος,</span> 
     </span>
    </p>
   </div>
   <div class='ocr_carea' id='block_1_83' title="bbox 2323 3699 3896 3771">
    <p class='ocr_par' dir='ltr' id='par_1_83' title="bbox 2323 3699 3896 3771">
     <span class='ocr_line' id='line_1_83' title="bbox 2323 3699 3896 3771; baseline -0.002 -17"><span class='ocrx_word' id='word_1_531' title='bbox 2323 3705 2419 3754; x_wconf 70' lang='grc' dir='ltr'>καὶ</span> <span class='ocrx_word' id='word_1_532' title='bbox 2449 3704 2542 3770; x_wconf 75' lang='grc' dir='ltr'><strong>ἀφ’</strong></span> <span class='ocrx_word' id='word_1_533' title='bbox 2575 3703 2810 3755; x_wconf 80' lang='grc' dir='ltr'>ἑκάστου</span> <span class='ocrx_word' id='word_1_534' title='bbox 2885 3703 3144 3771; x_wconf 85' lang='grc' dir='ltr'>ἀριθμοῦ,</span> <span class='ocrx_word' id='word_1_535' title='bbox 3224 3701 3336 3753; x_wconf 75' lang='grc' dir='ltr'>εἴτε</span> <span class='ocrx_word' id='word_1_536' title='bbox 3377 3699 3470 3753; x_wconf 92' lang='grc' dir='ltr'><strong>δύο</strong></span> <span class='ocrx_word' id='word_1_537' title='bbox 3568 3701 3676 3752; x_wconf 71' lang='grc' dir='ltr'>εἴτε</span> <span class='ocrx_word' id='word_1_538' title='bbox 3752 3701 3896 3770; x_wconf 83' lang='grc' dir='ltr'>τρεῖς</span> 
     </span>
    </p>
   </div>
   <div class='ocr_carea' id='block_1_84' title="bbox 2325 3791 3894 3862">
    <p class='ocr_par' dir='ltr' id='par_1_84' title="bbox 2325 3791 3894 3862">
     <span class='ocr_line' id='line_1_84' title="bbox 2325 3791 3894 3862; baseline -0.003 -17"><span class='ocrx_word' id='word_1_539' title='bbox 2325 3793 2699 3862; x_wconf 84' lang='grc' dir='ltr'>συναθροίσεις</span> <span class='ocrx_word' id='word_1_540' title='bbox 2721 3794 3013 3858; x_wconf 79' lang='grc' dir='ltr'>γένωνται.</span> <span class='ocrx_word' id='word_1_541' title='bbox 3061 3793 3249 3862; x_wconf 85' lang='grc' dir='ltr'>(Ἴσως</span> <span class='ocrx_word' id='word_1_542' title='bbox 3279 3793 3408 3860; x_wconf 80' lang='grc' dir='ltr'>γὰρ,</span> <span class='ocrx_word' id='word_1_543' title='bbox 3451 3791 3541 3844; x_wconf 77' lang='grc' dir='ltr'><strong>ἵνα</strong></span> <span class='ocrx_word' id='word_1_544' title='bbox 3585 3792 3722 3861; x_wconf 82' lang='grc' dir='ltr'>μήτε</span> <span class='ocrx_word' id='word_1_545' title='bbox 3771 3791 3894 3858; x_wconf 76' lang='grc' dir='ltr'>περὶ</span> 
     </span>
    </p>
   </div>
   <div class='ocr_carea' id='block_1_85' title="bbox 2320 3883 3894 3955">
    <p class='ocr_par' dir='ltr' id='par_1_85' title="bbox 2320 3883 3894 3955">
     <span class='ocr_line' id='line_1_85' title="bbox 2320 3883 3894 3955; baseline -0.001 -20"><span class='ocrx_word' id='word_1_546' title='bbox 2320 3884 2419 3945; x_wconf 80' lang='grc' dir='ltr'><strong>τὰς</strong></span> <span class='ocrx_word' id='word_1_547' title='bbox 2449 3886 2784 3949; x_wconf 78' lang='grc' dir='ltr'>καταγωγὰς</span> <span class='ocrx_word' id='word_1_548' title='bbox 2828 3884 3273 3955; x_wconf 84' lang='grc' dir='ltr'>στενοχωρῶνται</span> <span class='ocrx_word' id='word_1_549' title='bbox 3323 3885 3460 3954; x_wconf 84' lang='grc' dir='ltr'>μήτε</span> <span class='ocrx_word' id='word_1_550' title='bbox 3504 3883 3610 3952; x_wconf 77' lang='grc' dir='ltr'>μὴν</span> <span class='ocrx_word' id='word_1_551' title='bbox 3657 3886 3784 3951; x_wconf 74' lang='grc' dir='ltr'>περὶ</span> <span class='ocrx_word' id='word_1_552' title='bbox 3829 3883 3894 3933; x_wconf 76' lang='grc' dir='ltr'>τὰ</span> 
     </span>
    </p>
   </div>
   <div class='ocr_carea' id='block_1_86' title="bbox 2321 3972 3891 4044">
    <p class='ocr_par' dir='ltr' id='par_1_86' title="bbox 2321 3972 3891 4044">
     <span class='ocr_line' id='line_1_86' title="bbox 2321 3972 3891 4044; baseline -0.002 -18"><span class='ocrx_word' id='word_1_553' title='bbox 2321 3975 2578 4044; x_wconf 77' lang='grc' dir='ltr'>χρειώδη,</span> <span class='ocrx_word' id='word_1_554' title='bbox 2621 3976 2720 4026; x_wconf 68' lang='grc' dir='ltr'>οὐκ</span> <span class='ocrx_word' id='word_1_555' title='bbox 2751 3978 2830 4038; x_wconf 84' lang='grc' dir='ltr'><strong>είς</strong></span> <span class='ocrx_word' id='word_1_556' title='bbox 2878 3975 3007 4043; x_wconf 88' lang='grc' dir='ltr'>μίαν</span> <span class='ocrx_word' id='word_1_557' title='bbox 3067 3977 3271 4037; x_wconf 75' lang='grc' dir='ltr'>πάντες</span> <span class='ocrx_word' id='word_1_558' title='bbox 3332 3975 3666 4044; x_wconf 69' lang='grc' dir='ltr'>συνήρχοντο</span> <span class='ocrx_word' id='word_1_559' title='bbox 3719 3972 3891 4034; x_wconf 85' lang='grc' dir='ltr'>πόλιν,</span> 
     </span>
    </p>
   </div>
   <div class='ocr_carea' id='block_1_87' title="bbox 2321 4063 3892 4135">
    <p class='ocr_par' dir='ltr' id='par_1_87' title="bbox 2321 4063 3892 4135">
     <span class='ocr_line' id='line_1_87' title="bbox 2321 4063 3892 4135; baseline -0.003 -17"><span class='ocrx_word' id='word_1_560' title='bbox 2321 4066 2440 4118; x_wconf 75' lang='grc' dir='ltr'>ἀλλ’</span> <span class='ocrx_word' id='word_1_561' title='bbox 2477 4067 2556 4128; x_wconf 87' lang='grc' dir='ltr'><strong>εἰς</strong></span> <span class='ocrx_word' id='word_1_562' title='bbox 2586 4065 2682 4118; x_wconf 90' lang='grc' dir='ltr'><strong>δύο</strong></span> <span class='ocrx_word' id='word_1_563' title='bbox 2712 4065 2741 4133; x_wconf 75' lang='grc' dir='ltr'>ἢ</span> <span class='ocrx_word' id='word_1_564' title='bbox 2780 4068 2931 4134; x_wconf 80' lang='grc' dir='ltr'>τρεῖς</span> <span class='ocrx_word' id='word_1_565' title='bbox 2970 4065 3376 4135; x_wconf 78' lang='grc' dir='ltr'>πλησιαζούσας</span> <span class='ocrx_word' id='word_1_566' title='bbox 3406 4068 3472 4134; x_wconf 78' lang='grc' dir='ltr'>τῇ</span> <span class='ocrx_word' id='word_1_567' title='bbox 3513 4063 3892 4133; x_wconf 77' lang='grc' dir='ltr'>μητροπόλει.)</span> 
     </span>
    </p>
   </div>
   <div class='ocr_carea' id='block_1_88' title="bbox 2334 4155 3894 4226">
    <p class='ocr_par' dir='ltr' id='par_1_88' title="bbox 2334 4155 3894 4226">
     <span class='ocr_line' id='line_1_88' title="bbox 2334 4155 3894 4226; baseline 0 -18"><span class='ocrx_word' id='word_1_568' title='bbox 2334 4157 2704 4216; x_wconf 80' lang='grc' dir='ltr'>Ἐνστατικῶς</span> <span class='ocrx_word' id='word_1_569' title='bbox 2734 4157 2790 4209; x_wconf 85' lang='grc' dir='ltr'><strong>δέ</strong></span> <span class='ocrx_word' id='word_1_570' title='bbox 2824 4159 3095 4226; x_wconf 80' lang='grc' dir='ltr'>ἀπαντᾷν,</span> <span class='ocrx_word' id='word_1_571' title='bbox 3149 4158 3318 4226; x_wconf 77' lang='grc' dir='ltr'>ἦγουν</span> <span class='ocrx_word' id='word_1_572' title='bbox 3374 4155 3780 4225; x_wconf 81' lang='grc' dir='ltr'>ἀνυπερθέτως.</span> <span class='ocrx_word' id='word_1_573' title='bbox 3815 4157 3894 4216; x_wconf 82' lang='grc' dir='ltr'><strong>είς</strong></span> 
     </span>
    </p>
   </div>
   <div class='ocr_carea' id='block_1_89' title="bbox 2319 4247 3883 4317">
    <p class='ocr_par' dir='ltr' id='par_1_89' title="bbox 2319 4247 3883 4317">
     <span class='ocr_line' id='line_1_89' title="bbox 2319 4247 3883 4317; baseline -0.001 -18"><span class='ocrx_word' id='word_1_574' title='bbox 2319 4248 2578 4317; x_wconf 76' lang='grc' dir='ltr'>ἀμοιϐὴν.</span> <span class='ocrx_word' id='word_1_575' title='bbox 2614 4249 2894 4300; x_wconf 86' lang='grc' dir='ltr'>τουτέστιν</span> <span class='ocrx_word' id='word_1_576' title='bbox 2925 4247 3236 4316; x_wconf 77' lang='grc' dir='ltr'>ἁμοιὸαδόν.</span> <span class='ocrx_word' id='word_1_577' title='bbox 3274 4248 3350 4300; x_wconf 82' lang='grc' dir='ltr'><strong>Οὐ</strong></span> <span class='ocrx_word' id='word_1_578' title='bbox 3367 4247 3474 4316; x_wconf 85' lang='grc' dir='ltr'>γὰρ</span> <span class='ocrx_word' id='word_1_579' title='bbox 3505 4248 3562 4298; x_wconf 91' lang='grc' dir='ltr'><strong>ἐν</strong></span> <span class='ocrx_word' id='word_1_580' title='bbox 3586 4248 3684 4316; x_wconf 78' lang='grc' dir='ltr'><strong>μιᾷ</strong></span> <span class='ocrx_word' id='word_1_581' title='bbox 3709 4247 3883 4316; x_wconf 63' lang='grc' dir='ltr'>ἡμέρᾳ</span> 
     </span>
    </p>
   </div>
   <div class='ocr_carea' id='block_1_90' title="bbox 2319 4337 3890 4405">
    <p class='ocr_par' dir='ltr' id='par_1_90' title="bbox 2319 4337 3890 4405">
     <span class='ocr_line' id='line_1_90' title="bbox 2319 4337 3890 4405; baseline -0.002 -14"><span class='ocrx_word' id='word_1_582' title='bbox 2319 4342 2373 4392; x_wconf 90' lang='grc' dir='ltr'>αἰ</span> <span class='ocrx_word' id='word_1_583' title='bbox 2405 4338 2616 4392; x_wconf 89' lang='grc' dir='ltr'>σύνοδοι</span> <span class='ocrx_word' id='word_1_584' title='bbox 2644 4339 2888 4402; x_wconf 86' lang='grc' dir='ltr'>ἐλύοντο,</span> <span class='ocrx_word' id='word_1_585' title='bbox 2950 4338 3064 4390; x_wconf 75' lang='grc' dir='ltr'>ἀλλ’</span> <span class='ocrx_word' id='word_1_586' title='bbox 3091 4340 3148 4390; x_wconf 83' lang='grc' dir='ltr'><strong>ἐν</strong></span> <span class='ocrx_word' id='word_1_587' title='bbox 3193 4337 3455 4390; x_wconf 79' lang='grc' dir='ltr'>πλείοσιν.</span> <span class='ocrx_word' id='word_1_588' title='bbox 3515 4337 3638 4389; x_wconf 74' lang='grc' dir='ltr'>Ἐὰν</span> <span class='ocrx_word' id='word_1_589' title='bbox 3698 4338 3755 4390; x_wconf 86' lang='grc' dir='ltr'><strong>δέ</strong></span> <span class='ocrx_word' id='word_1_590' title='bbox 3821 4337 3890 4405; x_wconf 73' lang='grc' dir='ltr'><strong>μὴ</strong></span> 
     </span>
    </p>
   </div>
   <div class='ocr_carea' id='block_1_91' title="bbox 2317 4429 3890 4498">
    <p class='ocr_par' dir='ltr' id='par_1_91' title="bbox 2317 4429 3890 4498">
     <span class='ocr_line' id='line_1_91' title="bbox 2317 4429 3890 4498; baseline 0 -17"><span class='ocrx_word' id='word_1_591' title='bbox 2317 4429 2619 4496; x_wconf 72' lang='grc' dir='ltr'>δυνηθῶσιν</span> <span class='ocrx_word' id='word_1_592' title='bbox 2647 4431 2959 4498; x_wconf 78' lang='grc' dir='ltr'>ἀπαντῆσαι</span> <span class='ocrx_word' id='word_1_593' title='bbox 2995 4430 3082 4482; x_wconf 75' lang='grc' dir='ltr'><strong>διὰ</strong></span> <span class='ocrx_word' id='word_1_594' title='bbox 3106 4432 3164 4482; x_wconf 81' lang='grc' dir='ltr'><strong>τδ</strong></span> <span class='ocrx_word' id='word_1_595' title='bbox 3223 4429 3616 4498; x_wconf 80' lang='grc' dir='ltr'>ἐμποδισθῆναι</span> <span class='ocrx_word' id='word_1_596' title='bbox 3672 4429 3776 4481; x_wconf 71' lang='grc' dir='ltr'>ὑπὸ</span> <span class='ocrx_word' id='word_1_597' title='bbox 3807 4431 3890 4481; x_wconf 85' lang='grc' dir='ltr'><strong>αἱ-</strong></span> 
     </span>
    </p>
   </div>
   <div class='ocr_carea' id='block_1_92' title="bbox 649 4496 2216 4588">
    <p class='ocr_par' dir='ltr' id='par_1_92' title="bbox 649 4503 2206 4583">
     <span class='ocr_line' id='line_1_92' title="bbox 649 4503 2206 4583; baseline 0.01 -29"><span class='ocrx_word' id='word_1_598' title='bbox 649 4503 1043 4571; x_wconf 89' lang='lat' dir='ltr'><strong>impediantur,</strong></span> <span class='ocrx_word' id='word_1_599' title='bbox 1073 4512 1286 4575; x_wconf 88' lang='lat' dir='ltr'><strong>pritnati</strong></span> <span class='ocrx_word' id='word_1_600' title='bbox 1321 4512 1583 4565; x_wconf 88' lang='lat' dir='ltr'><strong>rationem</strong></span> <span class='ocrx_word' id='word_1_601' title='bbox 1630 4514 1999 4582; x_wconf 87' lang='lat' dir='ltr'><strong>impedimenti</strong></span> <span class='ocrx_word' id='word_1_602' title='bbox 2040 4529 2206 4583; x_wconf 76' lang='lat' dir='ltr'><strong>expo-</strong></span> 
     </span>
    </p>
   </div>
   <div class='ocr_carea' id='block_1_93' title="bbox 2323 4496 3887 4588">
    <p class='ocr_par' dir='ltr' id='par_1_93' title="bbox 2323 4496 3887 4588">
     <span class='ocr_line' id='line_1_93' title="bbox 2323 4496 3887 4588; baseline -0.002 -16"><span class='ocrx_word' id='word_1_603' title='bbox 2323 4521 2524 4587; x_wconf 72' lang='grc' dir='ltr'>φνιδίου</span> <span class='ocrx_word' id='word_1_604' title='bbox 2554 4522 2818 4588; x_wconf 77' lang='grc' dir='ltr'>ἀνάγκης,</span> <span class='ocrx_word' id='word_1_605' title='bbox 2854 4496 3053 4573; x_wconf 83' lang='grc' dir='ltr'>διδόναι</span> <span class='ocrx_word' id='word_1_606' title='bbox 3114 4496 3306 4585; x_wconf 74' lang='grc' dir='ltr'>λόγους</span> <span class='ocrx_word' id='word_1_607' title='bbox 3383 4517 3480 4571; x_wconf 82' lang='grc' dir='ltr'>τοῦ</span> <span class='ocrx_word' id='word_1_608' title='bbox 3541 4517 3887 4588; x_wconf 79' lang='grc' dir='ltr'>ἐμποδισμοῦ</span> 
     </span>
    </p>
   </div>
   <div class='ocr_carea' id='block_1_94' title="bbox 649 4598 2212 4668">
    <p class='ocr_par' dir='ltr' id='par_1_94' title="bbox 649 4598 2212 4668">
     <span class='ocr_line' id='line_1_94' title="bbox 649 4598 2212 4668; baseline 0.01 -21"><span class='ocrx_word' id='word_1_609' title='bbox 649 4607 776 4649; x_wconf 87' lang='lat' dir='ltr'><strong>nant</strong></span> <span class='ocrx_word' id='word_1_610' title='bbox 809 4613 822 4650; x_wconf 92' lang='lat'><strong>:</strong></span> <span class='ocrx_word' id='word_1_611' title='bbox 861 4598 944 4661; x_wconf 80' lang='lat' dir='ltr'><strong>sin</strong></span> <span class='ocrx_word' id='word_1_612' title='bbox 1003 4602 1102 4655; x_wconf 86' lang='lat' dir='ltr'><strong>ltoc</strong></span> <span class='ocrx_word' id='word_1_613' title='bbox 1166 4619 1270 4656; x_wconf 91' lang='lat' dir='ltr'><strong>non</strong></span> <span class='ocrx_word' id='word_1_614' title='bbox 1333 4603 1586 4668; x_wconf 82' lang='lat' dir='ltr'><strong>fecerint,</strong></span> <span class='ocrx_word' id='word_1_615' title='bbox 1636 4607 1747 4659; x_wconf 88' lang='lat' dir='ltr'><strong>sola</strong></span> <span class='ocrx_word' id='word_1_616' title='bbox 1814 4622 1924 4660; x_wconf 75' lang='lat' dir='ltr'><strong>sua:</strong></span> <span class='ocrx_word' id='word_1_617' title='bbox 1967 4608 2212 4662; x_wconf 72' lang='lat' dir='ltr'><strong>ecclesia:</strong></span> 
     </span>
    </p>
   </div>
   <div class='ocr_carea' id='block_1_95' title="bbox 648 4693 2210 4766">
    <p class='ocr_par' dir='ltr' id='par_1_95' title="bbox 648 4693 2210 4766">
     <span class='ocr_line' id='line_1_95' title="bbox 648 4693 2210 4766; baseline 0.006 -24"><span class='ocrx_word' id='word_1_618' title='bbox 648 4693 1029 4746; x_wconf 89' lang='lat' dir='ltr'><strong>communione</strong></span> <span class='ocrx_word' id='word_1_619' title='bbox 1055 4697 1294 4749; x_wconf 83' lang='lat' dir='ltr'><strong>cententi</strong></span> <span class='ocrx_word' id='word_1_620' title='bbox 1330 4698 1472 4760; x_wconf 89' lang='lat' dir='ltr'><strong>sint;</strong></span> <span class='ocrx_word' id='word_1_621' title='bbox 1504 4697 1624 4750; x_wconf 88' lang='lat' dir='ltr'><strong>aliis</strong></span> <span class='ocrx_word' id='word_1_622' title='bbox 1657 4714 1759 4751; x_wconf 89' lang='lat' dir='ltr'><strong>nua</strong></span> <span class='ocrx_word' id='word_1_623' title='bbox 1785 4714 1907 4752; x_wconf 91' lang='lat' dir='ltr'><strong>cum</strong></span> <span class='ocrx_word' id='word_1_624' title='bbox 1933 4699 2064 4766; x_wconf 84' lang='lat' dir='ltr'><strong>ipsis</strong></span> <span class='ocrx_word' id='word_1_625' title='bbox 2101 4713 2210 4752; x_wconf 91' lang='lat' dir='ltr'><strong>non</strong></span> 
     </span>
    </p>
   </div>
   <div class='ocr_carea' id='block_1_96' title="bbox 642 4782 2212 4859">
    <p class='ocr_par' dir='ltr' id='par_1_96' title="bbox 642 4782 2212 4859">
     <span class='ocr_line' id='line_1_96' title="bbox 642 4782 2212 4859; baseline 0.007 -26"><span class='ocrx_word' id='word_1_626' title='bbox 642 4782 1180 4838; x_wconf 85' lang='lat' dir='ltr'><strong>commnnicantibus.</strong></span> <span class='ocrx_word' id='word_1_627' title='bbox 1227 4788 1291 4841; x_wconf 82' lang='lat' dir='ltr'><strong>Et</strong></span> <span class='ocrx_word' id='word_1_628' title='bbox 1327 4789 1376 4840; x_wconf 91' lang='lat' dir='ltr'><strong>in</strong></span> <span class='ocrx_word' id='word_1_629' title='bbox 1422 4789 1502 4842; x_wconf 89' lang='lat' dir='ltr'><strong>bis</strong></span> <span class='ocrx_word' id='word_1_630' title='bbox 1553 4789 1770 4859; x_wconf 86' lang='lat' dir='ltr'><strong>quidem</strong></span> <span class='ocrx_word' id='word_1_631' title='bbox 1822 4791 2070 4844; x_wconf 87' lang='lat' dir='ltr'><strong>consistit</strong></span> <span class='ocrx_word' id='word_1_632' title='bbox 2121 4805 2212 4844; x_wconf 87' lang='lat' dir='ltr'><strong>ca-</strong></span> 
     </span>
    </p>
   </div>
   <div class='ocr_carea' id='block_1_97' title="bbox 645 4871 2211 4936">
    <p class='ocr_par' dir='ltr' id='par_1_97' title="bbox 645 4871 2211 4936">
     <span class='ocr_line' id='line_1_97' title="bbox 645 4871 2211 4936; baseline 0.007 -11"><span class='ocrx_word' id='word_1_633' title='bbox 645 4887 770 4926; x_wconf 90' lang='lat' dir='ltr'><strong>non.</strong></span> <span class='ocrx_word' id='word_1_634' title='bbox 795 4871 873 4925; x_wconf 88' lang='lat' dir='ltr'><strong>Tu</strong></span> <span class='ocrx_word' id='word_1_635' title='bbox 901 4886 1077 4928; x_wconf 89' lang='lat' dir='ltr'><strong>autem</strong></span> <span class='ocrx_word' id='word_1_636' title='bbox 1107 4878 1233 4932; x_wconf 87' lang='lat' dir='ltr'><strong>biuc</strong></span> <span class='ocrx_word' id='word_1_637' title='bbox 1258 4889 1381 4931; x_wconf 89' lang='lat' dir='ltr'><strong>nota</strong></span> <span class='ocrx_word' id='word_1_638' title='bbox 1407 4895 1600 4933; x_wconf 89' lang='lat' dir='ltr'><strong>novum</strong></span> <span class='ocrx_word' id='word_1_639' title='bbox 1626 4882 2211 4936; x_wconf 78' lang='lat' dir='ltr'><strong>excommunicationis</strong></span> 
     </span>
    </p>
   </div>
   <div class='ocr_carea' id='block_1_98' title="bbox 643 4965 2213 5037">
    <p class='ocr_par' dir='ltr' id='par_1_98' title="bbox 643 4965 2213 5037">
     <span class='ocr_line' id='line_1_98' title="bbox 643 4965 2213 5037; baseline 0.006 -21"><span class='ocrx_word' id='word_1_640' title='bbox 643 4978 832 5030; x_wconf 78' lang='lat' dir='ltr'><strong>genus.</strong></span> <span class='ocrx_word' id='word_1_641' title='bbox 860 4965 963 5018; x_wconf 86' lang='lat' dir='ltr'><strong>Alii</strong></span> <span class='ocrx_word' id='word_1_642' title='bbox 999 4969 1140 5020; x_wconf 88' lang='lat' dir='ltr'><strong>enim</strong></span> <span class='ocrx_word' id='word_1_643' title='bbox 1185 4984 1421 5022; x_wconf 80' lang='lat' dir='ltr'><strong>canones</strong></span> <span class='ocrx_word' id='word_1_644' title='bbox 1452 4971 1722 5037; x_wconf 77' lang='lat' dir='ltr'><strong>accipiunt</strong></span> <span class='ocrx_word' id='word_1_645' title='bbox 1770 4973 2213 5027; x_wconf 82' lang='lat' dir='ltr'><strong>excommunica-</strong></span> 
     </span>
    </p>
   </div>
   <div class='ocr_carea' id='block_1_99' title="bbox 643 5054 2212 5131">
    <p class='ocr_par' dir='ltr' id='par_1_99' title="bbox 643 5054 2212 5131">
     <span class='ocr_line' id='line_1_99' title="bbox 643 5054 2212 5131; baseline 0.008 -26"><span class='ocrx_word' id='word_1_646' title='bbox 643 5054 882 5120; x_wconf 87' lang='lat' dir='ltr'><strong>tionem;</strong></span> <span class='ocrx_word' id='word_1_647' title='bbox 913 5059 1054 5125; x_wconf 90' lang='lat' dir='ltr'><strong>quod</strong></span> <span class='ocrx_word' id='word_1_648' title='bbox 1087 5060 1304 5127; x_wconf 90' lang='lat' dir='ltr'><strong>quidem</strong></span> <span class='ocrx_word' id='word_1_649' title='bbox 1350 5061 1541 5114; x_wconf 87' lang='lat' dir='ltr'><strong>attinet</strong></span> <span class='ocrx_word' id='word_1_650' title='bbox 1584 5063 1648 5114; x_wconf 89' lang='lat' dir='ltr'><strong>ad</strong></span> <span class='ocrx_word' id='word_1_651' title='bbox 1680 5062 1999 5131; x_wconf 85' lang='lat' dir='ltr'><strong>episcopos;</strong></span> <span class='ocrx_word' id='word_1_652' title='bbox 2035 5073 2090 5117; x_wconf 91' lang='lat' dir='ltr'><strong>ut</strong></span> <span class='ocrx_word' id='word_1_653' title='bbox 2128 5066 2212 5118; x_wconf 88' lang='lat' dir='ltr'><strong>ni—</strong></span> 
     </span>
    </p>
   </div>
   <div class='ocr_carea' id='block_1_100' title="bbox 644 5142 2211 5220">
    <p class='ocr_par' dir='ltr' id='par_1_100' title="bbox 644 5142 2211 5220">
     <span class='ocr_line' id='line_1_100' title="bbox 644 5142 2211 5220; baseline 0.01 -26"><span class='ocrx_word' id='word_1_654' title='bbox 644 5142 716 5194; x_wconf 87' lang='lat' dir='ltr'><strong>ltil</strong></span> <span class='ocrx_word' id='word_1_655' title='bbox 766 5147 1102 5201; x_wconf 80' lang='lat' dir='ltr'><strong>sacerdotale</strong></span> <span class='ocrx_word' id='word_1_656' title='bbox 1150 5149 1349 5202; x_wconf 80' lang='lat' dir='ltr'><strong>obeant</strong></span> <span class='ocrx_word' id='word_1_657' title='bbox 1379 5168 1392 5201; x_wconf 90' lang='lat'>:</span> <span class='ocrx_word' id='word_1_658' title='bbox 1433 5166 1670 5220; x_wconf 68' lang='lat' dir='ltr'><strong>pmscns</strong></span> <span class='ocrx_word' id='word_1_659' title='bbox 1701 5163 1877 5205; x_wconf 89' lang='lat' dir='ltr'><strong>autem</strong></span> <span class='ocrx_word' id='word_1_660' title='bbox 1913 5170 2085 5207; x_wconf 86' lang='lat' dir='ltr'><strong>canon</strong></span> <span class='ocrx_word' id='word_1_661' title='bbox 2117 5171 2211 5209; x_wconf 84' lang='lat' dir='ltr'><strong>eos</strong></span> 
     </span>
    </p>
   </div>
   <div class='ocr_carea' id='block_1_101' title="bbox 642 5240 2206 5314">
    <p class='ocr_par' dir='ltr' id='par_1_101' title="bbox 642 5240 2206 5314">
     <span class='ocr_line' id='line_1_101' title="bbox 642 5240 2206 5314; baseline 0.009 -29"><span class='ocrx_word' id='word_1_662' title='bbox 642 5249 670 5286; x_wconf 87' lang='lat' dir='ltr'><strong>a</strong></span> <span class='ocrx_word' id='word_1_663' title='bbox 724 5249 880 5288; x_wconf 88' lang='lat' dir='ltr'><strong>sacro</strong></span> <span class='ocrx_word' id='word_1_664' title='bbox 943 5240 1244 5293; x_wconf 89' lang='lat' dir='ltr'><strong>ministerio</strong></span> <span class='ocrx_word' id='word_1_665' title='bbox 1303 5257 1409 5295; x_wconf 92' lang='lat' dir='ltr'><strong>non</strong></span> <span class='ocrx_word' id='word_1_666' title='bbox 1477 5245 1737 5311; x_wconf 90' lang='lat' dir='ltr'><strong>impedit,</strong></span> <span class='ocrx_word' id='word_1_667' title='bbox 1797 5247 1890 5300; x_wconf 87' lang='lat' dir='ltr'><strong>sed</strong></span> <span class='ocrx_word' id='word_1_668' title='bbox 1929 5259 2206 5314; x_wconf 77' lang='lat' dir='ltr'><strong>separata</strong></span> 
     </span>
    </p>
   </div>
   <div class='ocr_carea' id='block_1_102' title="bbox 646 5325 1665 5394">
    <p class='ocr_par' dir='ltr' id='par_1_102' title="bbox 646 5325 1665 5394">
     <span class='ocr_line' id='line_1_102' title="bbox 646 5325 1665 5394; baseline 0.011 -18"><span class='ocrx_word' id='word_1_669' title='bbox 646 5325 974 5394; x_wconf 83' lang='lat' dir='ltr'><strong>reliquorum</strong></span> <span class='ocrx_word' id='word_1_670' title='bbox 1003 5331 1228 5383; x_wconf 83' lang='lat' dir='ltr'><strong>fratrum</strong></span> <span class='ocrx_word' id='word_1_671' title='bbox 1263 5336 1665 5388; x_wconf 86' lang='lat' dir='ltr'><strong>communione.</strong></span> 
     </span>
    </p>
   </div>
   <div class='ocr_carea' id='block_1_103' title="bbox 697 5505 2206 5590">
    <p class='ocr_par' dir='ltr' id='par_1_103' title="bbox 697 5505 2206 5590">
     <span class='ocr_line' id='line_1_103' title="bbox 697 5505 2206 5590; baseline 0.012 -35"><span class='ocrx_word' id='word_1_672' title='bbox 697 5505 865 5575; x_wconf 65' lang='grc'><strong>614</strong></span> <span class='ocrx_word' id='word_1_673' title='bbox 880 5505 1574 5581; x_wconf 75' lang='lat' dir='ltr'><strong>ZONAli.Uniuscujusque</strong></span> <span class='ocrx_word' id='word_1_674' title='bbox 1591 5517 1882 5582; x_wconf 71' lang='lat' dir='ltr'><strong>provinciae</strong></span> <span class='ocrx_word' id='word_1_675' title='bbox 1901 5521 2206 5590; x_wconf 85' lang='lat' dir='ltr'><strong>episc0pns,</strong></span> 
     </span>
    </p>
   </div>
   <div class='ocr_carea' id='block_1_104' title="bbox 642 5594 2206 5676">
    <p class='ocr_par' dir='ltr' id='par_1_104' title="bbox 642 5594 2206 5676">
     <span class='ocr_line' id='line_1_104' title="bbox 642 5594 2206 5676; baseline 0.014 -35"><span class='ocrx_word' id='word_1_676' title='bbox 642 5594 1069 5663; x_wconf 85' lang='lat' dir='ltr'><strong>quotiescunque</strong></span> <span class='ocrx_word' id='word_1_677' title='bbox 1103 5600 1342 5667; x_wconf 86' lang='lat' dir='ltr'><strong>synodus</strong></span> <span class='ocrx_word' id='word_1_678' title='bbox 1377 5603 1616 5657; x_wconf 81' lang='lat' dir='ltr'><strong>habenda</strong></span> <span class='ocrx_word' id='word_1_679' title='bbox 1651 5606 1740 5670; x_wconf 89' lang='lat' dir='ltr'><strong>sit,</strong></span> <span class='ocrx_word' id='word_1_680' title='bbox 1778 5608 1877 5661; x_wconf 90' lang='lat' dir='ltr'><strong>nisi</strong></span> <span class='ocrx_word' id='word_1_681' title='bbox 1909 5619 2070 5663; x_wconf 63' lang='lat' dir='ltr'><strong>astate</strong></span> <span class='ocrx_word' id='word_1_682' title='bbox 2096 5625 2206 5676; x_wconf 63' lang='lat' dir='ltr'><strong>tam</strong></span> 
     </span>
    </p>
   </div>
   <div class='ocr_carea' id='block_1_105' title="bbox 641 5686 2208 5769">
    <p class='ocr_par' dir='ltr' id='par_1_105' title="bbox 641 5686 2208 5769">
     <span class='ocr_line' id='line_1_105' title="bbox 641 5686 2208 5769; baseline 0.012 -31"><span class='ocrx_word' id='word_1_683' title='bbox 641 5686 829 5739; x_wconf 76' lang='lat' dir='ltr'><strong>all&#39;ecta</strong></span> <span class='ocrx_word' id='word_1_684' title='bbox 868 5687 1132 5758; x_wconf 84' lang='lat' dir='ltr'><strong>ell&#39;etaqne</strong></span> <span class='ocrx_word' id='word_1_685' title='bbox 1173 5705 1450 5747; x_wconf 81' lang='lat' dir='ltr'><strong>senectute</strong></span> <span class='ocrx_word' id='word_1_686' title='bbox 1491 5697 1571 5749; x_wconf 91' lang='lat' dir='ltr'><strong>vcl</strong></span> <span class='ocrx_word' id='word_1_687' title='bbox 1609 5698 1918 5753; x_wconf 88' lang='lat' dir='ltr'><strong>inlirmitatc</strong></span> <span class='ocrx_word' id='word_1_688' title='bbox 1966 5717 2208 5769; x_wconf 79' lang='lat' dir='ltr'><strong>corporis</strong></span> 
     </span>
    </p>
   </div>
   <div class='ocr_carea' id='block_1_106' title="bbox 643 5777 2197 5858">
    <p class='ocr_par' dir='ltr' id='par_1_106' title="bbox 643 5777 2197 5858">
     <span class='ocr_line' id='line_1_106' title="bbox 643 5777 2197 5858; baseline 0.009 -29"><span class='ocrx_word' id='word_1_689' title='bbox 643 5777 1023 5846; x_wconf 73' lang='lat' dir='ltr'><strong>impediantur,</strong></span> <span class='ocrx_word' id='word_1_690' title='bbox 1073 5785 1152 5836; x_wconf 82' lang='lat' dir='ltr'><strong>vel</strong></span> <span class='ocrx_word' id='word_1_691' title='bbox 1186 5784 1329 5851; x_wconf 71' lang='lat' dir='ltr'><strong>gravi</strong></span> <span class='ocrx_word' id='word_1_692' title='bbox 1364 5785 1463 5840; x_wconf 78' lang='lat' dir='ltr'><strong>alia</strong></span> <span class='ocrx_word' id='word_1_693' title='bbox 1507 5789 1569 5841; x_wconf 85' lang='lat' dir='ltr'><strong>de</strong></span> <span class='ocrx_word' id='word_1_694' title='bbox 1619 5806 1780 5844; x_wconf 72' lang='lat' dir='ltr'><strong>causa</strong></span> <span class='ocrx_word' id='word_1_695' title='bbox 1839 5791 2197 5858; x_wconf 79' lang='lat' dir='ltr'><strong>detineantur,</strong></span> 
     </span>
    </p>
   </div>
   <div class='ocr_carea' id='block_1_107' title="bbox 2318 4608 3889 4680">
    <p class='ocr_par' dir='ltr' id='par_1_107' title="bbox 2318 4608 3889 4680">
     <span class='ocr_line' id='line_1_107' title="bbox 2318 4608 3889 4680; baseline -0.001 -18"><span class='ocrx_word' id='word_1_696' title='bbox 2318 4613 2472 4678; x_wconf 74' lang='grc' dir='ltr'>παρὰ</span> <span class='ocrx_word' id='word_1_697' title='bbox 2498 4611 2574 4676; x_wconf 87' lang='grc' dir='ltr'>τῷ</span> <span class='ocrx_word' id='word_1_698' title='bbox 2603 4611 2981 4680; x_wconf 86' lang='grc' dir='ltr'>πρωτεύοντι’</span> <span class='ocrx_word' id='word_1_699' title='bbox 3021 4611 3069 4662; x_wconf 87' lang='grc' dir='ltr'><strong>εί</strong></span> <span class='ocrx_word' id='word_1_700' title='bbox 3114 4609 3170 4662; x_wconf 81' lang='grc' dir='ltr'><strong>δέ</strong></span> <span class='ocrx_word' id='word_1_701' title='bbox 3201 4611 3282 4678; x_wconf 75' lang='grc' dir='ltr'>μῆ</span> <span class='ocrx_word' id='word_1_702' title='bbox 3347 4608 3508 4662; x_wconf 76' lang='grc' dir='ltr'>τοῦτο</span> <span class='ocrx_word' id='word_1_703' title='bbox 3582 4610 3889 4678; x_wconf 84' lang='grc' dir='ltr'>ποιήσουσι,</span> 
     </span>
    </p>
   </div>
   <div class='ocr_carea' id='block_1_108' title="bbox 2317 4700 3888 4771">
    <p class='ocr_par' dir='ltr' id='par_1_108' title="bbox 2317 4700 3888 4771">
     <span class='ocr_line' id='line_1_108' title="bbox 2317 4700 3888 4771; baseline 0 -18"><span class='ocrx_word' id='word_1_704' title='bbox 2317 4703 2455 4771; x_wconf 85' lang='grc' dir='ltr'>μόνῃ</span> <span class='ocrx_word' id='word_1_705' title='bbox 2477 4704 2540 4770; x_wconf 80' lang='grc' dir='ltr'><strong>τῇ</strong></span> <span class='ocrx_word' id='word_1_706' title='bbox 2573 4703 2831 4770; x_wconf 78' lang='grc' dir='ltr'>κοινωνίᾳ</span> <span class='ocrx_word' id='word_1_707' title='bbox 2874 4701 2972 4768; x_wconf 81' lang='grc' dir='ltr'>τῆς</span> <span class='ocrx_word' id='word_1_708' title='bbox 3035 4700 3332 4769; x_wconf 77' lang='grc' dir='ltr'>ἐκκλησίας</span> <span class='ocrx_word' id='word_1_709' title='bbox 3374 4700 3513 4762; x_wconf 76' lang='grc' dir='ltr'>ἰδίας</span> <span class='ocrx_word' id='word_1_710' title='bbox 3581 4700 3888 4768; x_wconf 79' lang='grc' dir='ltr'>ἀρκεῖσθαι.</span> 
     </span>
    </p>
   </div>
   <div class='ocr_carea' id='block_1_109' title="bbox 2315 4791 3884 4862">
    <p class='ocr_par' dir='ltr' id='par_1_109' title="bbox 2315 4791 3884 4862">
     <span class='ocr_line' id='line_1_109' title="bbox 2315 4791 3884 4862; baseline -0.003 -16"><span class='ocrx_word' id='word_1_711' title='bbox 2315 4795 2400 4846; x_wconf 78' lang='grc' dir='ltr'><strong>ἐτέ</strong></span> <span class='ocrx_word' id='word_1_712' title='bbox 2410 4810 2518 4860; x_wconf 90' lang='grc' dir='ltr'><strong>ρων</strong></span> <span class='ocrx_word' id='word_1_713' title='bbox 2541 4794 2727 4853; x_wconf 75' lang='grc' dir='ltr'>αὐτοῖς</span> <span class='ocrx_word' id='word_1_714' title='bbox 2749 4791 2822 4862; x_wconf 80' lang='grc' dir='ltr'>μὴ</span> <span class='ocrx_word' id='word_1_715' title='bbox 2852 4791 3376 4858; x_wconf 89' lang='grc' dir='ltr'>συγκοινωνούντων.</span> <span class='ocrx_word' id='word_1_716' title='bbox 3408 4793 3515 4844; x_wconf 75' lang='grc' dir='ltr'><strong>Καὶ</strong></span> <span class='ocrx_word' id='word_1_717' title='bbox 3545 4793 3572 4842; x_wconf 87' lang='grc' dir='ltr'><strong>δ</strong></span> <span class='ocrx_word' id='word_1_718' title='bbox 3592 4792 3692 4860; x_wconf 80' lang='grc' dir='ltr'>μὲν</span> <span class='ocrx_word' id='word_1_719' title='bbox 3711 4791 3884 4843; x_wconf 82' lang='grc' dir='ltr'>κανὼν</span> 
     </span>
    </p>
   </div>
   <div class='ocr_carea' id='block_1_110' title="bbox 2315 4881 3889 4951">
    <p class='ocr_par' dir='ltr' id='par_1_110' title="bbox 2315 4881 3889 4951">
     <span class='ocr_line' id='line_1_110' title="bbox 2315 4881 3889 4951; baseline -0.003 -16"><span class='ocrx_word' id='word_1_720' title='bbox 2315 4886 2373 4935; x_wconf 92' lang='grc' dir='ltr'><strong>ἐν</strong></span> <span class='ocrx_word' id='word_1_721' title='bbox 2399 4884 2630 4946; x_wconf 87' lang='grc' dir='ltr'>τούτοις.</span> <span class='ocrx_word' id='word_1_722' title='bbox 2661 4885 2733 4935; x_wconf 83' lang='grc' dir='ltr'><strong>Σὺ</strong></span> <span class='ocrx_word' id='word_1_723' title='bbox 2773 4884 2826 4934; x_wconf 86' lang='grc' dir='ltr'><strong>δέ</strong></span> <span class='ocrx_word' id='word_1_724' title='bbox 2859 4883 3162 4951; x_wconf 83' lang='grc' dir='ltr'>σημείωσαι</span> <span class='ocrx_word' id='word_1_725' title='bbox 3205 4882 3518 4950; x_wconf 86' lang='grc' dir='ltr'>καινότερον</span> <span class='ocrx_word' id='word_1_726' title='bbox 3583 4881 3889 4950; x_wconf 74' lang='grc' dir='ltr'>ἀφορισμὸν</span> 
     </span>
    </p>
   </div>
   <div class='ocr_carea' id='block_1_111' title="bbox 2317 4971 3888 5040">
    <p class='ocr_par' dir='ltr' id='par_1_111' title="bbox 2317 4971 3888 5040">
     <span class='ocr_line' id='line_1_111' title="bbox 2317 4971 3888 5040; baseline -0.003 -13"><span class='ocrx_word' id='word_1_727' title='bbox 2317 4977 2379 5027; x_wconf 78' lang='grc' dir='ltr'><strong>ἐκ</strong></span> <span class='ocrx_word' id='word_1_728' title='bbox 2400 4974 2613 5027; x_wconf 87' lang='grc' dir='ltr'>τούτου.</span> <span class='ocrx_word' id='word_1_729' title='bbox 2654 4973 2835 5026; x_wconf 80' lang='grc' dir='ltr'>Ἀλλοι</span> <span class='ocrx_word' id='word_1_730' title='bbox 2890 4972 2986 5040; x_wconf 86' lang='grc' dir='ltr'><strong>μέν</strong></span> <span class='ocrx_word' id='word_1_731' title='bbox 3016 4972 3124 5040; x_wconf 76' lang='grc' dir='ltr'><strong>γὰρ</strong></span> <span class='ocrx_word' id='word_1_732' title='bbox 3166 4972 3387 5033; x_wconf 84' lang='grc' dir='ltr'>κανόνες</span> <span class='ocrx_word' id='word_1_733' title='bbox 3424 4971 3517 5022; x_wconf 80' lang='grc' dir='ltr'>τὸν</span> <span class='ocrx_word' id='word_1_734' title='bbox 3581 4972 3888 5039; x_wconf 74' lang='grc' dir='ltr'>ἀφορισμδν</span> 
     </span>
    </p>
   </div>
   <div class='ocr_carea' id='block_1_112' title="bbox 2317 5060 3887 5132">
    <p class='ocr_par' dir='ltr' id='par_1_112' title="bbox 2317 5060 3887 5132">
     <span class='ocr_line' id='line_1_112' title="bbox 2317 5060 3887 5132; baseline -0.003 -16"><span class='ocrx_word' id='word_1_735' title='bbox 2317 5064 2770 5132; x_wconf 71' lang='grc' dir='ltr'>ἐκλαμϐάνονται,</span> <span class='ocrx_word' id='word_1_736' title='bbox 2791 5064 2915 5114; x_wconf 84' lang='grc' dir='ltr'>ὅσον</span> <span class='ocrx_word' id='word_1_737' title='bbox 2952 5063 3090 5124; x_wconf 72' lang='grc' dir='ltr'>τέως</span> <span class='ocrx_word' id='word_1_738' title='bbox 3119 5063 3196 5124; x_wconf 87' lang='grc' dir='ltr'><strong>είς</strong></span> <span class='ocrx_word' id='word_1_739' title='bbox 3222 5063 3348 5122; x_wconf 75' lang='grc' dir='ltr'>τοὺς</span> <span class='ocrx_word' id='word_1_740' title='bbox 3412 5060 3778 5122; x_wconf 78' lang='grc' dir='ltr'>ἐπισκόπους,</span> <span class='ocrx_word' id='word_1_741' title='bbox 3811 5063 3887 5119; x_wconf 79' lang='grc' dir='ltr'><strong>είς</strong></span> 
     </span>
    </p>
   </div>
   <div class='ocr_carea' id='block_1_113' title="bbox 2315 5151 3887 5223">
    <p class='ocr_par' dir='ltr' id='par_1_113' title="bbox 2315 5151 3887 5223">
     <span class='ocr_line' id='line_1_113' title="bbox 2315 5151 3887 5223; baseline -0.003 -17"><span class='ocrx_word' id='word_1_742' title='bbox 2315 5157 2372 5208; x_wconf 68' lang='grc' dir='ltr'>τὸ</span> <span class='ocrx_word' id='word_1_743' title='bbox 2408 5155 2539 5223; x_wconf 71' lang='grc' dir='ltr'>μηδὲ</span> <span class='ocrx_word' id='word_1_744' title='bbox 2570 5154 2704 5215; x_wconf 77' lang='grc' dir='ltr'>ὅλως</span> <span class='ocrx_word' id='word_1_745' title='bbox 2765 5153 3042 5218; x_wconf 75' lang='grc' dir='ltr'>ἱερατικὸν</span> <span class='ocrx_word' id='word_1_746' title='bbox 3089 5170 3143 5205; x_wconf 88' lang='grc' dir='ltr'><strong>τι</strong></span> <span class='ocrx_word' id='word_1_747' title='bbox 3198 5153 3482 5221; x_wconf 73' lang='grc' dir='ltr'>ἐνεργεῖνο</span> <span class='ocrx_word' id='word_1_748' title='bbox 3520 5154 3546 5203; x_wconf 87' lang='grc' dir='ltr'>ὁ</span> <span class='ocrx_word' id='word_1_749' title='bbox 3597 5152 3656 5203; x_wconf 83' lang='grc' dir='ltr'><strong>δέ</strong></span> <span class='ocrx_word' id='word_1_750' title='bbox 3699 5151 3887 5219; x_wconf 71' lang='grc' dir='ltr'>παρὼν</span> 
     </span>
    </p>
   </div>
   <div class='ocr_carea' id='block_1_114' title="bbox 2315 5243 3881 5312">
    <p class='ocr_par' dir='ltr' id='par_1_114' title="bbox 2315 5243 3881 5312">
     <span class='ocr_line' id='line_1_114' title="bbox 2315 5243 3881 5312; baseline -0.003 -14"><span class='ocrx_word' id='word_1_751' title='bbox 2315 5247 2493 5298; x_wconf 77' lang='grc' dir='ltr'>κανὼν</span> <span class='ocrx_word' id='word_1_752' title='bbox 2522 5250 2621 5298; x_wconf 81' lang='grc' dir='ltr'>οὐκ</span> <span class='ocrx_word' id='word_1_753' title='bbox 2661 5245 2940 5312; x_wconf 63' lang='grc' dir='ltr'>ἐμποδίζει</span> <span class='ocrx_word' id='word_1_754' title='bbox 2976 5244 3200 5305; x_wconf 86' lang='grc' dir='ltr'>τούτους</span> <span class='ocrx_word' id='word_1_755' title='bbox 3235 5245 3300 5295; x_wconf 87' lang='grc' dir='ltr'><strong>ἐκ</strong></span> <span class='ocrx_word' id='word_1_756' title='bbox 3330 5243 3428 5310; x_wconf 83' lang='grc' dir='ltr'>τῆς</span> <span class='ocrx_word' id='word_1_757' title='bbox 3465 5243 3881 5312; x_wconf 78' lang='grc' dir='ltr'>ίεροτελεστίας,</span> 
     </span>
    </p>
   </div>
   <div class='ocr_carea' id='block_1_115' title="bbox 2312 5333 3887 5404">
    <p class='ocr_par' dir='ltr' id='par_1_115' title="bbox 2312 5333 3887 5404">
     <span class='ocr_line' id='line_1_115' title="bbox 2312 5333 3887 5404; baseline -0.004 -15"><span class='ocrx_word' id='word_1_758' title='bbox 2312 5338 2518 5389; x_wconf 64' lang='grc' dir='ltr'>ἀλλ’ἐκ</span> <span class='ocrx_word' id='word_1_759' title='bbox 2571 5337 2670 5404; x_wconf 68' lang='grc' dir='ltr'>τῆς</span> <span class='ocrx_word' id='word_1_760' title='bbox 2713 5337 2997 5397; x_wconf 83' lang='grc' dir='ltr'>κοινωνίας</span> <span class='ocrx_word' id='word_1_761' title='bbox 3071 5335 3295 5404; x_wconf 72' lang='grc' dir='ltr'>χωρίζει</span> <span class='ocrx_word' id='word_1_762' title='bbox 3357 5333 3457 5401; x_wconf 78' lang='grc' dir='ltr'>τῆς</span> <span class='ocrx_word' id='word_1_763' title='bbox 3517 5333 3626 5384; x_wconf 91' lang='grc' dir='ltr'><strong>τῶν</strong></span> <span class='ocrx_word' id='word_1_764' title='bbox 3690 5333 3887 5384; x_wconf 82' lang='grc' dir='ltr'>λοιπῶν</span> 
     </span>
    </p>
   </div>
   <div class='ocr_carea' id='block_1_116' title="bbox 2317 5426 2586 5489">
    <p class='ocr_par' dir='ltr' id='par_1_116' title="bbox 2317 5426 2586 5489">
     <span class='ocr_line' id='line_1_116' title="bbox 2317 5426 2586 5489; baseline 0.004 -12"><span class='ocrx_word' id='word_1_765' title='bbox 2317 5426 2586 5489; x_wconf 69' lang='grc' dir='ltr'>ἀδελφῶν.</span> 
     </span>
    </p>
   </div>
   <div class='ocr_carea' id='block_1_117' title="bbox 2385 5515 3884 5586">
    <p class='ocr_par' dir='ltr' id='par_1_117' title="bbox 2385 5515 3884 5586">
     <span class='ocr_line' id='line_1_117' title="bbox 2385 5515 3884 5586; baseline -0.001 -17"><span class='ocrx_word' id='word_1_766' title='bbox 2385 5520 2629 5570; x_wconf 74' lang='grc' dir='ltr'><strong>ΖΩΝΛΡ.</strong></span> <span class='ocrx_word' id='word_1_767' title='bbox 2676 5518 3101 5586; x_wconf 64' lang='grc' dir='ltr'>’Ᾱπαραιτήτως</span> <span class='ocrx_word' id='word_1_768' title='bbox 3138 5517 3362 5570; x_wconf 81' lang='grc' dir='ltr'>ἀπαιτεί</span> <span class='ocrx_word' id='word_1_769' title='bbox 3413 5515 3440 5566; x_wconf 89' lang='grc' dir='ltr'><strong>ό</strong></span> <span class='ocrx_word' id='word_1_770' title='bbox 3493 5515 3677 5568; x_wconf 84' lang='grc' dir='ltr'>κανὼν</span> <span class='ocrx_word' id='word_1_771' title='bbox 3727 5517 3884 5568; x_wconf 73' lang='grc' dir='ltr'>συνά-</span> 
     </span>
    </p>
   </div>
   <div class='ocr_carea' id='block_1_118' title="bbox 2311 5607 3882 5675">
    <p class='ocr_par' dir='ltr' id='par_1_118' title="bbox 2311 5607 3882 5675">
     <span class='ocr_line' id='line_1_118' title="bbox 2311 5607 3882 5675; baseline -0.001 -17"><span class='ocrx_word' id='word_1_772' title='bbox 2311 5607 2509 5675; x_wconf 80' lang='grc' dir='ltr'>γεσθαι</span> <span class='ocrx_word' id='word_1_773' title='bbox 2545 5609 2670 5670; x_wconf 71' lang='grc' dir='ltr'>τοὺς</span> <span class='ocrx_word' id='word_1_774' title='bbox 2693 5608 3026 5668; x_wconf 73' lang='grc' dir='ltr'>ἐπισκόπους</span> <span class='ocrx_word' id='word_1_775' title='bbox 3068 5607 3306 5674; x_wconf 79' lang='grc' dir='ltr'>ἑκάστης</span> <span class='ocrx_word' id='word_1_776' title='bbox 3360 5607 3651 5674; x_wconf 73' lang='grc' dir='ltr'>ἐπαρχίας,</span> <span class='ocrx_word' id='word_1_777' title='bbox 3697 5607 3882 5667; x_wconf 78' lang='grc' dir='ltr'>ὁσάκις</span> 
     </span>
    </p>
   </div>
   <div class='ocr_carea' id='block_1_119' title="bbox 2312 5701 3877 5770">
    <p class='ocr_par' dir='ltr' id='par_1_119' title="bbox 2312 5701 3877 5770">
     <span class='ocr_line' id='line_1_119' title="bbox 2312 5701 3877 5770; baseline -0.001 -17"><span class='ocrx_word' id='word_1_778' title='bbox 2312 5704 2472 5770; x_wconf 73' lang='grc' dir='ltr'>χρεῖα</span> <span class='ocrx_word' id='word_1_779' title='bbox 2512 5704 2626 5754; x_wconf 64' lang='grc' dir='ltr'>ἐστὶ</span> <span class='ocrx_word' id='word_1_780' title='bbox 2659 5703 2914 5769; x_wconf 77' lang='grc' dir='ltr'>γενέσθαι</span> <span class='ocrx_word' id='word_1_781' title='bbox 2984 5702 3221 5764; x_wconf 76' lang='grc' dir='ltr'>σύνοδον,</span> <span class='ocrx_word' id='word_1_782' title='bbox 3290 5702 3336 5752; x_wconf 88' lang='grc' dir='ltr'><strong>εί</strong></span> <span class='ocrx_word' id='word_1_783' title='bbox 3395 5701 3468 5769; x_wconf 79' lang='grc' dir='ltr'>μὴ</span> <span class='ocrx_word' id='word_1_784' title='bbox 3523 5701 3610 5752; x_wconf 77' lang='grc' dir='ltr'><strong>διὰ</strong></span> <span class='ocrx_word' id='word_1_785' title='bbox 3671 5703 3877 5769; x_wconf 73' lang='grc' dir='ltr'>κςίραν.</span> 
     </span>
    </p>
   </div>
   <div class='ocr_carea' id='block_1_120' title="bbox 2316 5791 3877 5871">
    <p class='ocr_par' dir='ltr' id='par_1_120' title="bbox 2316 5791 3877 5863">
     <span class='ocr_line' id='line_1_120' title="bbox 2316 5791 3877 5863; baseline 0 -19"><span class='ocrx_word' id='word_1_786' title='bbox 2316 5795 2483 5863; x_wconf 67' lang='grc' dir='ltr'>ἤγουν</span> <span class='ocrx_word' id='word_1_787' title='bbox 2519 5794 2734 5862; x_wconf 58' lang='grc' dir='ltr'>ἡὶικὲαν</span> <span class='ocrx_word' id='word_1_788' title='bbox 2797 5793 3147 5862; x_wconf 73' lang='grc' dir='ltr'>προήκουσαν</span> <span class='ocrx_word' id='word_1_789' title='bbox 3219 5791 3310 5844; x_wconf 68' lang='grc' dir='ltr'>καὶ</span> <span class='ocrx_word' id='word_1_790' title='bbox 3373 5793 3548 5858; x_wconf 74' lang='grc' dir='ltr'>γῆρας</span> <span class='ocrx_word' id='word_1_791' title='bbox 3630 5791 3789 5857; x_wconf 77' lang='grc' dir='ltr'>βαθὺ,</span> <span class='ocrx_word' id='word_1_792' title='bbox 3849 5791 3877 5857; x_wconf 77' lang='grc' dir='ltr'>ἢ</span> 
     </span>
    </p>
   </div>
  </div>
