4148 6470
325 390 432 456 239

1339 397 1420 459 IN
1461 396 1621 459 CAN.
1647 397 1855 458 LXXX
1893 397 2101 460 CONC.
2143 397 2517 462 CARTHAG.

3435 399 3541 465 εοο

326 514 611 567 ἀσθένειαν
639 513 1027 583 ἐμποδίζοιντο,
1068 515 1100 584 ἡ
1138 530 1241 566 τινι
1292 515 1426 585 ἄλλη
1497 515 1871 584 βαρείᾳᾟτεμ-

1986 517 2274 572 convenire
2304 517 2526 572 omnino
2551 517 2636 572 hic
2657 532 2827 573 canon
2878 517 3067 588 jubet;
3110 524 3162 572 et
3196 515 3283 570 ubi
3310 517 3540 586 primum

328 604 518 657 στάσει
547 605 872 672 συνέχοιιντο,
900 606 996 656 καὶ
1025 604 1388 672 συναχθέντας
1432 607 1637 674 εἴδησιν
1683 606 1881 658 διδόναι

323 694 403 761 τῷ
434 695 802 764 μητροπολίτῃ
828 695 922 763 τῆς
947 694 1235 762 ἐπαρχίας,
1265 691 1438 765 ἀφ’ἦς
1473 696 1884 761 ἐστινὲκαστος,

327 788 424 837 καὶ
457 788 546 852 ἀφ’
583 787 816 838 ἑκάστου
866 785 1190 856 ἀθροισμοῦ,
1283 788 1391 838 είτε
1439 786 1532 838 δύο
1584 789 1693 838 εἴτε
1735 791 1885 855 τρεῖς

327 877 703 944 συναθροίσεις
736 877 999 942 γένωνται
1031 876 1182 942 (ἴσως
1207 877 1336 944 γὰρ,
1397 877 1486 929 ἵνα
1555 879 1692 945 μήτε
1757 879 1884 947 περὶ

324 966 424 1027 τάς
446 967 774 1031 καταγωγὰς
805 965 1264 1033 στενοχωρῶνται,
1297 967 1434 1035 μήτε
1464 967 1570 1036 μὴν
1636 968 1763 1036 περὶ
1812 967 1880 1018 τὰ

322 1055 584 1123 χρειώδη,
616 1056 716 1108 οὐκ
747 1057 827 1117 είς
899 1056 1028 1125 μίαν
1064 1059 1264 1119 πάντες
1319 1057 1649 1126 συνήρχοντο
1704 1058 1880 1122 πόλιν,

320 1142 538 1206 ἀλλἐίς
560 1145 654 1196 δύο
687 1145 718 1214 ἢ
747 1148 895 1213 τρεῖς
953 1145 1360 1214 πλησιαζούσας
1406 1151 1471 1215 τῇ
1527 1147 1880 1216 μητροπόλει)

320 1231 655 1293 ἐνστατικῶς
697 1233 965 1301 ἀπαντᾷν,
995 1233 1112 1285 ἀντὶ
1150 1233 1244 1285 τοῦ
1290 1234 1883 1305 ἀνυπερθέτως,ἀπρο-

320 1323 604 1387 φασίστως
642 1322 774 1390 πρὸς
801 1323 899 1392 τὴν
930 1323 1144 1392 ἡμέραν
1179 1323 1276 1390 τῆς
1324 1324 1568 1388 συνόδου,
1606 1328 1684 1386 είς
1717 1328 1881 1394 ἀμοι-

327 1411 452 1481 ϐὴν,
479 1411 753 1463 τουτέστιν
781 1412 1093 1479 ἀμοιδαδόν.
1135 1415 1211 1465 Οὐ
1235 1414 1342 1482 γὰρ
1372 1415 1429 1465 ἐν
1472 1416 1571 1483 μιᾷ
1609 1416 1792 1486 ἡμέρᾳ
1827 1417 1886 1468 αἱ

321 1501 535 1553 σύνοδοι
565 1501 859 1566 διελύοντο,
899 1503 1015 1554 ἀλλ’
1035 1504 1094 1555 ἐν
1127 1503 1358 1569 πλείοσι,
1402 1507 1498 1556 καὶ
1532 1505 1690 1557 τοῦτο
1716 1505 1878 1572 δῆλον

318 1591 387 1642 ἐκ
419 1591 624 1659 ταύτης
653 1593 750 1659 τῆς
792 1594 1010 1646 συνόδου
1045 1595 1183 1650 ἐστί.
1246 1596 1546 1664 Διαφόρους
1598 1597 1706 1665 γὰρ
1745 1597 1884 1662 πρά-

321 1680 433 1743 ξεις
458 1681 606 1751 δηλοῖ
623 1683 871 1748 γενέσθαι
904 1685 960 1736 ἐν
985 1683 1172 1746 άλλαις
1222 1686 1316 1736 καὶ
1367 1685 1558 1747 ἄλλαις
1616 1687 1877 1754 ἡμέραις.

331 1773 651 1840 ’Δμοιδαδὸν
675 1773 750 1836 δέ,
787 1775 954 1843 ἡγουν
979 1773 1168 1826 άλλοτε
1223 1774 1415 1836 ἄλλους
1468 1776 1733 1844 ἀπαντᾷν,
1766 1777 1880 1828 ὅσοι

1989 607 2307 660 advenerint
2330 647 2344 671 ,
2402 609 2817 677 metropolitano
2847 610 3103 682 singulos,
3128 624 3191 662 ex
3227 623 3329 677 qua
3357 624 3415 663 se
3456 606 3539 663 fe-

1989 708 2133 758 rant,
2169 700 2452 763 provincia
2506 699 2848 765 significare;
2883 709 2993 750 tum
3036 714 3162 752 vero
3201 714 3264 752 ex
3315 699 3541 767 singulis

1989 787 2254 840 classibus
2283 788 2395 841 sive
2440 788 2558 841 dum
2606 789 2718 842 sive
2771 797 2879 843 tres
2924 789 3180 842 instituta:
3213 790 3408 843 luerim
3441 790 3544 859 (et-

1999 877 2162 938 enim,
2198 891 2264 929 ne
2299 877 2381 931 vel
2408 878 2584 946 inopia
2620 881 2745 932 lecti
2775 891 3170 949 premerentur,
3206 880 3285 932 vel
3315 884 3381 932 ad
3414 896 3542 933 usus

1990 965 2113 1018 vita:
2149 968 2454 1021 necessaria
2482 969 2800 1034 deﬁcerent,
2833 986 2938 1025 non
2975 971 3027 1024 in
3060 985 3162 1023 una
3190 969 3330 1024 forte
3356 986 3541 1026 omnes

1990 1055 2124 1110 urbe
2176 1059 2547 1123 considebant,
2585 1061 2678 1114 sed
2715 1061 2768 1113 in
2815 1061 3023 1115 duabus
3068 1060 3313 1114 tribusve
3344 1069 3513 1113 metro

1989 1150 2096 1216 poli
2124 1149 2405 1218 proximis)
2431 1152 2497 1203 ad
2521 1149 2660 1204 diem
2686 1151 2889 1220 synodo
2917 1149 3230 1217 priclinitam
3257 1149 3539 1208 instanter,

1989 1241 2090 1294 hoc
2121 1248 2223 1303 est,
2259 1240 2379 1294 sine
2416 1240 2522 1294 ulla
2553 1241 2997 1308 tergiversatione
3031 1246 3121 1292 aut
3154 1254 3300 1293 mora
3337 1252 3543 1307 prope-

1988 1340 2172 1385 ranter
2197 1333 2455 1386 accedere
2485 1331 2749 1395 vicissim,
2788 1333 2886 1385 boc
2913 1340 3018 1394 est,
3052 1345 3147 1399 per
3170 1329 3335 1384 vices.
3360 1327 3542 1396 Neque

1987 1421 2130 1474 enim
2179 1435 2288 1475 uno
2319 1421 2427 1486 die,
2454 1422 2546 1477 sed
2581 1421 2825 1492 pluribus
2861 1422 3049 1490 synodi
3083 1420 3495 1483 absolxebantur
3525 1437 3537 1473 :

1987 1511 2130 1580 quod
2158 1526 2220 1564 ex
2258 1511 2360 1565 hac
2392 1525 2605 1580 quoque
2651 1513 2906 1576 colligere
2953 1510 3110 1562 facile
3152 1518 3258 1572 est,
3291 1523 3356 1562 ex
3392 1507 3543 1573 cujus

1987 1602 2257 1655 actionum
2290 1602 2708 1670 multiplicitate,
2741 1600 2982 1669 pluribus
3035 1614 3151 1654 em
3181 1598 3373 1653 diebus
3399 1599 3542 1651 cele-

1984 1693 2196 1746 brutam
2251 1691 2415 1746 fuisse
2448 1701 2689 1759 apparet.
2727 1689 2829 1744 Per
2889 1691 3037 1743 vices
3067 1698 3268 1755 autem,
3306 1689 3406 1743 hoc
3434 1698 3541 1752 est,

1987 1795 2046 1840 ut
2078 1785 2233 1838 modo
2267 1786 2373 1848 hic,
2428 1785 2583 1838 modo
2614 1784 2726 1848 alii,
2756 1783 3062 1852 quicunque
3121 1781 3342 1835 demum
3381 1780 3535 1835 electi

315 1861 664 1927 ἐπιλεγὼσιν.
713 1864 836 1916 Ἐὰν
861 1865 916 1916 δέ
937 1865 1011 1933 μὴ
1039 1865 1305 1932 δυνηθῶσι
1327 1868 1655 1935 ἀπαντῆσαι,
1685 1867 1871 1936 ἀθρόον

1995 1877 2216 1938 fuerint,
2278 1889 2333 1927 se
2372 1874 2422 1926 in
2459 1874 2662 1943 synodo
2713 1874 2929 1927 sistant.
2967 1870 3025 1924 Si
3081 1885 3207 1925 vero
3264 1869 3314 1923 id
3361 1869 3540 1922 minus

318 1953 743 2020 ἀναφυομένων,
775 1957 1037 2022 αἰφνίδιον
1065 1955 1311 2024 δηλονότι
1379 1959 1473 2009 καὶ
1517 1957 1875 2021 ἀνελπίστως,

315 2043 511 2095 αἰτιῶν
534 2045 873 2111 ἀναγκαίων,
912 2047 1135 2099 ἀπαιτεῖ
1164 2046 1290 2109 τοὺς
1341 2046 1416 2115 μὴ
1463 2047 1876 2117 ἀπαντήσοντας

311 2133 472 2201 λόγον
498 2135 808 2188 ἀποδιδόναι
845 2137 997 2205 παρὰ
1018 2137 1095 2205 τῷ
1123 2137 1493 2208 μητροπολίτῃ
1541 2138 1706 2190 αὐτοῦ
1742 2139 1877 2192 ἐκα-

313 2236 460 2286 στον,
489 2223 521 2291 ἢ
556 2224 630 2291 μὴ
649 2225 995 2286 ἀποδιδόντα,
1021 2225 1158 2293 μόνῃ
1191 2227 1257 2294 τῇ
1285 2227 1544 2294 κοινωνίᾳ
1597 2226 1696 2293 τῆς
1742 2227 1876 2289 ίδίας

312 2310 610 2379 ἐκκλησίας
651 2314 957 2380 ἀρκεῖσθαι,
1016 2314 1214 2384 ἐτέρων
1255 2316 1404 2384 αύτῷ
1453 2317 1529 2385 μὴ
1585 2333 1877 2384 συγκοινω-

311 2400 566 2455 νούντων.

308 2490 532 2546 ΔΡΙΣΤ.
592 2510 611 2543 ι
647 2496 708 2546 Οί
762 2494 835 2563 μὴ
872 2496 1214 2559 ἀπαντῶντες
1240 2497 1297 2550 ἐν
1348 2500 1413 2567 τῇ
1462 2498 1582 2551 κατ’
1629 2499 1877 2551 ἐνιαυτὸν

385 2601 404 2634 ι
439 2584 669 2653 συνόδῳ,
719 2585 770 2637 εί
825 2587 901 2656 μὴ
933 2587 1241 2656 ἀϐουλήτως
1293 2588 1584 2641 κωλύοιντο
1611 2630 1626 2654 ,
1673 2591 1740 2658 τῇ
1777 2588 1876 2657 τῆς

385 2690 404 2722 ι
452 2672 598 2735 ιδίας
635 2676 928 2744 ἐκκλησίας
954 2677 1330 2744 ἀρκείσθωσαν
1360 2678 1632 2747 κοινωνίᾳ.
1667 2697 1684 2728 ι

376 2761 537 2814 Ὅσοι
565 2763 676 2816 τῶν
699 2767 1008 2819 ἐπισκόπων
1038 2770 1096 2819 ἐν
1122 2771 1188 2838 τῇ
1206 2769 1407 2837 συνόδῳ
1438 2770 1676 2838 ἑκάστης
1695 2769 1873 2822 αὐτῶν

312 2852 586 2921 ἐπαρχίας
610 2854 710 2906 ούκ
766 2857 1163 2926 ἀπαντήσουσι,
1222 2860 1359 2927 μήτε
1430 2858 1533 2911 ὑπὸ
1585 2859 1872 2930 γήρους,ἧ

305 2945 616 3008 ἀσθενείας,
643 2945 752 2996 εἴτε
776 2947 922 3008 τινὸς
954 2947 1270 3017 βαρυτάτης
1301 2949 1545 3034 ἀνάγκης
1576 2947 1872 3017 ἐμποδιζό-

312 3051 484 3101 μενοι,
525 3034 639 3087 ἀλλ’
671 3038 737 3087 ἐκ
797 3035 1072 3106 ῥᾳθυμίας
1133 3038 1166 3108 ἢ
1258 3039 1353 3090 καὶ
1413 3040 1872 3107 καταφρονήσεως

1981 1969 2211 2036 possint,
2247 1967 2571 2020 necessariis
2622 1964 3025 2033 impedimentis
3052 1977 3118 2017 cx
3166 1960 3457 2030 improviso
3487 1969 3540 2014 et

1992 2063 2364 2128 inexspectato
2423 2057 2702 2113 confertim
2732 2057 2937 2111 obortis
2963 2070 2978 2120 ;
3015 2064 3070 2106 ut
3102 2054 3404 2122 quicunque
3431 2066 3537 2104 non

1981 2150 2271 2209 adfuerint.
2333 2149 2753 2216 metropolitano
2816 2159 2914 2198 suo
2991 2143 3215 2212 singuli,
3275 2143 3536 2194 rationem

1981 2236 2230 2300 reddant,
2285 2238 2450 2305 exigit
2483 2253 2498 2289 :
2532 2236 2624 2304 qui
2674 2248 2803 2286 vero
2833 2233 2887 2285 id
2934 2229 3294 2300 neglexerint,
3330 2229 3536 2282 exclusi

1977 2325 2045 2376 ab
2079 2326 2304 2378 aliorum
2365 2323 2661 2388 consortio,
2701 2321 2945 2378 ecclesiae
2999 2332 3111 2375 suae
3155 2319 3537 2374 communione

1977 2416 2215 2469 contenti
2246 2416 2375 2470 sint.

1977 2505 2203 2561 ARIST.
2242 2525 2260 2558 ι
2295 2507 2396 2574 Qui
2430 2508 2480 2560 in
2510 2506 2716 2578 synodo
2749 2505 3039 2575 quotannis
3069 2506 3245 2562 habita
3274 2521 3378 2561 non
3403 2521 3538 2561 con-

2052 2619 2070 2652 ι
2111 2601 2348 2665 veniunt,
2397 2600 2499 2653 nisi
2532 2608 2718 2653 contra
2771 2599 3098 2654 voluntatem
3147 2601 3534 2668 impediantur,

2053 2712 2072 2744 ι
2105 2707 2218 2746 sua
2242 2692 2353 2746 sint
2385 2691 2628 2746 ecclesiae
2664 2692 3046 2745 communione
3070 2692 3326 2745 contenti.
3368 2709 3388 2743 ι

2047 2782 2363 2851 Quicunque
2393 2797 2458 2835 ex
2487 2781 2757 2849 episc0pis
2799 2782 2862 2833 ad
2894 2779 3158 2850 synodum
3194 2781 3248 2835 in
3281 2796 3531 2850 unaqua-

1973 2888 2076 2942 que
2102 2872 2341 2940 ipsorum
2379 2869 2656 2937 provincia
2683 2870 2918 2923 habitam
2953 2885 3011 2924 se
3072 2885 3175 2924 non
3228 2869 3531 2936 conferant,

1972 2978 2071 3017 nec
2115 2977 2146 3016 a
2194 2971 2490 3025 senectute,
2521 2975 2622 3015 nec
2654 2963 2721 3015 ab
2770 2960 3108 3024 inﬁrmitate,
3144 2976 3244 3015 nec
3273 2961 3377 3015 alia
3409 2978 3532 3031 gra-

1970 3055 2189 3108 vissima
2246 3053 2565 3107 necessitate
2621 3052 2902 3120 impediti;
2952 3055 3047 3108 sed
3099 3067 3128 3106 e
3182 3053 3384 3108 desidia
3445 3055 3529 3108 vel

302 3123 463 3178 τοῦτο
493 3125 798 3190 ποιοῦντες,
827 3127 1134 3195 ἀδελφικῶς
1166 3129 1484 3198 ὡρίσθησαν
1541 3132 1871 3201 ἐπιπλήττε-

1970 3147 2134 3199 etiam
2188 3152 2498 3211 contemptu
2552 3144 2683 3197 illud
2739 3144 3038 3207 facientes;
3100 3144 3429 3210 decernitur,
3473 3154 3532 3198 nt

305 3214 453 3267 σθαι.
493 3215 552 3267 ὐ
586 3216 642 3269 δέ
661 3219 851 3287 παρὼν
871 3217 1050 3271 κανὼν
1088 3221 1180 3272 καὶ
1215 3221 1274 3272 τὸ
1316 3217 1455 3280 εἶδος
1485 3226 1583 3290 τῆς
1637 3224 1869 3296 ἐπιπλή-

303 3301 664 3372 ξσωςτίθησι,
700 3309 1060 3375 προστάττων
1114 3311 1240 3371 τοὺς
1296 3315 1728 3376 συνεπισκόπους
1773 3318 1868 3367 καὶ

307 3395 674 3463 συναδελφοὺς
744 3397 924 3449 αὐτῶν
996 3399 1070 3467 μὴ
1114 3404 1496 3467 συγκοινωνεῖν
1549 3405 1731 3464 αὐτοῖς
1774 3405 1867 3455 καὶ

304 3483 743 3554 συλλειτουργεῖν
779 3501 792 3515 ·
821 3486 919 3538 ἀλλ
969 3489 1028 3538 ἐν
1061 3491 1251 3558 μόναις
1294 3492 1415 3554 ταῖς
1474 3492 1629 3555 ίδίαις
1687 3494 1866 3546 αὐτῶν

298 3572 617 3643 ἐκκλησίαις
638 3574 946 3643 ἀρκεῖσθαι,
969 3579 1063 3629 καὶ
1098 3579 1432 3648 λειτουργεῖν
1456 3581 1513 3634 ἐν
1541 3583 1753 3645 αὐταῖς.

881 3667 1118 3719 ΚΑΝΩΝ
1165 3666 1242 3721 [ι’.

304 3769 324 3800 ι
361 3751 494 3819 Περὶ
532 3751 901 3819 Κρεσκωνίου.
937 3754 1070 3824 Περῖ
1104 3755 1450 3824 Κρεσκωνίου
1495 3758 1590 3811 τοῦ
1629 3760 1867 3831 Βηλαρεο

383 3856 400 3888 ι
434 3839 643 3892 κεντίου
675 3841 832 3893 τοίτο
850 3845 1012 3895 πᾶσιν
1046 3843 1244 3910 ἔδοξεν,
1288 3847 1370 3898 ἵνα
1392 3848 1637 3903 ἐντεῦθεν
1668 3853 1865 3918 ὁμοίως

378 3950 398 3980 ι
427 3933 694 4000 ἐμφανείη
713 3933 788 4000 τῷ
806 3933 1139 4002 πρωτεύοντι
1171 3936 1267 4004 τῆς
1293 3939 1614 4007 Νουμιδίας,
1645 3943 1778 4011 πρὸς
1804 3946 1864 3995 τὸ

375 4039 393 4068 ι
431 4021 625 4073 ειδέναι
668 4023 849 4087 αὑτὸν,
875 4024 1112 4090 ὀφείλειν
1151 4027 1469 4095 γράμμασιν
1485 4032 1704 4095 οἰκείοις
1727 4037 1863 4099 πρὸς

371 4131 397 4169 ε
436 4114 745 4169 συνέλευσιν
760 4119 1162 4188 προτρέψασθαι
1176 4123 1268 4174 τὸν
1282 4126 1716 4193 μνημονευθέντα
1733 4133 1772 4181 Κ
1784 4147 1863 4200 ρε-

371 4223 393 4256 ι
434 4204 662 4257 σκώνιον
703 4220 716 4235 ⁸
761 4207 898 4258 ὥστε
948 4209 1022 4278 μὴ
1057 4209 1386 4278 ὑπερθέσθαι
1422 4215 1520 4282 τὴν
1559 4222 1863 4284 παρουσίαν

369 4313 390 4346 ι
426 4297 592 4348 αὑτοῦ
607 4300 669 4366 τῇ
697 4297 1065 4370 πλησιαζούσῃ
1093 4302 1352 4372 συμπάσῃ
1414 4304 1708 4377 Ἀφρικάνῃ
1740 4327 1863 4362 συν-

377 4409 393 4438 ι
433 4387 533 4452 όδῳ
548 4389 848 4456 παρασχεῖν
872 4403 884 4415 ·
920 4389 1014 4440 ἐὰν
1040 4389 1094 4441 δὲ
1117 4389 1209 4442 τοῦ
1243 4393 1419 4446 ἐλθεῖν
1443 4402 1854 4469 καταφρονήσῃ,

368 4495 391 4531 ι
429 4477 570 4530 ἔστω
586 4477 741 4537 εἱίὼ;
761 4479 882 4530 κατ’
903 4479 1066 4531 αὑτοῦ
1081 4480 1259 4548 ψῆφον
1281 4486 1802 4557 νομοθετησομένην.
1831 4509 1850 4542 ι
1889 4481 1930 4535 1)

364 4569 559 4620 ΒΔΔΣ.
589 4569 684 4620 Διά
714 4567 811 4619 τοῦ
829 4571 1176 4637 Κρεσκωνίου
1213 4575 1526 4643 ἐπιτίθησιν
1581 4583 1609 4631 ό
1670 4581 1853 4635 κανὼν

291 4659 539 4728 ανάγκην
577 4661 689 4719 τοῖς
723 4660 1052 4722 ἐπισκόποις
1081 4663 1138 4713 ἐν
1161 4666 1281 4725 ταῖς
1315 4667 1558 4730 συνόδοις
1611 4673 1855 4741 ἀπαραι-

287 4753 469 4817 τήτως
499 4750 875 4819 συνέρχεσθαι·
902 4753 993 4805 καὶ
1017 4757 1127 4815 τοῖς
1155 4758 1554 4825 καταφρονοῦσι
1582 4762 1680 4831 τῆς
1703 4781 1860 4816 συνε-

289 4841 526 4900 λεύσεως
564 4843 778 4895 ἀπειλεῖ
806 4846 1155 4914 κατάκρισιν.
1202 4849 1274 4899 Τὸ
1323 4852 1380 4902 δὲ
1452 4847 1590 4915 εἶδος
1653 4856 1855 4927 ταύτης

291 4936 350 4983 οι)
386 4931 557 4996 λέγει,
597 4932 656 4983 ὐ
687 4931 871 4999 μέντοι
897 4933 951 4994 ς’
993 4936 1174 4988 κανὼν
1214 4939 1313 5005 τῆς
1371 4940 1609 5012 ἐδδόμης
1635 4949 1853 5003 συνόδου

290 5024 413 5083 τοὺς
439 5023 536 5090 μὲν
566 5023 870 5085 κωλύοντας
900 5025 1166 5092 ἄρχοντας
1194 5029 1444 5095 γίνεσθαι
1484 5035 1579 5096 τάς
1607 5037 1856 5106 ἐτησίους

295 5114 548 5174 συνόδους
587 5115 949 5183 ἀφορίζεσθαι
1009 5117 1332 5187 διορίζεται,
1390 5124 1516 5185 τοὺς
1563 5124 1618 5176 δὲ
1687 5129 1857 5196 χωρὶς

291 5203 515 5267 εὐλόγου
551 5206 879 5272 προφάσεως
913 5207 1255 5272 ἀμελοῦντας
1305 5209 1512 5263 τούτων
1578 5232 1855 5285 μητροπο-

291 5293 444 5354 λίτας
479 5297 594 5353 τοῖς
643 5298 953 5357 κανονικοῖς
1006 5298 1441 5353 καθυποόάλλειν
1532 5305 1850 5375 ἐπιτιμίοις.

291 5383 422 5433 Ποῖα
451 5382 508 5433 δέ
560 5384 656 5434 κα)⁸
694 5384 814 5435 τίνα
843 5386 948 5436 sici
974 5387 1043 5437 τά
1079 5392 1340 5456 ἐπιτίμια
1370 5391 1546 5460 ῥητῶς
1574 5395 1632 5445 οὐ
1659 5399 1858 5466 γέγρα-

292 5489 440 5524 πται.
483 5472 573 5534 Ὦς
609 5472 786 5524 ἔοικεν
824 5470 936 5538 οὖν,
998 5477 1065 5528 τά
1097 5478 1154 5527 ἐν
1206 5478 1285 5546 τῷ
1355 5480 1613 5548 ἀνωτέρω
1667 5486 1849 5538 κανόνι

292 5563 665 5632 περιεχόμενα
699 5566 862 5618 είσιν.
904 5566 1202 5635 Ἀνάγνωθι
1234 5569 1328 5621 καὶ
1382 5571 1473 5623 τὸν
1529 5573 1763 5642 ρηθέντα
1795 5575 1850 5640 ς’

289 5654 485 5704 κανόνα
537 5653 636 5722 τῆς
677 5649 722 5715 ζ’
747 5653 984 5717 συνόδου,
1022 5660 1113 5708 καὶ
1179 5659 1270 5711 τὸν
1293 5659 1452 5713 ἕκτον
1493 5663 1590 5732 τῆς
1643 5666 1703 5717 ἐν
1765 5667 1843 5735 τῷ

288 5744 559 5815 Τρούλλῳ,
589 5746 682 5797 καὶ
714 5745 782 5797 τὰ
813 5747 872 5798 ἐν
935 5749 1138 5812 αὐτοῖς.

1970 3235 2226 3288 fraternis
2280 3235 2463 3288 verbis
2499 3235 2851 3301 castigentur.
2886 3233 2955 3287 At
2991 3249 3226 3301 praesens
3272 3249 3445 3287 canon
3477 3245 3530 3288 et

1971 3323 2205 3391 speciem
2262 3321 2702 3389 reprehensionis
2737 3320 2906 3383 addit,
2965 3323 3228 3373 mandans
3255 3323 3531 3390 coepisco-

1972 3426 2066 3477 pos
2099 3419 2154 3464 et
2177 3409 2482 3463 conlratres
2515 3422 2700 3461 eorum
2727 3421 2850 3460 cum
2877 3406 2942 3460 iis
2969 3420 3074 3460 non
3100 3409 3526 3469 communicare,

1969 3509 2062 3552 aut
2095 3513 2250 3551 sacra
2304 3498 2632 3551 celebrare:
2686 3498 2778 3550 sed
2841 3497 2894 3548 in
2956 3497 3090 3550 solis
3151 3497 3383 3566 propriis
3414 3498 3529 3552 suis

1966 3589 2207 3644 ecclesiis
2242 3586 2605 3656 acquiescere,
2635 3594 2689 3640 et
2723 3587 2772 3638 in
2805 3587 2871 3639 iis
2911 3600 3101 3639 munus
3135 3587 3304 3641 obire.

2505 3674 2735 3728 CANON
2771 3673 2983 3728 LXXX.

1972 3784 1990 3817 ι
2027 3764 2100 3818 De
2147 3764 2460 3818 Cresconio.
2517 3763 2590 3817 De
2634 3765 2928 3818 Cresconio
2987 3764 3364 3821 Balarecensio
3418 3767 3520 3820 hoc

2039 3876 2056 3908 ι
2093 3857 2343 3910 omnibus
2388 3857 2562 3908 Visum
2618 3865 2720 3921 est,
2753 3867 2809 3908 ut
2846 3858 2970 3910 hinc
2999 3871 3212 3926 quoque
3265 3857 3526 3911 Numidia:

2043 3963 2061 3996 ι
2099 3946 2315 4014 primati
2370 3947 2724 4014 significetur,
2751 3962 2857 4014 quo
2905 3949 3018 4012 ipse
3045 3948 3182 4001 sciat
3234 3963 3290 4002 se
3322 3949 3520 4003 debere

2041 4057 2058 4088 ι
2097 4049 2453 4093 memoratum
2507 4039 2858 4094 Cresconiunt
2892 4040 3003 4094 suis
3039 4041 3237 4093 litteris
3271 4041 3335 4092 ad
3386 4055 3517 4094 con-

2041 4146 2058 4178 ι
2103 4130 2429 4183 veniendum
2494 4131 2817 4194 adhortari;
2851 4139 2910 4183 ut
2965 4146 3068 4184 non
3103 4129 3318 4184 differat
3367 4146 3519 4185 suam

2042 4238 2059 4269 ι
2098 4220 2352 4274 exhibere
2375 4223 2714 4289 praesentiam
2745 4223 3000 4290 proximae.
3025 4221 3288 4276 universae
3317 4226 3523 4289 synodo

2038 4327 2057 4358 ι
2104 4307 2372 4362 Africana:
2407 4328 2419 4361 :
2453 4310 2533 4361 sin
2591 4318 2768 4362 autem
2804 4310 2992 4362 venire
3026 4309 3348 4376 neglexerit,
3384 4313 3521 4365 sciat

2049 4420 2068 4451 ι
2103 4415 2224 4456 esse
2254 4400 2516 4453 adversus
2541 4413 2599 4453 se
2629 4398 2897 4452 ferendam
2921 4400 3272 4454 sententiam.
3314 4419 3334 4451 ι

2035 4598 2230 4654 BALS.
2274 4597 2374 4652 Per
2419 4597 2765 4651 Cresconium
2801 4598 3024 4668 imponit
3074 4614 3245 4655 canon
3280 4606 3517 4658 necessi-

1959 4696 2122 4742 tatem
2156 4687 2445 4755 episcOpis,
2479 4695 2534 4739 ut
2575 4687 2626 4739 in
2662 4687 2884 4755 synodis
2911 4689 3354 4744 inexcusabiliter
3384 4708 3518 4747 con-

1959 4780 2230 4833 veniant:
2282 4793 2334 4834 et
2366 4783 2455 4845 iis,
2511 4781 2601 4848 qui
2642 4785 2930 4836 convenire
2979 4786 3275 4856 negligunt,
3321 4792 3520 4844 conde-

1963 4873 2290 4925 mnationem
2325 4873 2706 4925 comminatur.
2741 4870 2868 4939 Ejus
2919 4887 3096 4929 autem
3152 4877 3379 4931 formam
3410 4896 3515 4934 non

1958 4961 2234 5030 exprimit.
2286 4961 2389 5015 Sed
2447 4977 2615 5015 canon
2645 4963 2889 5033 ﬁsynodi
2934 4965 2964 5016 7
3021 4969 3367 5036 magistratus
3400 4973 3516 5037 qni-

1959 5052 2107 5113 dem,
2135 5052 2224 5118 qui
2264 5052 2569 5120 impediunt
2597 5055 2888 5120 quominus
2919 5056 3049 5110 liant
3081 5074 3273 5113 annua:
3302 5066 3512 5130 synodi,

1959 5142 2319 5208 segregandos
2380 5143 2621 5194 decernit
2657 5161 2670 5196 :
2705 5148 3149 5213 metropolitanos
3183 5162 3387 5214 autem,
3423 5157 3513 5220 qui

1957 5228 2080 5282 sine
2113 5232 2256 5297 justa
2307 5246 2471 5284 causa
2524 5231 2635 5285 haec
2686 5234 2985 5302 negligunt,
3030 5240 3307 5293 canonicis
3336 5245 3512 5310 ponis

1954 5318 2329 5385 subjiciendus.
2392 5321 2587 5384 Quales
2643 5335 2819 5378 autem
2875 5336 2931 5379 et
2983 5344 3229 5395 qurnant
3263 5334 3369 5383 sint
3422 5349 3498 5387 ea:

1955 5424 2149 5478 poenas,
2208 5425 2463 5477 expresse
2519 5413 2776 5480 scriptum
2837 5431 2940 5469 non
2989 5429 3088 5470 est.
3152 5417 3219 5473 Ut
3275 5433 3355 5474 est
3382 5441 3511 5493 ergo

1954 5500 2273 5562 verisimile,
2305 5515 2382 5554 ea:
2441 5512 2564 5555 sunt
2593 5518 2711 5570 qua:
2747 5506 2799 5558 in
2835 5508 3115 5572 superiore
3141 5525 3346 5565 canone
3376 5529 3509 5568 c0n-

1955 5590 2213 5642 tincntur.
2241 5588 2380 5660 Lege
2408 5603 2460 5645 et
2486 5592 2687 5646 dictum
2707 5610 2966 5649 cauonem
2995 5597 3028 5649 6
3050 5603 3236 5668 synodi
3270 5608 3508 5670 septimm

1953 5683 2006 5726 et
2035 5690 2297 5732 canonem
2326 5679 2357 5734 6
2391 5684 2577 5749 synodi
2613 5687 2664 5739 in
2695 5684 2901 5756 Trullo,
2937 5699 2990 5744 et
3021 5706 3136 5759 qua
3179 5693 3232 5747 in
3260 5695 3345 5749 bis
3366 5697 3500 5750 scri~

1955 5776 2041 5834 pta
2074 5778 2216 5822 sunt.
