  <div class='ocr_page' id='page_1' title='image "/cluster/home/n/w/nwhite01/storage/ocr_20150623/138/uva.x030486987/176.png"; bbox 0 0 4148 6468; ppageno 0'>
   <div class='ocr_carea' id='block_1_1' title="bbox 281 382 382 443">
    <p class='ocr_par' dir='ltr' id='par_1_1' title="bbox 281 382 382 443">
     <span class='ocr_line' id='line_1_1' title="bbox 281 382 382 443; baseline 0.02 -2"><span class='ocrx_word' id='word_1_1' title='bbox 281 382 382 443; x_wconf 66' lang='grc'>993</span> 
     </span>
    </p>
   </div>
   <div class='ocr_carea' id='block_1_2' title="bbox 1256 386 2534 449">
    <p class='ocr_par' dir='ltr' id='par_1_2' title="bbox 1256 386 2534 449">
     <span class='ocr_line' id='line_1_2' title="bbox 1256 386 2534 449; baseline 0 -3"><span class='ocrx_word' id='word_1_2' title='bbox 1256 388 1336 447; x_wconf 77' lang='lat' dir='ltr'>1N</span> <span class='ocrx_word' id='word_1_3' title='bbox 1372 389 1534 449; x_wconf 75' lang='lat' dir='ltr'><strong>CAN.</strong></span> <span class='ocrx_word' id='word_1_4' title='bbox 1587 388 1886 448; x_wconf 75' lang='lat' dir='ltr'><strong>LXXXIII</strong></span> <span class='ocrx_word' id='word_1_5' title='bbox 1923 388 2130 449; x_wconf 74' lang='lat' dir='ltr'><strong>CONC.</strong></span> <span class='ocrx_word' id='word_1_6' title='bbox 2165 386 2534 447; x_wconf 51' lang='lat' dir='ltr'><strong>CAII&#39;I‘IIAG.</strong></span> 
     </span>
    </p>
   </div>
   <div class='ocr_carea' id='block_1_3' title="bbox 3410 387 3516 446">
    <p class='ocr_par' dir='ltr' id='par_1_3' title="bbox 3410 387 3516 446">
     <span class='ocr_line' id='line_1_3' title="bbox 3410 387 3516 446; baseline -0.009 0"><span class='ocrx_word' id='word_1_7' title='bbox 3410 387 3516 446; x_wconf 62' lang='lat' dir='ltr'><strong>29’s</strong></span> 
     </span>
    </p>
   </div>
   <div class='ocr_carea' id='block_1_4' title="bbox 282 493 1851 566">
    <p class='ocr_par' dir='ltr' id='par_1_4' title="bbox 282 493 1838 565">
     <span class='ocr_line' id='line_1_4' title="bbox 282 493 1838 565; baseline 0.001 -17"><span class='ocrx_word' id='word_1_8' title='bbox 282 493 618 563; x_wconf 71' lang='grc' dir='ltr'><strong>ποιουμένων</strong></span> <span class='ocrx_word' id='word_1_9' title='bbox 647 494 854 547; x_wconf 85' lang='grc' dir='ltr'>ἐκείνου</span> <span class='ocrx_word' id='word_1_10' title='bbox 892 495 1177 563; x_wconf 72' lang='grc' dir='ltr'><strong>ἐμποδίσαι</strong></span> <span class='ocrx_word' id='word_1_11' title='bbox 1203 499 1280 558; x_wconf 80' lang='grc' dir='ltr'>εἰς</span> <span class='ocrx_word' id='word_1_12' title='bbox 1307 498 1366 550; x_wconf 79' lang='grc' dir='ltr'>τὸ</span> <span class='ocrx_word' id='word_1_13' title='bbox 1397 500 1838 565; x_wconf 72' lang='grc' dir='ltr'>χειροτονηθῆναι</span> 
     </span>
    </p>
   </div>
   <div class='ocr_carea' id='block_1_5' title="bbox 1950 493 3514 566">
    <p class='ocr_par' dir='ltr' id='par_1_5' title="bbox 1950 495 3514 566">
     <span class='ocr_line' id='line_1_5' title="bbox 1950 495 3514 566; baseline 0.001 -18"><span class='ocrx_word' id='word_1_14' title='bbox 1950 498 2098 560; x_wconf 86' lang='lat' dir='ltr'><strong>dire,</strong></span> <span class='ocrx_word' id='word_1_15' title='bbox 2155 498 2444 566; x_wconf 84' lang='lat' dir='ltr'><strong>quominus</strong></span> <span class='ocrx_word' id='word_1_16' title='bbox 2509 495 2574 549; x_wconf 84' lang='lat' dir='ltr'><strong>ad</strong></span> <span class='ocrx_word' id='word_1_17' title='bbox 2660 495 2932 562; x_wconf 71' lang='lat' dir='ltr'><strong>Ecclesia),</strong></span> <span class='ocrx_word' id='word_1_18' title='bbox 2993 497 3177 550; x_wconf 84' lang='lat' dir='ltr'><strong>tandiu</strong></span> <span class='ocrx_word' id='word_1_19' title='bbox 3260 498 3514 565; x_wconf 74' lang='lat' dir='ltr'><strong>episcopo</strong></span> 
     </span>
    </p>
   </div>
   <div class='ocr_carea' id='block_1_6' title="bbox 281 585 1847 657">
    <p class='ocr_par' dir='ltr' id='par_1_6' title="bbox 281 585 1847 657">
     <span class='ocr_line' id='line_1_6' title="bbox 281 585 1847 657; baseline 0.003 -23"><span class='ocrx_word' id='word_1_20' title='bbox 281 585 582 636; x_wconf 77' lang='grc' dir='ltr'>ἐπίσκοπον</span> <span class='ocrx_word' id='word_1_21' title='bbox 613 587 689 646; x_wconf 87' lang='grc' dir='ltr'><strong>είς</strong></span> <span class='ocrx_word' id='word_1_22' title='bbox 720 585 984 650; x_wconf 81' lang='grc' dir='ltr'>ὠφέλειαν</span> <span class='ocrx_word' id='word_1_23' title='bbox 1015 587 1111 652; x_wconf 77' lang='grc' dir='ltr'>τῆς</span> <span class='ocrx_word' id='word_1_24' title='bbox 1144 588 1454 657; x_wconf 70' lang='grc' dir='ltr'><strong>ἐκκλησίας,</strong></span> <span class='ocrx_word' id='word_1_25' title='bbox 1488 586 1585 652; x_wconf 74' lang='grc' dir='ltr'>τῆς</span> <span class='ocrx_word' id='word_1_26' title='bbox 1625 587 1720 638; x_wconf 75' lang='grc' dir='ltr'><strong>ἐπὶ</strong></span> <span class='ocrx_word' id='word_1_27' title='bbox 1759 604 1847 638; x_wconf 81' lang='grc' dir='ltr'>το-</span> 
     </span>
    </p>
   </div>
   <div class='ocr_carea' id='block_1_7' title="bbox 288 675 1740 748">
    <p class='ocr_par' dir='ltr' id='par_1_7' title="bbox 288 675 1740 748">
     <span class='ocr_line' id='line_1_7' title="bbox 288 675 1740 748; baseline 0.003 -22"><span class='ocrx_word' id='word_1_28' title='bbox 288 675 478 728; x_wconf 63' lang='grc' dir='ltr'>σοῦτον</span> <span class='ocrx_word' id='word_1_29' title='bbox 506 677 698 745; x_wconf 82' lang='grc' dir='ltr'>χρόνον</span> <span class='ocrx_word' id='word_1_30' title='bbox 735 677 900 744; x_wconf 68' lang='grc' dir='ltr'>χωρὶς</span> <span class='ocrx_word' id='word_1_31' title='bbox 936 677 1236 729; x_wconf 75' lang='grc' dir='ltr'><strong>ἐπισκόπου</strong></span> <span class='ocrx_word' id='word_1_32' title='bbox 1271 678 1740 748; x_wconf 64' lang='grc' dir='ltr'><strong>καταλειφθείσης.</strong></span> 
     </span>
    </p>
   </div>
   <div class='ocr_carea' id='block_1_8' title="bbox 883 766 1274 820">
    <p class='ocr_par' dir='ltr' id='par_1_8' title="bbox 883 766 1274 820">
     <span class='ocr_line' id='line_1_8' title="bbox 883 766 1274 820; baseline 0.005 -2"><span class='ocrx_word' id='word_1_33' title='bbox 883 767 1121 818; x_wconf 75' lang='grc' dir='ltr'><strong>ΚΑΝΩΝ</strong></span> <span class='ocrx_word' id='word_1_34' title='bbox 1154 766 1274 820; x_wconf 84' lang='lat' dir='ltr'><strong>llB&#39;.</strong></span> 
     </span>
    </p>
   </div>
   <div class='ocr_carea' id='block_1_9' title="bbox 292 857 1849 926">
    <p class='ocr_par' dir='ltr' id='par_1_9' title="bbox 292 857 1849 926">
     <span class='ocr_line' id='line_1_9' title="bbox 292 857 1849 926; baseline 0.003 -22"><span class='ocrx_word' id='word_1_35' title='bbox 292 874 303 904; x_wconf 85' lang='grc' dir='ltr'><strong>ι</strong></span> <span class='ocrx_word' id='word_1_36' title='bbox 357 859 491 926; x_wconf 73' lang='grc' dir='ltr'>Περὶ</span> <span class='ocrx_word' id='word_1_37' title='bbox 520 857 628 908; x_wconf 82' lang='grc' dir='ltr'><strong>τῶν</strong></span> <span class='ocrx_word' id='word_1_38' title='bbox 661 857 733 924; x_wconf 65' lang='grc' dir='ltr'>μὴ</span> <span class='ocrx_word' id='word_1_39' title='bbox 765 857 1158 924; x_wconf 72' lang='grc' dir='ltr'><strong>φροντιζόντων</strong></span> <span class='ocrx_word' id='word_1_40' title='bbox 1190 858 1468 926; x_wconf 80' lang='grc' dir='ltr'>κληρικῶν</span> <span class='ocrx_word' id='word_1_41' title='bbox 1495 860 1643 920; x_wconf 82' lang='grc' dir='ltr'>ἐντὸς</span> <span class='ocrx_word' id='word_1_42' title='bbox 1670 862 1849 911; x_wconf 80' lang='grc' dir='ltr'>ἐνιαυ-</span> 
     </span>
    </p>
   </div>
   <div class='ocr_carea' id='block_1_10' title="bbox 362 947 1849 1017">
    <p class='ocr_par' dir='ltr' id='par_1_10' title="bbox 362 947 1849 1017">
     <span class='ocr_line' id='line_1_10' title="bbox 362 947 1849 1017; baseline -0.001 -18"><span class='ocrx_word' id='word_1_43' title='bbox 362 969 378 999; x_wconf 84' lang='grc' dir='ltr'><strong>ι</strong></span> <span class='ocrx_word' id='word_1_44' title='bbox 427 947 518 999; x_wconf 83' lang='grc' dir='ltr'><strong>τοῦ</strong></span> <span class='ocrx_word' id='word_1_45' title='bbox 542 947 745 1015; x_wconf 78' lang='grc' dir='ltr'>πρᾶξαι</span> <span class='ocrx_word' id='word_1_46' title='bbox 772 947 831 998; x_wconf 79' lang='grc' dir='ltr'><strong>τὸ</strong></span> <span class='ocrx_word' id='word_1_47' title='bbox 852 949 984 1000; x_wconf 84' lang='grc' dir='ltr'>ίδιον</span> <span class='ocrx_word' id='word_1_48' title='bbox 1010 952 1256 1016; x_wconf 82' lang='grc' dir='ltr'>πρᾶγμα.</span> <span class='ocrx_word' id='word_1_49' title='bbox 1289 951 1454 1001; x_wconf 79' lang='grc' dir='ltr'>Πάλιν</span> <span class='ocrx_word' id='word_1_50' title='bbox 1485 949 1715 1017; x_wconf 71' lang='grc' dir='ltr'>ὡρίσθη,</span> <span class='ocrx_word' id='word_1_51' title='bbox 1745 950 1791 998; x_wconf 78' lang='grc' dir='ltr'><strong>ἵν</strong></span> <span class='ocrx_word' id='word_1_52' title='bbox 1805 969 1849 1013; x_wconf 86' lang='lat'><strong>1,</strong></span> 
     </span>
    </p>
   </div>
   <div class='ocr_carea' id='block_1_11' title="bbox 365 1038 1851 1109">
    <p class='ocr_par' dir='ltr' id='par_1_11' title="bbox 365 1038 1851 1109">
     <span class='ocr_line' id='line_1_11' title="bbox 365 1038 1851 1109; baseline 0.003 -22"><span class='ocrx_word' id='word_1_53' title='bbox 365 1056 381 1087; x_wconf 84' lang='grc' dir='ltr'>ι</span> <span class='ocrx_word' id='word_1_54' title='bbox 427 1039 613 1098; x_wconf 75' lang='grc' dir='ltr'>ὁσάκις</span> <span class='ocrx_word' id='word_1_55' title='bbox 642 1038 919 1106; x_wconf 81' lang='grc' dir='ltr'>κληρικῶν</span> <span class='ocrx_word' id='word_1_56' title='bbox 943 1039 1324 1107; x_wconf 76' lang='grc' dir='ltr'><strong>ἐλεγχθέντων,</strong></span> <span class='ocrx_word' id='word_1_57' title='bbox 1350 1043 1440 1092; x_wconf 85' lang='grc' dir='ltr'><strong>καὶ</strong></span> <span class='ocrx_word' id='word_1_58' title='bbox 1466 1041 1851 1109; x_wconf 84' lang='grc' dir='ltr'>καταθεμένων</span> 
     </span>
    </p>
   </div>
   <div class='ocr_carea' id='block_1_12' title="bbox 357 1127 1851 1199">
    <p class='ocr_par' dir='ltr' id='par_1_12' title="bbox 357 1127 1851 1199">
     <span class='ocr_line' id='line_1_12' title="bbox 357 1127 1851 1199; baseline 0.003 -23"><span class='ocrx_word' id='word_1_59' title='bbox 357 1147 372 1176; x_wconf 85' lang='grc' dir='ltr'><strong>ι</strong></span> <span class='ocrx_word' id='word_1_60' title='bbox 421 1127 540 1177; x_wconf 77' lang='grc' dir='ltr'>τινα</span> <span class='ocrx_word' id='word_1_61' title='bbox 567 1128 882 1194; x_wconf 68' lang='grc' dir='ltr'>ἐγκλήματα</span> <span class='ocrx_word' id='word_1_62' title='bbox 905 1129 1012 1179; x_wconf 75' lang='grc' dir='ltr'>εἴτε</span> <span class='ocrx_word' id='word_1_63' title='bbox 1044 1129 1131 1180; x_wconf 71' lang='grc' dir='ltr'><strong>διὰ</strong></span> <span class='ocrx_word' id='word_1_64' title='bbox 1160 1129 1218 1181; x_wconf 77' lang='grc' dir='ltr'><strong>τὸ</strong></span> <span class='ocrx_word' id='word_1_65' title='bbox 1251 1131 1349 1198; x_wconf 70' lang='grc' dir='ltr'>τῆς</span> <span class='ocrx_word' id='word_1_66' title='bbox 1383 1131 1673 1199; x_wconf 70' lang='grc' dir='ltr'>ἐκκλησίας</span> <span class='ocrx_word' id='word_1_67' title='bbox 1710 1132 1851 1182; x_wconf 67' lang='lat' dir='ltr'><strong>sm.</strong></span> 
     </span>
    </p>
   </div>
   <div class='ocr_carea' id='block_1_13' title="bbox 359 1215 1849 1290">
    <p class='ocr_par' dir='ltr' id='par_1_13' title="bbox 359 1215 1849 1290">
     <span class='ocr_line' id='line_1_13' title="bbox 359 1215 1849 1290; baseline 0.004 -24"><span class='ocrx_word' id='word_1_68' title='bbox 359 1239 374 1266; x_wconf 84' lang='grc' dir='ltr'><strong>ι</strong></span> <span class='ocrx_word' id='word_1_69' title='bbox 423 1217 511 1279; x_wconf 82' lang='grc' dir='ltr'><strong>δος</strong></span> <span class='ocrx_word' id='word_1_70' title='bbox 536 1219 643 1268; x_wconf 75' lang='grc' dir='ltr'>εἴτε</span> <span class='ocrx_word' id='word_1_71' title='bbox 673 1217 758 1269; x_wconf 80' lang='grc' dir='ltr'><strong>διὰ</strong></span> <span class='ocrx_word' id='word_1_72' title='bbox 781 1220 878 1287; x_wconf 74' lang='grc' dir='ltr'><strong>τὴν</strong></span> <span class='ocrx_word' id='word_1_73' title='bbox 911 1219 1312 1288; x_wconf 79' lang='grc' dir='ltr'>αἰδεσιμότητα,</span> <span class='ocrx_word' id='word_1_74' title='bbox 1344 1215 1436 1289; x_wconf 83' lang='grc' dir='ltr'><strong>(ὦν</strong></span> <span class='ocrx_word' id='word_1_75' title='bbox 1461 1222 1620 1290; x_wconf 81' lang='grc' dir='ltr'><strong>χάριν</strong></span> <span class='ocrx_word' id='word_1_76' title='bbox 1643 1229 1849 1283; x_wconf 65' lang='grc' dir='ltr'>τούτοις</span> 
     </span>
    </p>
   </div>
   <div class='ocr_carea' id='block_1_14' title="bbox 358 1307 1852 1381">
    <p class='ocr_par' dir='ltr' id='par_1_14' title="bbox 358 1307 1852 1381">
     <span class='ocr_line' id='line_1_14' title="bbox 358 1307 1852 1381; baseline 0.007 -27"><span class='ocrx_word' id='word_1_77' title='bbox 358 1325 374 1354; x_wconf 85' lang='grc' dir='ltr'><strong>ι</strong></span> <span class='ocrx_word' id='word_1_78' title='bbox 421 1307 632 1372; x_wconf 86' lang='grc' dir='ltr'>γίνεται</span> <span class='ocrx_word' id='word_1_79' title='bbox 660 1307 871 1374; x_wconf 83' lang='grc' dir='ltr'>φειδὼ),</span> <span class='ocrx_word' id='word_1_80' title='bbox 903 1309 1011 1359; x_wconf 79' lang='grc' dir='ltr'>εἴτε</span> <span class='ocrx_word' id='word_1_81' title='bbox 1033 1309 1119 1360; x_wconf 77' lang='grc' dir='ltr'>διὰ</span> <span class='ocrx_word' id='word_1_82' title='bbox 1144 1309 1241 1375; x_wconf 73' lang='grc' dir='ltr'>τὴν</span> <span class='ocrx_word' id='word_1_83' title='bbox 1259 1311 1487 1371; x_wconf 76' lang='grc' dir='ltr'><strong>ἀλαζόνα</strong></span> <span class='ocrx_word' id='word_1_84' title='bbox 1518 1311 1624 1363; x_wconf 81' lang='grc' dir='ltr'>τῶν</span> <span class='ocrx_word' id='word_1_85' title='bbox 1653 1312 1852 1381; x_wconf 73' lang='grc' dir='ltr'>αἱρετι-</span> 
     </span>
    </p>
   </div>
   <div class='ocr_carea' id='block_1_15' title="bbox 358 1401 1849 1471">
    <p class='ocr_par' dir='ltr' id='par_1_15' title="bbox 358 1401 1849 1471">
     <span class='ocr_line' id='line_1_15' title="bbox 358 1401 1849 1471; baseline 0.003 -20"><span class='ocrx_word' id='word_1_86' title='bbox 358 1419 374 1450; x_wconf 89' lang='grc' dir='ltr'>ι</span> <span class='ocrx_word' id='word_1_87' title='bbox 425 1401 536 1452; x_wconf 82' lang='grc' dir='ltr'><strong>κῶν</strong></span> <span class='ocrx_word' id='word_1_88' title='bbox 582 1403 676 1452; x_wconf 75' lang='grc' dir='ltr'>καὶ</span> <span class='ocrx_word' id='word_1_89' title='bbox 707 1403 931 1452; x_wconf 82' lang='grc' dir='ltr'>ἐθνικῶν</span> <span class='ocrx_word' id='word_1_90' title='bbox 972 1403 1380 1471; x_wconf 84' lang='grc' dir='ltr'>ἐπιγαυρίασιν,</span> <span class='ocrx_word' id='word_1_91' title='bbox 1417 1405 1532 1467; x_wconf 83' lang='grc' dir='ltr'>ἐὰν,</span> <span class='ocrx_word' id='word_1_92' title='bbox 1575 1405 1647 1466; x_wconf 84' lang='grc' dir='ltr'>ὡς</span> <span class='ocrx_word' id='word_1_93' title='bbox 1684 1406 1849 1467; x_wconf 79' lang='grc' dir='ltr'>είκδς,</span> 
     </span>
    </p>
   </div>
   <div class='ocr_carea' id='block_1_16' title="bbox 359 1490 1853 1563">
    <p class='ocr_par' dir='ltr' id='par_1_16' title="bbox 359 1490 1853 1563">
     <span class='ocr_line' id='line_1_16' title="bbox 359 1490 1853 1563; baseline 0.005 -25"><span class='ocrx_word' id='word_1_94' title='bbox 359 1509 374 1538; x_wconf 89' lang='grc' dir='ltr'><strong>ι</strong></span> <span class='ocrx_word' id='word_1_95' title='bbox 421 1491 861 1557; x_wconf 81' lang='grc' dir='ltr'>ἐπαγωνίσασθαι</span> <span class='ocrx_word' id='word_1_96' title='bbox 891 1490 966 1557; x_wconf 77' lang='grc' dir='ltr'><strong>τῷ</strong></span> <span class='ocrx_word' id='word_1_97' title='bbox 999 1491 1113 1560; x_wconf 75' lang='grc' dir='ltr'>ἰδίῳ</span> <span class='ocrx_word' id='word_1_98' title='bbox 1142 1494 1448 1561; x_wconf 77' lang='grc' dir='ltr'>πράγματι,</span> <span class='ocrx_word' id='word_1_99' title='bbox 1478 1496 1566 1546; x_wconf 70' lang='grc' dir='ltr'>καὶ</span> <span class='ocrx_word' id='word_1_100' title='bbox 1594 1495 1686 1563; x_wconf 81' lang='grc' dir='ltr'>τῆς</span> <span class='ocrx_word' id='word_1_101' title='bbox 1721 1495 1853 1556; x_wconf 87' lang='grc' dir='ltr'>ίδίας</span> 
     </span>
    </p>
   </div>
   <div class='ocr_carea' id='block_1_17' title="bbox 361 1581 1854 1654">
    <p class='ocr_par' dir='ltr' id='par_1_17' title="bbox 361 1581 1854 1654">
     <span class='ocr_line' id='line_1_17' title="bbox 361 1581 1854 1654; baseline 0.004 -24"><span class='ocrx_word' id='word_1_102' title='bbox 361 1599 376 1630; x_wconf 88' lang='grc' dir='ltr'>ι</span> <span class='ocrx_word' id='word_1_103' title='bbox 427 1581 714 1640; x_wconf 69' lang='grc' dir='ltr'>ἁϐὶαεείας</span> <span class='ocrx_word' id='word_1_104' title='bbox 743 1581 1023 1646; x_wconf 76' lang='grc' dir='ltr'>φροντίσαι</span> <span class='ocrx_word' id='word_1_105' title='bbox 1048 1582 1362 1651; x_wconf 70' lang='grc' dir='ltr'>θελήσωσιν.</span> <span class='ocrx_word' id='word_1_106' title='bbox 1391 1586 1536 1645; x_wconf 80' lang='grc' dir='ltr'>ἐντὸς</span> <span class='ocrx_word' id='word_1_107' title='bbox 1560 1587 1854 1654; x_wconf 76' lang='grc' dir='ltr'>ἀκοινωνη-</span> 
     </span>
    </p>
   </div>
   <div class='ocr_carea' id='block_1_18' title="bbox 360 1670 1853 1740">
    <p class='ocr_par' dir='ltr' id='par_1_18' title="bbox 360 1670 1853 1740">
     <span class='ocr_line' id='line_1_18' title="bbox 360 1670 1853 1740; baseline 0.001 -17"><span class='ocrx_word' id='word_1_108' title='bbox 360 1691 375 1723; x_wconf 76' lang='grc' dir='ltr'><strong>ι</strong></span> <span class='ocrx_word' id='word_1_109' title='bbox 427 1674 545 1734; x_wconf 90' lang='grc' dir='ltr'>σίας</span> <span class='ocrx_word' id='word_1_110' title='bbox 589 1670 831 1723; x_wconf 79' lang='grc' dir='ltr'>ἐνιαυτοῦ</span> <span class='ocrx_word' id='word_1_111' title='bbox 884 1671 1039 1723; x_wconf 85' lang='grc' dir='ltr'>τοῦτο</span> <span class='ocrx_word' id='word_1_112' title='bbox 1088 1674 1416 1740; x_wconf 75' lang='grc' dir='ltr'>ποιήσωσινο</span> <span class='ocrx_word' id='word_1_113' title='bbox 1469 1675 1564 1726; x_wconf 81' lang='grc' dir='ltr'>ἐὰν</span> <span class='ocrx_word' id='word_1_114' title='bbox 1611 1675 1663 1726; x_wconf 83' lang='grc' dir='ltr'>δὲ</span> <span class='ocrx_word' id='word_1_115' title='bbox 1706 1673 1853 1734; x_wconf 80' lang='grc' dir='ltr'>ἐντὸς</span> 
     </span>
    </p>
   </div>
   <div class='ocr_carea' id='block_1_19' title="bbox 357 1761 1856 1831">
    <p class='ocr_par' dir='ltr' id='par_1_19' title="bbox 357 1761 1856 1831">
     <span class='ocr_line' id='line_1_19' title="bbox 357 1761 1856 1831; baseline 0.001 -19"><span class='ocrx_word' id='word_1_116' title='bbox 357 1783 374 1812; x_wconf 81' lang='grc' dir='ltr'><strong>ι</strong></span> <span class='ocrx_word' id='word_1_117' title='bbox 422 1761 664 1814; x_wconf 73' lang='grc' dir='ltr'>ἐνιαυτοῦ</span> <span class='ocrx_word' id='word_1_118' title='bbox 691 1767 750 1812; x_wconf 83' lang='grc' dir='ltr'><strong>τὸ</strong></span> <span class='ocrx_word' id='word_1_119' title='bbox 786 1763 1012 1829; x_wconf 72' lang='grc' dir='ltr'>πρᾶγμα</span> <span class='ocrx_word' id='word_1_120' title='bbox 1045 1762 1225 1814; x_wconf 72' lang='grc' dir='ltr'>αὐτῶν</span> <span class='ocrx_word' id='word_1_121' title='bbox 1255 1762 1489 1830; x_wconf 80' lang='grc' dir='ltr'>καθᾶραι</span> <span class='ocrx_word' id='word_1_122' title='bbox 1515 1764 1856 1831; x_wconf 80' lang='grc' dir='ltr'>καταφρονή-</span> 
     </span>
    </p>
   </div>
   <div class='ocr_carea' id='block_1_20' title="bbox 359 1835 1928 1922">
    <p class='ocr_par' dir='ltr' id='par_1_20' title="bbox 359 1835 1928 1922">
     <span class='ocr_line' id='line_1_20' title="bbox 359 1835 1928 1922; baseline 0.001 -20"><span class='ocrx_word' id='word_1_123' title='bbox 359 1871 375 1902; x_wconf 87' lang='grc' dir='ltr'><strong>ι</strong></span> <span class='ocrx_word' id='word_1_124' title='bbox 428 1869 559 1902; x_wconf 87' lang='grc' dir='ltr'>σωσι</span> <span class='ocrx_word' id='word_1_125' title='bbox 592 1850 828 1918; x_wconf 74' lang='grc' dir='ltr'>μηδεμία</span> <span class='ocrx_word' id='word_1_126' title='bbox 848 1850 1050 1902; x_wconf 86' lang='grc' dir='ltr'>τούτων</span> <span class='ocrx_word' id='word_1_127' title='bbox 1078 1851 1168 1902; x_wconf 81' lang='grc' dir='ltr'><strong>τοῦ</strong></span> <span class='ocrx_word' id='word_1_128' title='bbox 1191 1852 1374 1903; x_wconf 80' lang='grc' dir='ltr'>λοιποῦ</span> <span class='ocrx_word' id='word_1_129' title='bbox 1407 1854 1554 1922; x_wconf 76' lang='grc' dir='ltr'>φωνὴ</span> <span class='ocrx_word' id='word_1_130' title='bbox 1577 1854 1851 1914; x_wconf 81' lang='grc' dir='ltr'>παντελῶς</span> <span class='ocrx_word' id='word_1_131' title='bbox 1887 1835 1928 1892; x_wconf 75' lang='grc' dir='ltr'><strong><em>Β</em></strong></span> 
     </span>
    </p>
   </div>
   <div class='ocr_carea' id='block_1_21' title="bbox 359 1943 801 2012">
    <p class='ocr_par' dir='ltr' id='par_1_21' title="bbox 359 1943 801 2012">
     <span class='ocr_line' id='line_1_21' title="bbox 359 1943 801 2012; baseline -0.002 -17"><span class='ocrx_word' id='word_1_132' title='bbox 359 1963 376 1995; x_wconf 80' lang='grc' dir='ltr'><strong>ι</strong></span> <span class='ocrx_word' id='word_1_133' title='bbox 427 1943 801 2012; x_wconf 80' lang='grc' dir='ltr'>προσδεχθείη.</span> 
     </span>
    </p>
   </div>
   <div class='ocr_carea' id='block_1_22' title="bbox 351 2031 1846 2106">
    <p class='ocr_par' dir='ltr' id='par_1_22' title="bbox 351 2031 1846 2106">
     <span class='ocr_line' id='line_1_22' title="bbox 351 2031 1846 2106; baseline 0.005 -21"><span class='ocrx_word' id='word_1_134' title='bbox 351 2034 548 2086; x_wconf 75' lang='grc' dir='ltr'><strong>ΒΑΛΣ.</strong></span> <span class='ocrx_word' id='word_1_135' title='bbox 586 2032 642 2084; x_wconf 86' lang='grc' dir='ltr'><strong>Ὀ</strong></span> <span class='ocrx_word' id='word_1_136' title='bbox 668 2032 852 2102; x_wconf 82' lang='grc' dir='ltr'>παρὼν</span> <span class='ocrx_word' id='word_1_137' title='bbox 875 2031 1054 2086; x_wconf 84' lang='grc' dir='ltr'>κανὼν</span> <span class='ocrx_word' id='word_1_138' title='bbox 1077 2034 1365 2102; x_wconf 75' lang='grc' dir='ltr'>διορίζεται</span> <span class='ocrx_word' id='word_1_139' title='bbox 1386 2035 1510 2098; x_wconf 79' lang='grc' dir='ltr'>τοὺς</span> <span class='ocrx_word' id='word_1_140' title='bbox 1535 2036 1846 2106; x_wconf 78' lang='grc' dir='ltr'>κληρικοὺς,</span> 
     </span>
    </p>
   </div>
   <div class='ocr_carea' id='block_1_23' title="bbox 281 2123 1850 2194">
    <p class='ocr_par' dir='ltr' id='par_1_23' title="bbox 281 2123 1850 2194">
     <span class='ocr_line' id='line_1_23' title="bbox 281 2123 1850 2194; baseline 0.003 -20"><span class='ocrx_word' id='word_1_141' title='bbox 281 2127 406 2186; x_wconf 77' lang='grc' dir='ltr'>τοὺς</span> <span class='ocrx_word' id='word_1_142' title='bbox 453 2125 542 2176; x_wconf 75' lang='grc' dir='ltr'><strong>διὰ</strong></span> <span class='ocrx_word' id='word_1_143' title='bbox 575 2138 696 2176; x_wconf 85' lang='grc' dir='ltr'>τινα</span> <span class='ocrx_word' id='word_1_144' title='bbox 741 2124 1059 2190; x_wconf 77' lang='grc' dir='ltr'>ἐγκλήματα</span> <span class='ocrx_word' id='word_1_145' title='bbox 1092 2123 1446 2192; x_wconf 76' lang='grc' dir='ltr'>ἐλεγχθέντας</span> <span class='ocrx_word' id='word_1_146' title='bbox 1472 2165 1484 2186; x_wconf 96' lang='grc'><strong>,</strong></span> <span class='ocrx_word' id='word_1_147' title='bbox 1520 2126 1638 2194; x_wconf 75' lang='grc' dir='ltr'>ἦτοι</span> <span class='ocrx_word' id='word_1_148' title='bbox 1677 2143 1850 2180; x_wconf 77' lang='grc' dir='ltr'>καταο</span> 
     </span>
    </p>
   </div>
   <div class='ocr_carea' id='block_1_24' title="bbox 286 2213 1850 2285">
    <p class='ocr_par' dir='ltr' id='par_1_24' title="bbox 286 2213 1850 2285">
     <span class='ocr_line' id='line_1_24' title="bbox 286 2213 1850 2285; baseline 0.002 -19"><span class='ocrx_word' id='word_1_149' title='bbox 286 2215 736 2285; x_wconf 74' lang='grc' dir='ltr'>μαρτυρηθέντας</span> <span class='ocrx_word' id='word_1_150' title='bbox 769 2215 874 2265; x_wconf 80' lang='grc' dir='ltr'><strong>ἀπὸ</strong></span> <span class='ocrx_word' id='word_1_151' title='bbox 906 2213 1249 2282; x_wconf 68' lang='grc' dir='ltr'>προλήψεως,</span> <span class='ocrx_word' id='word_1_152' title='bbox 1285 2216 1597 2282; x_wconf 77' lang='grc' dir='ltr'>φροντίζειν</span> <span class='ocrx_word' id='word_1_153' title='bbox 1629 2217 1721 2269; x_wconf 91' lang='grc' dir='ltr'><strong>τοῦ</strong></span> <span class='ocrx_word' id='word_1_154' title='bbox 1754 2233 1850 2268; x_wconf 87' lang='grc' dir='ltr'><strong>πε-</strong></span> 
     </span>
    </p>
   </div>
   <div class='ocr_carea' id='block_1_25' title="bbox 288 2305 1848 2373">
    <p class='ocr_par' dir='ltr' id='par_1_25' title="bbox 288 2305 1848 2373">
     <span class='ocr_line' id='line_1_25' title="bbox 288 2305 1848 2373; baseline 0.001 -16"><span class='ocrx_word' id='word_1_155' title='bbox 288 2307 598 2373; x_wconf 78' lang='grc' dir='ltr'>ρατωθῆναι</span> <span class='ocrx_word' id='word_1_156' title='bbox 620 2305 715 2365; x_wconf 83' lang='grc' dir='ltr'>τὰς</span> <span class='ocrx_word' id='word_1_157' title='bbox 741 2305 860 2357; x_wconf 76' lang='grc' dir='ltr'>κατ’</span> <span class='ocrx_word' id='word_1_158' title='bbox 881 2305 1058 2355; x_wconf 80' lang='grc' dir='ltr'>αὐτῶν</span> <span class='ocrx_word' id='word_1_159' title='bbox 1087 2305 1369 2365; x_wconf 71' lang='grc' dir='ltr'>ὑποθέσεις</span> <span class='ocrx_word' id='word_1_160' title='bbox 1395 2306 1542 2367; x_wconf 75' lang='grc' dir='ltr'>ἐντὸς</span> <span class='ocrx_word' id='word_1_161' title='bbox 1567 2307 1808 2359; x_wconf 79' lang='grc' dir='ltr'>ἐνιαυτοῦ</span> <span class='ocrx_word' id='word_1_162' title='bbox 1835 2323 1848 2336; x_wconf 89' lang='grc'><strong>·</strong></span> 
     </span>
    </p>
   </div>
   <div class='ocr_carea' id='block_1_26' title="bbox 284 2394 1853 2465">
    <p class='ocr_par' dir='ltr' id='par_1_26' title="bbox 284 2394 1853 2465">
     <span class='ocr_line' id='line_1_26' title="bbox 284 2394 1853 2465; baseline -0.001 -19"><span class='ocrx_word' id='word_1_163' title='bbox 284 2397 334 2447; x_wconf 84' lang='grc' dir='ltr'><strong>εί</strong></span> <span class='ocrx_word' id='word_1_164' title='bbox 361 2397 418 2446; x_wconf 82' lang='grc' dir='ltr'>δὲ</span> <span class='ocrx_word' id='word_1_165' title='bbox 454 2395 551 2463; x_wconf 81' lang='grc' dir='ltr'>μὴ,</span> <span class='ocrx_word' id='word_1_166' title='bbox 587 2394 993 2446; x_wconf 72' lang='grc' dir='ltr'>ἀποκλείεσθαι.</span> <span class='ocrx_word' id='word_1_167' title='bbox 1026 2394 1208 2446; x_wconf 83' lang='grc' dir='ltr'>Ταῦτα</span> <span class='ocrx_word' id='word_1_168' title='bbox 1232 2394 1288 2444; x_wconf 77' lang='grc' dir='ltr'><strong>δέ</strong></span> <span class='ocrx_word' id='word_1_169' title='bbox 1322 2397 1420 2444; x_wconf 70' lang='grc' dir='ltr'>οὐκ</span> <span class='ocrx_word' id='word_1_170' title='bbox 1449 2394 1730 2460; x_wconf 73' lang='grc' dir='ltr'>ἐνεργοῦσι</span> <span class='ocrx_word' id='word_1_171' title='bbox 1762 2397 1853 2465; x_wconf 83' lang='grc' dir='ltr'><strong>σή-</strong></span> 
     </span>
    </p>
   </div>
   <div class='ocr_carea' id='block_1_27' title="bbox 287 2483 1851 2554">
    <p class='ocr_par' dir='ltr' id='par_1_27' title="bbox 287 2483 1851 2554">
     <span class='ocr_line' id='line_1_27' title="bbox 287 2483 1851 2554; baseline -0.001 -16"><span class='ocrx_word' id='word_1_172' title='bbox 287 2503 472 2554; x_wconf 80' lang='grc' dir='ltr'>μερον,</span> <span class='ocrx_word' id='word_1_173' title='bbox 508 2485 594 2537; x_wconf 66' lang='grc' dir='ltr'>διὰ</span> <span class='ocrx_word' id='word_1_174' title='bbox 638 2485 698 2534; x_wconf 84' lang='grc' dir='ltr'><strong>τὸ</strong></span> <span class='ocrx_word' id='word_1_175' title='bbox 731 2485 837 2534; x_wconf 80' lang='grc' dir='ltr'><strong>ἀπὸ</strong></span> <span class='ocrx_word' id='word_1_176' title='bbox 871 2483 1142 2554; x_wconf 82' lang='grc' dir='ltr'>διαφόρων</span> <span class='ocrx_word' id='word_1_177' title='bbox 1175 2484 1403 2551; x_wconf 84' lang='grc' dir='ltr'>Νεαρῶν</span> <span class='ocrx_word' id='word_1_178' title='bbox 1433 2487 1609 2537; x_wconf 83' lang='grc' dir='ltr'>πᾶσαν</span> <span class='ocrx_word' id='word_1_179' title='bbox 1659 2486 1851 2554; x_wconf 75' lang='grc' dir='ltr'>ἐγκληο</span> 
     </span>
    </p>
   </div>
   <div class='ocr_carea' id='block_1_28' title="bbox 286 2574 1852 2644">
    <p class='ocr_par' dir='ltr' id='par_1_28' title="bbox 286 2574 1852 2644">
     <span class='ocr_line' id='line_1_28' title="bbox 286 2574 1852 2644; baseline 0.001 -18"><span class='ocrx_word' id='word_1_180' title='bbox 286 2575 527 2644; x_wconf 73' lang='grc' dir='ltr'>ματικην</span> <span class='ocrx_word' id='word_1_181' title='bbox 593 2574 847 2626; x_wconf 78' lang='grc' dir='ltr'>ὑπόθεσιν</span> <span class='ocrx_word' id='word_1_182' title='bbox 919 2576 997 2635; x_wconf 88' lang='grc' dir='ltr'>εἰς</span> <span class='ocrx_word' id='word_1_183' title='bbox 1058 2574 1278 2643; x_wconf 78' lang='grc' dir='ltr'><strong>διηνεκῆ</strong></span> <span class='ocrx_word' id='word_1_184' title='bbox 1349 2577 1538 2644; x_wconf 83' lang='grc' dir='ltr'>χρόνον</span> <span class='ocrx_word' id='word_1_185' title='bbox 1605 2577 1852 2628; x_wconf 80' lang='grc' dir='ltr'>ἐπεκτεί-</span> 
     </span>
    </p>
   </div>
   <div class='ocr_carea' id='block_1_29' title="bbox 289 2664 500 2718">
    <p class='ocr_par' dir='ltr' id='par_1_29' title="bbox 289 2664 500 2718">
     <span class='ocr_line' id='line_1_29' title="bbox 289 2664 500 2718; baseline 0.019 -4"><span class='ocrx_word' id='word_1_186' title='bbox 289 2664 500 2718; x_wconf 81' lang='grc' dir='ltr'>νεσθαι.</span> 
     </span>
    </p>
   </div>
   <div class='ocr_carea' id='block_1_30' title="bbox 354 2753 1850 2823">
    <p class='ocr_par' dir='ltr' id='par_1_30' title="bbox 354 2753 1850 2823">
     <span class='ocr_line' id='line_1_30' title="bbox 354 2753 1850 2823; baseline 0.002 -18"><span class='ocrx_word' id='word_1_187' title='bbox 354 2754 599 2807; x_wconf 78' lang='grc' dir='ltr'><strong>ΖΩΝΑΡ.</strong></span> <span class='ocrx_word' id='word_1_188' title='bbox 644 2754 768 2805; x_wconf 73' lang='grc' dir='ltr'>Ἐὰν</span> <span class='ocrx_word' id='word_1_189' title='bbox 800 2753 1051 2823; x_wconf 76' lang='grc' dir='ltr'>κληρικοὶ</span> <span class='ocrx_word' id='word_1_190' title='bbox 1089 2755 1505 2823; x_wconf 84' lang='grc' dir='ltr'>κατηγορῶνται</span> <span class='ocrx_word' id='word_1_191' title='bbox 1532 2754 1618 2806; x_wconf 77' lang='grc' dir='ltr'><strong>ἐπ’</strong></span> <span class='ocrx_word' id='word_1_192' title='bbox 1653 2756 1850 2817; x_wconf 70' lang='grc' dir='ltr'>αἰτίαις</span> 
     </span>
    </p>
   </div>
   <div class='ocr_carea' id='block_1_31' title="bbox 285 2846 1850 2915">
    <p class='ocr_par' dir='ltr' id='par_1_31' title="bbox 285 2846 1850 2915">
     <span class='ocr_line' id='line_1_31' title="bbox 285 2846 1850 2915; baseline 0.003 -19"><span class='ocrx_word' id='word_1_193' title='bbox 285 2846 680 2908; x_wconf 67' lang='grc' dir='ltr'>ἐκϐαλλούσαις</span> <span class='ocrx_word' id='word_1_194' title='bbox 714 2847 906 2908; x_wconf 73' lang='grc' dir='ltr'>αὐτοὺς</span> <span class='ocrx_word' id='word_1_195' title='bbox 935 2847 1028 2898; x_wconf 83' lang='grc' dir='ltr'><strong>τοῦ</strong></span> <span class='ocrx_word' id='word_1_196' title='bbox 1071 2847 1299 2915; x_wconf 48' lang='grc' dir='ltr'>κλήρου,</span> <span class='ocrx_word' id='word_1_197' title='bbox 1331 2847 1395 2898; x_wconf 83' lang='grc' dir='ltr'><strong>δι’</strong></span> <span class='ocrx_word' id='word_1_198' title='bbox 1422 2847 1486 2909; x_wconf 77' lang='grc' dir='ltr'>ἃς</span> <span class='ocrx_word' id='word_1_199' title='bbox 1525 2849 1616 2900; x_wconf 72' lang='grc' dir='ltr'><strong>καὶ</strong></span> <span class='ocrx_word' id='word_1_200' title='bbox 1650 2847 1850 2910; x_wconf 81' lang='grc' dir='ltr'>ὄνειδος</span> 
     </span>
    </p>
   </div>
   <div class='ocr_carea' id='block_1_32' title="bbox 281 2937 1852 3006">
    <p class='ocr_par' dir='ltr' id='par_1_32' title="bbox 281 2937 1852 3006">
     <span class='ocr_line' id='line_1_32' title="bbox 281 2937 1852 3006; baseline 0.003 -20"><span class='ocrx_word' id='word_1_201' title='bbox 281 2939 381 3005; x_wconf 77' lang='grc' dir='ltr'>τῆς</span> <span class='ocrx_word' id='word_1_202' title='bbox 420 2937 742 3004; x_wconf 84' lang='grc' dir='ltr'>Ἑκκλησίας</span> <span class='ocrx_word' id='word_1_203' title='bbox 780 2940 938 2995; x_wconf 69' lang='grc' dir='ltr'>εἰσὶν,</span> <span class='ocrx_word' id='word_1_204' title='bbox 975 2940 1046 2998; x_wconf 83' lang='grc' dir='ltr'>ὡς</span> <span class='ocrx_word' id='word_1_205' title='bbox 1078 2938 1357 3006; x_wconf 77' lang='grc' dir='ltr'>μὴκαλῶς</span> <span class='ocrx_word' id='word_1_206' title='bbox 1399 2939 1656 3006; x_wconf 81' lang='grc' dir='ltr'>βιοῦντες,</span> <span class='ocrx_word' id='word_1_207' title='bbox 1688 2942 1852 2992; x_wconf 84' lang='grc' dir='ltr'>ἀπαι-</span> 
     </span>
    </p>
   </div>
   <div class='ocr_carea' id='block_1_33' title="bbox 281 3029 1851 3093">
    <p class='ocr_par' dir='ltr' id='par_1_33' title="bbox 281 3029 1851 3093">
     <span class='ocr_line' id='line_1_33' title="bbox 281 3029 1851 3093; baseline 0.001 -15"><span class='ocrx_word' id='word_1_208' title='bbox 281 3030 365 3079; x_wconf 74' lang='grc' dir='ltr'>τεῖ</span> <span class='ocrx_word' id='word_1_209' title='bbox 417 3029 613 3089; x_wconf 71' lang='grc' dir='ltr'>αὐτοὺς</span> <span class='ocrx_word' id='word_1_210' title='bbox 655 3032 682 3080; x_wconf 78' lang='grc' dir='ltr'>ὁ</span> <span class='ocrx_word' id='word_1_211' title='bbox 730 3030 907 3081; x_wconf 85' lang='grc' dir='ltr'>κανὼν</span> <span class='ocrx_word' id='word_1_212' title='bbox 939 3032 1087 3089; x_wconf 71' lang='grc' dir='ltr'>ἐντὸς</span> <span class='ocrx_word' id='word_1_213' title='bbox 1119 3029 1366 3079; x_wconf 81' lang='grc' dir='ltr'>ἐνιαυτοῦ</span> <span class='ocrx_word' id='word_1_214' title='bbox 1405 3029 1851 3093; x_wconf 83' lang='grc' dir='ltr'>ἐπαγωνίσασθαι</span> 
     </span>
    </p>
   </div>
   <div class='ocr_carea' id='block_1_34' title="bbox 1953 589 3198 658">
    <p class='ocr_par' dir='ltr' id='par_1_34' title="bbox 1953 589 3198 658">
     <span class='ocr_line' id='line_1_34' title="bbox 1953 589 3198 658; baseline -0.001 -16"><span class='ocrx_word' id='word_1_215' title='bbox 1953 589 2245 652; x_wconf 67' lang='lat' dir='ltr'><strong>destitutae,</strong></span> <span class='ocrx_word' id='word_1_216' title='bbox 2277 589 2556 642; x_wconf 71' lang='lat' dir='ltr'><strong>utilitatem</strong></span> <span class='ocrx_word' id='word_1_217' title='bbox 2587 592 2868 658; x_wconf 86' lang='lat' dir='ltr'><strong>episcopus</strong></span> <span class='ocrx_word' id='word_1_218' title='bbox 2902 591 3198 644; x_wconf 80' lang='lat' dir='ltr'><strong>ordinetur.</strong></span> 
     </span>
    </p>
   </div>
   <div class='ocr_carea' id='block_1_35' title="bbox 2477 767 3004 823">
    <p class='ocr_par' dir='ltr' id='par_1_35' title="bbox 2477 767 3004 823">
     <span class='ocr_line' id='line_1_35' title="bbox 2477 767 3004 823; baseline 0 -1"><span class='ocrx_word' id='word_1_219' title='bbox 2477 767 2703 822; x_wconf 59' lang='lat' dir='ltr'><strong>CANON</strong></span> <span class='ocrx_word' id='word_1_220' title='bbox 2745 768 3004 823; x_wconf 74' lang='lat' dir='ltr'><strong>LXXXII.</strong></span> 
     </span>
    </p>
   </div>
   <div class='ocr_carea' id='block_1_36' title="bbox 1959 856 3510 925">
    <p class='ocr_par' dir='ltr' id='par_1_36' title="bbox 1959 856 3510 925">
     <span class='ocr_line' id='line_1_36' title="bbox 1959 856 3510 925; baseline 0.004 -19"><span class='ocrx_word' id='word_1_221' title='bbox 1959 876 1975 906; x_wconf 86' lang='grc' dir='ltr'><strong>ι</strong></span> <span class='ocrx_word' id='word_1_222' title='bbox 2019 856 2090 908; x_wconf 87' lang='lat' dir='ltr'><strong>De</strong></span> <span class='ocrx_word' id='word_1_223' title='bbox 2143 860 2378 920; x_wconf 71' lang='lat' dir='ltr'><strong>clericis,</strong></span> <span class='ocrx_word' id='word_1_224' title='bbox 2406 860 2493 925; x_wconf 82' lang='lat' dir='ltr'><strong>qui</strong></span> <span class='ocrx_word' id='word_1_225' title='bbox 2552 876 2655 912; x_wconf 89' lang='lat' dir='ltr'><strong>non</strong></span> <span class='ocrx_word' id='word_1_226' title='bbox 2689 871 2877 912; x_wconf 84' lang='lat' dir='ltr'><strong>curant</strong></span> <span class='ocrx_word' id='word_1_227' title='bbox 2911 876 3062 912; x_wconf 85' lang='lat' dir='ltr'><strong>suam</strong></span> <span class='ocrx_word' id='word_1_228' title='bbox 3126 861 3263 913; x_wconf 87' lang='lat' dir='ltr'><strong>intra</strong></span> <span class='ocrx_word' id='word_1_229' title='bbox 3318 877 3510 914; x_wconf 78' lang='lat' dir='ltr'><strong>annum</strong></span> 
     </span>
    </p>
   </div>
   <div class='ocr_carea' id='block_1_37' title="bbox 2031 949 3507 1017">
    <p class='ocr_par' dir='ltr' id='par_1_37' title="bbox 2031 949 3507 1017">
     <span class='ocr_line' id='line_1_37' title="bbox 2031 949 3507 1017; baseline 0.005 -21"><span class='ocrx_word' id='word_1_230' title='bbox 2031 965 2048 996; x_wconf 79' lang='grc' dir='ltr'><strong>ι</strong></span> <span class='ocrx_word' id='word_1_231' title='bbox 2085 962 2301 1000; x_wconf 81' lang='lat' dir='ltr'><strong>causam</strong></span> <span class='ocrx_word' id='word_1_232' title='bbox 2329 965 2509 1017; x_wconf 76' lang='lat' dir='ltr'><strong>agere.</strong></span> <span class='ocrx_word' id='word_1_233' title='bbox 2544 949 2774 1002; x_wconf 79' lang='lat' dir='ltr'><strong>Rursum</strong></span> <span class='ocrx_word' id='word_1_234' title='bbox 2803 953 3084 1002; x_wconf 87' lang='lat' dir='ltr'><strong>decretum</strong></span> <span class='ocrx_word' id='word_1_235' title='bbox 3132 961 3233 1014; x_wconf 91' lang='lat' dir='ltr'><strong>est,</strong></span> <span class='ocrx_word' id='word_1_236' title='bbox 3277 963 3332 1002; x_wconf 93' lang='lat' dir='ltr'><strong>nt</strong></span> <span class='ocrx_word' id='word_1_237' title='bbox 3368 968 3507 1016; x_wconf 77' lang='grc' dir='ltr'>(μιοι</span> 
     </span>
    </p>
   </div>
   <div class='ocr_carea' id='block_1_38' title="bbox 2031 1038 3510 1105">
    <p class='ocr_par' dir='ltr' id='par_1_38' title="bbox 2031 1038 3510 1105">
     <span class='ocr_line' id='line_1_38' title="bbox 2031 1038 3510 1105; baseline 0.002 -19"><span class='ocrx_word' id='word_1_238' title='bbox 2031 1055 2047 1086; x_wconf 86' lang='grc' dir='ltr'>ι</span> <span class='ocrx_word' id='word_1_239' title='bbox 2084 1039 2205 1102; x_wconf 78' lang='lat' dir='ltr'><strong>ties,</strong></span> <span class='ocrx_word' id='word_1_240' title='bbox 2233 1039 2446 1091; x_wconf 80' lang='lat' dir='ltr'><strong>clericis</strong></span> <span class='ocrx_word' id='word_1_241' title='bbox 2477 1039 2762 1100; x_wconf 79' lang='lat' dir='ltr'><strong>accusatis,</strong></span> <span class='ocrx_word' id='word_1_242' title='bbox 2799 1049 2855 1092; x_wconf 90' lang='lat' dir='ltr'><strong>et</strong></span> <span class='ocrx_word' id='word_1_243' title='bbox 2890 1038 3196 1105; x_wconf 83' lang='lat' dir='ltr'><strong>aliquorqu</strong></span> <span class='ocrx_word' id='word_1_244' title='bbox 3223 1039 3510 1092; x_wconf 89' lang='lat' dir='ltr'><strong>criminum</strong></span> 
     </span>
    </p>
   </div>
   <div class='ocr_carea' id='block_1_39' title="bbox 2029 1130 3513 1198">
    <p class='ocr_par' dir='ltr' id='par_1_39' title="bbox 2029 1130 3513 1198">
     <span class='ocr_line' id='line_1_39' title="bbox 2029 1130 3513 1198; baseline 0.002 -20"><span class='ocrx_word' id='word_1_245' title='bbox 2029 1151 2044 1178; x_wconf 83' lang='grc' dir='ltr'><strong>ι</strong></span> <span class='ocrx_word' id='word_1_246' title='bbox 2088 1130 2136 1180; x_wconf 89' lang='lat' dir='ltr'><strong>in</strong></span> <span class='ocrx_word' id='word_1_247' title='bbox 2162 1145 2254 1182; x_wconf 90' lang='lat' dir='ltr'><strong>eos</strong></span> <span class='ocrx_word' id='word_1_248' title='bbox 2289 1131 2431 1182; x_wconf 79' lang='lat' dir='ltr'><strong>dicto</strong></span> <span class='ocrx_word' id='word_1_249' title='bbox 2471 1132 2803 1192; x_wconf 87' lang='lat' dir='ltr'><strong>testimonio,</strong></span> <span class='ocrx_word' id='word_1_250' title='bbox 2858 1132 2972 1183; x_wconf 86' lang='lat' dir='ltr'><strong>sive</strong></span> <span class='ocrx_word' id='word_1_251' title='bbox 3008 1141 3223 1198; x_wconf 82' lang='lat' dir='ltr'><strong>propter</strong></span> <span class='ocrx_word' id='word_1_252' title='bbox 3259 1131 3513 1196; x_wconf 85' lang='lat' dir='ltr'><strong>probrum</strong></span> 
     </span>
    </p>
   </div>
   <div class='ocr_carea' id='block_1_40' title="bbox 2027 1218 3520 1288">
    <p class='ocr_par' dir='ltr' id='par_1_40' title="bbox 2027 1218 3520 1288">
     <span class='ocr_line' id='line_1_40' title="bbox 2027 1218 3520 1288; baseline 0.001 -20"><span class='ocrx_word' id='word_1_253' title='bbox 2027 1238 2044 1268; x_wconf 84' lang='grc' dir='ltr'><strong>ι</strong></span> <span class='ocrx_word' id='word_1_254' title='bbox 2085 1219 2352 1282; x_wconf 54' lang='lat' dir='ltr'><strong>Ecclesiae,</strong></span> <span class='ocrx_word' id='word_1_255' title='bbox 2372 1221 2484 1271; x_wconf 90' lang='lat' dir='ltr'><strong>sive</strong></span> <span class='ocrx_word' id='word_1_256' title='bbox 2500 1231 2716 1286; x_wconf 89' lang='lat' dir='ltr'><strong>propter</strong></span> <span class='ocrx_word' id='word_1_257' title='bbox 2742 1222 3094 1273; x_wconf 71' lang='lat' dir='ltr'><strong>reverentiam</strong></span> <span class='ocrx_word' id='word_1_258' title='bbox 3120 1221 3332 1288; x_wconf 84' lang='lat' dir='ltr'><strong>(quibus</strong></span> <span class='ocrx_word' id='word_1_259' title='bbox 3349 1218 3520 1270; x_wconf 84' lang='lat' dir='ltr'><strong>uomi-</strong></span> 
     </span>
    </p>
   </div>
   <div class='ocr_carea' id='block_1_41' title="bbox 2035 1310 3515 1376">
    <p class='ocr_par' dir='ltr' id='par_1_41' title="bbox 2035 1310 3515 1376">
     <span class='ocr_line' id='line_1_41' title="bbox 2035 1310 3515 1376; baseline 0.001 -17"><span class='ocrx_word' id='word_1_260' title='bbox 2035 1328 2051 1359; x_wconf 84' lang='grc' dir='ltr'><strong>ι</strong></span> <span class='ocrx_word' id='word_1_261' title='bbox 2087 1310 2240 1363; x_wconf 86' lang='lat' dir='ltr'><strong>nibus</strong></span> <span class='ocrx_word' id='word_1_262' title='bbox 2259 1312 2334 1362; x_wconf 84' lang='lat' dir='ltr'><strong>eis</strong></span> <span class='ocrx_word' id='word_1_263' title='bbox 2349 1313 2601 1376; x_wconf 86' lang='lat' dir='ltr'><strong>parcitur)</strong></span> <span class='ocrx_word' id='word_1_264' title='bbox 2619 1312 2727 1361; x_wconf 87' lang='lat' dir='ltr'><strong>sive</strong></span> <span class='ocrx_word' id='word_1_265' title='bbox 2746 1320 2960 1376; x_wconf 85' lang='lat' dir='ltr'><strong>propter</strong></span> <span class='ocrx_word' id='word_1_266' title='bbox 2979 1311 3292 1363; x_wconf 89' lang='lat' dir='ltr'><strong>insolentem</strong></span> <span class='ocrx_word' id='word_1_267' title='bbox 3313 1310 3435 1362; x_wconf 65' lang='grc' dir='ltr'>Ιιωτι</span> <span class='ocrx_word' id='word_1_268' title='bbox 3455 1312 3515 1360; x_wconf 65' lang='lat' dir='ltr'><strong>ti-</strong></span> 
     </span>
    </p>
   </div>
   <div class='ocr_carea' id='block_1_42' title="bbox 2028 1399 3517 1467">
    <p class='ocr_par' dir='ltr' id='par_1_42' title="bbox 2028 1399 3517 1467">
     <span class='ocr_line' id='line_1_42' title="bbox 2028 1399 3517 1467; baseline 0 -16"><span class='ocrx_word' id='word_1_269' title='bbox 2028 1419 2046 1451; x_wconf 83' lang='grc' dir='ltr'><strong>ι</strong></span> <span class='ocrx_word' id='word_1_270' title='bbox 2085 1415 2271 1454; x_wconf 88' lang='lat' dir='ltr'><strong>eorum</strong></span> <span class='ocrx_word' id='word_1_271' title='bbox 2302 1410 2351 1450; x_wconf 86' lang='lat' dir='ltr'><strong>et</strong></span> <span class='ocrx_word' id='word_1_272' title='bbox 2379 1399 2650 1466; x_wconf 80' lang='lat' dir='ltr'><strong>gentilium</strong></span> <span class='ocrx_word' id='word_1_273' title='bbox 2673 1399 3101 1461; x_wconf 80' lang='lat' dir='ltr'><strong>exsultationem,</strong></span> <span class='ocrx_word' id='word_1_274' title='bbox 3124 1403 3189 1464; x_wconf 89' lang='lat' dir='ltr'><strong>si,</strong></span> <span class='ocrx_word' id='word_1_275' title='bbox 3215 1411 3269 1450; x_wconf 90' lang='grc' dir='ltr'><strong>ιιι</strong></span> <span class='ocrx_word' id='word_1_276' title='bbox 3298 1416 3388 1467; x_wconf 81' lang='lat' dir='ltr'><strong>par</strong></span> <span class='ocrx_word' id='word_1_277' title='bbox 3415 1409 3517 1462; x_wconf 88' lang='lat' dir='ltr'><strong>est,</strong></span> 
     </span>
    </p>
   </div>
   <div class='ocr_carea' id='block_1_43' title="bbox 2031 1488 3518 1557">
    <p class='ocr_par' dir='ltr' id='par_1_43' title="bbox 2031 1488 3518 1557">
     <span class='ocr_line' id='line_1_43' title="bbox 2031 1488 3518 1557; baseline -0.001 -16"><span class='ocrx_word' id='word_1_278' title='bbox 2031 1509 2048 1541; x_wconf 86' lang='grc' dir='ltr'>ι</span> <span class='ocrx_word' id='word_1_279' title='bbox 2086 1504 2303 1543; x_wconf 86' lang='lat' dir='ltr'><strong>causam</strong></span> <span class='ocrx_word' id='word_1_280' title='bbox 2334 1504 2484 1540; x_wconf 89' lang='lat' dir='ltr'><strong>suam</strong></span> <span class='ocrx_word' id='word_1_281' title='bbox 2511 1488 2814 1549; x_wconf 80' lang='lat' dir='ltr'><strong>defendere,</strong></span> <span class='ocrx_word' id='word_1_282' title='bbox 2844 1497 2896 1542; x_wconf 87' lang='lat' dir='ltr'><strong>et</strong></span> <span class='ocrx_word' id='word_1_283' title='bbox 2919 1505 3026 1542; x_wconf 73' lang='lat' dir='ltr'><strong>sua:</strong></span> <span class='ocrx_word' id='word_1_284' title='bbox 3049 1492 3332 1557; x_wconf 73' lang='lat' dir='ltr'><strong>probanda:</strong></span> <span class='ocrx_word' id='word_1_285' title='bbox 3361 1491 3518 1542; x_wconf 86' lang='lat' dir='ltr'><strong>iuno-</strong></span> 
     </span>
    </p>
   </div>
   <div class='ocr_carea' id='block_1_44' title="bbox 2031 1581 3515 1649">
    <p class='ocr_par' dir='ltr' id='par_1_44' title="bbox 2031 1581 3515 1649">
     <span class='ocr_line' id='line_1_44' title="bbox 2031 1581 3515 1649; baseline 0 -17"><span class='ocrx_word' id='word_1_286' title='bbox 2031 1600 2048 1632; x_wconf 84' lang='grc' dir='ltr'><strong>ι</strong></span> <span class='ocrx_word' id='word_1_287' title='bbox 2085 1583 2276 1635; x_wconf 58' lang='lat' dir='ltr'><strong>ccutiat</strong></span> <span class='ocrx_word' id='word_1_288' title='bbox 2301 1595 2483 1634; x_wconf 88' lang='lat' dir='ltr'><strong>curam</strong></span> <span class='ocrx_word' id='word_1_289' title='bbox 2510 1595 2697 1649; x_wconf 82' lang='lat' dir='ltr'><strong>gerere</strong></span> <span class='ocrx_word' id='word_1_290' title='bbox 2732 1581 3017 1641; x_wconf 72' lang='lat' dir='ltr'><strong>Voltterittl,</strong></span> <span class='ocrx_word' id='word_1_291' title='bbox 3039 1582 3137 1632; x_wconf 84' lang='lat' dir='ltr'><strong>llOC</strong></span> <span class='ocrx_word' id='word_1_292' title='bbox 3164 1582 3300 1632; x_wconf 86' lang='lat' dir='ltr'><strong>intra</strong></span> <span class='ocrx_word' id='word_1_293' title='bbox 3319 1595 3515 1632; x_wconf 89' lang='lat' dir='ltr'><strong>annum</strong></span> 
     </span>
    </p>
   </div>
   <div class='ocr_carea' id='block_1_45' title="bbox 2029 1667 3516 1724">
    <p class='ocr_par' dir='ltr' id='par_1_45' title="bbox 2029 1667 3516 1724">
     <span class='ocr_line' id='line_1_45' title="bbox 2029 1667 3516 1724; baseline -0.003 -2"><span class='ocrx_word' id='word_1_294' title='bbox 2029 1688 2048 1722; x_wconf 81' lang='grc' dir='ltr'><strong>ι</strong></span> <span class='ocrx_word' id='word_1_295' title='bbox 2080 1668 2655 1724; x_wconf 75' lang='lat' dir='ltr'><strong>excommunicationis</strong></span> <span class='ocrx_word' id='word_1_296' title='bbox 2712 1668 2955 1718; x_wconf 76' lang='lat' dir='ltr'><strong>faciant:</strong></span> <span class='ocrx_word' id='word_1_297' title='bbox 3011 1667 3089 1718; x_wconf 92' lang='lat' dir='ltr'><strong>siu</strong></span> <span class='ocrx_word' id='word_1_298' title='bbox 3145 1675 3324 1719; x_wconf 85' lang='lat' dir='ltr'><strong>autem</strong></span> <span class='ocrx_word' id='word_1_299' title='bbox 3377 1669 3516 1718; x_wconf 81' lang='lat' dir='ltr'><strong>intra</strong></span> 
     </span>
    </p>
   </div>
   <div class='ocr_carea' id='block_1_46' title="bbox 2032 1758 3514 1825">
    <p class='ocr_par' dir='ltr' id='par_1_46' title="bbox 2032 1758 3514 1825">
     <span class='ocr_line' id='line_1_46' title="bbox 2032 1758 3514 1825; baseline -0.001 -14"><span class='ocrx_word' id='word_1_300' title='bbox 2032 1781 2048 1811; x_wconf 86' lang='grc' dir='ltr'><strong>ι</strong></span> <span class='ocrx_word' id='word_1_301' title='bbox 2093 1776 2291 1813; x_wconf 87' lang='lat' dir='ltr'><strong>annum</strong></span> <span class='ocrx_word' id='word_1_302' title='bbox 2363 1775 2578 1813; x_wconf 78' lang='lat' dir='ltr'><strong>causam</strong></span> <span class='ocrx_word' id='word_1_303' title='bbox 2651 1773 2801 1811; x_wconf 80' lang='lat' dir='ltr'><strong>suam</strong></span> <span class='ocrx_word' id='word_1_304' title='bbox 2857 1772 3086 1825; x_wconf 79' lang='lat' dir='ltr'><strong>purgare</strong></span> <span class='ocrx_word' id='word_1_305' title='bbox 3146 1758 3514 1825; x_wconf 78' lang='lat' dir='ltr'><strong>neglexerint.</strong></span> 
     </span>
    </p>
   </div>
   <div class='ocr_carea' id='block_1_47' title="bbox 2032 1850 3519 1917">
    <p class='ocr_par' dir='ltr' id='par_1_47' title="bbox 2032 1850 3519 1917">
     <span class='ocr_line' id='line_1_47' title="bbox 2032 1850 3519 1917; baseline 0.001 -14"><span class='ocrx_word' id='word_1_306' title='bbox 2032 1872 2048 1903; x_wconf 80' lang='grc' dir='ltr'><strong>ι</strong></span> <span class='ocrx_word' id='word_1_307' title='bbox 2097 1853 2238 1905; x_wconf 86' lang='lat' dir='ltr'><strong>nulla</strong></span> <span class='ocrx_word' id='word_1_308' title='bbox 2292 1866 2476 1905; x_wconf 87' lang='lat' dir='ltr'><strong>eorum</strong></span> <span class='ocrx_word' id='word_1_309' title='bbox 2533 1851 2786 1917; x_wconf 77' lang='lat' dir='ltr'><strong>deinceps</strong></span> <span class='ocrx_word' id='word_1_310' title='bbox 2824 1864 2924 1902; x_wconf 80' lang='lat' dir='ltr'><strong>vox</strong></span> <span class='ocrx_word' id='word_1_311' title='bbox 2985 1851 3205 1902; x_wconf 90' lang='lat' dir='ltr'><strong>oumiuo</strong></span> <span class='ocrx_word' id='word_1_312' title='bbox 3266 1850 3519 1904; x_wconf 83' lang='lat' dir='ltr'><strong>admitta-</strong></span> 
     </span>
    </p>
   </div>
   <div class='ocr_carea' id='block_1_48' title="bbox 2030 1956 2246 1995">
    <p class='ocr_par' dir='ltr' id='par_1_48' title="bbox 2030 1956 2246 1995">
     <span class='ocr_line' id='line_1_48' title="bbox 2030 1956 2246 1995; baseline -0.005 -3"><span class='ocrx_word' id='word_1_313' title='bbox 2030 1962 2046 1992; x_wconf 67' lang='lat'><strong>¢</strong></span> <span class='ocrx_word' id='word_1_314' title='bbox 2091 1956 2196 1995; x_wconf 76' lang='lat' dir='ltr'><strong>Illl&#39;.</strong></span> <span class='ocrx_word' id='word_1_315' title='bbox 2231 1961 2246 1991; x_wconf 72' lang='grc' dir='ltr'><strong>Ι</strong></span> 
     </span>
    </p>
   </div>
   <div class='ocr_carea' id='block_1_49' title="bbox 2027 2031 3513 2096">
    <p class='ocr_par' dir='ltr' id='par_1_49' title="bbox 2027 2031 3513 2096">
     <span class='ocr_line' id='line_1_49' title="bbox 2027 2031 3513 2096; baseline -0.001 -12"><span class='ocrx_word' id='word_1_316' title='bbox 2027 2033 2220 2085; x_wconf 81' lang='lat' dir='ltr'><strong>BALS.</strong></span> <span class='ocrx_word' id='word_1_317' title='bbox 2281 2033 2522 2086; x_wconf 69' lang='lat' dir='ltr'><strong>Praeseos</strong></span> <span class='ocrx_word' id='word_1_318' title='bbox 2585 2048 2756 2084; x_wconf 85' lang='lat' dir='ltr'><strong>canon</strong></span> <span class='ocrx_word' id='word_1_319' title='bbox 2822 2032 3024 2092; x_wconf 79' lang='lat' dir='ltr'><strong>statuit,</strong></span> <span class='ocrx_word' id='word_1_320' title='bbox 3080 2040 3136 2082; x_wconf 85' lang='grc' dir='ltr'><strong>ιιι</strong></span> <span class='ocrx_word' id='word_1_321' title='bbox 3187 2031 3388 2095; x_wconf 78' lang='lat' dir='ltr'><strong>clerici,</strong></span> <span class='ocrx_word' id='word_1_322' title='bbox 3423 2031 3513 2096; x_wconf 86' lang='lat' dir='ltr'><strong>qui</strong></span> 
     </span>
    </p>
   </div>
   <div class='ocr_carea' id='block_1_50' title="bbox 1954 2123 3514 2192">
    <p class='ocr_par' dir='ltr' id='par_1_50' title="bbox 1954 2123 3514 2192">
     <span class='ocr_line' id='line_1_50' title="bbox 1954 2123 3514 2192; baseline -0.001 -17"><span class='ocrx_word' id='word_1_323' title='bbox 1954 2135 2172 2192; x_wconf 80' lang='lat' dir='ltr'><strong>propter</strong></span> <span class='ocrx_word' id='word_1_324' title='bbox 2204 2126 2430 2178; x_wconf 82' lang='lat' dir='ltr'><strong>crimina</strong></span> <span class='ocrx_word' id='word_1_325' title='bbox 2464 2135 2590 2177; x_wconf 90' lang='lat' dir='ltr'><strong>sunt</strong></span> <span class='ocrx_word' id='word_1_326' title='bbox 2645 2123 2906 2184; x_wconf 79' lang='lat' dir='ltr'><strong>accusati,</strong></span> <span class='ocrx_word' id='word_1_327' title='bbox 2941 2124 3053 2176; x_wconf 83' lang='lat' dir='ltr'><strong>sive</strong></span> <span class='ocrx_word' id='word_1_328' title='bbox 3086 2125 3350 2176; x_wconf 86' lang='lat' dir='ltr'><strong>adversus</strong></span> <span class='ocrx_word' id='word_1_329' title='bbox 3378 2139 3514 2190; x_wconf 87' lang='lat' dir='ltr'><strong>quos</strong></span> 
     </span>
    </p>
   </div>
   <div class='ocr_carea' id='block_1_51' title="bbox 1953 2214 3512 2284">
    <p class='ocr_par' dir='ltr' id='par_1_51' title="bbox 1953 2214 3512 2284">
     <span class='ocr_line' id='line_1_51' title="bbox 1953 2214 3512 2284; baseline -0.002 -16"><span class='ocrx_word' id='word_1_330' title='bbox 1953 2216 2318 2269; x_wconf 75' lang='lat' dir='ltr'><strong>testimonium</strong></span> <span class='ocrx_word' id='word_1_331' title='bbox 2349 2214 2514 2284; x_wconf 74' lang='lat'><strong>616</strong></span> <span class='ocrx_word' id='word_1_332' title='bbox 2571 2215 2769 2266; x_wconf 89' lang='lat' dir='ltr'><strong>dictum</strong></span> <span class='ocrx_word' id='word_1_333' title='bbox 2823 2225 2904 2266; x_wconf 80' lang='lat' dir='ltr'><strong>est</strong></span> <span class='ocrx_word' id='word_1_334' title='bbox 2949 2230 3013 2266; x_wconf 74' lang='lat' dir='ltr'><strong>ex</strong></span> <span class='ocrx_word' id='word_1_335' title='bbox 3063 2216 3512 2280; x_wconf 61' lang='lat' dir='ltr'><strong>prxsumplione,</strong></span> 
     </span>
    </p>
   </div>
   <div class='ocr_carea' id='block_1_52' title="bbox 1953 2306 3512 2374">
    <p class='ocr_par' dir='ltr' id='par_1_52' title="bbox 1953 2306 3512 2374">
     <span class='ocr_line' id='line_1_52' title="bbox 1953 2306 3512 2374; baseline -0.004 -14"><span class='ocrx_word' id='word_1_336' title='bbox 1953 2317 2144 2360; x_wconf 86' lang='lat' dir='ltr'><strong>corent</strong></span> <span class='ocrx_word' id='word_1_337' title='bbox 2194 2317 2248 2360; x_wconf 92' lang='lat' dir='ltr'><strong>ut</strong></span> <span class='ocrx_word' id='word_1_338' title='bbox 2300 2322 2474 2360; x_wconf 78' lang='lat' dir='ltr'><strong>eausa:</strong></span> <span class='ocrx_word' id='word_1_339' title='bbox 2527 2306 2784 2360; x_wconf 88' lang='lat' dir='ltr'><strong>adversus</strong></span> <span class='ocrx_word' id='word_1_340' title='bbox 2813 2321 2921 2374; x_wconf 65' lang='grc' dir='ltr'>τρυε</span> <span class='ocrx_word' id='word_1_341' title='bbox 2976 2307 3112 2358; x_wconf 88' lang='lat' dir='ltr'><strong>intra</strong></span> <span class='ocrx_word' id='word_1_342' title='bbox 3156 2320 3351 2355; x_wconf 87' lang='lat' dir='ltr'><strong>auntun</strong></span> <span class='ocrx_word' id='word_1_343' title='bbox 3390 2319 3512 2370; x_wconf 59' lang='lat' dir='ltr'><strong>per-</strong></span> 
     </span>
    </p>
   </div>
   <div class='ocr_carea' id='block_1_53' title="bbox 1953 2393 3514 2466">
    <p class='ocr_par' dir='ltr' id='par_1_53' title="bbox 1953 2393 3514 2466">
     <span class='ocr_line' id='line_1_53' title="bbox 1953 2393 3514 2466; baseline -0.003 -16"><span class='ocrx_word' id='word_1_344' title='bbox 1953 2410 2177 2466; x_wconf 79' lang='lat' dir='ltr'><strong>agantur</strong></span> <span class='ocrx_word' id='word_1_345' title='bbox 2205 2418 2219 2452; x_wconf 82' lang='lat'><strong>:</strong></span> <span class='ocrx_word' id='word_1_346' title='bbox 2256 2399 2337 2451; x_wconf 85' lang='lat' dir='ltr'><strong>sin</strong></span> <span class='ocrx_word' id='word_1_347' title='bbox 2393 2397 2568 2449; x_wconf 89' lang='lat' dir='ltr'><strong>minus</strong></span> <span class='ocrx_word' id='word_1_348' title='bbox 2599 2395 2970 2449; x_wconf 77' lang='lat' dir='ltr'><strong>excludantur.</strong></span> <span class='ocrx_word' id='word_1_349' title='bbox 3001 2393 3121 2447; x_wconf 66' lang='lat' dir='ltr'><strong>llaec</strong></span> <span class='ocrx_word' id='word_1_350' title='bbox 3151 2402 3324 2446; x_wconf 85' lang='lat' dir='ltr'><strong>autem</strong></span> <span class='ocrx_word' id='word_1_351' title='bbox 3358 2395 3514 2446; x_wconf 85' lang='lat' dir='ltr'><strong>hodie</strong></span> 
     </span>
    </p>
   </div>
   <div class='ocr_carea' id='block_1_54' title="bbox 1955 2482 3512 2553">
    <p class='ocr_par' dir='ltr' id='par_1_54' title="bbox 1955 2482 3512 2553">
     <span class='ocr_line' id='line_1_54' title="bbox 1955 2482 3512 2553; baseline -0.004 -13"><span class='ocrx_word' id='word_1_352' title='bbox 1955 2505 2056 2540; x_wconf 91' lang='lat' dir='ltr'><strong>non</strong></span> <span class='ocrx_word' id='word_1_353' title='bbox 2123 2498 2248 2540; x_wconf 90' lang='lat' dir='ltr'><strong>sunt</strong></span> <span class='ocrx_word' id='word_1_354' title='bbox 2289 2490 2338 2537; x_wconf 92' lang='lat' dir='ltr'><strong>iu</strong></span> <span class='ocrx_word' id='word_1_355' title='bbox 2374 2503 2472 2538; x_wconf 90' lang='lat' dir='ltr'><strong>usu</strong></span> <span class='ocrx_word' id='word_1_356' title='bbox 2531 2503 2544 2536; x_wconf 90' lang='lat'><strong>:</strong></span> <span class='ocrx_word' id='word_1_357' title='bbox 2587 2500 2650 2538; x_wconf 89' lang='lat' dir='ltr'><strong>eo</strong></span> <span class='ocrx_word' id='word_1_358' title='bbox 2699 2485 2840 2553; x_wconf 89' lang='lat' dir='ltr'><strong>quod</strong></span> <span class='ocrx_word' id='word_1_359' title='bbox 2891 2500 2954 2537; x_wconf 77' lang='lat' dir='ltr'><strong>ex</strong></span> <span class='ocrx_word' id='word_1_360' title='bbox 3017 2484 3242 2536; x_wconf 73' lang='lat' dir='ltr'><strong>diversis</strong></span> <span class='ocrx_word' id='word_1_361' title='bbox 3278 2482 3512 2536; x_wconf 74' lang='lat' dir='ltr'><strong>Novellis</strong></span> 
     </span>
    </p>
   </div>
   <div class='ocr_carea' id='block_1_55' title="bbox 1951 2574 3509 2641">
    <p class='ocr_par' dir='ltr' id='par_1_55' title="bbox 1951 2574 3509 2641">
     <span class='ocr_line' id='line_1_55' title="bbox 1951 2574 3509 2641; baseline -0.003 -13"><span class='ocrx_word' id='word_1_362' title='bbox 1951 2577 2131 2628; x_wconf 89' lang='lat' dir='ltr'><strong>omnis</strong></span> <span class='ocrx_word' id='word_1_363' title='bbox 2185 2575 2487 2629; x_wconf 85' lang='lat' dir='ltr'><strong>erimiualis</strong></span> <span class='ocrx_word' id='word_1_364' title='bbox 2519 2588 2683 2628; x_wconf 79' lang='lat' dir='ltr'><strong>causa</strong></span> <span class='ocrx_word' id='word_1_365' title='bbox 2726 2574 2776 2625; x_wconf 92' lang='lat' dir='ltr'><strong>in</strong></span> <span class='ocrx_word' id='word_1_366' title='bbox 2812 2583 3128 2641; x_wconf 87' lang='lat' dir='ltr'><strong>perpetuum</strong></span> <span class='ocrx_word' id='word_1_367' title='bbox 3173 2582 3381 2639; x_wconf 89' lang='lat' dir='ltr'><strong>tempus</strong></span> <span class='ocrx_word' id='word_1_368' title='bbox 3413 2587 3509 2625; x_wconf 76' lang='lat' dir='ltr'><strong>ex-</strong></span> 
     </span>
    </p>
   </div>
   <div class='ocr_carea' id='block_1_56' title="bbox 1954 2667 2225 2717">
    <p class='ocr_par' dir='ltr' id='par_1_56' title="bbox 1954 2667 2225 2717">
     <span class='ocr_line' id='line_1_56' title="bbox 1954 2667 2225 2717; baseline -0.007 -1"><span class='ocrx_word' id='word_1_369' title='bbox 1954 2667 2225 2717; x_wconf 82' lang='lat' dir='ltr'><strong>tendatur.</strong></span> 
     </span>
    </p>
   </div>
   <div class='ocr_carea' id='block_1_57' title="bbox 2024 2752 3513 2822">
    <p class='ocr_par' dir='ltr' id='par_1_57' title="bbox 2024 2752 3513 2822">
     <span class='ocr_line' id='line_1_57' title="bbox 2024 2752 3513 2822; baseline 0 -18"><span class='ocrx_word' id='word_1_370' title='bbox 2024 2752 2275 2806; x_wconf 71' lang='lat' dir='ltr'><strong>ZONAlt.</strong></span> <span class='ocrx_word' id='word_1_371' title='bbox 2331 2752 2386 2805; x_wconf 92' lang='lat' dir='ltr'><strong>Si</strong></span> <span class='ocrx_word' id='word_1_372' title='bbox 2445 2754 2626 2808; x_wconf 81' lang='lat' dir='ltr'><strong>clerici</strong></span> <span class='ocrx_word' id='word_1_373' title='bbox 2688 2754 2757 2807; x_wconf 89' lang='lat' dir='ltr'><strong>ob</strong></span> <span class='ocrx_word' id='word_1_374' title='bbox 2805 2754 3056 2816; x_wconf 87' lang='lat' dir='ltr'><strong>crimina,</strong></span> <span class='ocrx_word' id='word_1_375' title='bbox 3113 2765 3334 2822; x_wconf 89' lang='lat' dir='ltr'><strong>pr0ptcr</strong></span> <span class='ocrx_word' id='word_1_376' title='bbox 3397 2766 3513 2821; x_wconf 67' lang='lat' dir='ltr'><strong>quae</strong></span> 
     </span>
    </p>
   </div>
   <div class='ocr_carea' id='block_1_58' title="bbox 1952 2842 3514 2911">
    <p class='ocr_par' dir='ltr' id='par_1_58' title="bbox 1952 2842 3514 2911">
     <span class='ocr_line' id='line_1_58' title="bbox 1952 2842 3514 2911; baseline 0 -17"><span class='ocrx_word' id='word_1_377' title='bbox 1952 2842 2098 2895; x_wconf 85' lang='lat' dir='ltr'><strong>clero</strong></span> <span class='ocrx_word' id='word_1_378' title='bbox 2135 2844 2377 2895; x_wconf 88' lang='lat' dir='ltr'><strong>movendi</strong></span> <span class='ocrx_word' id='word_1_379' title='bbox 2404 2843 2531 2908; x_wconf 88' lang='lat' dir='ltr'><strong>sint,</strong></span> <span class='ocrx_word' id='word_1_380' title='bbox 2563 2854 2910 2904; x_wconf 77' lang='lat' dir='ltr'><strong>:iccusentur,</strong></span> <span class='ocrx_word' id='word_1_381' title='bbox 2943 2857 3006 2896; x_wconf 76' lang='lat' dir='ltr'><strong>ex</strong></span> <span class='ocrx_word' id='word_1_382' title='bbox 3034 2843 3230 2911; x_wconf 85' lang='lat' dir='ltr'><strong>quibus</strong></span> <span class='ocrx_word' id='word_1_383' title='bbox 3261 2843 3514 2896; x_wconf 66' lang='lat' dir='ltr'><strong>Ecclesia:</strong></span> 
     </span>
    </p>
   </div>
   <div class='ocr_carea' id='block_1_59' title="bbox 1953 2933 3509 3000">
    <p class='ocr_par' dir='ltr' id='par_1_59' title="bbox 1953 2933 3509 3000">
     <span class='ocr_line' id='line_1_59' title="bbox 1953 2933 3509 3000; baseline 0.001 -18"><span class='ocrx_word' id='word_1_384' title='bbox 1953 2947 2188 3000; x_wconf 83' lang='lat' dir='ltr'><strong>quoque,</strong></span> <span class='ocrx_word' id='word_1_385' title='bbox 2221 2933 2372 2999; x_wconf 85' lang='lat' dir='ltr'><strong>quasi</strong></span> <span class='ocrx_word' id='word_1_386' title='bbox 2421 2933 2690 2999; x_wconf 59' lang='lat' dir='ltr'><strong>ﬂagitiosa</strong></span> <span class='ocrx_word' id='word_1_387' title='bbox 2727 2935 2794 2984; x_wconf 87' lang='lat' dir='ltr'><strong>sit</strong></span> <span class='ocrx_word' id='word_1_388' title='bbox 2832 2934 3152 2984; x_wconf 83' lang='lat' dir='ltr'><strong>cleriCorunt</strong></span> <span class='ocrx_word' id='word_1_389' title='bbox 3187 2935 3318 2993; x_wconf 85' lang='lat' dir='ltr'><strong>vita,</strong></span> <span class='ocrx_word' id='word_1_390' title='bbox 3355 2933 3509 2998; x_wconf 68' lang='lat' dir='ltr'><strong>ignoo</strong></span> 
     </span>
    </p>
   </div>
   <div class='ocr_carea' id='block_1_60' title="bbox 1953 3022 3513 3090">
    <p class='ocr_par' dir='ltr' id='par_1_60' title="bbox 1953 3022 3513 3090">
     <span class='ocr_line' id='line_1_60' title="bbox 1953 3022 3513 3090; baseline -0.002 -17"><span class='ocrx_word' id='word_1_391' title='bbox 1953 3023 2134 3074; x_wconf 83' lang='lat' dir='ltr'><strong>minia:</strong></span> <span class='ocrx_word' id='word_1_392' title='bbox 2159 3022 2334 3088; x_wconf 85' lang='lat' dir='ltr'><strong>aliqua</strong></span> <span class='ocrx_word' id='word_1_393' title='bbox 2368 3023 2513 3075; x_wconf 87' lang='lat' dir='ltr'><strong>labes</strong></span> <span class='ocrx_word' id='word_1_394' title='bbox 2551 3032 2906 3090; x_wconf 79' lang='lat' dir='ltr'><strong>aspergatur;</strong></span> <span class='ocrx_word' id='word_1_395' title='bbox 2939 3022 3104 3088; x_wconf 63' lang='lat' dir='ltr'><strong>exigit</strong></span> <span class='ocrx_word' id='word_1_396' title='bbox 3127 3022 3192 3074; x_wconf 88' lang='lat' dir='ltr'><strong>ab</strong></span> <span class='ocrx_word' id='word_1_397' title='bbox 3222 3022 3287 3074; x_wconf 83' lang='lat' dir='ltr'><strong>iis</strong></span> <span class='ocrx_word' id='word_1_398' title='bbox 3317 3037 3513 3082; x_wconf 87' lang='lat' dir='ltr'><strong>canon,</strong></span> 
     </span>
    </p>
   </div>
   <div class='ocr_carea' id='block_1_61' title="bbox 285 3111 1851 3211">
    <p class='ocr_par' dir='ltr' id='par_1_61' title="bbox 285 3116 1850 3185">
     <span class='ocr_line' id='line_1_61' title="bbox 285 3116 1850 3185; baseline 0.001 -18"><span class='ocrx_word' id='word_1_399' title='bbox 285 3119 522 3185; x_wconf 77' lang='grc' dir='ltr'>καθᾶραι</span> <span class='ocrx_word' id='word_1_400' title='bbox 554 3119 777 3178; x_wconf 67' lang='grc' dir='ltr'>ἑαυτοὺς</span> <span class='ocrx_word' id='word_1_401' title='bbox 809 3121 904 3184; x_wconf 81' lang='grc' dir='ltr'>τῆς</span> <span class='ocrx_word' id='word_1_402' title='bbox 938 3118 1296 3185; x_wconf 71' lang='grc' dir='ltr'>κατηγορίας,</span> <span class='ocrx_word' id='word_1_403' title='bbox 1329 3117 1438 3167; x_wconf 79' lang='grc' dir='ltr'>εἴτε</span> <span class='ocrx_word' id='word_1_404' title='bbox 1467 3116 1555 3168; x_wconf 73' lang='grc' dir='ltr'>διὰ</span> <span class='ocrx_word' id='word_1_405' title='bbox 1581 3119 1677 3184; x_wconf 80' lang='grc' dir='ltr'>τὴν</span> <span class='ocrx_word' id='word_1_406' title='bbox 1713 3117 1850 3169; x_wconf 78' lang='grc' dir='ltr'>αἰδε-</span> 
     </span>
    </p>
   </div>
   <div class='ocr_carea' id='block_1_62' title="bbox 1950 3111 3516 3211">
    <p class='ocr_par' dir='ltr' id='par_1_62' title="bbox 1957 3111 3516 3181">
     <span class='ocr_line' id='line_1_62' title="bbox 1957 3111 3516 3181; baseline 0.001 -17"><span class='ocrx_word' id='word_1_407' title='bbox 1957 3123 2015 3164; x_wconf 89' lang='grc' dir='ltr'><strong>ιιι</strong></span> <span class='ocrx_word' id='word_1_408' title='bbox 2057 3115 2213 3165; x_wconf 89' lang='lat' dir='ltr'><strong>uuius</strong></span> <span class='ocrx_word' id='word_1_409' title='bbox 2246 3115 2370 3165; x_wconf 88' lang='lat' dir='ltr'><strong>anni</strong></span> <span class='ocrx_word' id='word_1_410' title='bbox 2409 3114 2583 3178; x_wconf 83' lang='lat' dir='ltr'><strong>spatio</strong></span> <span class='ocrx_word' id='word_1_411' title='bbox 2636 3128 2695 3166; x_wconf 89' lang='lat' dir='ltr'><strong>sc</strong></span> <span class='ocrx_word' id='word_1_412' title='bbox 2743 3116 2809 3165; x_wconf 85' lang='lat' dir='ltr'><strong>ab</strong></span> <span class='ocrx_word' id='word_1_413' title='bbox 2839 3111 2923 3174; x_wconf 77' lang='lat' dir='ltr'><strong>ea,</strong></span> <span class='ocrx_word' id='word_1_414' title='bbox 2972 3129 3090 3181; x_wconf 74' lang='lat' dir='ltr'><strong>quia:</strong></span> <span class='ocrx_word' id='word_1_415' title='bbox 3128 3115 3178 3166; x_wconf 92' lang='lat' dir='ltr'><strong>in</strong></span> <span class='ocrx_word' id='word_1_416' title='bbox 3211 3115 3358 3181; x_wconf 81' lang='lat' dir='ltr'><strong>ipsos</strong></span> <span class='ocrx_word' id='word_1_417' title='bbox 3384 3131 3516 3165; x_wconf 72' lang='lat' dir='ltr'><strong>con-</strong></span> 
     </span>
    </p>
   </div>
   <div class='ocr_carea' id='block_1_63' title="bbox 283 3206 1846 3277">
    <p class='ocr_par' dir='ltr' id='par_1_63' title="bbox 283 3206 1846 3277">
     <span class='ocr_line' id='line_1_63' title="bbox 283 3206 1846 3277; baseline 0 -19"><span class='ocrx_word' id='word_1_418' title='bbox 283 3208 570 3276; x_wconf 73' lang='grc' dir='ltr'>σιμότητα,</span> <span class='ocrx_word' id='word_1_419' title='bbox 607 3209 772 3277; x_wconf 65' lang='grc' dir='ltr'>ἤγουν</span> <span class='ocrx_word' id='word_1_420' title='bbox 800 3208 858 3258; x_wconf 71' lang='grc' dir='ltr'>τὸ</span> <span class='ocrx_word' id='word_1_421' title='bbox 890 3209 1106 3274; x_wconf 75' lang='grc' dir='ltr'>ἔντιμον</span> <span class='ocrx_word' id='word_1_422' title='bbox 1130 3207 1236 3258; x_wconf 79' lang='grc' dir='ltr'>τῶν</span> <span class='ocrx_word' id='word_1_423' title='bbox 1262 3206 1360 3274; x_wconf 83' lang='grc' dir='ltr'><strong>βαΘ</strong></span> <span class='ocrx_word' id='word_1_424' title='bbox 1372 3206 1486 3274; x_wconf 83' lang='grc' dir='ltr'><strong>μῶν</strong></span> <span class='ocrx_word' id='word_1_425' title='bbox 1505 3206 1596 3258; x_wconf 87' lang='grc' dir='ltr'><strong>τοῦ</strong></span> <span class='ocrx_word' id='word_1_426' title='bbox 1621 3208 1846 3274; x_wconf 84' lang='grc' dir='ltr'>κλήρου,</span> 
     </span>
    </p>
   </div>
   <div class='ocr_carea' id='block_1_64' title="bbox 281 3297 1848 3366">
    <p class='ocr_par' dir='ltr' id='par_1_64' title="bbox 281 3297 1848 3366">
     <span class='ocr_line' id='line_1_64' title="bbox 281 3297 1848 3366; baseline 0 -18"><span class='ocrx_word' id='word_1_427' title='bbox 281 3299 347 3348; x_wconf 67' lang='grc' dir='ltr'>δι’</span> <span class='ocrx_word' id='word_1_428' title='bbox 379 3299 406 3348; x_wconf 86' lang='grc' dir='ltr'><strong>ὃ</strong></span> <span class='ocrx_word' id='word_1_429' title='bbox 439 3299 530 3350; x_wconf 76' lang='grc' dir='ltr'>καὶ</span> <span class='ocrx_word' id='word_1_430' title='bbox 566 3299 860 3363; x_wconf 81' lang='grc' dir='ltr'>φείδονται,</span> <span class='ocrx_word' id='word_1_431' title='bbox 891 3297 978 3348; x_wconf 86' lang='grc' dir='ltr'>ἴνα</span> <span class='ocrx_word' id='word_1_432' title='bbox 1021 3297 1094 3364; x_wconf 76' lang='grc' dir='ltr'>μὴ</span> <span class='ocrx_word' id='word_1_433' title='bbox 1126 3297 1462 3365; x_wconf 79' lang='grc' dir='ltr'>ἀτιμὰζηται</span> <span class='ocrx_word' id='word_1_434' title='bbox 1497 3299 1528 3363; x_wconf 79' lang='grc' dir='ltr'>ὴ</span> <span class='ocrx_word' id='word_1_435' title='bbox 1562 3297 1848 3366; x_wconf 81' lang='grc' dir='ltr'>ἱερωσύνη,</span> 
     </span>
    </p>
   </div>
   <div class='ocr_carea' id='block_1_65' title="bbox 287 3389 1852 3456">
    <p class='ocr_par' dir='ltr' id='par_1_65' title="bbox 287 3389 1852 3456">
     <span class='ocr_line' id='line_1_65' title="bbox 287 3389 1852 3456; baseline 0 -16"><span class='ocrx_word' id='word_1_436' title='bbox 287 3389 424 3454; x_wconf 70' lang='grc' dir='ltr'><strong>ῆδιοὰ</strong></span> <span class='ocrx_word' id='word_1_437' title='bbox 453 3389 514 3439; x_wconf 83' lang='grc' dir='ltr'>τὸ</span> <span class='ocrx_word' id='word_1_438' title='bbox 549 3389 622 3456; x_wconf 81' lang='grc' dir='ltr'>μὴ</span> <span class='ocrx_word' id='word_1_439' title='bbox 663 3391 1091 3455; x_wconf 73' lang='grc' dir='ltr'>κατεπαίρεσυαι</span> <span class='ocrx_word' id='word_1_440' title='bbox 1124 3389 1246 3448; x_wconf 72' lang='grc' dir='ltr'>τοὺς</span> <span class='ocrx_word' id='word_1_441' title='bbox 1286 3389 1593 3456; x_wconf 77' lang='grc' dir='ltr'>αίρετικοὺς</span> <span class='ocrx_word' id='word_1_442' title='bbox 1623 3390 1680 3450; x_wconf 79' lang='grc' dir='ltr'><strong>ἐξ</strong></span> <span class='ocrx_word' id='word_1_443' title='bbox 1719 3389 1852 3440; x_wconf 82' lang='grc' dir='ltr'>ἀλα-</span> 
     </span>
    </p>
   </div>
   <div class='ocr_carea' id='block_1_66' title="bbox 283 3474 1851 3542">
    <p class='ocr_par' dir='ltr' id='par_1_66' title="bbox 283 3474 1851 3542">
     <span class='ocr_line' id='line_1_66' title="bbox 283 3474 1851 3542; baseline -0.001 -17"><span class='ocrx_word' id='word_1_444' title='bbox 283 3476 519 3536; x_wconf 72' lang='grc' dir='ltr'>ζονείιας,</span> <span class='ocrx_word' id='word_1_445' title='bbox 574 3478 667 3525; x_wconf 78' lang='grc' dir='ltr'>καὶ</span> <span class='ocrx_word' id='word_1_446' title='bbox 709 3478 1069 3541; x_wconf 79' lang='grc' dir='ltr'>καταφρονεῖν</span> <span class='ocrx_word' id='word_1_447' title='bbox 1114 3477 1211 3540; x_wconf 84' lang='grc' dir='ltr'>τῆς</span> <span class='ocrx_word' id='word_1_448' title='bbox 1257 3474 1575 3542; x_wconf 80' lang='grc' dir='ltr'>ἱερωσύνης,</span> <span class='ocrx_word' id='word_1_449' title='bbox 1625 3474 1744 3526; x_wconf 77' lang='grc' dir='ltr'>καθ’</span> <span class='ocrx_word' id='word_1_450' title='bbox 1793 3477 1851 3526; x_wconf 88' lang='grc' dir='ltr'>ὂν</span> 
     </span>
    </p>
   </div>
   <div class='ocr_carea' id='block_1_67' title="bbox 282 3563 1850 3631">
    <p class='ocr_par' dir='ltr' id='par_1_67' title="bbox 282 3563 1850 3631">
     <span class='ocr_line' id='line_1_67' title="bbox 282 3563 1850 3631; baseline 0.001 -18"><span class='ocrx_word' id='word_1_451' title='bbox 282 3565 530 3615; x_wconf 73' lang='grc' dir='ltr'>ἐνιαυτὸν</span> <span class='ocrx_word' id='word_1_452' title='bbox 562 3565 654 3614; x_wconf 77' lang='grc' dir='ltr'><strong>καὶ</strong></span> <span class='ocrx_word' id='word_1_453' title='bbox 684 3563 1036 3630; x_wconf 79' lang='grc' dir='ltr'>ἁκοινώνητοί</span> <span class='ocrx_word' id='word_1_454' title='bbox 1070 3565 1195 3615; x_wconf 76' lang='grc' dir='ltr'>εἰσι.</span> <span class='ocrx_word' id='word_1_455' title='bbox 1227 3563 1324 3613; x_wconf 79' lang='grc' dir='ltr'><strong>Διὰ</strong></span> <span class='ocrx_word' id='word_1_456' title='bbox 1350 3564 1504 3614; x_wconf 85' lang='grc' dir='ltr'>τοῦτο</span> <span class='ocrx_word' id='word_1_457' title='bbox 1539 3565 1642 3631; x_wconf 83' lang='grc' dir='ltr'><strong>γὰρ</strong></span> <span class='ocrx_word' id='word_1_458' title='bbox 1671 3563 1729 3625; x_wconf 81' lang='grc' dir='ltr'><strong>ἐξ</strong></span> <span class='ocrx_word' id='word_1_459' title='bbox 1753 3566 1850 3630; x_wconf 77' lang='grc' dir='ltr'><strong>ἀρ-</strong></span> 
     </span>
    </p>
   </div>
   <div class='ocr_carea' id='block_1_68' title="bbox 286 3648 1850 3719">
    <p class='ocr_par' dir='ltr' id='par_1_68' title="bbox 286 3648 1850 3719">
     <span class='ocr_line' id='line_1_68' title="bbox 286 3648 1850 3719; baseline -0.001 -17"><span class='ocrx_word' id='word_1_460' title='bbox 286 3651 382 3718; x_wconf 79' lang='grc' dir='ltr'>χῆς</span> <span class='ocrx_word' id='word_1_461' title='bbox 416 3653 444 3700; x_wconf 87' lang='grc' dir='ltr'><strong>ὀ</strong></span> <span class='ocrx_word' id='word_1_462' title='bbox 479 3648 659 3702; x_wconf 83' lang='grc' dir='ltr'>κανὼν</span> <span class='ocrx_word' id='word_1_463' title='bbox 693 3649 1046 3717; x_wconf 73' lang='grc' dir='ltr'>ἐλεγχθέντας</span> <span class='ocrx_word' id='word_1_464' title='bbox 1084 3651 1278 3710; x_wconf 77' lang='grc' dir='ltr'>αὐτοὺς</span> <span class='ocrx_word' id='word_1_465' title='bbox 1311 3650 1610 3718; x_wconf 74' lang='grc' dir='ltr'>ὠνόμασεν,</span> <span class='ocrx_word' id='word_1_466' title='bbox 1649 3653 1746 3719; x_wconf 78' lang='grc' dir='ltr'><strong>οὐχ</strong></span> <span class='ocrx_word' id='word_1_467' title='bbox 1777 3653 1850 3712; x_wconf 72' lang='grc' dir='ltr'>ὠς</span> 
     </span>
    </p>
   </div>
   <div class='ocr_carea' id='block_1_69' title="bbox 280 3740 1852 3810">
    <p class='ocr_par' dir='ltr' id='par_1_69' title="bbox 280 3740 1852 3810">
     <span class='ocr_line' id='line_1_69' title="bbox 280 3740 1852 3810; baseline 0 -18"><span class='ocrx_word' id='word_1_468' title='bbox 280 3741 500 3802; x_wconf 81' lang='grc' dir='ltr'>τελείως</span> <span class='ocrx_word' id='word_1_469' title='bbox 539 3741 1004 3808; x_wconf 77' lang='grc' dir='ltr'>ἀποδεδειγμένων</span> <span class='ocrx_word' id='word_1_470' title='bbox 1042 3742 1147 3791; x_wconf 82' lang='grc' dir='ltr'>τῶν</span> <span class='ocrx_word' id='word_1_471' title='bbox 1177 3740 1295 3791; x_wconf 81' lang='grc' dir='ltr'>κατ’</span> <span class='ocrx_word' id='word_1_472' title='bbox 1344 3742 1523 3793; x_wconf 78' lang='grc' dir='ltr'>αὐτῶν</span> <span class='ocrx_word' id='word_1_473' title='bbox 1572 3743 1852 3810; x_wconf 79' lang='grc' dir='ltr'>εἰσαχθέν-</span> 
     </span>
    </p>
   </div>
   <div class='ocr_carea' id='block_1_70' title="bbox 281 3831 1846 3900">
    <p class='ocr_par' dir='ltr' id='par_1_70' title="bbox 281 3831 1846 3900">
     <span class='ocr_line' id='line_1_70' title="bbox 281 3831 1846 3900; baseline -0.003 -16"><span class='ocrx_word' id='word_1_474' title='bbox 281 3846 417 3885; x_wconf 80' lang='grc' dir='ltr'>των·</span> <span class='ocrx_word' id='word_1_475' title='bbox 466 3833 499 3900; x_wconf 78' lang='grc' dir='ltr'><strong>ἢ</strong></span> <span class='ocrx_word' id='word_1_476' title='bbox 537 3833 644 3900; x_wconf 77' lang='grc' dir='ltr'><strong>γὰρ</strong></span> <span class='ocrx_word' id='word_1_477' title='bbox 689 3833 754 3882; x_wconf 79' lang='grc' dir='ltr'>ἂν</span> <span class='ocrx_word' id='word_1_478' title='bbox 802 3831 1326 3899; x_wconf 79' lang='grc' dir='ltr'>καὶκαοηρέθησαν,</span> <span class='ocrx_word' id='word_1_479' title='bbox 1376 3833 1424 3880; x_wconf 88' lang='grc' dir='ltr'>εἰ</span> <span class='ocrx_word' id='word_1_480' title='bbox 1470 3831 1846 3899; x_wconf 84' lang='grc' dir='ltr'>ἠλέγχθησαν·</span> 
     </span>
    </p>
   </div>
   <div class='ocr_carea' id='block_1_71' title="bbox 283 3920 1852 3990">
    <p class='ocr_par' dir='ltr' id='par_1_71' title="bbox 283 3920 1852 3990">
     <span class='ocr_line' id='line_1_71' title="bbox 283 3920 1852 3990; baseline 0 -17"><span class='ocrx_word' id='word_1_481' title='bbox 283 3923 393 3974; x_wconf 74' lang='grc' dir='ltr'>αλλ’</span> <span class='ocrx_word' id='word_1_482' title='bbox 424 3922 499 3981; x_wconf 80' lang='grc' dir='ltr'>ὼς</span> <span class='ocrx_word' id='word_1_483' title='bbox 535 3922 858 3990; x_wconf 65' lang='grc' dir='ltr'>προλήψεων</span> <span class='ocrx_word' id='word_1_484' title='bbox 890 3921 985 3973; x_wconf 68' lang='grc' dir='ltr'><strong>καὶ</strong></span> <span class='ocrx_word' id='word_1_485' title='bbox 1021 3923 1140 3972; x_wconf 71' lang='grc' dir='ltr'>κατ’</span> <span class='ocrx_word' id='word_1_486' title='bbox 1176 3922 1356 3971; x_wconf 74' lang='grc' dir='ltr'>αὐτῶν</span> <span class='ocrx_word' id='word_1_487' title='bbox 1382 3921 1658 3980; x_wconf 76' lang='grc' dir='ltr'>δοθεισῶν,</span> <span class='ocrx_word' id='word_1_488' title='bbox 1688 3920 1754 3971; x_wconf 82' lang='grc' dir='ltr'><strong>δι’</strong></span> <span class='ocrx_word' id='word_1_489' title='bbox 1787 3921 1852 3983; x_wconf 80' lang='grc' dir='ltr'><strong>ἂς</strong></span> 
     </span>
    </p>
   </div>
   <div class='ocr_carea' id='block_1_72' title="bbox 283 4011 1850 4080">
    <p class='ocr_par' dir='ltr' id='par_1_72' title="bbox 283 4011 1850 4080">
     <span class='ocr_line' id='line_1_72' title="bbox 283 4011 1850 4080; baseline -0.001 -16"><span class='ocrx_word' id='word_1_490' title='bbox 283 4014 376 4064; x_wconf 70' lang='grc' dir='ltr'><strong>καὶ</strong></span> <span class='ocrx_word' id='word_1_491' title='bbox 409 4013 779 4080; x_wconf 75' lang='grc' dir='ltr'>ἁκοινωνησίᾳ</span> <span class='ocrx_word' id='word_1_492' title='bbox 811 4013 1243 4079; x_wconf 73' lang='grc' dir='ltr'>ἐπετιμήθησαν.</span> <span class='ocrx_word' id='word_1_493' title='bbox 1288 4012 1350 4062; x_wconf 71' lang='lat' dir='ltr'><strong>El</strong></span> <span class='ocrx_word' id='word_1_494' title='bbox 1385 4011 1480 4077; x_wconf 84' lang='grc' dir='ltr'><strong>μὲν</strong></span> <span class='ocrx_word' id='word_1_495' title='bbox 1515 4011 1606 4062; x_wconf 87' lang='grc' dir='ltr'><strong>οῦν</strong></span> <span class='ocrx_word' id='word_1_496' title='bbox 1637 4011 1723 4062; x_wconf 85' lang='grc' dir='ltr'><strong>διὰ</strong></span> <span class='ocrx_word' id='word_1_497' title='bbox 1755 4013 1850 4063; x_wconf 88' lang='grc' dir='ltr'><strong>τοῦ</strong></span> 
     </span>
    </p>
   </div>
   <div class='ocr_carea' id='block_1_73' title="bbox 282 4100 1851 4168">
    <p class='ocr_par' dir='ltr' id='par_1_73' title="bbox 282 4100 1851 4168">
     <span class='ocr_line' id='line_1_73' title="bbox 282 4100 1851 4168; baseline 0.002 -16"><span class='ocrx_word' id='word_1_498' title='bbox 282 4101 528 4154; x_wconf 74' lang='grc' dir='ltr'>ἐνιαυτοῦ</span> <span class='ocrx_word' id='word_1_499' title='bbox 552 4101 907 4153; x_wconf 83' lang='grc' dir='ltr'>σπουδάσουσι</span> <span class='ocrx_word' id='word_1_500' title='bbox 927 4100 1196 4168; x_wconf 72' lang='grc' dir='ltr'>καθαροὺς</span> <span class='ocrx_word' id='word_1_501' title='bbox 1217 4103 1439 4162; x_wconf 71' lang='grc' dir='ltr'>ἑαυτοὺς</span> <span class='ocrx_word' id='word_1_502' title='bbox 1462 4102 1733 4165; x_wconf 80' lang='grc' dir='ltr'>ἀποδεῖξαι</span> <span class='ocrx_word' id='word_1_503' title='bbox 1747 4104 1851 4155; x_wconf 81' lang='grc' dir='ltr'><strong>τῶν</strong></span> 
     </span>
    </p>
   </div>
   <div class='ocr_carea' id='block_1_74' title="bbox 281 4189 1850 4259">
    <p class='ocr_par' dir='ltr' id='par_1_74' title="bbox 281 4189 1850 4259">
     <span class='ocr_line' id='line_1_74' title="bbox 281 4189 1850 4259; baseline 0.001 -17"><span class='ocrx_word' id='word_1_504' title='bbox 281 4192 646 4259; x_wconf 73' lang='grc' dir='ltr'>ἐγκλημάτων</span> <span class='ocrx_word' id='word_1_505' title='bbox 670 4231 684 4251; x_wconf 92' lang='grc'><strong>,</strong></span> <span class='ocrx_word' id='word_1_506' title='bbox 723 4191 816 4241; x_wconf 78' lang='grc' dir='ltr'>καὶ</span> <span class='ocrx_word' id='word_1_507' title='bbox 862 4189 953 4240; x_wconf 89' lang='grc' dir='ltr'><strong>τοῦ</strong></span> <span class='ocrx_word' id='word_1_508' title='bbox 991 4191 1264 4256; x_wconf 70' lang='grc' dir='ltr'>ἐπιτιμίου</span> <span class='ocrx_word' id='word_1_509' title='bbox 1311 4192 1718 4258; x_wconf 70' lang='grc' dir='ltr'>κωλυρήσονται</span> <span class='ocrx_word' id='word_1_510' title='bbox 1748 4207 1761 4220; x_wconf 84' lang='grc'><em>’</em></span> <span class='ocrx_word' id='word_1_511' title='bbox 1802 4195 1850 4244; x_wconf 77' lang='grc' dir='ltr'>εἰ</span> 
     </span>
    </p>
   </div>
   <div class='ocr_carea' id='block_1_75' title="bbox 279 4281 1850 4349">
    <p class='ocr_par' dir='ltr' id='par_1_75' title="bbox 279 4281 1850 4349">
     <span class='ocr_line' id='line_1_75' title="bbox 279 4281 1850 4349; baseline 0.001 -17"><span class='ocrx_word' id='word_1_512' title='bbox 279 4283 334 4332; x_wconf 81' lang='grc' dir='ltr'>δὲ</span> <span class='ocrx_word' id='word_1_513' title='bbox 376 4284 453 4349; x_wconf 79' lang='grc' dir='ltr'>μὴ</span> <span class='ocrx_word' id='word_1_514' title='bbox 493 4281 852 4349; x_wconf 80' lang='grc' dir='ltr'>ἁπρόσδεκτοι</span> <span class='ocrx_word' id='word_1_515' title='bbox 903 4283 1114 4330; x_wconf 83' lang='grc' dir='ltr'>ἐσονται</span> <span class='ocrx_word' id='word_1_516' title='bbox 1154 4281 1292 4348; x_wconf 53' lang='lat' dir='ltr'><strong>prta</strong></span> <span class='ocrx_word' id='word_1_517' title='bbox 1353 4281 1520 4332; x_wconf 87' lang='grc' dir='ltr'>ταῦτα</span> <span class='ocrx_word' id='word_1_518' title='bbox 1554 4282 1709 4349; x_wconf 90' lang='grc' dir='ltr'>λόγον</span> <span class='ocrx_word' id='word_1_519' title='bbox 1739 4287 1850 4334; x_wconf 69' lang='lat' dir='ltr'><strong>els-</strong></span> 
     </span>
    </p>
   </div>
   <div class='ocr_carea' id='block_1_76' title="bbox 281 4382 527 4431">
    <p class='ocr_par' dir='ltr' id='par_1_76' title="bbox 281 4382 527 4431">
     <span class='ocr_line' id='line_1_76' title="bbox 281 4382 527 4431; baseline 0.004 -13"><span class='ocrx_word' id='word_1_520' title='bbox 281 4382 527 4431; x_wconf 67' lang='grc' dir='ltr'>αγοντες.</span> 
     </span>
    </p>
   </div>
   <div class='ocr_carea' id='block_1_77' title="bbox 284 4631 1844 4701">
    <p class='ocr_par' dir='ltr' id='par_1_77' title="bbox 284 4631 1844 4701">
     <span class='ocr_line' id='line_1_77' title="bbox 284 4631 1844 4701; baseline 0 -17"><span class='ocrx_word' id='word_1_521' title='bbox 284 4632 506 4685; x_wconf 74' lang='grc' dir='ltr'><strong>ΑΙῚΣΤ.</strong></span> <span class='ocrx_word' id='word_1_522' title='bbox 550 4647 569 4682; x_wconf 76' lang='grc' dir='ltr'><strong>ι</strong></span> <span class='ocrx_word' id='word_1_523' title='bbox 628 4633 1012 4699; x_wconf 81' lang='grc' dir='ltr'>Ἐλεγχόμενος</span> <span class='ocrx_word' id='word_1_524' title='bbox 1054 4631 1307 4698; x_wconf 67' lang='grc' dir='ltr'>κληρικὸς</span> <span class='ocrx_word' id='word_1_525' title='bbox 1348 4631 1435 4681; x_wconf 77' lang='grc' dir='ltr'>ἐπ’</span> <span class='ocrx_word' id='word_1_526' title='bbox 1496 4632 1844 4701; x_wconf 82' lang='grc' dir='ltr'>ἐγκλήματι,</span> 
     </span>
    </p>
   </div>
   <div class='ocr_carea' id='block_1_78' title="bbox 361 4721 1847 4788">
    <p class='ocr_par' dir='ltr' id='par_1_78' title="bbox 361 4721 1847 4788">
     <span class='ocr_line' id='line_1_78' title="bbox 361 4721 1847 4788; baseline 0 -14"><span class='ocrx_word' id='word_1_527' title='bbox 361 4743 378 4774; x_wconf 80' lang='grc' dir='ltr'>ι</span> <span class='ocrx_word' id='word_1_528' title='bbox 425 4725 520 4776; x_wconf 79' lang='grc' dir='ltr'>ἐὰν</span> <span class='ocrx_word' id='word_1_529' title='bbox 567 4721 1006 4788; x_wconf 82' lang='grc' dir='ltr'>ἐπαγωνίσασθαι</span> <span class='ocrx_word' id='word_1_530' title='bbox 1069 4721 1233 4788; x_wconf 82' lang='grc' dir='ltr'>λέγῃ,</span> <span class='ocrx_word' id='word_1_531' title='bbox 1277 4722 1422 4782; x_wconf 83' lang='grc' dir='ltr'>ἐντὸς</span> <span class='ocrx_word' id='word_1_532' title='bbox 1463 4723 1707 4774; x_wconf 88' lang='grc' dir='ltr'>ἐνιαυτοῦ</span> <span class='ocrx_word' id='word_1_533' title='bbox 1749 4725 1847 4774; x_wconf 83' lang='grc' dir='ltr'><strong>ἐπ-</strong></span> 
     </span>
    </p>
   </div>
   <div class='ocr_carea' id='block_1_79' title="bbox 359 4810 1840 4880">
    <p class='ocr_par' dir='ltr' id='par_1_79' title="bbox 359 4810 1840 4880">
     <span class='ocr_line' id='line_1_79' title="bbox 359 4810 1840 4880; baseline 0.001 -18"><span class='ocrx_word' id='word_1_534' title='bbox 359 4834 376 4862; x_wconf 80' lang='grc' dir='ltr'><strong>ι</strong></span> <span class='ocrx_word' id='word_1_535' title='bbox 425 4813 797 4880; x_wconf 80' lang='grc' dir='ltr'>αγωνιζέσοω’</span> <span class='ocrx_word' id='word_1_536' title='bbox 824 4814 960 4879; x_wconf 77' lang='grc' dir='ltr'>μετὰ</span> <span class='ocrx_word' id='word_1_537' title='bbox 986 4811 1040 4862; x_wconf 87' lang='grc' dir='ltr'><strong>δέ</strong></span> <span class='ocrx_word' id='word_1_538' title='bbox 1063 4810 1218 4862; x_wconf 83' lang='grc' dir='ltr'>τοῦτο</span> <span class='ocrx_word' id='word_1_539' title='bbox 1243 4813 1380 4864; x_wconf 76' lang='grc' dir='ltr'>ἔστω</span> <span class='ocrx_word' id='word_1_540' title='bbox 1414 4814 1792 4880; x_wconf 77' lang='grc' dir='ltr'>ἁπρόσδεκτος.</span> <span class='ocrx_word' id='word_1_541' title='bbox 1823 4834 1840 4864; x_wconf 74' lang='grc' dir='ltr'><strong>ι</strong></span> 
     </span>
    </p>
   </div>
   <div class='ocr_carea' id='block_1_80' title="bbox 367 4900 1848 4972">
    <p class='ocr_par' dir='ltr' id='par_1_80' title="bbox 367 4900 1848 4972">
     <span class='ocr_line' id='line_1_80' title="bbox 367 4900 1848 4972; baseline -0.001 -17"><span class='ocrx_word' id='word_1_542' title='bbox 367 4904 750 4972; x_wconf 75' lang='grc' dir='ltr'>Ἐλεγχὸμενος</span> <span class='ocrx_word' id='word_1_543' title='bbox 781 4901 866 4952; x_wconf 81' lang='grc' dir='ltr'><strong>ἐπ’</strong></span> <span class='ocrx_word' id='word_1_544' title='bbox 901 4900 1211 4969; x_wconf 76' lang='grc' dir='ltr'>ἐγκλήμασι</span> <span class='ocrx_word' id='word_1_545' title='bbox 1241 4903 1334 4953; x_wconf 70' lang='grc' dir='ltr'>καὶ</span> <span class='ocrx_word' id='word_1_546' title='bbox 1360 4902 1457 4970; x_wconf 70' lang='grc' dir='ltr'>ἤδη</span> <span class='ocrx_word' id='word_1_547' title='bbox 1497 4903 1848 4966; x_wconf 77' lang='grc' dir='ltr'>καταδικαζό-</span> 
     </span>
    </p>
   </div>
   <div class='ocr_carea' id='block_1_81' title="bbox 287 4989 1848 5064">
    <p class='ocr_par' dir='ltr' id='par_1_81' title="bbox 287 4989 1848 5064">
     <span class='ocr_line' id='line_1_81' title="bbox 287 4989 1848 5064; baseline -0.001 -19"><span class='ocrx_word' id='word_1_548' title='bbox 287 5011 442 5062; x_wconf 86' lang='grc' dir='ltr'>μενος</span> <span class='ocrx_word' id='word_1_549' title='bbox 485 4993 775 5064; x_wconf 74' lang='grc' dir='ltr'>κληρικὸς,</span> <span class='ocrx_word' id='word_1_550' title='bbox 811 4993 905 5044; x_wconf 85' lang='grc' dir='ltr'>ἐὰν</span> <span class='ocrx_word' id='word_1_551' title='bbox 938 4992 1019 5042; x_wconf 86' lang='grc' dir='ltr'><strong>ἐτι</strong></span> <span class='ocrx_word' id='word_1_552' title='bbox 1056 4989 1186 5062; x_wconf 83' lang='grc' dir='ltr'>λέγῃ</span> <span class='ocrx_word' id='word_1_553' title='bbox 1222 4991 1480 5043; x_wconf 80' lang='grc' dir='ltr'>δύνασθαι</span> <span class='ocrx_word' id='word_1_554' title='bbox 1513 4993 1848 5064; x_wconf 83' lang='grc' dir='ltr'>δικαιολογή-</span> 
     </span>
    </p>
   </div>
   <div class='ocr_carea' id='block_1_82' title="bbox 285 5083 1844 5152">
    <p class='ocr_par' dir='ltr' id='par_1_82' title="bbox 285 5083 1844 5152">
     <span class='ocr_line' id='line_1_82' title="bbox 285 5083 1844 5152; baseline 0.001 -15"><span class='ocrx_word' id='word_1_555' title='bbox 285 5085 481 5137; x_wconf 81' lang='grc' dir='ltr'>σασθαι</span> <span class='ocrx_word' id='word_1_556' title='bbox 531 5085 624 5136; x_wconf 73' lang='grc' dir='ltr'><strong>καὶ</strong></span> <span class='ocrx_word' id='word_1_557' title='bbox 679 5083 873 5134; x_wconf 71' lang='grc' dir='ltr'>ἐαυτὸν</span> <span class='ocrx_word' id='word_1_558' title='bbox 925 5083 1214 5134; x_wconf 77' lang='grc' dir='ltr'>ἀνεύθυνον</span> <span class='ocrx_word' id='word_1_559' title='bbox 1270 5085 1644 5152; x_wconf 73' lang='grc' dir='ltr'>παραστῆσαι,</span> <span class='ocrx_word' id='word_1_560' title='bbox 1695 5088 1844 5148; x_wconf 74' lang='grc' dir='ltr'>ἐντὸς</span> 
     </span>
    </p>
   </div>
   <div class='ocr_carea' id='block_1_83' title="bbox 284 5173 1848 5243">
    <p class='ocr_par' dir='ltr' id='par_1_83' title="bbox 284 5173 1848 5243">
     <span class='ocr_line' id='line_1_83' title="bbox 284 5173 1848 5243; baseline 0.003 -16"><span class='ocrx_word' id='word_1_561' title='bbox 284 5175 533 5228; x_wconf 67' lang='grc' dir='ltr'>ἐνιαυτοῦ</span> <span class='ocrx_word' id='word_1_562' title='bbox 555 5175 757 5243; x_wconf 69' lang='grc' dir='ltr'>ὀφείλει</span> <span class='ocrx_word' id='word_1_563' title='bbox 783 5173 1242 5242; x_wconf 76' lang='grc' dir='ltr'>ἐπαγωνίσασθαιο</span> <span class='ocrx_word' id='word_1_564' title='bbox 1270 5175 1406 5242; x_wconf 83' lang='grc' dir='ltr'><strong>μετὰ</strong></span> <span class='ocrx_word' id='word_1_565' title='bbox 1425 5175 1482 5226; x_wconf 86' lang='grc' dir='ltr'><strong>δέ</strong></span> <span class='ocrx_word' id='word_1_566' title='bbox 1501 5177 1591 5229; x_wconf 85' lang='grc' dir='ltr'><strong>τὸν</strong></span> <span class='ocrx_word' id='word_1_567' title='bbox 1611 5178 1848 5232; x_wconf 83' lang='grc' dir='ltr'>ἐνιαυτὸν</span> 
     </span>
    </p>
   </div>
   <div class='ocr_carea' id='block_1_84' title="bbox 283 5265 1849 5336">
    <p class='ocr_par' dir='ltr' id='par_1_84' title="bbox 283 5265 1849 5336">
     <span class='ocr_line' id='line_1_84' title="bbox 283 5265 1849 5336; baseline 0.002 -17"><span class='ocrx_word' id='word_1_568' title='bbox 283 5267 502 5336; x_wconf 72' lang='grc' dir='ltr'>οὐδεμία</span> <span class='ocrx_word' id='word_1_569' title='bbox 519 5265 682 5318; x_wconf 83' lang='grc' dir='ltr'>αὑτοῦ</span> <span class='ocrx_word' id='word_1_570' title='bbox 701 5265 1028 5332; x_wconf 80' lang='grc' dir='ltr'>δικαιολογία</span> <span class='ocrx_word' id='word_1_571' title='bbox 1056 5265 1524 5335; x_wconf 80' lang='grc' dir='ltr'>παραδεχθήσεται</span> <span class='ocrx_word' id='word_1_572' title='bbox 1541 5270 1619 5330; x_wconf 89' lang='grc' dir='ltr'>εἰς</span> <span class='ocrx_word' id='word_1_573' title='bbox 1632 5269 1689 5320; x_wconf 81' lang='grc' dir='ltr'>τὸ</span> <span class='ocrx_word' id='word_1_574' title='bbox 1705 5271 1849 5322; x_wconf 85' lang='grc' dir='ltr'>δικα-</span> 
     </span>
    </p>
   </div>
   <div class='ocr_carea' id='block_1_85' title="bbox 284 5358 1843 5427">
    <p class='ocr_par' dir='ltr' id='par_1_85' title="bbox 284 5358 1843 5427">
     <span class='ocr_line' id='line_1_85' title="bbox 284 5358 1843 5427; baseline 0.003 -19"><span class='ocrx_word' id='word_1_575' title='bbox 284 5358 502 5427; x_wconf 81' lang='grc' dir='ltr'>στήριον</span> <span class='ocrx_word' id='word_1_576' title='bbox 535 5359 657 5410; x_wconf 82' lang='grc' dir='ltr'>ὅσον</span> <span class='ocrx_word' id='word_1_577' title='bbox 697 5358 849 5420; x_wconf 82' lang='grc' dir='ltr'>αὐτὸ,</span> <span class='ocrx_word' id='word_1_578' title='bbox 882 5358 1016 5409; x_wconf 82' lang='grc' dir='ltr'>ἀλλὰ</span> <span class='ocrx_word' id='word_1_579' title='bbox 1069 5359 1598 5426; x_wconf 82' lang='grc' dir='ltr'>καταδεδικασμένος</span> <span class='ocrx_word' id='word_1_580' title='bbox 1651 5362 1802 5413; x_wconf 85' lang='grc' dir='ltr'>ἕσται</span> <span class='ocrx_word' id='word_1_581' title='bbox 1831 5379 1843 5392; x_wconf 89' lang='grc'><strong>·</strong></span> 
     </span>
    </p>
   </div>
   <div class='ocr_carea' id='block_1_86' title="bbox 281 5446 1845 5515">
    <p class='ocr_par' dir='ltr' id='par_1_86' title="bbox 281 5446 1845 5515">
     <span class='ocr_line' id='line_1_86' title="bbox 281 5446 1845 5515; baseline 0.004 -17"><span class='ocrx_word' id='word_1_582' title='bbox 281 5451 372 5498; x_wconf 79' lang='grc' dir='ltr'><strong>καὶ</strong></span> <span class='ocrx_word' id='word_1_583' title='bbox 433 5449 481 5497; x_wconf 86' lang='grc' dir='ltr'>εἰ</span> <span class='ocrx_word' id='word_1_584' title='bbox 511 5446 759 5515; x_wconf 81' lang='grc' dir='ltr'>βούλεται</span> <span class='ocrx_word' id='word_1_585' title='bbox 787 5446 973 5499; x_wconf 74' lang='grc' dir='ltr'>ἔκτοτε</span> <span class='ocrx_word' id='word_1_586' title='bbox 1006 5448 1373 5512; x_wconf 77' lang='grc' dir='ltr'>ἐκκαλεῖσθαι,</span> <span class='ocrx_word' id='word_1_587' title='bbox 1412 5450 1632 5502; x_wconf 85' lang='grc' dir='ltr'>ποιείτω</span> <span class='ocrx_word' id='word_1_588' title='bbox 1670 5450 1845 5504; x_wconf 78' lang='grc' dir='ltr'>τοῦτο.</span> 
     </span>
    </p>
   </div>
   <div class='ocr_carea' id='block_1_87' title="bbox 871 5539 1254 5591">
    <p class='ocr_par' dir='ltr' id='par_1_87' title="bbox 871 5539 1254 5591">
     <span class='ocr_line' id='line_1_87' title="bbox 871 5539 1254 5591; baseline 0.003 -1"><span class='ocrx_word' id='word_1_589' title='bbox 871 5539 1103 5590; x_wconf 73' lang='grc' dir='ltr'><strong>ΚΑΝΩΝ</strong></span> <span class='ocrx_word' id='word_1_590' title='bbox 1134 5539 1254 5591; x_wconf 77' lang='lat' dir='ltr'><strong>III&quot;.</strong></span> 
     </span>
    </p>
   </div>
   <div class='ocr_carea' id='block_1_88' title="bbox 364 5629 1846 5702">
    <p class='ocr_par' dir='ltr' id='par_1_88' title="bbox 364 5629 1846 5702">
     <span class='ocr_line' id='line_1_88' title="bbox 364 5629 1846 5702; baseline 0.005 -21"><span class='ocrx_word' id='word_1_591' title='bbox 364 5633 452 5691; x_wconf 75' lang='grc' dir='ltr'>Ὠς</span> <span class='ocrx_word' id='word_1_592' title='bbox 479 5631 605 5692; x_wconf 77' lang='grc' dir='ltr'>τοὺς</span> <span class='ocrx_word' id='word_1_593' title='bbox 625 5630 730 5682; x_wconf 78' lang='grc' dir='ltr'><strong>ἀπὸ</strong></span> <span class='ocrx_word' id='word_1_594' title='bbox 747 5629 1026 5699; x_wconf 81' lang='grc' dir='ltr'>ἀλλοτρίου</span> <span class='ocrx_word' id='word_1_595' title='bbox 1047 5648 1178 5699; x_wconf 86' lang='grc' dir='ltr'>μονα</span> <span class='ocrx_word' id='word_1_596' title='bbox 1189 5633 1408 5701; x_wconf 76' lang='grc' dir='ltr'>στηρίου</span> <span class='ocrx_word' id='word_1_597' title='bbox 1436 5633 1846 5702; x_wconf 73' lang='grc' dir='ltr'>ὑποδεχθέντας,</span> 
     </span>
    </p>
   </div>
   <div class='ocr_carea' id='block_1_89' title="bbox 348 5722 1848 5796">
    <p class='ocr_par' dir='ltr' id='par_1_89' title="bbox 348 5722 1848 5796">
     <span class='ocr_line' id='line_1_89' title="bbox 348 5722 1848 5796; baseline 0.001 -22"><span class='ocrx_word' id='word_1_598' title='bbox 348 5742 369 5774; x_wconf 67' lang='grc' dir='ltr'>ι</span> <span class='ocrx_word' id='word_1_599' title='bbox 420 5723 558 5791; x_wconf 78' lang='grc' dir='ltr'><strong>μηδέ</strong></span> <span class='ocrx_word' id='word_1_600' title='bbox 594 5723 923 5792; x_wconf 77' lang='grc' dir='ltr'>ἡγουμένους</span> <span class='ocrx_word' id='word_1_601' title='bbox 963 5722 1056 5774; x_wconf 80' lang='grc' dir='ltr'><strong>τοῦ</strong></span> <span class='ocrx_word' id='word_1_602' title='bbox 1099 5727 1495 5794; x_wconf 73' lang='grc' dir='ltr'>μοναστηρὶον,</span> <span class='ocrx_word' id='word_1_603' title='bbox 1538 5727 1668 5795; x_wconf 73' lang='grc' dir='ltr'>μηδὲ</span> <span class='ocrx_word' id='word_1_604' title='bbox 1722 5729 1848 5796; x_wconf 83' lang='grc' dir='ltr'>κλη-</span> 
     </span>
    </p>
   </div>
   <div class='ocr_carea' id='block_1_90' title="bbox 1958 3201 3514 3272">
    <p class='ocr_par' dir='ltr' id='par_1_90' title="bbox 1958 3201 3514 3272">
     <span class='ocr_line' id='line_1_90' title="bbox 1958 3201 3514 3272; baseline 0.003 -19"><span class='ocrx_word' id='word_1_605' title='bbox 1958 3203 2149 3265; x_wconf 87' lang='lat' dir='ltr'><strong>fertur,</strong></span> <span class='ocrx_word' id='word_1_606' title='bbox 2206 3202 2358 3268; x_wconf 85' lang='lat' dir='ltr'><strong>culpa</strong></span> <span class='ocrx_word' id='word_1_607' title='bbox 2413 3201 2642 3255; x_wconf 78' lang='lat' dir='ltr'><strong>liberare</strong></span> <span class='ocrx_word' id='word_1_608' title='bbox 2693 3203 3049 3268; x_wconf 77' lang='lat' dir='ltr'><strong>centendant;</strong></span> <span class='ocrx_word' id='word_1_609' title='bbox 3115 3203 3276 3272; x_wconf 80' lang='lat' dir='ltr'><strong>idque</strong></span> <span class='ocrx_word' id='word_1_610' title='bbox 3312 3206 3390 3259; x_wconf 85' lang='lat' dir='ltr'><strong>vel</strong></span> <span class='ocrx_word' id='word_1_611' title='bbox 3443 3206 3514 3258; x_wconf 74' lang='lat' dir='ltr'><strong>ob</strong></span> 
     </span>
    </p>
   </div>
   <div class='ocr_carea' id='block_1_91' title="bbox 1954 3292 3517 3357">
    <p class='ocr_par' dir='ltr' id='par_1_91' title="bbox 1954 3292 3517 3357">
     <span class='ocr_line' id='line_1_91' title="bbox 1954 3292 3517 3357; baseline 0.001 -13"><span class='ocrx_word' id='word_1_612' title='bbox 1954 3292 2314 3345; x_wconf 71' lang='lat' dir='ltr'><strong>reverentiam</strong></span> <span class='ocrx_word' id='word_1_613' title='bbox 2372 3308 2463 3344; x_wconf 90' lang='lat' dir='ltr'><strong>seu</strong></span> <span class='ocrx_word' id='word_1_614' title='bbox 2517 3294 2658 3345; x_wconf 86' lang='lat' dir='ltr'><strong>sacri</strong></span> <span class='ocrx_word' id='word_1_615' title='bbox 2713 3295 2918 3346; x_wconf 88' lang='lat' dir='ltr'><strong>ordinis</strong></span> <span class='ocrx_word' id='word_1_616' title='bbox 2951 3295 3262 3357; x_wconf 64' lang='lat' dir='ltr'><strong>dignitatem</strong></span> <span class='ocrx_word' id='word_1_617' title='bbox 3296 3311 3517 3348; x_wconf 81' lang='lat' dir='ltr'><strong>conser-</strong></span> 
     </span>
    </p>
   </div>
   <div class='ocr_carea' id='block_1_92' title="bbox 1957 3383 3511 3452">
    <p class='ocr_par' dir='ltr' id='par_1_92' title="bbox 1957 3383 3511 3452">
     <span class='ocr_line' id='line_1_92' title="bbox 1957 3383 3511 3452; baseline 0.003 -22"><span class='ocrx_word' id='word_1_618' title='bbox 1957 3383 2208 3440; x_wconf 68' lang='lat' dir='ltr'><strong>vandam,</strong></span> <span class='ocrx_word' id='word_1_619' title='bbox 2248 3396 2354 3446; x_wconf 86' lang='lat' dir='ltr'><strong>quo</strong></span> <span class='ocrx_word' id='word_1_620' title='bbox 2381 3383 2596 3433; x_wconf 88' lang='lat' dir='ltr'><strong>nomine</strong></span> <span class='ocrx_word' id='word_1_621' title='bbox 2639 3385 2718 3435; x_wconf 92' lang='lat' dir='ltr'><strong>eis</strong></span> <span class='ocrx_word' id='word_1_622' title='bbox 2746 3383 2949 3436; x_wconf 78' lang='lat' dir='ltr'><strong>interea</strong></span> <span class='ocrx_word' id='word_1_623' title='bbox 3001 3385 3261 3451; x_wconf 82' lang='lat' dir='ltr'><strong>parcitur,</strong></span> <span class='ocrx_word' id='word_1_624' title='bbox 3317 3402 3511 3452; x_wconf 78' lang='lat' dir='ltr'><strong>nequa</strong></span> 
     </span>
    </p>
   </div>
   <div class='ocr_carea' id='block_1_93' title="bbox 1954 3470 3512 3535">
    <p class='ocr_par' dir='ltr' id='par_1_93' title="bbox 1954 3470 3512 3535">
     <span class='ocr_line' id='line_1_93' title="bbox 1954 3470 3512 3535; baseline 0.006 -14"><span class='ocrx_word' id='word_1_625' title='bbox 1954 3486 2105 3522; x_wconf 83' lang='lat' dir='ltr'><strong>sacro</strong></span> <span class='ocrx_word' id='word_1_626' title='bbox 2154 3471 2326 3522; x_wconf 90' lang='lat' dir='ltr'><strong>ordini</strong></span> <span class='ocrx_word' id='word_1_627' title='bbox 2377 3470 2608 3525; x_wconf 76' lang='lat' dir='ltr'><strong>infamiae</strong></span> <span class='ocrx_word' id='word_1_628' title='bbox 2645 3484 2766 3524; x_wconf 89' lang='lat' dir='ltr'><strong>uota</strong></span> <span class='ocrx_word' id='word_1_629' title='bbox 2801 3475 3020 3535; x_wconf 61' lang='lat' dir='ltr'><strong>intereat,</strong></span> <span class='ocrx_word' id='word_1_630' title='bbox 3055 3475 3132 3527; x_wconf 80' lang='lat' dir='ltr'><strong>vel</strong></span> <span class='ocrx_word' id='word_1_631' title='bbox 3164 3490 3230 3528; x_wconf 90' lang='lat' dir='ltr'><strong>ne</strong></span> <span class='ocrx_word' id='word_1_632' title='bbox 3278 3477 3512 3530; x_wconf 64' lang='lat' dir='ltr'><strong>haeretici</strong></span> 
     </span>
    </p>
   </div>
   <div class='ocr_carea' id='block_1_94' title="bbox 1954 3559 3510 3632">
    <p class='ocr_par' dir='ltr' id='par_1_94' title="bbox 1954 3559 3510 3632">
     <span class='ocr_line' id='line_1_94' title="bbox 1954 3559 3510 3632; baseline 0.006 -22"><span class='ocrx_word' id='word_1_633' title='bbox 1954 3559 2205 3612; x_wconf 88' lang='lat' dir='ltr'><strong>insolenti</strong></span> <span class='ocrx_word' id='word_1_634' title='bbox 2273 3561 2511 3614; x_wconf 82' lang='lat' dir='ltr'><strong>vanitate</strong></span> <span class='ocrx_word' id='word_1_635' title='bbox 2561 3565 2880 3626; x_wconf 80' lang='lat' dir='ltr'><strong>eli&#39;erantur,</strong></span> <span class='ocrx_word' id='word_1_636' title='bbox 2909 3579 2971 3617; x_wconf 80' lang='lat' dir='ltr'><strong>ex</strong></span> <span class='ocrx_word' id='word_1_637' title='bbox 3020 3581 3193 3632; x_wconf 84' lang='lat' dir='ltr'><strong>eoque</strong></span> <span class='ocrx_word' id='word_1_638' title='bbox 3227 3568 3510 3620; x_wconf 77' lang='lat' dir='ltr'><strong>sacerdotii</strong></span> 
     </span>
    </p>
   </div>
   <div class='ocr_carea' id='block_1_95' title="bbox 1956 3648 3506 3722">
    <p class='ocr_par' dir='ltr' id='par_1_95' title="bbox 1956 3648 3506 3722">
     <span class='ocr_line' id='line_1_95' title="bbox 1956 3648 3506 3722; baseline 0.005 -24"><span class='ocrx_word' id='word_1_639' title='bbox 1956 3648 2336 3699; x_wconf 87' lang='lat' dir='ltr'><strong>contemnendi</strong></span> <span class='ocrx_word' id='word_1_640' title='bbox 2397 3665 2583 3702; x_wconf 78' lang='lat' dir='ltr'><strong>ausum</strong></span> <span class='ocrx_word' id='word_1_641' title='bbox 2643 3653 2909 3720; x_wconf 82' lang='lat' dir='ltr'><strong>aecipiant</strong></span> <span class='ocrx_word' id='word_1_642' title='bbox 2971 3672 2984 3706; x_wconf 89' lang='lat'><strong>:</strong></span> <span class='ocrx_word' id='word_1_643' title='bbox 3043 3668 3216 3722; x_wconf 88' lang='lat' dir='ltr'><strong>coque</strong></span> <span class='ocrx_word' id='word_1_644' title='bbox 3276 3669 3417 3706; x_wconf 91' lang='lat' dir='ltr'><strong>anno</strong></span> <span class='ocrx_word' id='word_1_645' title='bbox 3480 3673 3506 3706; x_wconf 79' lang='lat' dir='ltr'><strong>a</strong></span> 
     </span>
    </p>
   </div>
   <div class='ocr_carea' id='block_1_96' title="bbox 1953 3741 3510 3812">
    <p class='ocr_par' dir='ltr' id='par_1_96' title="bbox 1953 3741 3510 3812">
     <span class='ocr_line' id='line_1_96' title="bbox 1953 3741 3510 3812; baseline 0.006 -23"><span class='ocrx_word' id='word_1_646' title='bbox 1953 3741 2339 3792; x_wconf 87' lang='lat' dir='ltr'><strong>communione</strong></span> <span class='ocrx_word' id='word_1_647' title='bbox 2393 3755 2610 3809; x_wconf 78' lang='lat' dir='ltr'><strong>quoque</strong></span> <span class='ocrx_word' id='word_1_648' title='bbox 2669 3745 2942 3796; x_wconf 82' lang='lat' dir='ltr'><strong>abstinere</strong></span> <span class='ocrx_word' id='word_1_649' title='bbox 2966 3746 3134 3812; x_wconf 88' lang='lat' dir='ltr'><strong>jubet.</strong></span> <span class='ocrx_word' id='word_1_650' title='bbox 3176 3744 3300 3796; x_wconf 85' lang='lat' dir='ltr'><strong>Nam</strong></span> <span class='ocrx_word' id='word_1_651' title='bbox 3334 3755 3386 3798; x_wconf 91' lang='lat' dir='ltr'><strong>et</strong></span> <span class='ocrx_word' id='word_1_652' title='bbox 3417 3761 3510 3799; x_wconf 85' lang='lat' dir='ltr'><strong>eos</strong></span> 
     </span>
    </p>
   </div>
   <div class='ocr_carea' id='block_1_97' title="bbox 1954 3833 3510 3903">
    <p class='ocr_par' dir='ltr' id='par_1_97' title="bbox 1954 3833 3510 3903">
     <span class='ocr_line' id='line_1_97' title="bbox 1954 3833 3510 3903; baseline 0.008 -26"><span class='ocrx_word' id='word_1_653' title='bbox 1954 3839 2242 3895; x_wconf 76' lang='lat' dir='ltr'><strong>pr0pterea</strong></span> <span class='ocrx_word' id='word_1_654' title='bbox 2310 3845 2484 3882; x_wconf 87' lang='lat' dir='ltr'><strong>canon</strong></span> <span class='ocrx_word' id='word_1_655' title='bbox 2553 3833 2706 3885; x_wconf 87' lang='lat' dir='ltr'><strong>initio</strong></span> <span class='ocrx_word' id='word_1_656' title='bbox 2759 3835 3034 3887; x_wconf 83' lang='lat' dir='ltr'><strong>convictos</strong></span> <span class='ocrx_word' id='word_1_657' title='bbox 3063 3837 3373 3903; x_wconf 85' lang='lat' dir='ltr'><strong>appellavit,</strong></span> <span class='ocrx_word' id='word_1_658' title='bbox 3407 3854 3510 3889; x_wconf 92' lang='lat' dir='ltr'><strong>non</strong></span> 
     </span>
    </p>
   </div>
   <div class='ocr_carea' id='block_1_98' title="bbox 1952 3919 3506 3992">
    <p class='ocr_par' dir='ltr' id='par_1_98' title="bbox 1952 3919 3506 3992">
     <span class='ocr_line' id='line_1_98' title="bbox 1952 3919 3506 3992; baseline 0.007 -25"><span class='ocrx_word' id='word_1_659' title='bbox 1952 3919 2076 3985; x_wconf 87' lang='lat' dir='ltr'><strong>quia</strong></span> <span class='ocrx_word' id='word_1_660' title='bbox 2137 3921 2424 3974; x_wconf 80' lang='lat' dir='ltr'><strong>manifesto</strong></span> <span class='ocrx_word' id='word_1_661' title='bbox 2489 3923 2711 3976; x_wconf 67' lang='lat' dir='ltr'><strong>obnoxii</strong></span> <span class='ocrx_word' id='word_1_662' title='bbox 2764 3925 3082 3978; x_wconf 82' lang='lat' dir='ltr'><strong>criminibus</strong></span> <span class='ocrx_word' id='word_1_663' title='bbox 3159 3937 3506 3992; x_wconf 87' lang='lat' dir='ltr'><strong>tenerentur;</strong></span> 
     </span>
    </p>
   </div>
   <div class='ocr_carea' id='block_1_99' title="bbox 1953 4012 3511 4082">
    <p class='ocr_par' dir='ltr' id='par_1_99' title="bbox 1953 4012 3511 4082">
     <span class='ocr_line' id='line_1_99' title="bbox 1953 4012 3511 4082; baseline 0.006 -22"><span class='ocrx_word' id='word_1_664' title='bbox 1953 4012 2229 4064; x_wconf 89' lang='lat' dir='ltr'><strong>convictos</strong></span> <span class='ocrx_word' id='word_1_665' title='bbox 2281 4013 2424 4065; x_wconf 91' lang='lat' dir='ltr'><strong>enim</strong></span> <span class='ocrx_word' id='word_1_666' title='bbox 2455 4028 2609 4079; x_wconf 61' lang='lat' dir='ltr'><strong>parua</strong></span> <span class='ocrx_word' id='word_1_667' title='bbox 2643 4016 2993 4082; x_wconf 84' lang='lat' dir='ltr'><strong>depositionis</strong></span> <span class='ocrx_word' id='word_1_668' title='bbox 3022 4017 3164 4070; x_wconf 83' lang='lat' dir='ltr'><strong>illico</strong></span> <span class='ocrx_word' id='word_1_669' title='bbox 3210 4027 3391 4071; x_wconf 88' lang='lat' dir='ltr'><strong>secuta</strong></span> <span class='ocrx_word' id='word_1_670' title='bbox 3421 4033 3511 4072; x_wconf 87' lang='lat' dir='ltr'><strong>es-</strong></span> 
     </span>
    </p>
   </div>
   <div class='ocr_carea' id='block_1_100' title="bbox 1953 4102 3512 4174">
    <p class='ocr_par' dir='ltr' id='par_1_100' title="bbox 1953 4102 3512 4174">
     <span class='ocr_line' id='line_1_100' title="bbox 1953 4102 3512 4174; baseline 0.006 -22"><span class='ocrx_word' id='word_1_671' title='bbox 1953 4110 2033 4152; x_wconf 89' lang='lat' dir='ltr'><strong>set</strong></span> <span class='ocrx_word' id='word_1_672' title='bbox 2070 4115 2084 4151; x_wconf 91' lang='lat'><strong>:</strong></span> <span class='ocrx_word' id='word_1_673' title='bbox 2126 4102 2220 4153; x_wconf 89' lang='lat' dir='ltr'><strong>sed</strong></span> <span class='ocrx_word' id='word_1_674' title='bbox 2253 4104 2391 4168; x_wconf 91' lang='lat' dir='ltr'><strong>quod</strong></span> <span class='ocrx_word' id='word_1_675' title='bbox 2427 4114 2708 4157; x_wconf 79' lang='lat' dir='ltr'><strong>exstarent</strong></span> <span class='ocrx_word' id='word_1_676' title='bbox 2742 4105 2939 4158; x_wconf 90' lang='lat' dir='ltr'><strong>iudicia</strong></span> <span class='ocrx_word' id='word_1_677' title='bbox 2978 4105 3260 4170; x_wconf 80' lang='lat' dir='ltr'><strong>facinoris,</strong></span> <span class='ocrx_word' id='word_1_678' title='bbox 3291 4123 3353 4160; x_wconf 80' lang='lat' dir='ltr'><strong>ex</strong></span> <span class='ocrx_word' id='word_1_679' title='bbox 3395 4111 3512 4174; x_wconf 68' lang='lat' dir='ltr'><strong>qui—</strong></span> 
     </span>
    </p>
   </div>
   <div class='ocr_carea' id='block_1_101' title="bbox 1953 4190 3511 4261">
    <p class='ocr_par' dir='ltr' id='par_1_101' title="bbox 1953 4190 3511 4261">
     <span class='ocr_line' id='line_1_101' title="bbox 1953 4190 3511 4261; baseline 0.009 -22"><span class='ocrx_word' id='word_1_680' title='bbox 1953 4190 2052 4241; x_wconf 87' lang='lat' dir='ltr'><strong>bus</strong></span> <span class='ocrx_word' id='word_1_681' title='bbox 2090 4193 2284 4244; x_wconf 85' lang='lat' dir='ltr'><strong>merito</strong></span> <span class='ocrx_word' id='word_1_682' title='bbox 2313 4195 2708 4247; x_wconf 80' lang='lat' dir='ltr'><strong>cetntuuuionis</strong></span> <span class='ocrx_word' id='word_1_683' title='bbox 2741 4197 3044 4261; x_wconf 81' lang='lat' dir='ltr'><strong>privatione</strong></span> <span class='ocrx_word' id='word_1_684' title='bbox 3101 4197 3309 4250; x_wconf 88' lang='lat' dir='ltr'><strong>multati</strong></span> <span class='ocrx_word' id='word_1_685' title='bbox 3364 4209 3511 4253; x_wconf 75' lang='grc' dir='ltr'>ιιιιιι.</span> 
     </span>
    </p>
   </div>
   <div class='ocr_carea' id='block_1_102' title="bbox 1953 4279 3512 4356">
    <p class='ocr_par' dir='ltr' id='par_1_102' title="bbox 1953 4279 3512 4356">
     <span class='ocr_line' id='line_1_102' title="bbox 1953 4279 3512 4356; baseline 0.008 -24"><span class='ocrx_word' id='word_1_686' title='bbox 1953 4279 2094 4346; x_wconf 76' lang='lat' dir='ltr'><strong>Ergo</strong></span> <span class='ocrx_word' id='word_1_687' title='bbox 2127 4282 2171 4333; x_wconf 92' lang='lat' dir='ltr'><strong>si</strong></span> <span class='ocrx_word' id='word_1_688' title='bbox 2209 4283 2366 4336; x_wconf 89' lang='lat' dir='ltr'><strong>unius</strong></span> <span class='ocrx_word' id='word_1_689' title='bbox 2405 4285 2531 4336; x_wconf 89' lang='lat' dir='ltr'><strong>anni</strong></span> <span class='ocrx_word' id='word_1_690' title='bbox 2555 4286 2844 4339; x_wconf 86' lang='lat' dir='ltr'><strong>intervallo</strong></span> <span class='ocrx_word' id='word_1_691' title='bbox 2877 4288 3002 4339; x_wconf 87' lang='lat' dir='ltr'><strong>nulli</strong></span> <span class='ocrx_word' id='word_1_692' title='bbox 3036 4302 3092 4340; x_wconf 91' lang='lat' dir='ltr'><strong>se</strong></span> <span class='ocrx_word' id='word_1_693' title='bbox 3127 4289 3292 4356; x_wconf 72' lang='lat' dir='ltr'><strong>culpa:</strong></span> <span class='ocrx_word' id='word_1_694' title='bbox 3328 4289 3512 4344; x_wconf 75' lang='lat' dir='ltr'><strong>allines</strong></span> 
     </span>
    </p>
   </div>
   <div class='ocr_carea' id='block_1_103' title="bbox 1954 4375 3510 4446">
    <p class='ocr_par' dir='ltr' id='par_1_103' title="bbox 1954 4375 3510 4446">
     <span class='ocr_line' id='line_1_103' title="bbox 1954 4375 3510 4446; baseline 0.008 -21"><span class='ocrx_word' id='word_1_695' title='bbox 1954 4387 2073 4425; x_wconf 88' lang='lat' dir='ltr'><strong>esse</strong></span> <span class='ocrx_word' id='word_1_696' title='bbox 2107 4375 2466 4441; x_wconf 87' lang='lat' dir='ltr'><strong>ostenderint,</strong></span> <span class='ocrx_word' id='word_1_697' title='bbox 2492 4391 2521 4430; x_wconf 84' lang='lat' dir='ltr'><strong>a</strong></span> <span class='ocrx_word' id='word_1_698' title='bbox 2549 4377 2712 4430; x_wconf 87' lang='lat' dir='ltr'><strong>multa</strong></span> <span class='ocrx_word' id='word_1_699' title='bbox 2737 4393 2948 4446; x_wconf 72' lang='lat' dir='ltr'><strong>quoque</strong></span> <span class='ocrx_word' id='word_1_700' title='bbox 2985 4381 3360 4435; x_wconf 84' lang='lat' dir='ltr'><strong>liberabuntur</strong></span> <span class='ocrx_word' id='word_1_701' title='bbox 3387 4400 3401 4436; x_wconf 89' lang='lat'><strong>:</strong></span> <span class='ocrx_word' id='word_1_702' title='bbox 3429 4384 3510 4437; x_wconf 78' lang='lat' dir='ltr'><strong>sill</strong></span> 
     </span>
    </p>
   </div>
   <div class='ocr_carea' id='block_1_104' title="bbox 1879 4464 3516 4534">
    <p class='ocr_par' dir='ltr' id='par_1_104' title="bbox 1879 4464 3516 4534">
     <span class='ocr_line' id='line_1_104' title="bbox 1879 4464 3516 4534; baseline 0.005 -18"><span class='ocrx_word' id='word_1_703' title='bbox 1879 4472 1920 4524; x_wconf 84' lang='grc' dir='ltr'><strong>ι)</strong></span> <span class='ocrx_word' id='word_1_704' title='bbox 1953 4464 2134 4516; x_wconf 90' lang='lat' dir='ltr'><strong>minus</strong></span> <span class='ocrx_word' id='word_1_705' title='bbox 2152 4479 2214 4516; x_wconf 88' lang='lat' dir='ltr'><strong>eo</strong></span> <span class='ocrx_word' id='word_1_706' title='bbox 2235 4465 2440 4532; x_wconf 68' lang='lat' dir='ltr'><strong>elapso,</strong></span> <span class='ocrx_word' id='word_1_707' title='bbox 2461 4468 2524 4518; x_wconf 85' lang='lat' dir='ltr'><strong>ad</strong></span> <span class='ocrx_word' id='word_1_708' title='bbox 2546 4482 2765 4520; x_wconf 85' lang='lat' dir='ltr'><strong>causam</strong></span> <span class='ocrx_word' id='word_1_709' title='bbox 2797 4469 3079 4534; x_wconf 83' lang='lat' dir='ltr'><strong>agendam,</strong></span> <span class='ocrx_word' id='word_1_710' title='bbox 3107 4471 3189 4523; x_wconf 88' lang='lat' dir='ltr'><strong>vel</strong></span> <span class='ocrx_word' id='word_1_711' title='bbox 3212 4472 3259 4523; x_wconf 91' lang='lat' dir='ltr'><strong>si</strong></span> <span class='ocrx_word' id='word_1_712' title='bbox 3282 4471 3516 4526; x_wconf 81' lang='lat' dir='ltr'><strong>maxime</strong></span> 
     </span>
    </p>
   </div>
   <div class='ocr_carea' id='block_1_105' title="bbox 1957 4553 2691 4615">
    <p class='ocr_par' dir='ltr' id='par_1_105' title="bbox 1957 4553 2691 4615">
     <span class='ocr_line' id='line_1_105' title="bbox 1957 4553 2691 4615; baseline 0.005 -10"><span class='ocrx_word' id='word_1_713' title='bbox 1957 4553 2141 4615; x_wconf 85' lang='lat' dir='ltr'><strong>velint,</strong></span> <span class='ocrx_word' id='word_1_714' title='bbox 2177 4569 2281 4606; x_wconf 90' lang='lat' dir='ltr'><strong>non</strong></span> <span class='ocrx_word' id='word_1_715' title='bbox 2318 4555 2691 4612; x_wconf 85' lang='lat' dir='ltr'><strong>admittentur.</strong></span> 
     </span>
    </p>
   </div>
   <div class='ocr_carea' id='block_1_106' title="bbox 1952 4643 3514 4712">
    <p class='ocr_par' dir='ltr' id='par_1_106' title="bbox 1952 4643 3514 4712">
     <span class='ocr_line' id='line_1_106' title="bbox 1952 4643 3514 4712; baseline 0.007 -17"><span class='ocrx_word' id='word_1_716' title='bbox 1952 4643 2178 4696; x_wconf 77' lang='lat' dir='ltr'><strong>AltlS&#39;l‘.</strong></span> <span class='ocrx_word' id='word_1_717' title='bbox 2217 4664 2235 4694; x_wconf 81' lang='grc' dir='ltr'>ι</span> <span class='ocrx_word' id='word_1_718' title='bbox 2271 4645 2510 4700; x_wconf 89' lang='lat' dir='ltr'><strong>Clericus</strong></span> <span class='ocrx_word' id='word_1_719' title='bbox 2527 4649 2755 4702; x_wconf 90' lang='lat' dir='ltr'><strong>crimine</strong></span> <span class='ocrx_word' id='word_1_720' title='bbox 2787 4652 3094 4712; x_wconf 84' lang='lat' dir='ltr'><strong>convictus,</strong></span> <span class='ocrx_word' id='word_1_721' title='bbox 3127 4668 3170 4706; x_wconf 91' lang='lat' dir='ltr'><strong>st</strong></span> <span class='ocrx_word' id='word_1_722' title='bbox 3205 4667 3263 4706; x_wconf 91' lang='lat' dir='ltr'><strong>se</strong></span> <span class='ocrx_word' id='word_1_723' title='bbox 3295 4668 3514 4707; x_wconf 86' lang='lat' dir='ltr'><strong>causam</strong></span> 
     </span>
    </p>
   </div>
   <div class='ocr_carea' id='block_1_107' title="bbox 2031 4736 3512 4802">
    <p class='ocr_par' dir='ltr' id='par_1_107' title="bbox 2031 4736 3512 4802">
     <span class='ocr_line' id='line_1_107' title="bbox 2031 4736 3512 4802; baseline 0.009 -18"><span class='ocrx_word' id='word_1_724' title='bbox 2031 4753 2049 4783; x_wconf 83' lang='grc' dir='ltr'><strong>ι</strong></span> <span class='ocrx_word' id='word_1_725' title='bbox 2089 4750 2239 4788; x_wconf 84' lang='lat' dir='ltr'><strong>suam</strong></span> <span class='ocrx_word' id='word_1_726' title='bbox 2268 4736 2614 4790; x_wconf 80' lang='lat' dir='ltr'><strong>defensurum</strong></span> <span class='ocrx_word' id='word_1_727' title='bbox 2640 4740 2800 4802; x_wconf 85' lang='lat' dir='ltr'><strong>dicat,</strong></span> <span class='ocrx_word' id='word_1_728' title='bbox 2837 4742 2972 4793; x_wconf 90' lang='lat' dir='ltr'><strong>intra</strong></span> <span class='ocrx_word' id='word_1_729' title='bbox 3001 4758 3198 4794; x_wconf 86' lang='lat' dir='ltr'><strong>annum</strong></span> <span class='ocrx_word' id='word_1_730' title='bbox 3227 4746 3512 4798; x_wconf 87' lang='lat' dir='ltr'><strong>defendat:</strong></span> 
     </span>
    </p>
   </div>
   <div class='ocr_carea' id='block_1_108' title="bbox 2033 4830 2984 4891">
    <p class='ocr_par' dir='ltr' id='par_1_108' title="bbox 2033 4830 2984 4891">
     <span class='ocr_line' id='line_1_108' title="bbox 2033 4830 2984 4891; baseline 0.011 -19"><span class='ocrx_word' id='word_1_731' title='bbox 2033 4841 2050 4872; x_wconf 87' lang='grc' dir='ltr'>ι</span> <span class='ocrx_word' id='word_1_732' title='bbox 2079 4835 2264 4891; x_wconf 87' lang='lat' dir='ltr'><strong>postea</strong></span> <span class='ocrx_word' id='word_1_733' title='bbox 2298 4841 2425 4879; x_wconf 85' lang='lat' dir='ltr'><strong>vero</strong></span> <span class='ocrx_word' id='word_1_734' title='bbox 2455 4841 2560 4880; x_wconf 88' lang='lat' dir='ltr'><strong>non</strong></span> <span class='ocrx_word' id='word_1_735' title='bbox 2592 4830 2933 4884; x_wconf 84' lang='lat' dir='ltr'><strong>admittatur.</strong></span> <span class='ocrx_word' id='word_1_736' title='bbox 2966 4851 2984 4882; x_wconf 72' lang='grc' dir='ltr'><strong>ι</strong></span> 
     </span>
    </p>
   </div>
   <div class='ocr_carea' id='block_1_109' title="bbox 2024 4913 3523 4988">
    <p class='ocr_par' dir='ltr' id='par_1_109' title="bbox 2024 4913 3523 4988">
     <span class='ocr_line' id='line_1_109' title="bbox 2024 4913 3523 4988; baseline 0.007 -20"><span class='ocrx_word' id='word_1_737' title='bbox 2024 4913 2354 4969; x_wconf 83' lang='lat' dir='ltr'><strong>Criminibus</strong></span> <span class='ocrx_word' id='word_1_738' title='bbox 2382 4929 2668 4971; x_wconf 82' lang='lat' dir='ltr'><strong>accusatus</strong></span> <span class='ocrx_word' id='word_1_739' title='bbox 2702 4928 2755 4972; x_wconf 83' lang='lat' dir='ltr'><strong>et</strong></span> <span class='ocrx_word' id='word_1_740' title='bbox 2778 4921 2886 4988; x_wconf 84' lang='lat' dir='ltr'><strong>jam</strong></span> <span class='ocrx_word' id='word_1_741' title='bbox 2927 4923 3318 4978; x_wconf 86' lang='lat' dir='ltr'><strong>condemnatus</strong></span> <span class='ocrx_word' id='word_1_742' title='bbox 3359 4927 3523 4979; x_wconf 65' lang='lat' dir='ltr'><strong>cleri-</strong></span> 
     </span>
    </p>
   </div>
   <div class='ocr_carea' id='block_1_110' title="bbox 1954 5005 3518 5082">
    <p class='ocr_par' dir='ltr' id='par_1_110' title="bbox 1954 5005 3518 5082">
     <span class='ocr_line' id='line_1_110' title="bbox 1954 5005 3518 5082; baseline 0.009 -26"><span class='ocrx_word' id='word_1_743' title='bbox 1954 5018 2074 5066; x_wconf 83' lang='lat' dir='ltr'><strong>cus,</strong></span> <span class='ocrx_word' id='word_1_744' title='bbox 2129 5005 2173 5056; x_wconf 91' lang='lat' dir='ltr'><strong>si</strong></span> <span class='ocrx_word' id='word_1_745' title='bbox 2221 5007 2399 5057; x_wconf 80' lang='lat' dir='ltr'><strong>adhuc</strong></span> <span class='ocrx_word' id='word_1_746' title='bbox 2451 5007 2593 5060; x_wconf 86' lang='lat' dir='ltr'><strong>dicat</strong></span> <span class='ocrx_word' id='word_1_747' title='bbox 2627 5024 2684 5062; x_wconf 88' lang='lat' dir='ltr'><strong>se</strong></span> <span class='ocrx_word' id='word_1_748' title='bbox 2730 5011 2852 5078; x_wconf 88' lang='lat' dir='ltr'><strong>jura</strong></span> <span class='ocrx_word' id='word_1_749' title='bbox 2909 5027 3004 5066; x_wconf 84' lang='lat' dir='ltr'><strong>sua</strong></span> <span class='ocrx_word' id='word_1_750' title='bbox 3038 5014 3280 5079; x_wconf 82' lang='lat' dir='ltr'><strong>proferre</strong></span> <span class='ocrx_word' id='word_1_751' title='bbox 3333 5030 3518 5082; x_wconf 83' lang='lat' dir='ltr'><strong>posse,</strong></span> 
     </span>
    </p>
   </div>
   <div class='ocr_carea' id='block_1_111' title="bbox 1953 5093 3516 5164">
    <p class='ocr_par' dir='ltr' id='par_1_111' title="bbox 1953 5093 3516 5164">
     <span class='ocr_line' id='line_1_111' title="bbox 1953 5093 3516 5164; baseline 0.008 -20"><span class='ocrx_word' id='word_1_752' title='bbox 1953 5101 2007 5145; x_wconf 88' lang='lat' dir='ltr'><strong>et</strong></span> <span class='ocrx_word' id='word_1_753' title='bbox 2039 5093 2272 5159; x_wconf 88' lang='lat' dir='ltr'><strong>seipsum</strong></span> <span class='ocrx_word' id='word_1_754' title='bbox 2331 5096 2674 5149; x_wconf 84' lang='lat' dir='ltr'><strong>innocentem</strong></span> <span class='ocrx_word' id='word_1_755' title='bbox 2701 5099 2950 5164; x_wconf 83' lang='lat' dir='ltr'><strong>probare,</strong></span> <span class='ocrx_word' id='word_1_756' title='bbox 2983 5101 3122 5154; x_wconf 86' lang='lat' dir='ltr'><strong>intra</strong></span> <span class='ocrx_word' id='word_1_757' title='bbox 3172 5119 3369 5156; x_wconf 76' lang='lat' dir='ltr'><strong>annum</strong></span> <span class='ocrx_word' id='word_1_758' title='bbox 3411 5105 3516 5157; x_wconf 86' lang='lat' dir='ltr'><strong>liti-</strong></span> 
     </span>
    </p>
   </div>
   <div class='ocr_carea' id='block_1_112' title="bbox 1953 5185 3517 5254">
    <p class='ocr_par' dir='ltr' id='par_1_112' title="bbox 1953 5185 3517 5254">
     <span class='ocr_line' id='line_1_112' title="bbox 1953 5185 3517 5254; baseline 0.01 -19"><span class='ocrx_word' id='word_1_759' title='bbox 1953 5200 2080 5250; x_wconf 77' lang='lat' dir='ltr'><strong>gare</strong></span> <span class='ocrx_word' id='word_1_760' title='bbox 2114 5185 2271 5238; x_wconf 84' lang='lat' dir='ltr'><strong>debet</strong></span> <span class='ocrx_word' id='word_1_761' title='bbox 2308 5205 2320 5238; x_wconf 89' lang='lat'>:</span> <span class='ocrx_word' id='word_1_762' title='bbox 2355 5199 2474 5254; x_wconf 83' lang='lat' dir='ltr'><strong>post</strong></span> <span class='ocrx_word' id='word_1_763' title='bbox 2523 5205 2720 5240; x_wconf 75' lang='lat' dir='ltr'><strong>armum</strong></span> <span class='ocrx_word' id='word_1_764' title='bbox 2754 5201 2931 5243; x_wconf 76' lang='lat' dir='ltr'><strong>autcut</strong></span> <span class='ocrx_word' id='word_1_765' title='bbox 2994 5195 3135 5246; x_wconf 83' lang='lat' dir='ltr'><strong>nulla</strong></span> <span class='ocrx_word' id='word_1_766' title='bbox 3197 5209 3375 5250; x_wconf 72' lang='lat' dir='ltr'><strong>causm</strong></span> <span class='ocrx_word' id='word_1_767' title='bbox 3406 5213 3517 5251; x_wconf 67' lang='lat' dir='ltr'><strong>suae</strong></span> 
     </span>
    </p>
   </div>
   <div class='ocr_carea' id='block_1_113' title="bbox 1954 5277 3516 5353">
    <p class='ocr_par' dir='ltr' id='par_1_113' title="bbox 1954 5277 3516 5353">
     <span class='ocr_line' id='line_1_113' title="bbox 1954 5277 3516 5353; baseline 0.006 -22"><span class='ocrx_word' id='word_1_768' title='bbox 1954 5277 2194 5331; x_wconf 82' lang='lat' dir='ltr'><strong>defensio</strong></span> <span class='ocrx_word' id='word_1_769' title='bbox 2249 5279 2582 5343; x_wconf 88' lang='lat' dir='ltr'><strong>admittetur,</strong></span> <span class='ocrx_word' id='word_1_770' title='bbox 2619 5282 2709 5334; x_wconf 85' lang='lat' dir='ltr'><strong>sed</strong></span> <span class='ocrx_word' id='word_1_771' title='bbox 2754 5294 3014 5350; x_wconf 84' lang='lat' dir='ltr'><strong>quantum</strong></span> <span class='ocrx_word' id='word_1_772' title='bbox 3049 5287 3114 5338; x_wconf 90' lang='lat' dir='ltr'><strong>ad</strong></span> <span class='ocrx_word' id='word_1_773' title='bbox 3161 5288 3332 5353; x_wconf 88' lang='lat' dir='ltr'><strong>ipsum</strong></span> <span class='ocrx_word' id='word_1_774' title='bbox 3366 5288 3516 5352; x_wconf 80' lang='lat' dir='ltr'><strong>judi—</strong></span> 
     </span>
    </p>
   </div>
   <div class='ocr_carea' id='block_1_114' title="bbox 1955 5366 3516 5446">
    <p class='ocr_par' dir='ltr' id='par_1_114' title="bbox 1955 5366 3516 5446">
     <span class='ocr_line' id='line_1_114' title="bbox 1955 5366 3516 5446; baseline 0.007 -26"><span class='ocrx_word' id='word_1_775' title='bbox 1955 5366 2100 5420; x_wconf 89' lang='lat' dir='ltr'><strong>cium</strong></span> <span class='ocrx_word' id='word_1_776' title='bbox 2135 5367 2526 5422; x_wconf 87' lang='lat' dir='ltr'><strong>condemnatus</strong></span> <span class='ocrx_word' id='word_1_777' title='bbox 2579 5371 2704 5424; x_wconf 84' lang='lat' dir='ltr'><strong>erit.</strong></span> <span class='ocrx_word' id='word_1_778' title='bbox 2738 5371 2801 5423; x_wconf 73' lang='lat' dir='ltr'><strong>Et</strong></span> <span class='ocrx_word' id='word_1_779' title='bbox 2829 5373 2873 5424; x_wconf 81' lang='lat' dir='ltr'><strong>si</strong></span> <span class='ocrx_word' id='word_1_780' title='bbox 2907 5372 3068 5426; x_wconf 85' lang='lat' dir='ltr'><strong>vellet</strong></span> <span class='ocrx_word' id='word_1_781' title='bbox 3118 5387 3299 5442; x_wconf 85' lang='lat' dir='ltr'><strong>postea</strong></span> <span class='ocrx_word' id='word_1_782' title='bbox 3331 5380 3516 5446; x_wconf 66' lang='lat' dir='ltr'><strong>appcl-</strong></span> 
     </span>
    </p>
   </div>
   <div class='ocr_carea' id='block_1_115' title="bbox 1954 5455 2462 5519">
    <p class='ocr_par' dir='ltr' id='par_1_115' title="bbox 1954 5455 2462 5519">
     <span class='ocr_line' id='line_1_115' title="bbox 1954 5455 2462 5519; baseline 0.004 -11"><span class='ocrx_word' id='word_1_783' title='bbox 1954 5455 2089 5519; x_wconf 85' lang='lat' dir='ltr'><strong>lare,</strong></span> <span class='ocrx_word' id='word_1_784' title='bbox 2121 5456 2249 5509; x_wconf 89' lang='lat' dir='ltr'><strong>illud</strong></span> <span class='ocrx_word' id='word_1_785' title='bbox 2282 5456 2462 5510; x_wconf 78' lang='lat' dir='ltr'><strong>faciat.</strong></span> 
     </span>
    </p>
   </div>
   <div class='ocr_carea' id='block_1_116' title="bbox 2442 5554 3017 5610">
    <p class='ocr_par' dir='ltr' id='par_1_116' title="bbox 2442 5554 3017 5610">
     <span class='ocr_line' id='line_1_116' title="bbox 2442 5554 3017 5610; baseline 0.009 -5"><span class='ocrx_word' id='word_1_786' title='bbox 2442 5554 2672 5607; x_wconf 69' lang='lat' dir='ltr'><strong>CANON</strong></span> <span class='ocrx_word' id='word_1_787' title='bbox 2732 5556 3017 5610; x_wconf 69' lang='lat' dir='ltr'><strong>LXXXI”.</strong></span> 
     </span>
    </p>
   </div>
   <div class='ocr_carea' id='block_1_117' title="bbox 1961 5642 3515 5717">
    <p class='ocr_par' dir='ltr' id='par_1_117' title="bbox 1961 5642 3515 5717">
     <span class='ocr_line' id='line_1_117' title="bbox 1961 5642 3515 5717; baseline 0.01 -26"><span class='ocrx_word' id='word_1_788' title='bbox 1961 5660 1977 5691; x_wconf 89' lang='grc' dir='ltr'><strong>ι</strong></span> <span class='ocrx_word' id='word_1_789' title='bbox 2032 5642 2096 5696; x_wconf 82' lang='lat' dir='ltr'><strong>Ut</strong></span> <span class='ocrx_word' id='word_1_790' title='bbox 2130 5659 2242 5705; x_wconf 81' lang='lat' dir='ltr'><strong>eos,</strong></span> <span class='ocrx_word' id='word_1_791' title='bbox 2273 5645 2360 5710; x_wconf 88' lang='lat' dir='ltr'><strong>qui</strong></span> <span class='ocrx_word' id='word_1_792' title='bbox 2410 5660 2472 5696; x_wconf 63' lang='lat' dir='ltr'><strong>ex</strong></span> <span class='ocrx_word' id='word_1_793' title='bbox 2506 5645 2683 5697; x_wconf 78' lang='lat' dir='ltr'><strong>alieno</strong></span> <span class='ocrx_word' id='word_1_794' title='bbox 2719 5650 3049 5703; x_wconf 77' lang='lat' dir='ltr'><strong>monasterio</strong></span> <span class='ocrx_word' id='word_1_795' title='bbox 3087 5653 3317 5717; x_wconf 57' lang='lat' dir='ltr'><strong>suscepti</strong></span> <span class='ocrx_word' id='word_1_796' title='bbox 3365 5663 3515 5716; x_wconf 81' lang='lat' dir='ltr'><strong>sont,</strong></span> 
     </span>
    </p>
   </div>
   <div class='ocr_carea' id='block_1_118' title="bbox 2033 5737 3511 5806">
    <p class='ocr_par' dir='ltr' id='par_1_118' title="bbox 2033 5737 3511 5806">
     <span class='ocr_line' id='line_1_118' title="bbox 2033 5737 3511 5806; baseline 0.01 -22"><span class='ocrx_word' id='word_1_797' title='bbox 2033 5754 2049 5784; x_wconf 83' lang='grc' dir='ltr'><strong>ι</strong></span> <span class='ocrx_word' id='word_1_798' title='bbox 2083 5752 2176 5787; x_wconf 78' lang='lat' dir='ltr'><strong>nec</strong></span> <span class='ocrx_word' id='word_1_799' title='bbox 2230 5737 2570 5789; x_wconf 63' lang='lat' dir='ltr'><strong>monasteriis</strong></span> <span class='ocrx_word' id='word_1_800' title='bbox 2628 5737 2926 5806; x_wconf 66' lang='lat' dir='ltr'><strong>pt‘arlcCtos,</strong></span> <span class='ocrx_word' id='word_1_801' title='bbox 2967 5759 3064 5797; x_wconf 85' lang='lat' dir='ltr'><strong>nec</strong></span> <span class='ocrx_word' id='word_1_802' title='bbox 3109 5745 3332 5798; x_wconf 78' lang='lat' dir='ltr'><strong>clericos</strong></span> <span class='ocrx_word' id='word_1_803' title='bbox 3359 5747 3511 5799; x_wconf 73' lang='lat' dir='ltr'><strong>0rd!-</strong></span> 
     </span>
    </p>
   </div>
  </div>
