4148 6452
596 354 709 415 295

1861 355 2138 420 THEOD.
2182 358 2578 421 BALSAMON

3725 362 3823 424 296

679 493 694 522 ι
735 486 866 525 nare
904 471 1081 524 liceat.
1141 467 1405 524 Similiter
1465 469 1684 538 placuit.
1742 479 1798 523 ut
1860 472 1904 523 si
1954 472 2074 539 quis
2102 485 2164 523 ex

2344 491 2361 523 ι
2413 475 2593 542 ρικοὺς
2620 472 2817 538 ἐξεῖναι
2842 477 3180 543 χειροτονεῖν.
3220 475 3449 545 Ὁμοίως
3470 476 3687 544 ήρεσεν,
3721 478 3813 531 ἵνα,

681 584 697 615 ι
736 564 914 617 alieno
979 562 1306 614 monasterio
1365 561 1599 630 aliquem
1640 562 1959 629 susceperit,
1992 570 2043 613 et
2078 560 2157 613 vel

684 677 701 707 ι
745 656 807 708 ad
832 654 1139 709 clericatum
1166 655 1451 716 adducere,
1477 657 1558 706 vel
1586 653 1894 707 monasterii
1917 653 1998 707 sui
2028 668 2161 721 prae-

678 769 693 797 s
741 747 939 799 fectum
1022 743 1357 797 constituere
1420 743 1669 805 voluerit,
1736 743 2040 810 episcopus,
2071 744 2159 809 qui

678 858 693 887 s
733 838 833 889 hoc
870 835 1018 894 facit.
1052 848 1082 886 a
1124 834 1459 901 reliquorum
1518 833 1900 886 communione
1936 848 2161 899 separa-

676 946 693 977 ε
737 938 841 988 tus,
870 926 940 981 sit
960 927 1074 978 sola
1103 925 1185 977 sui
1211 924 1387 992 populi
1420 924 1800 977 communione
1824 932 2110 978 contentus
2143 941 2157 977 :

676 1037 692 1066 ε
728 1016 815 1070 ille
850 1027 1029 1069 autem
1080 1029 1178 1068 nec
1206 1013 1439 1068 clericus
1498 1028 1597 1068 nec
1631 1013 1914 1081 prafeetus
1948 1029 2162 1083 perma-

672 1125 691 1156 s
734 1115 877 1159 neat.
911 1124 928 1155 ι

670 1194 866 1249 BALS.
921 1195 1169 1250 Praesens
1243 1210 1415 1250 canon
1480 1196 1633 1264 punit
1682 1195 2015 1265 episcopum,
2070 1194 2160 1263 qui

603 1287 929 1339 monachum
995 1301 1059 1338 ex
1112 1286 1288 1338 alieno
1326 1285 1657 1339 monasterio
1688 1286 1933 1353 suscipit,
1962 1294 2015 1339 et
2039 1300 2160 1337 sum

601 1375 654 1428 in
698 1376 880 1429 clerici
931 1377 1157 1445 gradum
1199 1374 1467 1442 provehit,
1495 1375 1579 1427 vel
1636 1375 1687 1427 in
1722 1375 1802 1428 sui
1850 1376 2161 1428 monasterii

602 1464 983 1532 pra'feeturatn
1026 1481 1039 1516 :
1070 1474 1123 1517 et
1157 1465 1421 1533 ejusmodi
1457 1465 1807 1528 monachum,
1842 1465 1931 1532 qui
1964 1465 2016 1517 in
2055 1465 2165 1517 ele-

601 1558 773 1611 ricum
837 1556 1129 1619 admissus,
1162 1554 1243 1607 vel
1282 1554 1446 1607 etiam
1514 1554 1829 1608 monasterii
1878 1553 2164 1623 prefectus

598 1658 813 1703 creatus
872 1657 974 1712 est,
1009 1648 1154 1701 clero
1186 1655 1238 1699 et
1291 1646 1611 1715 praefectura
1661 1644 1900 1714 expellit.
1955 1642 2031 1696 Ne
2069 1644 2161 1696 tibi

598 1746 777 1791 autem
810 1738 895 1790 his
945 1738 1252 1789 contrarius
1280 1750 1401 1789 esse
1432 1736 1680 1787 videatur
1711 1744 1937 1802 quartus
1989 1749 2161 1787 canon

598 1830 790 1899 synodi
845 1844 965 1897 qua:
1016 1830 1067 1880 in
1098 1828 1419 1880 Sanctorum
1456 1825 1840 1893 Apostolorum
1890 1826 2002 1879 ωδε
2029 1841 2161 1878 con-

601 1920 788 1973 stituta
814 1929 914 1981 est,
948 1928 1193 1971 statuens
1240 1931 1361 1969 esse
1394 1915 1444 1967 in
1476 1916 1848 1982 episcoporum
1880 1923 2161 1981 potestate,

600 2024 709 2064 non
754 2010 926 2062 solum
973 2008 1264 2060 monachos
1294 2021 1359 2059 ex
1412 2006 1512 2059 hoc
1552 2005 1877 2058 monasterio
1908 2004 1960 2057 in
2020 2004 2162 2056 aliud

598 2101 931 2164 transferre;
968 2102 1060 2153 sed
1094 2100 1254 2152 etiam
1286 2112 1380 2151 eos
1426 2097 1774 2150 saecularibus
1802 2096 2006 2149 aedibus
2026 2108 2165 2161 pra:-

599 2195 782 2248 llcere.
830 2194 933 2248 Sed
968 2195 1071 2254 die,
1123 2193 1264 2261 quod
1317 2192 1403 2245 hic
1453 2191 1663 2259 quidem
1716 2188 2040 2258 prohibitum
2084 2195 2166 2240 est

601 2286 877 2354 episcopo,
902 2302 964 2339 es
997 2285 1171 2337 aliena
1202 2284 1421 2352 regione
1464 2282 1786 2334 monachum
1812 2280 2075 2347 recipere,
2111 2285 2164 2330 et

601 2392 723 2431 eum
750 2378 914 2431 etiam
978 2376 1290 2445 pra-fectum
1340 2374 1422 2428 vel
1482 2375 1740 2429 clericum
1794 2372 2161 2426 constituere:

608 2470 719 2522 illic
750 2478 929 2521 autem
1002 2468 1255 2535 episcOpo
1288 2465 1609 2533 permissum
1658 2470 1742 2517 est
1776 2477 1804 2515 e
1839 2463 2049 2531 propria
2084 2476 2167 2514 re-

602 2560 763 2627 gione
810 2556 1123 2619 monachos,
1183 2564 1238 2608 et
1286 2554 1355 2607 ab
1392 2554 1495 2607 hoc
1529 2553 1861 2606 monasterio
1914 2552 1966 2603 in
2022 2551 2165 2603 aliud

602 2647 927 2710 transferre,
964 2656 1017 2700 et
1074 2647 1127 2699 in
1184 2646 1428 2698 saeculari
1494 2644 1655 2698 etiam
1690 2642 2163 2697 administratione

600 2738 972 2800 constituere;
1032 2734 1175 2803 quod
1240 2742 1437 2802 praeter
1509 2742 1743 2785 mentem
1822 2731 2164 2799 propriorum

2336 583 2351 613 ι
2402 565 2497 617 ἐάν
2546 580 2627 625 τις
2654 566 2761 639 ἀπὸ
2793 565 3071 633 ἀλλοτρίου
3101 569 3465 635 μοναστηρίου
3507 565 3820 635 ὑποδέξητοί

2340 673 2355 703 ι
2401 672 2520 707 τινα
2548 658 2643 707 καὶ
2668 657 2802 726 πρὸς
2829 656 3101 726 κλήρωσιν
3127 659 3494 727 προσαγαγεῖν
3522 658 3817 727 ἐθελήσῃ,ἢ

2339 763 2355 793 ι
2405 742 2496 794 τοῦ
2527 742 2656 795 ίδίου
2681 744 3044 813 μοναστηρίου
3083 745 3382 812 ἡγούμενον
3416 746 3767 809 καταστήσω,
3796 745 3821 793 ὁ

2338 852 2355 883 ι
2397 833 2553 886 τοῦτο
2597 834 2764 886 ποιῶν
2814 835 3131 896 ἐπίσκοπος,
3179 834 3283 884 ἀπὸ
3329 834 3424 896 τῆς
3466 833 3577 884 τῶν
3629 832 3821 883 λοιπῶν

2338 942 2355 972 ι
2405 924 2684 984 κοινωνίας
2704 924 3087 993 χωριζόμενος,
3114 926 3179 992 τῇ
3212 922 3305 975 τοῦ
3332 922 3462 973 ίόίου
3486 922 3614 975 λαοῦ
3644 938 3822 973 κοινω-

2336 1035 2353 1066 ι
2405 1017 2491 1085 νίᾳ
2521 1018 2761 1086 ἀρκεσθῇ
2783 1018 2919 1089 μόνῃ
2940 1034 2953 1048 ⁸
2976 1019 3181 1079 ἐκεῖνος
3197 1019 3252 1071 δέ
3272 1020 3403 1089 μηδι
3421 1017 3676 1085 κληρικὸς
3696 1014 3824 1086 μηδι

2339 1124 2356 1155 ι
2404 1107 2699 1176 ήγούμενος
2730 1109 3000 1177 ἐπιμείνῃι
3038 1128 3054 1159 ι

2336 1196 2531 1249 ΒΑΔΣ.
2590 1198 2649 1251 '0
2694 1198 2886 1267 παρὼν
2926 1200 3104 1252 κανὼν
3145 1199 3360 1259 κολάζει
3403 1200 3496 1252 τὸν
3534 1199 3825 1252 ἐπίσκοπον

2264 1287 2655 1356 ὑποδεχόμενον
2690 1290 2799 1341 ἀπὸ
2840 1289 3122 1360 ἀλλοτρίου
3160 1292 3521 1361 μοναστηρίου
3565 1290 3821 1360 μοναχὸν,

2263 1380 2357 1431 καὶ
2402 1379 2707 1447 προάγοντα
2743 1378 2926 1432 τοῦτον
2965 1382 3043 1442 είς
3090 1382 3292 1449 βαθμὸν
3339 1382 3620 1448 κ).ημκοὺ,
3673 1381 3703 1447 ἢ
3750 1380 3827 1439 είς

2264 1471 2620 1538 ὴγουμενείαν
2648 1471 2778 1523 ἰδίου
2809 1472 3166 1542 μοναστηρίου
3188 1488 3202 1501 ⁸
3237 1474 3328 1525 καὶ
3358 1473 3445 1525 τὸν
3485 1471 3827 1539 πληρωθέντι

2262 1557 2317 1608 δέ
2343 1558 2582 1609 τοιοῦτον
2621 1559 2870 1627 μοναχὸν,
2897 1560 2929 1627 ή
2966 1563 3057 1613 καὶ
3089 1562 3347 1626 γεγονότα
3375 1562 3674 1630 ἡγούμενον
3705 1560 3831 1625 ἐξω-

2266 1646 2348 1697 θεῖ
2379 1645 2473 1697 τοῦ
2510 1647 2710 1715 κλήρου
2750 1648 2844 1699 καὶ
2876 1649 2982 1700 ἀπὸ
3013 1648 3110 1715 τῆς
3150 1651 3525 1718 ήγουμενείας.
3561 1651 3651 1718 Μή
3683 1651 3831 1702 ἐνανο

2265 1737 2431 1804 τιωθῇ
2463 1736 2517 1788 δέ
2554 1753 2635 1788 σοι
2673 1738 2807 1805 πρὸς
2838 1739 3010 1791 ταῦτα
3047 1742 3074 1791 ό
3107 1739 3149 1790 δ’
3182 1740 3357 1792 κανὼν
3396 1741 3493 1806 τῆς
3523 1742 3580 1791 ἐν
3610 1741 3689 1808 τῷ
3722 1741 3831 1809 ναῷ

2266 1827 2373 1878 τῶν
2421 1827 2620 1892 Ἀγὲων
2669 1827 3003 1881 Ἀποστόλων
3037 1830 3306 1899 συστάσης
3342 1831 3576 1892 συνόδου,
3608 1830 3832 1897 διοριζό-

2269 1932 2425 1983 μενος
2452 1916 2591 1984 ἐχειν
2611 1916 2695 1967 ἐπ’
2723 1918 2903 1979 ἀδείας
2924 1918 3048 1979 τοὺς
3070 1920 3417 1981 ἐπισκόπους,
3448 1921 3520 1987 μὴ
3549 1922 3708 1987 μόνον
3728 1921 3831 1974 ἀπὸ

2265 2007 2423 2074 τῆσδε
2444 2007 2541 2075 τῆς
2571 2009 2732 2076 μονῆς
2762 2010 3018 2076 μετάγειν
3035 2012 3112 2073 είς
3136 2011 3327 2081 ἑτέραν
3362 2011 3523 2079 μονὴν
3547 2014 3827 2081 μοναχοὺς.

2265 2093 2401 2148 ἀλλά
2443 2098 2536 2148 καὶ⁵
2587 2100 2665 2159 είς
2709 2100 2987 2165 κοσμικῶν
3030 2102 3213 2153 οίκιῶν
3262 2102 3596 2169 προστασίαν
3638 2104 3832 2164 αὑτοὶς

2267 2188 2549 2256 καθιστᾷν.
2596 2186 2735 2240 Ἀλλ’
2771 2190 2892 2241 είπὲ
2923 2190 3003 2242 ότι
3044 2192 3274 2243 ἐνταῦθα
3306 2194 3402 2259 μὲν
3441 2192 3746 2246 κεκώλυται
3774 2197 3832 2247 τὸ

2264 2277 2373 2328 ἀπὸ
2412 2277 2697 2345 ἀλλοτρίας
2736 2278 2945 2345 ἐνορίας
2977 2281 3449 2349 ἀναλαμϐάνεσθαι
3480 2284 3572 2337 τὸν
3600 2284 3832 2337 ἐπίσκο-

2268 2383 2370 2419 πον
2412 2369 2666 2437 μοναχὸν,
2709 2371 2800 2421 καὶ
2834 2371 3095 2439 καθιστᾷν
3122 2372 3309 2423 τοῦτον
3338 2374 3637 2441 ἡγούμενον
3674 2377 3706 2444 ή
3744 2378 3831 2429 καὶ

2268 2456 2528 2526 κληρικὸν
2552 2498 2566 2521 ,
2607 2460 2781 2511 ἐκεῖσε
2813 2460 2867 2511 δὲ
2894 2460 3203 2532 ἐξεχωρήθη
3233 2464 3310 2531 τῷ
3336 2466 3613 2535 ἐπισκόπιρ
3641 2467 3701 2518 τὸ
3730 2466 3833 2520 ἀπὸ

2266 2548 2365 2615 τῆς
2394 2550 2600 2611 οίκείας
2628 2550 2839 2619 ἐνορίας
2874 2554 3137 2620 μοναχοὺς
3171 2556 3513 2620 μετατιθέναι
3543 2557 3651 2609 ἀπὸ
3676 2559 3833 2625 τῆσδε

2266 2640 2364 2708 τῆς
2402 2641 2564 2709 μονῆς
2599 2642 2677 2702 είς
2712 2642 2927 2710 ἐτέραν,
2960 2645 3051 2695 καὶ
3088 2645 3166 2705 είς
3195 2647 3467 2715 κοσμικὴν
3503 2648 3835 2717 προστασίαν

2270 2729 2565 2799 καθιστᾷνο
2606 2730 2743 2799 ὅπερ
2776 2734 2926 2799 παρὰ
2958 2733 3183 2801 γνώμην
3215 2735 3323 2785 τῶν
3362 2736 3643 2806 ἐγχωρίων
3716 2740 3833 2790 ἐπι-

602 2829 982 2897 opiseoporum
1048 2825 1161 2878 lieri
1216 2822 1422 2892 nequit.
1472 2822 1718 2876 Presens
1767 2830 1945 2874 autem
1990 2834 2166 2873 canon

2271 2821 2365 2872 σκό
2378 2838 2482 2871 πων
2508 2821 2831 2887 γενέσθαιοὺ
2855 2822 3094 2876 δύναται.
3121 2824 3251 2877 Τότε
3274 2826 3331 2877 δέ
3358 2827 3425 2878 τὰ
3452 2828 3544 2879 τοῦ
3576 2830 3835 2897 παρόντος

603 2928 730 2972 tune
790 2916 965 2969 locum
1023 2914 1264 2977 habebit,
1334 2912 1555 2981 quando
1603 2926 1667 2965 es
1727 2909 1901 2962 aliena
1950 2909 2167 2973 regione

2271 2912 2489 2971 κανόνος
2525 2912 2706 2976 ἕξουσι
2739 2918 2942 2981 χώραν.
2971 2914 3097 2967 ὅταν
3129 2916 3155 2965 ό
3188 2915 3294 2967 ἀπὸ
3316 2917 3601 2986 ἀλλοτρίας
3624 2920 3831 2990 ἐνορίας

607 3006 910 3061 monachus
976 3004 1315 3056 dimissorias
1369 3002 1577 3054 litteras
1628 3000 1864 3066 episcopi
1912 2998 2028 3066 ejus
2060 3012 2166 3051 non

2276 3003 2506 3071 μοναχὸς
2558 3003 2659 3055 οὑκ
2704 3004 3031 3072 ἐπιφέρηται
3086 3006 3417 3076 ἀπολυτικὴν
3470 3010 3688 3077 γραφὴν
3747 3010 3833 3062 τοῦ

601 3098 779 3153 aﬂert.
807 3098 959 3151 Tune
990 3096 1132 3149 enim
1156 3095 1291 3149 citra
1319 3092 1761 3158 impedimentum
1794 3089 1881 3140 ﬁet
1914 3088 1964 3139 in
1993 3087 2164 3140 aliena

2272 3094 2297 3143 ἐ
2311 3094 2571 3144 πισκόπου
2590 3093 2774 3145 αὑτοῦ.
2799 3093 3109 3162 Τηνικαῦτα
3132 3098 3240 3164 γὰρ
3257 3098 3743 3166 ἀπαρεμποδίστως
3762 3101 3836 3161 εις

604 3191 826 3258 regione
884 3186 1199 3241 monasterii
1262 3184 1548 3254 praefectus
1599 3190 1653 3234 et
1739 3179 1985 3231 clericus.
2017 3174 2167 3241 Quod

605 3292 785 3335 autem
829 3281 885 3334 iit
910 3281 1066 3333 hodie
1092 3295 1118 3330 a
1169 3275 1611 3330 monasteriorum
1682 3270 1973 3341 praefectis,
2016 3269 2167 3336 quia

604 3385 663 3423 se
697 3371 956 3423 detonsos
994 3383 1115 3422 eum
1174 3366 1369 3420 litteris
1428 3365 1720 3419 dimittant.
1774 3370 1831 3414 ut
1888 3360 1940 3413 in
1998 3358 2171 3411 alieno

607 3460 938 3513 monasterio
973 3457 1222 3510 monachi
1271 3469 1390 3508 esse
1423 3453 1648 3522 possint,
1684 3466 1791 3503 nou
1823 3459 1922 3512 est,
1950 3458 2004 3500 ut
2040 3448 2169 3500 mihi

606 3553 843 3614 videtur,
915 3549 1128 3601 ﬁrmum
1188 3557 1242 3600 et
1302 3554 1641 3597 accuratum.
1694 3541 1855 3610 617
1922 3537 2168 3606 Episcopi

606 3642 749 3694 enim
813 3639 1152 3693 demissoriis
1202 3637 1373 3704 magis
1409 3650 1544 3701 opus
1596 3643 1679 3685 est
1709 3634 1781 3695 ei,
1818 3630 1905 3698 qui
1938 3629 2170 3696 migrare

609 3730 872 3792 voluerit;
926 3744 1029 3781 non
1084 3737 1262 3780 autem
1318 3722 1628 3777 monasterii
1682 3719 1969 3788 praefecti:
2028 3716 2169 3784 quod

608 3819 881 3889 episcopis
915 3818 1084 3884 magis
1118 3816 1343 3882 subjecti
1398 3823 1525 3867 sunt
1555 3812 1827 3871 monachi,
1860 3823 2018 3873 quam
2051 3810 2171 3859 mo-

609 3910 969 3961 uasteriorutn
997 3905 1293 3975 pralcetis.
1325 3902 1447 3955 llzre
1476 3911 1655 3954 autem
1686 3900 1866 3952 locum
1897 3897 2172 3950 habebunt

610 4002 663 4052 in
722 3999 934 4051 caeteris
984 3995 1293 4063 episcopis:
1343 4007 1449 4045 non
1504 4000 1683 4043 autem
1742 3988 1794 4041 in
1862 3988 2171 4053 patriarcha

610 4086 1239 4142 Constantinonolitano.
1302 4082 1361 4135 Ei
1418 4081 1584 4145 enim,
1642 4089 1701 4131 ut
1756 4091 1896 4145 saepe
1945 4077 2171 4137 dictum,

615 4176 933 4242 permissum
986 4186 1067 4226 est
1103 4172 1397 4226 monachos
1433 4181 1484 4223 et
1514 4169 1747 4223 clericos
1773 4181 1837 4218 es
1866 4164 2173 4233 regionibus

609 4265 826 4327 alienis,
884 4278 982 4317 nec
1009 4263 1123 4328 ejus
1153 4262 1265 4315 sedi
1319 4258 1540 4312 omnino
1592 4256 1872 4323 subjectis,
1900 4254 2171 4321 accipere.

611 4357 715 4409 Sed
752 4370 856 4408 non
886 4356 1068 4407 itidem
1105 4352 1447 4405 Antiocheno
1478 4348 1695 4410 throno,
1734 4346 1816 4398 vel
1864 4344 2173 4412 Hierosoly-

612 4450 836 4513 tnitano,
878 4449 951 4502 rel
985 4448 1097 4500 alii.

682 4539 934 4596 ἎΟΝΑΚ.
983 4540 1323 4601 Monachum,
1358 4538 1445 4607 qui
1490 4550 1517 4589 a
1570 4534 1899 4588 monasterio
1933 4546 2031 4585 suo
2062 4530 2174 4583 dis-

612 4632 858 4693 cesserit,
923 4629 991 4681 ab
1036 4630 1140 4681 alio
1196 4629 1385 4695 quovis
1437 4626 1599 4692 recipi
1662 4626 1884 4678 vetitum
1941 4630 2049 4676 est.
2118 4619 2175 4673 Si

615 4718 773 4785 igitur
824 4720 1128 4786 episcOpus,
1167 4718 1365 4784 inquit,
1400 4715 1662 4781 ejusmodi
1714 4711 2038 4765 monachum
2093 4724 2177 4761 re-

616 4810 801 4876 cipiat,
822 4825 1050 4878 emnqne
1073 4810 1150 4863 vel
1178 4808 1497 4862 menasterii
1526 4806 1833 4873 praefectum
1859 4804 2175 4866 constituat;

2272 3182 2559 3251 ἀλλοτρίαν
2583 3182 2795 3252 ἐνορίαν
2821 3184 3115 3252 ἡγούμενος
3137 3186 3424 3254 γενήσεται
3448 3190 3538 3241 καὶ
3562 3190 3832 3259 κληρικός.

2272 3273 2344 3323 Τὸ
2371 3274 2552 3340 μέντοι
2576 3274 2811 3341 σήμερον
2848 3278 3126 3343 γινόμενον
3155 3280 3304 3345 παρά
3326 3280 3431 3331 τῶν
3455 3282 3841 3348 ήγουμενευόν-

2272 3381 2400 3424 των,
2427 3365 2517 3415 καὶ
2536 3364 2875 3417 ἀπολυόντων
2892 3367 3025 3432 μετά
3044 3370 3258 3436 γραφῆς
3274 3368 3396 3430 τοὺς
3414 3369 3503 3419 ὑπ’
3519 3371 3697 3421 αὐτῶν
3713 3372 3841 3423 ἀπο-

2273 3452 2561 3520 καρέντας,
2587 3454 2724 3505 ὥστε
2763 3457 2988 3521 μονάσαι
3018 3458 3096 3517 είς
3126 3458 3315 3525 ἑτέραν
3343 3458 3643 3527 μονὴν,οὑκ
3681 3460 3840 3522 ἐστιν,

2274 3541 2348 3601 ὡς
2404 3544 2527 3609 ἐμοὶ
2561 3543 2739 3605 δοκεῖ,
2769 3545 3013 3612 ἀκριϐές.
3066 3546 3459 3612 Ἐπισκοπικῆς
3498 3551 3605 3618 γὰρ
3652 3551 3844 3618 μᾶλλον

2275 3631 2619 3697 ἀπολυτικῆς
2647 3632 2864 3700 γραφῆς
2887 3632 3040 3700 χρεία
3063 3634 3139 3701 τῷ
3164 3638 3486 3702 μεταπεσεῖν
3512 3636 3839 3705 βουλομένῳ,

2275 3723 2394 3791 οὑχὶ
2421 3724 2515 3791 τῆς
2539 3723 2629 3774 τοῦ
2658 3724 3111 3792 ήγουμενεύοντος
3130 3741 3143 3754 ·
3169 3725 3249 3775 ὅτι
3274 3726 3363 3775 καὶ
3390 3728 3499 3786 τοῖς
3528 3728 3842 3788 ἐπισκόποις

2280 3814 2475 3880 μᾶλλον
2525 3815 2837 3866 ὑπόκεινται
2886 3815 2938 3866 οί
2986 3814 3211 3882 μοναχοὶ
3250 3814 3282 3883 ἢ
3335 3816 3447 3876 τοῖς
3504 3818 3840 3884 ήγιυμένοις.

2275 3903 2457 3956 Ταῦτα
2494 3904 2549 3956 at
2587 3907 2951 3972 κρατήσουσιν
2986 3907 3063 3964 είς
3102 3906 3229 3962 τοὺς
3261 3904 3453 3965 ἀλλους
3484 3908 3842 3966 ἐπισκόπους·

2274 3994 2333 4045 οὑ
2366 3994 2469 4062 μὴν
2500 3994 2591 4045 καὶ
2618 3997 2696 4055 είς
2724 3993 2813 4044 τόν
2836 3995 3183 4063 πατριάρχην
3206 3995 3845 4056 Κωνσταντινευπόλεως.

2274 4083 2433 4150 Αὑτῷ
2462 4084 2570 4152 γὰρ
2592 4121 2606 4145 ,
2637 4084 2709 4145 ὠς
2733 4083 2992 4143 πολλάκις
3026 4083 3275 4152 εἴρηται,
3313 4083 3526 4152 ἐνεδόθη
3563 4086 3669 4137 ἀπὸ
3698 4088 3849 4138 ἀλλο-

2275 4172 2439 4241 τρίων
2465 4173 2685 4241 ἐνοριῶν
2716 4172 3203 4241 ἀπαρεμποδίστως
3228 4171 3477 4239 δέχεσθαι
3504 4175 3769 4241 μοναχοὺς
3790 4190 3846 4225 τε

2276 4265 2369 4315 καὶ
2412 4263 2703 4330 κληρικοὺς
2730 4303 2743 4326 ,
2773 4264 2870 4331 οὑχ
2912 4263 3296 4330 ὑποκειμένους
3326 4264 3543 4325 πάντως
3569 4264 3647 4331 τῷ
3678 4264 3850 4333 θρόνῳ

2276 4349 2460 4403 αὑτοῦ.
2493 4353 2566 4402 Οὐ
2605 4352 2710 4419 μὴν
2744 4355 2836 4404 καὶ
2869 4354 2945 4419 τῷ
2977 4353 3149 4421 θρόνῳ
3188 4351 3280 4404 τοῦ
3324 4353 3678 4423 Ἀντιοχείας,
3701 4356 3732 4424 ή
3758 4356 3849 4407 τοῦ

2207 4434 2249 4487 D
2289 4438 2695 4509 Ἰεροσολύμων,
2726 4443 2757 4510 ἢ
2790 4442 2970 4494 ἀλλου.

2348 4528 2589 4583 ΖΩΝΑΡ.
2645 4531 2773 4581 ’Δπὸ
2816 4532 3175 4600 μοναστηρίου
3212 4533 3640 4602 ὑποχωρήσαντα
3690 4553 3852 4604 μοναο

2279 4619 2371 4687 χὸν
2423 4619 2669 4687 δέχεσθαι
2721 4623 2848 4689 παρ’
2891 4621 3079 4688 ἐτέρου
3132 4622 3531 4691 ἀπηγόρευται.
3592 4625 3721 4675 Ἐἀν
3762 4626 3853 4676 οὑν

2278 4708 2609 4770 ἐπίσκοπος,
2652 4711 2815 4776 φησὶ,
2853 4710 3091 4761 τοιοῦτον
3129 4710 3349 4781 δέξηται
3383 4714 3655 4781 μοναχὸν,
3693 4717 3782 4766 καὶ
3816 4716 3848 4782 ἢ

2280 4799 2538 4866 κληρικὸν
2572 4800 2728 4851 αὑτὸν
2761 4802 3144 4871 χειροτονήσῃ,
3176 4803 3209 4870 ή
3251 4804 3549 4872 ἡγούμενον
3587 4822 3857 4873 μοναστη-

618 4902 906 4966 epise0pus
934 4900 1145 4967 qridem
1196 4898 1422 4951 aliorum
1461 4894 1735 4948 consortio
1761 4894 2037 4953 exclusus,
2069 4893 2167 4946 sola

2284 4892 2399 4961 ρίου
2430 4892 2649 4960 ποιήσῃ,
2678 4894 2705 4942 ό
2734 4890 2830 4957 μὲν
2859 4891 3152 4953 ἐπίσκοπος
3180 4892 3331 4947 ἐσται
3352 4897 3417 4963 τῇ
3446 4894 3539 4945 τοῦ
3568 4896 3698 4947 ίδίου
3728 4894 3852 4945 λαοῦ

620 4992 800 5059 populi
834 4992 914 5044 sni
948 4992 1332 5044 communione
1380 4997 1666 5042 contentus
1699 4987 1801 5038 erit
1834 5002 1847 5037 :
1883 4984 2167 5037 monachus

2286 4984 2443 5051 μόνου
2472 4982 2723 5051 κο.νωνίᾳ
2746 4982 3106 5051 ἀρκούμενος,
3131 4985 3331 5052 ἐτέρων
3355 4985 3504 5051 αὑτῷ
3533 4988 3606 5054 μὴ
3638 5002 3852 5051 συγκοι-

622 5094 748 5134 vero
771 5089 824 5133 et
853 5095 882 5131 e
910 5080 1057 5133 clero
1087 5080 1336 5148 ejicietur
1382 5087 1436 5131 et
1466 5076 1801 5144 praefectura
1836 5077 2004 5142 gradu
2030 5075 2167 5127 esci-

2283 5072 2590 5123 νωνούντων
2618 5088 2630 5100 ·
2676 5074 2703 5122 ό
2732 5071 2785 5123 δὲ
2820 5075 3049 5142 μοναχὸς
3099 5076 3188 5125 καὶ
3238 5074 3330 5125 τοῦ
3372 5075 3573 5144 κλήρου
3620 5077 3717 5129 καὶ
3758 5077 3853 5144 τῆς

625 5174 735 5224 det.
2286 5165 2415 5230 ήγου
2426 5164 2639 5230 μενείας
2672 5165 3003 5218 ἐκπεσεῖται.

624 5262 855 5317 ARIST.
903 5281 920 5313 ι
983 5263 1082 5328 Qui
1139 5264 1444 5331 quempiam
1496 5279 1560 5318 ex
1618 5264 1794 5318 alieno
1857 5256 2167 5312 monasterit

2284 5254 2503 5305 ΔΡΙΣΤ.
2550 5272 2567 5303 ι
2628 5252 2686 5306 Ὀ
2744 5256 2801 5319 ἐξ
2838 5253 3121 5324 ἀλλοτρίας
3170 5254 3290 5304 τινὰ
3332 5254 3499 5323 μονῆς
3538 5256 3854 5325 δεχόμενος.

702 5372 719 5403 ι
764 5354 1009 5420 suscipit,
1038 5353 1080 5405 si
1112 5367 1232 5405 eum
1270 5353 1336 5405 ad
1382 5353 1695 5407 clericatum
1733 5357 2068 5421 promoveat,
2096 5360 2157 5396 au

2364 5363 2383 5396 ι
2430 5347 2523 5397 ἐὰν
2550 5344 2673 5411 ἄγοι
2706 5346 2891 5397 τοῦτον
2917 5346 2992 5404 είς
3022 5346 3316 5413 κλήρωσιν,
3346 5345 3378 5414 ἢ
3406 5346 3506 5413 τῆς
3534 5346 3737 5407 οίκείας
3764 5362 3858 5413 μο-

702 5464 717 5493 ε
752 5459 849 5497 suo
873 5442 1129 5512 praﬁeiat
1176 5444 1523 5507 monasterio,
1558 5443 1780 5496 aliorum
1808 5441 2167 5495 communioni

2364 5455 2381 5486 ι
2428 5438 2521 5504 νῆς
2554 5436 2874 5505 ἡγούμενον,
2908 5436 3018 5499 ἐξει
3054 5437 3116 5487 τὸ
3149 5436 3537 5505 ἀκοινώνητον.

704 5552 720 5581 ι
762 5535 1018 5599 privetur.
1063 5552 1081 5584 ι

714 5622 965 5676 Monaehi
1006 5624 1241 5692 regionis
1288 5624 1539 5691 episcopo
1567 5624 1759 5693 subjici
1796 5623 2011 5683 debent,
2041 5628 2092 5673 et
2123 5618 2177 5670 in

633 5716 1003 5779 monasteriis,
1040 5720 1092 5770 in
1122 5717 1316 5785 quibus
1351 5716 1593 5771 collocati
1628 5726 1776 5781 sunt,
1814 5726 2183 5785 perseverare,

2358 5616 2422 5667 ΟΞ
2466 5615 2686 5684 μοναχοὶ
2727 5614 2802 5684 τῷ
2838 5614 2977 5665 κατά
3013 5614 3195 5683 χώραν
3234 5616 3518 5681 ἐπισκόπῳ
3553 5614 3859 5681 ὀφείλουσιν

2293 5712 2715 5775 ὑποτάσσεσθαι,
2760 5712 2851 5763 καὶ
2890 5713 3323 5781 προσκαρτερεῖν
3354 5712 3409 5762 ἐν
3441 5712 3552 5769 τοῖς
3591 5721 3861 5776 μοναστηο
