4148 6456
669 385 772 446 299

1937 389 2209 450 ΤΠΕΟΙ).
2259 387 2349 445 ΒΑ
2365 387 2497 446 LSA
2509 388 2660 446 MON

3804 389 3907 451 3ου

671 496 934 554 tilieratis.
961 494 1086 550 llaec
1115 497 1257 550 enim
1285 497 1503 552 novella
1539 497 1604 553 de
1634 499 1762 555 solis
1791 499 1944 554 laieis
1971 500 2222 568 loquitur,

2335 501 2521 569 μάτων
2556 499 2649 550 τοῦ
2679 497 3118 565 τελευτήσαντος,
3139 496 3210 558 ὡς
3239 495 3569 551 ἀπεντεῦθεν
3595 496 3905 566 ἐλευθερου-

667 603 723 646 et
755 593 806 646 in
839 591 904 645 iis
937 589 1222 650 vimsuam
1273 589 1520 645 obtinere
1561 591 1714 646 debet
1743 609 1756 657 ;
1794 593 1934 645 sicut
1976 592 2228 659 praedicta

670 680 962 736 Justiuiani
990 679 1198 733 novella
1232 679 1408 733 locum
1440 682 1602 736 habet
1653 683 1703 736 in
1733 680 2003 751 episcopis
2040 690 2088 735 et
2122 683 2233 735 cle-

669 774 820 835 ricis,
854 771 944 838 qui
976 769 1212 824 intestati
1246 772 1572 826 moriuntur.

737 947 992 1004 ZONAh.
1051 951 1503 1015 Quadragesitnus
1607 953 1970 1020 apostolorum
2003 967 2174 1008 canon
2214 973 2225 1009 ε

677 1039 1006 1102 Mauifestaa,
1031 1039 1226 1106 inquit,
1257 1041 1363 1092 sint
1388 1041 1626 1108 episcopi
1661 1059 1745 1096 res
1779 1046 2029 1115 propriae,
2065 1047 2230 1098 mani-

667 1129 816 1183 festz
865 1140 916 1182 et
969 1128 1253 1182 dominicae
1273 1146 1298 1209 ⁸;
1333 1138 1388 1180 ut
1419 1131 1490 1182 sit
1543 1131 1595 1185 in
1633 1142 1898 1200 potestate
1952 1137 2230 1190 morientis

666 1219 904 1287 episcopi
943 1218 1183 1287 propria,
1219 1219 1416 1286 quibus
1444 1219 1578 1282 vult,
1623 1223 1948 1290 relinquere.
1978 1228 2088 1280 Non
2117 1230 2230 1282 dis-

667 1311 868 1364 similia
925 1309 1180 1361 Antioch.
1232 1324 1351 1379 syn.
1385 1325 1508 1364 can.
1562 1312 1630 1367 24
1665 1317 2032 1371 continentur.
2094 1319 2228 1375 Ilinc

667 1403 835 1468 igitur
897 1399 1021 1452 licet
1080 1401 1332 1466 episcopo
1369 1414 1454 1454 res
1490 1416 1616 1456 suas
1663 1405 2077 1474 quihuseuuque
2107 1411 2229 1462 \‘clil

667 1491 994 1555 relinquere.
1054 1489 1214 1538 modo
1264 1487 1450 1540 ﬁdeles
1502 1491 1611 1542 sint
1654 1501 1706 1543 et
1758 1495 2086 1560 orthodoxi;
2123 1515 2224 1550 non

671 1589 851 1634 autem
907 1576 1209 1630 inﬁdelibus
1241 1588 1294 1630 et
1356 1577 1647 1641 hmreticis,
1700 1585 1863 1636 etiam
1903 1591 2226 1653 cognatione

671 1667 997 1733 conjunctis.
1031 1664 1185 1729 Quod
1219 1664 1262 1718 si
1294 1666 1532 1719 moriens
1555 1668 1787 1736 aliquem
1821 1686 1886 1724 ex
1917 1674 2023 1726 illis
2055 1677 2224 1730 tuere-

2335 593 2534 659 μένων.
2569 589 2636 641 'H
2665 590 2770 658 γὰρ
2797 587 2966 658 νεαρά
2987 587 3125 653 αὕτη
3153 589 3228 649 είς
3259 588 3382 648 τοὺς
3425 586 3648 647 λαῖκοὺς
3706 585 3895 652 ἐξεφωο

2333 681 2469 749 νήθη
2492 680 2586 732 καὶ
2615 679 2827 747 μόνους,
2881 680 2972 730 καὶ
3015 677 3218 744 ὀρείλει
3271 679 3492 745 κρατεῖν
3533 679 3614 738 είς
3671 674 3904 736 τούτους,

2332 771 2521 840 ὥσπερ
2551 771 2628 830 είς
2661 772 2783 832 τοὺς
2807 767 3120 828 ἀδιαθέτους
3169 768 3497 826 ἐπισκόπους
3562 766 3657 818 καὶ
3720 765 3908 834 κληριο

2333 862 2460 923 κους
2484 860 2826 929 ἐνεργήσειὴ
2869 859 3095 928 ῥηθεῐσα
3140 857 3568 919 ’1ουστινιάνειος
3609 856 3799 923 νεαρά.

2406 952 2650 1008 ΖΩΝΔΡ.
2701 953 2761 1004 ⁸0
2789 948 3217 1020 τεσσαρακοστδς
3249 948 3358 1000 τῶν
3383 948 3552 1015 ἀγίων
3595 946 3906 998 ἀποστόλων

2335 1047 2532 1108 κανὼν,
2575 1042 2778 1107 Ἐστω,
2814 1043 2971 1108 φησι,
2994 1039 3201 1108 φανερά
3224 1039 3294 1090 τὰ
3342 1039 3447 1090 ἴδια
3486 1039 3579 1089 τοῦ
3606 1035 3906 1088 ἐπισκόπου

2333 1139 2652 1207 πράγματα,
2702 1133 2793 1185 καὶ
2855 1132 3065 1201 φανερὰ
3110 1132 3178 1182 τά
3240 1129 3513 1196 κυριακά’
3546 1129 3612 1180 ἵν’
3661 1127 3906 1190 ἐξουσίαν

2331 1227 2791 1296 ἐχῃόἐπίσκοπος
2819 1222 3099 1285 τελευτῶν,
3157 1215 3236 1282 οἷς
3285 1218 3532 1286 βούλεται
3585 1217 3909 1284 καταλεῖψαι

2328 1317 2398 1368 τὰ
2453 1317 2572 1367 ἴδια.
2623 1315 2703 1366 Τά
2761 1314 2923 1380 ὃμοια
2966 1311 3020 1363 δε
3073 1312 3169 1362 καὶ
3205 1307 3334 1362 όκδ¹
3365 1307 3460 1376 τῆς
3492 1309 3548 1358 ἐν
3610 1306 3910 1375 Ἀντιοχείᾳ

2332 1405 2548 1456 συνόδου
2596 1403 2773 1455 κανὼν
2830 1403 3186 1454 διατάττεται.
3251 1400 3400 1467 Ἔχει
3451 1397 3582 1463 γοῦν
3613 1400 3676 1448 ἐκ
3703 1397 3909 1448 τούτων

2328 1497 2512 1549 ἀδειαν
2538 1497 2565 1547 ὁ
2606 1495 2900 1556 ἐπίσκοπος
2933 1493 3001 1544 τά
3051 1490 3246 1544 ἐαυτοῦ
3294 1491 3596 1559 πράγματα
3636 1486 3908 1554 καταλιμ-

2329 1589 2515 1639 πάνειν
2541 1582 2619 1646 οἷς
2650 1584 2919 1654 βούλεται,
2963 1585 3170 1643 πιστοῖς
3216 1582 3397 1650 μέντοι
3441 1581 3533 1632 καὶ
3583 1576 3904 1648 όρθοδόξοις,

2327 1679 2388 1730 οὐ
2425 1679 2528 1745 μὴν
2558 1678 2853 1746 αίρετικοῖς
2885 1676 2916 1744 ἦ
2947 1675 3214 1735 ἀπίστοις,
3256 1671 3372 1725 ἀλλ’
3419 1671 3540 1724 οὺδδ
3583 1668 3909 1735 συγγενέσιν

669 1759 791 1811 dem
820 1756 1122 1823 scripserit,
1155 1757 1201 1810 is
1230 1755 1445 1824 quidem
1479 1756 1649 1810 etiam
1686 1771 1804 1826 post
1835 1773 2061 1816 mortem
2090 1780 2220 1818 ana-

2328 1769 2489 1820 αὑτοῦ
2522 1768 2803 1826 τοιούτοις.
2840 1766 2899 1816 Et
2933 1765 2988 1816 δὲ
3020 1764 3286 1825 τοιούτους
3320 1763 3470 1821 τινὰς
3521 1760 3902 1828 κληρονόμους

666 1849 899 1900 themate
932 1836 1251 1914 percutitur,
1299 1845 1524 1914 ejusque
1558 1863 1754 1904 nomen
1806 1865 1835 1903 e
1879 1854 2222 1908 sacerd0tum

663 1939 816 1992 lastis
843 1947 897 1991 et
935 1938 1194 1991 memoria
1255 1940 1540 1993 eximitur.
1595 1942 1768 2010 Atque
1805 1946 1920 1999 haec
1979 1948 2219 2015 quidem,

661 2031 918 2096 episeopo
945 2027 1313 2081 hereditatem
1372 2030 1646 2086 hzereticis
1669 2033 1900 2103 legante.
1938 2037 2017 2090 sic
2054 2039 2222 2094 habe-

662 2123 814 2172 lmnt.
851 2115 981 2181 Qua:
1011 2130 1141 2169 vero
1188 2116 1238 2169 in
1271 2133 1479 2173 canone
1512 2121 1763 2188 deinceps
1814 2136 2134 2194 sequuntur,
2161 2144 2221 2182 ea

664 2221 764 2262 nec
796 2205 1081 2274 explicari,
1120 2219 1218 2258 nec
1247 2207 1475 2276 intelligi
1504 2209 1660 2265 facile
1693 2225 1935 2279 possunt.
1972 2217 2224 2272 Arbitror

668 2307 848 2349 :amen
898 2293 1112 2347 illorum
1149 2294 1287 2347 hanc
1337 2311 1458 2350 esse
1492 2302 1849 2368 sententiam;
1886 2306 2138 2359 nimirttm
2172 2308 2220 2362 si

666 2388 813 2439 nullo
871 2387 1012 2438 facto
1057 2393 1380 2438 testamento
1433 2389 1718 2458 episcOpus
1777 2397 2058 2459 moriatur,
2090 2399 2220 2451 nihil

661 2477 1032 2530 excusationis
1092 2479 1210 2544 ejus
1245 2481 1548 2532 successori
1582 2481 1828 2534 relictum
1861 2485 1947 2545 iri,
1993 2487 2095 2540 nisi
2132 2503 2218 2540 re-

661 2581 780 2620 rum
829 2567 998 2633 ipsius
1051 2566 1389 2632 propriarum
1417 2569 1854 2634 procurationem
1891 2574 1992 2626 rite
2047 2576 2219 2628 su‘sci-

665 2662 798 2727 riat.
837 2658 918 2710 Ab
952 2671 1018 2709 eo
1051 2671 1302 2725 namque,
1337 2668 1387 2708 ut
1424 2658 1661 2727 episcopi
1692 2660 1954 2713 demortui
1991 2662 2218 2716 faculta-

667 2759 779 2800 tum
830 2747 1263 2816 procurationem
1320 2747 1604 2814 suscipiat,
1660 2749 1832 2815 deque
1865 2752 1992 2816 illis,
2028 2769 2123 2819 pro
2155 2769 2215 2806 ea

659 2854 822 2909 quam
854 2838 1024 2891 edidit
1047 2837 1335 2890 voluntatis
1365 2851 1474 2889 sua:
1507 2836 1860 2902 professione.
1898 2845 2213 2909 COIISiitttat,

658 2930 980 3000 postulatur.
1041 2927 1298 2991 Quisquis
1347 2927 1490 2978 enim
1528 2929 1811 2995 episeopus
1846 2935 2213 2998 renuntiatur,

658 3037 896 3077 canones
957 3034 1015 3074 se
1076 3030 1413 3072 servaturum
1471 3032 1589 3070 esse
1623 3019 1924 3086 proﬁtetur.
1967 3021 2214 3078 (Sationes

2325 1860 2592 1911 τελευτῶν
2643 1858 2863 1927 γράψει,
2917 1859 3121 1916 ἐκεῖνος
3168 1853 3264 1921 μὲν
3327 1854 3417 1905 καὶ
3487 1849 3624 1919 μετά
3678 1849 3906 1902 θάνατον

2325 1950 2800 2018 ἀναθεματξςεται,
2828 1948 2919 1999 καὶ
2947 1948 3005 1998 τὸ
3035 1947 3202 2013 δνομα
3231 1942 3395 1996 αὑτοῦ
3439 1945 3502 1994 ἐκ
3542 1942 3642 2008 τῆς
3682 1938 3905 2006 μνήμης

2324 2043 2431 2096 τῶν
2452 2041 2641 2108 ίερέων
2672 2038 3050 2103 ἀπαλείφεται.
3096 2035 3279 2088 Ταῦτα
3329 2033 3445 2102 μὲν,
3489 2033 3537 2082 εί
3586 2027 3905 2094 διαθέμενος

2324 2130 2630 2201 αίρετικοῦς
2664 2128 2978 2194 καταλείψει
3012 2123 3376 2194 κληρονόμους
3399 2137 3414 2154 ·
3469 2122 3527 2172 τδ
3557 2119 3602 2171 δ’
3641 2117 3770 2185 ἐξῆς
3805 2115 3902 2201 τοῦ

2324 2199 2542 2280 κανόνος
2571 2217 2908 2287 δύσφραστόν
2933 2216 3067 2273 ἐστι,
3093 2209 3386 2292 κάντεῦθεν
3439 2207 3748 2274 δυσνόητον.
3802 2199 3901 2254 Οἷ-

2325 2322 2422 2374 μαι
2451 2303 2504 2355 δέ
2532 2302 2709 2368 λέγειν
2757 2302 2860 2362 ὅτι,
2896 2300 2988 2350 ἐὰν
3019 2291 3297 2358 ἀδιάθετος
3344 2295 3643 2361 τελευτήσῃ
3694 2295 3723 2343 ό
3783 2291 3901 2340 ἐπί-

2323 2412 2540 2457 σκοπος,
2576 2393 2974 2460 ἀναπολόγητος
2999 2391 3147 2442 ἐσται
3177 2390 3206 2440 ὁ
3247 2387 3364 2457 μετ’
3391 2386 3552 2438 αὐτὸν
3605 2384 3902 2441 ἐπίσκοπος

2321 2488 2617 2554 ἀπολογίας
2646 2483 3024 2554 στερούμενος,
3057 2485 3106 2534 εἰ
3139 2485 3212 2550 μὴ
3237 2477 3605 2546 οἰκοινομήσει
3652 2475 3721 2527 τὰ
3755 2473 3899 2525 ίδικὰ

2320 2576 2484 2630 αὑτοῦ
2537 2576 2836 2644 πράγματα
2885 2575 3126 2633 εἰκότως,
3179 2573 3300 2623 ἐπεὶ
3343 2568 3544 2635 ὀφείλει
3599 2563 3692 2616 καὶ
3740 2561 3898 2630 χρέος

2318 2668 2428 2735 ἔχει
2486 2664 2582 2733 τὴν
2631 2663 2984 2724 διατύπωσιν,
3037 2664 3203 2730 ἦγουν
3266 2660 3363 2727 τὴν
3425 2653 3738 2722 οίκονομίαν
3791 2650 3900 2701 τῶν

2319 2758 2659 2827 πραγμάτων
2679 2754 2770 2807 τοῦ
2802 2754 3221 2821 τελευτήσαντος
3273 2749 3572 2801 ἐπισκόπου
3631 2741 3900 2812 ἀρμοδίαν

2317 2849 2562 2917 ποιῆσαι,
2593 2848 2709 2914 ἦτοι
2733 2845 2889 2908 ἀξίαν
2914 2843 3007 2896 τοῦ
3040 2842 3453 2908 ἐπαγγέλματος
3475 2837 3662 2890 αὑτοῦ.
3701 2835 3760 2885 '0
3787 2834 3900 2900 γὰρ

2315 2940 2594 3007 γινόμενος
2624 2936 2913 2996 ἐπίσκοπος
2944 2931 3329 2999 ἐπαγγέλλεται
3361 2931 3485 2992 τοὺς
3537 2927 3768 2985 κανόνας
3799 2939 3904 2989 cpu-

2315 3030 2529 3084 λάττειν
2554 3046 2566 3059 ·
2600 3029 2647 3080 οἱ
2683 3028 2739 3079 δὲ
2768 3026 2993 3085 κανόνες
3034 3024 3370 3092 φιλόπτωχον
3393 3021 3556 3073 αὐτὸν
3606 3015 3743 3068 εἷναι
3798 3012 3896 3065 καὶ

662 3127 790 3166 τοῖο
840 3109 1176 3179 paupertatis
1234 3117 1528 3170 amantem,
1569 3109 1910 3176 hospitalem,
1955 3114 2216 3179 pecunia.

2322 3121 2590 3188 φιλόξενον
2614 3115 2923 3178 ἀπαιτοῦσι,
2952 3117 3041 3167 καὶ
3062 3115 3370 3182 ὑπερόπτην
3399 3112 3717 3181 χρημάτων.
3753 3107 3815 3159 Ἢ
3839 3107 3897 3157 δὲ

661 3216 781 3256 rum
813 3205 1236 3265 contemptorem
1265 3197 1576 3264 episcopum
1617 3213 1737 3252 esse
1775 3201 1985 3266 jnbcnt.
2017 3203 2216 3258 Cente-

657 3292 794 3343 sima
840 3301 1000 3355 porro
1060 3285 1330 3338 tricesima
1370 3287 1541 3351 prima
1602 3288 1807 3339 novella
1842 3288 1932 3341 lib.
1965 3305 2012 3351 ν,
2045 3293 2130 3345 ιῑι,
2161 3295 2214 3352 δ,

659 3397 778 3448 cap.
815 3381 906 3442 10,
957 3378 1170 3430 Basilio.
1223 3376 1348 3436 sita,
1389 3376 1431 3427 si
1475 3375 1566 3443 qui
1626 3378 1862 3445 episcopi
1920 3389 1973 3431 et
2033 3382 2213 3434 clerici

658 3470 807 3526 nulio
862 3469 1005 3521 facto
1061 3474 1382 3519 testamento
1433 3464 1789 3528 decesserint,
1860 3481 2032 3534 neque
2091 3469 2213 3537 legit

659 3567 796 3618 imos
853 3569 1193 3612 successores
1253 3554 1558 3618 habuerint,
1618 3557 1682 3606 ad
1750 3557 2033 3620 ecclesias,
2083 3575 2216 3626 quas

659 3661 784 3705 ante
843 3647 1208 3706 obtinuerant,
1268 3640 1636 3697 hzercditatcm
1705 3645 1977 3712 pertinere
2031 3648 2216 3700 decer-

656 3751 820 3793 nttttt’.

656 3823 880 3884 ARIST.
931 3842 948 3874 ι
986 3821 1314 3890 Episcopus,
1347 3822 1439 3887 qui
1499 3822 1779 3878 haereticos
1830 3835 1920 3878 aut
1969 3828 2216 3884 ethnicos

923 3931 939 3964 ι
979 3913 1218 3965 ιιιετοιιθε
1245 3910 1453 3973 scribit,
1487 3911 1556 3962 sit
1585 3912 1891 3965 anathema.
1929 3933 1947 3964 ι

729 4007 796 4061 Hi
821 4005 984 4060 etiam
1017 4018 1045 4055 a
1092 4001 1300 4066 legibus
1333 4001 1690 4066 prohibentur
1720 4000 2127 4070 administrare,
2161 4016 2215 4060 et

657 4117 685 4153 a
720 4105 1046 4152 testamento
1115 4092 1483 4145 haereditatem
1526 4101 1618 4144 aut
1673 4093 1904 4161 legatum
1945 4097 2211 4166 accipere.

663 4186 855 4242 Relicti
883 4185 1065 4252 itaque
1093 4182 1160 4233 ab
1193 4181 1447 4248 episcopo
1474 4181 1734 4245 han-edes,
1781 4182 1913 4235 nihil
1947 4184 2047 4252 ipsi
2082 4188 2214 4242 lucri

662 4278 971 4344 accipient;
1006 4273 1098 4325 sed
1129 4271 1403 4339 publicum
1429 4285 1545 4337 qum
1584 4273 1650 4324 iis
1690 4273 2068 4341 relinquuntur
2087 4279 2217 4331 reci.

663 4368 772 4436 piet
804 4382 819 4421 :
860 4365 950 4432 qui
985 4377 1081 4416 eos
1139 4369 1315 4414 autem
1350 4361 1592 4413 scribunt
1621 4361 1884 4426 lmredes,
1921 4375 2080 4418 erunt
2108 4368 2216 4421 hat-

660 4456 813 4509 redes
845 4449 1227 4505 anathematis.

1172 4539 1395 4594 CANON
1439 4539 1572 4594 LXX
1585 4541 1623 4594 Χ
1636 4540 1696 4595 V.

668 4662 789 4714 «De
853 4653 1388 4712 manumissionibus.
1467 4654 1728 4707 Similiter
1791 4655 2004 4721 placuit,
2063 4668 2119 4711 ut
2153 4659 2216 4711 de

734 4771 751 4801 ι
793 4744 1326 4806 tuanutnissionibns,
1379 4759 1497 4810 quis
1546 4745 1677 4796 tiunt
1736 4743 1787 4795 in
1850 4745 2098 4810 ecclesia,
2149 4749 2216 4801 ab

738 4861 754 4890 ι
790 4839 1119 4900 imperatore
1152 4842 1384 4901 petatur.
1424 4855 1441 4884 ι

730 4927 928 4980 BALS.
962 4926 1137 4986 Servi,
1167 4933 1384 4990 propter
1411 4927 1618 4991 aliquas
1643 4940 1836 4978 causas
1863 4926 1925 4977 ad
1959 4926 2217 4979 ecclesias

660 5019 1004 5077 accedentes,
1061 5015 1356 5082 episcopali
1422 5015 1728 5082 cognitione
1762 5016 2215 5069 manumittehau-

665 5123 768 5162 tur.
803 5106 906 5160 Sed
942 5105 1064 5172 quia
1113 5118 1298 5157 eorum
1351 5103 1552 5156 domini
1613 5105 1757 5171 ipsos
1801 5105 1851 5157 in
1901 5106 2215 5159 servitutem

666 5201 912 5266 redigere
959 5193 1318 5258 conabantur,
1372 5194 1539 5245 visum
1569 5204 1674 5257 est,
1707 5205 1768 5248 ut
1829 5195 2121 5262 imperator
2149 5201 2216 5250 de

672 5291 738 5341 iis
769 5288 1169 5345 admoneretur,
1205 5293 1265 5336 ut
1321 5285 1697 5351 repiitncretur
1747 5285 2088 5339 dominorum
2120 5304 2215 5355 po-

669 5377 855 5428 tentia.
890 5375 1063 5439 Atque
1109 5375 1160 5424 iu
1227 5371 1312 5425 his
1350 5373 1561 5440 quidem
1614 5373 1862 5426 consistit
1907 5388 2101 5427 canon.
2137 5375 2215 5427 Tu

665 5474 841 5515 :iutcnt
898 5463 1061 5524 scias,
1119 5460 1260 5528 quod
1324 5473 1388 5512 ex
1452 5459 1587 5513 libro
1627 5462 1903 5514 recondito
1953 5464 2005 5516 in
2061 5465 2215 5532 primi

663 5551 958 5606 defetisoris
980 5561 1211 5610 secreto.
1237 5551 1325 5617 qtti
1355 5552 1517 5603 hahet
1542 5566 1602 5603 ea
1634 5566 1749 5618 quas
1767 5569 1793 5603 a
1819 5553 1962 5606 claro
1985 5557 2214 5608 sanctis-

663 5650 808 5700 siuun
871 5645 1068 5712 Magna:
1101 5646 1354 5698 Ecclesia:
1383 5656 1722 5701 exstructore
1775 5648 2101 5714 imperatore
2126 5648 2217 5702 Ju-

663 5737 895 5790 ειξιιί·.ιιιυ
927 5745 1120 5787 statuta
1161 5747 1309 5802 sunt,
1349 5736 1511 5790 multa
1544 5735 1745 5791 habent
1789 5738 2085 5808 privilegia,
2124 5743 2213 5810 qui

2326 3210 2441 3281 ρλα¹
2497 3209 2665 3279 νεαρά
2714 3211 2940 3276 κειμένη
2965 3209 3042 3268 είς
3097 3205 3298 3273 βιϐλίον
3343 3205 3452 3254 τῶν
3487 3200 3792 3253 Βασιλικῶν
3831 3207 3897 3255 ε’.

2322 3300 2423 3351 τίτ.
2477 3298 2546 3364 γ’,
2603 3299 2780 3348 κεῖται
2825 3300 2856 3346 ι’
2895 3294 3018 3354 τοὺς
3074 3291 3404 3351 ἐπισκόπους
3460 3290 3552 3342 καὶ
3605 3289 3900 3356 κληρικοίις

2323 3389 2634 3449 ἁδιαθέτους
2663 3385 3047 3445 τελευτῶντας,
3083 3385 3172 3434 καὶ
3203 3382 3451 3450 νομίμων
3479 3379 3738 3447 διαδόχων
3793 3395 3904 3446 χω.

2327 3482 2408 3546 ρὶς
2436 3477 2585 3543 παρὰ
2633 3475 2742 3526 τῶν
2784 3471 3089 3542 ἐκκλησιῶν
3143 3470 3323 3523 αὐτῶν
3379 3465 3589 3519 κελεύει
3639 3467 3902 3534 κληρονο-

2327 3567 2562 3634 μεῖσθαι.

2323 3853 2542 3907 ΔΡΙΣΤ.
2595 3873 2611 3903 ι
2647 3851 2990 3913 Ἐπίσκοπος,
3017 3850 3323 3917 αἱρετικοὺς
3364 3850 3396 3919 ἢ
3447 3849 3713 3918 Ἕλληνας
3766 3847 3904 3920 κλη-

2398 3961 2415 3990 ι
2466 3941 2725 4009 ρονόμους
2763 3939 3010 4006 γράφων,
3035 3938 3176 3989 ἐστω
3204 3937 3473 4005 ἀνάθεμα.
3508 3956 3528 3989 ι

2439 4027 2553 4085 ὗτοι
2584 4032 2674 4083 καλ
2705 4030 2810 4082 ἀπὸ
2836 4030 3012 4097 νόμων
3045 4029 3342 4081 κωλύονται
3373 4029 3732 4092 διατίθεσθαι,
3800 4031 3900 4082 καὶ

2319 4125 2426 4177 ἀπὸ
2481 4122 2744 4191 διαθήκης
2792 4120 3154 4190 κληρονομίαν
3205 4119 3239 4187 ἢ
3300 4118 3524 4186 λεγάτον
3567 4120 3896 4189 λαμϐάνειν.

2323 4214 2789 4282 Καταλειφθιντες
2829 4211 2958 4278 γοῦν
3015 4211 3340 4281 κληρονόμοι
3395 4209 3524 4282 παρ’
3571 4211 3900 4276 ἐπισκόπου,

2321 4306 2477 4357 αὐτοὶ
2513 4306 2614 4372 μὲν
2646 4303 2796 4355 οὐδέν
2855 4320 2907 4354 τι
2959 4303 3339 4371 κερδήσουσινο
3399 4300 3515 4353 ἀλλ’
3569 4301 3598 4353 ό
3637 4301 3902 4370 δημόσιος

2322 4394 2637 4462 λήψεταιτά
2658 4392 3084 4460 καταλειφθέντα
3110 4393 3320 4450 αὐτοῖς·
3375 4392 3424 4443 οί
3474 4391 3529 4443 δέ
3585 4391 3898 4460 γράψαντες

2251 4453 2296 4510 D
2324 4453 2520 4542 αύτοὺς
2555 4453 2922 4549 κληρονόμους
2973 4478 3442 4547 κληρονομήσουσι
3468 4478 3528 4529 τὸ
3550 4453 3818 4546 ἀνάθενμα.

2907 4568 3141 4621 ΚΑΝΩΝ
3188 4570 3308 4621 ﬂE'.

2327 4681 2344 4712 ι
2392 4662 2526 4731 Περὶ
2558 4658 2898 4728 ἐλευθεριῶν.
2941 4661 3174 4727 Ὁμοίως
3206 4661 3426 4729 ἦρεσεν,
3459 4660 3542 4711 ἵνα
3601 4660 3728 4727 περὶ
3781 4659 3896 4710 τῶν

2347 4801 2370 4822 ,
2394 4772 2412 4802 ι
2463 4755 2520 4803 ἐν
2551 4755 2616 4821 τῇ
2646 4751 2944 4819 Ἐκκλησία
2969 4751 3271 4817 γενομένων
3304 4750 3624 4818 ἐλευθεριῶν
3654 4751 3762 4802 ἀπὸ
3793 4749 3890 4802 τοῦ

2395 4861 2414 4891 ι
2464 4842 2720 4910 βασιλέως
2745 4841 2954 4910 αἴτησις
2990 4842 3234 4906 γένηται.
3271 4859 3288 4889 a

2395 4934 2587 4986 ΒΑΑΣ.
2639 4931 2844 4991 Δοῦλοι,
2905 4931 2992 4982 διά
3049 4945 3199 4988 τινας
3245 4928 3419 4988 αἰτίας
3450 4933 3894 4995 προσφεύγοντες

2321 5025 2435 5084 ταῖς
2467 5019 2804 5087 ἐκκλησίαις,
2850 5016 3236 5085 ἠλευθεροῦντο
3267 5016 3409 5066 κατά
3453 5014 3744 5079 διάγνωσιν
3779 5017 3895 5066 ἐπι·

2325 5114 2609 5178 σκοπικήν.
2648 5109 2799 5159 Ἐπεὶ
2835 5108 2888 5158 δὲ
2920 5109 2966 5158 οί
3001 5106 3260 5158 δεσπόται
3308 5105 3514 5157 τούτων
3568 5107 3892 5174 ἐπεχείρουν

2321 5204 2512 5262 αὐτοὺς
2533 5198 2913 5264 δουλαγωγείν,
2950 5195 3092 5258 ἔδοξε
3127 5198 3252 5264 περὶ
3288 5195 3495 5248 τούτων
3535 5195 3894 5264 ὑπομνησθῆ-

2320 5309 2408 5342 ναι
2435 5290 2525 5341 τὺν
2557 5287 2797 5357 βασιλέα,
2818 5287 2955 5338 ὥστε
2979 5285 3339 5353 ἀναπαλῆναι
3360 5283 3457 5354 τὴν
3487 5285 3595 5337 τῶν
3613 5285 3896 5337 δεσποτῶν

2317 5379 2650 5433 δυναστείαν.
2703 5376 2811 5428 Καὶ
2833 5376 2860 5426 ὁ
2886 5375 2982 5441 μὶν
3013 5372 3190 5425 κανὼν
3223 5375 3280 5425 ἐν
3300 5373 3530 5435 τούτοις.
3592 5375 3666 5428 Σὺ
3717 5373 3774 5426 δὲ
3807 5374 3897 5439 γί-

2319 5486 2491 5523 νωσκε
2524 5469 2601 5520 ’ὁτι
2641 5468 2746 5520 ἀπὸ
2776 5465 2867 5516 τοῦ
2918 5463 3119 5532 βιϐλίου
3169 5463 3262 5517 τοῦ
3311 5465 3681 5530 ἀποκειμένου
3731 5464 3895 5533 ἐντῷ

2321 5559 2560 5629 σεκρέτῳ
2580 5557 2672 5610 τοῦ
2699 5556 3089 5625 πρωτεκδίκου,
3108 5554 3199 5606 τοῦ
3227 5552 3440 5623 ἔχοντος
3497 5557 3564 5607 τὰ
3615 5555 3892 5609 διατυπω·

2319 5652 2475 5703 θέντα
2513 5651 2660 5716 παρὰ
2691 5647 2781 5699 τοῦ
2813 5646 3055 5714 ἀοιδίμου
3113 5645 3373 5714 κτῆτορος
3427 5646 3523 5714 τῆς
3571 5645 3889 5714 ἀγιωτὰτης

2325 5741 2580 5809 Matrem;
2622 5738 2948 5806 Ἐκκὶησίας
3005 5737 3098 5789 τοῦ
3162 5735 3421 5806 βασιλέως
3488 5734 3888 5801 ἰουστινιανοῦ,
