4148 6452
280 403 382 465 301

1283 400 1357 459 ΙΝ
1407 399 1572 459 CAN.
1613 395 1901 458 LXXXVI
1934 393 2143 457 CONC.
2189 397 2562 458 CARTHAG.

3421 389 3528 450 302

284 517 453 570 πολλὰ
509 516 777 588 προνόμια
816 515 1026 584 ἔχουσιν
1076 512 1126 565 oi
1180 513 1330 580 παρά
1385 512 1478 563 τοῦ
1531 509 1730 579 μέρους
1762 507 1849 574 τῆς

1966 523 2028 562 ex
2070 521 2222 578 parte
2256 510 2509 566 Ecclesia
2557 510 2881 566 manumissi
2917 515 3046 563 sunt
3080 506 3246 563 servi.
3303 503 3446 572 Lege
3473 510 3527 558 et

289 607 614 676 Ἐκκλησίας
659 606 1099 676 ὲλευθερούμενοι
1143 603 1342 656 δοῦλοι.
1416 601 1719 668 ’Λνάγνωθι
1765 601 1860 651 καὶ

280 695 484 761 τδνκς¹
515 697 619 750 τίτ.
650 695 750 750 τοῦ
803 703 891 765 μη⁷
947 695 1152 764 βιϐλίου
1207 692 1337 762 περὶ⁵
1391 690 1860 760 ἐλευθερουμένων

282 786 625 852 διδάσκοντα,
654 785 748 839 καὶ
781 787 878 847 τὴν
905 784 1104 854 νεαρὰν
1131 782 1226 835 τοῦ
1285 781 1532 850 ἀοιδίμου
1595 777 1860 848 βασιλέως

282 877 455 945 κυροῦ
500 878 736 941 ’Δλεξίου
770 877 862 928 τοῦ
901 873 1205 943 Κομνηνοῦ,
1235 873 1334 941 τὴν
1359 871 1747 941 διοριζομένην
1783 869 1857 937 μὴ

280 968 428 1034 ἔχειν
481 965 667 1034 χώραν
721 967 846 1026 τοὺς
899 966 1024 1033 περὶ
1080 965 1189 1016 τῶν
1237 960 1701 1030 ἀντιπαραγαγῶν
1750 959 1858 1010 τῶν

284 1055 581 1125 μαρτύρων
618 1056 835 1124 νόμους,
865 1056 993 1107 ὅταν
1027 1055 1154 1122 περὶ
1195 1051 1507 1121 ἐλευθερίας
1567 1049 1857 1116 δικάζηταί

281 1163 366 1206 τις
398 1162 412 1176 ο
441 1145 576 1198 ἀλλὰ
635 1144 805 1214 μόνην
855 1144 1102 1211 γίνεσθαι
1163 1141 1506 1210 παραγωγὴν
1564 1139 1858 1206 μαρτύρων

281 1235 436 1303 παρὰ
472 1234 566 1288 τοῦ
597 1235 1104 1303 δουλαγωγουμένου
1137 1235 1170 1303 ἢ
1197 1233 1289 1286 τοῦ
1348 1229 1853 1298 ἐλευθεροόοῶντος.

343 1326 589 1378 ΖΩΝΑΡ.
631 1325 820 1378 Δοῦλοι
848 1327 935 1379 διά
958 1342 1111 1386 τινας
1172 1324 1356 1384 αἰτίας
1405 1321 1855 1389 προσφεύγοντες

282 1421 408 1477 ταῖς
439 1417 760 1484 ἐκκλησίαις
779 1417 1194 1484 ἠλευθεροῦντο,
1214 1413 1372 1466 τοῦτο
1406 1414 1510 1464 τῶν
1539 1411 1851 1463 ἐπισκόπων

280 1506 496 1557 δίκαιον
544 1501 686 1557 εἶναι
717 1505 1118 1574 δοκιμαζόντων
1153 1519 1167 1533 ο
1189 1503 1284 1565 οὓς
1330 1502 1383 1554 οἱ
1417 1501 1671 1552 δεσπόται
1711 1500 1854 1551 ἐπει-

292 1596 469 1661 ρῶντο
507 1594 666 1656 αὖθις
694 1599 774 1658 είς
804 1595 1051 1646 δουλείαν
1075 1593 1280 1646 ἕλκειν.
1337 1592 1472 1659 Περὶ
1523 1589 1730 1641 τούτων
1763 1585 1856 1641 οῦν

281 1683 468 1747 ἔδοξεν
497 1685 915 1754 ὑπομνησθῆναι
954 1686 1050 1736 τὸν
1083 1684 1337 1754 βασιλέα.

349 1777 578 1830 ΑΡΙΣΤ.
613 1776 778 1846 «Περὶ
810 1776 921 1828 τῶν
945 1778 1001 1828 έν
1026 1777 1344 1846 ἐκκλησίαις
1375 1778 1681 1847 γενομένων
1708 1778 1856 1830 ἐλευ-

288 1885 309 1917 σ
351 1866 551 1936 θεριῶν
582 1869 644 1918 ὲκ
686 1867 953 1935 βασιλέως
974 1868 1189 1934 αἴτησις
1230 1869 1483 1936 γινέσθω.
1515 1888 1535 1920 ι

357 1957 440 2008 Τὰ
478 1956 619 2008 αύτά
645 1957 723 2025 τῷ
750 1957 1032 2028 ἑξηκοστῷ
1065 1960 1311 2028 τετάρτῳ
1335 1961 1518 2012 κανόνι
1557 1959 1856 2029 διαλαμϐά-

283 2061 400 2098 νει⁶
449 2048 544 2099 καὶ
577 2048 895 2117 ἱρμηνεύθη
924 2050 1124 2103 ἐκεῖσε.

837 2140 1077 2192 KANON
1113 2142 1259 2206 nq'.

382 2248 401 2279 ι
447 2230 587 2298 Περὶ
623 2230 730 2282 τῶν
796 2230 1052 2284 πλαστῶν
1086 2232 1368 2299 μνημείων
1393 2233 1500 2285 τῶν
1538 2234 1853 2303 μαρτύρων.

286 2341 304 2372 ι
360 2323 593 2391 Ὁμοίως
633 2323 851 2390 ἤρεσεν,
882 2324 968 2373 ἵνα
993 2323 1268 2391 πανταχοῦ
1322 2325 1425 2378 ἀνὰ
1478 2327 1602 2387 τοὺς
1650 2328 1857 2392 ἀγροὺς

285 2431 306 2461 ε
353 2415 446 2463 καὶ
507 2414 630 2473 τοὺς
708 2412 1041 2480 ἀμπελῶνας
1098 2413 1484 2484 θυσιαστήρια,
1539 2417 1740 2468 ὡσανεὶ
1779 2420 1858 2479 εἰς

281 2524 304 2554 ρ
349 2504 569 2572 μνήμην
595 2503 890 2571 μαρτύρων
921 2503 1320 2572 καθιστάμενα,
1376 2507 1432 2556 έν
1483 2501 1564 2568 οἷς
1631 2508 1751 2560 οὐδὲ
1800 2507 1857 2558 ἒν

287 2616 305 2642 ε
355 2595 514 2663 σῶμα
567 2594 600 2664 ἢ
654 2594 908 2660 λείψανον
963 2593 1258 2664 μαρτύρων
1341 2597 1701 2665 ἀποκείμενον
1747 2599 1857 2649 δεί-

287 2707 306 2735 ‹
352 2702 600 2751 κνυνται,
637 2685 744 2737 ἀπὸ
769 2685 878 2736 τῶν
918 2685 1182 2738 ἐντοπίων
1258 2688 1598 2750 ἐπισκόπων,
1645 2689 1692 2739 εί
1740 2689 1856 2740 ἔστι

283 2794 304 2824 ς
354 2776 600 2841 δυνατὸν,
638 2777 1148 2847 καταστρέφωνται.
1177 2779 1237 2829 Ei
1287 2778 1342 2830 δὲ
1398 2779 1556 2830 τοῦτο
1608 2779 1856 2849 θορύϐοις

287 2887 305 2917 ι
351 2868 666 2935 δημοτικοῖς
699 2869 758 2920 οὐ
789 2870 1175 2937 συγχωρεῖται,
1211 2869 1360 2935 ὅμως
1394 2870 1461 2922 τὰ
1513 2870 1689 2938 πλήθη
1731 2889 1857 2925 νου-

284 2976 302 3006 ι
357 2957 621 3026 θετηθῶσι
650 2958 724 3027 μὴ
743 2957 1078 3026 ὁχλαγωγεϊν
1094 2959 1219 3020 τοὺς
1238 2959 1437 3020 τόπους
1458 2961 1696 3020 ἐκείνους
1717 2977 1730 2991 ·
1761 2961 1856 3013 καὶ

285 3067 304 3097 ι
341 3049 431 3100 ἴνα
460 3049 507 3100 οἱ
537 3047 603 3099 τὰ
637 3047 772 3114 ὀρθὰ
802 3047 1125 3115 φρονοῦντες
1183 3049 1421 3118 μηδεμιᾷ
1461 3050 1852 3121 δεισιδαιμονία

285 3159 302 3186 ‹
352 3136 732 3190 τῶντοιούτων
758 3135 936 3188 τόπων
961 3137 1433 3202 καταδεσμῶνται,
1469 3139 1562 3189 κλὶ
1582 3139 1848 3207 μηδαμῶς
1874 3148 1919 3209 C

285 3249 302 3276 ι
345 3227 477 3294 μηδὲ
522 3229 712 3295 μνήμη
752 3226 1045 3295 μαρτύρων
1068 3225 1411 3295 ἐπιτελεσθῇ,
1446 3228 1495 3277 εί
1546 3227 1619 3295 μή
1678 3227 1848 3295 πουῆ

280 3337 301 3366 ι
346 3319 503 3386 σῶμα
540 3318 574 3386 ἦ
606 3335 725 3369 τινα
746 3317 971 3384 λείψανα
1031 3311 1164 3368 ὦσιν
1219 3317 1249 3385 ἦ
1312 3315 1662 3385 ἀρχαιογονία
1710 3317 1849 3378 τινὸς

283 3428 299 3454 ι
342 3408 612 3474 οἰκήσεως
681 3407 712 3473 ἧ
766 3409 1010 3474 κτήσεως
1060 3408 1090 3475 ἢ
1143 3405 1349 3467 πάθους
1405 3408 1568 3473 πιστῇ
1632 3406 1852 3474 ἀρχαιό-

278 3516 297 3544 σ
341 3513 460 3565 τητι
503 3497 926 3566 παραδιδῶνται.
962 3497 1102 3548 Ὅσα
1132 3496 1238 3561 γὰρ
1299 3496 1368 3546 δι’
1433 3494 1704 3546 ἐνυπνίων
1759 3495 1850 3546 καὶ

277 3609 298 3638 ε
342 3588 589 3658 ματαίων
620 3586 1017 3655 ἀποκαλύψεων
1049 3588 1353 3655 ἀνθρώπων
1395 3586 1557 3638 τινῶν
1617 3586 1850 3654 ὁπουδή-

283 3702 299 3732 ι
352 3695 482 3734 ποτε
535 3679 893 3732 καθίστανται
940 3677 1321 3746 θυσιαστήρια,
1357 3679 1520 3730 ’παντὶ⁵
1562 3679 1750 3747 τρόπῳ
1783 3677 1851 3730 τὰ

279 3795 296 3824 ι
337 3772 566 3837 τοιαῦτα
593 3769 1132 3839 ἀποδοκιμασθῶσιν.
1168 3787 1184 3818 ι

349 3863 546 3915 ΒΔᾹΣ.
585 3861 979 3913 Κεκανόνισται
1014 3860 1087 3928 μὴ
1113 3860 1290 3921 ἄλλως
1347 3860 1636 3930 εἰκτήριον
1703 3857 1850 3912 οἷκον

270 3950 652 4023 ἀνεγείρεσθαι
688 3949 1048 4018 ὁπουδήποτε,
1118 3951 1166 4002 εί
1237 3952 1310 4020 μὴ
1365 3950 1485 4001 κατ’
1544 3952 1848 4020 ἐπιτροπὴν

271 4044 638 4110 ὲπισκοπικὴν
709 4042 741 4110 ἢ
797 4042 892 4094 καὶ
935 4044 1240 4111 παρουσίαν
1280 4040 1411 4110 εὐχὴ
1470 4040 1721 4108 θεμελίου
1767 4058 1850 4092 τε-

271 4137 442 4204 λεσθῇ
473 4135 614 4186 κατὰ
640 4133 829 4198 τόπον,
856 4134 951 4184 καὶ
1003 4133 1411 4200 σταυροπήγιον
1461 4131 1673 4198 ὲντεθῇ,
1753 4133 1846 4182 καὶ

264 4229 357 4278 διὰ
386 4226 729 4284 καταθέσεως
762 4221 932 4285 ἁγίων
955 4221 1222 4289 λειψάνων
1268 4220 1622 4290 μαρτυρικῶν
1663 4220 1846 4272 καθιε-

273 4314 468 4384 ρωθῇδ
499 4311 644 4373 ναός,
693 4311 846 4362 Ἐπεὶ
874 4310 929 4362 δέ
953 4325 1118 4371 τινες,
1160 4308 1232 4370 ὡς
1263 4307 1460 4372 ἔοικεν,
1493 4309 1601 4362 ἀπὸ
1633 4308 1846 4378 ὀνειρά-

269 4423 379 4455 των
409 4406 441 4472 ἧ
471 4405 563 4455 καὶ
591 4402 1090 4469 πεπλαστευμένων
1120 4398 1521 4467 ἀποκαλύψεων
1552 4401 1843 4469 ἀνήγειρον

1964 601 2281 654 vicesimum
2337 611 2546 656 sextum
2580 603 2677 665 tit~
2696 599 3101 671 quadragesimi
3154 596 3332 651 octavi
3381 595 3528 658 libri,

1962 693 2052 758 qni
2089 693 2247 746 docet
2297 693 2363 746 de
2406 693 2580 749 servis
2616 693 2706 761 qui
2740 690 3200 746 manumittuntur
3235 703 3250 740 :
3279 685 3444 755 619
3469 695 3529 740 et

1964 783 2231 836 novellam
2263 785 2392 839 clari
2432 784 2774 853 imperatoris
2800 781 3005 836 domini
3037 779 3212 843 Alexii
3239 776 3528 840 Comneni,

1961 890 2081 943 qua:
2125 877 2315 930 statuit
2369 892 2479 930 non
2510 877 2710 931 habere
2750 875 2925 930 locum
2955 873 3098 943 leges
3131 872 3199 925 de
3255 867 3527 924 contraria

1960 967 2182 1020 testium
2249 969 2629 1036 productione.
2652 969 2868 1035 quando
2902 964 3029 1032 quis
3066 962 3347 1016 contendit
3373 961 3438 1012 de
3460 958 3530 1010 li-

1961 1055 2212 1111 bertate:
2267 1061 2362 1111 sed
2408 1059 2574 1111 solam
2599 1057 2726 1129 fieri
2757 1055 2974 1108 testium
3019 1051 3429 1115 productionem
3463 1045 3529 1098 ab

1959 1161 2048 1209 eo,
2079 1149 2168 1214 qui
2199 1148 2252 1201 in
2285 1150 2602 1202 servitutem
2632 1145 2868 1207 ducitur,
2895 1143 2976 1195 vel
3006 1143 3058 1194 in
3082 1139 3379 1193 libertatem
3403 1149 3531 1205 pro-

1959 1236 2179 1288 clamat.

2030 1326 2286 1380 ZONAR.
2337 1329 2514 1391 Servi,
2571 1327 2741 1383 certis
2773 1324 3095 1395 quibusdam
3148 1322 3214 1375 de
3247 1318 3430 1374 causis
3463 1318 3531 1369 ad

1957 1417 2247 1472 ecclesiam
2297 1420 2699 1487 confugientes,
2745 1418 2789 1472 si
2857 1417 2908 1469 id
2963 1415 3253 1482 episcopus
3311 1421 3530 1476 aequum

1960 1510 2267 1562 statuisset.
2305 1510 2863 1571 manumittebantur;
2894 1521 3031 1574 quos
3071 1501 3275 1556 domini
3305 1513 3528 1552 rursum

1959 1598 2024 1650 ad
2071 1601 2391 1653 servitutem
2451 1600 2668 1652 trahere
2697 1599 3027 1652 niterentur.
3062 1594 3133 1646 Ea
3162 1593 3228 1646 de
3278 1605 3335 1643 re
3365 1589 3528 1656 igitur

1960 1687 2347 1752 imperatorem
2388 1703 2511 1743 esse
2545 1689 2874 1741 monendum
2905 1686 3078 1738 visum
3110 1689 3217 1735 est.

1966 1777 2195 1834 ARIST.
2235 1798 2254 1829 ι
2324 1781 2400 1834 De
2447 1779 2979 1833 manumissionibus
3021 1789 3142 1842 qum
3173 1773 3228 1825 in
3282 1768 3533 1826 ecclesiis

2145 1889 2164 1920 r
2205 1871 2358 1932 ﬁunt,
2393 1871 2702 1940 imperatori
2734 1870 2923 1939 petitio
2951 1865 3292 1920 exhibeatur.
3331 1880 3351 1912 ι

2033 1960 2133 2016 Hic
2166 1977 2344 2016 canon
2381 1964 2572 2016 eadem
2632 1977 2694 2016 ac
2749 1958 3122 2029 sexagesimus
3171 1962 3398 2024 quartus
3421 1957 3536 2007 sta-

1961 2053 2100 2118 tuit;
2133 2061 2187 2105 et
2222 2052 2294 2110 ibi
2321 2055 2729 2119 interpretatur.

2467 2138 2695 2195 CANUN
2735 2136 3023 2193 LXXXVI.

1966 2251 1983 2282 ι
2029 2234 2101 2287 De
2134 2233 2275 2287 ﬁctis
2334 2242 2636 2303 martyrum
2687 2231 3078 2285 monumentis.
3143 2221 3405 2282 Similiter
3430 2226 3536 2296 pla-

2045 2342 2063 2372 ι
2104 2325 2258 2387 cuit,
2313 2333 2372 2377 ut
2421 2323 2599 2376 omnia
2651 2337 2744 2390 per
2797 2336 2955 2390 agros
2985 2328 3039 2372 et
3091 2319 3270 2371 vineta
3317 2317 3532 2383 altaria,

2034 2432 2052 2464 ι
2097 2413 2266 2465 veluti
2301 2412 2352 2464 in
2388 2411 2708 2464 memoriam
2760 2417 3062 2477 martyrum
3119 2407 3440 2468 constituta,
3477 2407 3532 2460 in

2032 2521 2049 2551 ι
2089 2504 2289 2570 quibus
2357 2502 2563 2554 nullum
2597 2516 2798 2570 corpus
2836 2512 2929 2552 aut
2964 2499 3205 2566 reliqoize
3233 2509 3531 2566 martyrum

2031 2613 2046 2644 ι
2089 2595 2320 2646 condita:
2345 2593 2738 2657 ostenduntur,
2764 2605 2794 2643 a
2839 2592 2942 2646 loci
2978 2591 3273 2659 episcopis,
3320 2592 3365 2643 si
3404 2604 3534 2656 pos-

2038 2703 2053 2730 σ
2096 2684 2168 2738 sit
2202 2685 2339 2749 lieri,
2376 2687 2791 2739 subvertantur.
2850 2683 2947 2737 Sin
2981 2695 3159 2736 autem
3183 2690 3404 2749 prOpter
3436 2696 3534 2748 po-

2037 2793 2056 2824 ι
2089 2775 2304 2842 pulares
2355 2775 2616 2828 tumultus
2650 2777 2751 2828 hoc
2797 2789 2908 2827 non
2963 2773 3337 2840 permittitur;
3380 2771 3535 2837 plebs

2039 2885 2055 2916 ι
2101 2879 2279 2919 tamen
2318 2868 2701 2931 admoneatur,
2738 2882 2807 2918 ne
2845 2866 2912 2919 iis
2949 2866 2998 2917 in
3055 2865 3189 2916 locis
3234 2873 3534 2916 conventus

2037 2975 2054 3006 ι
2101 2966 2261 3025 agat;
2303 2965 2357 3009 et
2415 2956 2600 3025 utqui
2667 2966 2815 3010 recte
2848 2956 3090 3010 sentiunt
3141 2953 3288 3006 nulla
3341 2968 3530 3007 eorum

2029 3065 2044 3098 ι
2087 3049 2333 3102 locorum
2377 3049 2766 3115 Superstitione
2818 3047 3149 3112 alligentur;
3199 3053 3255 3099 et
3308 3045 3531 3097 omnino

2041 3160 2057 3190 ι
2099 3156 2196 3196 nec
2228 3150 2529 3210 martyrum
2581 3139 2841 3193 memoria
2870 3148 3180 3208 peragatur,
3214 3136 3315 3190 nisi
3346 3135 3533 3204 utique

2028 3255 2044 3281 ι
2092 3233 2175 3285 vel
2206 3247 2402 3297 corpus
2445 3233 2526 3285 vel
2560 3232 2754 3297 aliqua:
2782 3233 2891 3285 sint
2954 3230 3216 3298 reliquiae,
3246 3228 3329 3282 vel
3363 3227 3535 3280 alicu-

2028 3343 2042 3371 ι
2080 3323 2172 3392 jus
2214 3323 2588 3380 habitationis,
2621 3334 2714 3373 ant
2759 3321 3143 3388 possessionis,
3181 3328 3275 3371 aut
3322 3318 3534 3386 passio—

2037 3425 2054 3455 ι
2101 3407 2182 3460 nis
2224 3408 2376 3474 origo
2413 3406 2552 3459 ﬁdeli
2616 3408 2928 3476 antiquitati
2989 3407 3183 3460 tradita
3239 3420 3340 3458 est.
3373 3407 3531 3469 Quae-

2022 3513 2038 3546 t
2078 3511 2291 3562 cunque
2314 3498 2458 3551 enim
2493 3512 2594 3565 per
2622 3498 2834 3550 somnia
2863 3506 2917 3547 et
2952 3512 3217 3549 vanorum
3244 3496 3525 3548 hominum

2031 3604 2048 3634 ‹
2089 3587 2458 3639 revelationes
2491 3587 2717 3639 ubilibet
2751 3586 3168 3639 consumuntur
3201 3587 3419 3649 altaria,
3461 3601 3523 3637 ea

2022 3695 2040 3728 ι
2075 3679 2225 3731 οηιηὶ
2259 3679 2422 3732 modo
2448 3678 2822 3747 reprobentur.
2857 3695 2877 3728 ι

2027 3857 2225 3913 BALS.
2279 3859 2502 3914 Canone
2551 3870 2771 3913 cautum
2821 3867 2929 3923 est,
2983 3871 3051 3911 ne
3097 3857 3257 3911 aliter
3297 3872 3523 3925 usquam

1955 3952 2269 4004 oratorium
2305 3953 2595 4014 excitetur,
2641 3949 2746 4004 nisi
2801 3949 3095 4019 episcopali
3144 3949 3522 4019 permissione.

1957 4039 2042 4090 vel
2073 4039 2239 4092 etiam
2278 4039 2589 4109 praesentia,
2634 4055 2697 4094 eo
2733 4040 2789 4093 in
2821 4041 2944 4094 loco
2979 4039 3318 4093 fundamenti
3348 4038 3526 4093 oratio

1954 4139 2169 4196 peracta
2200 4139 2254 4182 et
2275 4130 2453 4182 crucis
2482 4130 2607 4182 ﬁxio
2638 4129 2815 4198 posita
2862 4129 2956 4192 sit,
2985 4139 3039 4183 et
3082 4145 3178 4198 per
3209 4137 3520 4182 sanctorum

1956 4229 2255 4286 martyrum
2322 4219 2677 4287 reliquiarum
2712 4221 3107 4289 depositionetn
3165 4219 3420 4286 templum
3450 4220 3524 4272 sit

1955 4322 2360 4363 consecratum.
2395 4309 2529 4375 Quia
2583 4321 2762 4366 autem
2821 4313 3091 4374 nonnulli,
3127 4322 3187 4365 ut
3219 4321 3303 4365 est
3331 4311 3524 4363 verisi-

1957 4399 2113 4460 mile,
2146 4414 2244 4466 per
2285 4400 2493 4453 somnia
2526 4409 2579 4452 et
2615 4400 2770 4454 [ictas
2808 4403 3167 4456 revelationes
3196 4402 3249 4453 in
3282 4400 3427 4468 agris
3464 4411 3518 4453 et

271 4499 354 4557 εἰς
382 4495 584 4562 ἀγροὺς
617 4493 711 4545 καὶ
733 4490 1063 4560 ἀμπελῶνας
1091 4489 1242 4558 παρὰ
1271 4491 1497 4558 γνώμην
1558 4489 1667 4543 τῶν
1721 4492 1843 4540 ἐπι-

1956 4489 2153 4542 vinetis
2201 4499 2397 4554 praeter
2426 4490 2809 4558 episc0porum
2838 4494 3164 4544 sententiam
3203 4490 3394 4542 altaria
3425 4505 3515 4544 ex-

268 4586 495 4637 σκόπι·›ν
524 4583 914 4652 θυσιαστήρια,
960 4581 1054 4636 καὶ
1121 4581 1210 4632 διὰ
1261 4580 1693 4650 παρασυνὰξεων
1747 4581 1843 4630 καὶ

265 4676 480 4745 ψευδῶν
531 4676 800 4727 ἐνυπνίων
844 4673 968 4736 τοὺς
1022 4673 1429 4740 ἁπλουστέρους
1502 4671 1836 4732 πλανῶντες,

266 4767 368 4836 τὴν
398 4766 698 4834 ὁρθοδόξων
723 4766 903 4819 πίστιν
927 4764 1266 4834 διέστρεφον,
1295 4764 1462 4830 ἤρεσε
1513 4762 1580 4814 τὰ
1613 4761 1837 4813 τοιαῦτα

266 4858 659 4926 θυσιαστήρια,
684 4857 752 4908 τά
775 4859 854 4918 είς
879 4857 1101 4926 μνήμην
1152 4855 1297 4922 τάχα
1340 4852 1638 4923 μαρτύρων
1675 4851 1838 4904 καθι-

269 4951 541 5017 στᾶμενα,
567 4947 666 5000 καὶ
693 4947 768 5016 μὴ
793 4948 987 5015 ἔχοντα
1017 4944 1247 5013 σώματα
1282 4945 1316 5011 ἦ
1347 4943 1575 5011 λείψανα
1629 4942 1838 5010 μαρτύ-

268 5058 404 5111 ρων,
450 5038 587 5108 μηδὶ
615 5038 851 5107 ἀρχῆθεν
885 5036 1261 5105 ἀνεργεθέντα
1290 5034 1381 5085 διὰ
1424 5034 1484 5085 τὸ
1525 5032 1746 5101 οἰκῆσαι
1778 5033 1838 5085 ὲν

265 5131 455 5192 αὐτοῖς
486 5129 667 5192 ὁσίους
707 5128 738 5197 ἦ
772 5125 1138 5196 μάρτυρας,ἣ
1172 5124 1451 5192 κτησείδια
1513 5119 1653 5177 εἶναι
1712 5125 1838 5175 τού-

262 5239 398 5285 των,
423 5222 456 5290 ἢ
487 5222 548 5273 ιν
577 5222 760 5283 αὐτοῖς
789 5218 939 5287 πάθη
1003 5215 1306 5286 μαρτυρίου
1356 5217 1675 5284 ὑποστῆναι,
1717 5215 1833 5278 καὶ,

262 5314 340 5375 ὡς
375 5311 614 5379 εἴρηται,
647 5311 720 5381 μὴ
747 5308 1154 5378 καθιερωθέντα
1187 5307 1336 5376 παρὰ
1397 5306 1504 5358 τῶν
1554 5306 1835 5377 ἐγχωρίων

264 5402 608 5461 ἐπισκόπων,
662 5396 1161 5467 καταστρέφεσθαι.
1198 5396 1257 5452 El
1277 5395 1332 5447 δὲ
1361 5395 1409 5446 οἱ
1442 5395 1621 5464 δῆμοι,
1648 5396 1833 5460 φασὶν,

259 5492 617 5544 ἀνθίστανται
640 5490 1021 5561 θορυϐοῦντες,
1055 5488 1430 5542 νουθετεῖσθαι
1481 5487 1576 5539 καὶ
1609 5487 1837 5551 τούτους

261 5583 340 5653 μὴ
359 5582 701 5650 ὀχλαγωγεῖν
731 5586 854 5643 τοὺς
914 5581 1113 5643 τόπους
1136 5582 1398 5642 ἐκείνους,
1451 5579 1697 5632 τουτέστι
1759 5580 1834 5650 μὴ

261 5672 591 5740 συνάγεσθαι
611 5672 733 5732 τοὺς
750 5671 938 5740 ὀχλους
971 5674 1104 5735 ἐκεῖ,
1131 5671 1264 5740 μηδὲ
1283 5673 1404 5728 τοὺς
1421 5671 1728 5740 ὁρθοδόξους
1741 5687 1842 5724 κα-

259 5764 652 5830 ταδεσμεῖσθαι
691 5766 755 5832 τῇ
785 5762 992 5816 τούτων
1021 5763 1434 5832 δεισιδαιμονίᾳ,
1460 5765 1588 5831 μηδὲ
1618 5765 1832 5833 μνήμας

1947 4583 2214 4643 citabant,
2247 4591 2302 4635 et
2345 4597 2440 4649 per
2468 4585 2746 4651 improbos
2777 4586 3053 4637 hominum
3079 4595 3276 4645 ccelus,
3309 4594 3363 4637 et
3387 4583 3519 4636 falsa

1947 4674 2188 4737 somnia,
2244 4674 2604 4741 simpliciores
2635 4675 2990 4744 tlecipientes,
3030 4675 3190 4728 fidem
3252 4676 3518 4730 orthodo-

1955 4778 2078 4816 xam
2137 4762 2519 4817 subvertebant
2559 4782 2572 4818 :
2608 4765 2830 4833 placuit,
2870 4776 2928 4819 ut
2978 4767 3243 4834 ejusmodi
3297 4768 3514 4826 altaria,

1946 4855 2000 4907 in
2035 4855 2348 4906 memoriam
2401 4853 2539 4908 forte
2583 4865 2880 4924 martyrum
2928 4859 3250 4919 constituta,
3307 4866 3360 4907 et
3388 4871 3514 4909 cor-

1945 4957 2075 5011 pora
2112 4942 2193 4995 vel
2227 4943 2486 5009 reliquias
2543 4955 2839 5013 martyrum
2903 4961 3008 4999 non
3054 4948 3307 5000 habentia
3347 4967 3360 5002 :
3413 4963 3513 5003 ne-

1945 5048 2050 5100 que
2077 5048 2106 5085 a
2138 5034 2404 5102 principio
2434 5035 2692 5098 excitata,
2730 5037 2872 5105 quod
2901 5039 3074 5092 saneti
3109 5040 3161 5092 in
3190 5041 3269 5095 eis
3299 5041 3512 5097 habita-

1945 5125 2054 5178 rint
2089 5134 2183 5179 aut
2241 5133 2534 5194 martyres,
2590 5127 2671 5182 vel
2718 5129 2862 5197 quod
2895 5133 3006 5183 sint
3059 5133 3140 5186 eis
3170 5136 3513 5200 possessiun-

1946 5217 2106 5282 culaa,
2140 5217 2223 5272 vel
2255 5225 2395 5287 quod
2457 5220 2721 5288 martyrio
2750 5221 2818 5273 ibi
2851 5223 3096 5275 coronati
3155 5227 3294 5285 sint;
3332 5241 3433 5279 nec
3478 5241 3509 5280 a

1948 5310 2187 5378 regionis
2234 5310 2526 5377 episcopis,
2597 5319 2654 5361 ut
2707 5310 2911 5364 dictum
2985 5322 3088 5378 est,
3147 5325 3506 5381 entisecrata,

1946 5399 2355 5454 subvertantur.
2410 5397 2465 5451 Si
2519 5409 2698 5453 autem
2759 5401 2963 5469 populi,
3005 5402 3273 5470 inquiunt,
3307 5408 3511 5459 tumul-

1951 5499 2164 5543 tuantes
2235 5491 2515 5555 resistant,
2548 5491 2962 5554 admoneamur,
3014 5509 3078 5546 ne
3113 5495 3165 5546 in
3216 5495 3350 5550 locis
3378 5512 3510 5551 con-

1947 5590 2139 5634 ventus
2163 5591 2348 5649 agant,
2385 5584 2484 5636 hoc
2519 5596 2624 5646 est,
2672 5600 2740 5638 ne
2774 5584 2880 5636 illic
2923 5587 3106 5638 turbas
3132 5598 3461 5656 congregem
3493 5604 3508 5653 ;

1946 5687 2047 5726 nec
2123 5671 2411 5726 orthodoxi
2476 5688 2663 5724 eorum
2723 5676 3110 5740 superstitione
3203 5677 3509 5747 alligentur,

1959 5779 2130 5832 neque
2160 5766 2212 5817 in
2246 5765 2325 5817 eis
2357 5773 2658 5832 martyrum
2693 5765 3007 5817 memoriam
3049 5767 3344 5824 (ciem-ent.
3373 5771 3509 5825 nota
