4148 6452
692 386 790 446 303

683 598 846 636 canas
877 583 1153 634 ecclesias.
1194 581 1353 634 Multa
1381 583 1523 635 enim
1557 583 1819 648 ejusmodi
1844 581 1977 633 ﬁunt
2005 594 2032 630 a
2066 578 2218 630 vica-

684 671 772 722 nis
801 670 1166 730 hmuuuculis,
1207 671 1459 723 mulieres
1511 671 1774 723 diabolico
1803 670 2068 721 instructu
2098 668 2226 721 bac-

683 762 906 812 chantes
951 771 1002 811 ct
1068 759 1242 812 futura
1305 761 1439 812 forte
1477 761 1792 821 όίνίιιτιηιεε,
1853 760 2224 826 haminesque,

683 855 772 919 qui
810 867 866 920 se
903 850 1230 901 dzcmoniaco
1260 851 1448 917 spiritu
1488 851 1689 902 alllatos
1721 850 1996 910 simulant,
2025 857 2077 901 et
2111 863 2228 914 qua:

683 958 751 994 ne
811 943 988 994 dicere
1048 942 1260 1007 quidem
1311 941 1487 1004 decet,
1556 943 1605 993 in
1668 940 1924 1008 ejusmodi
1985 940 2227 992 ecclesiis

681 1035 885 1087 faciunt
909 1032 1324 1084 assumentibus.

747 1211 995 1264 ZONAR.
1032 1211 1305 1271 Nonnulli,
1345 1225 1401 1262 se
1439 1211 1487 1262 id
1517 1211 1598 1276 pie
1632 1208 1808 1262 facere
1831 1208 2224 1261 existimantes.

684 1305 737 1354 in
777 1305 918 1364 agris
952 1311 1006 1352 et
1058 1302 1249 1353 vinetis
1296 1307 1592 1368 martyrum
1645 1298 1918 1356 aediculas,
1949 1297 2100 1361 quasi
2135 1309 2226 1362 per

682 1393 888 1444 somnia
945 1392 1166 1456 visaque
1215 1389 1498 1449 admoniti,
1553 1388 1878 1439 excitabant.
1910 1385 2010 1436 Eas
2045 1385 2225 1451 igitur,

679 1484 721 1531 si
758 1496 856 1533 nec
911 1490 1202 1546 martyrum
1238 1493 1460 1545 tor-pora
1501 1477 1567 1528 ibi
1603 1478 1856 1542 reposita,
1911 1488 2010 1526 nec
2037 1473 2225 1538 aliqua:

681 1571 894 1620 illorum
932 1570 1192 1635 reliquim,
1226 1578 1599 1628 asserventur,
1632 1567 2029 1634 episc0porum,
2065 1562 2226 1630 620

684 1662 776 1726 qtti
815 1661 876 1710 iis
934 1660 1064 1710 locis
1106 1669 1365 1724 pra-sunt,
1397 1656 1713 1708 auctoritate
1745 1658 1910 1706 everti
1960 1653 2104 1722 jubet
2135 1667 2225 1702 ca-

687 1764 810 1799 non.
843 1747 992 1810 Quod
1025 1746 1068 1798 si
1096 1746 1397 1803 multitudo,
1436 1745 1631 1809 inquit,
1657 1743 1911 1795 seditiose
1947 1750 2220 1808 repugnet,

1903 383 2000 440 TI]
2015 382 2177 442 E01).
2216 382 2297 438 BA
2312 380 2606 440 LSAMON

689 502 1005 560 pratscntem
1034 507 1320 552 canonem,
1359 494 1444 560 qui
1480 502 1559 546 est
1612 493 1762 544 valde
1797 491 1944 544 utilis
1975 491 2039 543 ad
2070 489 2231 542 rusti-
2264 496 2306 548 Α

1359 494 1444 560 qui
1480 502 1559 546 est
1612 493 1762 544 valde
1797 491 1944 544 utilis
1975 491 2039 543 ad
2070 489 2231 542 rusti-
2264 496 2306 548 Α
2341 491 2629 556 μαρτύρων
2665 491 2741 540 ’ἐν
2816 491 2993 552 αὐτοῖς

3771 387 3872 446 3οδ

3070 493 3351 546 ἐπιτελεῖν.
3426 494 3740 563 Σημιίωσαι
3799 500 3886 545 τῗιιδ

2337 580 2574 644 παρόντα
2649 578 2866 640 κανόνα,
2949 580 3116 632 πολλὰ
3184 582 3584 650 χρησιμεύοντα
3639 586 3720 644 εἰς
3788 591 3886 644 τας

2334 665 2654 732 ἀγροικικᾶς
2682 669 2993 736 ἐκκλησίας.
3035 671 3278 723 Γίνονται
3305 675 3410 738 γὰρ
3451 675 3618 724 πολλὰ
3663 675 3885 725 τοιαῦτα

2336 754 2483 821 παρά
2589 757 2896 824 χωριτικῶν
2994 760 3294 828 ἀνδραρίων
3361 763 3885 831 προσλαμϐανόντων

2335 849 2595 909 γυναῖκας
2639 847 3009 910 ἐνθουσιώσας
3033 854 3124 901 καὶ
3193 852 3334 902 κατά
3387 853 3706 919 δαιμονικὴν
3747 856 3885 920 ἐπή-

2335 949 2484 998 ρειαν
2517 936 2979 999 προφοιὸαζούσας
2998 940 3133 1004 τάχα
3156 940 3222 990 τὰ
3248 941 3532 1006 μέλλοντα,
3565 944 3656 992 καὶ
3685 941 3882 1007 ἀνδρας

2335 1025 2826 1089 προσποιουμένους
2858 1026 3138 1094 δαιμονᾲν,
3170 1030 3262 1080 καὶ
3291 1029 3570 1089 ποιοῦντας
3602 1046 3722 1080 τινα
3752 1030 3882 1098 μηδὲ

2336 1111 2590 1175 λέγεσθαι
2619 1114 2743 1176 άξοα
2781 1117 2857 1176 εἰς
2893 1119 2990 1178 τὰς
3019 1118 3273 1181 τοιαύτας
3299 1121 3609 1187 ἐκκλησίας.

2406 1201 2647 1251 ΖΩΝΛΡ.
2713 1201 2890 1265 Τινὲς,
2941 1204 3184 1255 εύσεὸεῖν
3243 1206 3546 1267 δικοῦντες,
3601 1209 3658 1258 ἐν
3692 1208 3881 1275 ἀγροῖς

2335 1289 2423 1336 καὶ
2457 1289 2513 1337 ἐν
2555 1289 2868 1354 ἀμπελῶσιν
2899 1290 3205 1358 ᾠκοδόμουν
3232 1294 3489 1360 εύκτήρια
3547 1297 3638 1347 ἐπὶ
3671 1296 3878 1364 μαρτύο

2335 1393 2443 1443 ρον
2475 1378 2756 1444 ὀνόμασιν,
2790 1381 2863 1442 ὼς
2919 1383 2987 1432 δι’
3023 1384 3286 1434 ἐνυπνίων
3328 1385 3496 1436 ταῦτα
3544 1387 3635 1437 καὶ
3665 1389 3878 1438 ἀποκα-

2332 1466 2542 1532 λύψεων
2574 1471 2966 1536 άνεγεὶροντες.
3001 1473 3337 1539 Προστάσσει
3375 1476 3574 1535 ,τοίνυν
3615 1478 3643 1526 δ
3701 1475 3879 1526 κανὼν

2330 1562 2395 1611 τὰ
2422 1561 2664 1620 τοιαῦτα.
2699 1565 2744 1614 εί
2777 1567 2911 1632 μήτε
2946 1565 3170 1632 σώματα
3197 1568 3487 1636 μαρτύρων
3503 1569 3676 1635 ἔχοιεν
3696 1569 3879 1626 αὐτοῖς

2331 1652 2743 1719 ἐναποκείμενα,
2781 1656 2912 1720 μήτε
2941 1656 3058 1704 τινα
3082 1655 3308 1721 λείψανα
3362 1658 3672 1725 μαρτύρων,
3725 1656 3875 1722 παρὰ

2331 1738 2438 1788 τῶν
2469 1741 2610 1792 κατὰ
2648 1742 3168 1802 τόπουςέπισκόπων
3200 1746 3691 1814 καταστρέφεσθαι.
3729 1745 3786 1796 El
3818 1745 3875 1795 δὲ

685 1852 856 1905 neque
888 1838 1004 1888 illas
1061 1836 1198 1886 dirui
1226 1838 1454 1902 patiatur
1485 1854 1497 1887 :
1532 1836 1744 1887 saltem.
1779 1847 1844 1884 ne
1904 1833 1969 1883 iis
1999 1831 2049 1883 in
2096 1830 2226 1882 locis
2259 1820 2297 1871 Β

2259 1820 2297 1871 Β
2327 1830 2372 1876 et
2406 1827 2589 1893 δῆμοι,
2627 1832 2809 1897 φησιν,
2853 1832 3192 1883 ἀνθίστανται
3230 1833 3602 1901 θορυϐοῦντες,
3656 1836 3748 1884 καὶ
3775 1834 3875 1885 οὐκ

688 1929 862 1994 populi
907 1937 1197 1980 conventus
1259 1925 1571 1993 agant,boc
1602 1939 1704 1986 εει,
1757 1938 1818 1974 ne
1876 1922 1982 1973 illic
2044 1918 2228 1972 turbas

687 2028 1032 2085 congregem,
1067 2031 1162 2069 nec
1201 2016 1374 2082 aliqua
1404 2029 1586 2066 eorum
1634 2011 2012 2080 superstitione
2040 2010 2226 2060 ortho-

687 2105 808 2156 dnxi
871 2107 1174 2172 alligentur.
1229 2118 1325 2156 nec
1359 2105 1408 2155 in
1465 2104 1528 2155 iis
1580 2111 1875 2168 martyrum
1912 2097 2225 2150 memoriam

687 2196 992 2254 celebrent;
1027 2194 1069 2244 si
1100 2193 1312 2259 quidem
1346 2207 1440 2245 nec
1467 2192 1716 2259 martyris
1743 2203 1942 2256 corpus
1975 2203 2070 2240 nec
2105 2187 2227 2238 reli-

688 2283 824 2346 ιμιίιῐς
887 2281 958 2331 ibi
988 2281 1255 2332 recondita
1308 2279 1434 2340 sint,
1484 2293 1658 2345 neque
1707 2277 1814 2344 jam
1874 2275 1941 2327 ab
1996 2273 2228 2333 antiquis

683 2371 1016 2437 temporibus
1067 2369 1234 2421 altare
1267 2369 1392 2422 illud
1434 2371 1502 2421 sit
1559 2366 1983 2427 exardilicatum;
2017 2363 2228 2431 publice

681 2463 930 2529 populum
984 2462 1378 2515 admonendum
1438 2475 1555 2514 esse
1588 2459 1848 2512 decernit.
1884 2457 2228 2520 Qu:ecunque

683 2555 852 2613 enim,
887 2554 1038 2619 quasi
1075 2569 1166 2620 per
1201 2553 1429 2612 somnia,
1459 2559 1510 2604 et
1557 2549 1909 2602 revelationes
1940 2560 1967 2596 a
1997 2545 2225 2597 nonnul-

681 2644 744 2693 lis
770 2653 1099 2700 constructa.
1153 2652 1369 2704 repente
1434 2642 1710 2700 exstitere,
1770 2638 1972 2700 omnia,
2030 2634 2225 2701 inquit,

683 2734 892 2795 jtl‘ltillls
923 2731 1217 2796 improbata
1245 2731 1596 2782 damnentur.

684 2819 905 2873 ARIST.
946 2840 961 2870 ι
994 2820 1175 2872 Altare
1208 2820 1258 2871 in
1289 2820 1432 2887 agris
1460 2830 1550 2871 aut
1598 2818 1813 2878 vini-tis,
1852 2817 2046 2885 quibus
2074 2813 2228 2866 nullae

762 2931 777 2960 I
818 2923 938 2964 sunt
983 2912 1216 2978 reliquias
1269 2913 1520 2978 martyris
1550 2911 1790 2976 reposita!
1815 2948 1830 2972 ,
1864 2916 2218 2964 exstructum,

766 3022 782 3050 ι
829 3003 929 3053 nisi
981 3002 1222 3068 publicus
1273 3003 1536 3054 excitetur
1573 3003 1848 3063 tumultus,
1905 3009 2224 3052 evertatur:

755 3114 769 3142 ι
810 3102 861 3144 et
889 3106 1219 3158 qumcunque
1275 3105 1368 3158 per
1401 3092 1662 3144 insomnia
1723 3105 1992 3157 vanasque
2022 3090 2225 3143 revela-

761 3203 776 3232 ι
815 3186 987 3236 tiones
1018 3181 1202 3234 altaria
1239 3183 1540 3249 eriguntur.
1579 3200 1592 3231 ι

752 3276 1093 3340 Quzccunque
1123 3273 1263 3324 ardes
1296 3273 1540 3324 oratorim
1571 3286 1665 3339 per
1691 3271 2063 3340 episcoporum
2093 3287 2220 3341 pre-

681 3380 772 3418 ces
813 3378 918 3415 non
953 3363 1376 3423 constituuntur,
1414 3377 1510 3414 nec
1561 3373 1863 3431 martyrum
1899 3363 2136 3430 reliquiae
2173 3363 2223 3415 in

685 3454 749 3504 iis
784 3463 1136 3517 reponuntur,
1167 3450 1402 3518 profante
1425 3461 1566 3504 sunt.
1629 3451 1924 3520 EaprOpter
1965 3454 2144 3520 itaque
2173 3463 2226 3506 et

685 3543 898 3602 altaria,
921 3555 1042 3606 qua:
1073 3541 1122 3591 in
1155 3541 1298 3607 agris
1328 3551 1420 3591 aut
1459 3542 1653 3593 vinetis
1691 3543 1820 3594 ﬁunt
1845 3545 1961 3595 sine
1989 3545 2222 3609 episcopi

688 3633 956 3698 precibus,
990 3639 1042 3682 et
1074 3630 1414 3696 reliquiarum
1465 3641 1765 3706 martyrum
1800 3633 2150 3698 depositione,
2180 3634 2222 3683 si

688 3723 802 3774 ticri
857 3730 1050 3787 potest,
1115 3721 1499 3773 subvertantur
1556 3739 1568 3774 :
1619 3723 1698 3773 sin
1749 3731 1924 3774 autem
1955 3723 2224 3791 p0pularis

683 3811 942 3864 tumultus
977 3812 1074 3864 boc
1112 3810 1222 3863 ﬁeri
1264 3812 1534 3876 prohibet,
1573 3811 1757 3861 saltent
1810 3811 2221 3874 admoneamur,

680 3901 952 3969 popularis
1001 3899 1174 3951 turb:e
1225 3900 1608 3952 concitatiOnes
1664 3901 1713 3950 in
1767 3899 1830 3951 iis
1886 3915 1988 3952 non
2022 3899 2218 3952 facere.

684 3993 1075 4044 Subvertantur
1142 4000 1314 4041 autem
1365 3997 1415 4042 et
1483 3989 1668 4040 altaria
1731 3977 1824 4054 per
1881 3990 2140 4040 insomnia
2171 4001 2222 4041 et

683 4097 848 4132 ranas
883 4081 1238 4132 revelationes
1295 4090 1495 4131 erecta.
1543 4079 1674 4129 (lum
1709 4078 1954 4131 diabolus
1983 4079 2122 4132 enim
2154 4080 2225 4130 sit

680 4171 928 4232 tenebrae,
968 4172 1145 4222 lumen
1175 4169 1390 4221 simulat
1424 4186 1436 4218 :
1472 4180 1522 4220 et
1551 4169 1764 4234 pietatis
1801 4171 2049 4220 nimirum
2085 4184 2222 4235 pra:-

679 4271 820 4313 textu
851 4261 1124 4312 hominum
1151 4259 1361 4311 animas
1391 4259 1613 4311 inescat.

1162 4434 1383 4488 CANON
1428 4434 1730 4488 LXXXVII.

684 4545 700 4575 ι
737 4528 806 4578 De
833 4525 1072 4591 reliquiis
1112 4525 1374 4576 idolorum
1425 4526 1679 4576 radicitus
1706 4523 2084 4591 exstirpandis.
2121 4523 2219 4576 Si-

759 4633 774 4662 ι
813 4613 1008 4668 utiliter
1035 4613 1230 4678 placuit
1254 4613 1356 4677 peti
1392 4626 1418 4661 a
1443 4611 1758 4663 clarissimis
1786 4612 2219 4677 imperatoribus,

749 4719 768 4751 ι
812 4713 866 4752 ιιι
899 4701 1132 4766 reliquis
1160 4700 1488 4760 idololatrire,
1521 4715 1620 4751 non
1670 4699 1838 4751 solum
1873 4714 1987 4766 qua:
2017 4710 2138 4750 sunt
2172 4703 2218 4752 in

751 4809 767 4839 ι
805 4778 1126 4851 simulacris,
1157 4789 1248 4841 sed
1272 4790 1320 4840 in
1357 4791 1631 4856 quibusvis
1656 4788 1805 4851 locis,
1839 4794 1916 4840 vel
1947 4789 2100 4851 lucis,
2141 4790 2219 4840 vel

743 4899 758 4929 ι
803 4880 1100 4944 arboribus,
1133 4878 1440 4932 omnimodo
1471 4879 1772 4931 deleantur.
1815 4898 1832 4928 ι

746 5057 933 5110 BALS.
968 5057 1155 5109 Patres
1188 5056 1541 5123 imperatores
1574 5067 1780 5122 rogant,
1815 5069 1869 5108 ut
1900 5075 2014 5126 quze
2047 5060 2219 5112 adlmc

683 5150 883 5202 relicta:
929 5149 1035 5200 sint
1097 5146 1358 5199 idolorum
1409 5148 1684 5214 imagines,
1717 5157 1770 5201 et
1810 5149 2111 5217 ubicunque
2144 5166 2220 5202 eae

674 5251 802 5298 sint,
826 5238 1166 5290 adoleanlur.

747 5327 995 5382 ZONAR.
1032 5328 1284 5390 Quamvis
1316 5327 1600 5396 Evangelio
1657 5329 1809 5395 longe
1851 5329 2061 5399 lateque
2098 5346 2217 5398 pro-

673 5432 877 5487 pugalo.
899 5421 1070 5472 adhuc
1098 5429 1272 5470 tamen
1301 5418 1537 5483 quaedam
1570 5433 1634 5472 ex
1665 5420 1958 5473 idololatria
1983 5421 2219 5488 reliquis:

669 5511 1075 5577 superfuerant,
1101 5521 1151 5563 et
1206 5512 1374 5565 adbuc
1406 5512 1688 5564 simulacra
1729 5525 1887 5580 atque
1916 5529 2021 5567 aras
2053 5517 2217 5582 pluri-

671 5604 768 5652 bus
797 5601 847 5648 in
875 5599 1002 5651 locis
1035 5617 1094 5650 ac
1133 5601 1445 5654 nemoribus
1480 5605 1861 5657 servabantur.
1905 5606 1974 5656 De
2007 5607 2071 5658 iis
2114 5609 2215 5670 igi-

672 5698 755 5741 tur
783 5685 1023 5740 funditus
1082 5691 1378 5751 abolendis,
1415 5693 1484 5744 ita
1518 5703 1574 5744 ut
1607 5694 1737 5745 nihil
1789 5697 2014 5761 amplius
2050 5712 2112 5749 ex
2149 5697 2214 5750 iis

2328 1915 2453 1966 ἐῶσι
2493 1918 2879 1984 καθαιρεῖσθαι
2933 1921 3092 1984 αὐτὰ,
3154 1923 3516 1976 νουθετεῖσθαι
3571 1925 3639 1975 τά
3699 1923 3876 1992 πλήθη

2327 2006 2535 2056 κελεύει
2572 2008 2644 2075 μὴ
2671 2009 3003 2074 ὀχλαγωγεῖν
3036 2013 3159 2072 τοὺς
3200 2013 3394 2072 τόπους
3439 2013 3697 2077 ἐκείνους,
3721 2027 3877 2064 τουτ-

2329 2094 2441 2144 έστι
2473 2097 2546 2162 μὴ
2582 2098 2908 2161 συνάγεσθαι
2956 2103 3079 2162 τους
3130 2102 3316 2168 δχλους
3370 2105 3504 2167 ἐκεῖ,
3573 2102 3707 2169 μηδὲ
3752 2102 3878 2162 τοὺς

2325 2183 2631 2252 ὀρθοδύξους
2686 2190 3142 2257 καταδεσμεῑσῡαι
3180 2195 3246 2261 τῇ
3284 2193 3486 2244 τούτων
3545 2192 3876 2257 δεισιδαιμο-

2327 2277 2432 2344 νίᾳ,
2465 2279 2600 2343 μηδὲ
2636 2281 2853 2346 μνήμας
2886 2283 3179 2353 μαρτύρων
3211 2285 3269 2335 ἐν
3304 2284 3484 2346 αὐτοῖς
3516 2283 3804 2341 ἐπιτελεῖν,
3828 2282 3877 2332 ει

2329 2369 2400 2432 μὴ
2437 2369 2591 2432 σῶμα
2639 2369 2908 2436 μάρτυρος
2940 2372 3072 2438 μηδὲ
3114 2372 3334 2439 λείψανα
3353 2376 3470 2424 ἐκεῖ
3487 2376 3716 2435 κεῖνται,
3745 2372 3778 2440 ἦ
3817 2370 3877 2432 ἐξ

2327 2453 2570 2517 ἀρχαίων
2609 2455 2814 2518 χρόνων
2839 2453 2903 2521 ἧν
2939 2457 3356 2527 ᾠκοδομημένον
3401 2461 3461 2512 τὸ
3488 2461 3876 2528 θυσιαστήριον

2327 2541 2516 2595 ἐκεῖνο.
2554 2547 2615 2594 Ἀ
2644 2547 2769 2611 γὰρ,
2799 2549 2952 2614 φησι,
2982 2551 3339 2617 συνέστησαν,
3371 2554 3444 2612 ὡς
3500 2553 3558 2616 ἐξ
3612 2552 3877 2604 ἐνυπνίων

2328 2635 2420 2686 καὶ
2494 2636 2884 2703 ἀποκαλύψεων
2929 2641 3399 2710 οἰκοδομησάντων
3477 2642 3618 2694 αὑτά
3688 2659 3873 2707 τινων,

2338 2739 2374 2771 π
2390 2723 2515 2774 άντα
2553 2724 2845 2792 ἀποδοκιμα
2858 2728 3152 2788 ζέσθωσαν.

2396 2813 2617 2864 ΑΡΙΣΤ.
2668 2832 2684 2863 ι
2728 2817 3120 2884 Θυσιαστήριον
3156 2820 3211 2869 ἐν
3269 2819 3457 2888 ἀγροῖς
3507 2821 3540 2888 ἢ
3588 2821 3873 2888 ἀμπελῶσι

2332 2919 2348 2949 ι
2391 2903 2693 2970 γινόμενον,
2735 2905 2791 2956 ἐν
2835 2900 2915 2967 οἷς
2951 2907 3010 2957 ού
3054 2907 3298 2976 λείψανον
3339 2911 3626 2961 ἀπόκειται
3668 2911 3874 2978 μάρτυ-

2333 3009 2349 3040 ι
2400 3008 2512 3058 ρος,
2547 2995 2594 3043 εί
2631 2994 2703 3061 μὴ
2723 2995 2977 3062 δημόσιος
3007 2999 3216 3062 γίνεται
3278 3001 3529 3068 θόρυϐος,
3571 3018 3873 3070 καταστρε-

2336 3099 2352 3130 ι
2394 3083 2574 3148 φέσηω
2601 3099 2613 3112 ·
2637 3086 2728 3134 καὶ
2755 3087 2849 3135 ὅσα
2867 3087 2930 3136 δι’
2955 3089 3217 3140 ἐνυπνίων
3245 3093 3336 3141 καὶ
3355 3091 3747 3162 ἀποκαλύψεων
3773 3113 3874 3162 μα⁹

2336 3187 2352 3218 ι
2386 3170 2550 3221 ταίων
2573 3173 2880 3223 συνίσταται
2915 3174 3289 3244 Θυσιαστήρια.
3332 3196 3349 3228 ι

2401 3261 2551 3313 Ὅσοι
2577 3264 2682 3312 τῶν
2723 3265 3027 3332 εύκτηρίων
3057 3266 3219 3317 οἴκων
3257 3270 3316 3319 ού
3365 3268 3428 3319 δι’
3458 3269 3624 3337 εύχῆς
3652 3271 3872 3323 ἐπισκό-

2329 3368 2444 3402 πων
2467 3355 2822 3420 συνέστησαν,
2865 3356 2956 3405 καὶ
3007 3355 3235 3423 λείψανα
3309 3360 3604 3426 μαρτύρων
3665 3363 3872 3425 τούτοις

2326 3443 2746 3509 ἐναπετέθησαν,
2781 3445 2986 3511 ἀνίεροί
3019 3448 3144 3498 εἰσι.
3176 3449 3274 3499 Διὰ
3325 3450 3480 3502 τοῦτο
3507 3451 3635 3517 γοῦν
3685 3455 3780 3506 καὶ
3804 3458 3870 3506 τά

2326 3536 2382 3584 ἐν
2431 3538 2622 3602 ἀγροῖς
2653 3537 2684 3601 ἢ
2727 3536 3008 3602 ἀμπελῶσι
3031 3538 3289 3605 γινόμενα
3323 3539 3681 3613 Θυσιαστήρια
3706 3550 3869 3614 χωρὶς

2327 3627 2486 3692 εὐχῆς
2522 3627 2817 3676 ἐπισκόπου
2852 3626 2946 3676 καὶ
2987 3627 3101 3679 τοῦ.
3133 3630 3521 3697 ἐναποτεθῆναι
3582 3635 3869 3705 μαρτύρων

2327 3716 2572 3782 λείψανα,
2639 3717 2684 3766 εί
2743 3717 2986 3780 δυνατὸν,
3036 3721 3596 3787 καταστρεφέσθωσαν
3633 3741 3647 3754 ο
3707 3728 3754 3777 εί
3814 3727 3869 3777 δὲ

2325 3805 2610 3870 δημοτικδς
2644 3804 2866 3870 θόρυϐος
2895 3804 3048 3855 τοῦτο
3075 3807 3272 3858 κωλύει
3302 3811 3577 3875 γενέσθαι,
3621 3813 3722 3864 κᾶν
3749 3830 3867 3866 νου-

2326 3894 2508 3944 θεσίαν
2534 3893 2874 3960 δεχέσθωσαν
2909 3896 2982 3962 μὴ
3033 3900 3206 3948 ποιεῖν
3238 3899 3294 3949 ἰν
3325 3900 3505 3960 αὐτοῖς
3537 3902 3865 3970 ὀχλαγώγια.

2337 3982 2911 4050 Καταστρεφέσθωσαν
2964 3985 3018 4035 δὲ
3081 3986 3271 4038 καὶτὰ
3324 3987 3389 4037 δι’
3456 3992 3720 4043 ἐνυπνὲων
3779 3997 3869 4044 καὶ

2324 4072 2710 4138 ἀποκαλύψεων
2788 4075 3029 4140 ματαίων
3125 4077 3485 4143 συνιστάμενα
3576 4080 3868 4150 θυσιαστήο

2327 4179 2431 4227 ρια.
2463 4163 2656 4222 Σκότος
2695 4167 2801 4230 γὰρ
2831 4165 2904 4213 ὢν
2940 4167 2966 4215 ό
2988 4164 3252 4229 διάϐολος,
3311 4167 3425 4233 φῶς
3475 4169 3820 4239 ὑποκρίνεται
3852 4189 3866 4202 ’

2326 4252 2417 4300 καὶ
2442 4254 2705 4318 προφάσει
2727 4253 2886 4321 δῆθεν
2911 4255 3192 4317 εὐλαϐείας
3219 4257 3311 4318 τὰς
3333 4257 3438 4308 τῶν
3456 4259 3756 4327 ἀνθρώπων
3783 4264 3866 4313 δε-

2329 4342 2505 4403 λεάζει
2533 4343 2730 4411 ψυχάς.

2884 4437 3118 4490 ΚΑΝΩΝ
3153 4439 3273 4491 ΠΖ’.

2402 4546 2418 4576 ι
2466 4529 2597 4597 Περὶ
2623 4529 2714 4580 τοῦ
2734 4531 2799 4581 τά
2822 4530 3049 4598 λείψανα
3103 4532 3210 4584 τῶν
3237 4532 3466 4583 εἰδώλων
3487 4531 3868 4601 ἐκριζωθῆναι.

2328 4636 2345 4666 ι
2396 4619 2625 4686 Ὁμοίως
2653 4623 2846 4688 ἤρεσεν
2897 4622 3184 4689 αίτηθῆναι
3213 4624 3318 4673 ἀπὸ
3362 4623 3470 4673 τῶν
3518 4623 3868 4685 ἐνδοξοτάτων

2331 4728 2346 4758 ι
2391 4709 2674 4777 βασιλέων,
2707 4713 2790 4763 ἵνα
2826 4712 2893 4763 τά
2929 4713 3153 4778 λείψανα
3178 4714 3273 4777 τῆς
3335 4713 3775 4781 είδωλολατρείας
3798 4717 3870 4782 μὴ

2330 4819 2346 4848 ι
2392 4802 2550 4867 μόνον
2574 4804 2716 4855 τὰέν
2764 4804 2992 4865 ξοάνοις,
3027 4804 3160 4854 ἀλλὰ
3192 4805 3285 4854 καὶ
3330 4806 3386 4854 ἐν
3424 4805 3755 4873 οἱοισδήποτε
3783 4807 3868 4857 τό·

2330 4909 2346 4939 ι
2386 4906 2505 4951 ποις
2537 4893 2567 4958 ἦ
2595 4894 2814 4945 ἄλσεσιν
2868 4895 2899 4962 ἢ
2941 4895 3177 4962 δένδροις
3212 4895 3372 4945 παντὶ
3413 4896 3598 4964 τρόπῳ
3661 4896 3869 4960 ἐξαλει-

2330 4999 2345 5028 ι
2396 4982 2618 5048 φοῶσιν.
2658 5002 2674 5032 ι

2393 5071 2580 5124 ΒΑΛΣ.
2610 5073 3015 5140 [Ἰαρακαλοῦσιν
3036 5077 3080 5126 οἱ
3112 5075 3352 5142 Πατέρες
3376 5074 3498 5136 τοὺς
3522 5074 3776 5141 βασιλεῖς,
3806 5076 3869 5124 τὰ

2321 5161 2400 5210 ἔτι
2433 5163 2840 5229 περιλειφθέντα
2874 5163 3161 5230 ἀγάλματα
3179 5163 3285 5214 τῶν
3315 5161 3566 5225 εἰδώλων,
3591 5165 3682 5214 καὶ
3712 5163 3870 5213 ὁπου-

2321 5251 2513 5319 δήποτε
2538 5253 2660 5304 ὅντα
2680 5251 3069 5321 ὲξιλειφθῆναι.

2394 5343 2636 5397 ΖΩΝΛΡ.
2665 5345 2770 5394 Καὶ
2800 5343 2891 5394 τοῦ
2926 5343 3288 5410 εύαγγελικοῦ
3343 5345 3695 5413 κηρύγματος
3734 5347 3866 5395 πλαο

2319 5433 2622 5495 τυνθέντος,
2655 5435 2732 5484 ἐτι
2793 5433 3017 5500 λείψανα
3074 5435 3171 5501 τῆς
3228 5435 3676 5502 είδω).ολατρείας
3725 5436 3864 5490 τινὰ,

2321 5523 2488 5589 ἤγουν
2518 5521 3031 5589 ἐγκαταλείμματα,
3050 5524 3536 5591 περιελιμπάνοντο
3557 5539 3570 5552 ·
3609 5520 3868 5584 ἐσώζοντο

2321 5613 2412 5662 κτιὶ
2455 5612 2742 5677 ἀγάλματα
2767 5614 2858 5660 καὶ
2893 5611 3062 5678 βωμοὶ
3096 5616 3150 5664 ἐν
3201 5612 3477 5679 διαφόροις
3538 5613 3722 5672 τόποις
3777 5611 3867 5661 καὶ

2325 5705 2527 5754 iisut.
2577 5703 2707 5767 Περὶ
2738 5700 2926 5754 τούτου
2956 5703 3093 5764 εδοξε
3123 5705 3236 5763 τοῖς
3295 5703 3576 5770 Πατράσιν
3623 5705 3864 5770 Ortonam,-
