4148 6462
695 395 794 455 303
1908 394 2005 451 T11
2019 392 2181 452 E01).
2219 392 2610 452 BALSAMON

654 555 660 559 ,
693 511 1008 570 prarsentem
1038 517 1323 562 cauoucm,
1362 504 1448 570 qui
1484 511 1562 556 est
1615 503 1766 555 valde
1801 501 1948 554 utilis
1979 501 2043 553 ad
2074 500 2235 552 rusti-
2268 506 2292 558 ,Δ

1362 504 1448 570 qui
1484 511 1562 556 cst
1615 503 1766 555 valde
1801 501 1948 554 utilis
1979 501 2043 553 ad
2074 500 2235 552 rusti-
2268 506 2310 558 Α
2344 501 2633 568 μαρτύρων
2668 502 2745 551 ’ἐν
2820 503 2997 564 αὐτοῖς

662 608 849 646 .eanas
880 593 1156 644 ecclesias.
1197 591 1357 644 Multa
1385 594 1527 645 enim
1561 593 1822 659 ejusmodi
1847 591 1980 644 ﬁunt
2009 605 2036 640 a
2069 589 2222 641 vica-

686 680 774 732 ηδε
805 680 1169 739 homunculis,
1210 681 1462 733 mulieres
1515 681 1777 733 diabolico
1806 680 2071 732 instructu
2101 678 2230 731 bac-

686 771 909 822 chantes
954 779 1006 820 et
1071 769 1245 821 futura
1308 770 1442 822 forte
1479 771 1796 831 divinantes,
1857 771 2227 837 hominesque,

686 865 775 929 qui
813 876 868 930 se
905 859 1234 912 dannoniaco
1263 860 1451 927 spiritu
1491 861 1692 914 aillatos
1724 861 1999 921 simulant,
2029 867 2080 912 et
2113 874 2232 924 quae

684 967 754 1004 ne
814 953 992 1004 dicere
1051 952 1263 1017 quidem
1314 952 1489 1014 decet,
1558 953 1608 1004 in
1671 950 1927 1019 ejusmodi
1989 950 2230 1003 ecclesiis

683 1044 888 1097 faciunt
911 1041 1327 1094 assutncntibus.

750 1221 998 1274 ZONAR.
1034 1221 1308 1282 Nonnulli,
1348 1235 1403 1273 se
1441 1221 1490 1272 id
1520 1221 1600 1287 pie
1635 1219 1812 1273 facere
1834 1218 2227 1272 existimantes.

685 1313 740 1364 in
780 1314 921 1374 agris
955 1321 1008 1362 et
1060 1312 1252 1363 vinetis
1299 1318 1594 1377 martyrum
1648 1309 1921 1367 :edicnlas,
1951 1308 2103 1372 quasi
2138 1320 2230 1373 per

683 1401 891 1453 somnia
947 1401 1169 1466 visaque
1217 1399 1500 1459 admoniti,
1555 1398 1881 1449 excitabant.
1912 1395 2013 1446 Eas
2049 1395 2228 1462 igitur,

681 1492 724 1540 si
759 1505 858 1542 nec
913 1499 1205 1556 martyrum
1241 1503 1464 1555 corpora
1503 1488 1570 1539 ibi
1606 1488 1858 1553 reposita,
1914 1499 2013 1537 nec
2040 1483 2227 1549 aliqua:

683 1581 897 1631 illorum
934 1579 1195 1644 reliquire,
1229 1587 1602 1638 asscrventur,
1634 1577 2032 1644 episcoporum,
2068 1573 2228 1641 620

686 1671 778 1736 qui
816 1671 878 1720 iis
937 1669 1066 1720 locis
1109 1679 1368 1734 pra-sunt,
1399 1666 1716 1718 auctoritate
1747 1669 1912 1717 everti
1962 1663 2106 1732 jubet
2137 1678 2227 1714 ca-

687 1772 812 1809 nou.
845 1756 994 1820 Quod
1027 1755 1070 1808 si
1098 1755 1399 1813 multitudo,
1437 1755 1633 1820 inquit,
1659 1753 1913 1806 seditiose
1949 1761 2221 1818 repugnet,

3775 400 3875 458 3οᾹ

3073 504 3354 558 ἐπιτελεῖν.
3430 506 3744 575 Σημείωσαι
3803 512 3889 557 si»

2952 591 3120 644 πολλὰ
3188 594 3588 661 χρησιμεύοντα
3643 599 3723 656 εἰς
3793 601 3888 656 τὰς

2338 676 2657 743 ἀγροικικᾶς
2685 679 2996 747 ἐκκλησίας.
3038 682 3282 734 Γίνονται
3309 687 3413 751 γὰρ
3454 686 3622 737 πολλά
3666 687 3888 738 τοιαῦτα

2339 765 2487 832 παρά
2593 768 2899 836 χωριτικῶν
2997 771 3298 840 ἀνδραρίων
3365 775 3887 843 προσλαμϐανόντων

2338 861 2598 920 γυναῖκας
2642 858 3012 921 ἐνθουσιώσας
3037 865 3127 912 καὶ
3196 863 3337 914 κατὰ
3391 865 3710 932 δαιμονικὴν
3750 868 3886 932 ἐπή-

2338 960 2487 1008 ρειαν
2519 947 2982 1010 προφοιόαζούσας
3001 951 3137 1016 τάχα
3159 951 3225 1001 τὰ
3251 952 3536 1018 μέλλοντα,
3569 957 3659 1004 καὶ
3687 953 3884 1019 ἄνδρας

2339 1036 2829 1100 προσποιουμένους
2861 1037 3141 1106 δαιμονᾷν,
3173 1041 3265 1092 καὶ
3293 1041 3574 1101 ποιοῦντας
3605 1058 3725 1093 τινα
3755 1041 3884 1110 μηδὲ

2338 1121 2594 1187 λέγεσθαι
2623 1125 2746 1187 ἀξια
2783 1129 2861 1188 εἰς
2896 1130 2992 1188 τὰς
3022 1130 3276 1192 τοιαύτας
3302 1133 3612 1198 ἐκκλησίας.

2408 1211 2650 1263 ΖΩΝΛΡ.
2716 1213 2892 1277 Τινὲς,
2944 1216 3187 1267 εὐσεϐεῖν
3245 1217 3549 1280 δικοῦντες,
3604 1220 3659 1270 ἐν
3695 1221 3882 1287 ἀγροῖς

2337 1299 2426 1348 καὶ
2460 1300 2516 1348 ἐν
2557 1300 2871 1365 ἀμπελιῦσιν
2902 1301 3208 1370 ᾠκοδόμουν
3234 1306 3492 1372 εὐκτήρια
3549 1309 3640 1360 ἐπὶ
3673 1308 3879 1376 μαρτύ-

2337 1404 2446 1454 ριιν
2478 1389 2759 1456 ὀνόμασιν,
2793 1393 2866 1454 ὠς
2922 1394 2989 1444 δι’
3025 1395 3289 1446 ἐνυπνίων
3330 1397 3499 1448 ταῦτα
3546 1399 3637 1449 καὶ
3667 1401 3878 1450 ἀποκα-

2334 1477 2545 1544 λύψεων
2577 1482 2969 1548 ἀνεγείροντες.
3005 1485 3340 1551 ῐῐροστὰσσει
3377 1487 3577 1548 ,τοίνυν
3617 1490 3644 1538 ό
3703 1487 3881 1538 κανὼν

2339 591 2578 654 παρόντα
2652 588 2870 650 κανόνα,

2331 1573 2398 1622 τὰ
2424 1573 2667 1631 τοιαῦτα.
2701 1576 2746 1625 εί
2780 1578 2914 1643 μήτε
2947 1577 3172 1644 σώματα
3199 1580 3490 1648 μαρτύρων
3506 1580 3678 1648 ἔχοιεν
3697 1581 3880 1639 αὐτοῖς

2333 1663 2746 1731 ἐναποκείμενα,
2783 1667 2914 1732 μήτε
2943 1667 3061 1716 τινὰ
3084 1667 3310 1733 λείψανα
3364 1669 3673 1738 μαρτύρων,
3725 1667 3875 1734 παρά

2332 1749 2440 1799 τῶν
2471 1752 2612 1804 κατά
2650 1753 3170 1814 τόπουςέπισκόπων
3202 1758 3692 1826 καταστρέφεσθαι.
3730 1757 3788 1808 El
3819 1757 3875 1808 δέ

687 1862 858 1914 neque
889 1847 1006 1898 illas
1063 1846 1200 1896 dirui
1229 1847 1457 1912 patiatur
1487 1864 1499 1899 ι
1534 1846 1746 1898 saltem.
1781 1858 1846 1895 ne
1906 1843 1971 1894 iis
2001 1842 2052 1894 iu
2098 1841 2228 1893 locis
2261 1831 2300 1882 Β

2261 1831 2300 1882 Β
2329 1840 2374 1888 οι
2408 1839 2591 1904 δῆμοι,
2630 1843 2812 1909 φησιν,
2855 1843 3195 1895 ἀνθίστανται
3232 1845 3604 1913 θορυϐοῦντες,
3657 1848 3750 1896 καὶ
3777 1846 3875 1897 οὐκ

690 1939 864 2003 populi
908 1947 1199 1990 conventus
1261 1935 1573 2003 agant,hoe
1604 1948 1706 1996 εει,
1759 1949 1821 1985 ne
1878 1933 1984 1984 illic
2047 1929 2230 1982 turbas

689 2036 1033 2095 C(mgregent,
1068 2040 1164 2078 nec
1202 2025 1376 2092 aliqua
1406 2039 1588 2076 eorum
1636 2022 2014 2090 superstitione
2042 2021 2228 2071 ortho-

689 2114 810 2166 doxi
872 2116 1175 2182 alligentur.
1231 2127 1327 2165 nec
1361 2115 1410 2165 in
1467 2113 1530 2164 iis
1582 2121 1877 2178 martyrum
1914 2107 2227 2160 memoriam

689 2204 993 2264 celebrent;
1028 2204 1070 2254 si
1101 2203 1313 2269 quidem
1347 2216 1443 2255 nec
1469 2201 1718 2268 martyris
1745 2214 1944 2266 corpus
1977 2213 2072 2250 nec
2107 2197 2228 2249 reli-

689 2292 826 2355 qui-.e
888 2290 960 2340 ibi
989 2290 1257 2342 recondita
1309 2289 1436 2351 sint,
1486 2303 1659 2355 neque
1709 2287 1816 2354 jam
1877 2286 1943 2337 ab
1997 2284 2230 2344 antiquis

685 2380 1017 2446 temporibus
1068 2378 1235 2431 altare
1269 2379 1394 2432 illud
1436 2381 1505 2432 sit
1561 2376 1985 2438 exmdil‘tcatmn;
2019 2373 2229 2442 publice

683 2472 930 2538 populum
985 2471 1380 2524 admonendum
1439 2485 1558 2524 esse
1591 2469 1850 2523 decernit.
1886 2467 2231 2531 Quzecunque

683 2563 852 2624 enim,
888 2563 1039 2628 quasi
1077 2579 1167 2629 per
1202 2562 1430 2622 somnia,
1460 2568 1512 2614 et
1559 2559 1910 2613 revelationes
1941 2571 1969 2607 a
1999 2555 2227 2607 nonnul-

683 2652 745 2703 lis
771 2662 1099 2710 (‘(|ItSllUCl:|,
1153 2662 1371 2714 repente
1435 2651 1712 2710 exstitere,
1771 2649 1974 2710 omnia,
2032 2644 2226 2712 inquit,

684 2744 892 2805 penitus
923 2740 1219 2805 improbata
1247 2741 1598 2792 damnentur.

685 2829 906 2882 ARIST.
946 2849 961 2880 ι
994 2830 1176 2882 Altare
1209 2830 1259 2880 in
1291 2829 1434 2897 agris
1461 2839 1550 2881 aut
1599 2827 1815 2888 vini-tis,
1853 2826 2047 2894 quibus
2075 2823 2229 2876 nullan

762 2941 777 2970 ι
818 2933 939 2973 sunt
983 2921 1218 2988 reliquia:
1270 2922 1520 2988 martyris
1551 2920 1791 2986 reposita:
1817 2958 1831 2982 ,
1865 2925 2219 2974 exstructum,

766 3031 782 3060 ε
829 3013 930 3064 nisi
981 3012 1222 3078 publicus
1274 3013 1536 3063 excitetur
1574 3012 1850 3073 tumultus,
1907 3019 2225 3062 evertatur:

754 3124 769 3152 ι
810 3112 861 3154 et
889 3116 1220 3168 quaecunque
1276 3115 1368 3168 per
1401 3102 1663 3154 insomnia
1723 3114 1994 3167 vanasque
2023 3100 2226 3153 revela-

760 3213 776 3242 ι
814 3196 986 3246 tiones
1018 3191 1202 3244 altaria
1239 3192 1540 3258 eriguntur.
1579 3210 1592 3242 ι

751 3286 1093 3350 Quzccnnque
1123 3283 1263 3334 uades
1296 3283 1540 3334 oratoria:
1571 3296 1665 3348 per
1691 3282 2064 3350 episcoporum
2094 3297 2221 3351 pre-

680 3389 772 3428 ces
812 3388 918 3424 non
953 3373 1376 3432 constituuntur,
1414 3386 1509 3425 nec
1561 3382 1864 3440 martyrum
1899 3372 2138 3440 reliquiae
2174 3373 2224 3425 in

683 3463 748 3513 iis
783 3473 1136 3526 reponuntur,
1167 3459 1402 3528 profanae
1425 3470 1566 3514 sunt.
1629 3460 1925 3529 Eapropter
1965 3463 2145 3530 itaque
2173 3473 2227 3516 et

684 3552 898 3613 altaria,
921 3565 1040 3616 qua:
1073 3551 1122 3601 in
1154 3551 1298 3616 agris
1328 3561 1420 3600 aut
1459 3552 1654 3603 vinetis
1692 3552 1821 3604 iiunt
1845 3555 1962 3604 sine
1990 3554 2223 3619 episcopi

688 3643 956 3709 precibus,
989 3650 1041 3692 et
1073 3639 1414 3705 reliquiarum
1464 3650 1766 3717 martyrum
1801 3641 2150 3707 depositione,
2180 3643 2222 3693 si

686 3733 800 3784 tieri
857 3740 1050 3798 potest,
1114 3730 1500 3782 subvertantur
1557 3747 1569 3783 :
1619 3732 1699 3782 sin
1750 3740 1925 3783 autem
1955 3733 2224 3800 pepularis

682 3822 940 3874 tumultus
976 3822 1073 3874 boc
1111 3819 1222 3872 ﬂeri
1264 3820 1535 3885 prohibet,
1574 3819 1758 3870 saltent
1811 3820 2221 3884 admoneamur,

679 3911 952 3979 popularis
1001 3908 1173 3961 turbae
1225 3908 1609 3960 eoticitatiOnes
1665 3909 1714 3958 in
1767 3908 1831 3960 iis
1887 3923 1988 3961 non
2022 3908 2218 3962 facere.

683 4003 1074 4054 Subvertantur
1142 4009 1314 4050 autem
1365 4006 1416 4050 et
1483 3998 1668 4049 altaria
1731 3985 1824 4064 per
1881 3999 2140 4050 insomnia
2171 4011 2222 4051 et

681 4106 846 4142 vanas
882 4090 1238 4141 revelationes
1295 4098 1495 4140 erecta.
1543 4087 1675 4139 Cum
1709 4087 1954 4141 diabolus
1983 4089 2122 4141 enim
2153 4089 2224 4139 sit

679 4180 928 4240 tenebrae,
967 4180 1144 4230 lumen
1175 4177 1391 4229 simulat
1425 4195 1435 4227 :
1472 4189 1522 4229 et
1550 4179 1764 4244 pietatis
1801 4180 2049 4230 nimirum
2085 4194 2222 4244 pra:-

677 4280 820 4322 textu
850 4270 1123 4322 hominum
1151 4267 1361 4320 animas
1391 4267 1613 4320 inescat.

1161 4443 1382 4497 CANON
1427 4443 1729 4497 LXXXVII.

683 4553 700 4583 ι
735 4537 804 4586 De
832 4533 1071 4599 reliquiis
1111 4533 1373 4585 idolorum
1424 4535 1678 4586 radicitus
1704 4533 2082 4600 exstirpandis.
2120 4532 2218 4585 Si-

757 4642 773 4671 ι
812 4621 1008 4676 utiliter
1033 4621 1229 4687 placuit
1252 4621 1356 4686 peti
1391 4635 1417 4670 a
1441 4621 1756 4672 clarissimis
1785 4622 2218 4686 imperatoribus,

748 4729 766 4760 ι
811 4721 866 4760 ιιι
897 4708 1130 4775 reliquiae
1159 4708 1486 4768 idololatriae,
1519 4723 1619 4760 non
1668 4709 1836 4760 solum
1872 4723 1987 4774 qum
2016 4719 2136 4760 sunt
2171 4713 2218 4761 in

748 4818 765 4848 ι
803 4787 1124 4860 simulacris,
1156 4798 1246 4851 sed
1270 4799 1319 4850 in
1355 4800 1629 4865 quibusvis
1654 4797 1804 4861 locis,
1838 4803 1916 4849 vel
1947 4798 2099 4860 lucis,
2139 4799 2219 4849 vel

741 4909 756 4938 ι
800 4889 1098 4954 arboribus,
1131 4887 1438 4941 omnimodo
1469 4888 1771 4941 deleantur.
1813 4907 1831 4937 ι

743 5066 930 5118 BALS.
966 5067 1152 5118 Patres
1185 5066 1538 5133 imperatores
1571 5076 1777 5132 rogant,
1813 5077 1868 5118 ut
1899 5083 2013 5135 qua:
2045 5069 2218 5121 adhuc

679 5159 880 5211 relicta:
925 5158 1032 5209 sint
1094 5156 1354 5209 idolorum
1406 5158 1682 5224 imagines,
1715 5167 1768 5210 et
1809 5158 2110 5226 ubicunque
2143 5174 2218 5211 ere

671 5260 799 5308 sint,
823 5247 1162 5299 adoleantur.

743 5336 991 5391 ZONAR.
1028 5339 1281 5400 Quamvis
1312 5336 1596 5406 Evangelio
1653 5338 1807 5404 longe
1849 5339 2059 5408 lateque
2096 5355 2216 5407 pro-

668 5441 873 5496 pagato.
895 5430 1066 5482 adhuc
1095 5440 1267 5480 tamen
1298 5429 1534 5493 qumdam
1568 5443 1631 5480 ex
1662 5430 1956 5482 idololatria
1981 5430 2217 5497 reliquie:

664 5520 1035 5586 superfuerant
1057 5560 1070 5583 ,
1097 5532 1147 5573 et
1202 5523 1371 5575 adhuc
1402 5522 1685 5573 simulacra
1727 5534 1884 5589 atque
1914 5538 2019 5576 arae
2050 5525 2215 5592 pluri-

666 5613 764 5662 bus
793 5612 843 5658 in
871 5609 998 5661 locis
1031 5627 1091 5660 ac
1129 5611 1442 5664 nemoribus
1477 5614 1858 5666 servabantur.
1902 5615 1972 5665 De
2004 5617 2068 5667 iis
2112 5617 2213 5679 igi-

667 5707 751 5751 tur
778 5695 1019 5751 t'unditus
1079 5700 1376 5761 abolendis,
1411 5702 1482 5754 ita
1515 5713 1571 5754 ut
1604 5703 1736 5756 nillil
1786 5705 2011 5770 amplius
2047 5721 2109 5758 ex
2146 5706 2212 5759 iis

2330 1927 2456 1977 ἐῶσι
2494 1929 2881 1996 καθαιρεῖσθαι
2936 1933 3094 1995 αύτά,
3155 1935 3518 1988 νουθετεῖσθαι
3573 1936 3640 1987 τά
3701 1935 3875 2004 πλήθη

2329 2016 2537 2067 κελεύει
2574 2019 2646 2086 μὴ
2673 2020 3004 2086 ὀχλαγωγεῖν
3038 2025 3161 2084 τοὺς
3202 2025 3396 2084 τόπους
3441 2025 3698 2090 ἐκείνους,
3722 2039 3875 2076 τουτ-

2331 2105 2443 2156 έστι
2475 2108 2547 2174 μὴ
2584 2109 2911 2173 συνάγεσθαι
2957 2114 3081 2173 τοὺς
3131 2114 3318 2180 ὄχλους
3372 2117 3506 2179 ἐκεῖ,
3575 2114 3708 2181 μηδὲ
3754 2114 3876 2174 τοὺς

2327 2195 2633 2263 ὀρθοδιὶξους
2689 2201 3144 2268 καταδεσμεῖσθαι
3181 2207 3248 2273 τῇ
3285 2204 3488 2256 τούτων
3546 2205 3875 2270 δεισιδαιμο·

2328 2287 2433 2354 vis},
2467 2290 2601 2354 μηδὲ
2637 2292 2855 2357 μνήμας
2887 2294 3181 2364 μαρτύρων
3213 2297 3270 2346 ἐν
3305 2296 3486 2358 αὐτοῖς
3519 2295 3805 2354 ἐπιτελεῖν,
3827 2293 3875 2344 ει

2331 2379 2402 2443 μὴ
2438 2380 2593 2443 σῶμα
2641 2380 2910 2447 μάρτυρος
2942 2383 3073 2450 μηδὲ
3115 2383 3335 2450 λείψανα
3355 2388 3472 2436 ἐκεῖ
3489 2384 3779 2452 κεῖνται,ἢ
3817 2382 3874 2444 ἐξ

2329 2464 2572 2528 ἀρχαίων
2610 2466 2816 2530 χρόνων
2841 2464 2906 2533 ἦν
2940 2469 3357 2539 ιξικοδομημένον
3403 2473 3463 2524 τὸ
3489 2474 3874 2541 θυσιαστήριον

2329 2551 2518 2606 ἐκεῖνο.
2555 2557 2615 2605 "A
2645 2557 2771 2622 γὰρ,
2800 2560 2954 2626 φησὶ,
2983 2562 3340 2629 συνέστησαν,
3372 2566 3446 2624 ὡς
3501 2565 3560 2628 ἐξ
3613 2564 3875 2616 ἐνυπνίων

2329 2646 2422 2696 καὶ
2495 2646 2885 2715 ἀποκαλύψεων
2931 2652 3400 2721 οίκοδομησάντων
3478 2653 3619 2706 αὑτά
3689 2671 3870 2718 τινων,

2339 2749 2377 2782 π
2389 2733 2517 2784 αντα
2555 2735 3153 2804 ἀποδοκιμαζέσθωσαν.

2398 2823 2618 2875 ΑΡΙΣΤ.
2669 2843 2686 2874 ι
2729 2827 3121 2896 Θυσιαστήριον
3157 2831 3212 2880 ἐν
3269 2831 3458 2900 ἀγροῖς
3508 2833 3541 2900 ἢ
3589 2832 3872 2900 ἀμπελῶσι

2333 2929 2350 2960 ι
2392 2913 2694 2980 γινόμενον,
2736 2917 2792 2967 ἐν
2836 2911 2916 2978 οἷς
2952 2919 3011 2968 οὐ
3055 2919 3300 2986 λείψανον
3341 2921 3628 2974 ἀπόκειται
3667 2923 3873 2990 μάρτυ-

2334 3019 2350 3050 ι
2401 3019 2513 3069 ρος,
2548 3005 2595 3054 εί
2632 3005 2704 3072 μὴ
2724 3006 2978 3073 δημόσιος
3008 3009 3217 3072 γίνεται
3279 3011 3530 3079 θόρυϐος,
3571 3030 3871 3083 καταστρε-

2337 3109 2354 3140 ι
2395 3092 2575 3158 φέσθω
2601 3110 2614 3122 ο
2638 3097 2729 3145 καὶ
2756 3097 2850 3146 ὅσα
2868 3098 2930 3148 δι’
2956 3101 3218 3151 ἐνυπνίων
3247 3104 3338 3152 καὶ
3356 3103 3748 3173 ἀποκαλύψεων
3775 3125 3873 3174 μα-

2337 3197 2352 3228 ι
2387 3181 2550 3231 ταίων
2574 3183 2880 3234 συνίσταται
2915 3184 3290 3255 θυσιαστήρια.
3333 3207 3350 3239 ι

2402 3271 2552 3323 Ὀσοι
2577 3274 2682 3322 τῶν
2723 3275 3028 3343 εὐκτηρίων
3057 3277 3219 3328 οἴκων
3258 3280 3316 3330 ού
3366 3279 3429 3330 δι’
3459 3280 3625 3348 εὐχῆς
3652 3282 3872 3335 ἐπισκόο

2331 3378 2445 3412 πων
2467 3365 2822 3430 συνέστησαν,
2865 3367 2956 3416 καὶ
3007 3365 3235 3434 λείψανα
3310 3371 3605 3438 μαρτύρων
3665 3374 3871 3436 τούτοις

2327 3453 2746 3519 ἐναπετέῦησαν,
2781 3454 2986 3521 ἀνίεροί
3019 3458 3144 3510 εἰσι.
3176 3460 3274 3510 Διὰ
3324 3461 3480 3513 τοῦτο
3507 3463 3635 3528 γοῦν
3687 3466 3869 3519 καὶτὰ.

2326 3545 2382 3594 ἐν
2431 3547 2622 3612 ἀγροῖς
2653 3547 2684 3612 ἦ
2727 3547 3009 3612 ἀμπελῶσι
3031 3548 3290 3616 γινόμενα
3323 3551 3681 3624 θυσιαστήρια
3706 3561 3868 3627 χωρὶς

2327 3636 2488 3702 εὐχῆς
2522 3637 2817 3686 ἐπισκόπου
2852 3637 2947 3687 καὶ
2986 3638 3101 3690 τοῦ.
3132 3641 3522 3709 ἐναποτεθῆναι
3582 3647 3868 3717 μαρτύρων

2326 3726 2571 3791 λείψανα,
2639 3727 2685 3776 εί
2744 3727 2986 3791 δυνατὸν,
3036 3732 3596 3798 καταστρεφέσθωσαν
3633 3752 3647 3765 ·
3707 3740 3755 3789 εί
3815 3738 3869 3788 δὲ

2325 3815 2612 3880 δημοτικδς
2644 3813 2866 3881 θόρυϐος
2895 3815 3049 3866 τοῦτο
3076 3818 3272 3869 κωλύει
3302 3822 3577 3886 γενέσθαι,
3621 3824 3722 3876 κᾶν
3750 3842 3868 3878 νου-

2326 3904 2508 3954 θεσίαν
2535 3903 2874 3970 δεχέσθωσαν
2909 3907 2982 3974 μὴ
3033 3911 3206 3958 ποιεῖν
3237 3910 3294 3960 ἐν
3325 3911 3504 3972 αὐτοῖς
3537 3914 3865 3982 ὀχλαγὼγια.

2336 3993 2910 4060 Καταστρεφέσθωσαν
2963 3995 3018 4046 δὲ
3081 3997 3271 4049 καὶτὰ
3324 3998 3389 4048 δι’
3455 4003 3720 4054 ἐνυπνίων
3781 4008 3871 4056 καὶ

2323 4082 2709 4148 ἀποκαλύψεων
2787 4086 3028 4150 ματαίων
3125 4089 3484 4154 συνιστάμενα
3575 4091 3869 4162 θυσιαστή-

2327 4188 2431 4236 ρια.
2463 4173 2655 4232 Σκότος
2695 4176 2800 4240 γὰρ
2831 4175 2904 4224 ὦν
2940 4178 2965 4226 ό
2987 4175 3251 4240 διάϐολος,
3310 4179 3424 4245 φῶς
3474 4180 3820 4250 ὑποκρίνεται
3852 4201 3867 4213 ·

2326 4261 2417 4310 καὶ
2441 4264 2704 4328 προτάσει
2727 4263 2886 4331 δῆθεν
2911 4266 3192 4328 εὐλαϐείας
3217 4267 3311 4328 τὰς
3332 4269 3437 4318 τῶν
3455 4271 3756 4339 ἀνθρώπων
3783 4276 3867 4325 δε-

2328 4352 2505 4413 λεάζει
2533 4352 2729 4422 ψυχάς.

2882 4447 3118 4500 ΚΑΝΩΝ
3153 4449 3272 4502 ΠΖ’.

2401 4555 2417 4586 ι
2465 4539 2597 4607 Περὶ
2623 4539 2714 4590 τοῦ
2733 4540 2798 4591 τὰ
2821 4541 3048 4608 λείψανα
3101 4543 3208 4594 τῶν
3236 4543 3464 4594 εἰδώλων
3485 4543 3867 4613 ἐκριζωθῆναι.

2327 4646 2344 4676 ι
2395 4629 2624 4695 Ὁμοίως
2652 4632 2845 4699 ἤρεσεν
2897 4632 3184 4699 αἰτηθῆναι
3211 4635 3318 4684 ἀπὸ
3361 4634 3468 4684 τῶν
3515 4635 3868 4697 ἐνδοξοτάτων

2330 4737 2346 4767 ι
2391 4719 2672 4786 βασιλέων,
2706 4723 2788 4772 ἴνα
2825 4722 2891 4773 τὰ
2927 4723 3152 4790 λείψανα
3177 4725 3271 4789 τῆς
3333 4723 3774 4792 είδωλολατρείας
3797 4728 3870 4794 μὴ

2329 4828 2345 4858 ι
2391 4812 2549 4877 μόνον
2573 4814 2640 4862 τὰ
2660 4815 2715 4865 ὲν
2763 4814 2991 4875 ξοάνοις,
3026 4814 3158 4864 ἀλλά
3191 4815 3283 4865 καὶ
3329 4817 3385 4865 ἐν
3423 4816 3753 4884 οἱασδήποτε
3781 4819 3867 4869 τό·

2329 4918 2344 4948 ι
2385 4916 2505 4961 ποις
2535 4903 2566 4968 ἢ
2594 4903 2813 4954 ἄλσεσιν
2867 4905 2898 4972 ἢ
2940 4905 3176 4973 δένδροις
3210 4905 3370 4956 παντὶ
3412 4907 3596 4975 τρόπῳ
3660 4907 3867 4972 ἐξαλει-

2329 5009 2344 5038 ι
2394 4991 2616 5057 φθῶσιν.
2657 5012 2672 5041 ι

2392 5081 2579 5134 ΒΑΛΣ.
2609 5083 3013 5150 Παρακαλοῦσιν
3034 5087 3079 5137 oi
3109 5086 3350 5152 Πατέρες
3374 5085 3496 5147 τοὺς
3519 5085 3773 5151 βασιλεῖς,
3805 5087 3868 5135 τὰ

2321 5171 2398 5218 ἔτι
2431 5172 2839 5238 περιλειφθέντα
2872 5173 3159 5240 ἀγάλματα
3177 5173 3283 5224 τῶν
3314 5172 3563 5236 εἰδώλων,
3589 5177 3681 5225 καὶ
3710 5175 3868 5225 ὁπου-

2319 5260 2512 5328 δήποτε
2536 5262 2659 5313 ὅντα
2679 5260 3067 5331 ἐξαλειφθῆναι.

2392 5352 2634 5406 ΖΩΝΛΡ.
2663 5355 2768 5404 Καὶ
2799 5353 2889 5404 τοῦ
2924 5354 3286 5421 εὐαγγελικοῦ
3341 5356 3694 5424 κηρύγματος
3732 5358 3863 5406 πλα-

2318 5442 2620 5505 τυνθέντος,
2653 5444 2730 5494 ἔτι
2791 5443 3016 5510 λείψανα
3071 5445 3169 5511 τῆς
3226 5445 3675 5512 είδωλολατρείας
3723 5447 3862 5501 τινα,

2319 5533 2486 5598 ἤγουν
2516 5531 3029 5599 ὲγκαταλείμματα,
3048 5534 3532 5602 περιελιμπάνοντο
3555 5549 3566 5562 ·
3606 5530 3866 5595 ἐσώζοντο

2319 5623 2410 5670 κτιὶ
2454 5621 2740 5686 ἀγάλματα
2765 5624 2856 5670 καὶ
2891 5621 3060 5689 βωμοὶ
3093 5626 3148 5674 ἐν
3199 5623 3474 5690 διαφόροις
3535 5624 3720 5683 τόποις
3774 5623 3864 5672 καὶ

2323 5713 2524 5762 ἄλσεσι.
2574 5713 2705 5776 Περὶ
2736 5710 2923 5764 τούτου
2953 5713 3090 5774 εδοξε
3121 5716 3234 5774 τοῖς
3292 5714 3572 5780 Πατράσιν
3619 5716 3860 5782 ὑποξινηο
