4148 6464
281 352 390 415 309
1271 371 1351 428 ΙΝ
1389 371 1554 433 CAN.
1588 375 1882 436 LXXXIX
1925 378 2132 441 CONC.
2177 382 2556 446 CARTHAG.
3406 400 3514 463 310

365 489 382 516 ε
422 469 695 537 -ιεστέρως
752 473 1236 542 χειροτονηθέντας
1273 481 1346 546 μὴ
1384 481 1589 550 τολμᾷν
1618 484 1848 544 ἑαυτοὺς
1877 487 1923 541 Α

1919 528 1923 540 .
2027 507 2044 537 ε
2079 497 2204 541 sunt
2234 491 2506 556 prioribus
2538 507 2595 546 se
2651 508 2754 548 non
2789 499 3022 553 audeant
3050 513 3377 571 praeponere.
3410 507 3519 562 Va-

361 577 379 608 ι
421 561 700 629 προτιμᾷν
733 562 843 616 τῶν
867 565 1168 634 προτέρων.
1206 569 1522 633 Βαλεντῖνος
1551 572 1850 637 ἐπίσκοπος

355 667 379 696 ε
417 641 608 699 εἶπεν·
646 647 719 701 Τὸ
765 651 972 717 ἀγαθὸν
1016 656 1115 722 τῆς
1151 656 1425 725 ὑμετέρας
1475 659 1847 724 ἀνεξικακίας.

364 754 384 786 ε
419 735 516 788 ἐὰν
549 737 845 806 έπιτρέπη,
878 739 1185 804 ἀκολούθως
1208 744 1545 814 ἐξηγήσομαι
1574 749 1639 800 τά
1681 752 1739 800 έν
1770 749 1846 816 τῷ

359 844 378 874 ε
415 826 745 892 προλαϐόντι
778 828 954 898 χρόνῳ
995 832 1078 893 είς
1111 832 1208 900 τὴν
1244 834 1633 904 Καρχηδονίων
1652 838 1848 907 ἐκκλη-

358 933 377 964 ε
417 915 538 969 σίαν
591 918 925 987 πραχθέντα.
970 922 1066 974 καὶ
1104 924 1227 987 ταῖς
1274 924 1383 978 τῶν
1421 925 1668 994 ἀδελφῶν
1713 930 1848 981 ὕπο-

357 1023 378 1055 r
415 1009 656 1076 γραφαῖς
709 1011 959 1079 φανερῶς
1020 1013 1361 1082 κυρωθέντα,
1423 1018 1516 1068 καὶ
1567 1019 1713 1087 ἡμᾶς
1766 1019 1846 1070 ἔτι

354 1112 375 1144 ε
411 1095 506 1147 νῦν
561 1097 897 1164 φυλάξοντας
977 1102 1321 1172 ὁμολογήσω.
1391 1106 1603 1160 Ἐκεῖνο
1660 1109 1845 1161 τοίνυν

352 1202 370 1232 ε
406 1185 745 1253 ἐπιστάμεθα
774 1187 1037 1256 ἀμίαντον
1077 1191 1165 1244 ἀεὶ
1217 1194 1315 1261 τὴν
1373 1195 1841 1265 ἐκκλησιαστικὴν

338 1292 359 1324 ε
397 1274 759 1340 φυλάττεσθαι
799 1278 1131 1331 κατάστασιν
1160 1281 1350 1343 οὕτως
1399 1284 1472 1346 ώς
1509 1286 1714 1355 μηδένα
1735 1287 1844 1338 τῶν

351 1383 369 1411 ε
407 1363 654 1430 ἀδελφῶν
679 1367 883 1437 τολμᾷν
908 1369 1100 1423 ἑαυτὸν
1143 1375 1419 1441 προτιμᾷν
1443 1390 1572 1426 ποτε
1600 1375 1710 1430 τῶν
1737 1378 1843 1446 πρὸ

355 1471 372 1501 ι
414 1453 576 1504 αὑτοῦ
600 1470 611 1483 ·
644 1454 778 1506 ἀλλά
810 1458 901 1509 καὶ
929 1456 965 1510 ἃ
1001 1461 1117 1520 ταῖς
1181 1460 1282 1528 τῆς
1337 1460 1557 1529 ἀγάπης
1624 1464 1842 1528 τάξεσιν

358 1563 374 1590 ι
415 1542 502 1594 ἀεὶ
532 1545 847 1613 παρεσχέθη
879 1549 992 1609 τοῖς
1042 1549 1355 1617 προτέροιςο
1384 1549 1527 1619 ᾇπερ
1561 1551 1612 1602 ol.
1644 1551 1841 1604 trram-

349 1652 367 1683 ε
407 1632 721 1695 λουθοῦντες
741 1636 1042 1704 χαριέντως
1080 1638 1456 1702 κατεδέξαντο.
1502 1640 1719 1709 Ταύτην
1747 1638 1840 1694 οὖν

350 1737 370 1765 ο
403 1722 556 1786 τάξιν
595 1723 900 1795 κελεύσειή
936 1726 1174 1795 ὑμετέρα
1197 1730 1472 1799 άγιωσύνη
1513 1734 1838 1800 κρειττόνως

347 1831 362 1858 ε
403 1814 522 1872 ταῖς
547 1812 850 1881 ⁴ἡμετέραις
883 1789 1190 1879 διαλαλιαῖς
1217 1789 1836 1891 βνεδαιῶσαιίΛύρήλιος
1869 1789 1913 1848 Β

351 1918 369 1949 ι
406 1902 702 1965 ἐπίσκοπος
742 1897 894 1956 εἶπεν
916 1920 931 1936 ο
1000 1907 1111 1959 Οὐκ
1144 1908 1312 1978 έχρῆν
1346 1911 1442 1977 μὶν
1472 1911 1642 1964 ταῦτα
1685 1914 1832 1982 ἡμᾶς

355 2010 374 2042 r
407 1991 906 2060 ιπαναλαμεάνειν,
936 1996 984 2047 εί
1009 1994 1084 2065 μὴ
1113 1998 1272 2067 τυχὸν
1318 2000 1680 2069 άκατανόητοι
1716 2002 1836 2055 διά-

401 2081 540 2133 νοιαί
592 2097 754 2135 τινων
799 2083 1136 2154 ἁνεφύησαν,
1185 2089 1241 2141 αί
1304 2091 1442 2159 πρὸς
1498 2093 1622 2154 τοὺς
1674 2095 1835 2163 ὄρους

360 2189 378 2220 ε
416 2171 640 2234 τούτους
691 2172 792 2236 τὰς
845 2175 1118 2245 ἡμετέρας
1192 2178 1475 2251 αἰσθήσεις
1523 2182 1830 2248 όξύνουσαι.

347 2282 366 2313 ε
414 2262 552 2316 Ἀλλ’
590 2263 776 2332 ὶπειδὴ
806 2264 948 2336 αὕτη
999 2269 1152 2338 κοινή
1186 2269 1339 2323 ἔστιν
1399 2272 1574 2340 αίτία,
1617 2275 1685 2344 ἢν
1737 2275 1834 2328 νῦν

342 2373 362 2403 ‹
402 2353 716 2420 ἐνεφάνισεν
745 2356 774 2408 ό
807 2355 1038 2426 ἀδελφὸς
1065 2359 1160 2411 καὶ
1195 2361 1608 2433 συλλειτουργδς
1641 2368 1828 2435 ἡμῶν,

355 2461 373 2491 ε
410 2441 547 2494 ὥστε
580 2443 806 2498 ἕκαστον
833 2446 989 2514 ἡμῶν
1017 2450 1405 2515 επιγινώσκειν
1429 2453 1527 2523 τὴν
1557 2458 1707 2526 παρὰ
1734 2459 1829 2511 τοῦ

346 2546 363 2576 ι
402 2526 538 2580 Θεοῦ
572 2528 937 2597 ψηφισθείσαν
963 2536 1111 2605 αὐτῷ
1138 2536 1318 2601 τάξιν,
1372 2541 1466 2593 καὶ
1509 2542 1595 2595 ἶνα
1627 2544 1677 2595 οί
1732 2563 1831 2614 με-

347 2638 365 2668 ι
405 2620 783 2691 ταγενέστεροι
830 2627 942 2686 τοῖς
995 2627 1278 2696 προτέροις
1323 2630 1690 2701 άναφέρωσιν,
1739 2637 1831 2688 καὶ

351 2725 372 2758 ε
415 2708 491 2776 μὴ
531 2709 873 2779 τολμήσωσιν
901 2715 1050 2781 παρά
1073 2717 1296 2787 γνώμην
1348 2721 1554 2774 τούτων
1601 2724 1654 2776 τί
1699 2741 1828 2777 ποτε

349 2816 366 2846 ε
403 2799 692 2865 πράττειν·
727 2802 814 2853 διὰ
853 2803 1011 2856 τοῦτο
1031 2804 1192 2872 λέγω,
1219 2807 1395 2871 καθὼς
1422 2811 1512 2862 τὸν
1535 2812 1664 2880 εμδν
1699 2814 1834 2866 ὑπο-

349 2907 365 2936 ι
403 2891 587 2957 τρέχει
639 2890 922 2961 λογισμὸν,
987 2897 1111 2956 τοὺς
1175 2900 1653 2969 καταφρονοῦντας
1714 2904 1828 2956 τῶν

352 2999 370 3030 ι
413 2983 518 3048 πρὸ
543 2983 743 3045 αὐτῶν,
773 2985 866 3035 καί
902 3003 1020 3038 τινα
1049 2988 1494 3058 ἀποτολμῶντας,
1520 2993 1824 3058 κωλυτέους

350 3089 366 3119 ι
405 3071 676 3139 ἁρμοδίως
706 3069 845 3125 εἶναι
896 3075 1004 3126 άπὸ
1055 3076 1239 3144 πάσης
1273 3081 1372 3148 τῆς
1413 3082 1650 3134 συνόδου.
1693 3081 1833 3136 Ξάν-
1859 3096 1904 3152 c

352 3179 369 3210 r
408 3159 607 3222 θιππος
668 3161 968 3226 ἑπίσκοπος
1013 3165 1112 3234 τῆς
1153 3166 1378 3237 πρώτης
1434 3169 1702 3242 καθέδρας
1732 3174 1835 3244 τῆς

346 3269 364 3302 ε
409 3251 726 3322 Νουμηδίας
782 3251 936 3309 εἶπεν
964 3273 978 3287 ο
1033 3258 1307 3312 Ἤκουσεν
1354 3262 1387 3331 ὴ
1452 3263 1672 3318 πάντων
1722 3266 1830 3318 τῶν

348 3362 366 3394 ε
407 3343 649 3412 ἀδελφῶν
675 3349 953 3417 παρουσία
970 3349 1068 3421 τὴν
1099 3352 1523 3422 έξακολούθητιν
1556 3355 1649 3408 τοῦ
1681 3357 1832 3410 ἀδελ-

346 3452 363 3481 ε
407 3434 506 3499 φοῦ
547 3437 639 3487 καὶ
664 3439 1022 3506 συνιερεσέως
1077 3441 1236 3509 ἡμῶν
1269 3442 1570 3511 Δύρηλίου,
1606 3448 1659 3498 τί
1690 3447 1829 3515 πρὸς

349 3540 367 3570 ι
402 3523 573 3577 ταῦτα
595 3525 986 3595 άποκρίνεταις
1024 3530 1292 3596 Διοτίμιος
1329 3534 1627 3596 ἐπίσκοπος
1653 3532 1828 3588 εἷπενο

348 3630 366 3658 ε
406 3611 484 3663 Τὰ
508 3613 654 3681 παρὰ
684 3617 780 3683 τῆς
813 3614 992 3684 ψήφου
1014 3633 1046 3670 τ
1067 3621 1122 3670 ’ν
1165 3620 1408 3689 ἀρχαίων
1436 3623 1722 3693 ὁρισθέντα
1751 3631 1820 3697 τῇ

350 3717 368 3748 ε
405 3700 645 3772 ὑμετέρᾳ
678 3704 982 3758 συναινέσει
1036 3708 1433 3778 ὲκδοθήσεταιο
1485 3713 1574 3767 ίνα
1621 3715 1690 3767 τὰ
1737 3733 1836 3769 πε-

352 3808 370 3839 r
409 3791 700 3859 ριεχόμενα
751 3797 865 3856 τοίς
921 3800 1339 3864 πεπραγμένοις
1393 3801 1504 3853 τῶν
1552 3805 1832 3875 προτέρων

347 3899 364 3929 ε
407 3881 640 3934 συνόδων
670 3885 726 3935 ὲν
745 3887 813 3953 τῇ
837 3888 894 3937 ἐν
925 3888 1232 3957 Καρχηδόνι
1262 3889 1531 3963 ἐκκλησίᾳ
1564 3893 1706 3947 κατὰ
1728 3897 1830 3966 τὴν

350 3988 368 4017 r
410 3969 680 4040 ὑμετέραν
740 3975 1046 4028 συναίνεσιν
1116 3979 1572 4050 πεπληρωμένως
1635 3985 1826 4053 βέϐαια

352 4078 369 4107 σ
411 4061 558 4129 παρὰ
587 4063 719 4114 πᾶσι
776 4064 1143 4133 φυλαχθῶσιν.
1183 4068 1502 4136 Σύμπαντες
1531 4075 1578 4125 οί
1611 4075 1833 4129 ἐπίσκο-

346 4167 363 4198 ι
408 4165 501 4201 ποι
534 4147 720 4204 εῐπονο
763 4154 824 4206 'H
867 4155 1018 4218 τάξις
1082 4158 1220 4227 αὓτη
1263 4161 1370 4212 ἀπὸ
1404 4163 1512 4214 τῶν
1565 4166 1826 4237 Πατέρων

347 4257 364 4288 ε
403 4239 493 4290 καὶ
528 4241 635 4292 ἀπὸ
660 4241 766 4292 τῶν
794 4243 1035 4313 ἀρχαίων
1076 4246 1380 4316 ἐφυλάχθη,
1424 4251 1516 4303 καὶ
1546 4253 1640 4319 ἀφ’
1669 4256 1825 4322 ἡμῶν

345 4349 362 4377 ε
406 4330 542 4383 κατὰ
567 4331 915 4400 συγχώρησιν
945 4332 1081 4385 Θεοῦ
1133 4336 1540 4405 φυλαχθήσεται
1590 4343 1826 4408 σωζομές

2036 594 2053 626 ι
2087 577 2326 631 lcutinus
2355 579 2643 648 episcopus
2671 582 2809 637 dixit
2839 600 2853 637 :
2878 620 2893 635 .
2913 585 2970 638 Si
3003 597 3196 642 vestrae
3244 592 3518 658 patientia:

2028 684 2046 716 ε
2085 670 2284 720 bonum
2318 670 2612 736 permittat,
2665 673 2853 726 ordine
2906 678 3137 730 narrabo
3184 693 3302 744 quae
3349 682 3514 748 priori

2021 775 2038 806 ‹
2075 765 2315 824 tempore
2351 758 2403 810 in
2452 759 2956 828 Carthaginiensium
2991 762 3226 818 Ecclesia
3267 767 3428 836 facta,
3461 781 3513 826 et

2029 848 2239 901 «etiam
2299 850 2425 900 dum
2485 847 2710 902 fratrum
2765 853 3251 920 subscriptionibns
3325 871 3510 928 aperte

2026 956 2043 989 ι
2075 940 2391 996 confirmata
2427 950 2572 1006 sunt,
2607 951 2660 996 et
2706 960 2801 999 nos
2832 957 3141 1002 servaturos
3195 952 3504 1018 profitebor,

2025 1049 2041 1078 ε
2077 1028 2208 1083 Illud
2243 1031 2426 1100 itaque
2472 1033 2670 1087 scimus
2720 1034 3029 1089 inviolatam
3076 1038 3502 1095 ecclesiasticam

2025 1136 2042 1168 ε
2076 1133 2291 1187 semper
2320 1123 2523 1175 servari
2573 1124 2934 1191 disciplinam,
2994 1129 3067 1180 ita
3121 1139 3178 1183 ut
3223 1133 3402 1187 nullus
3434 1151 3502 1190 ex

2013 1227 2032 1259 ε
2065 1207 2322 1263 fratribus
2368 1212 2558 1266 audeat
2590 1228 2825 1281 unquam
2856 1229 2914 1270 se
2947 1217 3013 1270 iis
3045 1233 3380 1286 prmponere,
3415 1226 3505 1293 qui

2031 1319 2047 1349 ι
2076 1307 2200 1351 ante
2228 1300 2401 1368 ipsum
2436 1300 2688 1357 fuerunt:
2743 1303 2834 1357 sed
2868 1315 2922 1358 et
2952 1321 3068 1371 qua
3099 1311 3384 1367 charitatis
3413 1329 3504 1368 or-

2020 1405 2038 1438 ε
2070 1388 2282 1443 dinibus
2311 1404 2526 1458 semper
2554 1391 2824 1459 prioribus
2859 1396 3078 1462 praebita
3106 1409 3252 1464 sunt,
3280 1415 3342 1455 ea
3373 1416 3504 1457 con-

2033 1497 2050 1527 ε
2095 1489 2383 1546 sequentes
2409 1479 2641 1534 libenter
2672 1495 3047 1550 susceperunt.
3081 1485 3233 1544 llunc
3257 1505 3383 1560 ergo
3419 1508 3508 1546 or-

2008 1587 2024 1618 ε
2056 1568 2232 1622 dinem
2281 1569 2488 1634 lubebit
2525 1579 2702 1623 vestra
2754 1574 3012 1627 sanctitas
3078 1578 3267 1631 melius
3302 1583 3503 1634 nostris

2016 1676 2032 1706 ε
2070 1657 2573 1712 interlocutionibus
2625 1660 2889 1715 roborari.
2922 1665 3170 1719 Aurelius
3215 1669 3504 1736 episcOpus

2015 1765 2033 1797 ε
2067 1746 2201 1801 dixit
2228 1764 2242 1799 :
2277 1745 2394 1799 Non
2425 1747 2702 1814 Oportebat
2728 1763 2824 1802 nos
2859 1750 2972 1804 haec
2994 1753 3205 1818 quidem
3237 1767 3499 1822 repetere,

2023 1856 2039 1887 ι
2072 1837 2171 1890 nisi
2209 1835 2347 1890 forte
2377 1837 2551 1890 minus
2575 1838 2936 1905 intelligibil‘es
2969 1843 3322 1907 quorumdam
3359 1848 3507 1913 engi-

2021 1946 2040 1977 ε
2072 1927 2302 1981 lationes
2350 1935 2550 1981 exortae
2592 1938 2788 1994 essent,
2823 1945 2940 1998 qua
2974 1941 3189 1985 nostros
3221 1948 3411 1988 sensus
3439 1936 3505 1989 ad

2019 2036 2037 2068 ε
2073 2017 2186 2072 haec
2215 2017 2430 2071 decreta
2462 2017 2782 2072 excitarent.
2819 2019 2924 2073 Sed
2953 2020 3074 2088 quia
3111 2021 3226 2077 haec
3259 2037 3505 2078 commu-

2023 2127 2042 2159 ε
2077 2109 2162 2163 nis
2214 2123 2382 2163 causa
2436 2116 2537 2173 est,
2592 2123 2752 2176 quam
2802 2125 2943 2165 nunc
2975 2113 3212 2166 ostendit
3258 2114 3426 2168 frater
3451 2125 3506 2169 et

2019 2215 2037 2248 ι
2070 2197 2348 2264 coadjutor
2378 2207 2580 2263 noster,
2613 2201 2980 2270 unusquisque
3029 2212 3272 2257 nostrum
3304 2219 3507 2273 cogno-

2020 2309 2037 2341 ε
2073 2299 2186 2342 seat
2212 2289 2454 2343 ordinem
2487 2290 2588 2344 sibi
2617 2305 2645 2344 a
2678 2291 2785 2346 Deo
2816 2293 3116 2359 decretum,
3146 2304 3201 2349 et
3233 2306 3290 2348 ut
3317 2303 3500 2363 poste-

2018 2397 2034 2428 ε
2064 2379 2232 2431 riores
2266 2379 2534 2446 prioribus
2580 2379 2847 2443 deferant,
2880 2390 2934 2434 et
2968 2397 3072 2435 non
3107 2384 3336 2436 audeant
3365 2398 3503 2453 prae-

2019 2486 2036 2517 ι
2070 2476 2149 2520 ter
2178 2479 2362 2520 eorum
2418 2470 2736 2521 sententiam
2785 2468 2992 2537 aliquid
3040 2486 3270 2537 unquam
3319 2486 3499 2540 agere,

2020 2573 2037 2606 ι
2076 2563 2354 2623 propterea
2388 2555 2529 2618 dico,
2577 2558 3020 2624 quemadmodum
3071 2559 3198 2610 mihi
3253 2561 3396 2612 venit
3447 2561 3498 2612 in

2017 2664 2034 2696 ε
2068 2653 2325 2710 mentem,
2349 2645 2440 2714 qui
2463 2653 2820 2700 contemnunt
2849 2646 2973 2701 illos
2999 2649 3088 2716 qui
3118 2655 3240 2701 ante
3271 2663 3328 2702 se
3349 2659 3499 2710 sunt,

2015 2754 2031 2786 ι
2064 2744 2117 2789 et
2151 2735 2330 2802 aliqua
2393 2744 2592 2790 temere
2627 2739 2845 2801 audent,
2883 2752 2976 2792 eos
3013 2739 3397 2792 cunvenienter
3431 2739 3498 2791 ab

2014 2844 2032 2875 ε
2067 2827 2213 2879 omni
2263 2828 2464 2895 synodo
2498 2828 2829 2881 coercendos
2863 2843 3002 2882 esse.
3056 2827 3360 2896 Xantippus
3389 2828 3501 2894 epi-

2013 2933 2032 2966 r
2063 2929 2256 2982 sc0pus
2286 2916 2470 2982 prima:
2497 2914 2762 2967 cathedrm
2795 2914 3056 2969 Numidia:
3084 2917 3249 2969 dixit:
3281 2917 3502 2971 Andivit

2023 3023 2038 3055 ι
2070 3003 2310 3056 omnium
2339 3004 2569 3057 fratrum
2601 3005 2887 3071 praesentia
2922 3006 3354 3073 prosecutiouem
3392 3005 3500 3059 fra-

2017 3113 2033 3144 ε
2069 3094 2165 3145 tris
2199 3100 2253 3145 ct
2303 3092 2701 3146 consacerdotis
2753 3094 2921 3146 nostri
2956 3094 3198 3147 Aurelii:
3253 3095 3380 3164 quid
3433 3098 3498 3149 ad

2017 3201 2034 3233 ε
2070 3184 2184 3235 haec
2237 3181 2628 3248 respondetur?
2679 3181 2964 3237 Diatimius
2994 3185 3276 3254 episcopus
3323 3187 3492 3240 dixit:

2014 3293 2029 3322 ε
2062 3273 2188 3337 Quae
2220 3271 2289 3324 ab
2322 3272 2664 3340 antiquorum
2719 3271 2975 3341 sull‘ragio
3006 3275 3225 3328 deﬁnita
3260 3286 3404 3339 sunt,
3432 3293 3495 3329 ea

2015 3382 2031 3412 ε
2063 3371 2242 3415 vestro
2273 3361 2564 3416 consensui
2601 3362 2881 3416 tradentur
2910 3379 2923 3414 :
2961 3372 3018 3415 ut
3063 3378 3180 3430 quae
3212 3366 3494 3418 continen-

2008 3469 2025 3502 ι
2059 3459 2150 3504 tur
2203 3453 2253 3504 in
2286 3452 2420 3503 actia
2453 3450 2690 3518 priorum
2722 3452 3051 3520 synodornm
3107 3453 3158 3505 in
3208 3453 3495 3524 Carthagi-

2009 3561 2027 3592 ε
2060 3541 2210 3594 nensi
2242 3539 2501 3602 Ecclesia,
2553 3547 2731 3593 vestro
2779 3553 3042 3594 consensu
3079 3541 3234 3608 plene
3267 3543 3480 3595 firmata

2010 3649 2028 3681 ι
2056 3630 2194 3695 apud
2226 3642 2415 3682 omnes
2462 3637 2766 3682 serventur.
2813 3627 3013 3681 Omnes
3059 3629 3302 3697 episcopi
3333 3629 3489 3683 dixe-

2013 3737 2032 3769 ε
2065 3729 2191 3771 runt
2219 3736 2231 3772 :
2262 3717 2379 3783 Ipse
2407 3715 2541 3769 ordo
2569 3729 2597 3767 a
2633 3714 2884 3769 Patrlbus
2916 3725 2970 3769 et
3003 3716 3070 3769 ab
3101 3717 3336 3784 antiquis
3370 3731 3486 3770 scrc

2011 3826 2028 3858 ι
2058 3817 2213 3860 vatus
2230 3813 2333 3866 est,
2361 3814 2415 3857 et
2438 3819 2468 3858 a
2496 3804 2652 3858 nobis
2672 3803 2762 3858 Dei
2787 3805 3137 3872 permissione
3162 3808 3490 3870 servabitur,

2012 3913 2030 3945 ε
2062 3902 2276 3948 servato
2304 3892 2486 3959 utique
2511 3890 2631 3960 jure
2653 3893 2939 3961 primatum
2967 3893 3226 3947 Numidiae
3255 3907 3308 3948 et
3340 3895 3486 3947 blan-

2009 4002 2026 4035 ε
2063 3984 2270 4037 ritaniae
2298 3997 2362 4035 ex
2387 3982 2561 4036 indice
2584 3991 2637 4036 et
2666 3983 2944 4038 matricula
2975 3981 3253 4038 Numidiae.
3290 3983 3490 4040 Deinde

2007 4093 2025 4125 ε
2058 4073 2265 4142 placuit
2310 4071 2560 4125 omnibus
2599 4071 2888 4140 episcOpis,
2944 4074 3034 4142 qui
3065 4073 3116 4126 in
3150 4073 3249 4128 hac
3283 4077 3490 4143 synodo

2008 4161 2507 4227 «subscripserunt,
2571 4168 2629 4212 ut
2691 4159 2970 4214 ntatricula
3029 4169 3085 4215 et
3138 4161 3488 4231 archetypum

2008 4274 2025 4303 ε
2057 4251 2320 4305 Numidia:
2379 4248 2449 4303 sit
2505 4251 2665 4303 etiam
2726 4251 2776 4303 in
2835 4252 3004 4320 prima
3033 4252 3315 4317 cathedra,
3347 4261 3400 4306 et
3435 4254 3488 4305 in

2007 4361 2024 4392 ε
2059 4339 2337 4408 metropoli
2367 4339 2745 4394 Constantina.
2783 4360 2801 4391 ι

347 4435 364 4465 ι
403 4435 492 4471 νου
561 4420 641 4472 ἔτι
717 4423 825 4490 μὴν
871 4421 965 4474 τοῦ
1004 4424 1211 4476 δικαίου
1243 4425 1351 4477 τῶν
1393 4430 1786 4493 πρωτευόντων
1854 4435 1950 4501 τῆς
2020 4429 2346 4497 Νουμηδίας
2379 4431 2472 4480 καὶ
2521 4429 2920 4497 Μαυριτανίας,
2971 4431 3033 4482 ἐκ
3067 4431 3160 4482 τοῦ
3239 4431 3488 4498 χαρτοοε·

347 4528 364 4558 ι
407 4510 521 4561 σίου
557 4510 654 4562 καὶ
707 4513 995 4579 ματρικίου
1047 4515 1146 4583 τῆς
1234 4515 1577 4583 Νουμηδίας.
1650 4522 1881 4575 Ἔπειτα
1957 4523 2122 4588 ἤρεσε
2168 4521 2298 4571 πᾶσι
2330 4519 2440 4577 τοῖς
2513 4517 2832 4582 ἐπισκόποις
2885 4520 2995 4578 τοῖς
3061 4521 3118 4570 ὲν
3188 4520 3356 4586 ταύτη
3419 4520 3486 4584 τῇ

346 4618 363 4646 ε
404 4599 604 4666 συνόδῳ
662 4600 1062 4669 ὑπογράψασιν,
1124 4603 1209 4654 ἵνα
1257 4605 1318 4656 τὸ
1389 4608 1678 4677 ματρίκιον
1732 4613 1825 4663 καὶ
1890 4612 2196 4680 ἀρχέτυπον
2267 4607 2366 4676 τῆς
2433 4607 2744 4677 Νονμηδίας
2799 4607 2893 4660 καὶ
2953 4608 3033 4671 είς
3095 4608 3196 4678 τὴν
3261 4612 3485 4679 πρώτην

350 4706 368 4736 ε
406 4687 673 4758 καθέδραν
698 4684 754 4758 ᾖ,
781 4691 874 4742 καὶ
905 4693 982 4753 είς
1014 4692 1113 4761 τὴν
1145 4695 1482 4762 μητρόπολιν
1532 4699 1966 4755 Κωνσταντίναν.
2003 4719 2022 4752 ι

343 4779 535 4831 ΒᾹΛΣ.
582 4780 668 4842 Ὠς
696 4782 888 4846 ἔοικεν,
918 4784 1018 4835 οὐκ
1042 4785 1348 4854 ἐτάχθησαν
1383 4787 1488 4850 ἔτι,
1518 4790 1639 4842 οὐδὲ
1679 4791 1819 4858 ώρίο
1857 4797 1902 4853 D

2000 4789 2189 4845 BALS.
2226 4790 2291 4844 Ut
2318 4789 2551 4852 videtur,
2599 4793 2836 4846 nondum
2891 4800 3048 4847 erant
3099 4792 3357 4858 ordinati,
3386 4810 3483 4848 nec

273 4867 483 4937 σθησαν
505 4871 648 4922 κατὰ
677 4871 766 4922 τὸν
789 4873 912 4924 τότε
953 4874 1142 4942 καιρὸν
1167 4877 1214 4928 oi
1271 4877 1451 4945 θρόνοι
1493 4879 1600 4932 τῶν
1630 4880 1825 4950 ἐκκλη-

1933 4890 2057 4933 tunc
2091 4878 2349 4946 temporis
2405 4879 2684 4931 constituti
2743 4880 2919 4934 throni
2987 4880 3377 4934 ecclesiarum:
3433 4893 3485 4935 et

270 4957 401 5010 σιῶν
430 4976 444 4989 ο
474 4960 566 5011 καὶ
583 4959 671 5012 διὰ
699 4960 855 5014 τοῦτο
881 4961 1087 5030 ὥρισαν
1113 4967 1159 5017 oi
1190 4966 1428 5036 Πατέρες
1445 4971 1824 5037 προτιμᾶσθαι
1931 4987 1961 5038 ι)

1931 4980 2216 5038 propterea
2248 4976 2555 5021 statuerunt
2584 4967 2772 5022 Patres
2803 4984 2898 5026 eos
2921 4972 3180 5040 praeponi,
3209 4972 3296 5041 qui
3332 4972 3483 5041 prius

1465 5080 1662 5141 Guill.
1699 5081 2024 5159 Beveregii
2072 5086 2258 5141 notae.

264 5176 913 5250 indulgentiaaindicare.
977 5176 1208 5232 Crateros
1261 5196 1378 5233 vero
1429 5185 1696 5250 episcopos
1740 5201 1811 5236 se-

1922 5184 2096 5250 piant,
2129 5183 2409 5237 consulem
2462 5184 2576 5237 sive
2607 5198 2809 5237 annum
2859 5191 2912 5236 et
2947 5185 3087 5237 diem
3149 5187 3470 5248 indicantes,

264 5251 488 5302 cundum
521 5247 874 5320 ordinationis
910 5262 1019 5320 sui:
1052 5257 1269 5320 tempus,
1304 5251 1407 5320 riae
1441 5247 1810 5304 aitconsiden-
1920 5247 2028 5312 uuo
2060 5253 2296 5305 ordinati
2329 5261 2455 5305 sunt
2489 5268 2501 5303 :
2535 5253 2626 5319 qui
2659 5253 2878 5320 quidem
2945 5267 3117 5308 canon
3162 5259 3212 5307 in
3245 5257 3478 5308 concilio

264 5320 387 5368 dum
415 5317 741 5387 in‘concilio.
777 5315 880 5368 sive
912 5315 978 5387 ad
1017 5317 1463 5387 subscribendum,
1501 5323 1574 5370 vel
1599 5322 1651 5372 in
1684 5339 1810 5387 qua-

1924 5321 2228 5372 Milevitano
2286 5332 2607 5386 praesentem
2681 5321 2994 5375 immediate
3059 5324 3330 5387 sequitur.
3393 5325 3476 5376 his

266 5386 388 5438 libet
430 5383 541 5436 alia
570 5401 676 5460 _re,
736 5399 831 5435 sua
882 5383 1317 5460 a_ttendere_loca
1367 5383 1719 5460 decernimus,
1764 5401 1812 5442 et
1923 5389 2145 5460 Verbis,
2179 5383 2373 5460 Deinde
2426 5389 2644 5460 placuit,
2685 5400 2740 5440 ut
2775 5389 3064 5460 quicunque
3117 5383 3355 5460 deinceps
3411 5397 3472 5443 ab

266 5468 482 5505 suorum
512 5452 613 5506 sibi
640 5454 1040 5520 pmrogativum
1064 5454 1302 5506 ordinum
1330 5456 1614 5510 rindicare.
1647 5459 1806 5522 (ἕτερα.

1918 5459 2173 5524 episcopis
2209 5459 2544 5517 ordinantur,
2577 5459 2640 5508 ab
2701 5457 3094 5513 ordinatoribus
3131 5463 3263 5523 suis,
3298 5457 3474 5512 'mauu

269 5523 430 5582 LVII,
463 5524 622 5588 epist.
659 5522 981 5593 ll4._Hinc,
1155 5523 1332 5588 fallor,
1390 5539 1598 5577 canone
1652 5527 1812 5593 hujus
1918 5522 2101 5578 eorum
2168 5529 2514 5592 subscriptus,
2564 5530 2880 5580 continentes
2939 5531 3202 5582 consulem
3234 5539 3280 5581 et
3315 5528 3474 5588 diem.

266 5590 493 5660 Concilii
515 5590 991 5660 9'2,acunstitutum
1014 5591 1295 5660 habemus,
1317 5598 1386 5660 ut
1413 5607 1536 5644 cum
1567 5590 1806 5660 episcopi

269 5658 611 5725 ordinantur,
659 5661 726 5717 ab
779 5658 1184 5715 urdinatoribus
1246 5659 1359 5717 suis
1417 5661 1625 5719 litteras
1669 5658 1809 5718 acci-

1921 5604 1976 5644 ut
2006 5595 2151 5646 nulla
2184 5596 2460 5647 altercatio
2515 5596 2578 5646 de
2609 5594 2986 5660 posterioribus
3031 5598 3104 5649 ιέί
3129 5598 3480 5650 antcrioiibm

1917 5664 2137 5718 oriatur.
2173 5664 2379 5718 Concil.
2414 5662 2587 5719 Milcv.
2615 5680 2662 5718 c.
2701 5665 2781 5720 Η.
