4148 6482
559 362 668 422 315

1813 368 2087 429 THEOD.
2130 369 2524 429 BALSAMON

3691 367 3789 431 316

556 473 763 543 synodo
790 471 1007 540 placuit,
1043 483 1097 526 ut
1135 473 1373 541 episcopi
1419 474 1612 543 singuli
1649 477 1717 528 ab
1746 477 1835 539 iis,
1868 493 1895 530 a
1924 479 2120 545 quibus

2245 476 2709 545 εειροτονουμέγων
2762 477 2909 546 παρά
2969 476 3075 529 τῶν
3117 474 3569 544 χειροτονούντων
3609 477 3791 543 γράμ-

555 564 726 617 creati
758 574 900 625 sunt,
950 564 1222 631 episcopis
1275 564 1483 617 litteras
1531 566 1869 634 subsignatas
1903 566 2118 633 accipe-

561 661 706 712 rent,
743 651 937 717 quibus
972 660 1026 704 et
1057 651 1292 705 consulis
1336 667 1528 706 nomen
1563 664 1618 707 et
1649 656 1764 709 dies
1819 655 2120 708 ascribere-

563 749 670 793 tur.
707 739 916 807 Quippe
946 755 1008 794 ex
1062 740 1375 795 consulibus
1433 751 1669 808 tempora
1722 744 2119 808 indicabantur,

2223 583 2366 632 ματα
2420 566 2718 634 λαμϐἀνειν
2772 567 3277 636 ὑπογεγραμμένα,
3337 565 3665 633 περιέχοντα
3701 565 3790 616 τὸν

2222 653 2426 706 ὕπατον
2460 655 2554 707 καὶ
2588 656 2687 724 τὴν
2720 657 2953 725 ἡμέραν.
3015 656 3127 708 Καὶ
3157 656 3222 706 ἐκ
3263 652 3360 705 τοῦ
3390 652 3598 704 ὑπάτου
3630 651 3738 718 γὰρ
3764 654 3791 704 ό

2221 744 2410 811 καιρὸς
2436 745 2733 808 ἐδείκνυτο,
2767 749 2826 798 ἐν
2857 746 3143 814 δημοσίαις
3176 743 3525 811 ἀπογραφαῖς
3559 741 3789 793 ἑκάστου

561 844 681 880 cum
713 831 941 897 publicis
973 835 1337 886 monumentis
1382 834 1701 898 consignata
1737 845 1899 901 atque
1928 845 2122 887 testata

2245 831 2330 884 τῶν
2358 833 2576 886 ὑπάτων
2602 834 2937 903 δηλουμένου
2977 836 3106 887 πότε
3134 835 3460 885 ὑπάτευσεν.

562 920 899 986 singulorum
934 922 1214 975 consulum
1250 924 1466 975 nomina
1504 932 1800 978 exstarent.

563 1011 790 1064 AllIST.
829 1032 846 1062 ε
885 1011 984 1076 Qui
1021 1013 1072 1064 in
1120 1011 1300 1064 Africa
1344 1013 1646 1079 ordinatur,
1681 1014 1824 1068 illius
1870 1015 1959 1082 qui
2007 1030 2125 1067 ma-

641 1121 658 1152 ε
695 1117 821 1154 num
855 1102 1104 1167 imposuit
1151 1101 1357 1154 litteras
1401 1105 1618 1171 propria
1680 1120 1839 1155 manu
1870 1107 2124 1172 scriptas,

639 1209 658 1241 ε
696 1193 834 1244 diem
871 1191 1256 1259 consulemque
1281 1193 1638 1253 continentes,
1674 1192 1934 1258 proferat.
1965 1211 1982 1243 ι

643 1366 711 1420 Ut
740 1366 886 1419 nulla
917 1367 1125 1420 oriatur
1151 1368 1523 1420 contrmersia
1563 1367 1630 1422 de
1665 1368 1933 1434 episcopis
1980 1371 2129 1436 prius

2225 1005 2444 1056 ΔΡΙΣΤ.
2520 1025 2536 1056 ι
2578 1006 2636 1058 '0
2695 1023 2772 1067 ε.ς
2811 1007 2910 1074 τὴν
2973 1005 3237 1074 ’Δφρικὴν
3286 1001 3794 1073 κεχειροτονημένος

2302 1112 2319 1143 ι
2358 1095 2705 1164 ἐπιφερέσθω
2767 1096 2861 1148 τοῦ
2924 1095 3326 1155 ἐπιτεθεικότος
3363 1097 3521 1162 χεῖρα
3570 1091 3787 1158 γραψὴν

2299 1201 2315 1234 ι
2357 1183 2663 1253 ίδιόκειρον,
2694 1185 2791 1253 τὴν
2844 1188 3058 1256 ἡμέραν
3097 1186 3328 1254 ἔχουσαν
3365 1187 3457 1236 καὶ
3513 1184 3604 1235 τὸν
3656 1180 3789 1232 ὕπα-

2303 1293 2319 1323 1
2361 1291 2469 1325 τον.
2511 1294 2528 1324 ι

2299 1366 2395 1415 Διά
2417 1366 2476 1416 τὸ
2505 1367 2576 1432 μή
2601 1383 2722 1417 τινα
2755 1366 2971 1417 ὑπεῖναι
2999 1364 3330 1432 ἀμφιϐολίαν
3354 1365 3482 1430 περὶ
3511 1363 3621 1415 τῶν
3649 1363 3799 1432 πρῶ-

570 1469 661 1512 aut
689 1458 956 1526 posterius
989 1458 1250 1511 ordinatis
1288 1459 1338 1509 in
1371 1458 1574 1519 Africa,
1605 1473 1719 1518 eos,
1752 1459 1842 1524 qui
1871 1459 2130 1512 ordinant

2245 1455 2370 1522 τονῆ
2403 1455 2629 1525 ὕστερον
2662 1455 3146 1524 χειροτονηθέντων
3181 1455 3498 1505 ἐπισκόπων
3527 1455 3584 1505 ἐν
3611 1456 3797 1522 Ἀφρι-

571 1550 714 1612 illos,
750 1547 955 1600 litteras
985 1548 1198 1614 propria
1233 1562 1390 1598 manu
1419 1547 1659 1614 scriptas
1689 1547 1854 1610 diem,
1893 1563 2001 1616 quo
2037 1564 2129 1600 οι·-

577 1638 744 1690 dinati
780 1636 1015 1700 fuerunt,
1050 1647 1102 1690 ct
1134 1637 1528 1704 magistratum,
1567 1638 1656 1704 qui
1697 1639 1766 1691 ibi
1821 1647 1946 1694 tunc
1993 1656 2132 1707 pra:-

579 1727 702 1792 luit,
746 1729 1064 1793 indicantes,
1101 1729 1227 1780 dare
1255 1727 1361 1780 illis
1389 1735 1630 1794 oportet.

1028 1905 1190 1974 325
1222 1904 1453 1960 CANON
1485 1903 1667 1957 xcnt.

2230 1547 2322 1612 κῇ,
2351 1545 2431 1596 δεῖ
2453 1546 2579 1606 τοὺς
2609 1543 3051 1615 χειροτονοῦντας
3101 1545 3295 1605 αὐτοὺς
3328 1545 3636 1610 γράμματα
3665 1541 3797 1594 διδό-

2229 1653 2317 1687 ναι
2341 1637 2526 1698 αὑτοῐς
2576 1638 2931 1705 οἱκειόχειρα,
2965 1637 3230 1703 δηλοῦντα
3279 1637 3379 1701 τὴν
3429 1633 3648 1702 ἡμέραν
3674 1633 3794 1685 καθ’

2233 1727 2300 1794 ἠν
2345 1726 2850 1797 ἐχειροτονήθησαν,
2917 1729 3010 1780 καὶ
3058 1727 3148 1778 τὸν
3205 1727 3384 1776 ἐκεῖσε
3433 1724 3512 1793 τῷ
3550 1723 3674 1774 τότε
3707 1723 3802 1790 ἆρ-

2240 1833 2421 1883 χοντα.

2825 1908 3061 1960 ΚΑΝΩΝ
3103 1907 3216 1972 td".

589 2013 602 2045 ι
635 1993 702 2049 Ut
731 1996 821 2064 qui
855 1996 936 2049 vel
972 1997 1132 2049 semel
1164 1997 1213 2047 in
1250 1997 1474 2050 eccleria
1504 1997 1764 2063 legerunt,
1799 2008 1900 2047 non
1928 1994 2135 2062 possint

2245 1999 2374 2064 “api
2414 1996 2506 2048 τοῦ
2541 1999 2668 2060 τοὺς
2707 1998 2809 2049 xiv
2854 1996 3000 2058 ἅπαξ
3037 1995 3095 2047 ἐν
3143 1997 3208 2064 τῇ
3247 1993 3511 2065 ἐκκλησίᾳ
3541 1994 3802 2060 ἀναγνόν-

655 2107 671 2138 ε
704 2089 770 2140 ab
805 2089 924 2140 aliis
960 2089 1288 2154 promoveri.
1342 2087 1604 2141 Similiter
1637 2086 1856 2154 placuit,
1913 2096 1969 2138 ut
2015 2084 2138 2153 qui-

649 2199 664 2228 ε
706 2193 918 2246 cunque
948 2178 1001 2228 in
1053 2177 1279 2230 ecclesia
1307 2179 1385 2230 vel
1432 2177 1595 2230 semel
1641 2176 1848 2244 lrgel‘il,
1911 2177 1978 2228 ab
2035 2176 2137 2228 alia

651 2289 671 2319 ε
704 2269 930 2322 ecclesia
965 2268 1029 2320 ad
1058 2267 1368 2321 clericatum
1420 2283 1522 2320 non
1567 2267 1888 2320 detineatur.
1925 2266 2138 2320 Etsub-

657 2379 672 2407 ε
706 2359 1056 2426 scripserunt,
1101 2358 1345 2409 Aurelius
1371 2358 1651 2424 episcOpus
1701 2356 1952 2408 Ecclesia:
2002 2355 2137 2407 Car-

659 2470 675 2499 c
713 2450 1047 2516 thagineusis
1083 2449 1326 2515 praesenti
1362 2448 1578 2500 decreto
1607 2447 1873 2508 consensi,
1905 2457 1958 2499 et
2004 2448 2140 2500 lectu

657 2563 673 2588 ε
705 2542 1017 2605 subscripsi.
1085 2537 1340 2592 Similiter
1368 2549 1419 2593 et
1448 2538 1636 2606 reliqui
1700 2539 1938 2606 cpisCupi
2009 2536 2140 2590 sub-

657 2644 676 2676 ε
708 2630 1053 2696 scripserunt.
1095 2646 1124 2679 ιι

654 2798 849 2852 BALS.
885 2799 1129 2851 Nonnulli
1163 2801 1344 2852 dicunt
1378 2801 1443 2854 de
1474 2801 1570 2852 huc
1601 2816 1824 2862 canone,
1862 2802 2002 2864 quod
2035 2799 2145 2851 Vult

588 2890 866 2951 clericum,
915 2891 1004 2956 qui
1060 2892 1109 2942 in
1161 2891 1388 2944 ecclesia
1442 2891 1618 2956 aliqua
1666 2892 1990 2943 constitutus
2039 2901 2141 2951 est,

585 2996 697 3033 non
726 2982 934 3034 admitti
967 2999 1062 3035 nec
1095 2983 1334 3036 ordinari
1383 2983 1449 3034 ab
1483 2981 1589 3035 alio
1633 2981 1908 3049 episcopo,
1965 2982 2008 3035 si
2065 2980 2146 3034 vel

583 3071 753 3123 semel
795 3081 1000 3123 tantum
1047 3073 1099 3124 in
1135 3071 1378 3134 ecclesia,
1437 3071 1489 3124 in
1527 3086 1628 3140 qua
1677 3073 2006 3124 constitutus
2037 3081 2140 3132 est,
2172 3105 2212 3158 ο

587 3157 798 3226 legerit.
830 3161 909 3211 Ad
941 3176 1090 3212 suam
1129 3162 1270 3213 enim
1307 3175 1522 3214 causam
1575 3160 1962 3214 delendendam
2016 3159 2144 3212 alle-

587 3246 808 3312 gabant,
844 3247 984 3315 quod
1020 3263 1124 3301 non
1175 3249 1577 3300 existimaretur
1626 3247 1852 3300 clericus
1880 3248 2141 3310 eccleshe,

589 3336 680 3402 qui
714 3336 764 3388 in
796 3352 856 3390 ea
901 3337 1064 3390 semel
1095 3337 1243 3406 legit.
1279 3337 1380 3388 Alii
1417 3345 1594 3389 autem
1631 3337 1838 3396 dictmt,
1871 3337 2011 3388 hanc
2043 3350 2144 3388 non

587 3437 714 3477 esse
743 3424 873 3477 satis
902 3425 1110 3478 ﬁrmam
1161 3426 1446 3479 rationem.
1477 3425 1553 3478 Es
1591 3438 1655 3477 eo
1691 3426 1831 3476 enim
1867 3423 2008 3491 quod
2059 3437 2148 3477 or-

597 3515 813 3567 dinatus
844 3514 1007 3567 fuerit
1053 3507 1105 3567 et
1139 3515 1506 3566 characterem
1555 3513 1873 3581 susceperit,
1912 3511 1971 3566 iit
2003 3513 2150 3580 quis-

595 3604 737 3670 piam
771 3603 1020 3666 clericus,
1053 3604 1262 3656 etiamsi
1298 3604 1350 3656 in
1400 3602 1631 3655 ecclesia
1673 3617 1778 3654 non
1833 3604 2038 3671 legerit.
2089 3603 2152 3656 Et

595 3693 1020 3761 interpretantur
1045 3694 1401 3746 canonemde
1436 3693 1517 3753 iis,
1555 3694 1643 3759 qui
1671 3692 1837 3745 solam
1876 3701 2148 3746 tonsuram

587 3783 662 3834 ab
691 3783 932 3836 antistite
985 3792 1330 3850 acceperunt,
1383 3792 1438 3835 et
1471 3798 1533 3834 ex
1570 3783 1980 3843 consuetudine,
2033 3794 2150 3834 tan-

591 3888 753 3941 quam
809 3888 904 3940 pro
962 3871 1132 3926 forma
1180 3873 1444 3936 lectionis,
1502 3873 1757 3922 dixerunt
1802 3871 2148 3938 apostolicam

589 3964 659 4013 ad
691 3960 1027 4016 Timotheum
1063 3961 1383 4028 Epistolam,
1427 3976 1542 4025 seu,
1584 3960 1691 4014 Fili
1739 3961 2021 4026 Timotheo,
2076 3964 2148 4015 sis

595 4053 797 4105 sobrius
819 4054 870 4105 in
897 4055 1130 4107 omnibus
1149 4053 1228 4108 “z
1259 4061 1313 4106 et
1336 4053 1542 4114 dicunt,
1563 4068 1627 4105 ex
1665 4053 1911 4118 praesenti
1943 4068 2151 4106 canone

593 4158 701 4196 non
750 4158 906 4210 posse
934 4158 1106 4210 eos,a
1159 4158 1319 4196 manu
1369 4143 1482 4211 ejus
1533 4142 1620 4208 qui
1670 4143 1813 4209 ipsus
1862 4143 2149 4208 ordinavit,

591 4243 818 4302 propter
853 4234 1021 4288 solam
1055 4233 1292 4301 episcopi
1329 4243 1624 4296 tonsuram,
1671 4233 1786 4285 sine
1818 4233 1935 4299 ejus
1966 4233 2154 4285 volun-

2317 2105 2334 2136 ε
2371 2102 2467 2147 τας
2521 2086 2594 2154 μὴ
2626 2085 2880 2136 δὶνασθαι
2941 2082 3044 2134 ὑπὸ
3101 2083 3275 2134 ἄλλων
3333 2081 3801 2151 προχειρίζεσθαι.

2313 2193 2330 2225 ι
2372 2175 2604 2241 Ὁμοίως
2650 2177 2863 2243 ἤρεσεν,
2905 2174 2991 2225 ἱνα
3023 2174 3173 2235 ὅστις
3200 2171 3396 2241 δήποτε
3431 2175 3489 2225 ἐν
3511 2171 3804 2241 ἐκκλησία,

2317 2284 2334 2316 ε
2371 2267 2470 2317 κᾶν
2504 2267 2648 2330 απαξ
2698 2264 2936 2332 ἀναγνῷ,
2983 2263 3077 2316 ἀπ’
3120 2263 3286 2330 ἄλλης
3321 2263 3619 2331 ἐκκλησίας
3668 2262 3806 2333 πρὸς

2315 2376 2331 2406 ε
2367 2357 2639 2424 κλήρωσιν
2665 2355 2740 2423 μὴ
2767 2353 3208 2422 κατέχηται.Καλ
3231 2352 3558 2420 ὑπέγραψαν
3577 2365 3591 2380 ⁸
3630 2351 3810 2419 Αίιρή⁴

2312 2465 2329 2496 ε
2367 2449 2477 2507 λιος
2515 2447 2811 2505 ἐπίσκοπος
2840 2445 2935 2511 τῆς
2967 2445 3022 2495 ἐν
3061 2443 3371 2512 Καρχηδόνι
3403 2441 3701 2511 ἐκκλησίας
3729 2443 3807 2510 τῷ

2310 2557 2326 2586 ι
2371 2539 2596 2604 παρόντι
2626 2535 2938 2601 ψηφίσματι
2968 2534 3255 2602 συνῄνεσα,
3288 2535 3380 2585 καὶ
3407 2531 3808 2599 ἀναγνωσθέντι

2312 2645 2327 2669 ο
2365 2623 2676 2690 ὑπέγραψα.
2718 2620 2952 2688 Ὁμοίως
2983 2623 3076 2673 καὶ
3100 2621 3151 2672 ol
3185 2620 3360 2672 λοιποὶ
3389 2621 3683 2672 ἐπίσκοποι
3709 2620 3807 2672 ὺπ-

2323 2731 2339 2759 ε
2381 2710 2646 2777 ἔγραψαν.
2692 2727 2709 2759 ι

2317 2803 2512 2854 ΒΑΛΣ.
2547 2800 2700 2860 Τινὲς
2738 2800 2835 2867 μὲν
2881 2799 3098 2865 λέγουσι
3133 2797 3262 2868 περὶ
3303 2797 3399 2849 τοῦ
3433 2797 3657 2861 κανόνος
3687 2799 3810 2851 τού-

2245 2907 2338 2942 του
2361 2892 2442 2943 ὅτι
2475 2889 2724 2957 βούλεται
2747 2888 2836 2940 τὸν
2864 2886 3245 2952 καταταγέντα
3301 2885 3566 2955 κληρικὺν
3595 2889 3674 2949 είς
3716 2888 3809 2939 ἐκ·

2250 2981 2477 3047 κλησίαν
2537 2981 2610 3048 μὴ
2666 2979 2917 3047 δέχεσθαι
2992 2978 3124 3047 μηδέ
3199 2977 3626 3046 χειροτονεῖσθαι
3683 2976 3812 3048 παρ’

2250 3073 2436 3140 ἐτέρου
2465 3071 2784 3128 ἐπισκόπου,
2831 3070 2933 3122 κᾶν
2967 3069 3109 3134 ἅπαξ
3135 3069 3344 3136 ἀνέγνω
3373 3071 3451 3130 είς
3485 3069 3554 3137 ἢν
3578 3070 3812 3121 κατετά·

2246 3180 2315 3228 γη
2348 3162 2659 3229 ἐκκλησίαν.
2715 3160 3081 3228 Προεϐάλοντο
3134 3159 3240 3226 γάρ
3286 3174 3455 3221 τινες,
3500 3159 3579 3220 ὠς
3609 3159 3814 3210 δικαιο-

2249 3253 2481 3318 λόγημα,
2532 3251 2591 3302 τδ
2627 3251 2701 3319 μὴ
2749 3250 3058 3316 λογίζεσθαι
3091 3249 3349 3318 κληρικδν
3381 3248 3681 3317 ἐκκλησίας
3723 3250 3816 3302 τὸν

2249 3341 2394 3403 ἅπαξ
2429 3343 2484 3392 ἐν
2516 3341 2652 3407 αὐτῇ
2682 3340 3004 3405 ἀναγνόντα.
3031 3339 3246 3407 Ἕτεροι
3272 3339 3327 3390 δὲ
3357 3339 3610 3404 λέγωσιν
3642 3339 3724 3391 δτι
3751 3341 3811 3392 τδ

2246 3431 2484 3483 τοιοῦτον
2505 3430 2896 3498 δικαιολόγημα
2927 3429 3122 3497 σαθρόν
3147 3430 3315 3482 ἐστιν.
3338 3428 3478 3482 Ἀπὸ
3509 3429 3674 3498 μόνου
3700 3429 3808 3500 γὰρ

2249 3521 2341 3571 τοῦ
2394 3521 2762 3587 καταταγῆναι
2829 3521 2922 3572 καὶ
3001 3518 3401 3588 σφραγισθῆναι
3436 3517 3702 3589 κληρικός
3728 3537 3812 3582 τις

2251 3610 2474 3674 γίνεται,
2506 3610 2606 3660 κᾶν
2627 3609 2712 3660 ἐπ’
2739 3607 3033 3676 ἐκκλησίας
3081 3608 3178 3660 οὐκ
3208 3606 3443 3676 ἀναγνῷ.
3490 3608 3598 3660 Καὶ
3631 3609 3806 3677 ἐρμη·

2251 3700 2465 3750 νεύουσι
2501 3699 2592 3752 τὸν
2625 3699 2823 3752 κανόνα
2871 3700 2950 3759 είς
2989 3697 3112 3759 τοὺς
3138 3695 3463 3764 δεξαμένους
3497 3697 3668 3765 μόνην
3697 3700 3818 3749 ἐπι-

2251 3789 2472 3856 κουρίδα
2513 3792 2665 3856 παρά
2721 3791 3040 3858 ἀρχιερέως,
3074 3789 3168 3840 καὶ
3222 3787 3363 3838 κατὰ
3395 3787 3493 3855 τὴν
3524 3787 3812 3855 συνήθειαν

2252 3881 2522 3939 εἰπόντας,
2551 3877 2622 3938 ὡς
2660 3879 2718 3929 ἐν
2747 3877 2877 3929 εῖδει
2897 3877 3338 3944 ἀναγνὼσματος,
3363 3875 3461 3943 την
3487 3875 3624 3944 πρὸς
3655 3876 3818 3942 Τιμό-

2251 3965 2371 4016 θεον
2424 3963 2785 4032 ἀποστολικὴν
2831 3964 3140 4031 ἐπιστολὴν,
3187 3964 3355 4028 ἤγουν
3404 3962 3508 4024 τὸ,
3565 3961 3814 4028 Τέκνον,

2257 4053 2510 4122 Τιμόθεε,
2541 4054 2695 4120 νῆφε
2725 4054 2794 4106 ἐν
2838 4051 2988 4108 πᾶσι
3013 4069 3028 4084 ⁸
3057 4054 3147 4106 καὶ
3174 4054 3386 4119 λέγουσι
3419 4052 3555 4121 μηδέ
3587 4053 3809 4115 τούτους

2251 4145 2504 4196 δύνασθαι
2550 4145 2656 4197 ἀπὸ
2688 4144 2784 4198 τοῦ
2840 4145 3104 4214 παρόντος
3135 4144 3355 4205 κανόνος
3395 4144 3459 4196 ἐκ
3504 4143 3603 4211 τῆς
3635 4145 3817 4213 χειρὸς

2253 4234 2344 4286 τοῦ
2401 4237 2794 4302 σφραγίσαντος
2861 4233 3054 4296 αὐτοὺς
3098 4235 3186 4286 διὲ
3247 4233 3413 4302 μόνης
3471 4235 3817 4304 ἐπικουρίδος

595 4331 702 4375 tate
731 4321 984 4386 transire,
1017 4331 1071 4374 et
1100 4322 1164 4372 ad
1201 4322 1357 4373 aliain
1391 4320 1673 4374 ecclesiam
1713 4319 2004 4374 transilire.
2039 4320 2145 4374 Etsi

2255 4327 2554 4376 ἐπισκόπου
2595 4323 2954 4391 μεταπίπτειν
2986 4325 3153 4392 χωρὶς
3180 4323 3403 4392 γνώμης
3454 4324 3689 4386 ἐκείνου,
3724 4328 3816 4378 καὶ

588 4415 738 4469 enim
772 4430 875 4468 non
907 4424 1032 4468 sunt
1065 4414 1117 4466 in
1150 4413 1354 4466 clerum
1384 4413 1642 4474 ordinati,
1695 4412 1786 4465 sed
1823 4421 2000 4464 tamen
2037 4413 2145 4480 cpi-

2252 4417 2330 4476 είς
2379 4415 2572 4484 ἑτέραν
2627 4413 2922 4481 ἐκκλησίαν
2969 4413 3337 4481 μεταϐαίνειν.
3399 4413 3515 4464 Κᾶν
3563 4414 3670 4483 γὰρ
3719 4415 3819 4466 οὐκ

595 4506 865 4574 scopalcm
905 4514 1180 4556 tonsuram
1239 4511 1620 4569 susceperunt,
1671 4510 1726 4554 et
1780 4501 2145 4555 existimantur

2253 4505 2494 4572 [φθασαν
2537 4501 2912 4571 καταταγῆναι
2943 4503 3022 4564 είς
3049 4502 3274 4572 κλῆρον,
3325 4501 3438 4554 ἀλλ’
3462 4503 3609 4570 ὅμως
3644 4520 3818 4571 σφρα-

596 4611 717 4648 esse
751 4609 876 4663 pars
901 4595 1143 4648 ecclesiae
1174 4593 1316 4660 ejus,
1351 4594 1441 4660 qui
1481 4593 1585 4645 illis
1620 4608 1812 4645 manus
1866 4592 2146 4660 imposuit.

598 4685 664 4738 Et
696 4685 728 4736 ii
762 4685 1011 4737 videntur
1061 4684 1190 4736 mihi
1241 4697 1502 4737 canonem
1555 4684 1859 4736 accuratius
1894 4683 2156 4751 interpre-

599 4787 718 4829 lzarl.

669 4950 921 5004 ZONAR.
967 4953 1389 5008 Innumerabiles
1416 4960 1629 5004 exstant
1679 4966 1912 5006 canones
1963 4952 2159 5021 quibus

600 5043 784 5095 clerici
836 5059 966 5096 suas
1014 5045 1271 5099 ecclesias
1319 5047 1641 5110 relinquere,
1693 5055 1748 5098 et
1802 5045 1866 5098 ad
1915 5045 2050 5098 alias
2097 5059 2156 5098 se

601 5134 852 5187 conferre
881 5137 1249 5203 prohibentur.
1282 5135 1425 5190 Idem
1485 5137 1569 5189 hic
1600 5150 1812 5202 quoque
1845 5149 2014 5188 canon
2048 5150 2154 5188 non

603 5221 719 5275 sine
767 5222 945 5290 aliquo
995 5225 1153 5279 etiam
1199 5226 1463 5288 auetario,
1519 5227 1780 5280 decernit.
1840 5226 2154 5280 Auctarium

605 5324 734 5362 vero
760 5310 888 5363 illud
917 5324 1018 5373 est,
1054 5323 1111 5368 ut
1141 5315 1185 5368 si
1243 5315 1322 5367 vel
1367 5314 1531 5368 semel
1588 5324 1793 5367 tantum
1834 5315 1883 5367 in
1931 5314 2155 5368 ecclesia

605 5400 786 5466 aliqua
823 5401 1113 5470 quispiam,
1147 5406 1296 5473 quasi
1327 5406 1442 5474 ejus
1469 5405 1611 5458 clero
1661 5405 1950 5472 ascriptus,
2014 5406 2158 5474 lege-

608 5491 702 5556 tit,
731 5491 784 5546 in
815 5492 915 5545 alia
943 5507 1011 5548 ne
1041 5494 1379 5550 admittatur.
1435 5495 1697 5550 Videntur
1725 5496 1867 5550 enim
1920 5496 2161 5554 nonnum

715 5668 758 5700 “
793 5667 835 5722 ll
858 5667 998 5723 Tim.
1024 5684 1099 5735 tr,
1127 5669 1178 5724 5.

2253 4597 2374 4663 γῖδα
2410 4594 2771 4664 ἐπισκοπικὴν
2832 4595 3103 4656 ἐδέξαντο,
3149 4596 3244 4647 καὶ
3295 4593 3603 4660 λογίζονται
3669 4595 3809 4664 μέρη

2257 4689 2353 4754 τῆς
2377 4686 2670 4750 ἐκκλησίας
2697 4686 2788 4737 τοῦ
2814 4685 3295 4754 χειροθετήσαντος
3343 4682 3557 4744 αὐτούς.
3590 4684 3701 4735 Καὶ
3728 4684 3815 4734 δο-

2260 4769 2415 4822 κοῦσί
2443 4785 2532 4835 μοι
2562 4769 2760 4838 μᾶλλον
2783 4766 2925 4822 οὗτοι
2968 4769 3358 4838 ἀκριϐέστερον
3378 4768 3468 4820 τὸν
3498 4769 3699 4821 κανόνα
3731 4770 3820 4839 ἐρ-

2262 4859 2516 4928 μηνεύειν

2332 4950 2573 5004 ΖΩΝΑΡ.
2603 4951 2802 5020 Μυρίοι
2833 4949 3049 5011 κανόνες
3081 4947 3240 5012 είσὶν,
3273 4950 3321 5000 oi
3373 4948 3675 5012 κωλύοντες
3697 4950 3821 5013 τοὺς

2260 5044 2552 5112 κληρικοὺς
2616 5042 2690 5110 μὴ
2737 5041 3172 5108 καταλιμπάνειν
3228 5038 3324 5100 τὰς
3379 5041 3584 5102 οἰκείας
3620 5042 3820 5110 ἐκκλη-

2261 5134 2402 5193 σίας,
2435 5132 2526 5183 καὶ
2585 5129 2980 5199 προσέρχεσθαι
3041 5128 3246 5190 ἄλλαις.
3304 5126 3476 5180 Τοῦτο
3525 5128 3619 5180 οὖν
3665 5131 3756 5182 καὶ
3794 5130 3820 5183 ό

2261 5221 2448 5290 παρὼν
2508 5221 2684 5272 κανὼν
2717 5220 2852 5285 μετά
2891 5219 3208 5287 προσθήκης
3251 5217 3442 5286 ὁρίζει.
3485 5218 3550 5270 Ἦ
3576 5219 3633 5272 δὲ
3659 5236 3822 5289 προσ-

2265 5313 2405 5380 θήκη
2445 5311 2559 5362 ἐστὶ
2603 5313 2684 5374 τὸ,
2726 5308 2826 5361 κᾶν
2878 5308 3029 5370 ἅπαξ
3065 5308 3276 5373 ἀνέγνω
3327 5311 3384 5359 ἐν
3419 5308 3705 5380 ἐκκλησίᾳ,
3746 5310 3819 5372 ὡς

2266 5406 2440 5455 ἐκεῖσε
2470 5400 2797 5466 καταταγεὶς
2819 5438 2833 5460 ,
2891 5399 2966 5468 μὴ
3022 5396 3422 5466 παραδέχεσθαι
3453 5399 3586 5467 παρ’
3628 5399 3818 5466 ἑτέρας

2267 5490 2584 5563 ἐκκλησίας.
2620 5491 2800 5545 Ἐοικε
2823 5488 2928 5558 γὰρ
2955 5489 3038 5542 ὅτι
3068 5485 3462 5557 προεϐάλλοντο
3488 5487 3649 5542 τοῦτό
3676 5505 3817 5553 τινες
