4148 6464
311 372 411 434 3l7
1327 375 1441 447 ΣΙΝ
1479 385 1647 445 CAN.
1688 386 1881 445 XClll
1923 388 2132 446 CONC.
2158 388 2532 448 CARTIIAG.
3449 393 3550 456 318

308 485 383 547 ὡς
415 484 832 554 δικαιολόγημα,
881 489 961 540 ὅτι
993 492 1038 542 ol
1071 491 1294 553 κανόνες
1351 493 1616 560 περὶτῶν
1663 494 1874 561 χρόνων

1993 508 2096 546 tam
2129 500 2526 551 excusationem
2563 500 2721 554 veluti
2751 500 2952 570 justam
2979 505 3353 573 praetexuisse,
3382 519 3548 559 cano-

307 575 428 628 τινά
457 576 656 645 διαρκῆ
694 578 1031 647 ποιησάντων
1061 585 1118 633 ἐν
1171 583 1354 651 κλήρῳ
1384 583 1546 647 φασίν
1570 600 1582 613 -
1620 585 1668 634 el
1712 583 1766 634 δέ
1793 601 1877 645 τις

1993 598 2077 637 nes
2107 585 2354 639 videlicet
2381 589 2444 639 de
2475 589 2564 651 iis,
2617 592 2707 658 qui
2743 593 2968 645 multum
3005 597 3264 662 temporis
3301 596 3352 647 in
3389 595 3539 648 clero

309 667 453 732 ἅπαξ
477 669 536 720 ἐν
568 667 831 738 ἐκκλησίᾳ
857 670 1086 737 ἀνέγνω,
1113 672 1326 737 ἐξέσται
1355 673 1522 742 αύτῷ,
1547 674 1621 734 ὡς
1650 675 1878 744 μηδενὸς

1993 673 2238 741 egissent,
2275 691 2396 729 esse
2452 678 2869 748 intelligendos:
2924 685 2968 737 si
3017 685 3138 750 quis
3190 698 3318 736 vero
3379 684 3551 739 semel

309 755 501 820 καιροῦ
552 759 855 824 γεγονότος,
898 760 1195 829 ἀναχωρεῖν
1236 764 1463 816 ἐκεῖθεν.
1503 762 1676 815 Τοῦτο
1717 759 1872 833 οὖνὴ

1993 772 2188 817 tantum
2221 766 2275 819 in
2309 767 2532 821 ecclesia
2570 769 2812 838 legisset,
2841 772 2975 836 nihil
3011 774 3229 828 obstare
3261 776 3550 840 quominus

310 846 526 908 σύνοδος
546 849 930 917 ἀνατρέπουσα
966 850 1068 919 ἔφη
1099 852 1202 914 δτι,
1246 852 1362 905 Κᾶν
1397 852 1541 917 ἅπαξ
1587 853 1795 918 ἀνέγνω
1820 856 1877 906 ὲν

1993 852 2080 918 illi,
2120 863 2302 922 utpote
2335 857 2480 910 nullo
2513 867 2751 927 tempore
2787 861 2859 915 ibi
2893 864 2960 916 ab
3015 863 3105 916 illo
3144 873 3442 925 transacto,
3478 864 3545 917 ab

306 935 594 1006 ἐκκλησίᾳ,
626 939 992 1003 άπρόσδεκτος
1027 939 1177 990 ἔσται
1201 941 1470 1010 ἐκκλησίᾳ
1502 941 1688 1010 ἑτέρᾳ.

1979 956 2040 996 ea
2094 946 2344 999 secedere
2397 947 2606 1005 liceret.
2661 949 3024 1014 Quamobrem
3078 953 3180 1006 hoc
3217 953 3536 1019 improbato,

307 1030 545 1098 synodus
572 1045 714 1095 eum,
742 1031 830 1101 qui
864 1030 944 1084 vel
976 1029 1140 1084 semel
1172 1041 1376 1085 tantum
1415 1033 1465 1084 in
1504 1047 1608 1084 una
1641 1031 1868 1084 ecclesia
1902 1032 2121 1088 lectoris
2167 1051 2360 1092 munus
2387 1038 2605 1105 obierit,
2655 1040 2706 1093 in
2780 1040 2882 1094 alia
2934 1041 3100 1108 recipi
3182 1043 3404 1107 ompiuo
3460 1057 3551 1096 vc-

310 1127 412 1171 ιιι.

307 1207 529 1262 ΔΡΙΣΤ.
573 1225 592 1260 ι
633 1207 694 1260 ’0
724 1208 827 1262 κᾶν
861 1208 1006 1276 ᾶπαξ
1041 1213 1119 1273 είς
1165 1213 1461 1279 ἐκκλησίαν
1491 1216 1752 1282 ἀναγνοὺς
1783 1216 1876 1267 ὑπ’

559 1317 578 1349 ι
616 1299 780 1369 ἄλλης
811 1302 884 1370 μὴ
909 1303 1146 1372 δεχέσθω
1174 1305 1251 1364 είς
1277 1305 1568 1373 κλήρωσιν.
1605 1324 1622 1354 ι

376 1388 452 1440 Τὸ
480 1388 760 1457 ἀλλότριον
818 1391 1080 1460 κληρικδν
1108 1391 1197 1456 ὑφ’
1232 1394 1418 1461 ἐτέρου
1468 1395 1874 1463 παραδέχεσθαι

310 1480 610 1532 ἐπισκόπου
659 1483 830 1534 πᾶσαι
886 1486 939 1534 αί
971 1484 1177 1536 σύνοδοι
1205 1485 1542 1537 διεκώλυσαν
1565 1504 1576 1516 ·
1609 1487 1712 1540 κᾶν
1747 1488 1875 1553 γοῦν

308 1568 454 1632 ἅπαξ
493 1572 574 1631 είς
597 1572 892 1640 ἐκκλησίαν
936 1574 964 1624 ό
989 1574 1290 1643 κληρωθεὶς
1319 1577 1376 1627 ἐν
1402 1577 1536 1647 αὐτῇ
1590 1577 1686 1638 τάς
1724 1579 1877 1647 ἱερὰς

311 1658 528 1726 βίϐλους
552 1660 628 1729 τῷ
647 1660 763 1729 λαῷ
812 1663 1122 1729 ὑπανέγνω,
1172 1666 1263 1733 ὑφ’
1318 1665 1512 1736 ἐτέρας
1549 1667 1629 1729 είς
1675 1667 1874 1737 κλῆρον

309 1749 720 1818 παραδεχθῆναι
740 1753 799 1804 ού
821 1753 1272 1824 συγκεχώρηται.

1985 1215 2212 1270 AlllST.
2251 1236 2269 1268 ι
2303 1217 2401 1282 Qui
2453 1221 2615 1273 etiam
2653 1221 2821 1274 semel
2861 1231 3067 1275 tantum
3104 1222 3154 1275 in
3211 1222 3440 1277 ecclesia
3477 1223 3553 1278 le-

2189 1329 2206 1359 ‹
2236 1313 2330 1379 git,
2363 1313 2429 1363 ab
2460 1313 2638 1363 aliain
2674 1312 2870 1364 clerum
2909 1327 2978 1364 ne
3005 1312 3341 1365 admittatur.

2062 1399 2313 1451 Alienum
2385 1401 2642 1454 clericum
2697 1403 2764 1455 ab
2806 1403 2977 1455 altero
3032 1404 3240 1457 admitti
3295 1405 3551 1470 episcopo

1985 1504 2174 1541 omnes
2205 1491 2396 1558 synodi
2427 1501 2628 1545 vetant.
2661 1493 2919 1558 Quamvis
2952 1494 3135 1561 itaque
3171 1494 3336 1546 semel
3371 1496 3459 1562 qui
3498 1495 3552 1546 in

1983 1578 2208 1634 ecclesia
2277 1580 2504 1635 clericus
2536 1582 2615 1646 fit,
2673 1583 2723 1634 in
2753 1597 2816 1636 ea
2862 1597 3049 1637 sacros
3106 1584 3271 1638 libros
3344 1584 3540 1652 populo

1985 1669 2142 1736 legat,
2211 1673 2277 1724 ab
2330 1671 2431 1724 alia
2497 1672 2550 1726 in
2608 1671 2812 1726 clerum
2886 1672 3049 1742 recipi
3125 1689 3228 1729 non
3285 1673 3553 1744 permittio

1988 1770 2093 1813 tur.

322 1840 406 1891 Ἐν
429 1841 604 1913 ταύτῃ
655 1844 721 1911 τῇ
763 1845 966 1914 συνόδῳ
1019 1847 1414 1914 ἐμφανίζονται
1460 1864 1527 1904 τα
1562 1853 1875 1922 πραχθέντα

2059 1868 2077 1900 ι
2113 1851 2167 1903 ln
2223 1850 2322 1904 hac
2375 1853 2580 1920 synodo
2631 1853 2942 1908 referuntur
2969 1862 3122 1923 gesta
3149 1855 3554 1923 episcOporum,

384 1949 403 1982 ι
436 1930 543 1982 ὑπὸ
575 1930 683 1983 τῶν
710 1932 886 2000 πέραν
916 1934 1013 2002 τῆς
1051 1934 1329 2006 θαλάσσης
1354 1939 1767 1993 ἀποσταλέντων
1790 1958 1878 1993 το-

383 2041 403 2074 ι
441 2025 768 2093 ποτηρητῶν
793 2027 1107 2080 ἐπισκόπων
1144 2030 1235 2081 ἐπὶ
1285 2029 1378 2081 τοῦ
1407 2031 1749 2094 ἐνδοξοτάτου
1785 2031 1880 2099 βα-

378 2131 397 2166 ι
432 2115 624 2176 σιλέως
655 2116 938 2169 Θεοδοσίου
969 2119 1064 2170 τοῦ
1118 2119 1432 2187 Αὐγούστου
1469 2123 1563 2174 καὶ
1603 2122 1881 2191 Ῥουμορί-

381 2224 400 2256 ι
431 2205 524 2258 δου
553 2206 648 2259 τοῦ
677 2207 1062 2276 λαμπροτάτου
1098 2211 1301 2263 ὑπάτου
1331 2214 1396 2281 τῇ
1443 2212 1546 2281 πρὸ
1578 2212 1727 2266 ὀκτὼ
1765 2215 1882 2266 Κα-

381 2315 400 2347 c
434 2297 642 2349 λανδῶν
687 2297 1080 2366 Σεπτεμϐρίων
1103 2300 1160 2352 ἐν
1205 2301 1515 2369 Καρχηδόνι
1544 2303 1624 2364 είς
1655 2302 1754 2363 τὴν
1788 2303 1881 2355 ἐκ·

383 2404 402 2436 ι
441 2385 674 2455 κλησίαν
712 2386 1030 2440 Σεκούνδου.
1067 2406 1084 2438 ι

310 2476 575 2545 Αὐρήλιος
605 2477 899 2540 ἐπίσκοπος
947 2479 1003 2529 ἐν
1036 2478 1185 2549 πάσῃ
1207 2481 1273 2549 τῇ
1313 2479 1517 2548 συνόδῳ
1541 2481 1881 2550 προκαθίσας

307 2569 341 2594 ’⁸
376 2569 740 2638 παρεστώτων
762 2568 868 2620 τῶν
914 2569 1173 2621 διακόνων
1215 2567 1368 2621 εἶπεν
1391 2586 1406 2600 ο
1453 2588 1471 2621 ι
1509 2571 1680 2636 Λόγου
1710 2573 1878 2625 ἀπαιο

382 2675 403 2709 ι
438 2659 760 2727 τήσαντοςή
797 2659 1044 2726 ὑμετέρα
1075 2661 1374 2728 ἀδελφότης
1409 2663 1559 2730 παρά
1612 2662 1711 2728 τῆς
1738 2663 1877 2730 ἐμῆς

382 2769 404 2803 ι
444 2753 795 2821 μετριότητος
823 2754 902 2813 είς
927 2751 1132 2820 ταύτην
1161 2752 1258 2820 τὴν
1287 2751 1502 2804 σύνοδον
1529 2755 1875 2823 προετράπη.

387 2859 406 2893 ι
439 2842 711 2896 Ἐκπαλαι
730 2843 840 2911 γὰρ
877 2843 954 2904 ὡς
973 2842 1243 2912 μέμνηται
1267 2845 1298 2912 ἠ
1327 2843 1562 2912 ὑμετέρα
1581 2845 1882 2910 ἁγιωσύνῃ,

383 2951 402 2984 ι
437 2934 655 2986 συνόδου
683 2933 968 3002 λεχθείσης
987 2934 1390 3001 ἀπεστείλαμεν
1431 2933 1696 2997 ἀδελφοὺς
1722 2931 1882 2999 ἡμῶν

390 3043 411 3074 ι
443 3025 579 3094 πρὸς
609 3024 676 3076 τά
707 3024 882 3093 πέραν
918 3023 1017 3090 τῆς
1041 3021 1318 3091 θαλάσσης
1351 3022 1751 3091 τοποτηρητάς,
1785 3023 1882 3085 οὒς

385 3134 405 3167 ε
441 3114 608 3185 ἐχρῆν
639 3115 697 3165 ἐν
726 3118 790 3183 τῇ
813 3113 1119 3165 συνελεύσει
1141 3114 1237 3180 τῆς
1265 3114 1536 3182 ὑμετέρας
1567 3112 1881 3178 ἁγιωσύνης
1908 3155 1951 3214 C

394 3224 412 3256 ι
449 3206 547 3275 τὴν
580 3207 796 3274 κίνησιν
825 3205 1189 3273 διηγήσασθαι
1217 3206 1316 3274 τῆς
1361 3203 1716 3273 ἐξανυθείσης
1745 3221 1879 3273 πρε-

386 3314 404 3347 t
443 3295 628 3359 σδείας
650 3311 666 3326 ’
701 3297 796 3348 καὶ
820 3295 925 3348 κᾶν
965 3296 1025 3346 ἐν
1058 3297 1120 3363 τῇ
1147 3295 1367 3364 χθεσινῇ
1406 3295 1589 3364 ἡμέρα
1631 3294 1880 3361 περὶτοῦ

393 3406 410 3436 ι
447 3385 612 3438 αὑτοῦ
644 3387 970 3453 πράγματος
1018 3384 1373 3444 καθεσθέντες
1424 3385 1488 3434 ἐκ
1536 3382 1644 3434 τῶν
1680 3382 1883 3448 ἐκκλη-

389 3493 410 3526 ι
449 3474 746 3528 σιαστικῶν
808 3475 1153 3545 πραγμάτων
1220 3472 1496 3540 ἐπιμελῶς
1549 3470 1584 3524 ἃ
1637 3469 1884 3541 ἔπραξαν

390 3582 410 3617 ι
446 3564 876 3634 ἐψηλαφήσαμεν
897 3582 910 3595 ·
943 3568 1095 3634 ὅμως
1129 3568 1329 3635 πρέπει
1356 3569 1593 3636 σήμερον
1631 3567 1730 3634 τὴν
1757 3568 1886 3617 ἀνα·

391 3674 412 3708 ε
447 3657 668 3725 ζήτησιν
692 3657 790 3724 τῆς
821 3656 1074 3725 χθεσινῆς
1106 3659 1317 3725 ἡμέρας
1341 3661 1453 3718 τοῖς
1508 3656 1887 3727 ἐκκλησιαστι-

392 3764 412 3798 ι
446 3748 560 3807 κοῖς
600 3747 1012 3814 πεπραγμένοις
1063 3746 1435 3813 ἐμόεδαιῶσαι
1473 3747 1558 3799 διὰ
1590 3748 1716 3809 τοὺς
1766 3748 1887 3797 ἐπιο

393 3855 412 3889 ι
453 3836 684 3897 σκόπους
727 3835 834 3888 τῶν
877 3837 1157 3906 ἐπαρχιῶν
1208 3837 1306 3904 τῆς
1347 3836 1618 3906 Ἀφρικῆς
1648 3836 1776 3897 τοὺς
1813 3837 1885 3905 μὴ

398 3947 415 3979 ι
454 3925 929 3997 παραγενομένους
972 3929 1028 3978 ἐν
1053 3928 1118 3995 τῇ
1153 3926 1401 3997 παρούσῃ
1435 3928 1657 3995 συνόδῳ.
1697 3925 1759 3977 Ἢ
1791 3925 1888 3977 τά·

398 4038 415 4070 ι
447 4019 526 4084 ξις
560 4014 652 4070 οὖν
687 4019 906 4070 ἀπαιτεί
930 4017 1035 4069 τῶν
1064 4017 1420 4085 πραγμάτων,
1454 4019 1539 4068 ἴνα
1565 4020 1622 4070 ἐν
1655 4015 1888 4085 πρώτοις

399 4127 417 4159 ι
450 4107 599 4175 π-ςρὰ
627 4106 734 4159 τῶν
789 4105 1053 4172 ἀδελφῶν,
1097 4107 1189 4157 καὶ
1238 4105 1534 4174 συνιερέων
1566 4105 1741 4173 ἡμῶν,
1783 4106 1890 4158 τῶν

396 4215 414 4248 ι
445 4197 581 4265 πρὸς
606 4195 812 4263 ταύτην
837 4194 936 4266 τὴν
982 4195 1200 4247 σύνοδον
1247 4197 1356 4248 εἴτε
1393 4197 1456 4248 ἐκ
1488 4196 1578 4248 τοῦ
1620 4195 1888 4259 Βυζακίου

397 4305 414 4336 ι
453 4287 558 4338 είτε
595 4283 702 4338 ἀπὸ
730 4283 1102 4353 Μαυριτανίας
1130 4284 1604 4352 παραγενομένων,
1642 4284 1888 4354 ζητήσω-

391 4392 409 4425 ι
441 4390 576 4443 μιν,
630 4372 745 4432 πῶς
799 4373 1097 4440 συμφέρειν
1160 4371 1485 4441 ψηφίξονται
1523 4376 1587 4442 τῇ
1640 4371 1892 4443 παρούσῃ

1984 1960 2002 1992 ι
2032 1941 2124 2010 qui
2189 1940 2348 2010 legati
2401 1944 2540 1996 ultra
2575 1960 2723 1997 mare
2750 1946 2897 1999 missi
2930 1955 3074 2011 sunt,
3109 1948 3210 2000 sub
3240 1946 3553 2001 clarissimo

1982 2050 2001 2083 ι
2038 2034 2361 2098 imperatore
2436 2033 2744 2089 Theodosio
2812 2038 3076 2106 Augusto,
3144 2047 3198 2091 et
3255 2037 3552 2091 Rumorido

1983 2142 2002 2175 ι
2032 2123 2398 2179 illustrissimo
2424 2127 2664 2188 consule,
2695 2128 2760 2180 Α.
2804 2127 2867 2182 D.
2902 2140 3092 2182 octavo
3137 2128 3406 2182 Kalendas
3461 2127 3559 2180 Se-

1984 2232 2002 2264 ι
2038 2214 2322 2282 ptembris,
2357 2215 2685 2287 Carthagine
2715 2220 2765 2272 in
2799 2220 3022 2274 ecclesia
3059 2219 3315 2274 Secundi.
3351 2241 3370 2272 ›

2063 2477 2317 2530 Aurelius
2377 2478 2660 2545 episcopus
2740 2483 2837 2535 toti
2920 2486 3126 2551 synodo
3208 2487 3541 2552 prmsidens.

1988 2568 2291 2620 astantibus
2345 2569 2585 2622 diaconis
2612 2571 2785 2624 dixit:
2827 2590 2846 2622 ι
2890 2571 3119 2628 Ratione
3161 2576 3432 2643 exigente,
3463 2593 3554 2631 vc-

1985 2672 2005 2706 ι
2037 2664 2146 2707 stra
2188 2656 2499 2709 fraternitas
2553 2672 2583 2710 a
2615 2673 2732 2710 mea
2783 2660 3158 2715 mediocritate
3211 2664 3264 2716 in
3297 2664 3436 2718 hanc
3468 2679 3557 2734 sy-

1987 2763 2006 2795 ι
2037 2746 2233 2798 nodum
2285 2747 2520 2801 deducta
2557 2757 2659 2802 est.
2713 2748 2827 2803 Jam
2863 2751 2991 2804 olim
3046 2751 3211 2816 enim,
3271 2763 3330 2806 ut
3378 2764 3557 2808 vestra

1988 2851 2005 2882 ι
2044 2833 2284 2886 meminit
2317 2835 2600 2901 sanctitas,
2653 2836 2831 2890 habita
2894 2840 3098 2908 synodo
3140 2840 3388 2893 misimus
3441 2841 3548 2893 fra-

1990 2939 2006 2970 ι
2047 2933 2155 2974 tres
2187 2932 2399 2976 nostros
2427 2924 2562 2975 ultra
2617 2939 2766 2979 mare
2815 2926 3044 2994 legatos,
3095 2942 3230 2994 quos
3280 2929 3564 2994 oportebat

1990 3032 2007 3062 ι
2050 3014 2100 3064 in
2134 3021 2327 3066 vestra:
2360 3015 2661 3069 sanctitatis
2716 3028 2982 3070 conventu
3012 3016 3307 3084 perfuncta:
3339 3018 3566 3086 legatio-

1993 3121 2010 3151 ι
2051 3103 2134 3155 uis
2163 3118 2504 3171 progressum
2552 3119 2813 3163 narrare:
2869 3123 2990 3159 nam
3049 3107 3146 3160 etsi
3178 3107 3430 3161 ltesterno
3476 3110 3565 3161 die

1991 3212 2008 3244 ι
2038 3195 2101 3244 de
2131 3207 2188 3247 re
2220 3196 2405 3247 eadem
2450 3195 2722 3257 sedentes,
2768 3213 2833 3251 ex
2868 3199 3027 3251 rebus
3060 3201 3451 3254 ecclesiasticis
3477 3200 3555 3253 div

1991 3300 2009 3333 ι
2047 3284 2274 3350 ligenter
2325 3297 2409 3344 ea,
2463 3299 2580 3351 quae
2629 3284 2890 3347 fecerunt,
2942 3289 3108 3358 626
3167 3289 3558 3343 tractavimus:

1990 3393 2008 3426 ι
2037 3383 2244 3441 oportet
2277 3385 2454 3428 tamen
2487 3375 2644 3429 hodie
2680 3377 2944 3432 hesterna:
2969 3382 3071 3434 diei
3104 3389 3394 3433 Iratactum
3422 3381 3562 3434 actis

1993 3483 2013 3516 ι
2043 3465 2396 3518 ecclesiaticis
2413 3467 2753 3528 confirmare,
2777 3479 2994 3536 propter
3023 3472 3305 3539 episcopos
3342 3473 3561 3539 provin-

1993 3573 2012 3605 ι
2044 3555 2250 3606 ciarqu
2285 3553 2480 3609 Africae
2511 3557 2600 3623 qui
2636 3558 2685 3608 in
2743 3559 2997 3625 praesenti
3047 3560 3251 3626 synodo
3283 3573 3386 3612 non
3418 3560 3561 3613 ade-

1995 3665 2012 3696 ι
2048 3655 2189 3698 rant.
2227 3644 2425 3699 Rerum
2460 3647 2638 3713 itaque
2686 3649 2819 3701 ordo
2867 3649 3054 3716 exigit,
3105 3658 3161 3701 ut
3210 3648 3262 3702 in
3315 3649 3560 3716 primisa

1995 3754 2012 3785 ι
2053 3736 2307 3789 fratribus
2335 3745 2387 3789 et
2419 3738 2896 3791 cunsacerdotibus
2934 3740 3156 3799 nostris,
3200 3740 3288 3804 qui
3319 3739 3384 3792 ad
3419 3740 3560 3794 hanc

1995 3845 2013 3877 ι
2046 3827 2330 3895 synodum,
2368 3827 2481 3880 sive
2535 3843 2598 3880 ex
2627 3826 2875 3895 Byzacia.
2905 3830 3014 3882 sive
3041 3844 3101 3883 ex
3129 3829 3443 3884 Mauritania
3470 3844 3562 3882 ac-

1996 3935 2013 3967 ι
2047 3927 2346 3978 cesserunt,
2384 3933 2706 3984 quaeramus,
2754 3921 3023 3986 quomodo
3050 3919 3292 3973 conferre
3321 3929 3562 3974 statu-uit

1997 4028 2015 4060 ι
2054 4010 2300 4077 praesenti
2337 4010 2559 4075 synodo.
2616 4008 2674 4060 Et
2709 4024 2828 4062 cum
2873 4009 3182 4063 attulissent
3211 4009 3557 4077 l’ltilologius,

1999 4117 2016 4150 ι
2048 4099 2204 4161 Geta,
2235 4097 2622 4159 V’cnustiauus,
2657 4096 2961 4151 Felicianns
2990 4098 3230 4166 episcopi
3266 4095 3561 4164 Byzaceuae

1998 4207 2016 4239 ι
2056 4188 2371 4257 provincias,
2405 4187 2614 4240 litteras
2653 4185 2956 4254 legationis.
2989 4202 3111 4255 qua:
3139 4194 3190 4239 et
3219 4186 3368 4238 lecta:
3396 4194 3562 4248 sunt;

1999 4299 2017 4330 ι
2052 4287 2304 4347 praeterea
2333 4290 2508 4330 autem
2542 4291 2664 4329 cum
2714 4276 3024 4330 attulissent
3055 4276 3331 4329 anianus
3366 4282 3421 4328 et
3456 4272 3564 4326 Sil-

2001 4390 2018 4421 ι
2059 4385 2246 4431 vanus,
2275 4368 2436 4437 legati
2486 4366 2824 4421 Mauritaniae
2881 4366 3115 4432 regionis
3149 4364 3443 4424 Sitifensis,
3473 4363 3563 4415 lit-

396 4484 416 4519 ι
453 4465 672 4533 συνόδῳ.
705 4464 810 4516 Καὶ
839 4465 1308 4531 προσενεγκόντων
1340 4463 1672 4529 Φιλολογίου,
1725 4464 1886 4526 rem,

1999 4479 2018 4511 ι
2048 4471 2191 4512 teras
2237 4458 2542 4528 legationis.
2591 4471 2776 4522 emque
2832 4455 2980 4508 lecta:
3035 4465 3260 4509 essent:
3309 4454 3562 4507 Aurelius

400 4577 417 4609 ι
454 4554 863 4617 Βενουστιανοῦ,
905 4554 1232 4617 Φιλικιανοῦ,
1266 4554 1373 4606 τῶν
1420 4555 1730 4607 ἐπισκόπων
1784 4555 1881 4623 τῆς

400 4665 416 4696 ι
450 4643 753 4712 Βυζακινῆς
782 4642 985 4712 χώρας,
1020 4641 1086 4694 τά
1121 4642 1421 4715 γράμματα
1455 4645 1554 4709 τῆς
1583 4659 1885 4711 τοποτηρηο

396 4753 414 4784 ι
448 4734 586 4796 σίας,
616 4734 684 4786 τά
711 4735 804 4784 καὶ
832 4730 1268 4799 ἀναγνωσθέντα,
1292 4729 1371 4783 ἔτι
1397 4731 1454 4783 δὲ
1488 4733 1885 4800 προσενεγκόν-

395 4845 412 4876 ι
451 4842 556 4878 των
589 4821 885 4876 Λουκιανοῦ
909 4823 1004 4875 καὶ
1038 4821 1322 4886 Σιλὸανοῦ,
1365 4822 1474 4873 τῶν
1501 4823 1886 4892 τοποτηρητῶν

396 4937 412 4969 ι
444 4917 541 4987 τῆς
599 4913 976 4983 Μαυριτανίας
1029 4911 1214 4982 χώρας
1270 4913 1369 4981 τῆς
1421 4913 1763 4981 Σιτιφένσης,
1817 4914 1886 4965 τά

393 5028 411 5059 ι
449 5009 750 5078 γράμματα
779 5005 877 5074 τῆς
927 5004 1351 5074 τοποτηρησὶας,
1389 5007 1481 5057 καὶ
1513 5004 1716 5056 τούτων
1756 5007 1888 5057 ἀνα-

395 5118 412 5150 ι
442 5097 806 5165 γνωσθέντων,
834 5093 1095 5163 Αὐρήλιος
1129 5093 1420 5155 ἐπίσκοπος
1450 5090 1601 5147 εἶπεν
1623 5109 1635 5123 ⁸
1669 5095 1885 5147 Τούτων

397 5206 414 5237 ι
450 5186 557 5238 τῶν
589 5184 880 5257 ἐγγράφων
906 5184 939 5251 ἡ
967 5182 1082 5250 ὑφὴ
1113 5185 1222 5245 τοῖς
1255 5185 1668 5253 πεπραγμένοις
1696 5183 1890 5248 συζευ-

399 5296 416 5327 ι
454 5276 626 5346 χθείη.
655 5275 790 5343 Περὶ
811 5274 919 5327 τῶν
955 5275 1048 5327 τοῦ
1096 5274 1363 5338 Βυζακίου
1417 5277 1728 5328 ἐπισκόπων
1755 5277 1894 5328 Nou-

400 5387 416 5416 ι
455 5367 639 5436 μήδιος
661 5365 952 5427 ἐπίσκοπος
992 5360 1143 5416 εἶπεν
1167 5381 1180 5395 ⁸
1218 5366 1563 5435 Προσέχομεν
1593 5369 1717 5428 τοὺς
1743 5367 1894 5420 ἀδελ-

402 5477 417 5506 ι
450 5458 578 5524 φοὺς
609 5457 702 5509 καὶ
728 5457 1160 5517 συνεπισκόπούς
1186 5455 1373 5525 ἡμῶν,
1421 5459 1547 5520 τοὺς
1577 5459 1679 5527 τῆς
1722 5461 1895 5523 Βυζα-

400 5565 416 5595 ι
453 5545 629 5613 κηνῶν
655 5543 840 5615 χώρας
880 5545 975 5598 καὶ
1020 5546 1397 5622 διαυριτανίας
1444 5547 1782 5618 Σιτιφένσης,
1816 5552 1895 5613 είς

403 5655 419 5685 ι
460 5635 556 5704 τὴν
605 5635 820 5688 σύνοδον
848 5636 1226 5706 τοποτηρητάς
1256 5638 1610 5691 ἀποστεῖλαι·
1657 5639 1751 5692 νῦν
1799 5640 1893 5711 ζη-

399 5745 415 5778 t
459 5726 725 5794 τήσωμεν,
745 5726 840 5780 ἐὰν
867 5727 1346 5799 τοποτηρηταὶτῆς
1374 5726 1688 5802 Νούμηδίας
1724 5750 1893 5805 παρε-

1994 4569 2012 4601 ι
2043 4551 2327 4618 episcopus
2349 4549 2482 4601 dixit
2512 4564 2524 4598 :
2551 4547 2751 4600 llnrum
2775 4550 3094 4613 scriptorum
3122 4556 3404 4600 contextus
3424 4545 3562 4598 actis

1992 4658 2010 4691 ι
2042 4638 2415 4706 coniungatur.
2446 4639 2517 4692 De
2548 4638 2755 4707 Byzacii
2786 4637 3051 4706 episcopis
3078 4635 3338 4690 Nimidius
3357 4636 3568 4704 episco-

1993 4750 2011 4782 ι
2046 4745 2142 4798 pus
2165 4730 2292 4783 dixit
2323 4747 2336 4782 :
2367 4727 2856 4782 Animadvertimus
2878 4728 3174 4781 coufratres
3193 4737 3244 4779 et
3284 4729 3565 4795 coepisco-

1996 4834 2014 4867 ι
2045 4829 2136 4884 pos
2155 4825 2365 4869 nostros
2393 4813 2784 4884 Byzacenorum
2808 4815 3098 4884 producis:
3144 4824 3197 4867 et
3229 4813 3564 4868 Mauritania

1997 4908 2318 4963 «Sitifensis
2375 4909 2439 4961 ad
2492 4908 2752 4976 synodum
2819 4907 3018 4975 legatos
3106 4906 3362 4961 misisse:
3425 4921 3563 4958 nunc

1997 5018 2014 5049 ι
2055 5015 2355 5069 quaeramus
2383 5015 2448 5051 an
2477 4998 2631 5069 legati
2661 4996 2922 5051 Numidia:
2953 5007 3316 5059 accesserunt,
3338 4996 3422 5049 vel
3442 4995 3565 5048 Tri-

1997 5110 2015 5141 ι
2050 5093 2297 5158 politanze
2360 5091 2568 5144 scilicet
2601 5090 2854 5159 regionis,
2908 5089 2990 5142 vel
3022 5090 3181 5141 etiam
3245 5087 3567 5144 Cesariana:

2000 5201 2018 5233 ι
2052 5182 2403 5236 Mauritaniae.
2428 5180 2500 5234 De
2527 5179 2864 5234 Mauritania:
2891 5176 3158 5232 Sitifensis
3178 5178 3442 5243 episcopis
3465 5175 3572 5228 Lu-

2003 5291 2020 5323 ι
2058 5273 2248 5326 cianus
2277 5281 2328 5326 et
2362 5269 2630 5341 Sylvanus
2658 5269 2896 5337 episcopi
2929 5267 3263 5322 Mauritaniae
3296 5267 3568 5320 Sitifensis

2002 5380 2020 5412 ι
2058 5362 2294 5431 regionis
2327 5362 2487 5430 legati
2517 5361 2764 5415 dixerunt
2792 5376 2805 5410 :
2843 5358 2976 5414 Sero
3000 5361 3064 5412 ad
3124 5359 3318 5412 fratres
3353 5368 3566 5412 llOSlIOS

2002 5473 2020 5504 ι
2052 5451 2369 5506 Caesariana
2422 5452 2677 5522 synodica
2719 5451 2944 5520 epistola
2981 5450 3243 5521 pervenit,
3277 5462 3566 5519 postquam

2005 5563 2022 5596 ι
2057 5545 2130 5597 illi
2161 5544 2372 5598 venturi
2399 5551 2597 5608 erant;
2650 5543 2876 5597 omnino
2921 5552 3098 5596 tamen
3130 5542 3384 5596 venient:
3420 5549 3473 5591 et
3503 5538 3571 5593 tiu

2004 5654 2021 5685 ι
2056 5651 2241 5689 eorum
2273 5637 2467 5692 animis
2513 5638 2860 5702 conﬁdimus,
2912 5637 3054 5707 quod
3089 5637 3135 5695 si
3169 5639 3296 5706 quid
3334 5650 3569 5704 unquam

2006 5747 2022 5779 ι
2057 5728 2107 5782 in
2142 5727 2243 5784 hac
2278 5729 2481 5798 synodo
2531 5730 2640 5792 lict.
2676 5729 2778 5787 iosi
2808 5744 3020 5785 auoaue
3049 5729 3168 5784 sine
3204 5726 3365 5782 dubio
3392 5741 3571 5781 assen-
