4148 6452
320 398 427 461 3θεῦ

1320 396 1399 454 IN
1421 396 1584 454 CAN.
1630 394 1800 453 XCVI
1837 393 2038 453 CONC.
2082 393 2458 454 CARTUAG.

3444 391 3547 454 3‘26

329 499 631 571 μιζομένης
663 500 792 570 ὑμῖν
838 498 1092 570 ἀληθείας
1139 499 1213 568 μὴ
1269 500 1641 569 ἀμφιϐάλητε.
1681 499 1888 552 Ἐπιλέ-

1988 490 2234 567 gustores
2265 500 2377 554 ﬁeri
2408 515 2476 554 ne
2510 499 2786 555 dubitetis.
2818 500 3046 568 Aliquos
3079 513 3238 568 porro
3267 514 3330 555 es
3365 510 3549 554 vestro

323 589 493 654 ξασθε
519 590 580 642 δέ
631 606 801 651 τινας⁴
839 587 902 652 ἐξ
949 588 1125 656 ὑμῶν,
1181 592 1306 652 τοὺς
1361 588 1882 657 διαλεχθησομένους

328 682 443 742 τοῖς
484 680 966 749 ἐπιλεγησομένοις
999 681 1064 731 ἐκ
1097 679 1193 746 τῆς
1214 679 1488 748 ἡμετέρας
1514 677 1733 730 συνόδου
1756 678 1886 744 περὶ⁸

323 766 432 820 τῶν
460 768 802 836 χωριζόντων
824 768 969 836 ὑμᾶς
1006 769 1072 820 ἐκ
1103 768 1200 834 τῆς
1237 769 1395 836 ἡμῶν
1424 770 1708 830 κοινωνίας
1728 785 1744 801 ο
1773 770 1883 832 ῖνα,

327 859 429 910 κᾶν
461 857 716 925 βραδέως
753 857 904 918 τέλος
959 859 992 922 ἡ
1048 857 1253 910 παλαιά
1298 857 1520 926 δέξηται
1557 859 1780 926 πλάνη.ἱ
1810 862 1883 929 μή

326 961 458 997 ποτε
489 945 578 996 διὰ
609 946 818 1012 πεῖσμα
852 946 972 1013 ἦτοι
1006 945 1093 997 διὰ
1121 946 1358 1013 ματαίαν
1385 947 1634 998 ἔνστασιν
1674 947 1887 1014 ἀνθρώ-

324 1050 443 1086 πων
497 1033 808 1086 ἀπόλωνται
860 1034 1106 1094 ἀσθενεῖς
1151 1033 1321 1101 ψυχαὶ
1361 1035 1454 1085 καὶ
1503 1035 1724 1102 ἄπειροι
1765 1033 1885 1086 λαοὶ

325 1121 568 1192 (ἄπειροι
595 1123 628 1192 ἢ
654 1122 796 1175 κατὰ
831 1121 1058 1190 πλῆθος,
1087 1122 1119 1190 ἤ
1149 1121 1511 1188 δι’άπλότητα
1537 1123 1631 1175 καὶ
1662 1125 1884 1189 ἄγνοιαν

321 1210 418 1263 τοῦ
457 1211 646 1278 καλοῦ)
688 1208 1044 1279 χωριζόμενοι
1087 1212 1187 1278 τῆς
1236 1212 1528 1279 καθολικῆς
1557 1211 1883 1279 Ἐκκλησίας

324 1298 582 1369 ἱεροσύλῳ
613 1300 900 1369 χωρισμῷ.
929 1301 1002 1352 Τὸ
1033 1301 1140 1369 γὰρ
1168 1300 1345 1366 ψυχάς
1372 1299 1673 1368 ἀνθρώπων
1696 1342 1709 1360 ,
1741 1303 1883 1371 ίερὶν

323 1391 492 1452 οὔσας
517 1391 612 1443 καὶ
642 1391 786 1444 θεῖον
829 1393 1038 1459 χρῆμα,
1060 1392 1396 1444 ἀπόλλυσθαι
1440 1394 1503 1442 ἐκ
1534 1392 1625 1443 τοῦ
1671 1410 1884 1461 χωρισ-

325 1483 428 1547 poi
460 1482 559 1550 τῆς
582 1482 1223 1552 καθολικῆςἙκκλησίας
1246 1483 1549 1550 ἱεροσυλίαν
1588 1482 1878 1544 ἐκάλεσαν,

321 1571 396 1633 ὡς
421 1573 768 1640 συλουμένων
815 1572 927 1624 τῶν
959 1573 1119 1642 ίερῶν
1154 1572 1340 1640 ψυχῶν
1375 1571 1530 1640 παρὰ
1585 1572 1694 1623 τῶν
1736 1574 1881 1625 άπαο

319 1661 541 1716 τώντων
568 1664 772 1724 αὑτάςο
805 1663 839 1732 ἢ
890 1664 975 1714 ὅτι
1004 1663 1077 1731 μὴ
1115 1662 1254 1714 κατὰ
1284 1662 1384 1730 τὴν
1425 1662 1726 1729 παράδοσιν
1783 1664 1882 1729 τῆς

321 1749 651 1818 Ἐκκλησίας
679 1750 748 1802 τά
785 1752 906 1820 ἱερά
937 1750 1235 1818 μετιόντες,
1290 1750 1365 1811 ὡς
1397 1749 1452 1801 δὲ
1477 1749 1660 1810 αὐτοῖς
1691 1749 1883 1800 δοκοῦν

1994 602 2217 643 nurnero
2242 589 2535 657 designate,
2565 591 2655 658 qui
2689 605 2808 644 cum
2829 591 3047 647 delectis
3075 606 3103 644 ε
3131 601 3311 645 nostra
3343 592 3548 660 synodo

1993 678 2411 745 congrediantur
2459 681 2630 745 deque
2661 679 2747 744 iis,
2797 695 3026 748 quorum
3078 694 3240 734 causa
3275 695 3304 733 s
3360 690 3541 734 nostra

1992 769 2368 822 communione
2408 770 2650 842 separati.
2695 770 2823 824 estis
2877 770 3289 837 colloquantur;
3337 782 3392 822 ut
3424 785 3551 824 sero

1992 858 2236 924 quamvis
2289 857 2578 924 aliquando
2626 868 2802 913 tamen
2876 858 3032 910 linem
3093 859 3345 925 antiquus
3394 873 3547 911 εει-ιιι·

1992 945 2252 1012 accipiat;
2290 961 2354 1001 ne
2389 957 2607 1014 propter
2650 948 2877 1014 aliquos,
2925 947 3084 1002 stulte
3113 948 3271 1004 nimis
3303 963 3365 1001 ac
3400 963 3542 1016 prm-

1996 1035 2162 1088 rracte
2206 1050 2316 1088 sua:
2345 1036 2618 1089 sententia:
2665 1036 2977 1097 retinentes,
3018 1035 3296 1093 imbecilla
3351 1038 3546 1090 auium

1994 1123 2279 1190 pepulique
2308 1123 2724 1179 innumerabiles
2755 1125 2981 1178 exitiose
3013 1126 3303 1186 perdantur
3331 1124 3544 1191 (quam-

1991 1213 2072 1266 vis
2104 1212 2260 1276 illud,
2287 1215 2507 1283 ἄπειροι
2537 1215 2674 1280 λαοί,
2707 1213 2788 1268 vel
2818 1221 2887 1270 ob
2937 1213 3331 1267 multitudinem
3386 1212 3545 1265 innu-

1992 1305 2294 1364 merabilee,
2328 1306 2407 1360 vel
2443 1306 2512 1358 ob
2542 1307 2942 1374 simplicitatem
2978 1319 3040 1357 ac
3090 1319 3276 1359 rerum
3331 1303 3543 1370 imperi.

1991 1393 2118 1445 tiam
2150 1393 2367 1460 intelligi
2401 1394 2585 1458 liceat)
2620 1398 2685 1447 ab
2735 1393 2987 1448 Ecclesia:
3019 1391 3295 1446 catholicae
3325 1406 3545 1444 consor-

1992 1480 2066 1533 tio
2124 1484 2384 1550 sacrilega
2465 1485 2802 1551 separatione
2876 1481 3145 1549 disiuncti.
3226 1480 3541 1539 Animorum

1989 1586 2223 1640 namque
2246 1573 2510 1641 jacturam
2549 1577 2636 1641 qui
2687 1575 3018 1629 Sacrosancti
3055 1581 3200 1635 sunt,
3259 1573 3549 1640 diviuoque

1991 1675 2212 1714 munere
2266 1663 2467 1716 homini
2523 1666 2656 1726 dati,
2715 1675 2936 1732 prepter
2990 1664 3120 1718 illud
3180 1664 3247 1716 ab
3305 1661 3544 1716 Ecclesia

1992 1752 2254 1808 catholica
2288 1755 2588 1818 dissitlium,
2620 1756 2885 1824 sacrilegii
2936 1755 3150 1806 uomiue
3200 1754 3320 1820 jure
3366 1753 3546 1822 appel-

319 1836 458 1890 αὐτὰ
489 1837 850 1907 ψηλαφῶντες
905 1841 1000 1891 καὶ
1061 1838 1592 1907 μεταχειριζόμενοι,
1651 1832 1886 1889 συλῶσιν

1991 1837 2200 1902 lavere;
2232 1843 2370 1909 quod
2427 1858 2595 1896 sacrae
2621 1844 2815 1896 animae
2844 1843 2912 1899 ab
2940 1845 3063 1905 illis,
3114 1844 3206 1911 qui
3258 1857 3349 1896 cas
3403 1843 3547 1896 deci-

318 1924 480 1990 αύτὰ,
510 1928 584 1996 μὴ
614 1929 890 1997 χρώμενοι
922 1930 1106 1990 αὐτοῖς
1158 1928 1300 1981 κατὰ
1349 1927 1411 1980 τὸ
1465 1928 1556 1979 τοῦ
1608 1929 1879 1981 Δεσπότου

319 2014 552 2085 θέλημα.
606 2018 665 2070 '0
710 2017 820 2088 γὰρ
873 2019 1028 2088 παρὰ
1112 2015 1336 2086 γνώμην
1407 2019 1551 2080 τινος
1613 2017 1881 2086 ψηλαφῶν

320 2107 558 2187 πρᾶγμα
593 2108 758 2161 αὐτοῦ
790 2109 1028 2177 κλέπτης
1057 2109 1306 2178 κρίνεται
1341 2109 1454 2173 τοῖς
1483 2107 1585 2175 τῆς
1610 2109 1881 2170 πολιτείας

319 2195 564 2264 θεσμοῖς.

1987 1931 2140 1998 piunt
2186 1931 2341 1998 quasi
2397 1931 2538 1984 furto
2584 1934 3016 1988 subtrahantur:
3074 1933 3157 1988 Vel
3208 1934 3371 1986 etiam
3419 1932 3546 1999 quin

1986 2033 2174 2074 contra
2222 2022 2674 2077 ccclesiastisticm
2735 2026 3041 2078 traditionis
3109 2025 3410 2078 institutum
3460 2038 3548 2078 res

1985 2128 2172 2169 sacras
2203 2116 2544 2176 invadentes,
2574 2131 2777 2183 easque
2811 2131 2906 2182 pro
2936 2115 3159 2168 arbitrio
3207 2123 3546 2170 centrectan-

1990 2211 2070 2256 tes
2104 2214 2156 2256 et
2189 2203 2648 2268 administrantes,
2682 2220 2833 2258 sacra
2867 2204 3149 2271 diripiunt;
3195 2219 3316 2258 cunt
3350 2217 3548 2270 nequa-

317 2300 475 2355 quam
503 2302 571 2344 ex
621 2289 829 2346 Domini
861 2291 1136 2346 voluntate
1185 2291 1316 2360 ipsis
1349 2301 1597 2354 utantur,
1646 2292 1961 2359 Quicunque
2025 2295 2169 2347 enim
2229 2303 2423 2364 prater
2517 2297 2717 2350 domini
2780 2297 3106 2350 voluntatem
3193 2294 3415 2351 alterius
3491 2309 3551 2347 re

318 2377 484 2430 utitur
559 2394 680 2432 eum
728 2381 872 2448 leges
933 2397 1143 2449 quoque
1174 2382 1356 2436 civiles
1389 2381 1514 2434 furti
1573 2397 1722 2434 remn
1753 2397 1871 2436 esse
1913 2375 2228 2446 decernunt.

315 2467 535 2520 ΑΡΙΣΤ.
569 2485 589 2518 ι
633 2469 785 2520 Ἰιτω
816 2469 884 2520 τὰ
915 2470 1049 2537 πρὸς
1093 2471 1220 2532 τοὺς
1261 2472 1580 2532 Δονατιστὰς
1621 2471 1883 2542 λεχθησό-

391 2575 410 2607 ι
455 2575 593 2626 μενα
623 2560 747 2611 τάδε
769 2577 784 2590 ο
823 2559 1222 2630 Ἐπιθυμοῦμεν
1248 2560 1479 2631 χαρῆναι
1514 2564 1603 2614 ἐπὶ
1638 2567 1704 2633 τῇ
1735 2565 1885 2632 ὑμῶν

391 2664 410 2696 ε
449 2647 778 2715 διορθώσει·
830 2649 1223 2718 ἐκελεύσθημεν
1274 2652 1381 2720 γὰρ
1434 2653 1526 2704 καὶ
1576 2654 1709 2722 πρὸς
1764 2655 1885 2716 τοὺς

397 2754 415 2786 ε
464 2739 539 2805 μὴ
569 2737 926 2804 ἀνεχομένους
983 2736 1120 2791 εἶναι
1174 2739 1330 2806 ἡμῶν
1377 2741 1641 2805 ἀδελφοὺς
1686 2741 1887 2808 λέγειν,

393 2846 410 2877 ι
466 2826 706 2894 Ἀδελφοὶ
735 2828 888 2895 ἡμῶν
919 2829 1060 2880 ἐστε.
1099 2827 1186 2880 Διδ
1210 2829 1576 2898 συνερχόμεθά
1611 2830 1756 2898 ὑμῖν,
1799 2831 1892 2884 καὶ

393 2935 410 2968 ι
457 2918 962 2986 ύπομιμνήσκομεν,
985 2918 1131 2969 ὼσέιν
1153 2919 1207 2971 εἴ
1223 2936 1340 2970 τινα
1359 2919 1718 2983 δικαιολογίαν
1745 2923 1887 2990 ἔχειν

391 3025 409 3058 ε
457 3007 1002 3077 οῖεσθε.ὲπιλὲξησθε
1049 3010 1172 3069 τοὺς
1206 3007 1407 3077 ταύτην
1464 3012 1888 3081 πιστευθησομέ-

391 3115 409 3147 ι
456 3113 580 3159 νους
609 3097 936 3164 ἀπαντῆσαι,
974 3097 1286 3163 ὀφείλοντας
1317 3100 1372 3150 ἐν
1399 3097 1687 3168 ὡρισμένῳ
1738 3101 1887 3169 τόπῳ

392 3203 408 3236 ι
449 3186 541 3237 καῖ
565 3185 740 3254 καιρῷ
771 3201 786 3217 ·
815 3163 866 3236 εί
897 3186 950 3236 δὲ
978 3185 1072 3253 μὴ,
1108 3185 1140 3253 ἠ
1171 3185 1396 3236 ἀπιστία
1445 3163 1596 3254 ύμῶν
1639 3163 1886 3240 ἐντεῦθεν
1913 3163 1956 3222 C

389 3294 405 3326 ι
455 3275 749 3344 γνωρισθῇ,
787 3293 807 3327 ι
837 3275 1063 3342 Σαφής.

906 3365 1145 3418 κΑΝοΝ
1175 3368 1305 3431 υπς’.

322 3471 338 3504 ι
389 3454 462 3507 Τὸ
485 3457 924 3525 κομμονιτόριον,
956 3457 1092 3524 ὅπερ
1121 3455 1312 3509 ἔλαδον
1343 3457 1392 3508 oi
1420 3458 1561 3512 κατὰ
1589 3457 1698 3510 τῶν
1725 3466 1888 3512 Δονα-

390 3564 412 3597 ε
456 3548 654 3600 τιστῶν
687 3545 1040 3614 πρεσϐευταί.
1093 3547 1524 3616 Κομμονιτόριον
1580 3550 1691 3608 τοῖς
1737 3549 1888 3603 ἀδελ-

394 3651 414 3685 ε
461 3637 582 3702 φοῖς
610 3634 825 3704 Θεασίῳ
852 3636 946 3688 καὶ
978 3635 1198 3703 Εὐοδίῳ,
1231 3637 1342 3697 τοῖς
1400 3635 1695 3705 πεμφθεῖσι
1759 3655 1883 3706 πρε.

393 3743 410 3777 ι
455 3725 707 3789 σῦευταῖς
737 3730 800 3779 ἐκ
828 3728 926 3796 τῆς
970 3728 1029 3780 ἐν
1085 3727 1391 3796 Καρχηδόνι
1449 3727 1692 3791 συνόδου,
1752 3728 1886 3795 πρὸς

389 3833 408 3866 s
454 3817 579 3876 τοὺς
601 3816 976 3879 ἐνδοξοτάτους
1030 3816 1126 3868 καὶ
1172 3815 1749 3884 θρησκευτικωτάτους
1785 3818 1886 3869 αὖ..

389 3923 408 3955 ι
452 3906 809 3975 τοκράτορας.
849 3906 1038 3958 Ἢνίκα
1089 3906 1187 3975 τὴν
1229 3905 1323 3956 τοῦ
1378 3907 1584 3975 Κυρίου
1632 3906 1884 3975 βοήθειαν

389 4011 407 4044 ι
451 3996 563 4055 τοῖς
592 3994 1007 4054 εὐσεϐεστάτας
1034 3994 1390 4062 προσελθοῦσι
1428 3995 1726 4063 βασιλεῦσι,
1761 3996 1884 4047 τούς

389 4101 409 4134 ι
452 4084 991 4151 τοιςέμφανίσουσιν,
1015 4084 1153 4152 ποίῳ
1185 4085 1370 4152 τρόπῳ
1413 4085 1592 4154 τελείᾳ
1642 4085 1676 4155 ἢ
1737 4087 1882 4155 παρο

392 4191 410 4224 ε
462 4175 628 4243 ρησίᾳ
661 4175 800 4226 κατὰ
827 4177 923 4243 τὴν
949 4173 1040 4226 τοῦ
1086 4175 1359 4240 ἀνωτέρου
1383 4174 1632 4226 ἐνιαυτοῦ
1668 4174 1884 4226 σύνοδον

388 4284 404 4315 ι
448 4266 496 4316 οἱ
529 4263 896 4334 πρωτεύοντες
929 4264 1036 4316 τῶν
1066 4265 1398 4317 Δονατιστῶν
1432 4267 1542 4326 τοῖς
1598 4265 1884 4334 πολιχνιω·

391 4372 409 4404 s
455 4355 626 4413 τικοῖς
661 4353 1072 4421 πεπραγμένοις
1124 4353 1395 4406 συνελθεῖν
1440 4355 1880 4424 προετράπησαν,

387 4461 404 4493 ι
452 4443 558 4502 ἴνα,
582 4441 630 4492 εί
663 4441 954 4510 ἐθάρρουν,
985 4441 1078 4496 τοῦ
1124 4442 1324 4494 οἰκείου
1356 4443 1624 4509 δόγματος
1667 4444 1877 4498 άντιλι-
1907 4481 1959 4539 D

392 4553 408 4583 ι
456 4531 665 4595 δέσθαι,
693 4532 1052 4598 ἐπιλεγέντων
1076 4533 1236 4585 τινῶν
1268 4533 1466 4586 ίκανὼν
1489 4535 1552 4585 ἐκ
1588 4532 1683 4587 τοῦ
1715 4535 1878 4587 αὑτοῦ

387 4642 404 4673 s
453 4623 708 4691 ἀριθμοῦ.
746 4622 863 4691 μεθ’
893 4623 1052 4692 ἡμῶν
1075 4624 1363 4691 είρηνικῶς
1394 4624 1758 4692 ἀμφέϐαλλον,
1791 4630 1882 4678 καὶ

386 4731 402 4760 ε
453 4713 749 4779 ἡμερότητι
788 4712 1146 4780 Χριστιανικῇ
1181 4710 1566 4778 άναμφιόόλως
1590 4707 1734 4780 εἶχον
1766 4715 1880 4764 ἐπι-

385 4819 404 4851 s
447 4801 638 4864 δεῖξαι,
671 4800 724 4851 εί
747 4801 815 4862 Ιτί
855 4802 972 4852 ποτ’
1025 4800 1281 4868 ἀληθείας
1315 4802 1581 4868 μετεῖχον,
1634 4802 1780 4862 ὅπως
1821 4805 1882 4853 ἐκ

386 4912 404 4940 ε
450 4892 635 4944 τούτου
663 4895 697 4962 ἡ
726 4891 985 4960 καθολικὴ
1015 4890 1368 4960 εἱλικρινότης
1392 4931 1407 4954 ,
1441 4893 1473 4959 ἡ
1508 4891 1740 4946 ἔκπαλαι
1771 4897 1882 4956 τοῖς

386 5001 407 5032 ε
444 4985 702 5051 ἀνωτέρω
727 4981 1078 5049 διαλάμψασα
1120 4980 1356 5051 χρόνοις,
1401 4983 1496 5031 καὶ
1537 4980 1633 5034 νῦν
1683 4985 1881 5051 ὁμοίως

389 5091 406 5121 ι
455 5072 542 5124 διά
564 5073 660 5140 τῆς
687 5071 942 5141 ἀπειρίας
967 5071 1060 5123 καὶ
1090 5069 1403 5134 μονοτονίας
1436 5068 1544 5120 τῶν
1574 5070 1879 5138 ἀντιλεγόν-

384 5183 402 5215 s
447 5180 554 5216 των
605 5160 945 5229 ὲγνωρίξετο.
993 5159 1133 5211 Ἀλλ’
1165 5161 1352 5230 ἐπειδὴ
1410 5161 1468 5214 τὸ
1525 5160 1602 5231 μὴ
1664 5161 1881 5232 θαρῤεῖν

388 5274 405 5306 ι
455 5253 756 5322 συνείχοντο
787 5251 994 5320 σχεδὸν,
1043 5252 1192 5304 οὐδὲν
1227 5253 1532 5321 ἐτόλμησαν
1586 5254 1881 5322 ἀποκρίνα-

386 5364 404 5395 ι
455 5343 598 5397 σθαι.
653 5341 742 5398 Διὸ
770 5341 1101 5410 ἐπισκοπικὴ
1127 5342 1220 5394 καὶ
1257 5343 1505 5412 εἰρηνικὴ
1560 5344 1708 5407 τάξις
1754 5348 1881 5414 περὶ

387 5454 404 5486 ι
447 5437 569 5497 τοὺς
606 5433 877 5494 τοιούτους
919 5433 1294 5502 πεπλήρωται,
1351 5437 1590 5491 κάκεῖνοι
1637 5441 1700 5507 τῇ
1745 5439 1880 5508 ἀλη-

388 5544 405 5576 ι
455 5524 572 5592 θείᾳ⁸
603 5522 676 5591 μὴ
709 5522 1027 5590 δυνηθέντες
1059 5523 1446 5593 ἀποκριθῆναι,
1497 5527 1577 5588 εἰς
1641 5528 1876 5591 ἀτόπους

386 5631 404 5660 ε
454 5610 571 5678 βίας
622 5611 1090 5680 μετεστράφησαν,
1153 5611 1226 5673 ὼς
1282 5614 1505 5677 πολλοὺς
1553 5617 1878 5680 ἐπισκόπους

385 5720 401 5750 ι
451 5698 540 5751 καὶ
571 5696 794 5760 πολλοὺς
826 5698 1136 5767 κληρικοὺς,
1180 5702 1265 5755 ἵνα
1291 5702 1348 5754 τὸ
1383 5705 1508 5774 περὶ
1536 5706 1642 5759 τῶν
1673 5705 1872 5759 λαῑκῶν

1989 2474 2154 2543 629
2187 2474 2411 2532 ARIST.
2469 2496 2487 2528 s
2535 2479 2664 2544 Quae
2709 2478 2773 2530 ad
2809 2479 3112 2536 Donatistas
3144 2475 3388 2545 legenda,
3435 2477 3548 2531 lizec

2067 2585 2084 2616 ε
2122 2578 2248 2620 sunt
2275 2585 2288 2622 :
2313 2567 2499 2623 Vestra
2532 2571 2761 2635 gaudere
2793 2570 3123 2621 eorrect‘une
3153 2567 3303 2620 nobis
3333 2569 3384 2620 in
3414 2568 3550 2619 votis

2069 2673 2086 2702 ι
2127 2665 2250 2708 est:
2285 2657 2334 2708 in
2370 2658 2635 2708 mandatis
2674 2657 2814 2709 enim
2849 2657 3170 2723 arerpiinus,
3208 2665 3258 2705 ut
3293 2654 3356 2706 iis
3387 2653 3548 2706 etiam

2072 2761 2088 2790 ε
2131 2747 2218 2810 qui
2270 2746 2440 2796 nostri
2483 2759 2605 2797 esse
2641 2745 2833 2798 fratres
2862 2759 3003 2812 aegre
3053 2743 3246 2806 lerunt,
3275 2743 3547 2800 dicamus.

2070 2849 2086 2880 ε
2131 2831 2324 2886 fratres
2355 2835 2522 2886 nostri
2553 2835 2700 2887 estis.
2741 2820 2846 2887 Vos
2873 2835 3057 2901 itaque
3088 2834 3457 2892 convenimus,
3495 2843 3550 2882 et

2070 2939 2086 2969 ι
2134 2924 2502 2986 admoneamus,
2552 2933 2628 2985 ut,
2654 2926 2696 2978 si
2731 2941 2831 2990 qua
2865 2939 3041 2977 causa:
3075 2931 3264 2974 vestra:
3311 2921 3550 2973 ilclcnsio

2069 3029 2086 3058 ι
2129 3013 2278 3067 vobis
2310 3028 2586 3080 superesse
2618 3015 2882 3074 videatur,
2905 3013 3152 3080 deligatis
3181 3013 3411 3077 aliquos,
3432 3010 3549 3078 qui-

2069 3118 2086 3151 ι
2128 3100 2223 3154 bus
2251 3103 2638 3163 committatur.
2669 3105 2757 3170 qui
2789 3105 2838 3156 iu
2878 3103 3128 3160 condicto
3168 3103 3283 3155 loco
3312 3111 3366 3153 et
3410 3110 3546 3158 tem-

2065 3204 2082 3236 ι
2127 3201 2255 3254 pore
2289 3189 2501 3256 prodire
2541 3189 2742 3247 debent
2789 3206 2804 3242 :
2850 3191 3084 3258 alioquin
3133 3188 3416 3247 inﬁdelitas
3457 3203 3550 3241 ve-

2065 3295 2081 3327 ε
2125 3289 2234 3332 strn
2265 3281 2459 3334 exinde
2490 3291 2684 3348 pateat.
2716 3300 2735 3332 ο
2773 3278 3106 3349 Perspicuus.

2528 3369 2756 3428 CASON
2791 3370 2973 3424 XCVI.

1996 3495 2012 3525 ι
2048 3477 2553 3543 Commonitorium,
2597 3484 2736 3548 quod
2776 3491 3102 3547 acceperunt
3145 3481 3306 3550 legati
3355 3490 3546 3535 contra

2015 3577 2030 3591 τ
2063 3582 2081 3613 ε
2125 3563 2462 3618 Donatistus.
2491 3566 2974 3629 commonitorium
3017 3566 3273 3629 fratibus,
3315 3565 3547 3620 Ttieasio

2063 3670 2082 3703 s
2125 3662 2180 3706 et
2222 3651 2448 3717 Evodio,
2494 3657 2677 3709 missis
2708 3656 2897 3725 legatis
2940 3672 2969 3708 a
3013 3659 3213 3725 synodo
3258 3657 3544 3724 Carthagi-

2061 3762 2079 3794 ε
2120 3745 2270 3796 nensi
2303 3744 2368 3797 ad
2397 3743 2727 3799 clarissimos
2753 3754 2805 3798 et
2834 3747 3274 3812 religiosissimos
3312 3747 3546 3812 impera-

2061 3848 2079 3878 ε
2118 3841 2287 3885 tores:
2332 3831 2558 3896 Quando
2601 3833 2694 3885 Dei
2743 3833 2942 3886 auxilio
2998 3833 3064 3891 ad
3107 3833 3545 3899 religiosissimos

2060 3941 2076 3970 s
2121 3921 2469 3989 imperatores
2499 3923 2854 3985 accesserint,
2885 3923 2964 3975 eis
2991 3923 3228 3990 aperiat,
3275 3923 3545 3990 quomodo

2059 4029 2077 4061 ι
2119 4012 2270 4078 plena
2298 4012 2545 4066 libertate
2569 4015 2618 4065 in
2642 4016 2938 4079 superioris
2971 4014 3095 4065 anni
3126 4012 3333 4081 synodo
3364 4015 3541 4067 Dona.

2062 4121 2078 4152 ε
2124 4103 2370 4156 tistarum
2405 4105 2662 4170 primates
2695 4120 2757 4158 ne
2789 4115 2904 4157 acta
2932 4104 3107 4156 civilia
3142 4105 3429 4159 convenire
3449 4107 3545 4158 ad-

2059 4209 2078 4240 (
2121 4192 2306 4244 moniti
2344 4191 2514 4255 luere,
2539 4203 2593 4245 ut
2624 4193 2667 4246 si
2702 4208 2855 4245 suum
2897 4194 3087 4260 dogma
3129 4193 3265 4246 tueri
3304 4193 3540 4247 conlide-

2061 4298 2076 4328 s
2122 4288 2260 4343 rent,
2288 4279 2559 4346 aliquibus
2587 4281 2793 4334 idoneis
2820 4296 2881 4331 ex
2913 4281 3100 4333 colem
3136 4294 3365 4333 numero
3390 4282 3536 4334 elec-

2064 4389 2082 4422 ι
2127 4372 2215 4435 tis,
2236 4371 2515 4425 nobiscum
2535 4372 2755 4439 paciﬁce
2784 4371 3192 4432 contenderent,
3213 4381 3266 4424 et
3289 4385 3538 4424 mansue-

2061 4481 2078 4512 ε
2121 4461 2306 4515 tudine
2346 4448 2653 4514 Christiana
2687 4460 2837 4513 nobis
2864 4460 2998 4512 citra
3027 4460 3419 4512 dubitationem
3448 4475 3537 4512 os-

2059 4570 2076 4602 s
2125 4553 2426 4611 tenderent,
2461 4549 2506 4602 si
2545 4550 2673 4615 quid
2698 4549 2944 4602 veritatis
2976 4559 3260 4602 tenerent:
3296 4559 3347 4601 ut
3376 4564 3439 4601 ex
3473 4563 3537 4601 eo

2057 4659 2074 4691 s
2118 4640 2382 4694 catholica
2440 4639 2747 4700 sinceritas,
2805 4653 2924 4706 quze
2999 4636 3108 4705 jam
3179 4638 3306 4691 olim
3377 4654 3536 4704 supc-

2062 4747 2078 4777 ι
2125 4727 2355 4779 rioribus
2384 4726 2559 4777 illuxit
2593 4727 2943 4793 temporibus,
2969 4741 3108 4778 ιιιιηο
3138 4739 3348 4792 quoque
3384 4727 3537 4780 simi—

2055 4837 2071 4867 s
2112 4817 2235 4870 liter
2263 4830 2355 4883 per
2376 4816 2859 4868 coutradicentium
2895 4815 3255 4883 ignorantiam
3280 4823 3332 4866 et
3359 4816 3538 4882 pervi-

2060 4927 2076 4956 ε
2116 4907 2323 4961 caciam
2363 4913 2744 4972 cognoscatur.
2793 4904 2897 4956 Sed
2933 4905 3055 4971 quia
3100 4918 3205 4955 non
3249 4902 3382 4955 satis
3412 4903 3538 4955 lide-

2060 5013 2077 5045 ι
2125 4996 2274 5058 baut,
2317 4994 2426 5049 fere
2452 4994 2584 5047 nihil
2640 4994 2754 5046 ausi
2806 4999 2931 5046 sunt
2968 4992 3306 5061 respondere.
3361 4991 3540 5058 Quare

2059 5105 2076 5135 ε
2119 5085 2369 5153 quoniam
2405 5084 2705 5152 episcopale
2738 5091 2790 5136 et
2821 5081 3098 5150 paciﬁcum
3136 5084 3186 5134 in
3215 5096 3310 5136 eos
3347 5082 3537 5150 imple-

2061 5195 2077 5227 ι
2118 5186 2228 5228 tmn
2256 5184 2342 5229 est
2367 5174 2619 5235 cilicium.
2654 5183 2708 5228 et
2739 5174 2813 5227 illi
2835 5172 3046 5226 veritati
3073 5171 3396 5240 respondere
3431 5188 3535 5223 non

2060 5285 2078 5316 s
2123 5265 2406 5328 valentes,
2457 5265 2524 5317 ad
2580 5263 2940 5318 exsecrandas
2984 5260 3266 5315 violentias
3291 5263 3535 5313 conversi

2056 5375 2074 5407 ε
2113 5365 2260 5416 sunt,
2309 5354 2446 5407 adeo
2487 5364 2541 5406 ut
2568 5358 2765 5409 multos
2791 5355 3072 5422 episcopos
3099 5360 3151 5404 et
3191 5349 3389 5410 multos
3429 5349 3536 5405 cle-

2061 5461 2076 5492 ε
2122 5445 2281 5505 ricos,
2311 5449 2366 5493 ut
2398 5442 2462 5493 de
2490 5440 2639 5493 laicis
2679 5451 2906 5503 taceam,
2955 5438 3164 5492 insidiis
3190 5435 3490 5504 appeterint
3512 5469 3530 5496 ,

2061 5550 2075 5580 ε
2119 5543 2172 5585 ct
2198 5543 2449 5600 praeterea
2476 5529 2637 5584 etiam
2667 5530 2871 5598 aliquas
2916 5528 3173 5583 ecclesias
3205 5523 3538 5587 invaserint,

2061 5642 2078 5673 ι
2117 5632 2169 5677 et
2199 5624 2332 5676 alias
2357 5622 2609 5675 invadere
2637 5622 2813 5673 conati
2854 5620 2960 5672 sint
2996 5637 3008 5672 :
3049 5632 3234 5672 eorum
3264 5625 3345 5669 est
3384 5614 3540 5666 dein-

2060 5732 2077 5763 ι
2119 5727 2244 5781 ccps
2301 5712 2649 5766 humanitatis
2681 5711 2984 5782 providere,
3048 5718 3102 5762 ut
3148 5705 3410 5761 catholica
3439 5702 3546 5757 Ee-
