4148 6514
270 323 371 397 329

1259 339 1339 400 IN
1377 341 1537 402 CAN.
1575 338 1750 399 XCVI
1780 335 1983 398 CONC.
2022 337 2387 398 CARTHAG.

3275 262 3395 385 ωσ

338 465 357 498 ι
401 449 733 518 ἐπιποθήσαι.
769 451 908 521 Πρδς
932 450 1133 514 τούτοις
1168 451 1222 503 δέ
1252 453 1381 503 πᾶσι
1407 452 1504 518 τῆς
1536 448 1777 518 βοηθείας
1803 457 1849 512 Δ
1945 462 1964 496 ⁸

1750 462 1777 508 ς
1803 457 1849 512 Δ
1945 462 1964 496 σ
2002 447 2341 514 imperatores
2381 453 2435 497 et
2459 440 2908 510 supereminentea
2955 442 3243 505 potestates
3268 430 3385 483 mit-

336 550 356 584 ι
402 535 556 605 χρεία
581 538 694 589 ἐστὶ
737 538 845 589 τῶν
884 537 1200 591 δυναστειῶν
1245 538 1473 606 ἑκάστης
1517 534 1776 604 ἐπαρχίας

336 639 354 670 ι
405 623 560 686 ιδίας.
597 627 702 680 Καὶ
726 625 847 677 ἀλλο
872 625 950 690 δέ,
975 627 1026 679 εί
1065 643 1118 679 τι
1169 627 1360 695 δήποτε
1398 625 1777 691 κατανοήσουσι

332 727 352 759 ι
395 713 460 780 τῇ
486 713 899 782 ἐκκλησιαστικῇ
922 713 1276 783 χρησιμότητι
1306 711 1628 774 λυσιτελοῦν,
1651 709 1775 762 τοῦ-

331 816 348 847 ι
393 814 451 849 το
474 799 885 866 διαπράττεσθαι
909 799 1000 852 καὶ
1048 798 1286 862 timuisti:
1313 797 1646 861 αὐτεξούσιον
1672 796 1776 864 ψη-

329 904 346 936 ι
394 886 660 953 φιξόαεθα
687 887 1097 956 τοποτηρησίαν.
1139 887 1368 938 Κάκεῖνο
1389 886 1444 937 δέ
1492 885 1624 953 πρὸς
1659 882 1778 934 τού-

328 975 494 1035 ι⁹τοις
541 975 752 1043 ἤρεσεν,
798 975 883 1028 ἵνα
930 976 1222 1044 γράμματα
1261 978 1324 1026 ἐκ
1377 974 1475 1040 τῆς
1515 973 1780 1041 ἡμετέρας

326 1083 345 1114 ι
394 1065 743 1125 συνελεύσεως
773 1064 906 1133 πρὸς
951 1066 1071 1125 τούς
1131 1064 1491 1127 ἐνδοξοτάτους
1537 1063 1782 1130 βασιλέας

326 1172 348 1204 ι
392 1155 484 1204 καὶ
509 1154 604 1213 τάς
628 1154 989 1222 ὑπερεχούσας
1033 1153 1275 1216 ἐξουσίας
1318 1154 1674 1214 ἀποσταλῶσι,
1713 1154 1779 1204 δι’

325 1261 342 1292 ι
385 1238 457 1294 ὧν
485 1242 967 1310 πληροφοροῦνται,
996 1242 1069 1303 ὡς
1097 1244 1164 1310 τῇ
1217 1244 1511 1294 συναινέσει
1570 1242 1780 1294 πάντων

324 1349 342 1380 ι
393 1330 545 1398 ἡμῶν
576 1332 666 1382 ἐπὶ
685 1331 741 1381 τὸ
777 1331 1156 1398 εὐτυχέστατον
1181 1333 1466 1398 κομιτᾶτυν
1513 1332 1635 1392 τούς
1691 1346 1782 1382 τοο

322 1433 340 1464 ι
393 1417 698 1482 ποτηρητάς
758 1416 883 1483 παρ’
949 1417 1102 1484 ἡμῶν
1177 1413 1316 1470 εἶναι
1369 1416 1780 1477 ἀποσταλέντας.

325 1523 342 1553 ι
401 1504 532 1556 Ἀλλ’
591 1507 774 1582 ἐπειδὴ
836 1508 944 1565 τοῖς
1004 1506 1180 1566 αὐτοῖς
1237 1507 1520 1573 γράμμασι
1581 1506 1784 1567 πάντας

325 1615 343 1645 ι
391 1595 533 1660 ἡμᾶς
573 1594 879 1661 ὑπογράψαι
910 1593 1230 1662 βραδύτατόν
1256 1596 1392 1654 ἐστι,
1422 1596 1509 1646 ἵνα
1544 1594 1615 1661 μὴ
1664 1595 1782 1654 ταῖς

327 1700 345 1730 ι
393 1681 615 1731 ἑκάστου
653 1680 808 1747 ἡμῶν
839 1681 1177 1747 ὑπογραφαῖς
1200 1679 1268 1730 τά
1305 1680 1439 1731 αὐτά
1491 1680 1784 1748 γράμματα

319 1791 336 1822 ι
385 1769 752 1839 φορτωθῶσιν,
804 1769 1078 1836 αἰτοῦμεν,
1129 1769 1322 1835 ἀδελφέ
1371 1769 1634 1839 Δύρήλιε,
1698 1769 1785 1821 ἵνα
1816 1751 1856 1802 Β

319 1880 336 1910 ι
383 1862 439 1912 ἐν
467 1859 670 1920 τούτοις
703 1860 736 1926 ἡ
762 1859 828 1927 σὴ
857 1859 1042 1926 ἀγάπη
1086 1858 1392 1927 ὑπογράψαι
1423 1859 1508 1909 ἐπ’
1555 1858 1777 1926 ὀνόματι

323 1969 341 1998 ι
387 1949 595 2001 πάντων
653 1947 807 2015 ἡμῶν
859 1947 1185 2016 καταξιώσῃ.
1252 1947 1360 1999 Καὶ
1420 1945 1738 2015 ὑπέγραψαν
1762 1959 1779 1976 ⁸

318 2057 336 2086 ι
381 2039 642 2105 Αὐρήλιος
679 2037 968 2099 ἐπίσκοπος
996 2040 1093 2104 τῆς
1129 2040 1185 2090 ἐν
1235 2036 1539 2106 Καρχηδόνι
1581 2037 1778 2104 ἐκκλη-

325 2146 342 2177 ι
390 2127 506 2188 σίας
538 2127 612 2194 τῷ
639 2127 858 2196 παρόντι
900 2127 1203 2196 ψηφίσματι
1235 2126 1515 2197 συνῄνεσα,
1551 2127 1642 2181 καὶ
1679 2141 1784 2179 πα-

321 2236 338 2266 ι
384 2216 806 2285 ραναγνωσθέντι
837 2215 1142 2285 ὑπέγραψα,
1171 2217 1367 2286 ὁμοίως
1397 2217 1491 2269 καὶ
1520 2218 1567 2269 οἱ
1603 2216 1776 2269 λοιποὶ

323 2325 341 2356 ι
384 2305 720 2373 ὑπέγραψαν.
752 2305 1055 2372 Γράμματα
1084 2304 1163 2356 ἐτι
1201 2304 1306 2373 μὴν
1349 2306 1485 2371 πρὸς
1523 2305 1649 2364 τούς
1688 2307 1782 2374 ἀρα

317 2415 336 2446 ι
384 2411 570 2464 χοντας
617 2395 826 2463 πέμψαι
871 2394 968 2456 δεῖ,
1028 2394 1112 2446 ἴνα
1162 2395 1267 2456 ἐως
1322 2388 1384 2446 οὐ
1438 2393 1633 2463 Κύριος
1663 2396 1788 2456 τούς

322 2505 340 2536 ι
383 2486 750 2554 τοποτηρηιάς
811 2482 1143 2553 ὑποστρέψαι
1189 2483 1322 2552 πρὸς
1371 2484 1528 2552 ἡμᾶς
1559 2482 1784 2555 ἀξιώσῃ,

322 2591 338 2622 ι
381 2572 531 2640 παρὰ
560 2571 800 2639 φυλακὴν
825 2573 924 2623 ἀνα
961 2573 1057 2633 τάς
1084 2571 1189 2623 τῶν
1219 2569 1425 2624 πόλεων
1466 2569 1646 2634 τάξεις
1688 2572 1784 2624 καὶ

317 2677 336 2710 ι
384 2664 650 2730 κτήτορας
674 2661 782 2712 τῶν
820 2659 1034 2728 χωρίων
1060 2659 1158 2729 τῆς
1209 2658 1498 2728 καθολικῆς
1560 2659 1789 2726 Ἐκκλη-

1952 549 1972 583 ι
2011 542 2206 596 tantur,
2234 532 2426 601 quibus
2452 528 2708 582 certiores
2735 527 2863 580 ﬂant
2885 526 3122 580 omnium
3150 528 3389 576 nostrum

1951 643 1969 675 ι
2005 638 2264 679 consensu
2303 625 2367 678 ad
2417 622 2781 677 beatissimum
2825 619 3131 673 comitatum
3201 613 3392 667 missos

1953 733 1970 764 ι
2010 728 2124 768 esse
2156 726 2185 765 a
2213 712 2361 767 nobis
2387 712 2603 777 legatos.
2630 708 2733 762 Sed
2755 708 2874 775 quia
2906 706 3088 759 iisdem
3114 702 3304 756 litteris
3321 700 3392 753 ab

1955 826 1973 854 ι
2009 806 2250 858 omnibus
2281 803 2536 858 subscribi
2585 811 2665 856 est
2718 800 3098 861 tardissimum,
3145 795 3394 849 uniuscu-

1955 911 1972 944 ι
2004 893 2195 961 jusque
2213 905 2446 947 nostrum
2471 890 2945 958 subscriptiouibus
2973 886 3174 942 easdem
3207 885 3222 936 l
3249 893 3396 936 ttera

1957 1000 1974 1032 ι
2011 990 2319 1045 unerentur,
2361 981 2607 1048 petimus,
2656 980 2819 1031 irater
2843 976 3045 1036 Aureli,
3078 985 3134 1027 ut
3190 974 3270 1027 bis
3313 980 3400 1024 tua

2009 1071 2219 1124 dilectio
2264 1070 2474 1123 nomine
2499 1069 2731 1121 omnium
2761 1064 3097 1119 subscribere
3136 1063 3400 1130 dignetur.

1961 1177 1980 1210 ι
2015 1161 2078 1213 Et
2108 1159 2579 1226 subscripserunt;
2630 1156 2876 1208 Aurelius
2921 1154 3197 1220 episcopus
3223 1151 3403 1205 Eccle-

1963 1266 1981 1297 ι
2020 1249 2110 1300 siae
2133 1246 2575 1314 Carthaginiensis
2618 1245 2871 1313 praedicto
2895 1245 3107 1297 decreto
3136 1240 3402 1304 consensi,

1959 1355 1977 1386 ι
2016 1345 2070 1388 et
2096 1335 2231 1388 lecto
2274 1333 2592 1402 subscripsi.
2650 1333 2904 1386 Similiter
2945 1339 3000 1386 e'.
3044 1330 3231 1398 reliqui
3273 1329 3408 1382 sub-

1965 1442 1983 1474 ι
2022 1425 2370 1490 scripserunt.
2420 1421 2632 1475 Littera:
2661 1431 2911 1489 praterea
2959 1420 3024 1472 ad
3067 1417 3410 1486 magistratus

1962 1529 1979 1560 ι
2024 1510 2291 1562 mittenda:
2318 1518 2456 1571 sunt,
2497 1520 2574 1572 ut,
2607 1514 2772 1562 donec
2815 1508 3062 1562 Dominus
3085 1506 3308 1561 voluerit
3335 1506 3411 1559 le-

1966 1619 1984 1650 ι
2021 1611 2170 1667 gatos
2197 1601 2260 1653 ad
2285 1616 2382 1654 nos
2413 1600 2608 1662 redire,
2637 1599 2937 1668 praesidium
2958 1613 3053 1666 per
3082 1599 3297 1650 ordines
3326 1596 3409 1648 ci-

1962 1707 1980 1739 ι
2020 1690 2237 1742 vitatum
2274 1700 2326 1744 et
2362 1704 2691 1757 possessores
2724 1687 3040 1754 praediorum
3091 1684 3414 1739 universalis

1960 1795 1977 1826 ι
2017 1775 2264 1830 Ecclesia:
2302 1776 2642 1829 distribuant.
2671 1775 2929 1827 Praeterea
2972 1771 3256 1840 adiungere
3278 1784 3416 1838 quo-

1963 1883 1980 1915 ι
2017 1879 2120 1932 que
2161 1874 2372 1931 oportet
2396 1863 2462 1918 de
2494 1864 2705 1931 Equitio
2747 1872 2803 1916 ut
2843 1865 2959 1931 ejus
2997 1861 3320 1928 impudentia
3365 1868 3419 1913 et

1969 1951 2345 2020 «improbitas
2401 1966 2429 2002 a
2512 1951 2830 2004 dimcesibus
2891 1951 3222 2012 estrudatur,
3285 1960 3420 2016 quas

1965 2057 1984 2089 ι
2023 2054 2052 2092 a
2084 2041 2420 2096 curatoribus
2451 2038 2801 2108 Hipponensis
2827 2038 3078 2093 Ecclesia:
3102 2036 3420 2093 sacerdotali

1966 2145 1984 2178 ι
2021 2129 2139 2194 jure
2182 2128 2280 2182 sibi
2309 2129 2561 2182 vindicat.
2597 2127 2757 2181 Porro
2779 2128 2967 2182 littere
2987 2142 3199 2197 quoque
3224 2130 3287 2180 ad
3310 2126 3423 2196 epi-

1970 2235 1986 2266 ι
2029 2230 2244 2283 scapum
2276 2216 2529 2270 Romanae
2573 2216 2824 2271 Ecclesia:
2862 2217 3319 2272 commendatione
3351 2217 3425 2267 lc-

1975 2323 1993 2354 ι
2039 2315 2281 2374 gatorum
2330 2305 2600 2358 mittenda:
2644 2302 2788 2365 sunt.
2838 2314 2892 2359 et
2919 2307 2983 2359 ad
3020 2305 3154 2359 alios
3203 2305 3290 2358 ubi
3340 2316 3424 2358 est

1956 2411 1975 2443 ι
2015 2394 2321 2460 imperator.
2362 2391 2427 2445 Et
2467 2393 2712 2448 similiter
2733 2393 3195 2462 subscripserunt.
3243 2394 3414 2444 Aure-

1968 2503 1986 2534 ι
2024 2484 2126 2538 lius
2171 2484 2450 2551 episcopus
2489 2481 2923 2551 Carthaginensis
2987 2481 3233 2535 Ecclesia
3290 2495 3426 2548 ιιι-ω-

1971 2593 1987 2625 ι
2029 2574 2164 2627 senti
2214 2576 2426 2627 decreto
2466 2573 2736 2635 consensi,
2788 2583 2841 2625 et
2907 2571 3044 2624 lecto
3086 2572 3376 2640 subscripsi
3412 2589 3428 2625 :

1970 2678 1987 2711 ι
2028 2659 2275 2712 similiter
2299 2668 2352 2714 et
2376 2658 2567 2726 reliqui
2596 2659 3042 2727 subscripserunt.
3076 2679 3093 2710 ι

322 2770 338 2800 ι
386 2751 503 2812 σίας
565 2748 968 2817 ἐπιμερίσωσιν.
1009 2750 1128 2802 Ἔτι
1190 2749 1294 2815 μὴν
1329 2748 1410 2801 δεῖ
1467 2748 1789 2816 προσζεῦξαι
1837 2750 1929 2802 καὶ
2002 2751 2126 2818 περὶ
2192 2750 2283 2801 τοῦ
2314 2749 2584 2814 Δίκυτίου,
2616 2752 2760 2819 ἴναη
2808 2750 3044 2803 ἀναίδεια
3102 2750 3263 2804 αὑτοῦ
3297 2751 3430 2814 ἐξω·

322 2862 341 2894 ι
388 2841 521 2910 θηοῇ
591 2839 696 2892 ἀπὸ
753 2837 860 2890 τῶν
925 2839 1254 2904 διοικήσεων,
1328 2835 1395 2898 ἀς
1448 2836 1512 2886 ἐκ
1558 2835 1665 2888 τῶν
1721 2836 2048 2905 φροντιστῶν
2108 2835 2208 2904 τῆς
2281 2837 2338 2888 ἐν
2373 2837 2592 2889 Ἰππῶνι
2657 2837 2946 2904 ἐκκλησίας
3018 2839 3298 2906 ίερατικῶν
3359 2840 3434 2891 δι-

320 2949 338 2981 ι
386 2929 550 2982 καίων
632 2926 762 2994 πρὸς

842 2926 1029 2977 ἑαυτὸν
1107 2923 1381 2976 διεκδικεῖ.
1467 2923 1578 2976 Καὶ
1625 2925 1920 2994 γράμματα
1992 2924 2050 2977 δέ
2114 2925 2247 2991 πρὸς
2308 2925 2400 2976 τὸν
2453 2926 2742 2977 ἐπίσκοπον
2796 2927 2893 2992 τῆς
2943 2927 3252 2996 Ῥωμαῖκῆς
3312 2930 3436 2981 Ἐκ-

322 3041 338 3071 ι
381 3021 599 3090 κλησίας
630 3021 754 3086 περὶ
781 3016 871 3069 τοῦ
899 3015 1233 3082 παραθέσθαι
1262 3016 1385 3076 τοὺς
1405 3017 1775 3084 τοποτηρητὶις
1850 3015 2164 3083 πεμφθῆναι
2232 3015 2520 3081 ὀφείλουσι,
2588 3019 2681 3067 καὶ
2740 3017 2871 3083 πρδς
2926 3016 3048 3076 τοὺς
3104 3016 3289 3080 ἀλλους
3354 3020 3428 3079 δέ,

318 3129 334 3160 ι
381 3109 510 3160 ὅπου
540 3107 728 3158 some
765 3102 1031 3172 βασιλεύς.
1066 3101 1173 3152 Καὶ
1250 3101 1566 3169 ὑπέγραψαν
1624 3103 1841 3171 ὁμοίως.
1911 3103 2170 3172 Αὐρήλιος
2244 3105 2541 3182 ἐπίσκοπος
2595 3108 2691 3174 τῆς
2755 3108 2809 3155 ἐν
2866 3106 3166 3173 Καρχηδόνι
3239 3109 3435 3176 ἐκκλη-

319 3221 336 3250 ι
387 3199 598 3268 σίαςτῷ
623 3198 842 3267 παρόντι
901 3196 1206 3263 ψηφίσματι
1272 3193 1553 3264 συνῄνεσα,
1627 3197 1718 3248 καὶ
1782 3196 2282 3267 παραναγνωσθέντι
2349 3199 2669 3269 ὑπέγραψαη
2729 3203 2925 3270 όμοῖως
2979 3203 3069 3254 καὶ⁸
3134 3204 3179 3254 oi
3262 3203 3434 3256 λοιπο.

321 3311 339 3342 ι
385 3289 722 3357 ὑπέγραψαν.
758 3306 776 3339 a

315 3383 508 3437 ΒΑΛΣ.
541 3384 644 3434 Καὶ
675 3383 742 3433 τὰ
772 3384 826 3434 ἐν
848 3386 910 3449 τῇ
939 3382 1186 3453 παρούσῃ
1215 3383 1454 3452 διαλαλιᾷ
1482 3382 1794 3436 τυπωθὲντα
1821 3385 1867 3442 6

1821 3385 1867 3442 ϐ
1977 3379 2164 3434 BALS.
2215 3379 2271 3432 In
2302 3379 2544 3446 praesenti
2579 3393 2788 3447 quoque
2831 3393 3095 3444 sermone,
3121 3395 3238 3447 quae
3275 3396 3303 3433 a
3332 3381 3435 3433 Pa-

252 3475 402 3541 πσρά
418 3473 522 3523 τῶν
555 3471 808 3536 Πατέρων
839 3469 925 3521 διά
953 3471 1071 3531 tab,
1105 3471 1426 3532 Δονατιστάς
1483 3471 1622 3523 ίδικά
1666 3473 1794 3533 εισι,

249 3566 342 3616 καὶ
395 3561 468 3628 μὴ
499 3559 855 3625 ἐξακουόμενα
879 3560 958 3619 είς
997 3560 1093 3626 τὴν
1145 3558 1252 3609 τῶν
1287 3559 1586 3626 ἐκκλησιῶν
1627 3560 1794 3610 κατά-

251 3671 456 3705 στασιν.
491 3652 599 3703 Καὶ
622 3651 705 3702 διὰ
733 3650 888 3702 τοῦτο
910 3650 1026 3703 οὐδέ
1076 3653 1363 3719 ἑρμηνεία,
1405 3650 1615 3717 ἐδέησεν
1661 3651 1793 3717 ἡμῖν

247 3742 407 3810 χάριν
433 3739 673 3792 τοὺτων.⁴

320 3827 562 3880 ΖΩΝΑΡ.
590 3825 708 3876 Τῶν
732 3829 1059 3878 Δονατιστων
1091 3824 1166 3893 μὴ
1195 3824 1494 3891 δεξαμένων
1534 3824 1629 3893 τὴν
1661 3826 1796 3892 πρὸς

249 3919 442 3980 αὐτοὺς
473 3916 568 3982 τῆς
598 3916 810 3967 συνόδου
860 3914 1170 3983 πρεσϐείαν,
1221 3915 1269 3964 oi
1325 3911 1561 3981 Πατέρες
1617 3913 1798 3980 ἁθροι-

254 4008 468 4066 σθέντες
500 4004 657 4057 πάλιν
695 4003 981 4072 πρεσϐείαν
1008 4001 1209 4054 στεῖλαι
1257 4001 1374 4054 κατ’
1429 4001 1604 4053 αὐτῶν
1662 4001 1796 4071 πρὸς

250 4096 338 4148 τ’»)
370 4093 586 4162 βασιλέα
614 4094 867 4162 Ὀνώριον
901 4093 1295 4146 ἐϐουλεύσαντο.
1337 4087 1512 4160 *Ηρχε
1545 4091 1648 4160 γὰρ
1676 4093 1794 4144 τότε

250 4184 347 4250 τῆς
385 4181 600 4250 Ῥώμης
657 4181 882 4233 καὶτῶν
921 4182 1187 4250 ἐσπερίων
1216 4179 1481 4249 ·Ὀνώριος
1502 4197 1515 4211 ·
1565 4181 1656 4232 καὶ
1684 4185 1797 4241 τοῖς

254 4271 620 4338 στελλομένοις
659 4270 928 4338 ῐγγραφον
976 4269 1315 4336 ἐνταλτήριον
1373 4268 1660 4320 δεδώκασιν
1721 4271 1796 4328 είς

256 4362 558 4430 ὑπόμνησιν
586 4351 656 4415 ὧν
682 4361 903 4425 ἔμελλον
938 4359 1072 4426 πρὸς
1129 4359 1218 4410 τὸν
1272 4357 1489 4425 βασιλέα
1545 4358 1716 4409 εἰπεῖν
1771 4359 1799 4409 ὃ

256 4448 657 4516 κομμονιτόριον
695 4445 1002 4512 ὠνόμασαν.
1026 4442 1204 4497 Ἦσαν
1237 4445 1293 4496 δέ
1343 4446 1406 4496 τὰ
1439 4444 1794 4512 ἐντεταλμένα

254 4537 498 4600 τοιαῦτα,
534 4537 611 4588 ὅτι
630 4538 779 4588 Μετὰ
803 4535 1110 4604 παρρησίας
1134 4533 1290 4602 ἡμῶν
1348 4533 1799 4602 προσκαλεσαμέο

257 4647 360 4681 νιυν
386 4631 508 4688 τούς
550 4625 925 4695 πρωτεύοντας
977 4623 1083 4675 τῶν
1148 4623 1478 4675 Δονατιστῶν
1511 4623 1798 4687 συνελθεῖν,

1906 3471 2073 3522 tribus
2109 3470 2362 3521 adversus
2396 3466 2698 3520 Donatistas
2720 3475 2914 3520 statuta
2946 3479 3089 3526 sunt.
3137 3477 3259 3519 sunt
3314 3482 3437 3534 spe-

1902 3559 2078 3619 cialia,
2109 3565 2164 3609 et
2185 3557 2249 3607 ad
2271 3555 2615 3608 ecclesiarum
2656 3553 3086 3607 constitutionem
3118 3568 3220 3607 n0n
3255 3563 3438 3608 exten-

1903 3647 2122 3698 duntur.
2177 3643 2242 3696 Et
2291 3643 2409 3696 ideo
2442 3655 2538 3694 nec
2573 3642 3006 3709 interpretatione
3038 3644 3248 3710 quidem
3297 3647 3439 3697 indi-

1903 3743 2049 3803 gent.

1973 3823 2220 3878 ZONAR.
2290 3823 2421 3878 Cum
2473 3823 3106 3895 Donatista-.legationcm
3165 3826 3230 3879 ad
3298 3826 3441 3893 ipsos

1901 3929 1930 3966 a
1959 3914 2161 3983 synodo
2193 3913 2410 3965 missam
2444 3912 2771 3978 reiecissent,
2803 3925 3065 3968 conventu
3097 3915 3238 3967 inter
3259 3929 3315 3968 sc
3344 3916 3438 3967 ba-

1902 4004 2013 4056 bito
2040 4002 2225 4055 Patres
2245 4001 2468 4054 alteram
2497 4002 2814 4072 legationem
2842 4013 3025 4057 contra
3052 4005 3195 4072 ipsos
3229 4003 3295 4056 ad
3335 4005 3437 4057 im—

1904 4101 2197 4157 peratorem
2243 4089 2536 4142 Honorium
2588 4092 2898 4145 mittendam
2947 4107 3067 4146 esse
3118 4104 3441 4146 censuerunt

1908 4179 2224 4246 (imperabat
2252 4179 2391 4230 enim
2446 4193 2508 4231 eo
2557 4188 2794 4246 tempore
2834 4181 3013 4235 Romae
3059 4194 3108 4234 et
3158 4180 3434 4235 Occidenti

1909 4268 2234 4337 Honorius);
2260 4279 2495 4338 atqueut
2528 4285 2710 4324 eorum
2740 4288 2856 4339 qua:
2898 4275 3034 4340 apud
3068 4274 3439 4340 imperatorem

1905 4357 2108 4426 agenda
2135 4357 2307 4410 forent
2339 4358 2551 4413 facilius
2581 4361 2976 4428 meminissent,
3015 4365 3190 4417 omnia
3227 4365 3443 4430 scriptis

1907 4445 2218 4512 consignata
2257 4446 2444 4514 legatis
2478 4448 2764 4510 tradidere,
2791 4460 2948 4514 atque
2985 4450 3032 4500 id
3068 4451 3248 4515 scripti
3276 4465 3444 4518 genus

1906 4532 2366 4585 commonitorium
2409 4533 2758 4600 appellavere.
2799 4536 2960 4587 Erant
2989 4549 3165 4588 autem
3200 4536 3442 4588 Ilialtdalu

1912 4619 2173 4686 ejusmodi
2207 4635 2222 4675 :
2257 4621 2296 4672 Δ
2330 4620 2503 4684 nobis,
2532 4622 2795 4689 inquiunt,
2831 4639 3018 4693 magna
3063 4624 3221 4677 animi
3256 4605 3444 4678 liducia

258 4721 367 4783 καὶ,
397 4720 444 4770 εί
471 4716 778 4786 θαρροῦσιν,
813 4711 1190 4766 ἁντιλαδέσθαι
1223 4712 1316 4764 τεῦ
1354 4712 1554 4763 οἰκείου
1605 4713 1803 4780 δόγμα-
1832 4698 1878 4750 Ῑ)

1832 4698 1878 4750 Ῑ)
1906 4711 1969 4760 ad
1994 4724 2337 4778 congreSsum
2371 4709 2767 4765 Donatistarum
2793 4713 3045 4780 primates
3070 4718 3262 4782 νοιάιῑ,Ι
3285 4726 3445 4784 atque

253 4824 365 4870 τος,
416 4808 562 4866 ὅπως
617 4815 705 4856 και
749 4803 842 4855 νῦν
899 4801 1241 4870 ἐγνωρίζειο,
1298 4801 1419 4853 ἀντὶ
1470 4800 1563 4852 τοῦ
1590 4804 1680 4853 καὶ
1711 4802 1804 4854 νῦν

257 4894 601 4964 ἐφανεροῦτο,
633 4893 720 4946 διὰ
750 4894 846 4959 τῆς
894 4891 1145 4959 ἀπειρία,
1169 4891 1260 4943 καὶ
1297 4892 1620 4958 μονοτονίας,
1642 4891 1805 4960 ἧγουν

253 4987 347 5054 τῆς
374 4985 638 5053 ἀμαθείας
671 4985 763 5035 καὶ
808 4980 1153 5049 αὐτογνώμου
1174 4981 1470 5043 ἐνστάσεως
1522 4982 1627 5032 τῶν
1656 4984 1804 5035 ἀντι-

253 5074 540 5140 λεγόντων,
591 5074 624 5140 ἡ
678 5069 937 5137 καθολικὴ
978 5068 1356 5136 είλικρινότης,
1409 5071 1440 5135 ἡ
1493 5068 1800 5138 καθαρότης

251 5162 446 5232 δηλαδὴ
498 5161 605 5213 τῶν
653 5163 746 5227 τῆς
791 5158 1082 5226 καθολικῆς
1129 5156 1451 5225 Ἐκκλησίας
1496 5158 1802 5223 δογμάτων.

249 5255 314 5304 EI
357 5253 465 5320 γὰρ
517 5248 790 5314 συνῆλθον,
846 5250 1028 5316 φησὶν,
1079 5245 1430 5314 ἐγνώσθησαν
1485 5248 1550 5296 ἂν
1603 5248 1684 5298 ὅτι
1744 5248 1804 5310 ἐξ

248 5339 511 5409 ἀμαθείας
567 5337 660 5389 καὶ
708 5337 936 5404 ματαίας
993 5335 1288 5395 ἐνστάσεως
1324 5335 1628 5386 ἐνίστανται
1675 5337 1805 5404 περὶ

247 5424 322 5482 ὧν
383 5427 725 5490 δοξάζουσιν·
774 5423 924 5478 ,ἀλλ’
983 5423 1061 5472 ὅτι
1130 5423 1228 5472 οὐκ
1298 5421 1591 5490 ἐθάρρουν,
1655 5423 1803 5474 οὐδὲν

249 5516 432 5584 σχεδὸν
491 5514 882 5581 ἀπεκρίθησαν.
950 5510 1102 5561 Ἐπεὶ
1150 5507 1270 5571 οὖν,
1323 5511 1422 5561 ὅσα
1496 5510 1601 5561 ἐδει
1659 5513 1804 5580 ἡμᾶς

248 5607 322 5667 ὡς
375 5602 712 5661 ἐπισκόπους
760 5599 1014 5662 ποιῆσαι,
1075 5599 1362 5664 εἰρηνικῶς
1434 5600 1800 5669 ἐποιήσαμεν·

500 5692 774 5749 Parnm.
812 5688 926 5746 Gtt.
986 5687 1350 5747 CXXXVIII.

1906 4799 1973 4851 ad
2001 4799 2084 4852 sui
2117 4800 2398 4867 dogmatis,
2431 4801 2475 4853 si
2509 4811 2711 4854 tantum
2743 4815 3041 4871 sperarent,
3071 4813 3445 4876 propugnatio—

1909 4903 2030 4940 nem
2081 4889 2288 4941 invitati
2322 4889 2466 4943 fuere
2495 4906 2510 4954 ;
2541 4901 2597 4943 ιιι
2624 4892 2722 4945 hoc
2757 4908 2969 4960 quoque
3002 4903 3238 4962 tempore
3261 4897 3444 4948 catbu-

1906 4976 2020 5030 licaa
2061 4978 2297 5030 veritatis
2347 4977 2696 5045 liquidissima
2761 4983 2964 5048 put-itas
3019 4984 3442 5037 adversariorum

1910 5076 2020 5119 tum
2047 5067 2309 5133 imperitia
2337 5077 2446 5119 tum
2483 5070 2768 5134 pertinacia
2797 5073 2965 5141 magis
2990 5073 3264 5140 magisque
3288 5075 3446 5124 ilinn-

1907 5165 2134 5209 tesceret
2156 5172 2216 5208 ac
2241 5156 2620 5211 illustraretur.
2651 5159 2781 5211 Nam
2808 5175 2929 5212 eum
2956 5177 3302 5230 congressum
3338 5167 3440 5215 nisi

1910 5257 2268 5306 recusassent,
2317 5247 2429 5300 illos
2483 5261 2545 5299 ex
2588 5249 2698 5300 sola
2735 5250 2842 5302 veri
2890 5251 3216 5319 ignoratione
3261 5264 3346 5305 Stu
3373 5264 3449 5304 ta.

1908 5351 2009 5401 que
2039 5335 2398 5388 obstinatimie
2437 5337 2775 5402 opinionibus
2811 5340 2925 5394 suis
2975 5342 3324 5408 pertinaciter
3373 5345 3452 5393 in-

1913 5426 2102 5479 sistere
2135 5422 2293 5476 iacile
2325 5438 2661 5492 perspectum
2702 5430 2888 5480 inisset
2928 5447 2940 5479 :
2977 5446 3158 5483 verum
3190 5434 3310 5498 quia
3345 5448 3452 5483 sua:

1910 5527 2083 5565 causae
2118 5513 2254 5564 haud
2286 5514 2418 5564 satis
2452 5514 2694 5579 fiderent,
2743 5531 3057 5582 responsum
3100 5521 3213 5571 fere
3249 5517 3451 5570 n’ullum

1911 5602 2122 5657 dedere.
2176 5601 2440 5664 Quoniam
2492 5604 2652 5670 igitur
2698 5619 2884 5660 omnes
2937 5607 3252 5676 episcopalis
3295 5605 3452 5662 oﬂicii

3070 5699 3130 5759 11
