4136 6512
295 412 406 475 333

1355 399 1426 458 IN
1463 396 1623 457 CAN.
1657 388 1859 450 XCVII
1890 386 2092 445 CONC.
2129 388 2501 446 CARTHAG.

3380 376 3480 438 334

298 513 674 584 τοπθτηρηταὶ
703 517 784 574 είς
824 512 883 565 τὸ
939 512 1251 580 κομιτᾶτον,
1279 509 1446 576 ἡγουν
1477 503 1554 559 είς
1583 499 1644 550 τὸ
1674 494 1844 548 παλά-
1877 495 1915 548 Δ

1877 495 1915 548 Α
1946 503 2210 545 consensu
2255 491 2471 553 Patrum
2507 491 2706 559 legatos
2754 491 2818 542 ad
2866 489 3198 549 comitatum,
3238 487 3338 538 hoc
3380 497 3479 546 est,

298 626 432 661 τιον.
470 602 1054 676 Θρησκευτικιοιτάτους
1089 599 1140 650 δὲ
1157 597 1280 657 τοὺς
1308 595 1535 664 βασιλεῖς
1562 590 1833 647 ἐκάλεσεν,

304 701 424 767 ἦτοι
470 693 825 752 πιστοτάτους
871 691 964 741 καὶ
1001 683 1584 756 Χριστιαννκωτάτους,
1636 678 1709 739 ὡς
1746 677 1842 739 τῆς

305 785 602 856 θρησκείας
653 783 760 834 τῶν
816 778 1152 851 Χριστιανῶν
1204 773 1696 839 ἀντιποιουμένους.
1751 768 1844 827 Εἰς

304 855 586 940 ἀνακοπὴν
612 873 708 938 τῆς
766 871 884 939 βίας
931 871 1026 921 καὶ
1077 864 1303 930 ἀταξίας
1346 863 1454 916 τῶν
1513 855 1844 912 Δονατιστῶν

307 965 512 1035 γράψαι
567 964 683 1014 δέον
724 962 833 1021 τοῖς
881 961 1107 1027 ἄρχουσι
1172 955 1279 1007 τῶν
1349 952 1543 1021 χωρῶν
1624 946 1846 1000 ἐκείνων

305 1057 547 1123 ἔκριναν,
575 1053 659 1104 ἵνα
690 1051 819 1117 παρ’
841 1050 1015 1102 αὐτῶν
1032 1046 1402 1113 φυλάσσωνται
1445 1043 1498 1092 αἱ
1539 1036 1846 1103 ἐκκλησίαι,

311 1148 403 1200 καὶ
435 1148 484 1196 oi
510 1146 725 1212 ἔχοντες
752 1142 819 1194 τά
850 1139 1045 1209 χωρία,
1076 1137 1240 1206 ἡγουν
1269 1135 1380 1187 ὅσοι
1439 1131 1532 1194 τῆς
1551 1123 1847 1191 καθολικῆς

319 1229 645 1291 Ἐκκλησίας
697 1227 833 1277 είσί·
871 1226 961 1275 καὶ
995 1223 1124 1290 περὶ⁸
1168 1219 1260 1272 τοῦ
1313 1220 1592 1278 Αίκυτίου,
1640 1212 1729 1264 ἵνα
1760 1212 1850 1262 ικ-

305 1319 530 1386 διωχθῇ,
568 1318 659 1369 καὶ
716 1316 878 1385 μήτι
935 1313 1010 1374 ὼς
1065 1309 1240 1379 ἱερεὺς
1298 1306 1506 1375 ἐκδικῇ.
1562 1302 1670 1355 Καὶ
1715 1298 1850 1370 πρὸς

307 1410 396 1462 τὸν
467 1406 685 1474 Ῥώμης
731 1403 937 1473 γράψαι
989 1398 1298 1451 τετύπωται
1346 1397 1474 1464 περὶ
1527 1391 1618 1444 τοῦ
1674 1405 1851 1458 παρα-

309 1499 496 1551 θέσθαι
552 1496 678 1552 τοὺς
730 1491 1149 1560 τοποτηρητὰς,
1227 1490 1393 1558 ἥγουν
1441 1485 1702 1552 συστῆσαι
1749 1479 1847 1531 καὶ

311 1587 569 1655 γνωρίσαι
624 1583 702 1646 τῷ
751 1583 980 1650 βασιλεῖ,
1031 1583 1124 1632 καὶ
1176 1579 1312 1646 πρὸς
1351 1577 1474 1638 τοὺς
1514 1575 1700 1632 ἀλλους
1733 1572 1849 1622 ἑπι-

314 1679 547 1736 σκόπους
575 1674 680 1726 τῶν
712 1673 926 1741 χωρῶν,
959 1673 1016 1722 ὲν
1069 1667 1153 1730 αἷς
1191 1669 1438 1735 ὲνεδήμει
1481 1667 1600 1716 τότε
1640 1663 1667 1714 ό
1698 1660 1855 1725 βασι-

306 1765 449 1826 λεύς.

309 2020 529 2073 ᾹΙἿΣΤ.
573 2037 595 2071 ι
639 2021 698 2071 Οἱ
727 2017 1072 2087 γεννηθέντες
1099 2017 1366 2082 εὐσεϐείᾳ,
1399 2017 1490 2066 καὶ
1516 2019 1695 2065 πίστει
1719 2027 1853 2080 τραο

382 2127 398 2158 ι
437 2109 623 2175 φάντες
646 2105 904 2175 βασιλεῖς,
936 2108 1091 2174 χεῖρα
1118 2103 1378 2172 παρέχειν
1406 2105 1521 2164 ταῖς
1540 2099 1855 2169 ἐκκλησίαις

390 2218 407 2248 ι
449 2198 772 2266 ὀφείλουσιν,
798 2198 917 2248 ἐπεὶ
952 2197 1044 2248 καὶ
1060 2195 1272 2246 Παύλου
1303 2193 1554 2261 δεομένου
1588 2205 1852 2256 στρατιω-

387 2307 404 2338 ι
447 2286 600 2353 τικῆς
635 2285 834 2354 χειρὸς,
872 2283 969 2354 τὴν
1009 2285 1115 2335 τῶν
1165 2283 1410 2335 ἀτάκτων
1447 2280 1653 2332 διέλυσε
1720 2277 1855 2346 σύμ-

385 2395 404 2426 I
446 2392 654 2427 πνοιαν.
691 2394 710 2426 ι

380 2467 490 2535 Τῆς
520 2467 628 2517 τῶν
650 2464 887 2517 εὐσεϐῶν
923 2465 1184 2534 βασιλέων
1226 2464 1542 2532 συμμαχίας
1585 2462 1679 2513 καὶ
1731 2461 1856 2529 βοη-

317 2555 466 2616 θείας
491 2556 546 2606 αί
583 2555 868 2624 ἐκκλησίαι
911 2557 998 2606 ἀεὶ
1036 2556 1383 2623 προσδέονται
1408 2570 1421 2582 °
1474 2555 1565 2606 xui
1590 2553 1856 2618 όιξείλουσι

316 2643 521 2710 ταύτην
550 2644 814 2712 παρέχειν
844 2644 1039 2700 αὑταῖς
1065 2644 1137 2704 ὡς
1163 2645 1260 2711 τῆς
1287 2644 1517 2703 πίστεως
1552 2643 1702 2704 ὄντες
1727 2641 1859 2710 πρό-

319 2749 515 2802 μαχον
563 2734 649 2785 ἵνα
693 2735 766 2801 μὴ
804 2733 950 2800 παρὰ
993 2732 1100 2784 τῶν
1148 2731 1439 2801 αἱρετικῶν
1487 2731 1520 2800 ἢ
1561 2731 1666 2782 τῶν
1725 2729 1859 2781 ἀτά-

315 2836 460 2874 κτων
503 2823 970 2890 καταφρονῶνται.
1009 2820 1120 2875 Καὶ
1165 2821 1272 2888 γὰρ
1326 2821 1417 2872 καὶ
1444 2821 1472 2871 ὁ
1525 2819 1734 2881 Παῦλος
1764 2817 1860 2885 τὴν

313 2912 422 2964 τῶν
453 2912 705 2966 ἀτάκτων
749 2911 1050 2981 σύμπνοιαν
1099 2913 1456 2981 στρατιωτικῇ
1499 2908 1720 2979 βοηθείᾳ
1756 2908 1862 2961 διέ-

313 2999 459 3056 luas.

879 3094 1102 3162 Πρᾶξις
1138 3094 1278 3158 ἕκτη
1291 3134 1302 3145 .

391 3203 411 3235 ι
464 3185 552 3238 Ἐν
577 3185 746 3256 ταύτῃ
777 3180 841 3254 τῇ
872 3187 1070 3253 συνόδῳ
1112 3185 1180 3237 τὰ
1231 3184 1512 3254 ὁρισθέντα
1560 3186 1591 3254 ἡ
1634 3185 1859 3252 βραχεῖα

318 3289 339 3321 ι
382 3271 663 3339 σαφηνίζει
699 3272 1008 3342 πρόσθεσις.
1067 3274 1187 3324 Ἐπὶ
1223 3274 1544 3340 Στελίχωνος
1589 3273 1748 3324 πάλιν
1771 3272 1864 3325 καὶ

320 3383 340 3411 ι
383 3361 686 3428 Ἀνθεμίων,
719 3362 824 3413 τῶν
871 3362 1266 3429 λαμπροτάτων
1328 3361 1566 3424 ὑπάτων,
1619 3364 1682 3428 τῇ
1703 3361 1864 3412 δεκά-

326 3471 344 3500 ι
383 3468 449 3521 τη
477 3469 582 3521 προ
625 3451 898 3503 καλανδῶν
932 3451 1313 3520 Σεπτεμϐρίων
1365 3452 1421 3502 ἐν
1449 3449 1749 3518 Καρχηδόνι
1782 3451 1861 3509 είς

326 3557 343 3589 ι
378 3542 475 3607 τὴν
508 3539 804 3607 ἐκκλησίαν
853 3539 946 3591 τοῦ
1009 3539 1258 3608 δευτέρου
1314 3537 1596 3605 κλίματος.
1647 3537 1726 3587 Τὰ
1770 3552 1865 3586 πε-

325 3648 344 3680 ι
383 3630 672 3698 πραγμένα
697 3631 793 3698 τῆς
829 3630 1108 3699 παρούσης
1156 3628 1368 3681 συνόδου
1418 3627 1505 3679 διά
1534 3626 1689 3679 τοῦτο
1747 3627 1865 3689 ἐξο-

325 3739 343 3770 ι
373 3721 642 3789 λοκλήρου
683 3722 782 3773 οὐκ
809 3721 1151 3790 ἐγράφησαν,
1181 3718 1370 3787 ἐπειδὴ
1402 3717 1598 3787 μᾶλλον
1620 3717 1686 3767 τὰ
1726 3717 1867 3768 κατὰ

331 3827 347 3858 ι
383 3809 470 3859 τὸν
501 3811 686 3876 καιρὸν
721 3810 988 3874 ἀναγκαῖα
1013 3809 1153 3876 ἤπερ
1181 3806 1298 3857 τινὰ
1321 3805 1508 3872 γενικὰ
1533 3803 1862 3872 ὡρίσθησαν,

331 3917 348 3947 ι
387 3896 452 3948 δι’
484 3893 558 3950 ὧν
610 3898 830 3968 βραχεῖα
872 3897 1114 3957 σύνθεσις
1145 3896 1251 3947 τῶν
1287 3893 1708 3964 σπουδασμὼεων
1771 3893 1866 3960 τῆς

329 4005 346 4036 ι
381 3988 549 4056 αὐτῆς
583 3988 799 4039 συνόδου
822 3987 1145 4055 διετυπώθη.
1187 4005 1204 4036 ι

908 4078 1142 4130 ΚΑΝΩΝ
1161 4074 1270 4141 ι,Ζ’.

335 4189 350 4218 ι
385 4170 454 4220 Τὸ
506 4170 723 4237 βρέϐιον
752 4169 858 4220 τῶν
895 4169 1224 4234 κεφαλαίων.
1253 4169 1370 4220 ’Ὶνα
1423 4168 1677 4238 ἐλευθέρα
1707 4185 1859 4222 τόπου

399 4282 414 4309 ι
452 4261 688 4328 τηρησία
731 4261 793 4309 ἐκ
820 4258 1007 4310 πασῶν
1053 4261 1159 4309 τῶν
1194 4259 1469 4328 ἐπαρχιῶν
1503 4262 1579 4322 είς
1611 4263 1710 4330 τὴν
1744 4262 1867 4312 σύν-

398 4365 414 4393 ι
449 4345 567 4395 οδον
598 4346 873 4413 άποσταλῇ
901 4346 1033 4413 πρὸς
1062 4344 1334 4407 Μιζόνιον.
1371 4345 1752 4418 Τοποτηρηταὶ
1774 4351 1863 4400 καὶ

397 4455 413 4483 ι
448 4435 752 4502 γράμματα
777 4434 1149 4501 ἀποσταλῆναι
1177 4437 1647 4506 παρηγγέλθησαν,
1685 4439 1772 4491 διὰ
1806 4441 1864 4491 τὸ
1899 4458 1944 4516 ο

400 4543 417 4572 ι
458 4524 690 4590 ὀφείλειν
730 4523 1023 4593 ἐλευθέραν
1073 4524 1351 4593 ἐκπέμψαι
1409 4528 1812 4596 τοποτηρησίαν
1850 4545 1862 4557 ο

398 4635 413 4661 ι
453 4614 560 4675 ἵνα,
598 4614 781 4682 ἐπειδὴ
813 4617 867 4664 ὲν
898 4614 1198 4682 Καρχηδόνι
1218 4615 1377 4683 μόνον
1411 4615 1601 4679 ἓνωσις
1630 4618 1864 4683 ἐγένετο,

401 4723 417 4751 ι
453 4701 738 4769 πεμφθῶσι
768 4704 1073 4772 γράμματα
1104 4704 1237 4773 πρὸς
1264 4706 1387 4766 τοὺς
1413 4706 1701 4774 ἄρχοντας,
1722 4709 1866 4771 ὅπως

403 4810 419 4841 ι
453 4793 544 4843 καὶ
579 4793 636 4842 ἐν
666 4795 784 4853 ταῖς
841 4793 1027 4854 ἄλλαις
1069 4793 1356 4862 ἐπαρχίαις
1404 4796 1498 4846 καὶ
1550 4795 1766 4848 πόλεσιν
1817 4801 1866 4850 οί

403 4900 420 4931 ι
453 4883 606 4934 αὐτοὶ
635 4884 894 4951 ἄρχοντες
925 4883 1159 4952 σπουδὴν
1190 4885 1657 4955 ἐπιχορηγηθῆναι
1687 4887 1869 4940 κελεύ-

401 4993 415 5023 ι
453 4989 588 5025 σωσι
630 4978 696 5043 τῇ
733 4973 966 5041 ἐνότητι,
1008 4975 1094 5026 ἵνα
1118 4974 1456 5044 εὐχαριστίαι
1510 4976 1616 5028 ἀπὸ
1661 4979 1760 5046 τῆς
1810 4980 1867 5031 ὲν

401 5088 417 5118 ι
456 5069 756 5143 Καρχηδόνι
793 5068 1115 5139 Ἐκκλησίας
1137 5068 1278 5137 ὑπὲρ
1298 5069 1474 5139 πάσης
1496 5071 1591 5138 τῆς
1610 5072 1868 5140 Ἀφρικῆς

398 5179 416 5210 ι
463 5164 586 5229 περὶ
635 5159 727 5212 τοῦ
761 5160 1098 5230 ἀπελαθῆναι
1154 5162 1280 5224 τοὺς
1341 5163 1671 5225 Δονατιστάς
1730 5163 1869 5230 μετα

400 5269 416 5298 ι
448 5251 789 5318 γραμμάτων
841 5250 948 5303 τῶν
1001 5251 1314 5303 ἐπισκόπων
1342 5252 1433 5303 ἐπὶ
1484 5249 1544 5304 τὸ
1577 5255 1866 5321 κομιτᾶτον

397 5357 414 5387 ι
462 5342 804 5408 πεμφθῶσιν.
864 5342 1171 5410 Γράμματα
1230 5343 1648 5413 ἀνεγνώσθησαν
1711 5345 1868 5397 Ἰννο-

398 5447 415 5479 ι
451 5430 659 5481 κεντίου
689 5432 784 5482 τοῦ
834 5431 1057 5493 πάππα,
1096 5432 1182 5483 ἵνα
1209 5435 1256 5484 οἱ
1293 5434 1582 5485 ἐπίσκοποι
1614 5434 1688 5496 ὡς
1710 5434 1864 5504 ἔτυχε

403 5537 420 5568 ι
460 5518 594 5588 πρὸς
651 5521 719 5570 τά
764 5521 1116 5588 περαματικά
1181 5522 1396 5574 ἀπιέναι
1442 5523 1514 5592 μὴ
1560 5524 1862 5577 δύνανται*

398 5627 416 5660 ι
448 5609 584 5676 ὅπερ
619 5609 775 5662 τοῦτο
803 5611 934 5663 αὐτὸ
959 5613 1073 5672 ταῖς
1113 5611 1357 5680 γνώμαις
1405 5613 1513 5663 τῶν
1547 5614 1865 5666 ἐπισκόπων

402 5717 419 5749 ι
457 5699 918 5766 βεϐαινλῦταιοῖνα
988 5703 1072 5754 διὰ
1125 5705 1223 5771 τὴν
1293 5705 1641 5773 εὐχαριστίαν
1709 5707 1834 5773 περὶ
1903 5707 1995 5758 τοῦ
2063 5703 2349 5773 διωχθῆναι
2401 5703 2520 5763 τοὺς
2575 5705 2896 5766 Δονατιστὰς

1950 576 2016 627 ad
2053 576 2310 644 palatium
2346 577 2539 632 missos
2583 591 2704 633 esse
2744 577 3084 630 docerentur.
3126 573 3482 641 Religiosissi-

1949 680 2063 717 mns
2088 676 2268 719 autem
2302 667 2672 736 imperatores,
2711 668 2812 721 hoc
2849 675 2931 720 est
2952 704 2966 730 ,
3016 664 3333 719 Christiana:
3364 662 3483 716 ﬁdei

1950 756 2258 824 nominique
2287 759 2523 825 apprime
2553 757 2814 822 addictos,
2843 771 2905 810 ac
2936 755 3202 824 religionis
3224 752 3487 807 Christia-

1948 859 2031 898 na:
2058 845 2138 897 vel
2167 845 2396 898 maxime
2423 847 2716 898 retinentes
2769 843 3118 913 appellavere.
3176 841 3255 896 Ad
3277 853 3486 907 compe-

1949 935 2172 985 scendos
2201 931 2592 986 Donatistarum
2621 934 2831 987 furores
2849 941 2903 986 et
2929 932 3161 986 insanias
3187 973 3200 996 ,
3227 931 3488 1000 praefectis

1952 1036 2132 1074 earum
2161 1023 2554 1089 provinciarum
2599 1024 2886 1078 mittendas
2929 1036 3046 1076 esse
3073 1023 3279 1077 litteras
3305 1023 3490 1076 decre-

1953 1122 2165 1176 verunt,
2191 1122 2246 1164 ut
2267 1114 2543 1177 ecclesias,
2572 1128 2771 1180 eosque
2797 1114 2884 1181 qui
2911 1115 3104 1182 praedia
3127 1114 3489 1181 possidebant.

1951 1201 1998 1255 si
2041 1201 2114 1255 illi
2156 1204 2407 1256 nimirum
2443 1205 2584 1258 inter
2629 1205 2938 1260 Catholicos
2970 1217 3336 1269 censerentur,
3391 1205 3489 1272 ipsi

1953 1290 2298 1346 defenderent
2327 1295 2429 1346 :de
2460 1294 2670 1363 Equitio
2707 1308 2920 1362 quoque
2947 1304 3004 1348 ut
3033 1294 3367 1359 extrudatur,
3399 1309 3495 1345 nec

1957 1381 2118 1434 ullam
2172 1383 2521 1436 sacerdotalis
2560 1383 2797 1436 muneris
2834 1391 3039 1449 partem
3087 1383 3308 1436 omnino
3339 1384 3498 1433 attin-

1955 1475 2063 1535 gat.
2095 1465 2378 1522 Mittendas
2399 1470 2581 1536 {etiam
2613 1468 2820 1523 litteras
2850 1471 2914 1522 ad
2951 1468 3251 1522 Romanum
3286 1471 3500 1538 episco-

1957 1573 2105 1625 pum,
2139 1567 2188 1610 ul
2225 1559 2426 1628 legatos
2455 1561 2643 1629 imper.
2676 1562 2856 1625 sistat,
2892 1562 2992 1615 hoc
3016 1571 3115 1622 est,
3161 1562 3498 1614 commendet

1957 1656 2117 1714 atque
2145 1648 2429 1712 conciliet;
2462 1664 2524 1702 ac
2554 1650 2606 1702 in
2639 1650 2882 1704 eamdem
2929 1650 3250 1704 sententiam
3285 1654 3352 1702 ad
3405 1665 3497 1702 ca-

1961 1752 2076 1789 rum
2115 1738 2396 1805 regionum
2429 1739 2726 1807 epiScOpos,
2765 1741 2814 1792 in
2847 1742 3039 1808 quibus
3074 1751 3198 1794 tunc
3245 1740 3498 1807 temporis

1885 1816 1932 1874 B
1961 1827 2255 1894 imperator
2301 1828 2687 1892 diversaretur,
2745 1831 3084 1884 scribendum
3137 1844 3259 1884 esse
3307 1841 3501 1884 statue-

1954 1928 2101 1969 runt.

1951 2006 2173 2060 ARIST.
2235 2027 2253 2058 ι
2289 2008 2387 2073 Qui
2444 2009 2493 2061 in
2540 2024 2661 2063 vera
2703 2009 2956 2078 religione
3009 2010 3137 2072 nati,
3191 2021 3243 2063 et
3296 2011 3346 2062 itt
3400 2010 3500 2062 [ide

2029 2117 2049 2149 ι
2089 2100 2299 2153 educati
2353 2101 2565 2153 luerunt
2597 2101 2964 2168 imperatores,
3012 2116 3226 2154 manum
3271 2101 3504 2154 auxilia—

2031 2207 2050 2240 ι
2086 2190 2270 2244 tricem
2343 2192 2587 2245 ecclesiis
2640 2193 2893 2245 exhibere
2949 2195 3140 2246 debent
3197 2211 3209 2246 :
3256 2194 3500 2260 quoniam

2033 2299 2050 2328 ε
2094 2290 2146 2332 et
2183 2280 2345 2334 Paulo
2386 2282 2628 2334 militaris
2673 2297 2863 2335 manus
2898 2283 3184 2350 indigcnle,
3217 2283 3328 2335 haec
3362 2283 3504 2335 insoo

2030 2385 2048 2417 ι
2084 2367 2301 2421 lentium
2324 2368 2769 2435 conspirationem
2798 2371 3084 2424 dissolvit.»

2028 2457 2241 2510 Piorum
2288 2458 2669 2524 imperatorum
2717 2459 2916 2512 auxilio
2953 2468 3003 2512 ct
3031 2461 3340 2528 adiumento
3367 2478 3506 2515 sem-

1959 2560 2053 2614 per
2085 2547 2320 2614 iudigent
2347 2547 2582 2601 ecclesia:
2624 2566 2637 2602 :
2665 2557 2721 2602 et
2765 2549 2958 2602 debent
2992 2551 3120 2602 illud
3155 2551 3219 2604 iis
3249 2554 3502 2620 prwltere,

1959 2642 2140 2702 utpote
2184 2637 2274 2703 qui
2302 2636 2420 2691 lidei
2470 2647 2595 2691 Sunt
2633 2651 3090 2707 propugnatores;
3121 2656 3186 2692 ne
3243 2642 3308 2693 ab
3335 2643 3503 2693 luere-

1962 2727 2079 2779 ticis
2133 2727 2292 2797 632
2341 2739 2431 2782 aut
2485 2729 2840 2797 imntorigeris
2866 2731 3136 2797 despectui
3189 2732 3504 2786 habeantur.

1961 2813 2169 2869 Etenim
2207 2819 2316 2883 ipse
2369 2833 2577 2887 quoque
2608 2820 2803 2874 Paulus
2861 2821 3200 2874 insolentium
3234 2823 3508 2876 hominum

1961 2907 2408 2974 conspirationem
2443 2909 2660 2963 militari
2704 2911 2908 2964 auxilio
2935 2913 3206 2966 discussit.

2565 3090 2714 3144 Actio
2751 3103 2920 3143 sena.

2036 3194 2056 3227 ι
2096 3177 2224 3243 Quae
2263 3178 2312 3230 in
2360 3180 2459 3232 bac
2500 3183 2702 3249 synodo
2748 3184 2960 3235 deﬁnita
2993 3191 3114 3237 sunt
3146 3184 3321 3236 brevis
3362 3184 3508 3252 adje-

1971 3287 1988 3318 ι
2025 3268 2132 3321 ctio
2176 3269 2432 3322 declarat.
2477 3272 2585 3325 Sub
2617 3272 2883 3326 Stclicone
2911 3290 3095 3327 rursus
3125 3288 3176 3328 et.
3206 3277 3508 3338 Anthemio,

1970 3375 1988 3407 ι
2023 3358 2336 3412 clarissimis
2363 3361 2694 3426 consulibus,
2722 3363 2787 3416 ad
2814 3365 3074 3416 decimum
3102 3365 3204 3417 cal.
3233 3366 3506 3434 Septemb.

1972 3464 1989 3495 ι
2031 3447 2374 3517 Carthagine,
2430 3452 2480 3504 in
2535 3453 2756 3507 ecclesia
2814 3454 3031 3510 secundi
3083 3456 3333 3509 climatis.
3381 3457 3512 3512 Acta

1969 3553 1990 3587 ι
2042 3539 2321 3604 praesentis
2364 3543 2551 3609 synodi
2606 3553 2885 3610 propterea
2939 3543 3142 3611 integre
3185 3546 3378 3611 scripta
3409 3561 3511 3598 u0n

1970 3644 1989 3675 ι
2036 3638 2183 3693 ευιιι,
2229 3631 2477 3696 quoniam
2536 3633 2704 3700 magis
2755 3647 2872 3701 quae
2919 3643 3073 3686 erant
3129 3649 3226 3700 pro
3278 3645 3514 3702 tempore

1977 3735 1993 3766 ι
2031 3720 2358 3782 necessaria,
2386 3735 2544 3788 quam
2577 3722 2683 3774 ulla
2716 3723 3008 3790 generalia,
3043 3726 3327 3777 constituta
3362 3737 3511 3784 sunt;

1973 3823 1991 3854 ι
2048 3817 2266 3873 propter
2313 3821 2431 3875 qua:
2476 3807 2652 3863 brevis
2697 3812 3014 3878 compositio
3058 3828 3264 3877 eorum,
3296 3828 3416 3881 quae
3465 3816 3513 3865 in

1974 3915 1992 3947 ι
2035 3897 2132 3951 bac
2163 3898 2366 3968 synodo
2399 3899 2638 3954 studiose
2671 3910 2790 3954 acta
2817 3911 2963 3966 sunt,
2996 3916 3246 3971 expressa
3278 3914 3378 3960 est.
3423 3923 3443 3956 ι

2508 4075 2734 4130 CANON
2761 4076 2969 4132 XCVII.

2026 4166 2358 4220 breviculum
2385 4169 2638 4236 capitum.
2665 4167 2733 4223 Ut
2758 4170 2925 4224 libera
2960 4171 3156 4240 legatio
3181 4187 3242 4225 ex
3273 4174 3519 4226 omnibus

2043 4273 2061 4306 ι
2101 4256 2387 4324 provinciis
2421 4257 2484 4309 ad
2527 4258 2783 4324 synodum
2835 4260 3075 4312 mittatur
3105 4259 3156 4310 in
3194 4259 3509 4314 Mizoninm.

2045 4365 2062 4397 t
2101 4346 2282 4414 Legati
2314 4362 2523 4416 quoqnt
2550 4348 2755 4402 litteras
2785 4349 2996 4402 mittere
3023 4348 3162 4416 jussi
3191 4361 3337 4413 sunt,
3379 4358 3516 4420 quod

2047 4457 2063 4487 ι
2117 4437 2346 4490 debeant
2377 4439 2623 4492 emittere
2656 4439 2875 4492 liberam
2897 4439 3212 4508 legationem
3247 4459 3259 4493 :
3292 4452 3368 4508 ut,
3398 4445 3518 4511 quia

2051 4546 2068 4578 ι
2112 4528 2436 4598 Carthagine
2479 4529 2646 4583 solum
2692 4529 2819 4582 unio
2852 4529 2988 4583 facta
3035 4543 3136 4596 est,
3184 4534 3372 4588 litterae
3403 4538 3522 4586 mit-

2053 4633 2070 4664 ι
2112 4624 2294 4667 tantur
2322 4616 2387 4667 ad
2421 4615 2785 4683 magistratus.
2822 4627 2876 4670 ut
2907 4619 2960 4670 in
3007 4620 3128 4673 aliis
3158 4639 3369 4691 quoque
3398 4641 3520 4690 prn-

2051 4721 2068 4752 ι
2109 4703 2298 4756 vinciis
2337 4714 2391 4757 et
2440 4705 2746 4758 civitatibus
2795 4706 2892 4772 ipsi
2938 4709 3282 4776 magistratus
3305 4713 3522 4780 jubeant

2050 4811 2067 4843 ι
2101 4793 2337 4847 studium
2364 4794 2605 4848 adhiberi
2635 4796 2814 4848 unioni
2841 4811 2855 4860 ;
2888 4807 2942 4849 ut
2966 4799 3254 4864 gratiarum
3283 4801 3522 4853 actiones

2052 4901 2069 4931 ι
2104 4884 2168 4936 ab
2198 4882 2433 4938 Ecclesia
2493 4884 2896 4955 Carthaginensi
2942 4902 3038 4954 pro
3091 4897 3198 4940 tota
3247 4887 3423 4941 Africa
3458 4889 3523 4940 de

2050 4992 2066 5022 ι
2123 4976 2308 5042 ejectis
2342 4976 2630 5030 Donatistis
2679 4993 2800 5029 cum
2845 4977 3030 5031 litteris
3066 4979 3436 5046 episcoporum
3469 4979 3519 5031 in

2052 5083 2070 5114 ι
2127 5065 2434 5118 comitatum
2493 5067 2794 5120 mittantur.
2853 5066 3107 5121 Recitata:
3161 5082 3282 5121 sunt
3333 5068 3521 5121 littera;

2053 5176 2070 5206 ι
2124 5156 2418 5211 Innocentii
2461 5171 2625 5225 papae,
2678 5167 2734 5210 ιιι
2781 5159 3010 5226 episcopi
3053 5161 3116 5209 atl
3166 5159 3517 5211 transmarina

2042 5267 2060 5298 ι
2099 5264 2318 5318 pergere
2361 5248 2518 5302 facile
2565 5266 2667 5303 non
2703 5251 2964 5305 tlebeant°
3010 5255 3146 5319 quod
3187 5254 3359 5320 ipsum
3409 5253 3523 5320 cpi-

2050 5359 2066 5390 σ
2124 5354 2406 5408 scoparum
2455 5340 2737 5394 sententiis
2784 5342 3135 5394 conﬁrmatur
3167 5361 3178 5394 :
3210 5355 3261 5394 ut
3310 5352 3523 5410 propter

2046 5447 2065 5479 ι
2129 5431 2423 5498 gratiarum
2481 5431 2744 5484 actionem
2801 5439 2867 5483 ob
2915 5433 3157 5486 exclusos
3214 5433 3518 5484 Donatistas

2049 5541 2066 5574 ι
2104 5523 2212 5576 duo
2245 5523 2424 5575 clericr
2453 5523 2706 5576 Ecclesiae
2746 5522 3181 5592 Carthaginiensis
3207 5525 3270 5576 ad
3301 5524 3525 5576 comita-

2052 5623 2193 5664 ctunt
2222 5613 2521 5665 mittantur.
2551 5629 2568 5660 ›

2972 5705 3063 5757 δύο
3131 5704 3378 5772 κληρικοὶ
3423 5701 3522 5773 τῆς

408 5813 426 5844 ι
465 5797 519 5848 ὲν
551 5797 853 5855 Καο·ισηξόνι
899 5793 1216 5855 Ἐκκλησῖαε
1240 5801 1338 5850 ’ἐπὶ
1371 5788 1753 5850 τίδ’κνιμιτᾶεοει
1784 5800 2122 5853 πενιτοθῶσιν.
2159 5818 2174 5849 t
