  <div class='ocr_page' id='page_1' title='image "/cluster/home/n/w/nwhite01/storage/ocr_20150623/138/uva.x030486987/204.png"; bbox 0 0 4136 6520; ppageno 0'>
   <div class='ocr_carea' id='block_1_1' title="bbox 290 451 393 518">
    <p class='ocr_par' dir='ltr' id='par_1_1' title="bbox 290 451 393 518">
     <span class='ocr_line' id='line_1_1' title="bbox 290 451 393 518; baseline 0 0"><span class='ocrx_word' id='word_1_1' title='bbox 290 451 393 518; x_wconf 77' lang='lat'><strong>337</strong></span> 
     </span>
    </p>
   </div>
   <div class='ocr_carea' id='block_1_2' title="bbox 1327 467 2464 532">
    <p class='ocr_par' dir='ltr' id='par_1_2' title="bbox 1327 467 2464 532">
     <span class='ocr_line' id='line_1_2' title="bbox 1327 467 2464 532; baseline 0.001 -5"><span class='ocrx_word' id='word_1_2' title='bbox 1327 467 1406 529; x_wconf 82' lang='grc' dir='ltr'><strong>ΙΝ</strong></span> <span class='ocrx_word' id='word_1_3' title='bbox 1439 468 1599 528; x_wconf 80' lang='lat' dir='ltr'><strong>CAN.</strong></span> <span class='ocrx_word' id='word_1_4' title='bbox 1633 469 1814 532; x_wconf 76' lang='lat' dir='ltr'><strong>XCIX</strong></span> <span class='ocrx_word' id='word_1_5' title='bbox 1848 470 2055 532; x_wconf 77' lang='lat' dir='ltr'><strong>CONC.</strong></span> <span class='ocrx_word' id='word_1_6' title='bbox 2092 471 2464 532; x_wconf 72' lang='lat' dir='ltr'><strong>CARTHAG.</strong></span> 
     </span>
    </p>
   </div>
   <div class='ocr_carea' id='block_1_3' title="bbox 3366 461 3468 523">
    <p class='ocr_par' dir='ltr' id='par_1_3' title="bbox 3366 461 3468 523">
     <span class='ocr_line' id='line_1_3' title="bbox 3366 461 3468 523; baseline 0 0"><span class='ocrx_word' id='word_1_7' title='bbox 3366 461 3468 523; x_wconf 86' lang='lat'><strong>338</strong></span> 
     </span>
    </p>
   </div>
   <div class='ocr_carea' id='block_1_4' title="bbox 359 566 1875 646">
    <p class='ocr_par' dir='ltr' id='par_1_4' title="bbox 359 566 1875 646">
     <span class='ocr_line' id='line_1_4' title="bbox 359 566 1875 646; baseline 0.015 -31"><span class='ocrx_word' id='word_1_8' title='bbox 359 584 379 615; x_wconf 77' lang='grc' dir='ltr'><strong>ι</strong></span> <span class='ocrx_word' id='word_1_9' title='bbox 408 566 636 634; x_wconf 73' lang='grc' dir='ltr'>λυθῆναι</span> <span class='ocrx_word' id='word_1_10' title='bbox 673 572 797 634; x_wconf 68' lang='grc' dir='ltr'>τοὺς</span> <span class='ocrx_word' id='word_1_11' title='bbox 828 573 1170 635; x_wconf 83' lang='grc' dir='ltr'>Δονατιστάς.</span> <span class='ocrx_word' id='word_1_12' title='bbox 1201 576 1397 642; x_wconf 79' lang='grc' dir='ltr'>Κοινῆς</span> <span class='ocrx_word' id='word_1_13' title='bbox 1419 577 1607 646; x_wconf 85' lang='grc' dir='ltr'>χρείας</span> <span class='ocrx_word' id='word_1_14' title='bbox 1631 577 1825 631; x_wconf 82' lang='grc' dir='ltr'>καλού-</span> <span class='ocrx_word' id='word_1_15' title='bbox 1854 585 1875 638; x_wconf 63' lang='grc' dir='ltr'><em>Α</em></span> 
     </span>
    </p>
   </div>
   <div class='ocr_carea' id='block_1_5' title="bbox 1974 566 3471 646">
    <p class='ocr_par' dir='ltr' id='par_1_5' title="bbox 2005 574 3471 645">
     <span class='ocr_line' id='line_1_5' title="bbox 2005 574 3471 645; baseline -0.006 -13"><span class='ocrx_word' id='word_1_16' title='bbox 2005 600 2023 632; x_wconf 78' lang='grc' dir='ltr'><strong>ι</strong></span> <span class='ocrx_word' id='word_1_17' title='bbox 2060 591 2164 634; x_wconf 92' lang='lat' dir='ltr'><strong>tur.</strong></span> <span class='ocrx_word' id='word_1_18' title='bbox 2210 577 2489 635; x_wconf 85' lang='lat' dir='ltr'><strong>Communi</strong></span> <span class='ocrx_word' id='word_1_19' title='bbox 2535 586 2753 645; x_wconf 73' lang='lat' dir='ltr'><strong>urgente</strong></span> <span class='ocrx_word' id='word_1_20' title='bbox 2792 575 3127 636; x_wconf 72' lang='lat' dir='ltr'><strong>necessitate,</strong></span> <span class='ocrx_word' id='word_1_21' title='bbox 3169 574 3231 624; x_wconf 89' lang='lat' dir='ltr'><strong>ad</strong></span> <span class='ocrx_word' id='word_1_22' title='bbox 3277 574 3471 639; x_wconf 88' lang='lat' dir='ltr'><strong>princi-</strong></span> 
     </span>
    </p>
   </div>
   <div class='ocr_carea' id='block_1_6' title="bbox 365 658 1865 734">
    <p class='ocr_par' dir='ltr' id='par_1_6' title="bbox 365 658 1865 734">
     <span class='ocr_line' id='line_1_6' title="bbox 365 658 1865 734; baseline 0.01 -29"><span class='ocrx_word' id='word_1_23' title='bbox 365 673 385 705; x_wconf 72' lang='grc' dir='ltr'><strong>ι</strong></span> <span class='ocrx_word' id='word_1_24' title='bbox 422 671 540 724; x_wconf 88' lang='grc' dir='ltr'>σης,</span> <span class='ocrx_word' id='word_1_25' title='bbox 576 658 871 727; x_wconf 81' lang='grc' dir='ltr'>γράμματα</span> <span class='ocrx_word' id='word_1_26' title='bbox 895 660 1027 728; x_wconf 78' lang='grc' dir='ltr'>πρὸς</span> <span class='ocrx_word' id='word_1_27' title='bbox 1056 662 1151 730; x_wconf 80' lang='grc' dir='ltr'>τὴν</span> <span class='ocrx_word' id='word_1_28' title='bbox 1181 663 1504 734; x_wconf 76' lang='grc' dir='ltr'>αύθεντικὴν</span> <span class='ocrx_word' id='word_1_29' title='bbox 1530 667 1823 733; x_wconf 82' lang='grc' dir='ltr'>πεμπέσθω</span> <span class='ocrx_word' id='word_1_30' title='bbox 1856 683 1865 693; x_wconf 89' lang='grc'><strong>’</strong></span> 
     </span>
    </p>
   </div>
   <div class='ocr_carea' id='block_1_7' title="bbox 362 748 1826 818">
    <p class='ocr_par' dir='ltr' id='par_1_7' title="bbox 362 748 1826 818">
     <span class='ocr_line' id='line_1_7' title="bbox 362 748 1826 818; baseline 0.005 -21"><span class='ocrx_word' id='word_1_31' title='bbox 362 761 381 793; x_wconf 72' lang='grc' dir='ltr'><strong>ι</strong></span> <span class='ocrx_word' id='word_1_32' title='bbox 416 748 707 818; x_wconf 74' lang='grc' dir='ltr'><strong>καθέδραν,</strong></span> <span class='ocrx_word' id='word_1_33' title='bbox 741 748 835 801; x_wconf 83' lang='grc' dir='ltr'>καὶ</span> <span class='ocrx_word' id='word_1_34' title='bbox 871 750 1086 812; x_wconf 79' lang='grc' dir='ltr'><strong>σύνοδος</strong></span> <span class='ocrx_word' id='word_1_35' title='bbox 1127 750 1380 818; x_wconf 80' lang='grc' dir='ltr'><strong>γινέσθω,</strong></span> <span class='ocrx_word' id='word_1_36' title='bbox 1417 754 1544 807; x_wconf 73' lang='grc' dir='ltr'>ἔνθα</span> <span class='ocrx_word' id='word_1_37' title='bbox 1570 755 1785 808; x_wconf 76' lang='grc' dir='ltr'>εὔθετον</span> <span class='ocrx_word' id='word_1_38' title='bbox 1813 770 1826 785; x_wconf 89' lang='grc'><strong>·</strong></span> 
     </span>
    </p>
   </div>
   <div class='ocr_carea' id='block_1_8' title="bbox 366 836 1829 914">
    <p class='ocr_par' dir='ltr' id='par_1_8' title="bbox 366 836 1829 914">
     <span class='ocr_line' id='line_1_8' title="bbox 366 836 1829 914; baseline 0.007 -28"><span class='ocrx_word' id='word_1_39' title='bbox 366 852 388 885; x_wconf 75' lang='grc' dir='ltr'><strong>ι</strong></span> <span class='ocrx_word' id='word_1_40' title='bbox 423 836 482 888; x_wconf 79' lang='grc' dir='ltr'>αι</span> <span class='ocrx_word' id='word_1_41' title='bbox 511 837 567 890; x_wconf 78' lang='grc' dir='ltr'>δὲ</span> <span class='ocrx_word' id='word_1_42' title='bbox 600 840 672 907; x_wconf 77' lang='grc' dir='ltr'><strong>μὴ</strong></span> <span class='ocrx_word' id='word_1_43' title='bbox 696 840 875 892; x_wconf 78' lang='grc' dir='ltr'>κοιναὶ</span> <span class='ocrx_word' id='word_1_44' title='bbox 896 840 1063 893; x_wconf 82' lang='grc' dir='ltr'>αίτίαι</span> <span class='ocrx_word' id='word_1_45' title='bbox 1098 842 1156 894; x_wconf 84' lang='grc' dir='ltr'><strong>ἐν</strong></span> <span class='ocrx_word' id='word_1_46' title='bbox 1184 844 1304 906; x_wconf 86' lang='grc' dir='ltr'>ταῖς</span> <span class='ocrx_word' id='word_1_47' title='bbox 1331 843 1492 905; x_wconf 87' lang='grc' dir='ltr'>ίδίαις</span> <span class='ocrx_word' id='word_1_48' title='bbox 1542 845 1829 914; x_wconf 77' lang='grc' dir='ltr'>ἐπαρχίαις</span> 
     </span>
    </p>
   </div>
   <div class='ocr_carea' id='block_1_9' title="bbox 367 927 886 995">
    <p class='ocr_par' dir='ltr' id='par_1_9' title="bbox 367 927 886 995">
     <span class='ocr_line' id='line_1_9' title="bbox 367 927 886 995; baseline 0.008 -20"><span class='ocrx_word' id='word_1_49' title='bbox 367 942 385 975; x_wconf 76' lang='grc' dir='ltr'><strong>ι</strong></span> <span class='ocrx_word' id='word_1_50' title='bbox 424 927 813 995; x_wconf 80' lang='grc' dir='ltr'>κρινέσθωσαν.</span> <span class='ocrx_word' id='word_1_51' title='bbox 866 947 886 979; x_wconf 72' lang='lat' dir='ltr'><strong>a</strong></span> 
     </span>
    </p>
   </div>
   <div class='ocr_carea' id='block_1_10' title="bbox 364 1014 1831 1092">
    <p class='ocr_par' dir='ltr' id='par_1_10' title="bbox 364 1014 1831 1092">
     <span class='ocr_line' id='line_1_10' title="bbox 364 1014 1831 1092; baseline 0.007 -27"><span class='ocrx_word' id='word_1_52' title='bbox 364 1014 435 1067; x_wconf 77' lang='grc' dir='ltr'><strong>Τὸ</strong></span> <span class='ocrx_word' id='word_1_53' title='bbox 465 1015 564 1083; x_wconf 80' lang='grc' dir='ltr'><strong>μὲν</strong></span> <span class='ocrx_word' id='word_1_54' title='bbox 594 1016 654 1067; x_wconf 90' lang='grc' dir='ltr'><strong>ἐν</strong></span> <span class='ocrx_word' id='word_1_55' title='bbox 693 1016 900 1089; x_wconf 78' lang='grc' dir='ltr'>ἑκάστῃ</span> <span class='ocrx_word' id='word_1_56' title='bbox 926 1019 1161 1092; x_wconf 77' lang='grc' dir='ltr'>ἐπαρχία</span> <span class='ocrx_word' id='word_1_57' title='bbox 1183 1020 1396 1077; x_wconf 75' lang='grc' dir='ltr'><strong>σύνοδον</strong></span> <span class='ocrx_word' id='word_1_58' title='bbox 1438 1025 1558 1078; x_wconf 80' lang='grc' dir='ltr'>κατ’</span> <span class='ocrx_word' id='word_1_59' title='bbox 1584 1025 1699 1087; x_wconf 83' lang='grc' dir='ltr'>ἐτος</span> <span class='ocrx_word' id='word_1_60' title='bbox 1721 1024 1831 1077; x_wconf 89' lang='grc' dir='ltr'><strong>τῶν</strong></span> 
     </span>
    </p>
   </div>
   <div class='ocr_carea' id='block_1_11' title="bbox 294 1106 1835 1184">
    <p class='ocr_par' dir='ltr' id='par_1_11' title="bbox 294 1106 1835 1184">
     <span class='ocr_line' id='line_1_11' title="bbox 294 1106 1835 1184; baseline 0.008 -30"><span class='ocrx_word' id='word_1_61' title='bbox 294 1106 608 1156; x_wconf 79' lang='grc' dir='ltr'>ἐπισκόπων</span> <span class='ocrx_word' id='word_1_62' title='bbox 636 1106 802 1175; x_wconf 80' lang='grc' dir='ltr'>αὐτῆς</span> <span class='ocrx_word' id='word_1_63' title='bbox 821 1107 1084 1172; x_wconf 81' lang='grc' dir='ltr'>γίνεσθαι,</span> <span class='ocrx_word' id='word_1_64' title='bbox 1102 1112 1195 1163; x_wconf 74' lang='grc' dir='ltr'>καὶ</span> <span class='ocrx_word' id='word_1_65' title='bbox 1222 1113 1320 1175; x_wconf 81' lang='grc' dir='ltr'>τὰς</span> <span class='ocrx_word' id='word_1_66' title='bbox 1345 1113 1835 1184; x_wconf 83' lang='grc' dir='ltr'>παρεμπιπτούσσς</span> 
     </span>
    </p>
   </div>
   <div class='ocr_carea' id='block_1_12' title="bbox 293 1192 1835 1271">
    <p class='ocr_par' dir='ltr' id='par_1_12' title="bbox 293 1192 1835 1271">
     <span class='ocr_line' id='line_1_12' title="bbox 293 1192 1835 1271; baseline 0.006 -28"><span class='ocrx_word' id='word_1_67' title='bbox 293 1193 351 1243; x_wconf 93' lang='grc' dir='ltr'><strong>ἐν</strong></span> <span class='ocrx_word' id='word_1_68' title='bbox 374 1193 563 1252; x_wconf 80' lang='grc' dir='ltr'>αὐταῖς</span> <span class='ocrx_word' id='word_1_69' title='bbox 591 1192 775 1257; x_wconf 79' lang='grc' dir='ltr'>ίδικῶς</span> <span class='ocrx_word' id='word_1_70' title='bbox 799 1195 1260 1263; x_wconf 72' lang='grc' dir='ltr'>ἐκκλησιαπικὰς</span> <span class='ocrx_word' id='word_1_71' title='bbox 1312 1202 1646 1271; x_wconf 75' lang='grc' dir='ltr'>ἀμφιϐολίας</span> <span class='ocrx_word' id='word_1_72' title='bbox 1679 1216 1835 1253; x_wconf 84' lang='grc' dir='ltr'>κανο-</span> 
     </span>
    </p>
   </div>
   <div class='ocr_carea' id='block_1_13' title="bbox 294 1282 1833 1359">
    <p class='ocr_par' dir='ltr' id='par_1_13' title="bbox 294 1282 1833 1359">
     <span class='ocr_line' id='line_1_13' title="bbox 294 1282 1833 1359; baseline 0.006 -27"><span class='ocrx_word' id='word_1_73' title='bbox 294 1282 456 1344; x_wconf 87' lang='grc' dir='ltr'>νικῶς</span> <span class='ocrx_word' id='word_1_74' title='bbox 490 1282 670 1350; x_wconf 78' lang='grc' dir='ltr'><strong>ζητεῖν</strong></span> <span class='ocrx_word' id='word_1_75' title='bbox 696 1301 754 1337; x_wconf 85' lang='grc' dir='ltr'><strong>τε</strong></span> <span class='ocrx_word' id='word_1_76' title='bbox 785 1287 878 1338; x_wconf 77' lang='grc' dir='ltr'>καὶ</span> <span class='ocrx_word' id='word_1_77' title='bbox 900 1287 1045 1341; x_wconf 80' lang='grc' dir='ltr'><strong>λύειν</strong></span> <span class='ocrx_word' id='word_1_78' title='bbox 1074 1290 1169 1342; x_wconf 70' lang='grc' dir='ltr'>καὶ</span> <span class='ocrx_word' id='word_1_79' title='bbox 1199 1291 1231 1358; x_wconf 78' lang='grc' dir='ltr'>ἡ</span> <span class='ocrx_word' id='word_1_80' title='bbox 1263 1292 1476 1352; x_wconf 76' lang='grc' dir='ltr'><strong>σύνοδος</strong></span> <span class='ocrx_word' id='word_1_81' title='bbox 1504 1290 1640 1358; x_wconf 80' lang='grc' dir='ltr'>αὕτη</span> <span class='ocrx_word' id='word_1_82' title='bbox 1663 1306 1833 1359; x_wconf 86' lang='grc' dir='ltr'>προσ-</span> 
     </span>
    </p>
   </div>
   <div class='ocr_carea' id='block_1_14' title="bbox 290 1373 1839 1449">
    <p class='ocr_par' dir='ltr' id='par_1_14' title="bbox 290 1373 1839 1449">
     <span class='ocr_line' id='line_1_14' title="bbox 290 1373 1839 1449; baseline 0.011 -29"><span class='ocrx_word' id='word_1_83' title='bbox 290 1373 513 1425; x_wconf 82' lang='grc' dir='ltr'>τάττει’</span> <span class='ocrx_word' id='word_1_84' title='bbox 555 1373 615 1425; x_wconf 76' lang='grc' dir='ltr'><strong>τὸ</strong></span> <span class='ocrx_word' id='word_1_85' title='bbox 638 1373 695 1425; x_wconf 76' lang='grc' dir='ltr'>δὲ</span> <span class='ocrx_word' id='word_1_86' title='bbox 730 1376 917 1429; x_wconf 82' lang='grc' dir='ltr'>πασῶν</span> <span class='ocrx_word' id='word_1_87' title='bbox 973 1377 1080 1431; x_wconf 90' lang='grc' dir='ltr'><strong>τῶν</strong></span> <span class='ocrx_word' id='word_1_88' title='bbox 1127 1381 1403 1449; x_wconf 74' lang='grc' dir='ltr'>ἐπαρχιῶν</span> <span class='ocrx_word' id='word_1_89' title='bbox 1450 1382 1547 1447; x_wconf 79' lang='grc' dir='ltr'>τῆς</span> <span class='ocrx_word' id='word_1_90' title='bbox 1576 1379 1839 1449; x_wconf 78' lang='grc' dir='ltr'><strong>Ἀφρικῆς</strong></span> 
     </span>
    </p>
   </div>
   <div class='ocr_carea' id='block_1_15' title="bbox 292 1462 1841 1538">
    <p class='ocr_par' dir='ltr' id='par_1_15' title="bbox 292 1462 1841 1538">
     <span class='ocr_line' id='line_1_15' title="bbox 292 1462 1841 1538; baseline 0.007 -27"><span class='ocrx_word' id='word_1_91' title='bbox 292 1462 416 1523; x_wconf 79' lang='grc' dir='ltr'>τοὺς</span> <span class='ocrx_word' id='word_1_92' title='bbox 446 1462 780 1528; x_wconf 69' lang='grc' dir='ltr'>ἐπισκόπους</span> <span class='ocrx_word' id='word_1_93' title='bbox 836 1468 1189 1537; x_wconf 75' lang='grc' dir='ltr'>συνέρχεσθαι</span> <span class='ocrx_word' id='word_1_94' title='bbox 1239 1469 1295 1521; x_wconf 69' lang='grc' dir='ltr'><strong>ἐν</strong></span> <span class='ocrx_word' id='word_1_95' title='bbox 1342 1485 1446 1521; x_wconf 89' lang='grc' dir='ltr'>τινι</span> <span class='ocrx_word' id='word_1_96' title='bbox 1510 1470 1679 1538; x_wconf 87' lang='grc' dir='ltr'>τόπῳ,</span> <span class='ocrx_word' id='word_1_97' title='bbox 1745 1470 1841 1524; x_wconf 78' lang='grc' dir='ltr'>καὶ</span> 
     </span>
    </p>
   </div>
   <div class='ocr_carea' id='block_1_16' title="bbox 296 1553 1841 1628">
    <p class='ocr_par' dir='ltr' id='par_1_16' title="bbox 296 1553 1841 1628">
     <span class='ocr_line' id='line_1_16' title="bbox 296 1553 1841 1628; baseline 0.006 -26"><span class='ocrx_word' id='word_1_98' title='bbox 296 1553 485 1622; x_wconf 80' lang='grc' dir='ltr'>κοινὴν</span> <span class='ocrx_word' id='word_1_99' title='bbox 513 1557 688 1607; x_wconf 80' lang='grc' dir='ltr'>ποιεῖν</span> <span class='ocrx_word' id='word_1_100' title='bbox 718 1556 954 1619; x_wconf 83' lang='grc' dir='ltr'>σύνοδον,</span> <span class='ocrx_word' id='word_1_101' title='bbox 982 1560 1030 1610; x_wconf 83' lang='grc' dir='ltr'><strong>εί</strong></span> <span class='ocrx_word' id='word_1_102' title='bbox 1055 1559 1128 1628; x_wconf 78' lang='grc' dir='ltr'><strong>μὴ</strong></span> <span class='ocrx_word' id='word_1_103' title='bbox 1168 1559 1346 1611; x_wconf 87' lang='grc' dir='ltr'>κοιναί</span> <span class='ocrx_word' id='word_1_104' title='bbox 1394 1560 1530 1611; x_wconf 73' lang='grc' dir='ltr'>εἰσιν</span> <span class='ocrx_word' id='word_1_105' title='bbox 1579 1560 1635 1611; x_wconf 67' lang='lat' dir='ltr'><strong>ei</strong></span> <span class='ocrx_word' id='word_1_106' title='bbox 1671 1561 1841 1613; x_wconf 73' lang='grc' dir='ltr'>αἰτίαι</span> 
     </span>
    </p>
   </div>
   <div class='ocr_carea' id='block_1_17' title="bbox 295 1641 1835 1716">
    <p class='ocr_par' dir='ltr' id='par_1_17' title="bbox 295 1641 1835 1716">
     <span class='ocr_line' id='line_1_17' title="bbox 295 1641 1835 1716; baseline 0.006 -24"><span class='ocrx_word' id='word_1_107' title='bbox 295 1641 363 1693; x_wconf 82' lang='grc' dir='ltr'>δι’</span> <span class='ocrx_word' id='word_1_108' title='bbox 399 1641 465 1704; x_wconf 81' lang='grc' dir='ltr'><strong>ἀς</strong></span> <span class='ocrx_word' id='word_1_109' title='bbox 491 1644 762 1711; x_wconf 82' lang='grc' dir='ltr'>ὀφείλουσι</span> <span class='ocrx_word' id='word_1_110' title='bbox 796 1648 1090 1711; x_wconf 78' lang='grc' dir='ltr'>συνελθεῖν,</span> <span class='ocrx_word' id='word_1_111' title='bbox 1128 1648 1298 1710; x_wconf 78' lang='grc' dir='ltr'>ἄλλως</span> <span class='ocrx_word' id='word_1_112' title='bbox 1328 1649 1570 1715; x_wconf 82' lang='grc' dir='ltr'>γίνεσθαι</span> <span class='ocrx_word' id='word_1_113' title='bbox 1601 1650 1661 1701; x_wconf 83' lang='grc' dir='ltr'><strong>ού</strong></span> <span class='ocrx_word' id='word_1_114' title='bbox 1703 1666 1835 1716; x_wconf 75' lang='grc' dir='ltr'>συγο</span> 
     </span>
    </p>
   </div>
   <div class='ocr_carea' id='block_1_18' title="bbox 300 1734 1843 1807">
    <p class='ocr_par' dir='ltr' id='par_1_18' title="bbox 300 1734 1843 1807">
     <span class='ocr_line' id='line_1_18' title="bbox 300 1734 1843 1807; baseline 0.005 -23"><span class='ocrx_word' id='word_1_115' title='bbox 300 1736 489 1801; x_wconf 83' lang='grc' dir='ltr'>χωρεῖ.</span> <span class='ocrx_word' id='word_1_116' title='bbox 533 1734 799 1800; x_wconf 80' lang='grc' dir='ltr'>Ὀπηνίκα</span> <span class='ocrx_word' id='word_1_117' title='bbox 832 1736 888 1788; x_wconf 87' lang='grc' dir='ltr'><strong>δέ</strong></span> <span class='ocrx_word' id='word_1_118' title='bbox 913 1754 993 1797; x_wconf 91' lang='grc' dir='ltr'><strong>τις</strong></span> <span class='ocrx_word' id='word_1_119' title='bbox 1048 1737 1197 1805; x_wconf 81' lang='grc' dir='ltr'>κοινὴ</span> <span class='ocrx_word' id='word_1_120' title='bbox 1249 1738 1398 1790; x_wconf 75' lang='grc' dir='ltr'>αἰτία</span> <span class='ocrx_word' id='word_1_121' title='bbox 1437 1738 1621 1807; x_wconf 76' lang='grc' dir='ltr'>κοινὴν</span> <span class='ocrx_word' id='word_1_122' title='bbox 1641 1738 1843 1807; x_wconf 78' lang='grc' dir='ltr'>ἀπαιτῇ</span> 
     </span>
    </p>
   </div>
   <div class='ocr_carea' id='block_1_19' title="bbox 300 1821 1843 1896">
    <p class='ocr_par' dir='ltr' id='par_1_19' title="bbox 300 1821 1843 1896">
     <span class='ocr_line' id='line_1_19' title="bbox 300 1821 1843 1896; baseline 0.005 -25"><span class='ocrx_word' id='word_1_123' title='bbox 300 1821 550 1886; x_wconf 75' lang='grc' dir='ltr'>γενέσθαι</span> <span class='ocrx_word' id='word_1_124' title='bbox 594 1822 834 1887; x_wconf 82' lang='grc' dir='ltr'>σύνοδον,</span> <span class='ocrx_word' id='word_1_125' title='bbox 868 1825 1003 1893; x_wconf 68' lang='grc' dir='ltr'>προς</span> <span class='ocrx_word' id='word_1_126' title='bbox 1040 1826 1132 1877; x_wconf 75' lang='grc' dir='ltr'><strong>τὸν</strong></span> <span class='ocrx_word' id='word_1_127' title='bbox 1160 1826 1258 1895; x_wconf 80' lang='grc' dir='ltr'>τὴν</span> <span class='ocrx_word' id='word_1_128' title='bbox 1316 1827 1537 1893; x_wconf 82' lang='grc' dir='ltr'>πρώτην</span> <span class='ocrx_word' id='word_1_129' title='bbox 1574 1828 1843 1896; x_wconf 80' lang='grc' dir='ltr'>καθέδραν</span> 
     </span>
    </p>
   </div>
   <div class='ocr_carea' id='block_1_20' title="bbox 305 1909 1849 1985">
    <p class='ocr_par' dir='ltr' id='par_1_20' title="bbox 305 1909 1849 1985">
     <span class='ocr_line' id='line_1_20' title="bbox 305 1909 1849 1985; baseline 0.006 -26"><span class='ocrx_word' id='word_1_130' title='bbox 305 1909 494 1976; x_wconf 78' lang='grc' dir='ltr'>ἔχοντα</span> <span class='ocrx_word' id='word_1_131' title='bbox 524 1911 823 1965; x_wconf 85' lang='grc' dir='ltr'>ἐπίσκοπον</span> <span class='ocrx_word' id='word_1_132' title='bbox 851 1913 1127 1981; x_wconf 76' lang='grc' dir='ltr'>ὀφείλουσι</span> <span class='ocrx_word' id='word_1_133' title='bbox 1187 1914 1336 1985; x_wconf 80' lang='grc' dir='ltr'>παρὰ</span> <span class='ocrx_word' id='word_1_134' title='bbox 1386 1915 1493 1967; x_wconf 88' lang='grc' dir='ltr'><strong>τῶν</strong></span> <span class='ocrx_word' id='word_1_135' title='bbox 1540 1917 1849 1969; x_wconf 86' lang='grc' dir='ltr'>ἐπισκόπων</span> 
     </span>
    </p>
   </div>
   <div class='ocr_carea' id='block_1_21' title="bbox 306 2000 1850 2078">
    <p class='ocr_par' dir='ltr' id='par_1_21' title="bbox 306 2000 1850 2078">
     <span class='ocr_line' id='line_1_21' title="bbox 306 2000 1850 2078; baseline 0.006 -28"><span class='ocrx_word' id='word_1_136' title='bbox 306 2000 622 2067; x_wconf 73' lang='grc' dir='ltr'>πέμπεσθαι</span> <span class='ocrx_word' id='word_1_137' title='bbox 669 2003 995 2071; x_wconf 79' lang='grc' dir='ltr'>γράμματα.</span> <span class='ocrx_word' id='word_1_138' title='bbox 1028 2006 1118 2056; x_wconf 73' lang='grc' dir='ltr'>καὶ</span> <span class='ocrx_word' id='word_1_139' title='bbox 1146 2004 1273 2056; x_wconf 73' lang='grc' dir='ltr'>ἔνθα</span> <span class='ocrx_word' id='word_1_140' title='bbox 1330 2006 1394 2057; x_wconf 77' lang='grc' dir='ltr'><strong>ἀν</strong></span> <span class='ocrx_word' id='word_1_141' title='bbox 1424 2007 1632 2068; x_wconf 83' lang='grc' dir='ltr'>ἐκεῖνος</span> <span class='ocrx_word' id='word_1_142' title='bbox 1688 2007 1850 2078; x_wconf 78' lang='grc' dir='ltr'>κρίνῃ</span> 
     </span>
    </p>
   </div>
   <div class='ocr_carea' id='block_1_22' title="bbox 304 2089 1847 2167">
    <p class='ocr_par' dir='ltr' id='par_1_22' title="bbox 304 2089 1847 2167">
     <span class='ocr_line' id='line_1_22' title="bbox 304 2089 1847 2167; baseline 0.006 -27"><span class='ocrx_word' id='word_1_143' title='bbox 304 2090 610 2159; x_wconf 75' lang='grc' dir='ltr'>ἐπ;τήδειον</span> <span class='ocrx_word' id='word_1_144' title='bbox 638 2089 778 2145; x_wconf 79' lang='grc' dir='ltr'>εἶναι</span> <span class='ocrx_word' id='word_1_145' title='bbox 811 2094 1102 2159; x_wconf 72' lang='grc' dir='ltr'>συνελθεῖν,</span> <span class='ocrx_word' id='word_1_146' title='bbox 1140 2096 1316 2148; x_wconf 85' lang='grc' dir='ltr'>ἐκεῖσε</span> <span class='ocrx_word' id='word_1_147' title='bbox 1344 2097 1435 2148; x_wconf 74' lang='grc' dir='ltr'>καὶ</span> <span class='ocrx_word' id='word_1_148' title='bbox 1488 2097 1847 2167; x_wconf 74' lang='grc' dir='ltr'>συναχθήσον-</span> 
     </span>
    </p>
   </div>
   <div class='ocr_carea' id='block_1_23' title="bbox 306 2195 417 2233">
    <p class='ocr_par' dir='ltr' id='par_1_23' title="bbox 306 2195 417 2233">
     <span class='ocr_line' id='line_1_23' title="bbox 306 2195 417 2233; baseline 0.036 -4"><span class='ocrx_word' id='word_1_149' title='bbox 306 2195 370 2229; x_wconf 85' lang='grc' dir='ltr'><strong>τα</strong></span> <span class='ocrx_word' id='word_1_150' title='bbox 380 2195 417 2233; x_wconf 88' lang='grc' dir='ltr'><strong>ι.</strong></span> 
     </span>
    </p>
   </div>
   <div class='ocr_carea' id='block_1_24' title="bbox 867 2273 1249 2343">
    <p class='ocr_par' dir='ltr' id='par_1_24' title="bbox 867 2273 1249 2343">
     <span class='ocr_line' id='line_1_24' title="bbox 867 2273 1249 2343; baseline 0.005 -14"><span class='ocrx_word' id='word_1_151' title='bbox 867 2273 1097 2329; x_wconf 73' lang='grc' dir='ltr'><strong>ΚΑΝΩΝ</strong></span> <span class='ocrx_word' id='word_1_152' title='bbox 1134 2277 1249 2343; x_wconf 59' lang='grc' dir='ltr'>ιβ’.</span> 
     </span>
    </p>
   </div>
   <div class='ocr_carea' id='block_1_25' title="bbox 316 2363 1856 2436">
    <p class='ocr_par' dir='ltr' id='par_1_25' title="bbox 316 2363 1856 2436">
     <span class='ocr_line' id='line_1_25' title="bbox 316 2363 1856 2436; baseline 0.009 -26"><span class='ocrx_word' id='word_1_153' title='bbox 316 2379 335 2410; x_wconf 78' lang='grc' dir='ltr'><strong>ι</strong></span> <span class='ocrx_word' id='word_1_154' title='bbox 383 2363 500 2415; x_wconf 82' lang='grc' dir='ltr'>Ἵνα</span> <span class='ocrx_word' id='word_1_155' title='bbox 522 2364 769 2432; x_wconf 74' lang='grc' dir='ltr'>αἱρετοὺς</span> <span class='ocrx_word' id='word_1_156' title='bbox 794 2366 1051 2429; x_wconf 75' lang='grc' dir='ltr'>δικαστὰς</span> <span class='ocrx_word' id='word_1_157' title='bbox 1076 2368 1148 2436; x_wconf 74' lang='grc' dir='ltr'><strong>μὴ</strong></span> <span class='ocrx_word' id='word_1_158' title='bbox 1176 2369 1294 2431; x_wconf 73' lang='grc' dir='ltr'>ἐξδν</span> <span class='ocrx_word' id='word_1_159' title='bbox 1321 2368 1409 2435; x_wconf 72' lang='grc' dir='ltr'>εἴη</span> <span class='ocrx_word' id='word_1_160' title='bbox 1434 2370 1856 2425; x_wconf 71' lang='grc' dir='ltr'>ἐκκαλέσασθαι.</span> 
     </span>
    </p>
   </div>
   <div class='ocr_carea' id='block_1_26' title="bbox 390 2453 1859 2527">
    <p class='ocr_par' dir='ltr' id='par_1_26' title="bbox 390 2453 1859 2527">
     <span class='ocr_line' id='line_1_26' title="bbox 390 2453 1859 2527; baseline 0.005 -26"><span class='ocrx_word' id='word_1_161' title='bbox 390 2470 407 2501; x_wconf 77' lang='grc' dir='ltr'><strong>ι</strong></span> <span class='ocrx_word' id='word_1_162' title='bbox 463 2453 589 2505; x_wconf 76' lang='grc' dir='ltr'><strong>Ἐὰν</strong></span> <span class='ocrx_word' id='word_1_163' title='bbox 615 2455 671 2506; x_wconf 77' lang='grc' dir='ltr'>δὲ</span> <span class='ocrx_word' id='word_1_164' title='bbox 725 2454 948 2522; x_wconf 82' lang='grc' dir='ltr'>γένηται</span> <span class='ocrx_word' id='word_1_165' title='bbox 993 2456 1277 2523; x_wconf 74' lang='grc' dir='ltr'>ἐκκλητος,</span> <span class='ocrx_word' id='word_1_166' title='bbox 1340 2459 1433 2510; x_wconf 72' lang='grc' dir='ltr'>καὶ</span> <span class='ocrx_word' id='word_1_167' title='bbox 1478 2458 1791 2527; x_wconf 71' lang='grc' dir='ltr'>ἐπιλέξηται</span> <span class='ocrx_word' id='word_1_168' title='bbox 1831 2460 1859 2509; x_wconf 76' lang='grc' dir='ltr'><strong>ὁ</strong></span> 
     </span>
    </p>
   </div>
   <div class='ocr_carea' id='block_1_27' title="bbox 389 2543 1862 2614">
    <p class='ocr_par' dir='ltr' id='par_1_27' title="bbox 389 2543 1862 2614">
     <span class='ocr_line' id='line_1_27' title="bbox 389 2543 1862 2614; baseline 0.006 -23"><span class='ocrx_word' id='word_1_169' title='bbox 389 2558 407 2590; x_wconf 78' lang='grc' dir='ltr'><strong>ι</strong></span> <span class='ocrx_word' id='word_1_170' title='bbox 448 2543 886 2607; x_wconf 82' lang='grc' dir='ltr'>ὲκκαλεσᾶμενος</span> <span class='ocrx_word' id='word_1_171' title='bbox 910 2545 1188 2610; x_wconf 84' lang='grc' dir='ltr'>δικαστὰς,</span> <span class='ocrx_word' id='word_1_172' title='bbox 1217 2547 1311 2599; x_wconf 77' lang='grc' dir='ltr'><strong>καὶ</strong></span> <span class='ocrx_word' id='word_1_173' title='bbox 1340 2548 1455 2614; x_wconf 85' lang='grc' dir='ltr'>μετ’</span> <span class='ocrx_word' id='word_1_174' title='bbox 1487 2548 1651 2601; x_wconf 78' lang='grc' dir='ltr'>αὑτοῦ</span> <span class='ocrx_word' id='word_1_175' title='bbox 1678 2549 1862 2601; x_wconf 83' lang='grc' dir='ltr'>κάκεῖ-</span> 
     </span>
    </p>
   </div>
   <div class='ocr_carea' id='block_1_28' title="bbox 392 2627 1861 2711">
    <p class='ocr_par' dir='ltr' id='par_1_28' title="bbox 392 2627 1861 2711">
     <span class='ocr_line' id='line_1_28' title="bbox 392 2627 1861 2711; baseline 0.005 -29"><span class='ocrx_word' id='word_1_176' title='bbox 392 2649 409 2681; x_wconf 81' lang='grc' dir='ltr'><strong>ι</strong></span> <span class='ocrx_word' id='word_1_177' title='bbox 445 2649 535 2693; x_wconf 87' lang='grc' dir='ltr'><strong>νος</strong></span> <span class='ocrx_word' id='word_1_178' title='bbox 564 2633 687 2685; x_wconf 85' lang='grc' dir='ltr'>καθ“</span> <span class='ocrx_word' id='word_1_179' title='bbox 707 2627 768 2685; x_wconf 79' lang='grc' dir='ltr'><strong>οὗ</strong></span> <span class='ocrx_word' id='word_1_180' title='bbox 801 2634 1173 2700; x_wconf 65' lang='grc' dir='ltr'>ἐξεκαλέσατο,</span> <span class='ocrx_word' id='word_1_181' title='bbox 1203 2635 1297 2688; x_wconf 80' lang='grc' dir='ltr'><strong>τοῦ</strong></span> <span class='ocrx_word' id='word_1_182' title='bbox 1315 2637 1502 2711; x_wconf 67' lang='grc' dir='ltr'>λοιποῦ</span> <span class='ocrx_word' id='word_1_183' title='bbox 1529 2638 1633 2690; x_wconf 74' lang='grc' dir='ltr'><strong>ἀπὸ</strong></span> <span class='ocrx_word' id='word_1_184' title='bbox 1659 2638 1861 2690; x_wconf 77' lang='grc' dir='ltr'>τούτων</span> 
     </span>
    </p>
   </div>
   <div class='ocr_carea' id='block_1_29' title="bbox 391 2721 1861 2796">
    <p class='ocr_par' dir='ltr' id='par_1_29' title="bbox 391 2721 1861 2796">
     <span class='ocr_line' id='line_1_29' title="bbox 391 2721 1861 2796; baseline 0.005 -26"><span class='ocrx_word' id='word_1_185' title='bbox 391 2738 412 2770; x_wconf 80' lang='grc' dir='ltr'><strong>ι</strong></span> <span class='ocrx_word' id='word_1_186' title='bbox 443 2721 628 2790; x_wconf 78' lang='grc' dir='ltr'>μηδενὶ</span> <span class='ocrx_word' id='word_1_187' title='bbox 652 2723 852 2786; x_wconf 76' lang='grc' dir='ltr'>ἐξέστω</span> <span class='ocrx_word' id='word_1_188' title='bbox 880 2724 1246 2779; x_wconf 83' lang='grc' dir='ltr'>ἐκκαλεῖσθαι.</span> <span class='ocrx_word' id='word_1_189' title='bbox 1286 2726 1422 2796; x_wconf 72' lang='grc' dir='ltr'>Περὶ</span> <span class='ocrx_word' id='word_1_190' title='bbox 1448 2743 1648 2795; x_wconf 89' lang='grc' dir='ltr'>τοποτη</span> <span class='ocrx_word' id='word_1_191' title='bbox 1661 2727 1861 2796; x_wconf 81' lang='grc' dir='ltr'>ρησιῶν</span> 
     </span>
    </p>
   </div>
   <div class='ocr_carea' id='block_1_30' title="bbox 393 2812 1862 2887">
    <p class='ocr_par' dir='ltr' id='par_1_30' title="bbox 393 2812 1862 2887">
     <span class='ocr_line' id='line_1_30' title="bbox 393 2812 1862 2887; baseline 0.005 -26"><span class='ocrx_word' id='word_1_192' title='bbox 393 2830 411 2861; x_wconf 80' lang='grc' dir='ltr'><strong>ι</strong></span> <span class='ocrx_word' id='word_1_193' title='bbox 448 2812 721 2880; x_wconf 73' lang='grc' dir='ltr'>διαφόρων</span> <span class='ocrx_word' id='word_1_194' title='bbox 786 2814 1085 2883; x_wconf 87' lang='grc' dir='ltr'>ἐπαρχιῶν.</span> <span class='ocrx_word' id='word_1_195' title='bbox 1161 2816 1286 2879; x_wconf 77' lang='grc' dir='ltr'><strong>Ὑφ’</strong></span> <span class='ocrx_word' id='word_1_196' title='bbox 1336 2816 1394 2868; x_wconf 82' lang='grc' dir='ltr'><strong>ἐν</strong></span> <span class='ocrx_word' id='word_1_197' title='bbox 1472 2816 1862 2887; x_wconf 84' lang='grc' dir='ltr'>τοποτηρησίαι</span> 
     </span>
    </p>
   </div>
   <div class='ocr_carea' id='block_1_31' title="bbox 393 2902 1866 2977">
    <p class='ocr_par' dir='ltr' id='par_1_31' title="bbox 393 2902 1866 2977">
     <span class='ocr_line' id='line_1_31' title="bbox 393 2902 1866 2977; baseline 0.006 -25"><span class='ocrx_word' id='word_1_198' title='bbox 393 2919 410 2951; x_wconf 80' lang='grc' dir='ltr'><strong>ι</strong></span> <span class='ocrx_word' id='word_1_199' title='bbox 444 2902 717 2971; x_wconf 78' lang='grc' dir='ltr'>διαφόρων</span> <span class='ocrx_word' id='word_1_200' title='bbox 752 2904 1028 2974; x_wconf 72' lang='grc' dir='ltr'>ἐπαρχιῶν</span> <span class='ocrx_word' id='word_1_201' title='bbox 1086 2908 1496 2975; x_wconf 60' lang='grc' dir='ltr'>ἐμςανισθεῖσαι</span> <span class='ocrx_word' id='word_1_202' title='bbox 1569 2909 1866 2977; x_wconf 78' lang='grc' dir='ltr'>χαριέντως</span> 
     </span>
    </p>
   </div>
   <div class='ocr_carea' id='block_1_32' title="bbox 393 2992 1865 3065">
    <p class='ocr_par' dir='ltr' id='par_1_32' title="bbox 393 2992 1865 3065">
     <span class='ocr_line' id='line_1_32' title="bbox 393 2992 1865 3065; baseline 0.003 -24"><span class='ocrx_word' id='word_1_203' title='bbox 393 3009 409 3041; x_wconf 81' lang='grc' dir='ltr'><strong>ι</strong></span> <span class='ocrx_word' id='word_1_204' title='bbox 445 2992 918 3059; x_wconf 81' lang='grc' dir='ltr'>προσεδέχθησαν-</span> <span class='ocrx_word' id='word_1_205' title='bbox 979 2994 1123 3047; x_wconf 77' lang='grc' dir='ltr'>τοῦτ’</span> <span class='ocrx_word' id='word_1_206' title='bbox 1177 2996 1290 3047; x_wconf 81' lang='grc' dir='ltr'>ἔστι</span> <span class='ocrx_word' id='word_1_207' title='bbox 1346 2997 1455 3048; x_wconf 86' lang='grc' dir='ltr'><strong>τῶν</strong></span> <span class='ocrx_word' id='word_1_208' title='bbox 1525 2995 1865 3065; x_wconf 80' lang='grc' dir='ltr'>Νουμηδίων,</span> 
     </span>
    </p>
   </div>
   <div class='ocr_carea' id='block_1_33' title="bbox 395 3083 1864 3157">
    <p class='ocr_par' dir='ltr' id='par_1_33' title="bbox 395 3083 1864 3157">
     <span class='ocr_line' id='line_1_33' title="bbox 395 3083 1864 3157; baseline 0.005 -24"><span class='ocrx_word' id='word_1_209' title='bbox 395 3100 417 3133; x_wconf 75' lang='grc' dir='ltr'><strong>σ</strong></span> <span class='ocrx_word' id='word_1_210' title='bbox 452 3083 560 3136; x_wconf 85' lang='grc' dir='ltr'><strong>τῶν</strong></span> <span class='ocrx_word' id='word_1_211' title='bbox 626 3086 975 3151; x_wconf 78' lang='grc' dir='ltr'>Βυζακηνῶν,</span> <span class='ocrx_word' id='word_1_212' title='bbox 1022 3088 1129 3140; x_wconf 80' lang='grc' dir='ltr'><strong>τῶν</strong></span> <span class='ocrx_word' id='word_1_213' title='bbox 1176 3089 1416 3157; x_wconf 82' lang='grc' dir='ltr'>Μαύρων</span> <span class='ocrx_word' id='word_1_214' title='bbox 1481 3091 1864 3157; x_wconf 75' lang='grc' dir='ltr'>Σιτιφενσιῶν·</span> 
     </span>
    </p>
   </div>
   <div class='ocr_carea' id='block_1_34' title="bbox 2007 660 3471 737">
    <p class='ocr_par' dir='ltr' id='par_1_34' title="bbox 2007 660 3471 737">
     <span class='ocr_line' id='line_1_34' title="bbox 2007 660 3471 737; baseline -0.008 -17"><span class='ocrx_word' id='word_1_215' title='bbox 2007 689 2026 720; x_wconf 75' lang='grc' dir='ltr'><strong>ι</strong></span> <span class='ocrx_word' id='word_1_216' title='bbox 2086 670 2255 737; x_wconf 89' lang='lat' dir='ltr'><strong>palem</strong></span> <span class='ocrx_word' id='word_1_217' title='bbox 2309 669 2489 723; x_wconf 85' lang='lat' dir='ltr'><strong>sedem</strong></span> <span class='ocrx_word' id='word_1_218' title='bbox 2547 665 2741 718; x_wconf 79' lang='lat' dir='ltr'><strong>litterae</strong></span> <span class='ocrx_word' id='word_1_219' title='bbox 2793 664 3092 727; x_wconf 72' lang='lat' dir='ltr'><strong>mittantur,</strong></span> <span class='ocrx_word' id='word_1_220' title='bbox 3140 669 3194 715; x_wconf 90' lang='lat' dir='ltr'><strong>et</strong></span> <span class='ocrx_word' id='word_1_221' title='bbox 3242 660 3471 729; x_wconf 76' lang='lat' dir='ltr'><strong>synodus</strong></span> 
     </span>
    </p>
   </div>
   <div class='ocr_carea' id='block_1_35' title="bbox 1999 748 3475 811">
    <p class='ocr_par' dir='ltr' id='par_1_35' title="bbox 1999 748 3475 811">
     <span class='ocr_line' id='line_1_35' title="bbox 1999 748 3475 811; baseline -0.007 -4"><span class='ocrx_word' id='word_1_222' title='bbox 1999 776 2015 807; x_wconf 78' lang='grc' dir='ltr'><strong>ι</strong></span> <span class='ocrx_word' id='word_1_223' title='bbox 2072 756 2367 811; x_wconf 76' lang='lat' dir='ltr'><strong>celebretur</strong></span> <span class='ocrx_word' id='word_1_224' title='bbox 2404 755 2609 806; x_wconf 89' lang='lat' dir='ltr'><strong>inloco</strong></span> <span class='ocrx_word' id='word_1_225' title='bbox 2655 750 3012 804; x_wconf 89' lang='lat' dir='ltr'><strong>convenienti.</strong></span> <span class='ocrx_word' id='word_1_226' title='bbox 3067 748 3249 803; x_wconf 64' lang='lat' dir='ltr'><strong>Causas</strong></span> <span class='ocrx_word' id='word_1_227' title='bbox 3295 757 3475 800; x_wconf 89' lang='lat' dir='ltr'><strong>autem</strong></span> 
     </span>
    </p>
   </div>
   <div class='ocr_carea' id='block_1_36' title="bbox 2005 838 3422 912">
    <p class='ocr_par' dir='ltr' id='par_1_36' title="bbox 2005 838 3422 912">
     <span class='ocr_line' id='line_1_36' title="bbox 2005 838 3422 912; baseline -0.004 -15"><span class='ocrx_word' id='word_1_228' title='bbox 2005 864 2023 897; x_wconf 80' lang='grc' dir='ltr'><strong>ι</strong></span> <span class='ocrx_word' id='word_1_229' title='bbox 2058 845 2339 900; x_wconf 77' lang='lat' dir='ltr'><strong>ordinaria:</strong></span> <span class='ocrx_word' id='word_1_230' title='bbox 2373 844 2425 897; x_wconf 93' lang='lat' dir='ltr'><strong>in</strong></span> <span class='ocrx_word' id='word_1_231' title='bbox 2459 841 2687 912; x_wconf 84' lang='lat' dir='ltr'><strong>propriis</strong></span> <span class='ocrx_word' id='word_1_232' title='bbox 2716 840 3004 909; x_wconf 81' lang='lat' dir='ltr'><strong>provinciis</strong></span> <span class='ocrx_word' id='word_1_233' title='bbox 3054 838 3422 905; x_wconf 77' lang='lat' dir='ltr'><strong>diiudicentur.</strong></span> 
     </span>
    </p>
   </div>
   <div class='ocr_carea' id='block_1_37' title="bbox 2001 1013 3478 1086">
    <p class='ocr_par' dir='ltr' id='par_1_37' title="bbox 2001 1013 3478 1086">
     <span class='ocr_line' id='line_1_37' title="bbox 2001 1013 3478 1086; baseline -0.005 -13"><span class='ocrx_word' id='word_1_234' title='bbox 2001 1017 2055 1073; x_wconf 87' lang='lat' dir='ltr'><strong>lu</strong></span> <span class='ocrx_word' id='word_1_235' title='bbox 2110 1019 2315 1086; x_wconf 78' lang='lat' dir='ltr'><strong>singula</strong></span> <span class='ocrx_word' id='word_1_236' title='bbox 2368 1017 2580 1086; x_wconf 82' lang='lat' dir='ltr'><strong>quidem</strong></span> <span class='ocrx_word' id='word_1_237' title='bbox 2631 1013 2899 1083; x_wconf 81' lang='lat' dir='ltr'><strong>provincia</strong></span> <span class='ocrx_word' id='word_1_238' title='bbox 2961 1014 3213 1083; x_wconf 86' lang='lat' dir='ltr'><strong>synodum</strong></span> <span class='ocrx_word' id='word_1_239' title='bbox 3272 1027 3478 1081; x_wconf 76' lang='lat' dir='ltr'><strong>episco-</strong></span> 
     </span>
    </p>
   </div>
   <div class='ocr_carea' id='block_1_38' title="bbox 1935 1104 3479 1175">
    <p class='ocr_par' dir='ltr' id='par_1_38' title="bbox 1935 1104 3479 1175">
     <span class='ocr_line' id='line_1_38' title="bbox 1935 1104 3479 1175; baseline -0.003 -15"><span class='ocrx_word' id='word_1_240' title='bbox 1935 1122 2127 1175; x_wconf 86' lang='lat' dir='ltr'><strong>porum</strong></span> <span class='ocrx_word' id='word_1_241' title='bbox 2177 1108 2319 1161; x_wconf 87' lang='lat' dir='ltr'><strong>illius</strong></span> <span class='ocrx_word' id='word_1_242' title='bbox 2360 1107 2649 1175; x_wconf 76' lang='lat' dir='ltr'><strong>quotannis</strong></span> <span class='ocrx_word' id='word_1_243' title='bbox 2699 1105 2979 1170; x_wconf 84' lang='lat' dir='ltr'><strong>celebrari,</strong></span> <span class='ocrx_word' id='word_1_244' title='bbox 3012 1113 3064 1159; x_wconf 91' lang='lat' dir='ltr'><strong>et</strong></span> <span class='ocrx_word' id='word_1_245' title='bbox 3090 1104 3479 1159; x_wconf 86' lang='lat' dir='ltr'><strong>controversias</strong></span> 
     </span>
    </p>
   </div>
   <div class='ocr_carea' id='block_1_39' title="bbox 1934 1194 3482 1266">
    <p class='ocr_par' dir='ltr' id='par_1_39' title="bbox 1934 1194 3482 1266">
     <span class='ocr_line' id='line_1_39' title="bbox 1934 1194 3482 1266; baseline -0.002 -17"><span class='ocrx_word' id='word_1_246' title='bbox 1934 1197 2151 1266; x_wconf 85' lang='lat' dir='ltr'><strong>proprie</strong></span> <span class='ocrx_word' id='word_1_247' title='bbox 2171 1197 2559 1251; x_wconf 86' lang='lat' dir='ltr'><strong>ecclesiasticas</strong></span> <span class='ocrx_word' id='word_1_248' title='bbox 2581 1196 2631 1248; x_wconf 89' lang='lat' dir='ltr'><strong>in</strong></span> <span class='ocrx_word' id='word_1_249' title='bbox 2655 1195 2718 1248; x_wconf 87' lang='lat' dir='ltr'><strong>iis</strong></span> <span class='ocrx_word' id='word_1_250' title='bbox 2742 1195 3030 1247; x_wconf 83' lang='lat' dir='ltr'><strong>incidentes</strong></span> <span class='ocrx_word' id='word_1_251' title='bbox 3050 1194 3301 1247; x_wconf 83' lang='lat' dir='ltr'><strong>canonice</strong></span> <span class='ocrx_word' id='word_1_252' title='bbox 3341 1208 3482 1260; x_wconf 71' lang='lat' dir='ltr'><strong>qum-</strong></span> 
     </span>
    </p>
   </div>
   <div class='ocr_carea' id='block_1_40' title="bbox 1939 1282 3485 1353">
    <p class='ocr_par' dir='ltr' id='par_1_40' title="bbox 1939 1282 3485 1353">
     <span class='ocr_line' id='line_1_40' title="bbox 1939 1282 3485 1353; baseline -0.003 -15"><span class='ocrx_word' id='word_1_253' title='bbox 1939 1300 2059 1340; x_wconf 87' lang='lat' dir='ltr'><strong>rere</strong></span> <span class='ocrx_word' id='word_1_254' title='bbox 2104 1286 2305 1353; x_wconf 90' lang='lat' dir='ltr'><strong>pariter</strong></span> <span class='ocrx_word' id='word_1_255' title='bbox 2350 1300 2414 1339; x_wconf 92' lang='lat' dir='ltr'><strong>ac</strong></span> <span class='ocrx_word' id='word_1_256' title='bbox 2459 1286 2686 1345; x_wconf 87' lang='lat' dir='ltr'><strong>solvere,</strong></span> <span class='ocrx_word' id='word_1_257' title='bbox 2718 1293 2769 1337; x_wconf 93' lang='lat' dir='ltr'><strong>et</strong></span> <span class='ocrx_word' id='word_1_258' title='bbox 2801 1284 2912 1336; x_wconf 73' lang='lat' dir='ltr'><strong>bace</strong></span> <span class='ocrx_word' id='word_1_259' title='bbox 2942 1284 3096 1334; x_wconf 86' lang='lat' dir='ltr'><strong>etiam</strong></span> <span class='ocrx_word' id='word_1_260' title='bbox 3134 1282 3368 1351; x_wconf 84' lang='lat' dir='ltr'><strong>synodus</strong></span> <span class='ocrx_word' id='word_1_261' title='bbox 3392 1282 3485 1349; x_wconf 88' lang='lat' dir='ltr'><strong>ju-</strong></span> 
     </span>
    </p>
   </div>
   <div class='ocr_carea' id='block_1_41' title="bbox 1942 1370 3485 1441">
    <p class='ocr_par' dir='ltr' id='par_1_41' title="bbox 1942 1370 3485 1441">
     <span class='ocr_line' id='line_1_41' title="bbox 1942 1370 3485 1441; baseline -0.005 -11"><span class='ocrx_word' id='word_1_262' title='bbox 1942 1374 2051 1430; x_wconf 85' lang='lat' dir='ltr'><strong>bet.</strong></span> <span class='ocrx_word' id='word_1_263' title='bbox 2077 1374 2323 1430; x_wconf 89' lang='lat' dir='ltr'><strong>Omnium</strong></span> <span class='ocrx_word' id='word_1_264' title='bbox 2352 1381 2528 1427; x_wconf 87' lang='lat' dir='ltr'><strong>autem</strong></span> <span class='ocrx_word' id='word_1_265' title='bbox 2568 1373 2761 1426; x_wconf 67' lang='lat' dir='ltr'><strong>Africae</strong></span> <span class='ocrx_word' id='word_1_266' title='bbox 2794 1370 3183 1441; x_wconf 76' lang='lat' dir='ltr'><strong>provinciarum</strong></span> <span class='ocrx_word' id='word_1_267' title='bbox 3211 1372 3485 1438; x_wconf 80' lang='lat' dir='ltr'><strong>episcopos</strong></span> 
     </span>
    </p>
   </div>
   <div class='ocr_carea' id='block_1_42' title="bbox 1946 1461 3487 1531">
    <p class='ocr_par' dir='ltr' id='par_1_42' title="bbox 1946 1461 3487 1531">
     <span class='ocr_line' id='line_1_42' title="bbox 1946 1461 3487 1531; baseline -0.004 -12"><span class='ocrx_word' id='word_1_268' title='bbox 1946 1465 2001 1519; x_wconf 93' lang='lat' dir='ltr'><strong>in</strong></span> <span class='ocrx_word' id='word_1_269' title='bbox 2060 1465 2237 1531; x_wconf 88' lang='lat' dir='ltr'><strong>aliquo</strong></span> <span class='ocrx_word' id='word_1_270' title='bbox 2292 1463 2409 1517; x_wconf 83' lang='lat' dir='ltr'><strong>ioco</strong></span> <span class='ocrx_word' id='word_1_271' title='bbox 2460 1464 2747 1519; x_wconf 89' lang='lat' dir='ltr'><strong>convenire</strong></span> <span class='ocrx_word' id='word_1_272' title='bbox 2809 1471 2863 1516; x_wconf 93' lang='lat' dir='ltr'><strong>et</strong></span> <span class='ocrx_word' id='word_1_273' title='bbox 2919 1475 3258 1514; x_wconf 83' lang='lat' dir='ltr'><strong>communem</strong></span> <span class='ocrx_word' id='word_1_274' title='bbox 3316 1461 3487 1513; x_wconf 82' lang='lat' dir='ltr'><strong>facere</strong></span> 
     </span>
    </p>
   </div>
   <div class='ocr_carea' id='block_1_43' title="bbox 1943 1552 3487 1625">
    <p class='ocr_par' dir='ltr' id='par_1_43' title="bbox 1943 1552 3487 1625">
     <span class='ocr_line' id='line_1_43' title="bbox 1943 1552 3487 1625; baseline -0.006 -17"><span class='ocrx_word' id='word_1_275' title='bbox 1943 1554 2228 1625; x_wconf 83' lang='lat' dir='ltr'><strong>synodum,</strong></span> <span class='ocrx_word' id='word_1_276' title='bbox 2276 1554 2374 1607; x_wconf 88' lang='lat' dir='ltr'><strong>nisi</strong></span> <span class='ocrx_word' id='word_1_277' title='bbox 2422 1567 2727 1606; x_wconf 75' lang='lat' dir='ltr'><strong>communes</strong></span> <span class='ocrx_word' id='word_1_278' title='bbox 2755 1552 2861 1604; x_wconf 88' lang='lat' dir='ltr'><strong>sint</strong></span> <span class='ocrx_word' id='word_1_279' title='bbox 2890 1566 3084 1614; x_wconf 72' lang='lat' dir='ltr'><strong>causze,</strong></span> <span class='ocrx_word' id='word_1_280' title='bbox 3116 1559 3327 1618; x_wconf 82' lang='lat' dir='ltr'><strong>propter</strong></span> <span class='ocrx_word' id='word_1_281' title='bbox 3356 1564 3487 1617; x_wconf 86' lang='lat' dir='ltr'><strong>quas</strong></span> 
     </span>
    </p>
   </div>
   <div class='ocr_carea' id='block_1_44' title="bbox 1949 1640 3490 1709">
    <p class='ocr_par' dir='ltr' id='par_1_44' title="bbox 1949 1640 3490 1709">
     <span class='ocr_line' id='line_1_44' title="bbox 1949 1640 3490 1709; baseline -0.006 -10"><span class='ocrx_word' id='word_1_282' title='bbox 1949 1646 2238 1699; x_wconf 77' lang='lat' dir='ltr'><strong>convenire</strong></span> <span class='ocrx_word' id='word_1_283' title='bbox 2269 1645 2483 1708; x_wconf 86' lang='lat' dir='ltr'><strong>debent,</strong></span> <span class='ocrx_word' id='word_1_284' title='bbox 2509 1644 2663 1698; x_wconf 85' lang='lat' dir='ltr'><strong>aliter</strong></span> <span class='ocrx_word' id='word_1_285' title='bbox 2690 1644 2801 1696; x_wconf 77' lang='lat' dir='ltr'><strong>ﬁeri</strong></span> <span class='ocrx_word' id='word_1_286' title='bbox 2834 1658 2936 1695; x_wconf 88' lang='lat' dir='ltr'><strong>non</strong></span> <span class='ocrx_word' id='word_1_287' title='bbox 2965 1644 3243 1709; x_wconf 87' lang='lat' dir='ltr'><strong>permittit.</strong></span> <span class='ocrx_word' id='word_1_288' title='bbox 3272 1640 3490 1706; x_wconf 84' lang='lat' dir='ltr'><strong>Quando</strong></span> 
     </span>
    </p>
   </div>
   <div class='ocr_carea' id='block_1_45' title="bbox 1958 1730 3492 1802">
    <p class='ocr_par' dir='ltr' id='par_1_45' title="bbox 1958 1730 3492 1802">
     <span class='ocr_line' id='line_1_45' title="bbox 1958 1730 3492 1802; baseline -0.004 -16"><span class='ocrx_word' id='word_1_289' title='bbox 1958 1743 2135 1786; x_wconf 86' lang='lat' dir='ltr'><strong>autem</strong></span> <span class='ocrx_word' id='word_1_290' title='bbox 2179 1748 2338 1788; x_wconf 88' lang='lat' dir='ltr'><strong>causa</strong></span> <span class='ocrx_word' id='word_1_291' title='bbox 2380 1734 2553 1802; x_wconf 85' lang='lat' dir='ltr'><strong>aliqua</strong></span> <span class='ocrx_word' id='word_1_292' title='bbox 2585 1733 2881 1786; x_wconf 82' lang='lat' dir='ltr'><strong>communis</strong></span> <span class='ocrx_word' id='word_1_293' title='bbox 2906 1746 3239 1784; x_wconf 86' lang='lat' dir='ltr'><strong>communem</strong></span> <span class='ocrx_word' id='word_1_294' title='bbox 3270 1730 3492 1798; x_wconf 80' lang='lat' dir='ltr'><strong>requirit</strong></span> 
     </span>
    </p>
   </div>
   <div class='ocr_carea' id='block_1_46' title="bbox 1949 1822 3491 1892">
    <p class='ocr_par' dir='ltr' id='par_1_46' title="bbox 1949 1822 3491 1892">
     <span class='ocr_line' id='line_1_46' title="bbox 1949 1822 3491 1892; baseline -0.005 -13"><span class='ocrx_word' id='word_1_295' title='bbox 1949 1822 2209 1879; x_wconf 78' lang='lat' dir='ltr'><strong>celebrari</strong></span> <span class='ocrx_word' id='word_1_296' title='bbox 2269 1824 2549 1892; x_wconf 82' lang='lat' dir='ltr'><strong>synodum,</strong></span> <span class='ocrx_word' id='word_1_297' title='bbox 2608 1823 2673 1875; x_wconf 87' lang='lat' dir='ltr'><strong>ad</strong></span> <span class='ocrx_word' id='word_1_298' title='bbox 2734 1822 3062 1889; x_wconf 81' lang='lat' dir='ltr'><strong>episcopum,</strong></span> <span class='ocrx_word' id='word_1_299' title='bbox 3119 1822 3205 1888; x_wconf 90' lang='lat' dir='ltr'><strong>qui</strong></span> <span class='ocrx_word' id='word_1_300' title='bbox 3268 1822 3491 1886; x_wconf 77' lang='lat' dir='ltr'><strong>primam</strong></span> 
     </span>
    </p>
   </div>
   <div class='ocr_carea' id='block_1_47' title="bbox 1951 1910 3492 1980">
    <p class='ocr_par' dir='ltr' id='par_1_47' title="bbox 1951 1910 3492 1980">
     <span class='ocr_line' id='line_1_47' title="bbox 1951 1910 3492 1980; baseline -0.006 -11"><span class='ocrx_word' id='word_1_301' title='bbox 1951 1924 2093 1969; x_wconf 88' lang='lat' dir='ltr'><strong>tenet</strong></span> <span class='ocrx_word' id='word_1_302' title='bbox 2134 1916 2464 1980; x_wconf 82' lang='lat' dir='ltr'><strong>cathedram,</strong></span> <span class='ocrx_word' id='word_1_303' title='bbox 2489 1915 2677 1967; x_wconf 74' lang='lat' dir='ltr'><strong>littera:</strong></span> <span class='ocrx_word' id='word_1_304' title='bbox 2711 1914 2777 1965; x_wconf 89' lang='lat' dir='ltr'><strong>ab</strong></span> <span class='ocrx_word' id='word_1_305' title='bbox 2820 1912 3083 1980; x_wconf 80' lang='lat' dir='ltr'><strong>episcOpis</strong></span> <span class='ocrx_word' id='word_1_306' title='bbox 3117 1910 3251 1963; x_wconf 90' lang='lat' dir='ltr'><strong>mitti</strong></span> <span class='ocrx_word' id='word_1_307' title='bbox 3277 1910 3492 1968; x_wconf 89' lang='lat' dir='ltr'><strong>debent.</strong></span> 
     </span>
    </p>
   </div>
   <div class='ocr_carea' id='block_1_48' title="bbox 1956 1999 3495 2071">
    <p class='ocr_par' dir='ltr' id='par_1_48' title="bbox 1956 1999 3495 2071">
     <span class='ocr_line' id='line_1_48' title="bbox 1956 1999 3495 2071; baseline -0.005 -13"><span class='ocrx_word' id='word_1_308' title='bbox 1956 2017 2007 2058; x_wconf 90' lang='lat' dir='ltr'><strong>et</strong></span> <span class='ocrx_word' id='word_1_309' title='bbox 2043 2006 2128 2057; x_wconf 88' lang='lat' dir='ltr'><strong>ubi</strong></span> <span class='ocrx_word' id='word_1_310' title='bbox 2169 2006 2256 2059; x_wconf 86' lang='lat' dir='ltr'><strong>ille</strong></span> <span class='ocrx_word' id='word_1_311' title='bbox 2301 2005 2543 2059; x_wconf 86' lang='lat' dir='ltr'><strong>idoneum</strong></span> <span class='ocrx_word' id='word_1_312' title='bbox 2576 2002 2895 2071; x_wconf 76' lang='lat' dir='ltr'><strong>iudicaverit</strong></span> <span class='ocrx_word' id='word_1_313' title='bbox 2925 2000 3231 2065; x_wconf 87' lang='lat' dir='ltr'><strong>convenire,</strong></span> <span class='ocrx_word' id='word_1_314' title='bbox 3266 1999 3336 2054; x_wconf 88' lang='lat' dir='ltr'><strong>ibi</strong></span> <span class='ocrx_word' id='word_1_315' title='bbox 3371 2012 3495 2052; x_wconf 66' lang='lat' dir='ltr'><strong>cono</strong></span> 
     </span>
    </p>
   </div>
   <div class='ocr_carea' id='block_1_49' title="bbox 1952 2097 2334 2166">
    <p class='ocr_par' dir='ltr' id='par_1_49' title="bbox 1952 2097 2334 2166">
     <span class='ocr_line' id='line_1_49' title="bbox 1952 2097 2334 2166; baseline -0.003 -17"><span class='ocrx_word' id='word_1_316' title='bbox 1952 2097 2334 2166; x_wconf 77' lang='lat' dir='ltr'><strong>grcgabutttur.</strong></span> 
     </span>
    </p>
   </div>
   <div class='ocr_carea' id='block_1_50' title="bbox 2518 2273 2960 2330">
    <p class='ocr_par' dir='ltr' id='par_1_50' title="bbox 2518 2273 2960 2330">
     <span class='ocr_line' id='line_1_50' title="bbox 2518 2273 2960 2330; baseline -0.005 -1"><span class='ocrx_word' id='word_1_317' title='bbox 2518 2273 2741 2330; x_wconf 75' lang='lat' dir='ltr'><strong>CANON</strong></span> <span class='ocrx_word' id='word_1_318' title='bbox 2774 2273 2960 2329; x_wconf 74' lang='lat' dir='ltr'><strong>XCIX.</strong></span> 
     </span>
    </p>
   </div>
   <div class='ocr_carea' id='block_1_51' title="bbox 1964 2360 3502 2435">
    <p class='ocr_par' dir='ltr' id='par_1_51' title="bbox 1964 2360 3502 2435">
     <span class='ocr_line' id='line_1_51' title="bbox 1964 2360 3502 2435; baseline -0.004 -18"><span class='ocrx_word' id='word_1_319' title='bbox 1964 2384 1981 2417; x_wconf 84' lang='grc' dir='ltr'><strong>ι</strong></span> <span class='ocrx_word' id='word_1_320' title='bbox 2020 2364 2095 2421; x_wconf 87' lang='lat' dir='ltr'><strong>Ne</strong></span> <span class='ocrx_word' id='word_1_321' title='bbox 2135 2368 2202 2420; x_wconf 89' lang='lat' dir='ltr'><strong>ab</strong></span> <span class='ocrx_word' id='word_1_322' title='bbox 2230 2366 2478 2421; x_wconf 85' lang='lat' dir='ltr'><strong>electitiis</strong></span> <span class='ocrx_word' id='word_1_323' title='bbox 2503 2368 2777 2435; x_wconf 74' lang='lat' dir='ltr'><strong>iudicibus</strong></span> <span class='ocrx_word' id='word_1_324' title='bbox 2810 2364 3076 2433; x_wconf 86' lang='lat' dir='ltr'><strong>appellare</strong></span> <span class='ocrx_word' id='word_1_325' title='bbox 3108 2362 3285 2417; x_wconf 88' lang='lat' dir='ltr'><strong>liceat.</strong></span> <span class='ocrx_word' id='word_1_326' title='bbox 3322 2360 3378 2417; x_wconf 82' lang='lat' dir='ltr'><strong>Si</strong></span> <span class='ocrx_word' id='word_1_327' title='bbox 3409 2376 3502 2415; x_wconf 81' lang='lat' dir='ltr'><strong>au-</strong></span> 
     </span>
    </p>
   </div>
   <div class='ocr_carea' id='block_1_52' title="bbox 2025 2452 3506 2525">
    <p class='ocr_par' dir='ltr' id='par_1_52' title="bbox 2025 2452 3506 2525">
     <span class='ocr_line' id='line_1_52' title="bbox 2025 2452 3506 2525; baseline -0.003 -19"><span class='ocrx_word' id='word_1_328' title='bbox 2025 2473 2043 2506; x_wconf 81' lang='grc' dir='ltr'><strong>ι</strong></span> <span class='ocrx_word' id='word_1_329' title='bbox 2077 2464 2182 2508; x_wconf 91' lang='lat' dir='ltr'><strong>tem</strong></span> <span class='ocrx_word' id='word_1_330' title='bbox 2210 2457 2406 2511; x_wconf 86' lang='lat' dir='ltr'><strong>emissa</strong></span> <span class='ocrx_word' id='word_1_331' title='bbox 2435 2459 2503 2510; x_wconf 91' lang='lat' dir='ltr'><strong>sit</strong></span> <span class='ocrx_word' id='word_1_332' title='bbox 2530 2457 2835 2525; x_wconf 86' lang='lat' dir='ltr'><strong>appellatio.</strong></span> <span class='ocrx_word' id='word_1_333' title='bbox 2867 2464 2921 2509; x_wconf 91' lang='lat' dir='ltr'><strong>et</strong></span> <span class='ocrx_word' id='word_1_334' title='bbox 2948 2455 3034 2522; x_wconf 89' lang='lat' dir='ltr'><strong>qui</strong></span> <span class='ocrx_word' id='word_1_335' title='bbox 3060 2452 3336 2522; x_wconf 82' lang='lat' dir='ltr'><strong>appellavit</strong></span> <span class='ocrx_word' id='word_1_336' title='bbox 3366 2452 3506 2520; x_wconf 86' lang='lat' dir='ltr'><strong>judi-</strong></span> 
     </span>
    </p>
   </div>
   <div class='ocr_carea' id='block_1_53' title="bbox 2039 2541 3506 2614">
    <p class='ocr_par' dir='ltr' id='par_1_53' title="bbox 2039 2541 3506 2614">
     <span class='ocr_line' id='line_1_53' title="bbox 2039 2541 3506 2614; baseline -0.003 -18"><span class='ocrx_word' id='word_1_337' title='bbox 2039 2564 2057 2596; x_wconf 75' lang='grc' dir='ltr'><strong>ι</strong></span> <span class='ocrx_word' id='word_1_338' title='bbox 2098 2561 2188 2601; x_wconf 81' lang='lat' dir='ltr'><strong>eos</strong></span> <span class='ocrx_word' id='word_1_339' title='bbox 2230 2547 2471 2614; x_wconf 71' lang='lat' dir='ltr'><strong>elegerit.</strong></span> <span class='ocrx_word' id='word_1_340' title='bbox 2522 2554 2575 2599; x_wconf 92' lang='lat' dir='ltr'><strong>et</strong></span> <span class='ocrx_word' id='word_1_341' title='bbox 2618 2560 2736 2601; x_wconf 87' lang='lat' dir='ltr'><strong>cum</strong></span> <span class='ocrx_word' id='word_1_342' title='bbox 2768 2544 2859 2598; x_wconf 89' lang='lat' dir='ltr'><strong>illo</strong></span> <span class='ocrx_word' id='word_1_343' title='bbox 2894 2544 2937 2597; x_wconf 87' lang='lat' dir='ltr'><strong>is</strong></span> <span class='ocrx_word' id='word_1_344' title='bbox 2971 2556 3204 2611; x_wconf 90' lang='lat' dir='ltr'><strong>quoque,</strong></span> <span class='ocrx_word' id='word_1_345' title='bbox 3250 2541 3506 2594; x_wconf 84' lang='lat' dir='ltr'><strong>adversus</strong></span> 
     </span>
    </p>
   </div>
   <div class='ocr_carea' id='block_1_54' title="bbox 2032 2630 3508 2704">
    <p class='ocr_par' dir='ltr' id='par_1_54' title="bbox 2032 2630 3508 2704">
     <span class='ocr_line' id='line_1_54' title="bbox 2032 2630 3508 2704; baseline -0.004 -17"><span class='ocrx_word' id='word_1_346' title='bbox 2032 2654 2050 2687; x_wconf 82' lang='grc' dir='ltr'><strong>ι</strong></span> <span class='ocrx_word' id='word_1_347' title='bbox 2089 2649 2245 2703; x_wconf 87' lang='lat' dir='ltr'><strong>quem</strong></span> <span class='ocrx_word' id='word_1_348' title='bbox 2297 2634 2604 2704; x_wconf 89' lang='lat' dir='ltr'><strong>appellavit,</strong></span> <span class='ocrx_word' id='word_1_349' title='bbox 2639 2636 2705 2689; x_wconf 92' lang='lat' dir='ltr'><strong>ab</strong></span> <span class='ocrx_word' id='word_1_350' title='bbox 2739 2634 2824 2688; x_wconf 88' lang='lat' dir='ltr'><strong>bis</strong></span> <span class='ocrx_word' id='word_1_351' title='bbox 2871 2633 3118 2701; x_wconf 85' lang='lat' dir='ltr'><strong>deinceps</strong></span> <span class='ocrx_word' id='word_1_352' title='bbox 3164 2630 3292 2685; x_wconf 90' lang='lat' dir='ltr'><strong>nulli</strong></span> <span class='ocrx_word' id='word_1_353' title='bbox 3325 2630 3508 2699; x_wconf 77' lang='lat' dir='ltr'><strong>appel—</strong></span> 
     </span>
    </p>
   </div>
   <div class='ocr_carea' id='block_1_55' title="bbox 2035 2707 3506 2792">
    <p class='ocr_par' dir='ltr' id='par_1_55' title="bbox 2035 2707 3506 2792">
     <span class='ocr_line' id='line_1_55' title="bbox 2035 2707 3506 2792; baseline -0.002 -18"><span class='ocrx_word' id='word_1_354' title='bbox 2035 2741 2054 2774; x_wconf 75' lang='grc' dir='ltr'><strong>ι</strong></span> <span class='ocrx_word' id='word_1_355' title='bbox 2111 2723 2219 2778; x_wconf 87' lang='lat' dir='ltr'><strong>lare</strong></span> <span class='ocrx_word' id='word_1_356' title='bbox 2250 2724 2426 2777; x_wconf 88' lang='lat' dir='ltr'><strong>liceat.</strong></span> <span class='ocrx_word' id='word_1_357' title='bbox 2462 2723 2535 2778; x_wconf 85' lang='lat' dir='ltr'><strong>De</strong></span> <span class='ocrx_word' id='word_1_358' title='bbox 2564 2723 2893 2778; x_wconf 87' lang='lat' dir='ltr'><strong>diversarum</strong></span> <span class='ocrx_word' id='word_1_359' title='bbox 2931 2707 3324 2792; x_wconf 76' lang='lat' dir='ltr'><strong>provinciarum</strong></span> <span class='ocrx_word' id='word_1_360' title='bbox 3358 2720 3506 2786; x_wconf 69' lang='lat' dir='ltr'><strong>lcga-</strong></span> 
     </span>
    </p>
   </div>
   <div class='ocr_carea' id='block_1_56' title="bbox 2034 2810 3515 2880">
    <p class='ocr_par' dir='ltr' id='par_1_56' title="bbox 2034 2810 3515 2880">
     <span class='ocr_line' id='line_1_56' title="bbox 2034 2810 3515 2880; baseline -0.002 -16"><span class='ocrx_word' id='word_1_361' title='bbox 2034 2832 2052 2864; x_wconf 87' lang='grc' dir='ltr'><strong>ι</strong></span> <span class='ocrx_word' id='word_1_362' title='bbox 2097 2814 2355 2869; x_wconf 83' lang='lat' dir='ltr'><strong>tionibus.</strong></span> <span class='ocrx_word' id='word_1_363' title='bbox 2404 2813 2743 2868; x_wconf 85' lang='lat' dir='ltr'><strong>Diversarum</strong></span> <span class='ocrx_word' id='word_1_364' title='bbox 2779 2813 3176 2880; x_wconf 85' lang='lat' dir='ltr'><strong>provinciarum</strong></span> <span class='ocrx_word' id='word_1_365' title='bbox 3208 2810 3515 2878; x_wconf 79' lang='lat' dir='ltr'><strong>legationes.</strong></span> 
     </span>
    </p>
   </div>
   <div class='ocr_carea' id='block_1_57' title="bbox 2033 2900 3523 2972">
    <p class='ocr_par' dir='ltr' id='par_1_57' title="bbox 2033 2900 3523 2972">
     <span class='ocr_line' id='line_1_57' title="bbox 2033 2900 3523 2972; baseline -0.002 -17"><span class='ocrx_word' id='word_1_366' title='bbox 2033 2922 2050 2955; x_wconf 78' lang='grc' dir='ltr'><strong>ι</strong></span> <span class='ocrx_word' id='word_1_367' title='bbox 2084 2904 2240 2957; x_wconf 89' lang='lat' dir='ltr'><strong>simul</strong></span> <span class='ocrx_word' id='word_1_368' title='bbox 2278 2912 2670 2972; x_wconf 66' lang='lat' dir='ltr'><strong>repraesentata:</strong></span> <span class='ocrx_word' id='word_1_369' title='bbox 2700 2903 2930 2957; x_wconf 82' lang='lat' dir='ltr'><strong>libenter</strong></span> <span class='ocrx_word' id='word_1_370' title='bbox 2956 2902 3202 2956; x_wconf 67' lang='lat' dir='ltr'><strong>admissae</strong></span> <span class='ocrx_word' id='word_1_371' title='bbox 3228 2909 3370 2965; x_wconf 89' lang='lat' dir='ltr'><strong>sunt,</strong></span> <span class='ocrx_word' id='word_1_372' title='bbox 3404 2900 3523 2953; x_wconf 62' lang='lat' dir='ltr'><strong>hoe</strong></span> 
     </span>
    </p>
   </div>
   <div class='ocr_carea' id='block_1_58' title="bbox 2041 2990 3511 3063">
    <p class='ocr_par' dir='ltr' id='par_1_58' title="bbox 2041 2990 3511 3063">
     <span class='ocr_line' id='line_1_58' title="bbox 2041 2990 3511 3063; baseline -0.003 -18"><span class='ocrx_word' id='word_1_373' title='bbox 2041 3013 2057 3045; x_wconf 79' lang='grc' dir='ltr'><strong>ι</strong></span> <span class='ocrx_word' id='word_1_374' title='bbox 2087 3004 2190 3058; x_wconf 86' lang='lat' dir='ltr'><strong>est,</strong></span> <span class='ocrx_word' id='word_1_375' title='bbox 2211 2992 2597 3056; x_wconf 83' lang='lat' dir='ltr'><strong>Numidiarum,</strong></span> <span class='ocrx_word' id='word_1_376' title='bbox 2618 2994 2687 3063; x_wconf 82' lang='lat' dir='ltr'><strong>By</strong></span> <span class='ocrx_word' id='word_1_377' title='bbox 2698 3007 3037 3054; x_wconf 88' lang='lat' dir='ltr'><strong>zaccnornm,</strong></span> <span class='ocrx_word' id='word_1_378' title='bbox 3060 2991 3363 3045; x_wconf 82' lang='lat' dir='ltr'><strong>Maurorum</strong></span> <span class='ocrx_word' id='word_1_379' title='bbox 3384 2990 3511 3044; x_wconf 89' lang='lat' dir='ltr'><strong>Siti-</strong></span> 
     </span>
    </p>
   </div>
   <div class='ocr_carea' id='block_1_59' title="bbox 2038 3082 3511 3147">
    <p class='ocr_par' dir='ltr' id='par_1_59' title="bbox 2038 3082 3511 3147">
     <span class='ocr_line' id='line_1_59' title="bbox 2038 3082 3511 3147; baseline -0.003 -12"><span class='ocrx_word' id='word_1_380' title='bbox 2038 3104 2055 3135; x_wconf 77' lang='grc' dir='ltr'><strong>ι</strong></span> <span class='ocrx_word' id='word_1_381' title='bbox 2109 3084 2338 3138; x_wconf 83' lang='lat' dir='ltr'><strong>l‘ensium</strong></span> <span class='ocrx_word' id='word_1_382' title='bbox 2363 3100 2378 3147; x_wconf 90' lang='lat'><strong>;</strong></span> <span class='ocrx_word' id='word_1_383' title='bbox 2408 3083 2655 3137; x_wconf 86' lang='lat' dir='ltr'><strong>similiter</strong></span> <span class='ocrx_word' id='word_1_384' title='bbox 2685 3093 2859 3136; x_wconf 89' lang='lat' dir='ltr'><strong>autem</strong></span> <span class='ocrx_word' id='word_1_385' title='bbox 2892 3091 2946 3137; x_wconf 92' lang='lat' dir='ltr'><strong>et</strong></span> <span class='ocrx_word' id='word_1_386' title='bbox 2978 3082 3425 3139; x_wconf 65' lang='lat' dir='ltr'><strong>Casarianorum.</strong></span> <span class='ocrx_word' id='word_1_387' title='bbox 3455 3086 3511 3133; x_wconf 84' lang='lat' dir='ltr'><strong>et</strong></span> 
     </span>
    </p>
   </div>
   <div class='ocr_carea' id='block_1_60' title="bbox 396 3169 1875 3260">
    <p class='ocr_par' dir='ltr' id='par_1_60' title="bbox 396 3174 1867 3246">
     <span class='ocr_line' id='line_1_60' title="bbox 396 3174 1867 3246; baseline 0.004 -22"><span class='ocrx_word' id='word_1_388' title='bbox 396 3190 417 3224; x_wconf 72' lang='grc' dir='ltr'><strong>ι</strong></span> <span class='ocrx_word' id='word_1_389' title='bbox 447 3174 648 3240; x_wconf 74' lang='grc' dir='ltr'>ὁμοίως</span> <span class='ocrx_word' id='word_1_390' title='bbox 669 3175 723 3227; x_wconf 74' lang='grc' dir='ltr'>δὲ</span> <span class='ocrx_word' id='word_1_391' title='bbox 757 3177 850 3228; x_wconf 81' lang='grc' dir='ltr'>καὶ</span> <span class='ocrx_word' id='word_1_392' title='bbox 871 3178 1276 3246; x_wconf 78' lang='grc' dir='ltr'>Καισαριανῶν,</span> <span class='ocrx_word' id='word_1_393' title='bbox 1307 3178 1441 3230; x_wconf 84' lang='grc' dir='ltr'><strong>ἀλλά</strong></span> <span class='ocrx_word' id='word_1_394' title='bbox 1484 3179 1577 3230; x_wconf 73' lang='grc' dir='ltr'>καὶ</span> <span class='ocrx_word' id='word_1_395' title='bbox 1615 3179 1723 3231; x_wconf 87' lang='grc' dir='ltr'><strong>τῶν</strong></span> <span class='ocrx_word' id='word_1_396' title='bbox 1760 3178 1867 3230; x_wconf 81' lang='grc' dir='ltr'>ἀπὸ</span> 
     </span>
    </p>
   </div>
   <div class='ocr_carea' id='block_1_61' title="bbox 1974 3169 3509 3260">
    <p class='ocr_par' dir='ltr' id='par_1_61' title="bbox 2045 3169 3509 3242">
     <span class='ocr_line' id='line_1_61' title="bbox 2045 3169 3509 3242; baseline -0.003 -17"><span class='ocrx_word' id='word_1_397' title='bbox 2045 3193 2064 3225; x_wconf 79' lang='grc' dir='ltr'><strong>ι</strong></span> <span class='ocrx_word' id='word_1_398' title='bbox 2099 3174 2259 3228; x_wconf 87' lang='lat' dir='ltr'><strong>etiam</strong></span> <span class='ocrx_word' id='word_1_399' title='bbox 2279 3173 2750 3242; x_wconf 84' lang='lat' dir='ltr'><strong>Tripolitanorum.</strong></span> <span class='ocrx_word' id='word_1_400' title='bbox 2782 3174 2853 3227; x_wconf 77' lang='lat' dir='ltr'><strong>lle</strong></span> <span class='ocrx_word' id='word_1_401' title='bbox 2873 3173 3215 3227; x_wconf 78' lang='lat' dir='ltr'><strong>exactoribus</strong></span> <span class='ocrx_word' id='word_1_402' title='bbox 3242 3169 3509 3225; x_wconf 66' lang='lat' dir='ltr'><strong>Ecclesiae.</strong></span> 
     </span>
    </p>
   </div>
   <div class='ocr_carea' id='block_1_62' title="bbox 397 3264 1861 3336">
    <p class='ocr_par' dir='ltr' id='par_1_62' title="bbox 397 3264 1861 3336">
     <span class='ocr_line' id='line_1_62' title="bbox 397 3264 1861 3336; baseline 0.006 -23"><span class='ocrx_word' id='word_1_403' title='bbox 397 3281 416 3313; x_wconf 76' lang='grc' dir='ltr'><strong>ι</strong></span> <span class='ocrx_word' id='word_1_404' title='bbox 454 3264 784 3331; x_wconf 83' lang='grc' dir='ltr'>Τριπόλεως.</span> <span class='ocrx_word' id='word_1_405' title='bbox 814 3267 947 3335; x_wconf 80' lang='grc' dir='ltr'>Περὶ</span> <span class='ocrx_word' id='word_1_406' title='bbox 980 3267 1321 3319; x_wconf 72' lang='grc' dir='ltr'>ἐκϐισαστῶν</span> <span class='ocrx_word' id='word_1_407' title='bbox 1345 3267 1445 3336; x_wconf 81' lang='grc' dir='ltr'>τῆς</span> <span class='ocrx_word' id='word_1_408' title='bbox 1519 3267 1861 3335; x_wconf 74' lang='grc' dir='ltr'>Ἐκκλησίας.</span> 
     </span>
    </p>
   </div>
   <div class='ocr_carea' id='block_1_63' title="bbox 398 3355 1868 3423">
    <p class='ocr_par' dir='ltr' id='par_1_63' title="bbox 398 3355 1868 3423">
     <span class='ocr_line' id='line_1_63' title="bbox 398 3355 1868 3423; baseline 0.003 -19"><span class='ocrx_word' id='word_1_409' title='bbox 398 3371 418 3403; x_wconf 75' lang='grc' dir='ltr'><strong>ι</strong></span> <span class='ocrx_word' id='word_1_410' title='bbox 462 3355 697 3421; x_wconf 82' lang='grc' dir='ltr'>Ἤρεσεν</span> <span class='ocrx_word' id='word_1_411' title='bbox 726 3356 861 3423; x_wconf 73' lang='grc' dir='ltr'>πρὸς</span> <span class='ocrx_word' id='word_1_412' title='bbox 884 3355 1113 3419; x_wconf 83' lang='grc' dir='ltr'>τούτοις,</span> <span class='ocrx_word' id='word_1_413' title='bbox 1132 3356 1271 3409; x_wconf 79' lang='grc' dir='ltr'>ὥστε</span> <span class='ocrx_word' id='word_1_414' title='bbox 1288 3356 1617 3418; x_wconf 75' lang='grc' dir='ltr'>ἐκδιδαστάς</span> <span class='ocrx_word' id='word_1_415' title='bbox 1648 3357 1702 3409; x_wconf 76' lang='grc' dir='ltr'><strong>ἐν</strong></span> <span class='ocrx_word' id='word_1_416' title='bbox 1732 3358 1868 3409; x_wconf 77' lang='grc' dir='ltr'>πᾶσι</span> 
     </span>
    </p>
   </div>
   <div class='ocr_carea' id='block_1_64' title="bbox 398 3446 1868 3516">
    <p class='ocr_par' dir='ltr' id='par_1_64' title="bbox 398 3446 1868 3516">
     <span class='ocr_line' id='line_1_64' title="bbox 398 3446 1868 3516; baseline 0.003 -21"><span class='ocrx_word' id='word_1_417' title='bbox 398 3464 417 3495; x_wconf 78' lang='grc' dir='ltr'><strong>ι</strong></span> <span class='ocrx_word' id='word_1_418' title='bbox 454 3447 563 3505; x_wconf 78' lang='grc' dir='ltr'>τοῖς</span> <span class='ocrx_word' id='word_1_419' title='bbox 587 3446 684 3513; x_wconf 82' lang='grc' dir='ltr'>τῆς</span> <span class='ocrx_word' id='word_1_420' title='bbox 706 3446 1031 3515; x_wconf 79' lang='grc' dir='ltr'>Ἐκκλησίας</span> <span class='ocrx_word' id='word_1_421' title='bbox 1048 3446 1329 3516; x_wconf 77' lang='grc' dir='ltr'>χρειώδεσι</span> <span class='ocrx_word' id='word_1_422' title='bbox 1358 3448 1520 3498; x_wconf 87' lang='grc' dir='ltr'>πέντε</span> <span class='ocrx_word' id='word_1_423' title='bbox 1550 3446 1868 3515; x_wconf 83' lang='grc' dir='ltr'>ἐπιλεγῆναι</span> 
     </span>
    </p>
   </div>
   <div class='ocr_carea' id='block_1_65' title="bbox 392 3534 1871 3605">
    <p class='ocr_par' dir='ltr' id='par_1_65' title="bbox 392 3534 1871 3605">
     <span class='ocr_line' id='line_1_65' title="bbox 392 3534 1871 3605; baseline 0.003 -22"><span class='ocrx_word' id='word_1_424' title='bbox 392 3552 409 3583; x_wconf 79' lang='grc' dir='ltr'><strong>ι</strong></span> <span class='ocrx_word' id='word_1_425' title='bbox 453 3534 760 3601; x_wconf 83' lang='grc' dir='ltr'>αίτηθῆναι,</span> <span class='ocrx_word' id='word_1_426' title='bbox 811 3536 1009 3596; x_wconf 67' lang='grc' dir='ltr'>οἵτινες</span> <span class='ocrx_word' id='word_1_427' title='bbox 1043 3538 1101 3587; x_wconf 86' lang='grc' dir='ltr'><strong>ἐν</strong></span> <span class='ocrx_word' id='word_1_428' title='bbox 1151 3537 1271 3597; x_wconf 80' lang='grc' dir='ltr'>ταῖς</span> <span class='ocrx_word' id='word_1_429' title='bbox 1316 3536 1590 3604; x_wconf 78' lang='grc' dir='ltr'>διαφόροις</span> <span class='ocrx_word' id='word_1_430' title='bbox 1620 3536 1871 3605; x_wconf 80' lang='grc' dir='ltr'>ἐπιμερι-</span> 
     </span>
    </p>
   </div>
   <div class='ocr_carea' id='block_1_66' title="bbox 404 3625 1127 3693">
    <p class='ocr_par' dir='ltr' id='par_1_66' title="bbox 404 3625 1127 3693">
     <span class='ocr_line' id='line_1_66' title="bbox 404 3625 1127 3693; baseline 0.004 -20"><span class='ocrx_word' id='word_1_431' title='bbox 404 3642 423 3673; x_wconf 78' lang='grc' dir='ltr'><strong>ι</strong></span> <span class='ocrx_word' id='word_1_432' title='bbox 456 3625 741 3692; x_wconf 83' lang='grc' dir='ltr'>σθήσονται</span> <span class='ocrx_word' id='word_1_433' title='bbox 774 3626 1084 3693; x_wconf 76' lang='grc' dir='ltr'>ἐπαρχίαις.</span> <span class='ocrx_word' id='word_1_434' title='bbox 1110 3643 1127 3676; x_wconf 76' lang='grc' dir='ltr'><strong>ι</strong></span> 
     </span>
    </p>
   </div>
   <div class='ocr_carea' id='block_1_67' title="bbox 383 3714 1874 3784">
    <p class='ocr_par' dir='ltr' id='par_1_67' title="bbox 383 3714 1874 3784">
     <span class='ocr_line' id='line_1_67' title="bbox 383 3714 1874 3784; baseline 0.002 -19"><span class='ocrx_word' id='word_1_435' title='bbox 383 3714 576 3768; x_wconf 78' lang='grc' dir='ltr'><strong>ΒΑΛΣ.</strong></span> <span class='ocrx_word' id='word_1_436' title='bbox 603 3714 683 3766; x_wconf 78' lang='grc' dir='ltr'><strong>Τὰ</strong></span> <span class='ocrx_word' id='word_1_437' title='bbox 714 3715 815 3782; x_wconf 81' lang='grc' dir='ltr'><strong>μὲν</strong></span> <span class='ocrx_word' id='word_1_438' title='bbox 844 3714 973 3767; x_wconf 80' lang='grc' dir='ltr'>ἀλλα</span> <span class='ocrx_word' id='word_1_439' title='bbox 1007 3714 1100 3767; x_wconf 81' lang='grc' dir='ltr'><strong>τοῦ</strong></span> <span class='ocrx_word' id='word_1_440' title='bbox 1139 3716 1406 3784; x_wconf 87' lang='grc' dir='ltr'>παρόντος</span> <span class='ocrx_word' id='word_1_441' title='bbox 1455 3716 1675 3779; x_wconf 79' lang='grc' dir='ltr'>κανόνος</span> <span class='ocrx_word' id='word_1_442' title='bbox 1732 3716 1874 3769; x_wconf 77' lang='grc' dir='ltr'>εἰσὶν</span> 
     </span>
    </p>
   </div>
   <div class='ocr_carea' id='block_1_68' title="bbox 321 3804 1868 3877">
    <p class='ocr_par' dir='ltr' id='par_1_68' title="bbox 321 3804 1868 3877">
     <span class='ocr_line' id='line_1_68' title="bbox 321 3804 1868 3877; baseline 0.003 -22"><span class='ocrx_word' id='word_1_443' title='bbox 321 3804 647 3877; x_wconf 73' lang='grc' dir='ltr'>ἀλυσιτελῆο</span> <span class='ocrx_word' id='word_1_444' title='bbox 692 3804 722 3856; x_wconf 82' lang='grc' dir='ltr'><strong>δ</strong></span> <span class='ocrx_word' id='word_1_445' title='bbox 784 3804 839 3855; x_wconf 81' lang='grc' dir='ltr'><strong>δέ</strong></span> <span class='ocrx_word' id='word_1_446' title='bbox 863 3821 995 3875; x_wconf 86' lang='grc' dir='ltr'>φησι</span> <span class='ocrx_word' id='word_1_447' title='bbox 1064 3806 1193 3871; x_wconf 74' lang='grc' dir='ltr'>περὶ</span> <span class='ocrx_word' id='word_1_448' title='bbox 1244 3807 1537 3876; x_wconf 83' lang='grc' dir='ltr'>αίρετικῶν</span> <span class='ocrx_word' id='word_1_449' title='bbox 1581 3808 1868 3873; x_wconf 82' lang='grc' dir='ltr'>δικαστῶν,</span> 
     </span>
    </p>
   </div>
   <div class='ocr_carea' id='block_1_69' title="bbox 318 3893 1872 3969">
    <p class='ocr_par' dir='ltr' id='par_1_69' title="bbox 318 3893 1872 3969">
     <span class='ocr_line' id='line_1_69' title="bbox 318 3893 1872 3969; baseline 0.004 -23"><span class='ocrx_word' id='word_1_450' title='bbox 318 3893 556 3946; x_wconf 76' lang='grc' dir='ltr'>τοιοῦτόν</span> <span class='ocrx_word' id='word_1_451' title='bbox 637 3897 805 3948; x_wconf 88' lang='grc' dir='ltr'>ἐστιν.</span> <span class='ocrx_word' id='word_1_452' title='bbox 859 3895 1134 3964; x_wconf 72' lang='grc' dir='ltr'>Αίρετικοί</span> <span class='ocrx_word' id='word_1_453' title='bbox 1195 3897 1333 3949; x_wconf 74' lang='grc' dir='ltr'>εἰσιν</span> <span class='ocrx_word' id='word_1_454' title='bbox 1360 3934 1377 3961; x_wconf 85' lang='grc'><strong>,</strong></span> <span class='ocrx_word' id='word_1_455' title='bbox 1416 3897 1468 3949; x_wconf 79' lang='grc' dir='ltr'>οἳ</span> <span class='ocrx_word' id='word_1_456' title='bbox 1524 3899 1618 3951; x_wconf 73' lang='grc' dir='ltr'>καὶ</span> <span class='ocrx_word' id='word_1_457' title='bbox 1668 3900 1872 3969; x_wconf 75' lang='grc' dir='ltr'>αἱρετοὶ</span> 
     </span>
    </p>
   </div>
   <div class='ocr_carea' id='block_1_70' title="bbox 317 3982 1873 4055">
    <p class='ocr_par' dir='ltr' id='par_1_70' title="bbox 317 3982 1873 4055">
     <span class='ocr_line' id='line_1_70' title="bbox 317 3982 1873 4055; baseline 0.004 -21"><span class='ocrx_word' id='word_1_458' title='bbox 317 3982 576 4035; x_wconf 79' lang='grc' dir='ltr'>δικασταὶ</span> <span class='ocrx_word' id='word_1_459' title='bbox 605 3983 878 4052; x_wconf 84' lang='grc' dir='ltr'>λέγονται,</span> <span class='ocrx_word' id='word_1_460' title='bbox 925 3985 974 4037; x_wconf 88' lang='grc' dir='ltr'>οἱ</span> <span class='ocrx_word' id='word_1_461' title='bbox 1008 3986 1145 4038; x_wconf 79' lang='grc' dir='ltr'>κατὰ</span> <span class='ocrx_word' id='word_1_462' title='bbox 1176 3986 1393 4055; x_wconf 86' lang='grc' dir='ltr'>θέλησιν</span> <span class='ocrx_word' id='word_1_463' title='bbox 1424 3986 1736 4052; x_wconf 81' lang='grc' dir='ltr'>δικάζοντες</span> <span class='ocrx_word' id='word_1_464' title='bbox 1764 3990 1873 4041; x_wconf 90' lang='grc' dir='ltr'><strong>τῶν</strong></span> 
     </span>
    </p>
   </div>
   <div class='ocr_carea' id='block_1_71' title="bbox 318 4071 1870 4149">
    <p class='ocr_par' dir='ltr' id='par_1_71' title="bbox 318 4071 1870 4149">
     <span class='ocr_line' id='line_1_71' title="bbox 318 4071 1870 4149; baseline 0.006 -24"><span class='ocrx_word' id='word_1_465' title='bbox 318 4073 715 4141; x_wconf 75' lang='grc' dir='ltr'>δικαζομένων.</span> <span class='ocrx_word' id='word_1_466' title='bbox 747 4076 915 4141; x_wconf 76' lang='grc' dir='ltr'>Φησὶν</span> <span class='ocrx_word' id='word_1_467' title='bbox 947 4071 1041 4129; x_wconf 77' lang='grc' dir='ltr'>οὖν</span> <span class='ocrx_word' id='word_1_468' title='bbox 1073 4077 1101 4127; x_wconf 84' lang='grc' dir='ltr'><strong>ό</strong></span> <span class='ocrx_word' id='word_1_469' title='bbox 1132 4075 1312 4129; x_wconf 84' lang='grc' dir='ltr'>κανὼν</span> <span class='ocrx_word' id='word_1_470' title='bbox 1336 4076 1437 4140; x_wconf 80' lang='grc' dir='ltr'>ὅτι,</span> <span class='ocrx_word' id='word_1_471' title='bbox 1468 4078 1561 4130; x_wconf 76' lang='grc' dir='ltr'>ἐὰν</span> <span class='ocrx_word' id='word_1_472' title='bbox 1586 4078 1745 4149; x_wconf 81' lang='grc' dir='ltr'>κριθῇ</span> <span class='ocrx_word' id='word_1_473' title='bbox 1764 4096 1870 4147; x_wconf 68' lang='grc' dir='ltr'>τις,</span> 
     </span>
    </p>
   </div>
   <div class='ocr_carea' id='block_1_72' title="bbox 324 4162 1875 4235">
    <p class='ocr_par' dir='ltr' id='par_1_72' title="bbox 324 4162 1875 4235">
     <span class='ocr_line' id='line_1_72' title="bbox 324 4162 1875 4235; baseline 0.005 -22"><span class='ocrx_word' id='word_1_474' title='bbox 324 4164 415 4213; x_wconf 78' lang='grc' dir='ltr'>καὶ</span> <span class='ocrx_word' id='word_1_475' title='bbox 451 4162 887 4230; x_wconf 72' lang='grc' dir='ltr'>ἐκκαλεσάμενος</span> <span class='ocrx_word' id='word_1_476' title='bbox 918 4163 1110 4231; x_wconf 64' lang='grc' dir='ltr'>ἕληται</span> <span class='ocrx_word' id='word_1_477' title='bbox 1141 4163 1292 4233; x_wconf 84' lang='grc' dir='ltr'><strong>παρά</strong></span> <span class='ocrx_word' id='word_1_478' title='bbox 1313 4164 1453 4233; x_wconf 72' lang='grc' dir='ltr'>τῷδέ</span> <span class='ocrx_word' id='word_1_479' title='bbox 1482 4183 1589 4219; x_wconf 88' lang='grc' dir='ltr'>τινι</span> <span class='ocrx_word' id='word_1_480' title='bbox 1635 4166 1713 4235; x_wconf 82' lang='grc' dir='ltr'>τῷ</span> <span class='ocrx_word' id='word_1_481' title='bbox 1754 4170 1875 4220; x_wconf 87' lang='grc' dir='ltr'>ἐπι-</span> 
     </span>
    </p>
   </div>
   <div class='ocr_carea' id='block_1_73' title="bbox 322 4247 1871 4319">
    <p class='ocr_par' dir='ltr' id='par_1_73' title="bbox 322 4247 1871 4319">
     <span class='ocr_line' id='line_1_73' title="bbox 322 4247 1871 4319; baseline 0.006 -22"><span class='ocrx_word' id='word_1_482' title='bbox 322 4248 508 4314; x_wconf 84' lang='grc' dir='ltr'>σκόπῳ</span> <span class='ocrx_word' id='word_1_483' title='bbox 541 4247 609 4298; x_wconf 81' lang='grc' dir='ltr'>τὰ</span> <span class='ocrx_word' id='word_1_484' title='bbox 631 4251 728 4316; x_wconf 76' lang='grc' dir='ltr'>τῆς</span> <span class='ocrx_word' id='word_1_485' title='bbox 761 4250 1024 4318; x_wconf 81' lang='grc' dir='ltr'>ἐκκλήτου</span> <span class='ocrx_word' id='word_1_486' title='bbox 1049 4254 1351 4319; x_wconf 84' lang='grc' dir='ltr'>γυμνάσαι,</span> <span class='ocrx_word' id='word_1_487' title='bbox 1396 4254 1490 4305; x_wconf 81' lang='grc' dir='ltr'>καὶ</span> <span class='ocrx_word' id='word_1_488' title='bbox 1510 4253 1630 4307; x_wconf 80' lang='grc' dir='ltr'><strong>ούδέ</strong></span> <span class='ocrx_word' id='word_1_489' title='bbox 1664 4256 1692 4306; x_wconf 84' lang='grc' dir='ltr'><strong>ό</strong></span> <span class='ocrx_word' id='word_1_490' title='bbox 1724 4254 1871 4307; x_wconf 77' lang='grc' dir='ltr'>ἀντί-</span> 
     </span>
    </p>
   </div>
   <div class='ocr_carea' id='block_1_74' title="bbox 319 4336 1875 4409">
    <p class='ocr_par' dir='ltr' id='par_1_74' title="bbox 319 4336 1875 4409">
     <span class='ocr_line' id='line_1_74' title="bbox 319 4336 1875 4409; baseline 0.003 -21"><span class='ocrx_word' id='word_1_491' title='bbox 319 4336 467 4399; x_wconf 80' lang='grc' dir='ltr'>δικος</span> <span class='ocrx_word' id='word_1_492' title='bbox 522 4337 658 4404; x_wconf 75' lang='grc' dir='ltr'>πρὸς</span> <span class='ocrx_word' id='word_1_493' title='bbox 688 4337 848 4391; x_wconf 82' lang='grc' dir='ltr'>τοῦτο</span> <span class='ocrx_word' id='word_1_494' title='bbox 882 4339 1171 4409; x_wconf 79' lang='grc' dir='ltr'>ἀντιπέσῃ,</span> <span class='ocrx_word' id='word_1_495' title='bbox 1202 4340 1381 4393; x_wconf 75' lang='grc' dir='ltr'>οὐδενὶ</span> <span class='ocrx_word' id='word_1_496' title='bbox 1411 4341 1615 4394; x_wconf 89' lang='grc' dir='ltr'>τούτων</span> <span class='ocrx_word' id='word_1_497' title='bbox 1639 4342 1733 4394; x_wconf 77' lang='grc' dir='ltr'>τοῦ</span> <span class='ocrx_word' id='word_1_498' title='bbox 1763 4343 1875 4394; x_wconf 89' lang='grc' dir='ltr'>λοι-</span> 
     </span>
    </p>
   </div>
   <div class='ocr_carea' id='block_1_75' title="bbox 323 4427 1875 4499">
    <p class='ocr_par' dir='ltr' id='par_1_75' title="bbox 323 4427 1875 4499">
     <span class='ocr_line' id='line_1_75' title="bbox 323 4427 1875 4499; baseline 0.005 -22"><span class='ocrx_word' id='word_1_499' title='bbox 323 4428 422 4478; x_wconf 75' lang='grc' dir='ltr'>ποῦ</span> <span class='ocrx_word' id='word_1_500' title='bbox 472 4427 1070 4493; x_wconf 25' lang='grc' dir='ltr'>ἐξέσταιλέκκαλεῖσθαι</span> <span class='ocrx_word' id='word_1_501' title='bbox 1102 4430 1243 4482; x_wconf 82' lang='grc' dir='ltr'><strong>κατά</strong></span> <span class='ocrx_word' id='word_1_502' title='bbox 1274 4430 1372 4497; x_wconf 88' lang='grc' dir='ltr'>τῆς</span> <span class='ocrx_word' id='word_1_503' title='bbox 1431 4431 1760 4499; x_wconf 80' lang='grc' dir='ltr'>ἀποφάσεως</span> <span class='ocrx_word' id='word_1_504' title='bbox 1783 4432 1875 4484; x_wconf 78' lang='grc' dir='ltr'>τοῦ</span> 
     </span>
    </p>
   </div>
   <div class='ocr_carea' id='block_1_76' title="bbox 2041 3262 3512 3333">
    <p class='ocr_par' dir='ltr' id='par_1_76' title="bbox 2041 3262 3512 3333">
     <span class='ocr_line' id='line_1_76' title="bbox 2041 3262 3512 3333; baseline -0.001 -17"><span class='ocrx_word' id='word_1_505' title='bbox 2041 3284 2058 3316; x_wconf 80' lang='grc' dir='ltr'><strong>ι</strong></span> <span class='ocrx_word' id='word_1_506' title='bbox 2113 3265 2321 3319; x_wconf 85' lang='lat' dir='ltr'><strong>Placuit</strong></span> <span class='ocrx_word' id='word_1_507' title='bbox 2353 3278 2631 3333; x_wconf 54' lang='lat' dir='ltr'><strong>praeterea,</strong></span> <span class='ocrx_word' id='word_1_508' title='bbox 2687 3275 2748 3319; x_wconf 92' lang='lat' dir='ltr'><strong>ut</strong></span> <span class='ocrx_word' id='word_1_509' title='bbox 2799 3274 3085 3319; x_wconf 80' lang='lat' dir='ltr'><strong>exactores</strong></span> <span class='ocrx_word' id='word_1_510' title='bbox 3136 3264 3193 3318; x_wconf 90' lang='lat' dir='ltr'><strong>in</strong></span> <span class='ocrx_word' id='word_1_511' title='bbox 3242 3262 3512 3325; x_wconf 87' lang='lat' dir='ltr'><strong>omnibus,</strong></span> 
     </span>
    </p>
   </div>
   <div class='ocr_carea' id='block_1_77' title="bbox 2047 3350 3512 3424">
    <p class='ocr_par' dir='ltr' id='par_1_77' title="bbox 2047 3350 3512 3424">
     <span class='ocr_line' id='line_1_77' title="bbox 2047 3350 3512 3424; baseline -0.005 -14"><span class='ocrx_word' id='word_1_512' title='bbox 2047 3371 2065 3403; x_wconf 73' lang='grc' dir='ltr'><strong><em>ο</em></strong></span> <span class='ocrx_word' id='word_1_513' title='bbox 2106 3370 2226 3424; x_wconf 69' lang='lat' dir='ltr'><strong>qua:</strong></span> <span class='ocrx_word' id='word_1_514' title='bbox 2267 3355 2464 3410; x_wconf 77' lang='lat' dir='ltr'><strong>fuerint</strong></span> <span class='ocrx_word' id='word_1_515' title='bbox 2496 3354 2745 3409; x_wconf 68' lang='lat' dir='ltr'><strong>Ecclesia:</strong></span> <span class='ocrx_word' id='word_1_516' title='bbox 2779 3353 3105 3417; x_wconf 87' lang='lat' dir='ltr'><strong>necessaria,</strong></span> <span class='ocrx_word' id='word_1_517' title='bbox 3132 3353 3367 3422; x_wconf 88' lang='lat' dir='ltr'><strong>quinque</strong></span> <span class='ocrx_word' id='word_1_518' title='bbox 3394 3350 3512 3419; x_wconf 76' lang='lat' dir='ltr'><strong>eligi</strong></span> 
     </span>
    </p>
   </div>
   <div class='ocr_carea' id='block_1_78' title="bbox 2045 3442 3506 3514">
    <p class='ocr_par' dir='ltr' id='par_1_78' title="bbox 2045 3442 3506 3514">
     <span class='ocr_line' id='line_1_78' title="bbox 2045 3442 3506 3514; baseline -0.003 -19"><span class='ocrx_word' id='word_1_519' title='bbox 2045 3463 2061 3495; x_wconf 79' lang='grc' dir='ltr'><strong>ι</strong></span> <span class='ocrx_word' id='word_1_520' title='bbox 2100 3455 2368 3514; x_wconf 78' lang='lat' dir='ltr'><strong>petantur,</strong></span> <span class='ocrx_word' id='word_1_521' title='bbox 2389 3444 2551 3513; x_wconf 87' lang='lat' dir='ltr'><strong>quiin</strong></span> <span class='ocrx_word' id='word_1_522' title='bbox 2583 3444 2803 3498; x_wconf 79' lang='lat' dir='ltr'><strong>diversis</strong></span> <span class='ocrx_word' id='word_1_523' title='bbox 2827 3443 3115 3513; x_wconf 85' lang='lat' dir='ltr'><strong>provinciis</strong></span> <span class='ocrx_word' id='word_1_524' title='bbox 3133 3442 3453 3495; x_wconf 88' lang='lat' dir='ltr'><strong>dividantur.</strong></span> <span class='ocrx_word' id='word_1_525' title='bbox 3489 3457 3506 3489; x_wconf 76' lang='grc' dir='ltr'><strong>ι</strong></span> 
     </span>
    </p>
   </div>
   <div class='ocr_carea' id='block_1_79' title="bbox 2036 3716 3519 3784">
    <p class='ocr_par' dir='ltr' id='par_1_79' title="bbox 2036 3716 3519 3784">
     <span class='ocr_line' id='line_1_79' title="bbox 2036 3716 3519 3784; baseline 0.001 -13"><span class='ocrx_word' id='word_1_526' title='bbox 2036 3716 2227 3774; x_wconf 83' lang='lat' dir='ltr'><strong>BALS.</strong></span> <span class='ocrx_word' id='word_1_527' title='bbox 2280 3717 2393 3771; x_wconf 78' lang='lat' dir='ltr'><strong>Alia</strong></span> <span class='ocrx_word' id='word_1_528' title='bbox 2467 3717 2677 3784; x_wconf 84' lang='lat' dir='ltr'><strong>quidem</strong></span> <span class='ocrx_word' id='word_1_529' title='bbox 2750 3718 3029 3784; x_wconf 72' lang='lat' dir='ltr'><strong>prmsentis</strong></span> <span class='ocrx_word' id='word_1_530' title='bbox 3102 3719 3325 3773; x_wconf 86' lang='lat' dir='ltr'><strong>canonis</strong></span> <span class='ocrx_word' id='word_1_531' title='bbox 3394 3728 3519 3772; x_wconf 89' lang='lat' dir='ltr'><strong>sunt</strong></span> 
     </span>
    </p>
   </div>
   <div class='ocr_carea' id='block_1_80' title="bbox 1974 3806 3515 3877">
    <p class='ocr_par' dir='ltr' id='par_1_80' title="bbox 1974 3806 3515 3877">
     <span class='ocr_line' id='line_1_80' title="bbox 1974 3806 3515 3877; baseline -0.001 -15"><span class='ocrx_word' id='word_1_532' title='bbox 1974 3809 2179 3863; x_wconf 90' lang='lat' dir='ltr'><strong>inutilia</strong></span> <span class='ocrx_word' id='word_1_533' title='bbox 2228 3824 2241 3860; x_wconf 90' lang='lat'><strong>:</strong></span> <span class='ocrx_word' id='word_1_534' title='bbox 2285 3806 2425 3877; x_wconf 90' lang='lat' dir='ltr'><strong>quod</strong></span> <span class='ocrx_word' id='word_1_535' title='bbox 2461 3818 2634 3860; x_wconf 88' lang='lat' dir='ltr'><strong>autem</strong></span> <span class='ocrx_word' id='word_1_536' title='bbox 2684 3807 2811 3861; x_wconf 85' lang='lat' dir='ltr'><strong>dicit</strong></span> <span class='ocrx_word' id='word_1_537' title='bbox 2836 3807 2903 3861; x_wconf 90' lang='lat' dir='ltr'><strong>de</strong></span> <span class='ocrx_word' id='word_1_538' title='bbox 2932 3807 3182 3861; x_wconf 87' lang='lat' dir='ltr'><strong>electitiis</strong></span> <span class='ocrx_word' id='word_1_539' title='bbox 3219 3807 3515 3872; x_wconf 86' lang='lat' dir='ltr'><strong>judicibus.</strong></span> 
     </span>
    </p>
   </div>
   <div class='ocr_carea' id='block_1_81' title="bbox 1971 3896 3516 3967">
    <p class='ocr_par' dir='ltr' id='par_1_81' title="bbox 1971 3896 3516 3967">
     <span class='ocr_line' id='line_1_81' title="bbox 1971 3896 3516 3967; baseline -0.001 -15"><span class='ocrx_word' id='word_1_540' title='bbox 1971 3908 2055 3953; x_wconf 82' lang='lat' dir='ltr'><strong>est</strong></span> <span class='ocrx_word' id='word_1_541' title='bbox 2107 3898 2384 3967; x_wconf 69' lang='lat' dir='ltr'><strong>eiusmodi.</strong></span> <span class='ocrx_word' id='word_1_542' title='bbox 2449 3897 2676 3951; x_wconf 82' lang='lat' dir='ltr'><strong>Electitii</strong></span> <span class='ocrx_word' id='word_1_543' title='bbox 2739 3905 2865 3952; x_wconf 90' lang='lat' dir='ltr'><strong>sunt</strong></span> <span class='ocrx_word' id='word_1_544' title='bbox 2913 3896 3145 3965; x_wconf 75' lang='lat' dir='ltr'><strong>iudices,</strong></span> <span class='ocrx_word' id='word_1_545' title='bbox 3212 3899 3299 3966; x_wconf 86' lang='lat' dir='ltr'><strong>qui</strong></span> <span class='ocrx_word' id='word_1_546' title='bbox 3356 3899 3516 3952; x_wconf 88' lang='lat' dir='ltr'><strong>etiam</strong></span> 
     </span>
    </p>
   </div>
   <div class='ocr_carea' id='block_1_82' title="bbox 1974 3987 3522 4058">
    <p class='ocr_par' dir='ltr' id='par_1_82' title="bbox 1974 3987 3522 4058">
     <span class='ocr_line' id='line_1_82' title="bbox 1974 3987 3522 4058; baseline -0.005 -15"><span class='ocrx_word' id='word_1_547' title='bbox 1974 3989 2127 4044; x_wconf 90' lang='lat' dir='ltr'><strong>electi</strong></span> <span class='ocrx_word' id='word_1_548' title='bbox 2177 3989 2448 4050; x_wconf 90' lang='lat' dir='ltr'><strong>dicuntur,</strong></span> <span class='ocrx_word' id='word_1_549' title='bbox 2496 3989 2585 4058; x_wconf 85' lang='lat' dir='ltr'><strong>qui</strong></span> <span class='ocrx_word' id='word_1_550' title='bbox 2616 4003 2679 4041; x_wconf 80' lang='lat' dir='ltr'><strong>ex</strong></span> <span class='ocrx_word' id='word_1_551' title='bbox 2714 3988 3035 4057; x_wconf 82' lang='lat' dir='ltr'><strong>litigantium</strong></span> <span class='ocrx_word' id='word_1_552' title='bbox 3081 3987 3351 4042; x_wconf 86' lang='lat' dir='ltr'><strong>voluntate</strong></span> <span class='ocrx_word' id='word_1_553' title='bbox 3381 3988 3522 4057; x_wconf 85' lang='lat' dir='ltr'><strong>judi-</strong></span> 
     </span>
    </p>
   </div>
   <div class='ocr_carea' id='block_1_83' title="bbox 1974 4076 3520 4147">
    <p class='ocr_par' dir='ltr' id='par_1_83' title="bbox 1974 4076 3520 4147">
     <span class='ocr_line' id='line_1_83' title="bbox 1974 4076 3520 4147; baseline -0.003 -15"><span class='ocrx_word' id='word_1_554' title='bbox 1974 4087 2117 4133; x_wconf 90' lang='lat' dir='ltr'><strong>cant.</strong></span> <span class='ocrx_word' id='word_1_555' title='bbox 2154 4076 2292 4132; x_wconf 90' lang='lat' dir='ltr'><strong>Dicit</strong></span> <span class='ocrx_word' id='word_1_556' title='bbox 2324 4093 2453 4147; x_wconf 72' lang='lat' dir='ltr'><strong>ergo</strong></span> <span class='ocrx_word' id='word_1_557' title='bbox 2481 4093 2675 4142; x_wconf 87' lang='lat' dir='ltr'><strong>canon,</strong></span> <span class='ocrx_word' id='word_1_558' title='bbox 2710 4077 2850 4147; x_wconf 86' lang='lat' dir='ltr'><strong>quod</strong></span> <span class='ocrx_word' id='word_1_559' title='bbox 2882 4078 2926 4129; x_wconf 90' lang='lat' dir='ltr'><strong>si</strong></span> <span class='ocrx_word' id='word_1_560' title='bbox 2978 4077 3098 4146; x_wconf 90' lang='lat' dir='ltr'><strong>quis</strong></span> <span class='ocrx_word' id='word_1_561' title='bbox 3135 4076 3294 4131; x_wconf 76' lang='lat' dir='ltr'><strong>fuerit</strong></span> <span class='ocrx_word' id='word_1_562' title='bbox 3316 4077 3520 4143; x_wconf 83' lang='lat' dir='ltr'><strong>judica-</strong></span> 
     </span>
    </p>
   </div>
   <div class='ocr_carea' id='block_1_84' title="bbox 1974 4165 3522 4237">
    <p class='ocr_par' dir='ltr' id='par_1_84' title="bbox 1974 4165 3522 4237">
     <span class='ocr_line' id='line_1_84' title="bbox 1974 4165 3522 4237; baseline -0.004 -14"><span class='ocrx_word' id='word_1_563' title='bbox 1974 4178 2081 4226; x_wconf 89' lang='lat' dir='ltr'><strong>tus.</strong></span> <span class='ocrx_word' id='word_1_564' title='bbox 2130 4178 2185 4223; x_wconf 90' lang='lat' dir='ltr'><strong>et</strong></span> <span class='ocrx_word' id='word_1_565' title='bbox 2212 4184 2333 4222; x_wconf 87' lang='lat' dir='ltr'><strong>eum</strong></span> <span class='ocrx_word' id='word_1_566' title='bbox 2365 4167 2731 4237; x_wconf 85' lang='lat' dir='ltr'><strong>appellaverit,</strong></span> <span class='ocrx_word' id='word_1_567' title='bbox 2765 4167 2990 4221; x_wconf 89' lang='lat' dir='ltr'><strong>voluerit</strong></span> <span class='ocrx_word' id='word_1_568' title='bbox 3025 4168 3091 4221; x_wconf 88' lang='lat' dir='ltr'><strong>ab</strong></span> <span class='ocrx_word' id='word_1_569' title='bbox 3120 4166 3241 4230; x_wconf 80' lang='lat' dir='ltr'><strong>hoc,</strong></span> <span class='ocrx_word' id='word_1_570' title='bbox 3277 4165 3522 4236; x_wconf 75' lang='lat' dir='ltr'><strong>quisquis</strong></span> 
     </span>
    </p>
   </div>
   <div class='ocr_carea' id='block_1_85' title="bbox 1974 4254 3526 4326">
    <p class='ocr_par' dir='ltr' id='par_1_85' title="bbox 1974 4254 3526 4326">
     <span class='ocr_line' id='line_1_85' title="bbox 1974 4254 3526 4326; baseline -0.003 -13"><span class='ocrx_word' id='word_1_571' title='bbox 1974 4260 2021 4313; x_wconf 90' lang='lat' dir='ltr'><strong>is</strong></span> <span class='ocrx_word' id='word_1_572' title='bbox 2073 4259 2165 4323; x_wconf 87' lang='lat' dir='ltr'><strong>sit,</strong></span> <span class='ocrx_word' id='word_1_573' title='bbox 2212 4258 2464 4325; x_wconf 87' lang='lat' dir='ltr'><strong>episcopo</strong></span> <span class='ocrx_word' id='word_1_574' title='bbox 2506 4257 2572 4311; x_wconf 91' lang='lat' dir='ltr'><strong>de</strong></span> <span class='ocrx_word' id='word_1_575' title='bbox 2607 4271 2701 4310; x_wconf 89' lang='lat' dir='ltr'><strong>sua</strong></span> <span class='ocrx_word' id='word_1_576' title='bbox 2757 4254 3113 4322; x_wconf 84' lang='lat' dir='ltr'><strong>appellatione</strong></span> <span class='ocrx_word' id='word_1_577' title='bbox 3155 4255 3425 4326; x_wconf 80' lang='lat' dir='ltr'><strong>cognosci,</strong></span> <span class='ocrx_word' id='word_1_578' title='bbox 3470 4264 3526 4309; x_wconf 89' lang='lat' dir='ltr'><strong>et</strong></span> 
     </span>
    </p>
   </div>
   <div class='ocr_carea' id='block_1_86' title="bbox 1977 4347 3523 4413">
    <p class='ocr_par' dir='ltr' id='par_1_86' title="bbox 1977 4347 3523 4413">
     <span class='ocr_line' id='line_1_86' title="bbox 1977 4347 3523 4413; baseline -0.003 -7"><span class='ocrx_word' id='word_1_579' title='bbox 1977 4366 2076 4406; x_wconf 88' lang='lat' dir='ltr'><strong>nec</strong></span> <span class='ocrx_word' id='word_1_580' title='bbox 2105 4350 2448 4404; x_wconf 86' lang='lat' dir='ltr'><strong>adversarius</strong></span> <span class='ocrx_word' id='word_1_581' title='bbox 2485 4348 2533 4402; x_wconf 92' lang='lat' dir='ltr'><strong>ei</strong></span> <span class='ocrx_word' id='word_1_582' title='bbox 2566 4348 2967 4413; x_wconf 75' lang='lat' dir='ltr'><strong>contradixerit,</strong></span> <span class='ocrx_word' id='word_1_583' title='bbox 2997 4347 3122 4402; x_wconf 92' lang='lat' dir='ltr'><strong>nulli</strong></span> <span class='ocrx_word' id='word_1_584' title='bbox 3154 4363 3336 4402; x_wconf 89' lang='lat' dir='ltr'><strong>eorum</strong></span> <span class='ocrx_word' id='word_1_585' title='bbox 3368 4348 3523 4401; x_wconf 82' lang='lat' dir='ltr'><strong>dein-</strong></span> 
     </span>
    </p>
   </div>
   <div class='ocr_carea' id='block_1_87' title="bbox 1978 4437 3527 4509">
    <p class='ocr_par' dir='ltr' id='par_1_87' title="bbox 1978 4437 3527 4509">
     <span class='ocr_line' id='line_1_87' title="bbox 1978 4437 3527 4509; baseline 0 -16"><span class='ocrx_word' id='word_1_586' title='bbox 1978 4456 2103 4509; x_wconf 89' lang='lat' dir='ltr'><strong>ceps</strong></span> <span class='ocrx_word' id='word_1_587' title='bbox 2142 4439 2327 4494; x_wconf 89' lang='lat' dir='ltr'><strong>licebit</strong></span> <span class='ocrx_word' id='word_1_588' title='bbox 2370 4437 2634 4505; x_wconf 86' lang='lat' dir='ltr'><strong>appellare</strong></span> <span class='ocrx_word' id='word_1_589' title='bbox 2664 4439 2923 4491; x_wconf 83' lang='lat' dir='ltr'><strong>adversus</strong></span> <span class='ocrx_word' id='word_1_590' title='bbox 2951 4437 3269 4491; x_wconf 76' lang='lat' dir='ltr'><strong>sententiam</strong></span> <span class='ocrx_word' id='word_1_591' title='bbox 3307 4437 3527 4504; x_wconf 73' lang='lat' dir='ltr'><strong>indicis,</strong></span> 
     </span>
    </p>
   </div>
   <div class='ocr_carea' id='block_1_88' title="bbox 321 4515 1875 4596">
    <p class='ocr_par' dir='ltr' id='par_1_88' title="bbox 321 4515 1875 4588">
     <span class='ocr_line' id='line_1_88' title="bbox 321 4515 1875 4588; baseline 0.003 -19"><span class='ocrx_word' id='word_1_592' title='bbox 321 4515 681 4571; x_wconf 76' lang='grc' dir='ltr'>δικαστοῦ.ὅν</span> <span class='ocrx_word' id='word_1_593' title='bbox 712 4518 942 4585; x_wconf 72' lang='grc' dir='ltr'>ἄμφωοί</span> <span class='ocrx_word' id='word_1_594' title='bbox 976 4518 1241 4569; x_wconf 79' lang='grc' dir='ltr'>ἀντίδικοι</span> <span class='ocrx_word' id='word_1_595' title='bbox 1299 4517 1641 4588; x_wconf 78' lang='grc' dir='ltr'>ᾑρετίσαντο.</span> <span class='ocrx_word' id='word_1_596' title='bbox 1682 4521 1788 4572; x_wconf 75' lang='grc' dir='ltr'><strong>Καὶ</strong></span> <span class='ocrx_word' id='word_1_597' title='bbox 1846 4522 1875 4573; x_wconf 84' lang='grc' dir='ltr'><strong>ό</strong></span> 
     </span>
    </p>
   </div>
   <div class='ocr_carea' id='block_1_89' title="bbox 1974 4515 3523 4596">
    <p class='ocr_par' dir='ltr' id='par_1_89' title="bbox 1978 4525 3523 4596">
     <span class='ocr_line' id='line_1_89' title="bbox 1978 4525 3523 4596; baseline 0.001 -17"><span class='ocrx_word' id='word_1_598' title='bbox 1978 4543 2134 4593; x_wconf 90' lang='lat' dir='ltr'><strong>quem</strong></span> <span class='ocrx_word' id='word_1_599' title='bbox 2163 4536 2392 4596; x_wconf 80' lang='lat' dir='ltr'><strong>uterque</strong></span> <span class='ocrx_word' id='word_1_600' title='bbox 2419 4526 2767 4581; x_wconf 87' lang='lat' dir='ltr'><strong>adversarius</strong></span> <span class='ocrx_word' id='word_1_601' title='bbox 2795 4525 2977 4592; x_wconf 81' lang='lat' dir='ltr'><strong>elegit.</strong></span> <span class='ocrx_word' id='word_1_602' title='bbox 3007 4530 3084 4578; x_wconf 84' lang='lat' dir='ltr'><strong>Ac</strong></span> <span class='ocrx_word' id='word_1_603' title='bbox 3115 4527 3167 4579; x_wconf 94' lang='lat' dir='ltr'><strong>in</strong></span> <span class='ocrx_word' id='word_1_604' title='bbox 3199 4526 3523 4595; x_wconf 84' lang='lat' dir='ltr'><strong>bisquidem</strong></span> 
     </span>
    </p>
   </div>
   <div class='ocr_carea' id='block_1_90' title="bbox 326 4606 1877 4673">
    <p class='ocr_par' dir='ltr' id='par_1_90' title="bbox 326 4606 1877 4673">
     <span class='ocr_line' id='line_1_90' title="bbox 326 4606 1877 4673; baseline 0.001 -15"><span class='ocrx_word' id='word_1_605' title='bbox 326 4607 424 4673; x_wconf 75' lang='grc' dir='ltr'><strong>μὲν</strong></span> <span class='ocrx_word' id='word_1_606' title='bbox 477 4606 658 4659; x_wconf 82' lang='grc' dir='ltr'>κανὼν</span> <span class='ocrx_word' id='word_1_607' title='bbox 707 4610 765 4658; x_wconf 80' lang='grc' dir='ltr'><strong>ἐν</strong></span> <span class='ocrx_word' id='word_1_608' title='bbox 804 4608 1011 4669; x_wconf 80' lang='grc' dir='ltr'>τούτοις</span> <span class='ocrx_word' id='word_1_609' title='bbox 1070 4608 1373 4669; x_wconf 80' lang='grc' dir='ltr'>ἀκολούθως</span> <span class='ocrx_word' id='word_1_610' title='bbox 1428 4611 1537 4670; x_wconf 84' lang='grc' dir='ltr'>τοῖς</span> <span class='ocrx_word' id='word_1_611' title='bbox 1579 4608 1877 4671; x_wconf 84' lang='grc' dir='ltr'>πολιτικοῖς</span> 
     </span>
    </p>
   </div>
   <div class='ocr_carea' id='block_1_91' title="bbox 321 4695 1876 4767">
    <p class='ocr_par' dir='ltr' id='par_1_91' title="bbox 321 4695 1876 4767">
     <span class='ocr_line' id='line_1_91' title="bbox 321 4695 1876 4767; baseline 0.003 -22"><span class='ocrx_word' id='word_1_612' title='bbox 321 4698 434 4756; x_wconf 85' lang='grc' dir='ltr'>τοῖς</span> <span class='ocrx_word' id='word_1_613' title='bbox 463 4695 733 4762; x_wconf 79' lang='grc' dir='ltr'>κειμένοις</span> <span class='ocrx_word' id='word_1_614' title='bbox 765 4698 820 4745; x_wconf 80' lang='grc' dir='ltr'><strong>ἐν</strong></span> <span class='ocrx_word' id='word_1_615' title='bbox 853 4696 928 4764; x_wconf 69' lang='grc' dir='ltr'>τῷ</span> <span class='ocrx_word' id='word_1_616' title='bbox 949 4697 1187 4767; x_wconf 77' lang='grc' dir='ltr'>δευτέρῳ</span> <span class='ocrx_word' id='word_1_617' title='bbox 1231 4697 1394 4767; x_wconf 80' lang='grc' dir='ltr'>τίτλῳ</span> <span class='ocrx_word' id='word_1_618' title='bbox 1430 4698 1523 4749; x_wconf 79' lang='grc' dir='ltr'>τοῦ</span> <span class='ocrx_word' id='word_1_619' title='bbox 1559 4697 1604 4761; x_wconf 75' lang='grc' dir='ltr'><strong>ζ’</strong></span> <span class='ocrx_word' id='word_1_620' title='bbox 1637 4698 1744 4767; x_wconf 72' lang='grc' dir='ltr'>βιδ.</span> <span class='ocrx_word' id='word_1_621' title='bbox 1770 4697 1876 4749; x_wconf 87' lang='grc' dir='ltr'><strong>τῶν</strong></span> 
     </span>
    </p>
   </div>
   <div class='ocr_carea' id='block_1_92' title="bbox 325 4784 1878 4855">
    <p class='ocr_par' dir='ltr' id='par_1_92' title="bbox 325 4784 1878 4855">
     <span class='ocr_line' id='line_1_92' title="bbox 325 4784 1878 4855; baseline 0.003 -21"><span class='ocrx_word' id='word_1_622' title='bbox 325 4784 655 4844; x_wconf 75' lang='grc' dir='ltr'>Βασιλικῶν,</span> <span class='ocrx_word' id='word_1_623' title='bbox 684 4784 775 4835; x_wconf 71' lang='grc' dir='ltr'>καὶ</span> <span class='ocrx_word' id='word_1_624' title='bbox 799 4785 1188 4854; x_wconf 80' lang='grc' dir='ltr'>διοριζομένοις</span> <span class='ocrx_word' id='word_1_625' title='bbox 1238 4788 1380 4839; x_wconf 88' lang='grc' dir='ltr'><strong>κατά</strong></span> <span class='ocrx_word' id='word_1_626' title='bbox 1408 4788 1507 4855; x_wconf 77' lang='grc' dir='ltr'>τῆς</span> <span class='ocrx_word' id='word_1_627' title='bbox 1549 4786 1728 4853; x_wconf 69' lang='grc' dir='ltr'>ψήφου</span> <span class='ocrx_word' id='word_1_628' title='bbox 1769 4786 1878 4839; x_wconf 88' lang='grc' dir='ltr'><strong>τῶν</strong></span> 
     </span>
    </p>
   </div>
   <div class='ocr_carea' id='block_1_93' title="bbox 326 4874 1877 4946">
    <p class='ocr_par' dir='ltr' id='par_1_93' title="bbox 326 4874 1877 4946">
     <span class='ocr_line' id='line_1_93' title="bbox 326 4874 1877 4946; baseline 0.001 -21"><span class='ocrx_word' id='word_1_629' title='bbox 326 4874 562 4942; x_wconf 72' lang='grc' dir='ltr'>αἱρετῶν</span> <span class='ocrx_word' id='word_1_630' title='bbox 590 4875 860 4926; x_wconf 78' lang='grc' dir='ltr'>δικαστῶν</span> <span class='ocrx_word' id='word_1_631' title='bbox 890 4875 1153 4945; x_wconf 77' lang='grc' dir='ltr'>ἔκκλητον</span> <span class='ocrx_word' id='word_1_632' title='bbox 1203 4876 1275 4945; x_wconf 82' lang='grc' dir='ltr'><strong>μὴ</strong></span> <span class='ocrx_word' id='word_1_633' title='bbox 1309 4876 1566 4929; x_wconf 82' lang='grc' dir='ltr'>δίδοσθαι.</span> <span class='ocrx_word' id='word_1_634' title='bbox 1598 4877 1687 4945; x_wconf 82' lang='grc' dir='ltr'><strong>Μὴ</strong></span> <span class='ocrx_word' id='word_1_635' title='bbox 1717 4877 1877 4946; x_wconf 76' lang='grc' dir='ltr'>εἴπῃς</span> 
     </span>
    </p>
   </div>
   <div class='ocr_carea' id='block_1_94' title="bbox 323 4964 1877 5034">
    <p class='ocr_par' dir='ltr' id='par_1_94' title="bbox 323 4964 1877 5034">
     <span class='ocr_line' id='line_1_94' title="bbox 323 4964 1877 5034; baseline 0.002 -18"><span class='ocrx_word' id='word_1_636' title='bbox 323 4964 379 5017; x_wconf 77' lang='grc' dir='ltr'>δὲ</span> <span class='ocrx_word' id='word_1_637' title='bbox 413 4965 539 5026; x_wconf 74' lang='grc' dir='ltr'>τοὺς</span> <span class='ocrx_word' id='word_1_638' title='bbox 597 4964 873 5023; x_wconf 84' lang='grc' dir='ltr'>τοιούτους</span> <span class='ocrx_word' id='word_1_639' title='bbox 906 4965 1151 5034; x_wconf 79' lang='grc' dir='ltr'>αἱρετοὺς</span> <span class='ocrx_word' id='word_1_640' title='bbox 1207 4966 1466 5028; x_wconf 67' lang='grc' dir='ltr'>δικαστὰς</span> <span class='ocrx_word' id='word_1_641' title='bbox 1521 4967 1877 5019; x_wconf 81' lang='grc' dir='ltr'>καθίστασθαι</span> 
     </span>
    </p>
   </div>
   <div class='ocr_carea' id='block_1_95' title="bbox 329 5042 1877 5126">
    <p class='ocr_par' dir='ltr' id='par_1_95' title="bbox 329 5042 1877 5126">
     <span class='ocr_line' id='line_1_95' title="bbox 329 5042 1877 5126; baseline 0.001 -19"><span class='ocrx_word' id='word_1_642' title='bbox 329 5055 465 5122; x_wconf 77' lang='grc' dir='ltr'>μετὰ</span> <span class='ocrx_word' id='word_1_643' title='bbox 489 5054 689 5111; x_wconf 78' lang='grc' dir='ltr'>δόσεως</span> <span class='ocrx_word' id='word_1_644' title='bbox 723 5056 1027 5124; x_wconf 83' lang='grc' dir='ltr'>προστίμου</span> <span class='ocrx_word' id='word_1_645' title='bbox 1049 5057 1187 5108; x_wconf 85' lang='grc' dir='ltr'><strong>κατά</strong></span> <span class='ocrx_word' id='word_1_646' title='bbox 1205 5042 1302 5126; x_wconf 55' lang='grc' dir='ltr'><strong>τήν</strong></span> <span class='ocrx_word' id='word_1_647' title='bbox 1331 5056 1490 5124; x_wconf 87' lang='grc' dir='ltr'>φύσιν</span> <span class='ocrx_word' id='word_1_648' title='bbox 1517 5058 1625 5108; x_wconf 89' lang='grc' dir='ltr'><strong>τῶν</strong></span> <span class='ocrx_word' id='word_1_649' title='bbox 1646 5059 1877 5126; x_wconf 83' lang='grc' dir='ltr'>αἱρετῶν</span> 
     </span>
    </p>
   </div>
   <div class='ocr_carea' id='block_1_96' title="bbox 327 5147 1876 5219">
    <p class='ocr_par' dir='ltr' id='par_1_96' title="bbox 327 5147 1876 5219">
     <span class='ocr_line' id='line_1_96' title="bbox 327 5147 1876 5219; baseline 0.002 -21"><span class='ocrx_word' id='word_1_650' title='bbox 327 5147 614 5200; x_wconf 85' lang='grc' dir='ltr'>δικαστῶν.</span> <span class='ocrx_word' id='word_1_651' title='bbox 652 5147 711 5199; x_wconf 79' lang='lat' dir='ltr'><strong>Et</strong></span> <span class='ocrx_word' id='word_1_652' title='bbox 740 5147 794 5199; x_wconf 76' lang='grc' dir='ltr'><strong>δέ</strong></span> <span class='ocrx_word' id='word_1_653' title='bbox 827 5165 909 5210; x_wconf 84' lang='grc' dir='ltr'><strong>τις</strong></span> <span class='ocrx_word' id='word_1_654' title='bbox 939 5148 1064 5219; x_wconf 85' lang='grc' dir='ltr'>εῐπῃ</span> <span class='ocrx_word' id='word_1_655' title='bbox 1088 5148 1181 5209; x_wconf 84' lang='grc' dir='ltr'><strong>ὡς,</strong></span> <span class='ocrx_word' id='word_1_656' title='bbox 1223 5149 1630 5219; x_wconf 49' lang='grc' dir='ltr'>προστίμουημὴ</span> <span class='ocrx_word' id='word_1_657' title='bbox 1665 5150 1876 5218; x_wconf 83' lang='grc' dir='ltr'>ἐπερω-</span> 
     </span>
    </p>
   </div>
   <div class='ocr_carea' id='block_1_97' title="bbox 328 5226 1875 5310">
    <p class='ocr_par' dir='ltr' id='par_1_97' title="bbox 328 5226 1875 5310">
     <span class='ocr_line' id='line_1_97' title="bbox 328 5226 1875 5310; baseline -0.001 -19"><span class='ocrx_word' id='word_1_658' title='bbox 328 5238 607 5307; x_wconf 83' lang='grc' dir='ltr'>τηθέντος,</span> <span class='ocrx_word' id='word_1_659' title='bbox 650 5226 945 5300; x_wconf 78' lang='grc' dir='ltr'>ἀκινδύνως</span> <span class='ocrx_word' id='word_1_660' title='bbox 975 5240 1003 5290; x_wconf 87' lang='grc' dir='ltr'><strong>ὁ</strong></span> <span class='ocrx_word' id='word_1_661' title='bbox 1036 5238 1455 5299; x_wconf 76' lang='grc' dir='ltr'>καταδικασθεὶς</span> <span class='ocrx_word' id='word_1_662' title='bbox 1476 5240 1538 5290; x_wconf 86' lang='grc' dir='ltr'><strong>ού</strong></span> <span class='ocrx_word' id='word_1_663' title='bbox 1568 5238 1875 5310; x_wconf 77' lang='grc' dir='ltr'>πειθαρχή-</span> 
     </span>
    </p>
   </div>
   <div class='ocr_carea' id='block_1_98' title="bbox 331 5327 1879 5398">
    <p class='ocr_par' dir='ltr' id='par_1_98' title="bbox 331 5327 1879 5398">
     <span class='ocr_line' id='line_1_98' title="bbox 331 5327 1879 5398; baseline 0.002 -18"><span class='ocrx_word' id='word_1_664' title='bbox 331 5346 412 5381; x_wconf 80' lang='grc' dir='ltr'><strong>σει</strong></span> <span class='ocrx_word' id='word_1_665' title='bbox 438 5332 502 5397; x_wconf 79' lang='grc' dir='ltr'><strong>τῇ</strong></span> <span class='ocrx_word' id='word_1_666' title='bbox 550 5328 737 5397; x_wconf 78' lang='grc' dir='ltr'>ψήφῳ,</span> <span class='ocrx_word' id='word_1_667' title='bbox 767 5327 988 5381; x_wconf 85' lang='grc' dir='ltr'>ἀκούσει</span> <span class='ocrx_word' id='word_1_668' title='bbox 1035 5329 1142 5391; x_wconf 82' lang='grc' dir='ltr'>ὅτι,</span> <span class='ocrx_word' id='word_1_669' title='bbox 1191 5330 1284 5382; x_wconf 78' lang='grc' dir='ltr'><strong>τὸν</strong></span> <span class='ocrx_word' id='word_1_670' title='bbox 1341 5330 1414 5398; x_wconf 84' lang='grc' dir='ltr'><strong>μὴ</strong></span> <span class='ocrx_word' id='word_1_671' title='bbox 1446 5330 1642 5398; x_wconf 65' lang='grc' dir='ltr'>ἔχοντα</span> <span class='ocrx_word' id='word_1_672' title='bbox 1675 5331 1879 5383; x_wconf 86' lang='grc' dir='ltr'>δικαιο-</span> 
     </span>
    </p>
   </div>
   <div class='ocr_carea' id='block_1_99' title="bbox 328 5403 1879 5491">
    <p class='ocr_par' dir='ltr' id='par_1_99' title="bbox 328 5403 1879 5491">
     <span class='ocr_line' id='line_1_99' title="bbox 328 5403 1879 5491; baseline 0 -20"><span class='ocrx_word' id='word_1_673' title='bbox 328 5419 510 5473; x_wconf 84' lang='grc' dir='ltr'>δοσίαν</span> <span class='ocrx_word' id='word_1_674' title='bbox 529 5421 626 5471; x_wconf 80' lang='grc' dir='ltr'>ἐὰν</span> <span class='ocrx_word' id='word_1_675' title='bbox 643 5420 987 5489; x_wconf 77' lang='grc' dir='ltr'>αἱρετίσηταί</span> <span class='ocrx_word' id='word_1_676' title='bbox 1024 5438 1129 5484; x_wconf 88' lang='grc' dir='ltr'>τις,</span> <span class='ocrx_word' id='word_1_677' title='bbox 1166 5403 1258 5473; x_wconf 57' lang='grc' dir='ltr'><strong>καί</strong></span> <span class='ocrx_word' id='word_1_678' title='bbox 1294 5422 1592 5491; x_wconf 78' lang='grc' dir='ltr'>πρόστιμον</span> <span class='ocrx_word' id='word_1_679' title='bbox 1615 5425 1714 5474; x_wconf 75' lang='grc' dir='ltr'>οὐκ</span> <span class='ocrx_word' id='word_1_680' title='bbox 1750 5424 1879 5473; x_wconf 71' lang='grc' dir='ltr'>ἐπε-ρ</span> 
     </span>
    </p>
   </div>
   <div class='ocr_carea' id='block_1_100' title="bbox 338 5509 1880 5580">
    <p class='ocr_par' dir='ltr' id='par_1_100' title="bbox 338 5509 1880 5580">
     <span class='ocr_line' id='line_1_100' title="bbox 338 5509 1880 5580; baseline 0.003 -21"><span class='ocrx_word' id='word_1_681' title='bbox 338 5509 573 5577; x_wconf 82' lang='grc' dir='ltr'>ρωτηθῇ,</span> <span class='ocrx_word' id='word_1_682' title='bbox 612 5510 686 5578; x_wconf 78' lang='grc' dir='ltr'><strong>μὴ</strong></span> <span class='ocrx_word' id='word_1_683' title='bbox 710 5509 962 5577; x_wconf 77' lang='grc' dir='ltr'>ἐμμένων</span> <span class='ocrx_word' id='word_1_684' title='bbox 984 5514 1050 5579; x_wconf 82' lang='grc' dir='ltr'><strong>τῇ</strong></span> <span class='ocrx_word' id='word_1_685' title='bbox 1080 5511 1246 5579; x_wconf 78' lang='grc' dir='ltr'>ψήφῳ</span> <span class='ocrx_word' id='word_1_686' title='bbox 1299 5512 1485 5574; x_wconf 68' lang='grc' dir='ltr'>αὐτοῦ,</span> <span class='ocrx_word' id='word_1_687' title='bbox 1517 5513 1880 5580; x_wconf 77' lang='grc' dir='ltr'>ἀποκριματί-</span> 
     </span>
    </p>
   </div>
   <div class='ocr_carea' id='block_1_101' title="bbox 335 5597 1878 5667">
    <p class='ocr_par' dir='ltr' id='par_1_101' title="bbox 335 5597 1878 5667">
     <span class='ocr_line' id='line_1_101' title="bbox 335 5597 1878 5667; baseline 0.006 -20"><span class='ocrx_word' id='word_1_688' title='bbox 335 5612 471 5658; x_wconf 62' lang='lat' dir='ltr'><strong>om;</strong></span> <span class='ocrx_word' id='word_1_689' title='bbox 501 5597 742 5666; x_wconf 79' lang='grc' dir='ltr'>ἀθετήσῃ</span> <span class='ocrx_word' id='word_1_690' title='bbox 776 5599 875 5665; x_wconf 82' lang='grc' dir='ltr'>τὴν</span> <span class='ocrx_word' id='word_1_691' title='bbox 903 5599 1024 5651; x_wconf 84' lang='grc' dir='ltr'>κατ’</span> <span class='ocrx_word' id='word_1_692' title='bbox 1056 5600 1223 5652; x_wconf 80' lang='grc' dir='ltr'>αὑτοῦ</span> <span class='ocrx_word' id='word_1_693' title='bbox 1258 5600 1541 5667; x_wconf 85' lang='grc' dir='ltr'>ἀπόφασιν</span> <span class='ocrx_word' id='word_1_694' title='bbox 1564 5616 1578 5631; x_wconf 89' lang='grc'><strong>·</strong></span> <span class='ocrx_word' id='word_1_695' title='bbox 1626 5602 1878 5665; x_wconf 78' lang='grc' dir='ltr'>ἐπιλεξὰο</span> 
     </span>
    </p>
   </div>
   <div class='ocr_carea' id='block_1_102' title="bbox 336 5684 1879 5757">
    <p class='ocr_par' dir='ltr' id='par_1_102' title="bbox 336 5684 1879 5757">
     <span class='ocr_line' id='line_1_102' title="bbox 336 5684 1879 5757; baseline 0.004 -23"><span class='ocrx_word' id='word_1_696' title='bbox 336 5699 493 5748; x_wconf 87' lang='grc' dir='ltr'>μενος</span> <span class='ocrx_word' id='word_1_697' title='bbox 530 5684 586 5736; x_wconf 81' lang='grc' dir='ltr'><strong>δέ</strong></span> <span class='ocrx_word' id='word_1_698' title='bbox 635 5684 897 5754; x_wconf 79' lang='grc' dir='ltr'>δικαστὴν</span> <span class='ocrx_word' id='word_1_699' title='bbox 950 5685 1347 5740; x_wconf 76' lang='grc' dir='ltr'>ἐκκαλέσασθαι</span> <span class='ocrx_word' id='word_1_700' title='bbox 1395 5688 1535 5739; x_wconf 83' lang='grc' dir='ltr'>κατὰ</span> <span class='ocrx_word' id='word_1_701' title='bbox 1570 5690 1669 5755; x_wconf 82' lang='grc' dir='ltr'>τῆς</span> <span class='ocrx_word' id='word_1_702' title='bbox 1700 5688 1879 5757; x_wconf 75' lang='grc' dir='ltr'>ψήφου</span> 
     </span>
    </p>
   </div>
   <div class='ocr_carea' id='block_1_103' title="bbox 334 5772 1877 5844">
    <p class='ocr_par' dir='ltr' id='par_1_103' title="bbox 334 5772 1877 5844">
     <span class='ocr_line' id='line_1_103' title="bbox 334 5772 1877 5844; baseline 0.004 -21"><span class='ocrx_word' id='word_1_703' title='bbox 334 5772 488 5827; x_wconf 68' lang='grc' dir='ltr'>αὐτοῦ</span> <span class='ocrx_word' id='word_1_704' title='bbox 514 5774 575 5825; x_wconf 84' lang='grc' dir='ltr'>οὐ</span> <span class='ocrx_word' id='word_1_705' title='bbox 618 5772 864 5836; x_wconf 77' lang='grc' dir='ltr'>δύναται,</span> <span class='ocrx_word' id='word_1_706' title='bbox 889 5775 1069 5839; x_wconf 84' lang='grc' dir='ltr'>καθὼς</span> <span class='ocrx_word' id='word_1_707' title='bbox 1102 5776 1258 5828; x_wconf 82' lang='grc' dir='ltr'>τοῦτο</span> <span class='ocrx_word' id='word_1_708' title='bbox 1294 5777 1622 5844; x_wconf 65' lang='grc' dir='ltr'>παρίσταται</span> <span class='ocrx_word' id='word_1_709' title='bbox 1659 5778 1748 5830; x_wconf 78' lang='grc' dir='ltr'>καὶ</span> <span class='ocrx_word' id='word_1_710' title='bbox 1771 5778 1877 5829; x_wconf 68' lang='grc' dir='ltr'>ἀπὸ</span> 
     </span>
    </p>
   </div>
   <div class='ocr_carea' id='block_1_104' title="bbox 1977 4612 3528 4682">
    <p class='ocr_par' dir='ltr' id='par_1_104' title="bbox 1977 4612 3528 4682">
     <span class='ocr_line' id='line_1_104' title="bbox 1977 4612 3528 4682; baseline 0.001 -15"><span class='ocrx_word' id='word_1_711' title='bbox 1977 4616 2226 4671; x_wconf 86' lang='lat' dir='ltr'><strong>consistit</strong></span> <span class='ocrx_word' id='word_1_712' title='bbox 2254 4630 2449 4678; x_wconf 85' lang='lat' dir='ltr'><strong>canon,</strong></span> <span class='ocrx_word' id='word_1_713' title='bbox 2480 4613 2682 4681; x_wconf 76' lang='lat' dir='ltr'><strong>legibus</strong></span> <span class='ocrx_word' id='word_1_714' title='bbox 2708 4612 2953 4665; x_wconf 77' lang='lat' dir='ltr'><strong>civilibus</strong></span> <span class='ocrx_word' id='word_1_715' title='bbox 2978 4612 3378 4679; x_wconf 72' lang='lat' dir='ltr'><strong>convenienter,</strong></span> <span class='ocrx_word' id='word_1_716' title='bbox 3406 4629 3528 4682; x_wconf 63' lang='lat' dir='ltr'><strong>qua!</strong></span> 
     </span>
    </p>
   </div>
   <div class='ocr_carea' id='block_1_105' title="bbox 1976 4698 3528 4765">
    <p class='ocr_par' dir='ltr' id='par_1_105' title="bbox 1976 4698 3528 4765">
     <span class='ocr_line' id='line_1_105' title="bbox 1976 4698 3528 4765; baseline -0.003 -7"><span class='ocrx_word' id='word_1_717' title='bbox 1976 4703 2091 4758; x_wconf 77' lang='lat' dir='ltr'><strong>sita:</strong></span> <span class='ocrx_word' id='word_1_718' title='bbox 2120 4714 2244 4756; x_wconf 89' lang='lat' dir='ltr'><strong>sunt</strong></span> <span class='ocrx_word' id='word_1_719' title='bbox 2280 4702 2331 4755; x_wconf 92' lang='lat' dir='ltr'><strong>in</strong></span> <span class='ocrx_word' id='word_1_720' title='bbox 2371 4703 2455 4755; x_wconf 92' lang='lat' dir='ltr'><strong>tit.</strong></span> <span class='ocrx_word' id='word_1_721' title='bbox 2481 4702 2517 4756; x_wconf 60' lang='grc' dir='ltr'><strong>θ</strong></span> <span class='ocrx_word' id='word_1_722' title='bbox 2557 4700 2650 4755; x_wconf 91' lang='lat' dir='ltr'><strong>lib.</strong></span> <span class='ocrx_word' id='word_1_723' title='bbox 2682 4714 2754 4752; x_wconf 80' lang='lat' dir='ltr'><strong>vn</strong></span> <span class='ocrx_word' id='word_1_724' title='bbox 2796 4698 3013 4753; x_wconf 84' lang='lat' dir='ltr'><strong>Basilic.</strong></span> <span class='ocrx_word' id='word_1_725' title='bbox 3061 4709 3115 4753; x_wconf 92' lang='lat' dir='ltr'><strong>et</strong></span> <span class='ocrx_word' id='word_1_726' title='bbox 3145 4714 3262 4765; x_wconf 65' lang='lat' dir='ltr'><strong>qua;</strong></span> <span class='ocrx_word' id='word_1_727' title='bbox 3288 4708 3528 4753; x_wconf 88' lang='lat' dir='ltr'><strong>statuunt</strong></span> 
     </span>
    </p>
   </div>
   <div class='ocr_carea' id='block_1_106' title="bbox 1979 4788 3529 4857">
    <p class='ocr_par' dir='ltr' id='par_1_106' title="bbox 1979 4788 3529 4857">
     <span class='ocr_line' id='line_1_106' title="bbox 1979 4788 3529 4857; baseline -0.001 -13"><span class='ocrx_word' id='word_1_728' title='bbox 1979 4793 2234 4846; x_wconf 84' lang='lat' dir='ltr'><strong>adversus</strong></span> <span class='ocrx_word' id='word_1_729' title='bbox 2270 4791 2626 4846; x_wconf 89' lang='lat' dir='ltr'><strong>electitiorum</strong></span> <span class='ocrx_word' id='word_1_730' title='bbox 2660 4788 2894 4857; x_wconf 74' lang='lat' dir='ltr'><strong>iudicum</strong></span> <span class='ocrx_word' id='word_1_731' title='bbox 2929 4789 3248 4843; x_wconf 88' lang='lat' dir='ltr'><strong>sententiam</strong></span> <span class='ocrx_word' id='word_1_732' title='bbox 3271 4804 3374 4843; x_wconf 90' lang='lat' dir='ltr'><strong>non</strong></span> <span class='ocrx_word' id='word_1_733' title='bbox 3410 4789 3529 4844; x_wconf 89' lang='lat' dir='ltr'><strong>dari</strong></span> 
     </span>
    </p>
   </div>
   <div class='ocr_carea' id='block_1_107' title="bbox 1978 4876 3526 4949">
    <p class='ocr_par' dir='ltr' id='par_1_107' title="bbox 1978 4876 3526 4949">
     <span class='ocr_line' id='line_1_107' title="bbox 1978 4876 3526 4949; baseline 0.001 -16"><span class='ocrx_word' id='word_1_734' title='bbox 1978 4881 2408 4949; x_wconf 86' lang='lat' dir='ltr'><strong>appellationem.</strong></span> <span class='ocrx_word' id='word_1_735' title='bbox 2474 4877 2552 4932; x_wconf 82' lang='lat' dir='ltr'><strong>Ne</strong></span> <span class='ocrx_word' id='word_1_736' title='bbox 2606 4878 2809 4931; x_wconf 79' lang='lat' dir='ltr'><strong>dixeris</strong></span> <span class='ocrx_word' id='word_1_737' title='bbox 2867 4885 3045 4930; x_wconf 85' lang='lat' dir='ltr'><strong>autem</strong></span> <span class='ocrx_word' id='word_1_738' title='bbox 3109 4876 3206 4932; x_wconf 89' lang='lat' dir='ltr'><strong>hos</strong></span> <span class='ocrx_word' id='word_1_739' title='bbox 3263 4878 3526 4933; x_wconf 79' lang='lat' dir='ltr'><strong>electitios</strong></span> 
     </span>
    </p>
   </div>
   <div class='ocr_carea' id='block_1_108' title="bbox 1972 4968 3529 5039">
    <p class='ocr_par' dir='ltr' id='par_1_108' title="bbox 1972 4968 3529 5039">
     <span class='ocr_line' id='line_1_108' title="bbox 1972 4968 3529 5039; baseline 0 -17"><span class='ocrx_word' id='word_1_740' title='bbox 1972 4972 2182 5039; x_wconf 87' lang='lat' dir='ltr'><strong>judices</strong></span> <span class='ocrx_word' id='word_1_741' title='bbox 2234 4969 2487 5023; x_wconf 91' lang='lat' dir='ltr'><strong>constitui</strong></span> <span class='ocrx_word' id='word_1_742' title='bbox 2547 4982 2669 5022; x_wconf 90' lang='lat' dir='ltr'><strong>cum</strong></span> <span class='ocrx_word' id='word_1_743' title='bbox 2716 4968 2929 5021; x_wconf 89' lang='lat' dir='ltr'><strong>datione</strong></span> <span class='ocrx_word' id='word_1_744' title='bbox 2976 4980 3146 5036; x_wconf 62' lang='lat' dir='ltr'><strong>pana;</strong></span> <span class='ocrx_word' id='word_1_745' title='bbox 3181 4968 3349 5021; x_wconf 84' lang='lat' dir='ltr'><strong>instar</strong></span> <span class='ocrx_word' id='word_1_746' title='bbox 3379 4969 3529 5022; x_wconf 83' lang='lat' dir='ltr'><strong>arbi-</strong></span> 
     </span>
    </p>
   </div>
   <div class='ocr_carea' id='block_1_109' title="bbox 1980 5054 3527 5127">
    <p class='ocr_par' dir='ltr' id='par_1_109' title="bbox 1980 5054 3527 5127">
     <span class='ocr_line' id='line_1_109' title="bbox 1980 5054 3527 5127; baseline -0.001 -16"><span class='ocrx_word' id='word_1_747' title='bbox 1980 5069 2205 5111; x_wconf 86' lang='lat' dir='ltr'><strong>trorum.</strong></span> <span class='ocrx_word' id='word_1_748' title='bbox 2231 5057 2285 5112; x_wconf 87' lang='lat' dir='ltr'><strong>Si</strong></span> <span class='ocrx_word' id='word_1_749' title='bbox 2308 5058 2428 5125; x_wconf 89' lang='lat' dir='ltr'><strong>quis</strong></span> <span class='ocrx_word' id='word_1_750' title='bbox 2450 5065 2627 5110; x_wconf 90' lang='lat' dir='ltr'><strong>autem</strong></span> <span class='ocrx_word' id='word_1_751' title='bbox 2652 5054 2870 5127; x_wconf 42' lang='lat' dir='ltr'><strong>dix‘erit,</strong></span> <span class='ocrx_word' id='word_1_752' title='bbox 2898 5056 3042 5123; x_wconf 91' lang='lat' dir='ltr'><strong>quod</strong></span> <span class='ocrx_word' id='word_1_753' title='bbox 3065 5054 3329 5124; x_wconf 60' lang='lat' dir='ltr'><strong>634nm</strong></span> <span class='ocrx_word' id='word_1_754' title='bbox 3357 5069 3527 5123; x_wconf 63' lang='lat' dir='ltr'><strong>pinnae</strong></span> 
     </span>
    </p>
   </div>
   <div class='ocr_carea' id='block_1_110' title="bbox 1978 5140 3525 5212">
    <p class='ocr_par' dir='ltr' id='par_1_110' title="bbox 1978 5140 3525 5212">
     <span class='ocr_line' id='line_1_110' title="bbox 1978 5140 3525 5212; baseline -0.003 -13"><span class='ocrx_word' id='word_1_755' title='bbox 1978 5145 2250 5212; x_wconf 83' lang='lat' dir='ltr'><strong>stipulatio</strong></span> <span class='ocrx_word' id='word_1_756' title='bbox 2290 5141 2671 5207; x_wconf 85' lang='lat' dir='ltr'><strong>intercesserit,</strong></span> <span class='ocrx_word' id='word_1_757' title='bbox 2734 5140 3120 5195; x_wconf 85' lang='lat' dir='ltr'><strong>condemnatus</strong></span> <span class='ocrx_word' id='word_1_758' title='bbox 3153 5141 3288 5193; x_wconf 89' lang='lat' dir='ltr'><strong>citra</strong></span> <span class='ocrx_word' id='word_1_759' title='bbox 3361 5142 3525 5194; x_wconf 87' lang='lat' dir='ltr'><strong>ullttm</strong></span> 
     </span>
    </p>
   </div>
   <div class='ocr_carea' id='block_1_111' title="bbox 1978 5230 3528 5302">
    <p class='ocr_par' dir='ltr' id='par_1_111' title="bbox 1978 5230 3528 5302">
     <span class='ocr_line' id='line_1_111' title="bbox 1978 5230 3528 5302; baseline 0.001 -17"><span class='ocrx_word' id='word_1_760' title='bbox 1978 5233 2342 5302; x_wconf 70' lang='lat' dir='ltr'><strong>praeiudicium</strong></span> <span class='ocrx_word' id='word_1_761' title='bbox 2385 5232 2664 5287; x_wconf 65' lang='lat' dir='ltr'><strong>sententiae</strong></span> <span class='ocrx_word' id='word_1_762' title='bbox 2693 5245 2796 5284; x_wconf 91' lang='lat' dir='ltr'><strong>non</strong></span> <span class='ocrx_word' id='word_1_763' title='bbox 2862 5230 3066 5298; x_wconf 88' lang='lat' dir='ltr'><strong>parebit</strong></span> <span class='ocrx_word' id='word_1_764' title='bbox 3094 5271 3124 5296; x_wconf 88' lang='lat'><strong>,_</strong></span> <span class='ocrx_word' id='word_1_765' title='bbox 3149 5230 3346 5297; x_wconf 81' lang='lat' dir='ltr'><strong>audiet,</strong></span> <span class='ocrx_word' id='word_1_766' title='bbox 3385 5233 3528 5299; x_wconf 87' lang='lat' dir='ltr'><strong>quod</strong></span> 
     </span>
    </p>
   </div>
   <div class='ocr_carea' id='block_1_112' title="bbox 1979 5322 3526 5395">
    <p class='ocr_par' dir='ltr' id='par_1_112' title="bbox 1979 5322 3526 5395">
     <span class='ocr_line' id='line_1_112' title="bbox 1979 5322 3526 5395; baseline 0 -16"><span class='ocrx_word' id='word_1_767' title='bbox 1979 5329 2022 5380; x_wconf 92' lang='lat' dir='ltr'><strong>si</strong></span> <span class='ocrx_word' id='word_1_768' title='bbox 2055 5329 2174 5395; x_wconf 88' lang='lat' dir='ltr'><strong>quis</strong></span> <span class='ocrx_word' id='word_1_769' title='bbox 2196 5341 2338 5387; x_wconf 92' lang='lat' dir='ltr'><strong>eum,</strong></span> <span class='ocrx_word' id='word_1_770' title='bbox 2365 5325 2455 5394; x_wconf 90' lang='lat' dir='ltr'><strong>qui</strong></span> <span class='ocrx_word' id='word_1_771' title='bbox 2483 5323 2904 5392; x_wconf 75' lang='lat' dir='ltr'><strong>iurisdictionem</strong></span> <span class='ocrx_word' id='word_1_772' title='bbox 2937 5337 3043 5377; x_wconf 86' lang='lat' dir='ltr'><strong>non</strong></span> <span class='ocrx_word' id='word_1_773' title='bbox 3074 5322 3253 5387; x_wconf 85' lang='lat' dir='ltr'><strong>habet,</strong></span> <span class='ocrx_word' id='word_1_774' title='bbox 3288 5326 3526 5390; x_wconf 66' lang='lat' dir='ltr'><strong>elegerit,</strong></span> 
     </span>
    </p>
   </div>
   <div class='ocr_carea' id='block_1_113' title="bbox 1982 5416 3525 5489">
    <p class='ocr_par' dir='ltr' id='par_1_113' title="bbox 1982 5416 3525 5489">
     <span class='ocr_line' id='line_1_113' title="bbox 1982 5416 3525 5489; baseline 0.001 -17"><span class='ocrx_word' id='word_1_775' title='bbox 1982 5434 2078 5473; x_wconf 90' lang='lat' dir='ltr'><strong>nec</strong></span> <span class='ocrx_word' id='word_1_776' title='bbox 2111 5434 2322 5489; x_wconf 72' lang='lat' dir='ltr'><strong>poenam</strong></span> <span class='ocrx_word' id='word_1_777' title='bbox 2355 5416 2680 5484; x_wconf 87' lang='lat' dir='ltr'><strong>promiserit,</strong></span> <span class='ocrx_word' id='word_1_778' title='bbox 2711 5416 2753 5469; x_wconf 83' lang='lat' dir='ltr'><strong>si</strong></span> <span class='ocrx_word' id='word_1_779' title='bbox 2797 5432 2901 5470; x_wconf 91' lang='lat' dir='ltr'><strong>non</strong></span> <span class='ocrx_word' id='word_1_780' title='bbox 2951 5425 3053 5471; x_wconf 89' lang='lat' dir='ltr'><strong>stet</strong></span> <span class='ocrx_word' id='word_1_781' title='bbox 3081 5418 3196 5486; x_wconf 86' lang='lat' dir='ltr'><strong>ejus</strong></span> <span class='ocrx_word' id='word_1_782' title='bbox 3228 5420 3525 5484; x_wconf 75' lang='lat' dir='ltr'><strong>sententiae,</strong></span> 
     </span>
    </p>
   </div>
   <div class='ocr_carea' id='block_1_114' title="bbox 1982 5506 3527 5579">
    <p class='ocr_par' dir='ltr' id='par_1_114' title="bbox 1982 5506 3527 5579">
     <span class='ocr_line' id='line_1_114' title="bbox 1982 5506 3527 5579; baseline 0 -17"><span class='ocrx_word' id='word_1_783' title='bbox 1982 5510 2101 5563; x_wconf 90' lang='lat' dir='ltr'><strong>sine</strong></span> <span class='ocrx_word' id='word_1_784' title='bbox 2153 5507 2261 5561; x_wconf 89' lang='lat' dir='ltr'><strong>ullo</strong></span> <span class='ocrx_word' id='word_1_785' title='bbox 2301 5508 2611 5575; x_wconf 55' lang='lat' dir='ltr'><strong>prwjudieio</strong></span> <span class='ocrx_word' id='word_1_786' title='bbox 2651 5508 2846 5573; x_wconf 86' lang='lat' dir='ltr'><strong>poterit</strong></span> <span class='ocrx_word' id='word_1_787' title='bbox 2896 5506 3010 5569; x_wconf 74' lang='lat' dir='ltr'><strong>cius</strong></span> <span class='ocrx_word' id='word_1_788' title='bbox 3058 5510 3377 5562; x_wconf 85' lang='lat' dir='ltr'><strong>sententiam</strong></span> <span class='ocrx_word' id='word_1_789' title='bbox 3428 5526 3527 5579; x_wconf 87' lang='lat' dir='ltr'><strong>pro</strong></span> 
     </span>
    </p>
   </div>
   <div class='ocr_carea' id='block_1_115' title="bbox 1983 5597 3520 5668">
    <p class='ocr_par' dir='ltr' id='par_1_115' title="bbox 1983 5597 3520 5668">
     <span class='ocr_line' id='line_1_115' title="bbox 1983 5597 3520 5668; baseline 0.001 -17"><span class='ocrx_word' id='word_1_790' title='bbox 1983 5601 2149 5653; x_wconf 84' lang='lat' dir='ltr'><strong>nihilo</strong></span> <span class='ocrx_word' id='word_1_791' title='bbox 2188 5598 2385 5653; x_wconf 91' lang='lat' dir='ltr'><strong>ducere</strong></span> <span class='ocrx_word' id='word_1_792' title='bbox 2436 5599 2572 5666; x_wconf 87' lang='lat' dir='ltr'><strong>:qui</strong></span> <span class='ocrx_word' id='word_1_793' title='bbox 2628 5607 2803 5650; x_wconf 87' lang='lat' dir='ltr'><strong>autem</strong></span> <span class='ocrx_word' id='word_1_794' title='bbox 2855 5597 3089 5668; x_wconf 65' lang='lat' dir='ltr'><strong>judicent</strong></span> <span class='ocrx_word' id='word_1_795' title='bbox 3152 5599 3391 5666; x_wconf 76' lang='lat' dir='ltr'><strong>elegerit,</strong></span> <span class='ocrx_word' id='word_1_796' title='bbox 3451 5603 3520 5654; x_wconf 89' lang='lat' dir='ltr'><strong>ab</strong></span> 
     </span>
    </p>
   </div>
   <div class='ocr_carea' id='block_1_116' title="bbox 1979 5687 3523 5757">
    <p class='ocr_par' dir='ltr' id='par_1_116' title="bbox 1979 5687 3523 5757">
     <span class='ocr_line' id='line_1_116' title="bbox 1979 5687 3523 5757; baseline 0.004 -18"><span class='ocrx_word' id='word_1_797' title='bbox 1979 5688 2095 5756; x_wconf 76' lang='lat' dir='ltr'><strong>ejus</strong></span> <span class='ocrx_word' id='word_1_798' title='bbox 2128 5687 2388 5743; x_wconf 84' lang='lat' dir='ltr'><strong>sententia</strong></span> <span class='ocrx_word' id='word_1_799' title='bbox 2444 5688 2715 5756; x_wconf 86' lang='lat' dir='ltr'><strong>appellare</strong></span> <span class='ocrx_word' id='word_1_800' title='bbox 2772 5702 2879 5741; x_wconf 89' lang='lat' dir='ltr'><strong>non</strong></span> <span class='ocrx_word' id='word_1_801' title='bbox 2939 5698 3143 5757; x_wconf 86' lang='lat' dir='ltr'><strong>potest;</strong></span> <span class='ocrx_word' id='word_1_802' title='bbox 3197 5690 3335 5742; x_wconf 86' lang='lat' dir='ltr'><strong>sicut</strong></span> <span class='ocrx_word' id='word_1_803' title='bbox 3377 5690 3429 5743; x_wconf 89' lang='lat' dir='ltr'><strong>id</strong></span> <span class='ocrx_word' id='word_1_804' title='bbox 3459 5708 3523 5745; x_wconf 70' lang='lat' dir='ltr'><strong>ex</strong></span> 
     </span>
    </p>
   </div>
   <div class='ocr_carea' id='block_1_117' title="bbox 1984 5775 3521 5856">
    <p class='ocr_par' dir='ltr' id='par_1_117' title="bbox 1984 5775 3521 5856">
     <span class='ocr_line' id='line_1_117' title="bbox 1984 5775 3521 5856; baseline 0.001 -27"><span class='ocrx_word' id='word_1_805' title='bbox 1984 5778 2230 5846; x_wconf 58' lang='lat' dir='ltr'><strong>presenti</strong></span> <span class='ocrx_word' id='word_1_806' title='bbox 2287 5791 2489 5832; x_wconf 86' lang='lat' dir='ltr'><strong>canone</strong></span> <span class='ocrx_word' id='word_1_807' title='bbox 2530 5775 2845 5831; x_wconf 76' lang='lat' dir='ltr'><strong>ostenditur.</strong></span> <span class='ocrx_word' id='word_1_808' title='bbox 2900 5776 3019 5831; x_wconf 61' lang='grc' dir='ltr'><strong>ηερ(-</strong></span> <span class='ocrx_word' id='word_1_809' title='bbox 3062 5788 3259 5856; x_wconf 70' lang='lat' dir='ltr'><strong>auten,</strong></span> <span class='ocrx_word' id='word_1_810' title='bbox 3303 5790 3356 5831; x_wconf 89' lang='lat' dir='ltr'><strong>ut</strong></span> <span class='ocrx_word' id='word_1_811' title='bbox 3394 5780 3521 5831; x_wconf 76' lang='lat' dir='ltr'><strong>mihi</strong></span> 
     </span>
    </p>
   </div>
  </div>
