4136 6460
717 428 818 489 339

1936 426 2206 483 ΤΠΕΟΟ.
2246 425 2631 485 BALSAMON

3764 411 3869 476 3&0

713 539 922 604 quidem
971 538 1199 604 videtur,
1228 537 1580 592 servabuntur
1609 537 1661 588 in
1703 536 1880 589 causis
1920 533 2240 589 ecclesiasti-
2267 535 2312 591 Α
2340 560 2346 573 ι

2234 562 2240 574 ι
2267 535 2312 591 Α
2340 543 2430 594 τοῦ
2463 542 2719 609 παρόντος
2745 541 2978 599 κανόνος.
3031 537 3212 591 ταῦτα
3242 537 3296 588 δέ
3352 535 3736 602 κρατήόυσιν,
3791 531 3867 591 ὡς

711 625 806 686 eis,
841 633 895 676 nt
922 625 1030 677 vult
1057 626 1139 678 ltic
1171 639 1363 678 canon.
1394 623 1501 677 Lex
1527 625 1667 676 enim
1695 621 1864 675 civilis
1888 620 2140 689 permittit
2166 620 2239 684 ei,
2340 653 2344 681 ι

2234 662 2239 676 ι
2340 631 2463 698 ἐμοὶ
2508 631 2671 691 δοκεῖ,
2713 631 2802 680 καὶ
2837 630 2917 690 είς
2949 628 3044 688 τὰς
3075 626 3530 686 ἐκκλησιαστικάς
3562 622 3867 680 ὑποθέσεις,

707 713 796 777 qui
817 713 1044 778 judicem
1075 713 1343 776 petiverit,
1377 711 1457 766 vel
1483 711 1660 779 aliquo
1683 710 1786 762 alio
1815 710 1968 764 modo
1999 709 2237 777 elegerit,

707 803 988 856 habentem
1012 802 1449 868 jurisdictionem,
1474 817 1505 855 a
1525 799 1786 857 sententia
1812 801 1929 868 ejus
1952 798 2234 868 appellare.

775 1070 1020 1124 ZONAR.
1055 1073 1136 1125 Ab
1169 1072 1385 1124 arbitris
1419 1071 1653 1122 civilium
1687 1084 1894 1138 quoque
1939 1070 2108 1134 legum
2140 1068 2234 1120 de-

700 1173 847 1213 crt-to
880 1162 1017 1213 nulla
1049 1163 1198 1214 datur
1230 1162 1553 1228 provocatio.
1587 1159 1723 1211 ldeut
1754 1175 1880 1228 ergo
1909 1157 1993 1212 hic
2025 1172 2235 1228 quoque

700 1265 866 1301 canon
915 1252 1115 1302 statuit.
1168 1250 1299 1302 Nam
1335 1250 1377 1302 si
1409 1249 1548 1316 quis,
1581 1248 1769 1316 inquit,
1810 1250 1875 1300 ab
1911 1263 2015 1301 uno
2059 1247 2235 1314 judice

701 1337 979 1388 damnatus
1028 1337 1092 1388 ad
1134 1339 1357 1389 alterum
1410 1335 1795 1402 provocaverit,
1841 1334 2234 1402 enmqncjudi-

698 1441 835 1485 cent.
882 1427 970 1480 illo
1015 1438 1198 1480 contra
1243 1441 1398 1492 quem
1444 1425 1769 1492 provocavit.
1816 1424 2118 1477 adversario
2148 1424 2231 1477 tti-

699 1517 892 1568 mirt'm
938 1531 1054 1573 suo,
1087 1517 1470 1575 consentiente,
1499 1514 1755 1583 elegerit;
1801 1516 1971 1568 neutri
2007 1513 2233 1580 amplius

693 1608 761 1660 ab
795 1609 907 1672 ejus
937 1609 1220 1667 sententia,
1257 1621 1414 1673 quem
1452 1617 1671 1672 uterque
1699 1607 1926 1672 judicem
1955 1603 2227 1672 delegerit.

692 1697 870 1749 licebit
922 1711 1231 1763 provocare.
1266 1697 1320 1750 In
1372 1697 1520 1758 illud,
1550 1696 1615 1749 de
1656 1697 1982 1750 diversarum
2011 1695 2230 1761 provin-

693 1786 894 1837 ciarum
955 1787 1161 1850 legatis.
1214 1789 1459 1854 Legatos,
1511 1800 1644 1851 quos
1696 1785 1897 1854 synodo
1951 1783 2226 1836 adfuturos

692 1883 1058 1937 speraverant,
1089 1875 1196 1942 jam
1229 1891 1419 1928 omnes
1456 1875 1612 1927 simul
1644 1874 2008 1936 advenientes,
2037 1886 2223 1941 magna

695 1963 886 2016 laetitia:
919 1965 1306 2033 signiﬁcatione
1355 1966 1540 2032 synodi
1595 1964 1776 2017 Patres
1821 1977 2095 2029 excepere.
2143 1962 2224 2033 [In

687 2054 836 2117 lllttd,
882 2056 946 2107 de
977 2057 1312 2108 exactoribus
1362 2055 1656 2125 Εροιεεῑπ.]
1704 2054 1852 2126 [Haec
1899 2069 2111 2122 quoque
2159 2054 2223 2109 ad

688 2159 1019 2198 communem
1053 2145 1336 2198 utilitatem
1373 2147 1587 2199 mimine
1620 2144 1931 2216 pertinent.]

691 2232 916 2287 ARIST.
980 2251 998 2282 ι
1038 2231 1152 2287 Uno
1216 2232 1536 2302 litigantium
1597 2236 1916 2301 appellante,
1967 2236 2009 2288 si
2064 2250 2222 2290 amoo

757 2342 776 2374 ι
835 2323 1120 2376 eleelitium
1162 2322 1393 2388 judicem
1439 2323 1715 2392 elegerint,
1761 2339 1826 2378 ne
1860 2324 2084 2393 amplius
2126 2339 2222 2393 ap-

753 2429 774 2464 ι
813 2413 1026 2480 pellent.
1041 2430 1061 2463 ι

754 2502 861 2555 Lex
906 2502 1117 2570 quidem
1159 2502 1330 2556 civilis
1356 2503 1431 2556 sic
1456 2503 1619 2556 sentit
1661 2503 1724 2557 de
1746 2501 2013 2569 indicibus
2038 2502 2220 2558 electi-

681 2593 794 2657 tiis,
832 2600 890 2644 ut
929 2607 1030 2645 non
1056 2593 1212 2645 aliter
1241 2591 1530 2645 electitium
1559 2594 1916 2647 constituatur
1936 2593 2218 2658 judicium,

681 2683 782 2736 nisi
829 2685 976 2750 prius
1010 2685 1236 2751 quisque
1265 2682 1582 2750 litigantium
1625 2697 1794 2750 pmna
1821 2683 2217 2752 stipulationem

681 2781 959 2840 proponat,
1003 2773 1142 2840 quod
1187 2774 1495 2841 quicunque
1533 2787 1597 2826 ex
1639 2774 1702 2828 iis
1732 2775 1993 2828 sententia
2027 2775 2219 2843 judicis

678 2865 745 2918 ab
779 2864 908 2932 ipsis
934 2864 1086 2917 electi
1137 2878 1240 2917 non
1269 2864 1575 2932 acquiescit,
1626 2881 1832 2931 paenatn
1878 2865 2020 2918 illam
2067 2865 2216 2920 alteri

684 2955 968 3016 persolvat,
1015 2954 1103 3022 qui
1126 2953 1385 3021 judicium
1431 2954 1684 3010 admittit.
1712 2956 1825 3009 Non
1853 2956 1992 3007 enim
2022 2969 2219 3022 cogun-

681 3051 768 3096 tur
808 3045 1124 3098 sententiam
1168 3044 1307 3098 illius
1353 3045 1619 3113 recipere;
1670 3047 1760 3098 sed
1805 3045 1929 3099 illud
1956 3045 2094 3111 apud
2126 3060 2216 3098 eos

2339 721 2476 773 κατά
2506 719 2594 770 τὸν
2634 719 2873 783 παρόντα
2915 719 3130 768 κανόνα.
3162 717 3219 768 '0
3265 715 3370 780 γάρ
3407 711 3675 766 πολιτικὸς
3708 709 3868 773 νόμος

2337 811 2570 877 ἐκχωρεῖ
2596 807 2672 876 τῷ
2704 807 2995 873 ζητήσαντι
3030 804 3307 865 δικαστὴν,
3347 804 3378 868 ἢ
3422 802 3512 851 καὶ
3550 800 3724 852 ἄλλως
3755 813 3867 856 πως

2336 896 2723 963 ἐπιλεξαμίνῳ,
2741 896 2880 964 πλὴν
2911 897 3096 960 ἔχοντα
3117 892 3495 952 δικαιοδοσίαν,
3525 885 3868 939 ἐκκαλεῖσθαι

2336 989 2477 1042 κατά
2507 989 2606 1051 τῆς
2636 988 2817 1054 ψήφου
2849 983 3036 1036 αὑτοῦ.

2405 1073 2643 1128 ΖΩΝΑΡ.
2675 1071 2828 1124 Κατά
2880 1070 3108 1139 αἱρετῶν
3141 1069 3407 1121 δικαστῶν
3441 1067 3532 1119 καὶ
3575 1068 3684 1125 ⁸τοῖς
3717 1065 3870 1115 πολι-

2333 1167 2504 1226 τικοῖς
2534 1164 2715 1230 νόμοις
2744 1163 2804 1214 οὗ
2834 1163 3030 1214 δίδοται
3057 1160 3338 1228 Ξκκλητος.
3371 1156 3540 1208 Τοῦτο
3578 1155 3670 1207 οὖν
3694 1156 3789 1206 καὶ
3835 1152 3865 1202 δ

2334 1253 2511 1304 κανῶν
2557 1249 2712 1313 οὗτος
2749 1251 2913 1316 λέγει.
2959 1250 3084 1302 Ὲάν
3123 1248 3230 1317 γάρ
3263 1247 3424 1314 κριθῇ
3456 1263 3558 1307 τις,
3595 1247 3746 1312 φησὶ,
3774 1243 3866 1296 καὶ

2333 1341 2766 1407 ἐκκαλεσάμενος
2831 1340 3020 1407 ῐληται
3086 1337 3432 1404 δικαστήριον
3487 1335 3866 1400 ἐκκλητάριον,

2332 1430 2425 1482 καὶ
2455 1431 2570 1498 μετ’
2599 1429 2764 1483 αὐτοῦ
2788 1429 3036 1485 κάκεῖνος
3060 1428 3250 1495 ἐληται
3283 1426 3494 1484 τοῦτον.
3525 1424 3647 1476 καθ’
3665 1416 3724 1474 οὗ
3750 1425 3862 1488 ἐξε-

2331 1523 2615 1585 καλέσατο,
2655 1523 2822 1591 ἢγουν
2848 1521 2876 1572 δ
2912 1519 3180 1579 ἀντίδικος
3210 1515 3398 1576 αὑτοῦ.
3449 1515 3624 1567 οὐδενὶ
3659 1514 3865 1566 τούτων

2329 1613 2422 1666 τοῦ
2475 1611 2662 1664 λοιποῦ
2699 1612 2916 1674 ἐξέσται
2972 1609 3317 1662 ἐκκαλεῖσθαι
3360 1606 3496 1658 κατά
3536 1605 3635 1672 τῆς
3681 1603 3862 1670 ψήφου

2329 1704 2422 1756 τοῦ
2475 1705 2748 1764 δικαστοῦ,
2789 1704 2848 1756 ὃν
2902 1703 3069 1770 ἄμφω
3113 1702 3161 1752 oi
3215 1698 3474 1767 ἀντίδικοι
3520 1697 3862 1766 ᾑρετίσαντο.

2328 1790 2435 1852 Οὓς
2488 1792 2714 1861 ἤλπιζον
2753 1791 2927 1843 ἐλθεῖν
2961 1792 3037 1850 είς
3065 1789 3162 1856 τὴν
3201 1787 3414 1838 σύνοδον
3468 1781 3868 1852 τοποτηρητάξ,

2331 1881 2419 1949 ὑφ’
2451 1882 2529 1943 ἐν,
2559 1883 2724 1949 ἤγουν
2759 1879 2918 1944 όμοῦ,
2952 1878 3201 1936 ἐλθόντας
3233 1876 3373 1944 μετά
3406 1874 3578 1942 χαρᾶς
3606 1871 3868 1940 atpoch-

2331 1971 2490 2036 ξαντο
2513 1971 2562 2020 oi
2597 1971 2693 2035 τῆς
2723 1969 2965 2020 συνόδου.
3001 1967 3109 2019 Καὶ
3140 1966 3308 2018 ταῦτα
3333 1965 3429 2015 οὐκ
3454 1963 3532 2024 είς
3567 1961 3756 2030 κοινὴν
3783 1962 3863 2013 ol-

2327 2061 2580 2129 κονομίαν
2603 2060 2820 2129 δρῶσιν.

2321 2239 2540 2290 ΑΡΙΣΤ.
2580 2256 2598 2288 ι
2649 2238 2799 2298 Ἔνος
2839 2237 2942 2290 τῶν
3000 2237 3459 2305 ἀντικρινομίνων
3492 2235 3869 2302 tuumtu-

2398 2349 2416 2380 ι
2456 2347 2567 2389 νου,
2603 2331 2669 2380 ἀν
2707 2328 2872 2393 ἄμψω
2921 2327 3135 2396 αἱρετὸν
3189 2326 3538 2390 ἐπιλᾶξωνται
3581 2325 3862 2394 δικαστὴν,

2396 2437 2414 2470 ι
2459 2418 2656 2486 μηκέτι
2690 2414 3150 2470 ἐκκαλείέθωσαν.
3191 2435 3209 2468 ι

2401 2506 2458 2557 ’0
2494 2505 2589 2572 μέν
2638 2503 2907 2564 πολιτικὸς
2936 2507 3097 2570 νόμος
3153 2503 3295 2556 οὕτω
3340 2505 3528 2571 φρονεῖ
3577 2503 3708 2570 περὶ
3754 2504 3864 2555 τῶν

2321 2593 2553 2661 αίρετῶν
2607 2592 2896 2658 δικαστῶν,
2934 2590 3072 2642 ῶστε
3121 2592 3192 2656 μὴ
3247 2591 3420 2654 ἄλλως
3465 2593 3679 2662 αἱρετὸν
3712 2593 3863 2645 συνίο

2321 2681 2544 2734 στασθαι
2573 2679 2949 2749 δικαστήριον,
2986 2681 3033 2732 εί
3069 2681 3143 2749 μὴ
3171 2680 3434 2750 πρότερον
3465 2681 3696 2744 ἕκαστος
3747 2683 3856 2734 τῶν

2323 2769 2658 2841 κρινομένων
2694 2771 2992 2840 πρόστιμον
3048 2772 3388 2840 ἐπερωτηθῇ,
3423 2771 3519 2832 ὡς,
3562 2766 3673 2833 οἷος
3703 2772 3772 2825 ἀν
3803 2773 3860 2837 ἐξ

2319 2862 2502 2916 αὐτῶν
2532 2865 2630 2915 οὐκ
2680 2863 2915 2930 ἐμμείνῃ
2959 2865 3024 2931 τῇ
3056 2863 3323 2928 ἀποφάσει
3369 2864 3463 2915 τοῦ
3517 2862 3864 2930 ἐπιλεγόντος

2321 2955 2450 3023 παρ’
2493 2954 2671 3006 αὐτῶν
2698 2952 2974 3014 δικαστοῦ,
3005 2952 3390 3006 καταδαλεῖται
3419 2951 3577 3004 τοῦτο
3605 2953 3666 3004 τὸ
3687 2953 3857 3020 πρόσ-

2316 3061 2472 3112 τιμον
2513 3043 2648 3111 πρὸς
2681 3041 2771 3093 τὸν
2814 3041 3002 3109 ἕτερον
3044 3041 3134 3093 τὸν
3179 3041 3468 3108 δεχόμενον
3499 3042 3597 3107 τὴν
3628 3040 3860 3106 διάγνω-

679 3134 914 3198 ponitur.
954 3131 1236 3200 Propterea
1271 3148 1365 3186 nec.
1393 3135 1673 3202 appellatio
1721 3144 1903 3188 contra
1949 3137 2064 3200 ejus
2090 3149 2214 3188 sen-
2240 3131 2286 3192 (Ξ

2240 3131 2286 3192 C
2320 3150 2425 3186 σιν.
2484 3132 2558 3184 Οὐ
2607 3133 2712 3199 γὰρ
2766 3131 3164 3196 ἀναγκάσονται
3223 3131 3470 3199 δέχεσθαι
3518 3130 3616 3199 τὴν
3674 3130 3853 3197 ψῆφον

676 3225 898 3279 tentiam
919 3224 1090 3278 locum
1110 3223 1284 3285 habet,
1303 3225 1424 3294 quia
1444 3227 1619 3279 etsine
1641 3226 1990 3292 appellatione
2008 3227 2114 3287 ille,
2133 3229 2215 3279 cui

675 3315 936 3383 displicet,
965 3329 1171 3382 poenam
1202 3324 1406 3367 tantum
1435 3315 1740 3380 persolvens
1763 3314 1830 3367 ab
1855 3328 1915 3365 ea
1939 3323 2112 3381 potest
2136 3329 2219 3368 re-

673 3406 883 3458 cedere.
910 3402 1015 3456 Lex
1048 3413 1223 3456 autem
1246 3413 1300 3457 et
1333 3403 1455 3456 illud
1485 3403 1632 3464 dicit,
1664 3404 1802 3471 quod
1829 3403 2015 3470 judex,
2040 3405 2128 3472 qui
2163 3406 2214 3457 in

679 3502 855 3558 partes
896 3491 1322 3558 iurisdictionem
1370 3491 1550 3555 habet,
1593 3501 1645 3543 et
1692 3508 1785 3557 per
1811 3494 2076 3560 propriam
2120 3508 2217 3547 au-

675 3583 976 3635 ctoritatem
1005 3595 1100 3634 eos
1133 3580 1370 3646 judicare
1398 3590 1591 3646 potest,
1620 3580 1776 3648 judex
1812 3583 2075 3636 electitius
2111 3598 2212 3635 non

677 3675 787 3725 ﬁat.
831 3671 1076 3726 Canones
1125 3680 1297 3724 autem
1334 3685 1434 3722 non
1474 3671 1542 3721 ita
1610 3672 1673 3723 dc
1717 3671 1987 3738 judicibns
2032 3672 2213 3727 electi-

676 3767 763 3816 tiis
808 3771 1080 3821 statuunt;
1128 3761 1218 3813 sed
1251 3763 1523 3824 mandant,
1559 3761 1698 3826 quod
1728 3762 1769 3812 si
1805 3763 2071 3830 litigantes
2102 3765 2212 3830 epi-

673 3853 818 3917 scopi
847 3850 926 3902 vel
955 3848 1133 3902 clerici
1163 3849 1366 3915 aliquos
1393 3849 1760 3915 episcoporum
1788 3853 2038 3919 elegerint
2059 3852 2206 3919 judi-

672 3956 760 3995 ces
781 3940 1057 4003 electit‘tos,
1079 3937 1219 3991 etab
1244 3938 1320 3992 eis
1339 3937 1564 4006 judicari
1592 3940 1875 4002 voluerint,
1896 3943 2214 3994 condemna-

674 4043 761 4085 tus
794 4045 895 4084 non
925 4030 1148 4098 amplius
1177 4029 1484 4081 admittetur
1505 4040 1685 4082 contra
1715 4043 1898 4082 eorum
1924 4045 2213 4096 provocare

672 4121 1021 4186 sententiam,
1053 4120 1144 4174 sed
1180 4120 1228 4173 ei
1262 4119 1420 4172 etiam
1452 4119 1648 4172 invitus
1679 4120 2005 4187 acquiescet.
2037 4121 2208 4174 Causa

671 4223 872 4273 autem,
903 4222 958 4263 ttt
981 4209 1134 4263 nobis
1159 4209 1371 4277 quidem
1400 4208 1625 4272 videtur,
1653 4215 1869 4276 propter
1893 4223 2048 4276 quam
2078 4223 2208 4262 con-

669 4301 1048 4370 trajudicium
1084 4313 1266 4352 eorum
1314 4298 1584 4366 appellare
1625 4313 1727 4350 non
1772 4300 2121 4366 permittitur,
2158 4301 2208 4352 itt

669 4390 876 4444 decimo
923 4389 1112 4456 quinto
1161 4389 1346 4457 synodi
1395 4389 1669 4456 prmsentis
1717 4403 1922 4444 canone
1974 4405 2000 4442 a
2055 4392 2207 4444 nobis

669 4478 941 4532 scribitur.

2319 3221 2480 3274 αὐτοῦ
2507 3235 2523 3250 ο
2560 3221 2692 3274 ἀλλὰ
2726 3219 2857 3288 παρ’
2883 3220 3065 3280 αὐτοῖς
3113 3220 3272 3272 τοῦτο
3318 3222 3514 3272 κεῖται.
3568 3221 3666 3272 Διά
3701 3219 3859 3272 τοῦτο

2327 3313 2448 3364 οὑδέ
2481 3311 2738 3376 ἐκκλητος
2772 3310 2913 3360 κατά
2939 3312 3036 3378 τῆς
3069 3309 3394 3376 ἀποφάσεως
3456 3308 3618 3361 αὑτοῦ
3677 3309 3860 3378 χώραν

2317 3401 2451 3469 ἔχει,
2486 3402 2572 3453 διὰ
2594 3402 2653 3452 τὸ
2679 3402 2770 3452 καὶ
2797 3400 2963 3468 χωρὶς
3008 3399 3273 3468 ἐκκλήτου
3298 3397 3552 3452 δύνασῡαι
3597 3399 3689 3452 τὸν
3720 3403 3861 3451 ἀπα·

2323 3493 2657 3560 ρεσκόμενον
2694 3490 2853 3557 μόνον
2878 3489 2936 3540 τὸ
2960 3488 3258 3556 πρόστιμον
3284 3488 3659 3541 καταλαϐόντα
3717 3491 3860 3542 ὑπαο

2316 3588 2578 3653 ναχωρεῖν
2622 3581 2804 3634 αὑτοῦ.
2842 3583 3005 3646 Λέγει
3060 3579 3114 3630 δέ
3161 3579 3255 3631 καὶ
3297 3579 3450 3631 τοῦτο
3483 3580 3510 3630 ὁ
3556 3581 3741 3646 νόμος,
3787 3581 3860 3643 ὡς

2313 3680 2342 3730 ὁ
2382 3677 2687 3745 πρόσφορος
2722 3672 2796 3723 ῶν
2828 3674 2936 3732 τοῖς
2974 3670 3166 3738 μέρεσι
3199 3668 3472 3735 δικαστὴς,
3507 3667 3598 3718 καὶ
3637 3667 3858 3736 Str-dpe-

2313 3782 2400 3826 νος
2449 3763 2690 3824 δικάζειν
2751 3761 2931 3819 αὐτοῖς
2994 3759 3098 3809 ἀπὸ
3158 3757 3402 3818 ἐξουσίας
3450 3755 3584 3816 ιδίας
3642 3759 3857 3826 αἱρετὸς

2309 3855 2565 3921 δικαστὴς
2598 3855 2657 3904 οὐ
2751 3853 2981 3916 γίνεται.
3037 3850 3096 3900 Οί
3126 3848 3181 3899 δέ
3211 3849 3427 3907 κανόνες
3459 3849 3554 3915 οὐχ
3573 3847 3715 3899 οὕτω
3736 3850 3859 3917 περὶ

2309 3945 2418 3996 τῶν
2441 3943 2668 4010 αἱρετῶν
2698 3939 2967 3992 δικαστῶν
2987 3937 3384 3989 διατάττονται·
3420 3937 3556 3988 ἀλλά
3593 3941 3859 4006 προστάτ-

2309 4051 2492 4088 τουσιν
2524 4032 2618 4094 ῶς.
2647 4031 2740 4084 ἐὰν
2773 4031 2822 4082 οί
2878 4029 3312 4096 ἀντικρινόμενοι
3348 4029 3632 4080 ἐπίσκοποι
3670 4029 3702 4096 ἢ
3734 4031 3857 4097 κληο

2314 4124 2455 4194 ρικοὶ
2514 4119 2869 4185 ἐπιλέξωνταί
2912 4137 3060 4181 τινας
3100 4119 3207 4170 τῶν
3243 4118 3555 4171 ἐπισκόπων
3605 4120 3856 4186 αἱρετοὺς

2308 4213 2586 4273 δικαστὰς,
2620 4214 2711 4263 καὶ
2743 4209 2868 4279 παρ’
2904 4211 3087 4268 αὐτοῖς
3131 4209 3382 4275 κριθῆναι
3409 4207 3704 4276 Θελήσωσιν
3726 4209 3855 4260 οὐκ·

2309 4309 2387 4363 ἐτι
2444 4308 2471 4357 ὁ
2541 4305 2959 4364 καταδικασθεὶς
3009 4301 3502 4370 παραδεχθήσεται,
3556 4302 3697 4354 κατά
3755 4301 3854 4369 τῆς

2308 4396 2639 4462 ἀποφάσεως
2710 4392 2890 4445 αὐτῶν
2953 4390 3389 4456 ἐκκαλούμενοςο
3443 4390 3578 4441 ἀλλά
3640 4390 3853 4458 cra-{piat

2243 4471 2292 4528 ι)
2317 4485 2518 4549 ταύτην
2545 4484 2640 4534 καὶ
2665 4482 2832 4532 ἄκων.
2876 4479 2938 4532 Ἦ
2965 4480 3019 4532 δέ
3045 4480 3214 4540 αἰτία,
3238 4479 3377 4531 κατά
3400 4479 3458 4530 τὸ
3482 4481 3610 4546 ἡμῖν
3636 4479 3850 4542 δοκοῦν,

670 4572 737 4624 δι’
767 4571 833 4639 ἢν
861 4571 919 4622 οὐ
963 4571 1322 4637 συγχωρεῖται
1350 4570 1486 4621 κατά
1525 4571 1618 4636 τῆς
1647 4570 1988 4635 διαγνώσεως
2020 4571 2197 4622 αὐτῶν
2237 4573 2602 4636 ἐκκαλεῖσθαι,
2655 4573 2865 4640 ἐγράφη
2900 4573 3030 4638 παρ’
3061 4571 3216 4640 ἡμῶν
3245 4573 3302 4623 ἐν
3365 4571 3442 4639 τῷ
3512 4572 3855 4626 πεντεκαιδε-

667 4665 817 4733 κάτῳ
841 4663 1021 4714 κανόνι
1049 4662 1145 4730 τῆς
1176 4661 1449 4731 παρούσης
1479 4662 1716 4714 συνόδου.

1275 4750 1496 4806 CANON
1538 4753 1593 4807 C.

671 4865 691 4895 ι
729 4845 794 4900 Ut
838 4845 903 4898 ab
937 4843 1352 4911 imperatoribus
1382 4852 1589 4909 petatur
1613 4851 1954 4910 patronorum
1997 4860 2203 4899 assum-

747 4952 765 4984 ι
817 4933 922 5000 ptio
949 4945 1044 5000 pro
1063 4930 1326 4998 capitibus
1343 4929 1612 4984 Ecclesiae.
1632 4931 1831 4986 Placuit
1845 4944 2118 4999 praeterea,
2142 4943 2201 4987 ut

735 5046 750 5072 ι
784 5023 994 5076 nomine
1019 5022 1253 5076 omnium
1283 5021 1678 5089 provinciarum
1708 5021 1996 5088 profecturi
2023 5023 2201 5090 legati,

739 5130 756 5162 ι
802 5111 1107 5164 Vincentius
1149 5120 1202 5163 et
1243 5110 1671 5172 Fortunatianus,
1708 5119 1888 5176 petant
1935 5125 1963 5163 τι
2007 5111 2203 5176 glorio-

742 5221 758 5248 ι
797 5200 1023 5254 sissimis
1063 5200 1498 5266 imperatoribus,
1537 5209 1592 5252 ut
1619 5199 1774 5251 detur
1809 5199 2039 5253 facultas
2085 5217 2207 5254 con-

745 5307 761 5334 ι
818 5287 1068 5341 stituendi
1116 5287 1424 5340 defensores
1469 5285 1839 5346 scholasticos,
1883 5286 2076 5352 quibus
2108 5288 2204 5341 hoc

744 5402 758 5428 -ι
798 5394 965 5445 tuum
998 5392 1188 5430 tnuntts
1227 5380 1556 5445 negotiorum
1588 5377 2034 5432 defendendorum
2067 5393 2206 5432 cura:

738 5490 753 5514 ε
791 5470 858 5520 sit
884 5486 898 5521 :
931 5478 984 5521 et
1013 5476 1067 5519 ut
1094 5477 1342 5531 tanquam
1378 5469 1659 5535 provinciae
1687 5469 1990 5521 sacerdotes
2019 5469 2199 5531 iidem,

743 5577 755 5603 ι
789 5558 1136 5611 ecclesiarum
1183 5556 1490 5610 defensione
1518 5566 1779 5624 suscepta,
1816 5557 1967 5610 facile
1999 5559 2203 5624 possint

741 5668 756 5696 ι
813 5663 905 5715 pro
947 5649 1168 5717 negotiis
1219 5647 1486 5709 Ecclesia,
1515 5650 1720 5716 quoties
1762 5650 2054 5702 necessitas
2079 5663 2206 5702 exe-

738 5761 757 5790 ο
789 5743 937 5805 εεδτέι,
967 5744 1028 5793 ad
1062 5742 1414 5796 rcsistrndttm
1444 5743 1506 5795 iis
1543 5757 1656 5802 qua:
1689 5751 1899 5806 urgent,
1937 5752 1988 5794 ct
2023 5755 2202 5795 ncces-

2879 4751 3109 4804 KANQN
3146 4751 3222 4804 P'.

2315 4863 2334 4896 ι
2369 4845 2478 4898 ἰνα
2511 4845 2618 4897 ἀπὸ
2651 4843 2760 4895 τῶν
2783 4842 3046 4911 βασιλέων
3066 4846 3259 4912 αίτηθῇ
3290 4845 3607 4914 συνηγόρων
3644 4848 3856 4915 ἀντίλη.

2387 4954 2406 4986 ι
2437 4935 2528 5004 qn;
2554 4935 2696 5002 ὑπὲρ
2717 4934 2826 4984 τῶν
2845 4935 3158 5001 κεφαλαίων
3186 4937 3284 5002 τῆς
3316 4935 3666 5006 Ἐκκλησίας.
3691 4939 3852 5009 Ἤρε-

2387 5044 2405 5075 ι
2449 5042 2536 5077 σεν
2579 5025 2655 5076 ἔτι
2684 5025 2810 5092 μὴν,
2835 5025 2919 5075 ἵνα
2952 5025 3010 5087 ἐξ
3041 5025 3300 5092 ὀνόματος
3323 5026 3512 5080 πασῶν
3557 5028 3666 5080 τῶν
3683 5030 3852 5102 ἐπαρ-

2389 5132 2406 5163 ι
2442 5114 2575 5183 χιῶν
2615 5115 2664 5165 οἱ
2698 5113 3158 5182 πορευθησόμενοι
3189 5115 3546 5182 πρεσϐευταὶ,
3580 5118 3850 5181 Βικόντιος

2386 5217 2403 5248 ι
2441 5200 2531 5250 καί
2555 5199 3046 5266 Φουρτυνατιανὸς,
3077 5201 3374 5268 αίτήσωσιν
3408 5203 3517 5254 ἀπὸ
3549 5203 3657 5255 τῶν
3701 5206 3848 5258 ἐνδο·

2387 5314 2404 5346 ι
2447 5296 2680 5359 ξοτάτων
2729 5294 3011 5362 βασιλέων,
3069 5296 3208 5347 ὥστε
3262 5296 3478 5365 δοθῆναι
3529 5298 3712 5349 ἀδειαν
3756 5298 3847 5349 τοῦ

2386 5405 2402 5435 ι
2443 5389 2783 5453 καταστῆσαι
2807 5386 3046 5447 ἐνδίκους
3073 5386 3477 5452 σχολαστικοὺς,
3496 5388 3691 5450 οἵτινες
3717 5387 3849 5440 αὐτὸ

2385 5491 2403 5522 ι
2443 5473 2598 5523 τοῦτο
2621 5473 2676 5524 τὸ
2705 5473 3074 5542 λειτούργημα
3097 5473 3190 5525 τοῦ
3220 5475 3448 5526 ἐκδικεῖν
3467 5478 3532 5526 τὰ
3550 5477 3850 5543 πράγματα

2385 5581 2402 5610 ι
2444 5564 2782 5630 ἐπιτήδευμα
2826 5563 3008 5631 ἔχουσι
3031 5579 3046 5594 ·
3077 5563 3170 5616 κα)⁸
3202 5564 3286 5614 ἵνα
3314 5563 3388 5624 ὡς
3415 5565 3581 5631 ίερεῖς
3610 5567 3726 5625 τοῖς
3754 5566 3851 5632 τῆς

2387 5671 2405 5701 ι
2451 5653 2713 5719 ἐπαρχίας
2766 5653 2813 5702 οἱ
2880 5652 3056 5712 αὐτοὶ,
3136 5655 3182 5704 οἱ
3235 5652 3332 5720 τὴν
3407 5654 3688 5719 ἐκδίκησιν
3743 5654 3850 5706 τῶν

2383 5761 2398 5789 ι
2441 5741 2739 5808 ἐκκλησιῶν
2807 5741 3206 5810 ἀναδεξάμενοι,
3262 5742 3499 5809 εὐχερτῖμς
3549 5742 3848 5810 δυνηθῶσιν
