4136 6470
317 425 454 492 1345

1375 441 1455 500 ΙΝ
1489 442 1649 503 CAN.
1686 442 1821 504 CIII
1849 444 2055 507 CONC.
2095 448 2471 509 CARTIIAG.

3440 449 3548 510 346

418 540 772 606 ΒΑΛΣ.Τοὺς
803 544 906 596 ἁπδ
929 546 1029 614 τῆς
1079 548 1341 617 αἱρέσεως
1392 551 1500 604 τῶν
1561 554 1893 607 Δονατιστῶν

2067 557 2262 613 BALS.
2319 560 2421 614 Eos
2454 560 2544 628 Qui
2580 573 2608 612 a
2643 560 3046 614 Donatistarum
3081 556 3272 612 Interesi
3320 560 3549 610 convcr-

346 631 768 698 ἐπιστρέφοντας
804 634 1094 704 διορίζεται
1142 640 1169 689 ό
1218 639 1392 691 κανὼν
1424 637 1558 692 εἶναι
1616 635 1721 692 ὑπό
1768 643 1894 702 τοὺς

346 721 676 784 ἐπισκόπους
703 723 897 785 αὐτῶν,
932 727 1034 778 ἐὰν·
1056 729 1147 780 καὶ
1183 730 1333 781 αὐτοὶ
1367 731 1752 799 ἐπιστρέψωσι.
1785 733 1895 784 Καὶ

346 810 479 862 ἄλλα
505 810 559 861 δέ
592 814 708 865 τινά
745 831 906 886 φησιν
937 817 1309 870 ἀποόλέποντα
1338 819 1470 886 πρὸς
1497 822 1764 889 σωτηρίαν
1789 821 1896 872 τῶν

347 899 681 950 Δονατιστῶν
731 905 823 954 καὶ
862 903 968 954 τῶν
1018 905 1136 956 κατ’
1175 905 1367 967 αὐτοὺς
1410 908 1719 977 ἐκκλησιῶν
1756 910 1897 977 μετὰ

345 983 657 1053 διόρθωσιν.

415 1077 660 1135 ΖΩΝᾹΡ.
719 1082 782 1133 Ol.
849 1085 1260 1154 ἐπιστρέφοντες
1314 1088 1454 1146 λαοὶ.
1516 1089 1680 1154 φασὶν
1721 1089 1895 1156 οῐτῆς

348 1166 590 1229 συνόδου,
623 1170 684 1220 ἐκ
704 1169 801 1236 τῆς
828 1173 1087 1241 αἱρέσεως
1108 1176 1212 1227 τῶν
1238 1178 1584 1239 Δονατιστῶν,
1618 1178 1702 1229 ἵνα
1731 1177 1893 1245 ἔχωσι

344 1255 470 1316 τοὺς
513 1259 864 1323 ἐπισκόπους,
917 1263 1008 1325 οὓς
1059 1259 1232 1332 εἶχον,
1295 1268 1342 1317 εί
1410 1268 1648 1318 κάκεῖνοι
1693 1268 1892 1336 δηλαδὴ

345 1346 698 1412 ἐπέστρεφνν,
749 1352 796 1400 εί
853 1351 908 1402 δέ
959 1368 1099 1414 τινες
1128 1353 1234 1403 τῶν
1288 1355 1733 1421 ἐπιστρεφόντων,
1787 1354 1894 1405 τῶν

343 1436 658 1488 ἐπισκόπων
685 1439 860 1490 αὐτῶν
887 1434 1336 1507 τελευτησάντων,
1385 1445 1481 1496 οὐκ
1524 1445 1678 1510 ἔσχον
1738 1443 1893 1495 ἄλλον

342 1525 657 1587 ἐπίσκοπον,
701 1522 816 1578 ἀλλ’
859 1528 1048 1594 ἐτέρας
1104 1531 1414 1599 διοικήσεως
1457 1535 1738 1599 ἐπισκόπῳ
1801 1534 1891 1583 τοῦ

342 1611 505 1665 τόπου
564 1615 853 1682 ἀνήκοντες
879 1655 893 1679 ,
935 1618 1126 1685 ἐκείνῳ
1166 1619 1584 1687 προσετέθησαν,
1653 1621 1894 1672 ἔστωσαν

344 1699 436 1750 ὑπ’
459 1701 682 1766 ἐκεῖνον,
719 1707 809 1756 καὶ
843 1707 914 1774 μὴ
944 1705 1096 1758 τοῦτο
1126 1708 1302 1769 αὐτοῖς
1331 1709 1608 1776 ἀρνηθείη,
1641 1709 1756 1761 ἀντὶ
1781 1709 1892 1773 τοῦ,

347 1791 420 1858 μὴ
447 1795 865 1864 ἑπαγορευθείη,
893 1796 964 1865 μὴ
988 1797 1247 1866 κωλυθείη
1279 1814 1294 1828 ·
1325 1800 1415 1850 καὶ
1443 1800 1554 1851 ὅσοι
1581 1796 1634 1851 όέ
1671 1801 1892 1853 ἐπίσκοο

1997 657 2204 712 tuntur,
2235 651 2419 702 statuit
2456 664 2715 703 canoncm
2753 665 2874 703 esse
2918 649 3016 702 sub
3039 649 3149 700 suis
3177 646 3469 714 episcopis,
3497 645 3541 698 si

1995 737 2094 803 ipsi
2139 739 2744 791 .etiam‘convertantur.
2786 738 2900 789 Alia
2949 750 3163 804 quoque
3211 734 3374 797 dicit,
3424 748 3544 800 qua

1995 837 2240 891 spectant
2291 830 2354 878 ad
2388 832 2612 882 salutem
2649 829 3048 882 Donatistarum
3084 836 3136 881 et
3183 839 3400 880 suarum
3453 838 3544 877 ec-

1995 918 2279 971 clesiarum
2312 932 2428 987 post
2452 919 2862 973 correctionem.

2065 1087 2311 1143 ZONAR.
2355 1091 2417 1144 Ut
2478 1092 2678 1159 populi,
2713 1093 2798 1160 qui
2826 1107 2883 1144 se
2909 1093 2973 1142 alt
3017 1091 3205 1144 Imrcsi
3241 1091 3544 1143 nonalista—

1995 1191 2111 1228 rum
2163 1178 2226 1226 ad
2276 1176 2394 1228 ﬁdei
2425 1179 2702 1231 Veritatem
2735 1189 3074 1244 convertunt,
3126 1179 3314 1231 iisdcm
3348 1178 3543 1242 quilms

1997 1275 2172 1327 antea,
2225 1267 2268 1319 si
2319 1267 2474 1318 modo
2513 1267 2585 1318 illi
2624 1283 2833 1333 quoque
2870 1277 3070 1321 rectam
3105 1268 3262 1318 Iidem
3311 1264 3542 1333 amplexi

1996 1367 2136 1419 sunt,
2182 1358 2444 1421 episcopis
2481 1357 2858 1422 subiiciantur,
2893 1360 3076 1427 synodi
3128 1357 3309 1410 Patres
3344 1357 3548 1408 consti—

1997 1457 2189 1508 tuunt;
2223 1457 2384 1512 utque
2434 1447 2588 1498 iidem
2621 1449 2818 1513 populi,
2861 1450 2904 1498 si
2934 1457 3050 1514 post
3082 1463 3300 1499 suorum
3343 1448 3548 1513 episco~

1994 1552 2182 1604 porum
2236 1537 2438 1587 obitum
2477 1537 2637 1588 alium
2688 1537 2996 1601 episcopum
3044 1551 3147 1587 non
3193 1535 3542 1593 obtinuerint,

1995 1626 2085 1675 sed
2137 1625 2358 1676 alterius
2387 1625 2681 1676 dimoesons
2713 1625 2964 1690 episcopo
2993 1664 3006 1685 ,
3042 1625 3156 1687 ejus
3189 1623 3274 1686 qni
3315 1622 3546 1672 decessit

1999 1714 2244 1775 finitimo,
2303 1729 2360 1765 se
2403 1712 2731 1778 adiunxere,
2781 1716 3067 1778 quominus
3123 1713 3266 1764 illum
3314 1709 3546 1762 habeant

1999 1805 2211 1855 minimc
2251 1804 2644 1869 impediantur;
2699 1813 2805 1853 lum
2857 1811 2912 1855 ut
2967 1801 3196 1867 episcopi
3247 1800 3546 1852 Donatista-

344 1899 433 1933 ποι
459 1883 568 1934 τῶν
605 1886 937 1938 Δονατιστῶν
955 1889 1075 1947 τοὺς
1093 1887 1184 1938 ὑπ’
1204 1890 1396 1950 αὐτοὺς
1425 1890 1581 1950 λαοὺς
1613 1891 1890 1955 προσαγά-

1995 1908 2129 1951 ruru,
2189 1891 2492 1958 quicunque
2552 1890 2772 1956 populos
2827 1904 2954 1943 suos
3010 1889 3259 1941 Ecclesiae
3293 1885 3547 1938 concilia-

341 1988 482 2038 γωσι
506 1976 571 2042 τῇ
614 1973 929 2043 Ἐκκλησία,
957 1976 1105 2028 αὐτοὶ
1130 1979 1218 2030 καὶ
1250 1978 1389 2045 μετὰ
1407 1979 1505 2046 τὴν
1533 1979 1890 2048 προσαγωγὴν

339 2061 580 2114 ἔστωσαν
625 2065 825 2116 τούτων
852 2067 1157 2119 ἐπίσκοποι.
1220 2069 1375 2120 Μετὰ
1404 2068 1459 2119 δέ
1491 2067 1580 2118 τὸν
1609 2070 1773 2136 νόμον
1795 2073 1892 2136 τῆς

339 2153 584 2219 ἐνότητος
628 2154 836 2220 (γέγονε
882 2155 989 2224 γὰρ
1032 2157 1178 2223 παρὰ
1231 2157 1339 2208 τῶν
1384 2158 1720 2225 κρατούντων
1771 2159 1893 2213 τότε

340 2240 505 2307 νόμος
551 2244 814 2310 ἐνωθῆναι
846 2245 945 2304 τὰς
975 2247 1262 2312 ἐκκλησίας
1296 2249 1392 2315 τῆς
1434 2250 1715 2319 Ἀφρικῆς)
1765 2250 1891 2318 χρὴ,

338 2330 494 2395 φασὶ,
524 2331 694 2394 πάσας
710 2335 805 2396 τὰς
837 2335 1123 2405 ἐκκλησίας
1165 2339 1256 2388 καὶ
1296 2339 1391 2399 τὰς
1433 2339 1740 2408 διοικήσεις,
1776 2342 1897 2410 ῆτοι

337 2422 437 2482 τὰς
470 2425 779 2490 οἰκονομίας
814 2426 964 2494 sta;
1017 2429 1247 2496 ἐνορίας,
1300 2432 1394 2483 καὶ
1439 2433 1501 2482 τὰ
1553 2431 1895 2498 δικαιώματα.

336 2512 446 2563 τῶν
469 2513 646 2564 αὐτῶν
669 2515 990 2582 ἐκκλησιῶν,
1012 2519 1328 2572 διοικεῖσθαι
1385 2521 1487 2572 ὑπὸ
1520 2521 1629 2572 τῶν
1675 2520 1895 2572 καθολι-

337 2603 474 2655 κῶν.
508 2603 840 2666 Iuliano");
860 2606 915 2657 δὲ
948 2607 1277 2668 ἐπισκόπους
1305 2609 1336 2676 ἢ
1369 2610 1494 2668 τοὺς
1540 2610 1635 2676 τῆς
1685 2608 1897 2660 καθολι-

336 2695 439 2758 κῆς
477 2691 800 2760 Ἐκκλησίας
833 2695 1091 2761 ἐξάρχους
1121 2695 1276 2756 ὄντας
1307 2697 1476 2762 λέγει,
1509 2697 1540 2765 ἦ
1595 2698 1718 2760 τοὺς
1746 2698 1895 2765 πρὼο

335 2798 484 2842 τους,
516 2783 684 2851 ἤγουν
709 2785 832 2844 τοὺς
869 2786 1288 2852 μητροπολίτας,
1335 2787 1443 2836 εἴτε
1481 2787 1895 2853 ἐπιστρέφουσιν

339 2875 388 2924 oi
416 2873 697 2941 olpenxo‘,
730 2873 831 2923 εἴτε
860 2875 954 2944 μή.
994 2875 1052 2926 Ei
1082 2874 1137 2926 δέ
1171 2876 1262 2926 καί
1287 2892 1426 2927 τισιν
1451 2877 1510 2927 ἐκ
1541 2876 1646 2928 τῶν
1677 2877 1895 2928 δικαίων

336 2963 448 3013 τῶν
479 2963 784 3030 ἐκκλησιῶν
812 2967 1216 3033 κατεχρήσαντο
1245 2967 1291 3016 οἱ
1335 2967 1599 3031 αίρετικοὶ
1634 2966 1770 3034 μετὰ
1805 2967 1894 3019 τὸν

335 3055 522 3129 νόμον.
549 3057 668 3107 ἀντὶ
688 3055 805 3120 τοῦ,
834 3056 1237 3124 ἐξεποιήσαντο,
1279 3055 1551 3122 ὀφείλουσι
1590 3058 1684 3108 καὶ
1726 3056 1896 3108 ταῦτα

337 3145 831 3198 ἀποκαθίστασθαι.
877 3146 1200 3215 Προσφόρως
1227 3145 1280 3197 δὲ
1316 3146 1611 3214 ἐχρήσαντο
1645 3149 1710 3215 τῇ
1758 3147 1897 3210 λέξει
1925 3183 1966 3238 c

333 3235 432 3287 τοῦ
454 3235 1258 3306 κατεχρήσαντο.ιὶατάχρησις
1306 3235 1414 3302 γάρ
1470 3236 1615 3286 ἐστιν
1660 3237 1692 3302 ἡ
1749 3237 1900 3304 παρὰ

331 3327 395 3378 τὸ
428 3326 544 3378 δέον
575 3327 790 3393 χρῆσις.
825 3326 932 3375 Καὶ
952 3327 999 3376 oi
1029 3324 1404 3392 ἐκποιούμενοι
1433 3319 1525 3376 οὖν
1552 3323 1620 3375 τὲ
1661 3324 1771 3377 τῶν
1801 3326 1890 3377 ἐκ-

336 3416 576 3482 κλησιῶν
601 3417 978 3483 καταχρῶνται
1010 3406 1188 3476 α’ὐτοῐς
1213 3430 1225 3445 ·
1270 3416 1332 3468 οὐ
1364 3415 1471 3483 γὰρ
1520 3414 1596 3478 ὡς
1645 3415 1763 3467 δέον
1803 3416 1901 3476 αθ-

333 3508 450 3567 τοῖς
481 3505 1128 3574 χρῶνται.Ἀκουέτωσαν
1181 3505 1350 3562 ταῦτα
1385 3507 1433 3556 ol
1468 3505 1637 3566 ἀδεῶς
1679 3506 1746 3558 τὰ
1790 3504 1898 3558 τῶν

335 3595 640 3663 ἐκκλησιῶν
690 3594 1088 3665 ἐκποιούμενοι,
1139 3596 1232 3649 καὶ
1273 3598 1321 3648 οἱ
1365 3595 1740 3659 συναινοῦντες
1802 3597 1897 3649 αὐ-

333 3687 467 3745 τοῖς.

1994 1990 2137 2040 runt,
2179 1982 2362 2032 codem
2411 1995 2516 2046 quo
2581 1989 2734 2032 antea
2765 1979 2906 2045 jure,
2953 1980 3004 2030 in
3057 1977 3274 2030 eosdem
3323 1974 3548 2042 populos

1990 2070 2224 2137 episeopi
2292 2071 2665 2121 auctoritatem
2734 2071 3026 2122 obtineant.
3076 2065 3204 2119 Post
3243 2066 3408 2130 legem
3465 2073 3547 2113 ta-

1991 2174 2112 2213 men
2156 2161 2220 2211 de
2263 2161 2544 2212 concordia
2586 2160 2745 2211 latam
2783 2160 2904 2227 (fuit
2949 2159 3090 2209 enim
3128 2158 3210 2208 lcx
3248 2154 3317 2206 ab
3356 2155 3547 2218 imper.

1993 2251 2056 2301 de
2120 2249 2466 2302 ecclesiarum
2546 2251 2740 2301 Africae
2815 2249 3099 2302 concordia
3174 2259 3240 2298 eo
3310 2253 3549 2308 tempore

1994 2338 2361 2405 promulgata)
2419 2339 2674 2392 ecclesias
2734 2353 2919 2391 Omnes
2986 2348 3038 2390 et
3101 2337 3380 2400 dioeceses,
3435 2351 3551 2390 Slve

1995 2424 2531 2487 administrationes,
2587 2433 2676 2476 aut
2739 2426 3019 2492 regiones,
3071 2436 3178 2479 tum
3229 2428 3346 2494 jura
3411 2443 3548 2498 quo.

1995 2528 2098 2580 que
2149 2514 2212 2566 ad
2259 2529 2350 2566 eas
2387 2515 2639 2567 ecclesias
2692 2516 2986 2581 spectantia
3038 2515 3105 2568 ab
3158 2517 3422 2582 episcopis
3453 2532 3547 2569 ca-

1996 2603 2207 2655 tholicis
2258 2604 2423 2656 assori
2470 2618 2532 2656 ac
2603 2604 2861 2656 vindicari
2913 2615 3162 2670 oportere
3224 2604 3544 2658 decernunt.

1995 2696 2297 2750 Catholicos
2338 2712 2461 2750 vero
2486 2697 2762 2764 episcopos
2811 2697 3085 2766 intelligit,
3125 2699 3287 2768 637
3340 2700 3420 2751 vel
3451 2714 3547 2752 eos

1995 2787 2083 2854 qui
2135 2787 2201 2839 ab
2251 2787 2402 2840 initio
2439 2787 2490 2838 in
2531 2786 2785 2839 Ecclesia:
2832 2788 3113 2840 catholica:
3160 2790 3402 2854 partilms
3440 2798 3548 2840 ste—

1995 2885 2192 2937 terunt,
2233 2875 2313 2929 vel
2350 2877 2624 2943 primates,
2669 2877 2767 2930 hoc
2809 2885 2909 2942 est,
2944 2878 3402 2944 metropolizauos,
3435 2879 3546 2930 sive

1997 2965 2236 3021 ltmrelici
2284 2965 2348 3019 ad
2396 2967 2677 3018 sanitatem
2727 2967 3016 3027 redierint,
3059 2967 3172 3020 sive
3206 2983 3331 3018 non.
3392 2967 3542 3030 Quod

1997 3059 2039 3109 si
2065 3057 2226 3109 etiam
2262 3057 2421 3109 rebus
2449 3056 2512 3107 ad
2552 3055 2848 3109 Ecclesiam
2879 3055 3282 3121 pertinentibus
3315 3057 3548 3109 lmretit'i

2001 3153 2116 3212 post
2142 3144 2307 3215 legem
2343 3144 2728 3214 promulgatam
2779 3144 2930 3198 abusi
2981 3146 3107 3209 sint,
3153 3147 3254 3199 hoc
3297 3156 3397 3208 est.
3453 3160 3551 3199 eas

2000 3234 2305 3296 alienarint,
2344 3235 2548 3286 restitui
2593 3248 2804 3302 quoque
2858 3235 2974 3287 illas
3012 3235 3296 3301 oportebit.
3367 3236 3550 3302 Appo-

2001 3325 2106 3376 site
2162 3333 2336 3376 autem
2388 3323 2488 3377 hoc
2541 3323 2659 3377 loco
2693 3324 2945 3378 abutendi
2983 3325 3200 3377 verbum
3229 3324 3544 3377 adhibuere.

2000 3412 2093 3465 Est
2109 3429 2337 3482 namque
2358 3413 2525 3476 abuti,
2550 3428 2606 3466 re
2635 3413 2806 3481 aliqua
2829 3421 3020 3482 praster
3039 3415 3086 3465 id
3106 3414 3245 3480 quod
3269 3415 3421 3468 decet
3447 3415 3548 3476 uti,

2005 3506 2145 3573 quod
2173 3505 2352 3572 procul
2389 3505 2547 3558 dubio
2582 3503 2781 3557 faciunt
2819 3506 2877 3563 ii.
2904 3520 2930 3556 a
2959 3506 3150 3572 quibus
3177 3505 3542 3558 ecclesiastica

1999 3608 2086 3649 res
2131 3610 2450 3664 quocunque
2506 3595 2661 3649 modo
2721 3595 3026 3648 alienatur:
3085 3610 3188 3647 non
3248 3595 3415 3658 enim,
3484 3605 3543 3645 ut

1999 3696 2230 3754 oportet.
2263 3687 2347 3740 bis
2383 3697 2627 3740 utuntur.
2657 3685 2887 3740 Audiant
2907 3688 3017 3741 hac
3046 3689 3137 3755 qui
3164 3701 3257 3754 per
3285 3701 3548 3740 summam

335 3777 604 3833 licentiam
657 3778 906 3835 Ecclesia:
967 3781 1106 3835 bona
1161 3781 1508 3845 distrahunt,
1565 3780 1761 3850 quique
1824 3796 1882 3837 se
1917 3782 2032 3850 ejus
2073 3782 2282 3836 consilii
2318 3783 2679 3851 adscriptorcs
2723 3782 3136 3849 laudatoresque
3163 3795 3268 3832 non
3301 3779 3549 3834 dubitant

336 3873 598 3942 proﬁteri.

339 3965 563 4019 ΑΡΙΣΤ.
611 3982 630 4014 ι
676 3965 737 4016 Oi
786 3965 893 4018 ἀπὸ
919 3966 1250 4018 Δονατιστῶν
1308 3967 1731 4036 ἐπιστρέψαντες
1763 3969 1886 4037 ἐχέ-

419 4072 436 4102 ι
477 4071 659 4106 τωσαν
710 4055 835 4116 τοὺς
903 4055 1061 4118 ἰδίους
1120 4057 1466 4120 ἐπισκόπους,
1530 4059 1577 4108 εί
1616 4058 1709 4109 καὶ
1736 4059 1888 4126 παρὰ

415 4163 432 4191 σ
479 4143 704 4213 γνώμην
725 4146 822 4212 τῆς
846 4147 1067 4198 συνόδου
1094 4146 1314 4209 τούτους
1354 4148 1532 4215 ἔσχον,
1573 4149 1668 4199 καὶ
1700 4149 1884 4199 τελευ-

420 4253 439 4283 ι
486 4235 687 4294 τῶντος
717 4237 1036 4296 ἐπισκόπου,
1066 4238 1113 4287 el
1155 4236 1228 4305 μὴ
1257 4237 1533 4304 βούλονται
1563 4236 1720 4289 ἄλλον
1747 4239 1893 4290 ἀντι-

411 4343 430 4376 ι
479 4327 831 4395 καταστῆναι,
862 4323 990 4388 om
1028 4329 1196 4393 ἑτέρῳ
1227 4331 1632 4398 προσχωρῆσαι,
1670 4329 1890 4393 ἐξέστω⁸

419 4435 437 4468 ι
481 4418 575 4467 καὶ
602 4418 649 4468 ol
677 4416 984 4478 ἐπίσκοποι,
1015 4417 1064 4468 oi
1103 4417 1206 4486 πρὸ
1245 4418 1340 4486 τῆς
1373 4419 1616 4480 ἐνὼσεως
1648 4419 1896 4482 ἐπιστρέ-

418 4525 437 4557 s
481 4507 702 4574 ψαντες,
735 4504 861 4565 τοὺς
891 4503 1051 4566 λαοὺς
1079 4505 1171 4568 οὒς
1199 4501 1364 4574 εἶχον,
1397 4508 1688 4575 ἐχέτωσαν.
1729 4508 1884 4563 Μετᾶ
1921 4490 1962 4542 ί)

415 4615 435 4647 ι
479 4599 535 4650 δὲ
589 4597 686 4666 τὴν
754 4598 879 4664 περὶ
950 4596 1199 4666 ἐνότητος
1277 4597 1558 4666 βασιλικὴν
1631 4598 1896 4659 κέλευσιν,

413 4710 432 4742 t
473 4693 674 4760 ἑκάστη
719 4692 1009 4757 Ἐκκλησῗα
1030 4691 1097 4743 τὰ
1130 4691 1231 4742 ἴδια
1266 4692 1447 4743 δίκαια
1472 4691 1769 4743 ἐκδικείτω.
1812 4708 1830 4741 ι

407 4784 471 4835 Ol.
509 4784 822 4835 Δονατισταὶ
849 4782 1239 4851 ἁποσχίσαντες
1282 4783 1506 4845 ἑαυτοὺς
1535 4782 1634 4849 τῆς
1673 4782 1897 4851 Ἐκκλη-

339 4873 482 4936 σίας,
547 4872 641 4923 καὶ
699 4871 859 4933 ίδίους
915 4871 1127 4940 ἔχοντες
1181 4873 1529 4934 ἐπισκόπους,
1586 4872 1895 4941 ὡρίσθησαν

337 4965 434 5027 ὼς,
479 4962 574 5014 ἐὰν
604 4960 1013 5030 ἐπιστραφῶσιν
1053 4963 1206 5019 αὐτοί
1243 4979 1301 5013 τε
1366 4963 1456 5015 καὶ
1506 4963 1554 5015 οἱ
1610 4961 1896 5013 ἐπίσκοποι

343 5052 524 5105 αὐτῶν
552 5053 688 5122 πρὸς
740 5052 838 5120 τὴν
869 5050 1159 5118 καθολικὴν
1214 5051 1561 5120 Ἐκκλησίαν,
1596 5053 1899 5121 ἀναμφιϐό-

342 5136 450 5199 λως
509 5136 704 5198 αὐτοὺς
765 5137 925 5190 πάλιν
981 5137 1312 5199 ἐπισκόπους
1371 5138 1537 5206 ἔχειν,
1598 5140 1696 5191 κᾶν
1747 5139 1896 5208 παρὰ

340 5225 566 5295 γνώμην
608 5228 707 5294 τῆς
733 5227 948 5285 συνόδου
977 5227 1280 5295 γεγόνασιν.
1335 5229 1397 5280 El
1427 5229 1502 5292 δὲ,
1543 5230 1898 5299 τελευτησάν-

340 5334 450 5370 των
470 5318 647 5380 αίρτῶν
675 5317 740 5388 δὴ
768 5318 875 5370 τῶν
893 5320 1224 5382 ἐπισκόπων,
1251 5321 1312 5372 οὐ
1336 5320 1651 5390 θελήσουσιν
1678 5322 1898 5390 ἐτέρους

338 5408 456 5460 ἀντ’
519 5408 740 5462 ἐκείνων
780 5411 928 5477 σχεῖν
982 5410 1315 5473 ἐπισκόπους
1389 5412 1728 5476 ίδιαιτάτους,
1779 5413 1895 5467 ἀλλ’

343 5497 451 5550 ὑπὸ
485 5496 732 5562 ἐξουσίαν
780 5515 838 5553 τε
891 5499 986 5551 καὶ
1037 5499 1302 5568 διοίκησιν
1362 5503 1454 5553 καὶ
1513 5493 1707 5556 ἄλλων’
1737 5503 1897 5554 τινῶν

336 5588 651 5642 ἐπισκόπων
709 5590 984 5656 γενέσθαι,
1033 5588 1171 5643 ὥστε
1208 5592 1281 5658 μὴ
1333 5591 1650 5658 λογίζεσθαι
1700 5592 1896 5654 αὐτοὺς

338 5678 496 5747 abet;
530 5680 923 5748 σχισματικοὺς
959 5683 1051 5732 καὶ
1086 5681 1208 5734 καθ’
1236 5682 1461 5742 ἑαυτοὺς
1493 5681 1703 5734 ἐθέλειν
1726 5680 1887 5748 εἷναι,

343 5767 460 5825 ἀλλ’
487 5767 717 5839 ὑπδστὴν
740 5769 1029 5839 καθολικὴν
1052 5770 1336 5826 τάττεσθαι
1394 5771 1740 5842 Ἐκκλησίαν,
1778 5771 1892 5836 ἐξέ-

1997 3964 2225 4019 ARIS’I‘.
2259 3982 2278 4016 ι
2320 3964 2420 4031 Qui
2452 3980 2480 4018 a
2515 3964 2807 4018 Donatistis
2840 3963 3084 4018 conversi
3115 3971 3264 4024 sunt,
3305 3963 3552 4030 proprios

2065 4076 2084 4107 ι
2134 4057 2404 4110 retineant
2448 4056 2752 4124 episcopos,
2795 4055 2895 4109 etsi
2940 4064 3134 4124 praeter
3176 4054 3366 4122 synodi
3416 4068 3546 4106 sen-

2071 4165 2089 4196 ι
2139 4146 2361 4200 tentiam
2404 4159 2497 4198 eos
2545 4146 2868 4206 habuerint;
2908 4154 2961 4196 et
3000 4143 3254 4211 episcopo
3297 4143 3403 4194 vita
3460 4142 3555 4195 de-

2071 4255 2092 4287 l
2138 4237 2340 4300 functo,
2381 4236 2424 4288 si
2470 4235 2632 4287 alium
2672 4235 2793 4303 ejus
2822 4233 2939 4287 loco
2969 4233 3220 4287 substitui
3255 4233 3545 4291 noluerint,

2069 4347 2089 4379 ι
2136 4329 2227 4381 sed
2279 4327 2434 4381 alteri
2485 4327 2786 4389 adhaerere,
2831 4325 3024 4388 liceat;
3071 4333 3122 4377 el
3148 4321 3407 4390 episcopi,
3458 4322 3552 4389 qui

2074 4437 2091 4468 ι
2139 4428 2262 4471 ante
2294 4419 2542 4470 unionem
2568 4415 2812 4468 conversi
2847 4423 2992 4474 sunt,
3033 4412 3255 4480 populos
3277 4426 3412 4479 quos
3454 4411 3554 4463 lia-

2079 4527 2097 4557 ι
2144 4508 2397 4572 buerunt,
2435 4507 2687 4560 habeant.
2724 4504 2850 4557 Post
2889 4503 3292 4570 imperatorium
3333 4515 3458 4554 vero
3489 4503 3590 4553 de‘

2077 4617 2092 4649 ι
2142 4599 2337 4650 unione
2365 4598 2672 4649 mandatum
2696 4607 3031 4663 unaqmeque
3070 4591 3304 4646 Ecclesia
3338 4591 3552 4659 propria

2079 4707 2096 4738 ι
2141 4703 2232 4740 sua
2264 4687 2385 4753 jura
2421 4685 2690 4738 defendat.
2733 4702 2750 4732 ι

2069 4781 2142 4831 De
2175 4778 2463 4832 Donatistis
2495 4779 2585 4845 qui
2632 4779 2696 4827 ab
2724 4774 2962 4828 Ecclesia
2999 4789 3056 4827 sc
3091 4772 3456 4832 absciderunt,
3502 4782 3553 4823 et

1999 4870 2243 4939 proprios
2285 4868 2584 4941 habuerunt
2627 4869 2926 4933 episcOpos,
2962 4864 3290 4923 decernitur,
3333 4864 3472 4923 quod
3504 4864 3550 4915 si

2001 4962 2100 5028 ipsi
2125 4970 2178 5013 et
2213 4961 2450 5027 ipsorum
2485 4957 2720 5025 PpiSCOpi
2781 4958 2845 5007 ad
2887 4955 3203 5008 catholicam
3257 4953 3551 5007 Ecclesiam

1997 5059 2403 5108 convertantur.
2436 5049 2550 5100 sine
2583 5046 2949 5099 controversia
2984 5045 3055 5096 illi
3093 5047 3283 5097 itermn
3320 5044 3553 5101 habeant

1996 5142 2303 5210 episcopos,
2340 5138 2585 5206 quamvis
2615 5147 2806 5204 prartcr
2840 5135 3030 5204 synodi
3077 5134 3398 5187 sententiam
3428 5134 3552 5186 facti

1995 5231 2164 5286 fuere.
2194 5230 2246 5284 Si
2274 5240 2449 5281 autem
2477 5241 2596 5281 cum
2625 5226 2858 5293 episcopi
2885 5225 3122 5292 ipsorum
3155 5235 3377 5277 mortem
3403 5225 3552 5276 obic-

1996 5321 2128 5382 rint,
2159 5319 2346 5374 nolunt
2375 5317 2508 5370 alios
2535 5331 2720 5370 eorum
2746 5316 2863 5368 loco
2887 5315 3167 5382 episcopos
3202 5315 3396 5368 habere
3423 5329 3544 5381 pro-

1995 5412 2162 5480 prios,
2197 5410 2287 5464 sed
2319 5409 2545 5462 aliorum
2593 5406 2946 5473 quorumdam
2993 5405 3361 5472 episcoporum
3407 5415 3552 5472 polo-

2001 5500 2125 5553 stati
2160 5509 2214 5551 et
2267 5496 2484 5551 ditem-si
2534 5497 2796 5554 snbesse,
2846 5505 2902 5545 ut
2954 5510 3059 5546 non
3125 5504 3402 5560 putaretur
3451 5510 3548 5549 eos

1995 5588 2371 5642 scltismalicos
2417 5588 2611 5639 iterum
2642 5594 2694 5637 et
2733 5598 2826 5652 per
2861 5587 3066 5650 scipsns
3097 5599 3215 5636 esse
3250 5585 3403 5646 vcllc,
3448 5588 3540 5638 sed

1999 5680 2098 5731 sub
2147 5678 2410 5730 catholica
2460 5675 2697 5727 Ecclesia
2740 5673 3028 5735 constitui;
3078 5674 3258 5726 licebit
3297 5673 3377 5726 eis
3415 5674 3542 5727 illud

1995 5771 2191 5825 facere.
2223 5770 2327 5824 Sed
2361 5779 2411 5824 ct
2441 5765 2834 5821 Donastitarmn
2865 5765 3122 5833 episcopi,
3199 5765 3289 5832 qni
3331 5775 3450 5818 autc
3487 5767 3534 5819 le
