4136 6494
218 406 316 471 361

1278 408 1355 473 IN
1382 411 1542 472 CAN.
1584 410 1711 470 CIX
1740 409 1943 469 CONC.
1976 406 2341 467 CAR'I‘IIAG.

3279 391 3382 454 362

216 523 317 588 τῆς
351 518 618 590 ιπαρχίας
642 523 854 589 ἐκείνης
889 523 1104 577 ἀπιέναι
1140 523 1270 592 πρὸς
1298 521 1515 589 βασιλέα
1539 519 1749 587 δρίζου-
1778 524 1823 576 Α

1746 546 1749 556 ι
1778 524 1823 576 Α
1852 516 2219 583 imperatorem
2262 515 2522 582 proficisci
2566 514 2740 575 liceat,
2772 514 3086 567 decrevere°
3116 511 3231 564 hac
3256 522 3379 562 vero

221 608 495 676 dt‘l"a6‘ﬂ)
520 610 574 663 δὲ
596 612 690 662 καί
724 628 774 663 τι
805 611 962 663 πλέον
988 610 1175 679 ὁρίζει.
1210 610 1269 661 τὸ
1295 608 1392 669 τὰς
1427 608 1751 666 ἀπολυτικὰς

216 694 503 760 ἀπιπολάς
567 700 659 751 καὶ
697 699 773 767 τῷ
832 701 1030 768 πάππα
1072 697 1286 765 Ῥώμης
1343 694 1749 763 ἐμφανίζεσθαι.

219 782 336 836 Καὶ
375 786 516 837 ἔοικε
542 785 696 838 τοῦτο
722 789 832 847 τοῖς
855 788 912 838 ἐν
958 787 1188 856 Ἀφρικῇ
1240 782 1635 845 ἀπιτάττεσθαι,
1664 782 1751 834 ῖνα

215 872 660 939 ἑμφανιζομένων
692 874 769 941 τῷ
799 874 998 941 πάππα
1039 872 1145 924 τῶν
1199 869 1541 923 ἀπολυτικῶν
1576 869 1668 921 καὶ
1693 869 1753 931 ἐξ

214 961 424 1012 ικεξνου
474 961 612 1030 λάϐῃ
661 961 987 1030 ἀπολυτικὴν
1040 962 1135 1012 ἐπὶ
1177 960 1239 1011 τὸ
1270 962 1578 1025 κομιτατον.
1628 958 1750 1010 Ἐἀν

214 1044 307 1098 οὖν
334 1048 531 1113 λαδὼν,
560 1053 744 1116 φησὶν,
765 1048 1091 1116 ἀπολυτικὴν
1134 1046 1238 1099 ἀπὸ
1272 1048 1369 1115 τῆς
1395 1046 1596 1105 οἰκείας
1626 1060 1751 1097 συνε-

212 1134 356 1197 όδου,
409 1137 501 1188 καὶ
537 1133 782 1188 ἀπελθὼν
809 1137 887 1196 είς
924 1135 1019 1203 τὴν
1068 1132 1304 1201 Ῥώμην,
1357 1131 1456 1183 οὐκ
1491 1131 1618 1201 εἴπῃ
1650 1131 1751 1183 κά-

213 1224 299 1274 κεῖ
347 1221 443 1289 τὴν
500 1224 681 1298 είτίαν
723 1224 790 1275 δι’
830 1224 896 1292 ἢν
953 1224 1137 1275 ἄπεισι
1185 1220 1320 1288 πρὸς
1369 1221 1458 1272 τὸν
1512 1220 1749 1286 βασιλέα,

211 1312 347 1364 ἀλλά
376 1313 656 1381 σιωπήσας
693 1312 927 1381 ἀπέλθῃ,
960 1310 1403 1379 ἀφορισθήσεται.
1427 1309 1551 1360 Ἐἀν
1576 1309 1633 1360 δέ
1672 1325 1751 1369 τις

210 1404 277 1468 τῇ
322 1400 507 1469 Ῥώμῃ
535 1401 779 1468 ἐνδημῶν
798 1404 899 1469 σχῇ
929 1400 1171 1466 ἀνάγκην
1212 1397 1541 1464 ἀναφυείσης
1563 1396 1751 1464 ἀθρόον

213 1490 393 1551 σῖτίας
430 1489 683 1543 ἀπελθεῖν
721 1492 801 1553 sic
840 1490 900 1541 τὺ
938 1490 1249 1556 κομιτᾶτον,
1286 1488 1370 1539 ίνα
1421 1486 1497 1554 τῷ
1536 1486 1752 1554 Ῥώμης

211 1580 461 1647 ἀρχιερεῖ
507 1575 717 1648 δηλώσῃ
749 1579 845 1648 τὴν
872 1578 1069 1639 αἰτίαν,
1106 1577 1197 1628 καὶ
1234 1574 1376 1644 λάϐῃ
1413 1576 1626 1642 γραφὴν
1657 1573 1751 1627 τοῦ

222 1668 443 1737 Ῥώμης
471 1670 820 1737 ἀπολυτικήν.
859 1670 921 1721 Ai
948 1669 1002 1720 δὲ
1025 1668 1132 1719 τῶν
1163 1667 1565 1734 πρωτευόντων.
1594 1665 1749 1731 φησὶ,

211 1756 492 1824 γινόμεναι
546 1757 870 1809 ἀπολυτικαὶ
922 1759 1031 1818 τοῖς
1088 1756 1422 1817 ἐπισκόποις,
1480 1756 1511 1822 ἢ
1558 1758 1621 1807 ὲκ
1644 1756 1752 1807 τῶν

211 1814 538 1913 οῖωνδήποτε
572 1848 880 1899 ἐπισκόπων
910 1814 1025 1904 τοῖς
1068 1845 1346 1914 κληρικοῖς
1384 1814 1583 1907 escas,
1630 1844 1749 1913 ιχέ-
1781 1814 1820 1867 Β

212 1953 394 1990 τωσαν
445 1938 541 2004 τὴν
593 1937 800 2007 ἡμέραν
846 1935 938 1989 τοῦ
1000 1936 1208 2003 Πάσχαο
1242 1935 1338 1986 ὲάν
1376 1934 1433 1986 δὲ
1458 1934 1534 1986 ἔτι
1563 1934 1753 2003 ἄδηλός

210 2027 358 2077 ἑστιν
396 2024 429 2093 ἠ
465 2027 641 2094 ἡμέρα
701 2026 793 2078 τοῦ
853 2024 1042 2093 Πάσχα
1095 2024 1186 2075 τοῦ
1238 2021 1483 2075 ἐνιαυτοῦ
1516 2023 1749 2085 ἐκείνου,

210 2114 507 2181 γραφέσθω
552 2116 586 2182 ἠ
612 2113 703 2175 τοῦ
748 2112 1108 2181 παρελθόντος
1146 2110 1334 2177 Πάσχα
1355 2111 1556 2178 ἡμέρα.
1586 2103 1753 2162 Τοῦτο

214 2203 297 2264 δὲ,
339 2199 512 2271 οἶμαι,
554 2202 729 2264 ἔδοξεν
764 2202 903 2253 οὕτω
936 2200 1195 2267 γίνεσθαι,
1242 2199 1327 2251 ἵνα
1356 2198 1672 2266 κηρύττοιτο
1716 2202 1749 2268 ἡ

208 2292 396 2359 ἡμέρα
441 2291 534 2343 τοῦ
583 2292 782 2360 Πάσχα
809 2291 902 2342 τοῦ
955 2290 1196 2342 ἐνιαυτοῦ
1246 2287 1448 2340 ἐκείνου
1496 2287 1615 2357 (ήδη
1646 2289 1754 2359 γὰρ

207 2382 305 2434 καὶ
326 2383 382 2431 ὲν
412 2380 737 2450 προλαϐοῦσι
767 2381 983 2432 κανόσιν
1012 2378 1256 2448 ἀπῄτησε
1284 2379 1318 2447 η
1354 2376 1568 2438 σύνοδος
1615 2377 1754 2447 αὕτη

208 2470 270 2519 ὲν
290 2472 405 2530 ταῖς
434 2470 664 2534 ἑτησίοις
717 2468 947 2528 συνόδοις
997 2467 1159 2535 δήλην
1210 2466 1449 2532 γίνεσθαι
1503 2467 1598 2532 τὴν
1619 2468 1748 2535 ἠμέ-

212 2572 314 2624 ραν
368 2555 461 2608 τοῦ
518 2555 702 2623 Πάσχα
758 2555 981 2607 ἑκάστου
1044 2553 1333 2618 ἐνιαυτοῦ),
1392 2554 1554 2623 ἢκαὶ
1596 2556 1682 2607 ἵνα
1726 2556 1763 2605 δ

207 2647 434 2713 χρόνος,
494 2644 612 2696 καθ’
656 2645 713 2696 ὄν
766 2645 980 2696 ἄπεισιν
1019 2645 1046 2694 ό
1090 2641 1267 2694 ἀπιὼν
1325 2645 1458 2711 πρὸς
1503 2646 1562 2696 τὸ
1608 2644 1756 2714 βασί-

206 2735 375 2793 λειον,
404 2734 555 2801 δῆλος
578 2730 633 2804 ᾖ,
662 2734 819 2799 ὅπερ,
844 2732 1031 2802 φησὶν,
1084 2732 1235 2784 εῖωθε
1260 2732 1502 2799 γίνεσθαι
1534 2735 1626 2786 καὶ
1660 2733 1753 2787 ἐπὶ

208 2822 322 2875 τῶν
351 2822 623 2892 δημοσίων
650 2821 923 2890 πράξεων.
956 2821 1043 2873 Ἐν
1077 2822 1183 2890 γὰρ
1230 2820 1413 2890 βιϐλίῳ
1454 2822 1560 2874 τῶν
1590 2823 1751 2875 Βασι-

208 2910 381 2962 λικῶν
438 2910 542 2977 κβν,
590 2909 724 2962 τίτλ.
752 2906 781 2960 ι’
816 2909 1121 2977 γέγραπται
1170 2907 1237 2959 τά
1287 2909 1514 2975 ἀγοραῖα
1556 2907 1753 2977 συμϐό-

206 2999 338 3051 λαια
361 2996 706 3063 πρωτόκολλα
738 2997 897 3063 ἔχειν,
930 2998 1023 3048 καὶ
1045 2998 1104 3046 ἑν
1134 2996 1316 3056 αὐτοῖς
1348 2996 1652 3063 γεγράφθαι
1685 2996 1751 3049 τά

1854 606 2089 671 synodus
2130 606 2326 671 aliquid
2364 604 2589 671 amplius
2628 603 2834 666 statuit,
2871 601 3119 654 nimirum
3165 608 3222 651 ut
3268 595 3377 651 Ro-

1854 706 2007 745 mano
2078 705 2225 759 papa:
2280 690 2593 743 dimissorite
2645 690 2746 742 illae
2790 689 2976 742 litterze
3008 685 3378 740 ostendantur.

1854 779 2005 845 Quod
2043 782 2255 848 quidem
2277 780 2542 834 Africanis
2573 779 2769 833 idcirco
2815 777 3019 830 videtur
3044 778 3375 842 imperatum,

1856 882 1915 923 ut
1968 872 2173 927 traditis
2198 886 2344 941 papa:
2371 872 2562 925 litteris
2593 871 2659 923 ab
2685 885 2749 925 eo
2778 870 3128 923 dimissui-iam
3161 868 3379 922 alteram

1855 959 1907 1011 in
1946 961 2254 1014 comitatum
2286 961 2569 1028 accipiant.
2603 958 2657 1013 Si
2681 959 2800 1027 quis
2841 959 3023 1025 igitur,
3053 959 3244 1025 inquit,
3294 972 3384 1011 ac-

1855 1058 2005 1115 cepta
2035 1063 2062 1101 a
2115 1064 2207 1103 sua
2242 1051 2443 1118 synodo
2477 1049 2800 1111 dimissoria,
2841 1047 3171 1113 Romamque
3210 1044 3383 1112 profe-

1856 1144 1991 1199 ctus,
2011 1136 2080 1189 ibi
2100 1151 2308 1204 quoque
2331 1152 2545 1191 causam
2578 1152 2684 1190 sua:
2714 1137 2780 1189 ad
2816 1136 3182 1203 imperatorem
3204 1133 3385 1187 itionis

1853 1239 1956 1278 non
2008 1225 2344 1289 indicaverit,
2390 1227 2480 1279 sed
2528 1226 2743 1279 silentio
2781 1226 3110 1287 discesserit,
3144 1238 3384 1291 segrega-

1853 1313 1995 1367 tione
2032 1315 2297 1381 punietur.
2346 1314 2495 1379 Quod
2541 1315 2587 1368 si
2642 1316 2841 1368 interea
2884 1314 3007 1367 dum
3050 1314 3169 1381 quis
3206 1313 3383 1366 Romae

1853 1411 2231 1467 commoratur,
2271 1412 2455 1457 exorta
2508 1411 2722 1470 repente
2757 1418 2937 1467 causa,
2985 1404 3035 1456 in
3068 1403 3379 1458 comitatum

1854 1489 2119 1554 proﬁcisci
2141 1505 2358 1545 necesse
2395 1492 2615 1557 habeat;
2649 1508 2706 1547 re
2728 1507 2848 1547 cum
2884 1493 3122 1547 antistite
3149 1492 3385 1545 Romano

1853 1580 2262 1642 communicata,
2310 1580 2667 1634 dimissoriam
2718 1584 2784 1634 ab
2831 1595 2895 1635 eo
2932 1582 3209 1648 epistolam
3243 1580 3383 1635 acci-

1852 1666 1979 1732 piat.
2013 1665 2139 1730 Quae
2166 1682 2309 1733 vero,
2335 1669 2524 1738 inquit,
2556 1670 2745 1724 litteras
2775 1671 3094 1725 dimissorize
3120 1671 3385 1738 episcopis

1850 1768 1878 1804 a
1906 1768 2001 1807 suo
2030 1757 2276 1822 primate,
2306 1767 2392 1809 aut
2442 1759 2650 1813 clericis
2675 1760 2740 1814 ab
2775 1760 3045 1829 episcopo,
3080 1760 3382 1814 concedun-

1856 1849 1961 1903 tur,
1993 1839 2046 1894 In
2080 1841 2144 1895 iis
2178 1844 2291 1896 dies
2315 1842 2532 1898 Paschze
2567 1844 2635 1898 sit
2660 1846 2945 1913 inscripta:
2982 1860 3097 1911 qu:e
3128 1844 3172 1897 si
3214 1845 3387 1898 adhuc

1855 1929 2054 1983 incerta
2085 1931 2153 1984 sit
2182 1969 2198 1995 ,
2224 1932 2339 1999 ejus
2372 1933 2489 1987 loco
2532 1934 2821 2002 superioris
2868 1932 2990 1985 anni
3022 1931 3235 1987 Pascha!
3273 1932 3385 1989 dies

1854 2028 2161 2083 reponatur.
2217 2023 2273 2075 Id
2321 2032 2491 2076 autem
2522 2038 2581 2076 ea
2615 2024 2680 2077 de
2712 2038 2869 2078 cansa
2917 2023 3220 2078 institutum
3266 2037 3384 2076 esse

1853 2108 2102 2169 arbitror,
2134 2120 2190 2161 ut
2214 2110 2335 2178 ejus
2362 2113 2484 2163 anni
2509 2110 2725 2166 Pascha:
2747 2113 2859 2166 dies
2885 2112 3222 2181 evnlgaretur
3245 2111 3384 2181 (eam

1854 2208 2079 2263 namque
2100 2200 2210 2264 jam
2244 2199 2581 2265 superiorum
2614 2215 2826 2268 quoque
2868 2215 3131 2254 canonum
3170 2202 3387 2255 decreto

1853 2286 2133 2350 quotannis
2161 2287 2415 2355 synodico
2440 2300 2703 2343 conventu
2735 2290 2819 2345 edi
2856 2293 2966 2346 haec
2998 2292 3107 2356 ipsa
3158 2292 3387 2361 synodus

1852 2374 2255 2444 constituerat),
2286 2377 2366 2429 vel
2406 2379 2565 2432 etiant
2596 2390 2652 2433 ut
2685 2380 2845 2443 illius,
2877 2382 2967 2449 qui
2988 2383 3052 2433 ad
3095 2381 3382 2449 imperato-

1854 2478 1964 2518 rem
2031 2466 2412 2533 proficiscitur,
2459 2469 2712 2524 absentiae
2764 2480 2972 2539 tempus
3020 2471 3377 2532 indicaretur;

1852 2554 1992 2620 quod
2023 2557 2072 2608 in
2095 2553 2244 2631 Actis
2269 2572 2476 2625 quoque
2504 2560 2752 2626 publicis,
2786 2561 2977 2629 inquit,
3010 2561 3196 2615 eodem
3226 2562 3384 2615 modo

1854 2644 1966 2697 fieri
1991 2644 2144 2699 solet.
2192 2643 2322 2698 Nam
2358 2647 2448 2701 lib.
2492 2664 2601 2703 uti
2644 2649 2726 2705 tit.
2757 2650 2821 2703 10
2880 2651 3093 2705 Basilic.
3124 2653 3387 2706 sancitum

1852 2742 2019 2798 est,ut
2060 2732 2113 2785 in
2154 2732 2451 2787 ferentibus
2481 2736 2675 2790 tabulis
2686 2737 3005 2805 ‘protocolla
3036 2736 3387 2805 adjiciantur;

1854 2823 1905 2875 in
1934 2823 2128 2891 quibus
2176 2824 2513 2893 imperatoris
2544 2837 2597 2880 et
2630 2830 2917 2881 consulum
2958 2829 3076 2897 ejus
3118 2830 3241 2882 anni
3289 2843 3389 2881 no-

1853 2913 2019 2978 mina,
2050 2913 2262 2982 aliaque
2284 2930 2346 2968 eo
2376 2916 2492 2970 loco
2523 2916 2803 2984 explicata,
2841 2918 3231 2975 describantur.
3261 2918 3390 2985 Quae

1852 3004 2069 3068 quidem
2099 3005 2295 3059 nostris
2328 3006 2654 3074 temporibus
2687 3008 2887 3075 passim
2908 3009 3168 3077 neglecta,
3192 3010 3243 3063 in
3275 3022 3387 3063 em-

207 3092 317 3142 τών
374 3088 714 3158 κρατούντων
775 3090 1027 3139 ἑκάστοτε
1082 3085 1340 3153 βασιλέων
1378 3085 1631 3153 ὀνόματα,
1660 3088 1820 3165 καῖε

1776 3103 1820 3165 c
1854 3092 2176 3157 phyteuticis
2203 3095 2566 3149 tantummodo
2588 3096 2862 3151 conventis
2881 3098 3054 3151 adhuc
3085 3107 3384 3152 servantur.

204 3182 306 3241 τὰς
362 3178 641 3239 ὑπατείας,
702 3178 796 3229 καὶ
857 3177 955 3228 ὅσα
1016 3177 1130 3226 ἐκεῖ
1177 3175 1512 3228 ἀπαιτεῖται.
1560 3175 1625 3225 Ἀ
1661 3174 1747 3241 ἐφ’

208 3268 368 3339 ἡμῶν
401 3270 457 3319 ὲν
492 3268 588 3337 μὲν
619 3271 727 3329 τοῖς
763 3266 937 3326 ἄλλοις
968 3264 1432 3331 καταπεφρόνητο,
1453 3266 1507 3316 ὲν
1537 3264 1591 3315 δὲ
1640 3266 1751 3327 τοῖς

204 3360 619 3427 ὲμφυτευτικοῖς
652 3357 943 3424 ὲγγράςξοις
992 3355 1072 3406 ἔτι
1124 3352 1377 3414 ἐσώζετο.
1417 3352 1660 3421 Ἐνεδόθη
1693 3352 1748 3404 δὲ

206 3451 319 3509 τοῖς
356 3448 722 3512 στελλομένοις
758 3447 892 3513 πρὸς
936 3444 1026 3495 τὸν
1072 3443 1314 3510 βασιλέα,
1342 3444 1369 3493 ὅ
1412 3445 1474 3495 ἂν
1518 3445 1749 3512 νοήσωσι

207 3537 481 3605 χρήσιμον
537 3537 653 3603 ἦτοι
721 3534 992 3601 ὠφέλιμον
1050 3534 1162 3593 τοῖς
1198 3533 1401 3595 πιστοῖς
1451 3534 1588 3584 κατά
1637 3532 1746 3584 τῶν

202 3626 538 3677 Δονατιστῶν
558 3626 649 3676 ιιοιῖ⁸
672 3624 1052 3691 τῶνἙλλήνων
1067 3661 1083 3685 ,
1110 3622 1372 3674 αἰτεῖσθαι
1390 3618 1546 3672 τοῦτο
1568 3623 1628 3673 ὲκ
1651 3622 1742 3674 τοῦ

1852 3178 2060 3249 Legatis
2102 3182 2334 3246 demum,
2368 3186 2458 3252 qui
2489 3186 2555 3238 ad
2596 3184 2972 3254 imperatorem
3019 3189 3384 3253 mittebantur,

1850 3271 2103 3339 quidquid
2150 3271 2393 3327 fidelibus
2450 3284 2632 3328 contra
2688 3276 2991 3331 Donatistas
3040 3287 3132 3331 aut
3174 3278 3388 3334 Graecos

1852 3358 2100 3427 prodesse
2129 3373 2281 3427 posse
2308 3359 2685 3430 intellexerint,
2720 3364 2785 3417 ab
2813 3379 2877 3419 eo
2918 3366 3216 3434 postulandi
3248 3366 3387 3421 facta

1849 3457 1930 3500 est
1965 3446 2224 3502 facultas:
2259 3464 2483 3518 quaque
2527 3452 2714 3519 synodi
2749 3453 2962 3508 nomine
2992 3454 3181 3509 littera:
3211 3457 3386 3510 mitte-

1847 3543 2051 3600 rentur,
2098 3545 2156 3590 ut
2190 3551 2267 3591 ea:
2306 3541 2510 3593 Aurelii
2554 3540 2785 3609 episcopi
2818 3543 3167 3612 chirographo
3205 3547 3386 3599 muni-

1852 3633 2054 3689 rentur,
2091 3625 2358 3680 decretum
2390 3637 2493 3683 est.

201 3716 737 3787 κρατοῦντος.Ἔδοξε
761 3716 816 3768 δὲ
849 3717 941 3768 καὶ
963 3717 1028 3768 τά
1059 3714 1318 3783 μέλλοντα
1349 3713 1598 3780 γενέσθαι
1626 3716 1920 3784 γράμματα
1946 3720 2011 3769 ἐκ
2032 3719 2127 3787 τῆς
2155 3722 2370 3774 συνόδου
2395 3723 2771 3795 ὑπογραφῆναι
2795 3727 2943 3796 παρά
2975 3726 3059 3779 τοῦ
3086 3728 3384 3781 ἐπισκόπου

196 3811 490 3878 Λύρηλίου.

199 3828 490 3881 Λυρηωου.

199 3902 425 3955 ΑΡΙΣΤ.
475 3920 493 3951 ι
542 3901 601 3952 ’0
632 3898 698 3951 δι’
736 3898 977 3966 ἀνάγκην
1014 3897 1131 3949 τινὰ
1174 3892 1306 3962 πρὸς
1362 3896 1421 3946 τὸ
1456 3896 1744 3962 κομιτᾶτον

276 4009 295 4041 ι
343 3988 763 4055 ἀπελευσόμενος
792 3986 1005 4055 ἐμφανῆ
1031 3984 1232 4051 ταύτην
1258 3983 1474 4036 ποιείτω
1502 3984 1578 4053 τῷ
1600 3986 1677 4035 Κσ
1690 4002 1746 4052 ρ-

276 4097 296 4129 ι
344 4079 561 4146 χηδόνος
589 4078 723 4144 ἱερεῖ
764 4078 857 4127 καὶ
887 4075 962 4142 τῷ
1001 4074 1241 4141 Ῥώμης,
1276 4075 1367 4124 καὶ
1412 4074 1741 4143 ἀπολυτικὴν

281 4186 299 4219 ι
344 4166 629 4236 ἐπιστολὴν
685 4164 1048 4232 λαμὸανὲτω,
1089 4164 1121 4229 ἢ
1171 4162 1525 4229 ἀκοινώνητος
1578 4162 1737 4217 ἔστω.

277 4275 296 4307 ι
350 4258 469 4309 Πᾶν
533 4254 710 4307 ὁτιοῦν
767 4257 880 4313 τοῖς
922 4252 1316 4319 τοποτηρηταῖς
1356 4249 1511 4313 δόξαν
1553 4254 1741 4319 χρήσι-

270 4364 292 4397 ι
343 4363 440 4414 μον
501 4344 639 4397 κατά
701 4341 1076 4403 Δονατιστῶν,
1133 4340 1225 4391 καὶ⁵
1298 4337 1596 4404 Ἑλλήνων,
1645 4343 1739 4392 καὶ

1853 3892 2080 3948 ARIST.
2144 3914 2161 3946 ι
2199 3896 2297 3961 Qui
2350 3910 2565 3968 propter
2610 3901 2841 3969 aliquam
2886 3905 3257 3959 necessitatem
3318 3908 3389 3958 ad

1927 3999 1944 4030 ι
1985 3983 2299 4036 comitatum
2357 3987 2597 4039 abiturus
2642 3997 2759 4050 est,
2808 4005 2925 4042 eam
2977 3992 3382 4061 Carthaginensi

1927 4086 1944 4118 ι
1991 4072 2251 4124 sacerdoti
2280 4089 2341 4128 ac
2370 4073 2609 4128 Romano
2646 4076 2979 4131 manifestam
3011 4079 3194 4144 faciat,
3225 4094 3277 4134 et
3306 4082 3387 4135 di-

1924 4178 1941 4210 ‹
1990 4160 2289 4214 missoriam
2346 4164 2576 4232 accipiat
2620 4167 2923 4234 epistolam,
2971 4169 3125 4223 aliter
3171 4187 3386 4225 excom-

1922 4268 1940 4299 ι
1988 4251 2307 4304 inunicetur.
2342 4253 2704 4322 Quodcunque
2732 4256 2918 4325 legatis
2962 4258 3091 4311 utile
3125 4259 3387 4313 videbitur

1925 4357 1942 4389 ι
1988 4349 2172 4393 c0ntra
2219 4340 2541 4404 Douatistas,
2576 4350 2666 4397 aut
2694 4344 2931 4409 Graecos,
2963 4360 3253 4415 eorumque
3293 4364 3387 4404 stt-

272 4454 292 4487 ι
341 4436 449 4487 τῶν
499 4432 805 4503 θρησκείὦν
848 4429 1029 4482 αὐτῶν
1058 4469 1074 4491 ,
1141 4426 1399 4481 αἰτείσθω
1456 4428 1519 4479 ὲκ
1584 4427 1739 4495 βασιο
1770 4446 1815 4501 ι)

1637 4446 1739 4480 mo
1770 4446 1815 4501 ι)
1918 4445 1937 4477 ι
1982 4427 2343 4494 oerstitiones,
2371 4429 2499 4482 illud
2527 4433 2592 4484 ab
2622 4432 2944 4500 imperatore
2973 4444 3203 4502 petatur.
3249 4452 3270 4485 ι

274 4543 293 4575 ι
339 4524 492 4585 λὲως.
525 4542 543 4573 ι

275 4612 336 4664 '0
361 4612 465 4663 ἀπὸ
503 4607 763 4678 Ἀφρικῆς
788 4610 872 4661 διὰ
898 4610 1138 4675 ἀνάγκην
1192 4607 1311 4659 τινὰ
1343 4606 1547 4676 μέλλων
1572 4609 1741 4660 ἀπελ-

194 4702 309 4755 θεῖν
342 4702 399 4752 ὂν
431 4700 507 4769 τῷ
557 4700 850 4767 κομιτάτῳ,
908 4698 1185 4749 τουτέστιν
1238 4698 1365 4749 ἔνθα
1415 4702 1442 4751 ό
1491 4698 1742 4764 βασιλεύς

194 4791 332 4853 ἑστι,
358 4788 461 4839 κᾶν
485 4786 739 4854 κληρικός
784 4787 918 4848 ἐστι,
950 4784 1049 4837 κᾶν
1075 4785 1389 4847 ἐπίσκοπος,
1443 4788 1740 4855 κατάδηλον

193 4876 294 4945 τὴν
322 4876 497 4928 αἰτίαν
554 4876 771 4927 ποιείτω
792 4874 867 4941 τῷ
900 4875 995 4939 τῆς
1038 4874 1378 4943 Καρχηδόνος
1432 4875 1734 4945 ὲπισκόπῳ,

196 4965 451 5018 κάκεῖθεν
481 4965 782 5034 γράμματα
813 4961 1126 5031 λαμϐάνων,
1166 4965 1259 5015 καὶ
1307 4964 1439 5032 πρὸς
1483 4966 1571 5016 τὸν
1609 4965 1742 5016 Ῥώ-

195 5075 306 5127 μης
358 5055 804 5124 παραγινόμενος,
847 5052 1184 5121 ὲμφανιξέτω
1246 5053 1435 5105 ἑαυτὸν
1492 5052 1568 5121 τῷ
1621 5056 1742 5108 ἑπι-

194 5150 382 5217 σκόπῳ
439 5145 672 5214 Ῥώμης
706 5146 797 5196 καὶ
845 5143 944 5210 τὴν
997 5142 1174 5194 αἰτίαν
1220 5141 1422 5207 λιγέτω
1460 5142 1527 5193 δι’
1566 5142 1632 5211 ἣν
1662 5145 1740 5206 είς

192 5238 285 5289 τὸν
321 5235 546 5305 βασιλέα
600 5234 915 5303 ποραύιται,
973 5234 1064 5283 καὶ
1113 5230 1205 5282 τοῦ
1283 5231 1498 5300 Ῥώμης
1521 5229 1742 5301 ὼκιμά.

197 5343 389 5387 σαντος
423 5324 645 5391 ταύτην,
696 5322 787 5374 καὶ⁵
819 5319 1037 5386 εὔλογον
1084 5316 1220 5373 εἶναι
1251 5320 1554 5389 κρίναντος,
1602 5322 1741 5391 λαμ-

194 5416 405 5469 δανέτω
430 5417 523 5467 καὶ
548 5415 605 5480 ἐξ
640 5413 849 5465 ἐκείνου
875 5412 1198 5479 γράμματα,
1232 5409 1562 5480 προστασίαν
1582 5410 1740 5463 αὑτοῦ

192 5507 334 5577 πρὸς
371 5508 462 5558 τὸν
488 5504 711 5573 βασιλέα
750 5502 1076 5571 παρέχοντα.
1116 5500 1302 5560 Ὅστις
1328 5498 1382 5551 δὲ
1413 5500 1445 5570 ἢ
1477 5500 1581 5552 τῶν
1628 5502 1743 5553 tm-

190 5598 409 5649 σκόπων
438 5594 471 5662 ἦ
512 5593 619 5646 τῶν
644 5592 918 5659 κληρικῶν
960 5589 1133 5650 ἄλλως
1164 5591 1295 5657 πρὸς
1333 5590 1390 5641 τὸ
1441 5592 1732 5658 κομιτᾶτον

185 5684 424 5756 ἀπέλθῃ,
463 5680 825 5748 ἀκοινώνητος
854 5682 1027 5733 ἔσται.
1066 5680 1175 5732 Καὶ
1216 5678 1366 5746 ζήτει
1406 5680 1603 5730 κανόνα
1652 5681 1737 5732 ἐν-

426 5773 696 5833 Ριτιιοι..
740 5774 853 5831 Litt.
899 5768 1283 5833 CXXXVIII.

1913 4594 2012 4661 Qui
2055 4596 2122 4650 ab
2147 4598 2331 4652 Africa
2378 4610 2593 4669 propter
2640 4605 3015 4659 necessitatem
3061 4606 3293 4674 aliquam
3329 4609 3381 4661 in

1842 4688 2154 4740 comitatum
2197 4700 2280 4743 est
2331 4692 2594 4758 abiturus,
2624 4693 2675 4745 id
2702 4706 2806 4756 σει,
2842 4695 2931 4749 ubi
2966 4696 3256 4763 imperator
3277 4709 3380 4764 est,

1842 4779 2086 4841 quamvis
2131 4778 2362 4835 clericus
2397 4784 2466 4835 sit
2512 4794 2605 4838 aut
2644 4786 2951 4853 episcopus,
2989 4802 3202 4841 causam
3228 4804 3379 4844 suam

1842 4864 2093 4933 episcopo
2146 4866 2553 4938 Carthaginiensi
2599 4875 2936 4927 manifestam
2987 4877 3190 4943 reddat,
3227 4888 3280 4932 et
3312 4880 3381 4931 ab

1842 4968 1905 5006 eo
1929 4954 2131 5009 litteras
2159 4958 2447 5025 accipiens,
2476 4970 2527 5013 et
2554 4963 2618 5013 ad
2646 4962 2830 5016 Romae
2851 4966 3157 5033 episcOpum
3177 4982 3235 5021 se
3256 4982 3387 5021 con-

1842 5040 2040 5105 ferens,
2081 5042 2334 5111 episcopo
2377 5046 2620 5101 Romano
2668 5064 2729 5103 se
2774 5052 3043 5115 ostendat,
3086 5064 3139 5105 et
3166 5069 3381 5108 causam

1844 5131 1984 5184 dicat
2006 5145 2176 5197 quare
2205 5135 2267 5186 ad
2298 5135 2674 5203 imperatorem
2720 5141 3072 5207 proficiscitur
3105 5159 3120 5197 :
3156 5154 3210 5198 et
3262 5145 3380 5212 epi-

1841 5237 2001 5290 scopo
2026 5224 2263 5276 Romano
2289 5238 2405 5278 eam
2432 5228 2774 5295 approbante,
2799 5238 2851 5284 et
2873 5230 3070 5298 justam
3091 5247 3211 5287 esse
3241 5234 3387 5300 judi-

1841 5322 2015 5376 cante,
2068 5313 2297 5382 accipiat
2325 5325 2378 5367 et
2414 5315 2482 5369 ab
2510 5331 2575 5371 eo
2602 5318 2830 5383 litteras,
2875 5321 3236 5376 dimissionem
3268 5322 3387 5391 ejus

1843 5408 1908 5461 ad
1936 5407 2315 5473 imperatorem
2344 5405 2683 5461 exhibentes.
2730 5408 3042 5478 Quicunque
3070 5418 3245 5464 autem
3271 5412 3385 5463 sive

1841 5511 1905 5550 ex
1933 5494 2195 5563 episcopis
2224 5494 2335 5548 sive
2365 5509 2394 5548 e
2420 5496 2630 5550 clericis
2665 5497 2820 5550 aliter
2847 5499 2898 5552 in
2924 5500 3230 5553 comitatum
3254 5514 3379 5567 pro-

1844 5586 2132 5646 ficiscetur,
2168 5584 2657 5637 excommunicatus
2700 5587 2823 5639 erit.
2866 5588 3055 5651 Quaere
3086 5589 3244 5642 etiam
3279 5604 3382 5640 uu-

1842 5677 2107 5732 decimum
2136 5670 2328 5742 synodi
2362 5672 2707 5728 Antiochense
2737 5690 3016 5741 canonetn,
3042 5688 3095 5729 et
3127 5690 3385 5733 canonum

2965 5765 3034 5827 12
