  <div class='ocr_page' id='page_1' title='image "/cluster/home/n/w/nwhite01/storage/ocr_20150623/138/uva.x030486987/219.png"; bbox 0 0 4136 6454; ppageno 0'>
   <div class='ocr_carea' id='block_1_1' title="bbox 714 408 818 464">
    <p class='ocr_par' dir='ltr' id='par_1_1' title="bbox 714 408 818 464">
     <span class='ocr_line' id='line_1_1' title="bbox 714 408 818 464; baseline 0.01 -1"><span class='ocrx_word' id='word_1_1' title='bbox 714 408 818 464; x_wconf 67' lang='grc'><strong>363</strong></span> 
     </span>
    </p>
   </div>
   <div class='ocr_carea' id='block_1_2' title="bbox 1947 397 2653 459">
    <p class='ocr_par' dir='ltr' id='par_1_2' title="bbox 1947 397 2653 459">
     <span class='ocr_line' id='line_1_2' title="bbox 1947 397 2653 459; baseline -0.003 -1"><span class='ocrx_word' id='word_1_2' title='bbox 1947 401 2218 459; x_wconf 79' lang='lat' dir='ltr'><strong>&#39;I‘liEUD.</strong></span> <span class='ocrx_word' id='word_1_3' title='bbox 2260 397 2653 456; x_wconf 64' lang='lat' dir='ltr'><strong>llALSAMUN</strong></span> 
     </span>
    </p>
   </div>
   <div class='ocr_carea' id='block_1_3' title="bbox 3797 391 3901 456">
    <p class='ocr_par' dir='ltr' id='par_1_3' title="bbox 3797 391 3901 456">
     <span class='ocr_line' id='line_1_3' title="bbox 3797 391 3901 456; baseline 0.01 -1"><span class='ocrx_word' id='word_1_4' title='bbox 3797 391 3901 456; x_wconf 59' lang='lat'><strong>361</strong></span> 
     </span>
    </p>
   </div>
   <div class='ocr_carea' id='block_1_4' title="bbox 713 503 2346 580">
    <p class='ocr_par' dir='ltr' id='par_1_4' title="bbox 713 507 2324 580">
     <span class='ocr_line' id='line_1_4' title="bbox 713 507 2324 580; baseline -0.004 -17"><span class='ocrx_word' id='word_1_5' title='bbox 713 515 901 580; x_wconf 78' lang='lat' dir='ltr'><strong>synodi</strong></span> <span class='ocrx_word' id='word_1_6' title='bbox 937 508 1268 563; x_wconf 75' lang='lat' dir='ltr'><strong>Sardiccnsis</strong></span> <span class='ocrx_word' id='word_1_7' title='bbox 1291 523 1508 561; x_wconf 85' lang='lat' dir='ltr'><strong>nonum.</strong></span> <span class='ocrx_word' id='word_1_8' title='bbox 1548 507 1726 575; x_wconf 56' lang='lat' dir='ltr'><strong>Legati</strong></span> <span class='ocrx_word' id='word_1_9' title='bbox 1755 521 1783 560; x_wconf 84' lang='lat' dir='ltr'><strong>e</strong></span> <span class='ocrx_word' id='word_1_10' title='bbox 1818 509 2019 576; x_wconf 80' lang='lat' dir='ltr'><strong>synodo</strong></span> <span class='ocrx_word' id='word_1_11' title='bbox 2053 509 2115 557; x_wconf 51' lang='lat' dir='ltr'><strong>all</strong></span> <span class='ocrx_word' id='word_1_12' title='bbox 2150 508 2250 558; x_wconf 90' lang='lat' dir='ltr'><strong>im-</strong></span> <span class='ocrx_word' id='word_1_13' title='bbox 2283 513 2324 565; x_wconf 81' lang='grc' dir='ltr'><strong>Α</strong></span> 
     </span>
    </p>
   </div>
   <div class='ocr_carea' id='block_1_5' title="bbox 2269 503 3902 580">
    <p class='ocr_par' dir='ltr' id='par_1_5' title="bbox 2283 503 3902 572">
     <span class='ocr_line' id='line_1_5' title="bbox 2283 503 3902 572; baseline 0.001 -19"><span class='ocrx_word' id='word_1_14' title='bbox 2283 505 2574 565; x_wconf 80' lang='grc' dir='ltr'>Αδὲκατον</span> <span class='ocrx_word' id='word_1_15' title='bbox 2623 503 2716 570; x_wconf 66' lang='grc' dir='ltr'>τῆς</span> <span class='ocrx_word' id='word_1_16' title='bbox 2765 504 2822 552; x_wconf 83' lang='grc' dir='ltr'><strong>ἐν</strong></span> <span class='ocrx_word' id='word_1_17' title='bbox 2892 505 3197 572; x_wconf 74' lang='grc' dir='ltr'>’Δντιοχεία</span> <span class='ocrx_word' id='word_1_18' title='bbox 3256 505 3492 565; x_wconf 80' lang='grc' dir='ltr'>συνόδου,</span> <span class='ocrx_word' id='word_1_19' title='bbox 3548 507 3638 555; x_wconf 71' lang='grc' dir='ltr'>καὶ</span> <span class='ocrx_word' id='word_1_20' title='bbox 3696 505 3793 569; x_wconf 75' lang='grc' dir='ltr'>τῆς</span> <span class='ocrx_word' id='word_1_21' title='bbox 3843 506 3902 552; x_wconf 87' lang='grc' dir='ltr'>ἑν</span> 
     </span>
    </p>
   </div>
   <div class='ocr_carea' id='block_1_6' title="bbox 717 589 2245 661">
    <p class='ocr_par' dir='ltr' id='par_1_6' title="bbox 717 589 2245 661">
     <span class='ocr_line' id='line_1_6' title="bbox 717 589 2245 661; baseline -0.007 -13"><span class='ocrx_word' id='word_1_22' title='bbox 717 605 1016 661; x_wconf 84' lang='lat' dir='ltr'><strong>peratorent</strong></span> <span class='ocrx_word' id='word_1_23' title='bbox 1053 593 1196 645; x_wconf 81' lang='lat' dir='ltr'><strong>missi</strong></span> <span class='ocrx_word' id='word_1_24' title='bbox 1219 593 1449 660; x_wconf 87' lang='lat' dir='ltr'><strong>episcopi</strong></span> <span class='ocrx_word' id='word_1_25' title='bbox 1477 590 1731 644; x_wconf 80' lang='lat' dir='ltr'><strong>adversus</strong></span> <span class='ocrx_word' id='word_1_26' title='bbox 1759 589 1971 643; x_wconf 66' lang='lat' dir='ltr'><strong>Cra-cos</strong></span> <span class='ocrx_word' id='word_1_27' title='bbox 1998 597 2050 640; x_wconf 89' lang='lat' dir='ltr'><strong>ct</strong></span> <span class='ocrx_word' id='word_1_28' title='bbox 2078 590 2245 640; x_wconf 68' lang='lat' dir='ltr'><strong>lucre-</strong></span> 
     </span>
    </p>
   </div>
   <div class='ocr_carea' id='block_1_7' title="bbox 725 675 2251 749">
    <p class='ocr_par' dir='ltr' id='par_1_7' title="bbox 725 675 2251 749">
     <span class='ocr_line' id='line_1_7' title="bbox 725 675 2251 749; baseline -0.009 -8"><span class='ocrx_word' id='word_1_29' title='bbox 725 688 880 749; x_wconf 87' lang='lat' dir='ltr'><strong>ticos,</strong></span> <span class='ocrx_word' id='word_1_30' title='bbox 915 683 1183 736; x_wconf 76' lang='lat' dir='ltr'><strong>licentiam</strong></span> <span class='ocrx_word' id='word_1_31' title='bbox 1236 689 1552 748; x_wconf 82' lang='lat' dir='ltr'><strong>acceperunt</strong></span> <span class='ocrx_word' id='word_1_32' title='bbox 1593 681 1944 748; x_wconf 87' lang='lat' dir='ltr'><strong>quodcunque</strong></span> <span class='ocrx_word' id='word_1_33' title='bbox 1998 675 2251 730; x_wconf 72' lang='lat' dir='ltr'><strong>Ecclesia:</strong></span> 
     </span>
    </p>
   </div>
   <div class='ocr_carea' id='block_1_8' title="bbox 717 761 2252 837">
    <p class='ocr_par' dir='ltr' id='par_1_8' title="bbox 717 761 2252 837">
     <span class='ocr_line' id='line_1_8' title="bbox 717 761 2252 837; baseline -0.012 -6"><span class='ocrx_word' id='word_1_34' title='bbox 717 777 992 831; x_wconf 60' lang='lat' dir='ltr'><strong>catholicae</strong></span> <span class='ocrx_word' id='word_1_35' title='bbox 1020 771 1356 828; x_wconf 87' lang='lat' dir='ltr'><strong>commodum</strong></span> <span class='ocrx_word' id='word_1_36' title='bbox 1393 769 1504 824; x_wconf 82' lang='lat' dir='ltr'><strong>fore</strong></span> <span class='ocrx_word' id='word_1_37' title='bbox 1529 769 1876 837; x_wconf 73' lang='lat' dir='ltr'><strong>cognoverint</strong></span> <span class='ocrx_word' id='word_1_38' title='bbox 1901 775 2082 818; x_wconf 86' lang='lat' dir='ltr'><strong>contra</strong></span> <span class='ocrx_word' id='word_1_39' title='bbox 2106 761 2252 814; x_wconf 72' lang='lat' dir='ltr'><strong>Crat-</strong></span> 
     </span>
    </p>
   </div>
   <div class='ocr_carea' id='block_1_9' title="bbox 716 853 2255 927">
    <p class='ocr_par' dir='ltr' id='par_1_9' title="bbox 716 853 2255 927">
     <span class='ocr_line' id='line_1_9' title="bbox 716 853 2255 927; baseline -0.014 -3"><span class='ocrx_word' id='word_1_40' title='bbox 716 885 900 925; x_wconf 88' lang='lat' dir='ltr'><strong>corum</strong></span> <span class='ocrx_word' id='word_1_41' title='bbox 928 876 980 921; x_wconf 89' lang='lat' dir='ltr'><strong>et</strong></span> <span class='ocrx_word' id='word_1_42' title='bbox 1009 865 1408 919; x_wconf 87' lang='lat' dir='ltr'><strong>Donatistarum</strong></span> <span class='ocrx_word' id='word_1_43' title='bbox 1442 860 1774 927; x_wconf 76' lang='lat' dir='ltr'><strong>religionem,</strong></span> <span class='ocrx_word' id='word_1_44' title='bbox 1805 855 1931 909; x_wconf 91' lang='lat' dir='ltr'><strong>illud</strong></span> <span class='ocrx_word' id='word_1_45' title='bbox 1982 855 2047 908; x_wconf 86' lang='lat' dir='ltr'><strong>ab</strong></span> <span class='ocrx_word' id='word_1_46' title='bbox 2084 853 2255 916; x_wconf 77' lang='lat' dir='ltr'><strong>impe-</strong></span> 
     </span>
    </p>
   </div>
   <div class='ocr_carea' id='block_1_10' title="bbox 720 943 2252 1023">
    <p class='ocr_par' dir='ltr' id='par_1_10' title="bbox 720 943 2252 1023">
     <span class='ocr_line' id='line_1_10' title="bbox 720 943 2252 1023; baseline -0.013 -10"><span class='ocrx_word' id='word_1_47' title='bbox 720 967 898 1014; x_wconf 87' lang='lat' dir='ltr'><strong>ratore</strong></span> <span class='ocrx_word' id='word_1_48' title='bbox 931 963 1131 1023; x_wconf 78' lang='lat' dir='ltr'><strong>petere,</strong></span> <span class='ocrx_word' id='word_1_49' title='bbox 1161 951 1404 1022; x_wconf 78' lang='lat' dir='ltr'><strong>quamvis</strong></span> <span class='ocrx_word' id='word_1_50' title='bbox 1436 949 1561 1003; x_wconf 87' lang='lat' dir='ltr'><strong>illud</strong></span> <span class='ocrx_word' id='word_1_51' title='bbox 1583 947 1920 1017; x_wconf 80' lang='lat' dir='ltr'><strong>peculiariter</strong></span> <span class='ocrx_word' id='word_1_52' title='bbox 1949 943 2252 996; x_wconf 85' lang='lat' dir='ltr'><strong>mandatum</strong></span> 
     </span>
    </p>
   </div>
   <div class='ocr_carea' id='block_1_11' title="bbox 718 1050 1170 1104">
    <p class='ocr_par' dir='ltr' id='par_1_11' title="bbox 718 1050 1170 1104">
     <span class='ocr_line' id='line_1_11' title="bbox 718 1050 1170 1104; baseline -0.015 0"><span class='ocrx_word' id='word_1_53' title='bbox 718 1065 820 1104; x_wconf 93' lang='lat' dir='ltr'><strong>non</strong></span> <span class='ocrx_word' id='word_1_54' title='bbox 852 1050 1170 1103; x_wconf 86' lang='lat' dir='ltr'><strong>habuerunt.</strong></span> 
     </span>
    </p>
   </div>
   <div class='ocr_carea' id='block_1_12' title="bbox 1205 1211 1765 1292">
    <p class='ocr_par' dir='ltr' id='par_1_12' title="bbox 1205 1211 1765 1292">
     <span class='ocr_line' id='line_1_12' title="bbox 1205 1211 1765 1292; baseline -0.013 -19"><span class='ocrx_word' id='word_1_55' title='bbox 1205 1219 1367 1292; x_wconf 65' lang='grc' dir='ltr'><strong>ω</strong></span> <span class='ocrx_word' id='word_1_56' title='bbox 1393 1213 1619 1272; x_wconf 78' lang='lat' dir='ltr'><strong>CANON</strong></span> <span class='ocrx_word' id='word_1_57' title='bbox 1654 1211 1765 1267; x_wconf 84' lang='lat' dir='ltr'><strong>ex.</strong></span> 
     </span>
    </p>
   </div>
   <div class='ocr_carea' id='block_1_13' title="bbox 727 1295 2255 1387">
    <p class='ocr_par' dir='ltr' id='par_1_13' title="bbox 727 1295 2255 1387">
     <span class='ocr_line' id='line_1_13' title="bbox 727 1295 2255 1387; baseline -0.013 -19"><span class='ocrx_word' id='word_1_58' title='bbox 727 1340 741 1368; x_wconf 74' lang='grc' dir='ltr'><strong>ι</strong></span> <span class='ocrx_word' id='word_1_59' title='bbox 787 1315 1030 1387; x_wconf 67' lang='lat' dir='ltr'><strong>Sypodus</strong></span> <span class='ocrx_word' id='word_1_60' title='bbox 1057 1321 1242 1367; x_wconf 78' lang='lat' dir='ltr'><strong>contra</strong></span> <span class='ocrx_word' id='word_1_61' title='bbox 1287 1310 1501 1363; x_wconf 65' lang='lat' dir='ltr'><strong>Graecos</strong></span> <span class='ocrx_word' id='word_1_62' title='bbox 1532 1315 1584 1360; x_wconf 89' lang='lat' dir='ltr'><strong>et</strong></span> <span class='ocrx_word' id='word_1_63' title='bbox 1621 1302 1915 1358; x_wconf 66' lang='lat' dir='ltr'><strong>haereticos.</strong></span> <span class='ocrx_word' id='word_1_64' title='bbox 1959 1297 2070 1352; x_wconf 82' lang='lat' dir='ltr'><strong>Sub</strong></span> <span class='ocrx_word' id='word_1_65' title='bbox 2093 1295 2255 1349; x_wconf 83' lang='lat' dir='ltr'><strong>Basso</strong></span> 
     </span>
    </p>
   </div>
   <div class='ocr_carea' id='block_1_14' title="bbox 797 1387 2255 1472">
    <p class='ocr_par' dir='ltr' id='par_1_14' title="bbox 797 1387 2255 1472">
     <span class='ocr_line' id='line_1_14' title="bbox 797 1387 2255 1472; baseline -0.016 -12"><span class='ocrx_word' id='word_1_66' title='bbox 797 1429 812 1459; x_wconf 80' lang='grc' dir='ltr'><strong>ι</strong></span> <span class='ocrx_word' id='word_1_67' title='bbox 861 1417 912 1460; x_wconf 90' lang='lat' dir='ltr'><strong>et</strong></span> <span class='ocrx_word' id='word_1_68' title='bbox 935 1404 1197 1472; x_wconf 84' lang='lat' dir='ltr'><strong>Philippo,</strong></span> <span class='ocrx_word' id='word_1_69' title='bbox 1223 1397 1541 1454; x_wconf 83' lang='lat' dir='ltr'><strong>clarissimis</strong></span> <span class='ocrx_word' id='word_1_70' title='bbox 1568 1392 1892 1454; x_wconf 77' lang='lat' dir='ltr'><strong>consulibus,</strong></span> <span class='ocrx_word' id='word_1_71' title='bbox 1927 1390 1990 1440; x_wconf 70' lang='grc' dir='ltr'><strong>Α.</strong></span> <span class='ocrx_word' id='word_1_72' title='bbox 2018 1387 2079 1439; x_wconf 85' lang='grc' dir='ltr'>ι).</span> <span class='ocrx_word' id='word_1_73' title='bbox 2107 1395 2255 1438; x_wconf 77' lang='lat' dir='ltr'><strong>sexto</strong></span> 
     </span>
    </p>
   </div>
   <div class='ocr_carea' id='block_1_15' title="bbox 799 1477 2256 1548">
    <p class='ocr_par' dir='ltr' id='par_1_15' title="bbox 799 1477 2256 1548">
     <span class='ocr_line' id='line_1_15' title="bbox 799 1477 2256 1548; baseline -0.016 0"><span class='ocrx_word' id='word_1_74' title='bbox 799 1517 815 1548; x_wconf 80' lang='grc' dir='ltr'><strong>ι</strong></span> <span class='ocrx_word' id='word_1_75' title='bbox 863 1496 1072 1548; x_wconf 83' lang='lat' dir='ltr'><strong>decimo</strong></span> <span class='ocrx_word' id='word_1_76' title='bbox 1103 1490 1351 1545; x_wconf 80' lang='lat' dir='ltr'><strong>calendas</strong></span> <span class='ocrx_word' id='word_1_77' title='bbox 1379 1485 1566 1548; x_wconf 85' lang='lat' dir='ltr'><strong>Julias,</strong></span> <span class='ocrx_word' id='word_1_78' title='bbox 1595 1480 1919 1548; x_wconf 73' lang='lat' dir='ltr'><strong>Carthagine</strong></span> <span class='ocrx_word' id='word_1_79' title='bbox 1958 1477 2008 1529; x_wconf 92' lang='lat' dir='ltr'><strong>in</strong></span> <span class='ocrx_word' id='word_1_80' title='bbox 2049 1481 2256 1528; x_wconf 85' lang='lat' dir='ltr'><strong>secreto</strong></span> 
     </span>
    </p>
   </div>
   <div class='ocr_carea' id='block_1_16' title="bbox 797 1564 2254 1639">
    <p class='ocr_par' dir='ltr' id='par_1_16' title="bbox 797 1564 2254 1639">
     <span class='ocr_line' id='line_1_16' title="bbox 797 1564 2254 1639; baseline -0.016 -3"><span class='ocrx_word' id='word_1_81' title='bbox 797 1609 812 1636; x_wconf 72' lang='grc' dir='ltr'><strong>ι</strong></span> <span class='ocrx_word' id='word_1_82' title='bbox 862 1585 1139 1638; x_wconf 61' lang='lat' dir='ltr'><strong>Restitute</strong></span> <span class='ocrx_word' id='word_1_83' title='bbox 1179 1578 1436 1634; x_wconf 53' lang='lat' dir='ltr'><strong>ecclesias.</strong></span> <span class='ocrx_word' id='word_1_84' title='bbox 1479 1577 1535 1629; x_wconf 91' lang='lat' dir='ltr'><strong>ln</strong></span> <span class='ocrx_word' id='word_1_85' title='bbox 1572 1574 1672 1626; x_wconf 86' lang='lat' dir='ltr'><strong>hac</strong></span> <span class='ocrx_word' id='word_1_86' title='bbox 1704 1570 1903 1639; x_wconf 83' lang='lat' dir='ltr'><strong>synodo</strong></span> <span class='ocrx_word' id='word_1_87' title='bbox 1940 1564 2254 1634; x_wconf 67' lang='lat' dir='ltr'><strong>legationem</strong></span> 
     </span>
    </p>
   </div>
   <div class='ocr_carea' id='block_1_17' title="bbox 797 1648 2256 1739">
    <p class='ocr_par' dir='ltr' id='par_1_17' title="bbox 797 1648 2256 1739">
     <span class='ocr_line' id='line_1_17' title="bbox 797 1648 2256 1739; baseline -0.019 -11"><span class='ocrx_word' id='word_1_88' title='bbox 797 1697 815 1727; x_wconf 75' lang='grc' dir='ltr'><strong>ι</strong></span> <span class='ocrx_word' id='word_1_89' title='bbox 863 1683 1150 1739; x_wconf 80' lang='lat' dir='ltr'><strong>suscepere</strong></span> <span class='ocrx_word' id='word_1_90' title='bbox 1181 1666 1481 1722; x_wconf 74' lang='lat' dir='ltr'><strong>Restitutus</strong></span> <span class='ocrx_word' id='word_1_91' title='bbox 1522 1672 1576 1716; x_wconf 92' lang='lat' dir='ltr'><strong>et</strong></span> <span class='ocrx_word' id='word_1_92' title='bbox 1632 1657 1974 1712; x_wconf 86' lang='lat' dir='ltr'><strong>Florentinus</strong></span> <span class='ocrx_word' id='word_1_93' title='bbox 2021 1648 2256 1719; x_wconf 84' lang='lat' dir='ltr'><strong>episcopi</strong></span> 
     </span>
    </p>
   </div>
   <div class='ocr_carea' id='block_1_18' title="bbox 805 1742 2255 1816">
    <p class='ocr_par' dir='ltr' id='par_1_18' title="bbox 805 1742 2255 1816">
     <span class='ocr_line' id='line_1_18' title="bbox 805 1742 2255 1816; baseline -0.019 -2"><span class='ocrx_word' id='word_1_94' title='bbox 805 1785 822 1814; x_wconf 79' lang='grc' dir='ltr'><strong>ι</strong></span> <span class='ocrx_word' id='word_1_95' title='bbox 866 1762 1122 1816; x_wconf 82' lang='lat' dir='ltr'><strong>adversus</strong></span> <span class='ocrx_word' id='word_1_96' title='bbox 1148 1755 1359 1811; x_wconf 62' lang='lat' dir='ltr'><strong>Gnaeos</strong></span> <span class='ocrx_word' id='word_1_97' title='bbox 1385 1761 1438 1806; x_wconf 91' lang='lat' dir='ltr'><strong>et</strong></span> <span class='ocrx_word' id='word_1_98' title='bbox 1470 1747 1770 1808; x_wconf 68' lang='lat' dir='ltr'><strong>haereticos,</strong></span> <span class='ocrx_word' id='word_1_99' title='bbox 1795 1745 1847 1796; x_wconf 92' lang='lat' dir='ltr'><strong>in</strong></span> <span class='ocrx_word' id='word_1_100' title='bbox 1873 1742 1966 1794; x_wconf 85' lang='lat' dir='ltr'><strong>illo</strong></span> <span class='ocrx_word' id='word_1_101' title='bbox 1998 1748 2255 1805; x_wconf 87' lang='lat' dir='ltr'><strong>tempore,</strong></span> 
     </span>
    </p>
   </div>
   <div class='ocr_carea' id='block_1_19' title="bbox 795 1812 2332 1919">
    <p class='ocr_par' dir='ltr' id='par_1_19' title="bbox 795 1812 2332 1919">
     <span class='ocr_line' id='line_1_19' title="bbox 795 1812 2332 1919; baseline -0.018 -17"><span class='ocrx_word' id='word_1_102' title='bbox 795 1812 821 1902; x_wconf 42' lang='grc' dir='ltr'>τ-</span> <span class='ocrx_word' id='word_1_103' title='bbox 859 1812 962 1919; x_wconf 66' lang='lat' dir='ltr'><strong>quo</strong></span> <span class='ocrx_word' id='word_1_104' title='bbox 981 1812 1221 1900; x_wconf 27' lang='lat' dir='ltr'><strong>vSevertts</strong></span> <span class='ocrx_word' id='word_1_105' title='bbox 1243 1853 1296 1897; x_wconf 87' lang='lat' dir='ltr'><strong>et.</strong></span> <span class='ocrx_word' id='word_1_106' title='bbox 1323 1839 1587 1894; x_wconf 76' lang='lat' dir='ltr'><strong>Macarius</strong></span> <span class='ocrx_word' id='word_1_107' title='bbox 1613 1833 1835 1903; x_wconf 84' lang='lat' dir='ltr'><strong>depositi</strong></span> <span class='ocrx_word' id='word_1_108' title='bbox 1865 1838 1986 1885; x_wconf 87' lang='lat' dir='ltr'><strong>sunt</strong></span> <span class='ocrx_word' id='word_1_109' title='bbox 2014 1844 2027 1879; x_wconf 92' lang='lat'><strong>:</strong></span> <span class='ocrx_word' id='word_1_110' title='bbox 2060 1835 2261 1919; x_wconf 30' lang='lat' dir='ltr'><strong>e‘tnpro-</strong></span> <span class='ocrx_word' id='word_1_111' title='bbox 2290 1812 2332 1867; x_wconf 80' lang='grc' dir='ltr'><strong><em>Β</em></strong></span> 
     </span>
    </p>
   </div>
   <div class='ocr_carea' id='block_1_20' title="bbox 804 1911 2264 2008">
    <p class='ocr_par' dir='ltr' id='par_1_20' title="bbox 804 1911 2264 2008">
     <span class='ocr_line' id='line_1_20' title="bbox 804 1911 2264 2008; baseline -0.02 -15"><span class='ocrx_word' id='word_1_112' title='bbox 804 1960 820 1992; x_wconf 74' lang='grc' dir='ltr'><strong>ι</strong></span> <span class='ocrx_word' id='word_1_113' title='bbox 866 1911 982 2008; x_wconf 80' lang='lat' dir='ltr'><strong>pter</strong></span> <span class='ocrx_word' id='word_1_114' title='bbox 1011 1947 1193 1990; x_wconf 87' lang='lat' dir='ltr'><strong>eorum</strong></span> <span class='ocrx_word' id='word_1_115' title='bbox 1217 1943 1428 1984; x_wconf 78' lang='lat' dir='ltr'><strong>causam</strong></span> <span class='ocrx_word' id='word_1_116' title='bbox 1454 1925 1706 1985; x_wconf 86' lang='lat' dir='ltr'><strong>Evodius,</strong></span> <span class='ocrx_word' id='word_1_117' title='bbox 1727 1918 1986 1973; x_wconf 82' lang='lat' dir='ltr'><strong>Theasius</strong></span> <span class='ocrx_word' id='word_1_118' title='bbox 2003 1925 2056 1970; x_wconf 89' lang='lat' dir='ltr'><strong>et</strong></span> <span class='ocrx_word' id='word_1_119' title='bbox 2085 1911 2264 1966; x_wconf 83' lang='lat' dir='ltr'><strong>Victor</strong></span> 
     </span>
    </p>
   </div>
   <div class='ocr_carea' id='block_1_21' title="bbox 804 2021 1424 2097">
    <p class='ocr_par' dir='ltr' id='par_1_21' title="bbox 804 2021 1424 2097">
     <span class='ocr_line' id='line_1_21' title="bbox 804 2021 1424 2097; baseline -0.019 -15"><span class='ocrx_word' id='word_1_120' title='bbox 804 2051 820 2081; x_wconf 81' lang='grc' dir='ltr'><strong>ι</strong></span> <span class='ocrx_word' id='word_1_121' title='bbox 869 2023 1100 2097; x_wconf 80' lang='lat' dir='ltr'><strong>episcopi</strong></span> <span class='ocrx_word' id='word_1_122' title='bbox 1128 2021 1251 2076; x_wconf 69' lang='lat' dir='ltr'><strong>caesi</strong></span> <span class='ocrx_word' id='word_1_123' title='bbox 1279 2027 1424 2074; x_wconf 87' lang='lat' dir='ltr'><strong>sunt.</strong></span> 
     </span>
    </p>
   </div>
   <div class='ocr_carea' id='block_1_22' title="bbox 802 2263 2266 2353">
    <p class='ocr_par' dir='ltr' id='par_1_22' title="bbox 802 2263 2266 2353">
     <span class='ocr_line' id='line_1_22' title="bbox 802 2263 2266 2353; baseline -0.015 -16"><span class='ocrx_word' id='word_1_124' title='bbox 802 2304 820 2336; x_wconf 74' lang='grc' dir='ltr'><strong>ι</strong></span> <span class='ocrx_word' id='word_1_125' title='bbox 869 2281 1114 2353; x_wconf 86' lang='lat' dir='ltr'><strong>Synodus</strong></span> <span class='ocrx_word' id='word_1_126' title='bbox 1146 2281 1209 2334; x_wconf 90' lang='lat' dir='ltr'><strong>de</strong></span> <span class='ocrx_word' id='word_1_127' title='bbox 1234 2277 1538 2348; x_wconf 74' lang='lat' dir='ltr'><strong>cognitione</strong></span> <span class='ocrx_word' id='word_1_128' title='bbox 1579 2273 1970 2342; x_wconf 88' lang='lat' dir='ltr'><strong>episcoporum.</strong></span> <span class='ocrx_word' id='word_1_129' title='bbox 2007 2265 2118 2321; x_wconf 74' lang='lat' dir='ltr'><strong>Sub</strong></span> <span class='ocrx_word' id='word_1_130' title='bbox 2151 2263 2266 2333; x_wconf 71' lang='lat' dir='ltr'><strong>glo-</strong></span> 
     </span>
    </p>
   </div>
   <div class='ocr_carea' id='block_1_23' title="bbox 736 2357 2268 2434">
    <p class='ocr_par' dir='ltr' id='par_1_23' title="bbox 736 2357 2268 2434">
     <span class='ocr_line' id='line_1_23' title="bbox 736 2357 2268 2434; baseline -0.011 -11"><span class='ocrx_word' id='word_1_131' title='bbox 736 2395 752 2423; x_wconf 76' lang='grc' dir='ltr'>ι</span> <span class='ocrx_word' id='word_1_132' title='bbox 803 2369 1112 2426; x_wconf 82' lang='lat' dir='ltr'><strong>riosissimis</strong></span> <span class='ocrx_word' id='word_1_133' title='bbox 1139 2357 1575 2434; x_wconf 73' lang='lat' dir='ltr'><strong>imperatoribus,</strong></span> <span class='ocrx_word' id='word_1_134' title='bbox 1611 2360 1846 2424; x_wconf 75' lang='lat' dir='ltr'><strong>Honorio</strong></span> <span class='ocrx_word' id='word_1_135' title='bbox 1873 2357 2180 2425; x_wconf 90' lang='lat' dir='ltr'><strong>septimum,</strong></span> <span class='ocrx_word' id='word_1_136' title='bbox 2214 2361 2268 2407; x_wconf 88' lang='lat' dir='ltr'><strong>et</strong></span> 
     </span>
    </p>
   </div>
   <div class='ocr_carea' id='block_1_24' title="bbox 735 2443 2264 2521">
    <p class='ocr_par' dir='ltr' id='par_1_24' title="bbox 735 2443 2264 2521">
     <span class='ocr_line' id='line_1_24' title="bbox 735 2443 2264 2521; baseline -0.012 -7"><span class='ocrx_word' id='word_1_137' title='bbox 735 2485 752 2514; x_wconf 79' lang='grc' dir='ltr'><strong>ι</strong></span> <span class='ocrx_word' id='word_1_138' title='bbox 794 2459 1093 2516; x_wconf 81' lang='lat' dir='ltr'><strong>Theodosio</strong></span> <span class='ocrx_word' id='word_1_139' title='bbox 1138 2456 1390 2518; x_wconf 87' lang='lat' dir='ltr'><strong>tertium,</strong></span> <span class='ocrx_word' id='word_1_140' title='bbox 1437 2453 1690 2521; x_wconf 73' lang='lat' dir='ltr'><strong>Augustis</strong></span> <span class='ocrx_word' id='word_1_141' title='bbox 1748 2447 2055 2503; x_wconf 87' lang='lat' dir='ltr'><strong>consulibus</strong></span> <span class='ocrx_word' id='word_1_142' title='bbox 2089 2445 2151 2497; x_wconf 76' lang='grc' dir='ltr'>Δ.</span> <span class='ocrx_word' id='word_1_143' title='bbox 2203 2443 2264 2496; x_wconf 79' lang='lat' dir='ltr'><strong>D&#39;.</strong></span> 
     </span>
    </p>
   </div>
   <div class='ocr_carea' id='block_1_25' title="bbox 739 2530 2266 2616">
    <p class='ocr_par' dir='ltr' id='par_1_25' title="bbox 739 2530 2266 2616">
     <span class='ocr_line' id='line_1_25' title="bbox 739 2530 2266 2616; baseline -0.014 -13"><span class='ocrx_word' id='word_1_144' title='bbox 739 2573 755 2603; x_wconf 76' lang='grc' dir='ltr'><strong>ι</strong></span> <span class='ocrx_word' id='word_1_145' title='bbox 803 2553 1012 2606; x_wconf 82' lang='lat' dir='ltr'><strong>decimo</strong></span> <span class='ocrx_word' id='word_1_146' title='bbox 1047 2547 1277 2616; x_wconf 89' lang='lat' dir='ltr'><strong>septimo</strong></span> <span class='ocrx_word' id='word_1_147' title='bbox 1320 2543 1568 2595; x_wconf 83' lang='lat' dir='ltr'><strong>calendas</strong></span> <span class='ocrx_word' id='word_1_148' title='bbox 1601 2539 1787 2599; x_wconf 74' lang='lat' dir='ltr'><strong>Julias,</strong></span> <span class='ocrx_word' id='word_1_149' title='bbox 1832 2533 2152 2598; x_wconf 79' lang='lat' dir='ltr'><strong>Carthagine</strong></span> <span class='ocrx_word' id='word_1_150' title='bbox 2215 2530 2266 2582; x_wconf 89' lang='lat' dir='ltr'><strong>in</strong></span> 
     </span>
    </p>
   </div>
   <div class='ocr_carea' id='block_1_26' title="bbox 737 2625 2268 2701">
    <p class='ocr_par' dir='ltr' id='par_1_26' title="bbox 737 2625 2268 2701">
     <span class='ocr_line' id='line_1_26' title="bbox 737 2625 2268 2701; baseline -0.012 -9"><span class='ocrx_word' id='word_1_151' title='bbox 737 2663 754 2692; x_wconf 75' lang='grc' dir='ltr'><strong>ι</strong></span> <span class='ocrx_word' id='word_1_152' title='bbox 802 2640 1058 2695; x_wconf 69' lang='lat' dir='ltr'><strong>Secundae</strong></span> <span class='ocrx_word' id='word_1_153' title='bbox 1087 2635 1332 2701; x_wconf 86' lang='lat' dir='ltr'><strong>ecclesia.</strong></span> <span class='ocrx_word' id='word_1_154' title='bbox 1367 2634 1422 2686; x_wconf 93' lang='lat' dir='ltr'><strong>ln</strong></span> <span class='ocrx_word' id='word_1_155' title='bbox 1450 2633 1548 2685; x_wconf 86' lang='lat' dir='ltr'><strong>hac</strong></span> <span class='ocrx_word' id='word_1_156' title='bbox 1578 2627 1780 2699; x_wconf 79' lang='lat' dir='ltr'><strong>synodo</strong></span> <span class='ocrx_word' id='word_1_157' title='bbox 1803 2625 2020 2692; x_wconf 89' lang='lat' dir='ltr'><strong>placuit,</strong></span> <span class='ocrx_word' id='word_1_158' title='bbox 2041 2633 2096 2675; x_wconf 91' lang='lat' dir='ltr'><strong>ut</strong></span> <span class='ocrx_word' id='word_1_159' title='bbox 2133 2633 2268 2674; x_wconf 76' lang='lat' dir='ltr'><strong>unus</strong></span> 
     </span>
    </p>
   </div>
   <div class='ocr_carea' id='block_1_27' title="bbox 738 2713 2267 2800">
    <p class='ocr_par' dir='ltr' id='par_1_27' title="bbox 738 2713 2267 2800">
     <span class='ocr_line' id='line_1_27' title="bbox 738 2713 2267 2800; baseline -0.013 -18"><span class='ocrx_word' id='word_1_160' title='bbox 738 2752 754 2782; x_wconf 71' lang='grc' dir='ltr'><strong>ι</strong></span> <span class='ocrx_word' id='word_1_161' title='bbox 799 2731 1076 2800; x_wconf 81' lang='lat' dir='ltr'><strong>episcOpus</strong></span> <span class='ocrx_word' id='word_1_162' title='bbox 1130 2741 1232 2780; x_wconf 92' lang='lat' dir='ltr'><strong>non</strong></span> <span class='ocrx_word' id='word_1_163' title='bbox 1277 2722 1526 2778; x_wconf 82' lang='lat' dir='ltr'><strong>vendicet</strong></span> <span class='ocrx_word' id='word_1_164' title='bbox 1570 2719 1670 2774; x_wconf 84' lang='lat' dir='ltr'><strong>sibi</strong></span> <span class='ocrx_word' id='word_1_165' title='bbox 1718 2715 2094 2784; x_wconf 72' lang='lat' dir='ltr'><strong>cognitionem.</strong></span> <span class='ocrx_word' id='word_1_166' title='bbox 2136 2713 2267 2764; x_wconf 80' lang='lat' dir='ltr'><strong>Acta</strong></span> 
     </span>
    </p>
   </div>
   <div class='ocr_carea' id='block_1_28' title="bbox 740 2805 2266 2887">
    <p class='ocr_par' dir='ltr' id='par_1_28' title="bbox 740 2805 2266 2887">
     <span class='ocr_line' id='line_1_28' title="bbox 740 2805 2266 2887; baseline -0.016 -13"><span class='ocrx_word' id='word_1_167' title='bbox 740 2839 758 2870; x_wconf 74' lang='grc' dir='ltr'><strong>ι</strong></span> <span class='ocrx_word' id='word_1_168' title='bbox 803 2817 1080 2887; x_wconf 69' lang='lat' dir='ltr'><strong>praesentis</strong></span> <span class='ocrx_word' id='word_1_169' title='bbox 1137 2813 1326 2885; x_wconf 86' lang='lat' dir='ltr'><strong>synodi</strong></span> <span class='ocrx_word' id='word_1_170' title='bbox 1385 2825 1490 2864; x_wconf 88' lang='lat' dir='ltr'><strong>non</strong></span> <span class='ocrx_word' id='word_1_171' title='bbox 1548 2816 1670 2863; x_wconf 89' lang='lat' dir='ltr'><strong>sunt</strong></span> <span class='ocrx_word' id='word_1_172' title='bbox 1720 2805 1938 2870; x_wconf 83' lang='lat' dir='ltr'><strong>scripta,</strong></span> <span class='ocrx_word' id='word_1_173' title='bbox 1990 2810 2266 2870; x_wconf 86' lang='lat' dir='ltr'><strong>propterea</strong></span> 
     </span>
    </p>
   </div>
   <div class='ocr_carea' id='block_1_29' title="bbox 739 2889 2266 2976">
    <p class='ocr_par' dir='ltr' id='par_1_29' title="bbox 739 2889 2266 2976">
     <span class='ocr_line' id='line_1_29' title="bbox 739 2889 2266 2976; baseline -0.013 -16"><span class='ocrx_word' id='word_1_174' title='bbox 739 2930 755 2960; x_wconf 78' lang='grc' dir='ltr'><strong>ι</strong></span> <span class='ocrx_word' id='word_1_175' title='bbox 800 2909 935 2976; x_wconf 82' lang='lat' dir='ltr'><strong>quod</strong></span> <span class='ocrx_word' id='word_1_176' title='bbox 981 2905 1286 2974; x_wconf 78' lang='lat' dir='ltr'><strong>specialiter</strong></span> <span class='ocrx_word' id='word_1_177' title='bbox 1334 2900 1404 2954; x_wconf 89' lang='lat' dir='ltr'><strong>ob</strong></span> <span class='ocrx_word' id='word_1_178' title='bbox 1444 2899 1586 2952; x_wconf 87' lang='lat' dir='ltr'><strong>illam</strong></span> <span class='ocrx_word' id='word_1_179' title='bbox 1635 2896 1926 2964; x_wconf 75' lang='lat' dir='ltr'><strong>regionem,</strong></span> <span class='ocrx_word' id='word_1_180' title='bbox 1969 2900 2022 2944; x_wconf 91' lang='lat' dir='ltr'><strong>et</strong></span> <span class='ocrx_word' id='word_1_181' title='bbox 2073 2904 2178 2943; x_wconf 90' lang='lat' dir='ltr'><strong>non</strong></span> <span class='ocrx_word' id='word_1_182' title='bbox 2212 2889 2266 2941; x_wconf 92' lang='lat' dir='ltr'><strong>in</strong></span> 
     </span>
    </p>
   </div>
   <div class='ocr_carea' id='block_1_30' title="bbox 740 2977 1556 3062">
    <p class='ocr_par' dir='ltr' id='par_1_30' title="bbox 740 2977 1556 3062">
     <span class='ocr_line' id='line_1_30' title="bbox 740 2977 1556 3062; baseline -0.013 -11"><span class='ocrx_word' id='word_1_183' title='bbox 740 3019 758 3050; x_wconf 72' lang='grc' dir='ltr'>ι</span> <span class='ocrx_word' id='word_1_184' title='bbox 800 2977 1077 3051; x_wconf 71' lang='lat' dir='ltr'><strong>commune</strong></span> <span class='ocrx_word' id='word_1_185' title='bbox 1113 3003 1326 3062; x_wconf 87' lang='lat' dir='ltr'><strong>peracta</strong></span> <span class='ocrx_word' id='word_1_186' title='bbox 1355 3000 1494 3044; x_wconf 74' lang='lat' dir='ltr'><strong>Slllll.</strong></span> <span class='ocrx_word' id='word_1_187' title='bbox 1539 3007 1556 3039; x_wconf 72' lang='grc' dir='ltr'><strong><em>ι</em></strong></span> 
     </span>
    </p>
   </div>
   <div class='ocr_carea' id='block_1_31' title="bbox 803 3074 2274 3148">
    <p class='ocr_par' dir='ltr' id='par_1_31' title="bbox 803 3074 2274 3148">
     <span class='ocr_line' id='line_1_31' title="bbox 803 3074 2274 3148; baseline -0.012 -11"><span class='ocrx_word' id='word_1_188' title='bbox 803 3084 995 3137; x_wconf 73' lang='lat' dir='ltr'><strong>BALS.</strong></span> <span class='ocrx_word' id='word_1_189' title='bbox 1028 3083 1157 3148; x_wconf 71' lang='lat' dir='ltr'><strong>Quae</strong></span> <span class='ocrx_word' id='word_1_190' title='bbox 1189 3083 1240 3134; x_wconf 92' lang='lat' dir='ltr'><strong>in</strong></span> <span class='ocrx_word' id='word_1_191' title='bbox 1271 3079 1515 3147; x_wconf 66' lang='lat' dir='ltr'><strong>praesenti</strong></span> <span class='ocrx_word' id='word_1_192' title='bbox 1559 3091 1764 3129; x_wconf 88' lang='lat' dir='ltr'><strong>canone</strong></span> <span class='ocrx_word' id='word_1_193' title='bbox 1805 3074 2000 3142; x_wconf 88' lang='lat' dir='ltr'><strong>scripta</strong></span> <span class='ocrx_word' id='word_1_194' title='bbox 2036 3079 2177 3131; x_wconf 87' lang='lat' dir='ltr'><strong>sunt,</strong></span> <span class='ocrx_word' id='word_1_195' title='bbox 2215 3076 2274 3119; x_wconf 85' lang='lat' dir='ltr'><strong>ut</strong></span> 
     </span>
    </p>
   </div>
   <div class='ocr_carea' id='block_1_32' title="bbox 2355 592 3902 660">
    <p class='ocr_par' dir='ltr' id='par_1_32' title="bbox 2355 592 3902 660">
     <span class='ocr_line' id='line_1_32' title="bbox 2355 592 3902 660; baseline 0 -20"><span class='ocrx_word' id='word_1_196' title='bbox 2355 592 2587 659; x_wconf 80' lang='grc' dir='ltr'>Σαρδικῇ</span> <span class='ocrx_word' id='word_1_197' title='bbox 2626 592 2837 642; x_wconf 78' lang='grc' dir='ltr'>συνόδου</span> <span class='ocrx_word' id='word_1_198' title='bbox 2869 593 3067 643; x_wconf 79' lang='grc' dir='ltr'><strong>κανόνα.</strong></span> <span class='ocrx_word' id='word_1_199' title='bbox 3098 592 3164 644; x_wconf 87' lang='grc' dir='ltr'>θ’.</span> <span class='ocrx_word' id='word_1_200' title='bbox 3223 593 3479 660; x_wconf 76' lang='grc' dir='ltr'>[Ιρὲεϐεις</span> <span class='ocrx_word' id='word_1_201' title='bbox 3503 594 3566 643; x_wconf 84' lang='grc' dir='ltr'><strong>ἐκ</strong></span> <span class='ocrx_word' id='word_1_202' title='bbox 3613 592 3712 656; x_wconf 77' lang='grc' dir='ltr'>τῆς</span> <span class='ocrx_word' id='word_1_203' title='bbox 3743 593 3902 641; x_wconf 82' lang='grc' dir='ltr'>συνό-</span> 
     </span>
    </p>
   </div>
   <div class='ocr_carea' id='block_1_33' title="bbox 2350 680 3903 746">
    <p class='ocr_par' dir='ltr' id='par_1_33' title="bbox 2350 680 3903 746">
     <span class='ocr_line' id='line_1_33' title="bbox 2350 680 3903 746; baseline -0.001 -16"><span class='ocrx_word' id='word_1_204' title='bbox 2350 680 2440 730; x_wconf 90' lang='grc' dir='ltr'><strong>δου</strong></span> <span class='ocrx_word' id='word_1_205' title='bbox 2501 680 2633 745; x_wconf 83' lang='grc' dir='ltr'>πρὸς</span> <span class='ocrx_word' id='word_1_206' title='bbox 2682 683 2771 731; x_wconf 83' lang='grc' dir='ltr'>τὸν</span> <span class='ocrx_word' id='word_1_207' title='bbox 2825 680 3051 746; x_wconf 75' lang='grc' dir='ltr'><strong>βασιλέα</strong></span> <span class='ocrx_word' id='word_1_208' title='bbox 3104 681 3387 742; x_wconf 74' lang='grc' dir='ltr'><strong>σταλέντες</strong></span> <span class='ocrx_word' id='word_1_209' title='bbox 3416 683 3704 733; x_wconf 80' lang='grc' dir='ltr'>ἐπίσκοποι</span> <span class='ocrx_word' id='word_1_210' title='bbox 3760 682 3903 730; x_wconf 77' lang='grc' dir='ltr'>κατᾶ</span> 
     </span>
    </p>
   </div>
   <div class='ocr_carea' id='block_1_34' title="bbox 2351 769 3899 840">
    <p class='ocr_par' dir='ltr' id='par_1_34' title="bbox 2351 769 3899 840">
     <span class='ocr_line' id='line_1_34' title="bbox 2351 769 3899 840; baseline -0.001 -20"><span class='ocrx_word' id='word_1_211' title='bbox 2351 769 2457 820; x_wconf 82' lang='grc' dir='ltr'><strong>τῶν</strong></span> <span class='ocrx_word' id='word_1_212' title='bbox 2498 770 2764 838; x_wconf 74' lang='grc' dir='ltr'>Ἑλλήνων</span> <span class='ocrx_word' id='word_1_213' title='bbox 2804 771 3034 822; x_wconf 73' lang='grc' dir='ltr'>καὶτῶν</span> <span class='ocrx_word' id='word_1_214' title='bbox 3098 773 3393 840; x_wconf 79' lang='grc' dir='ltr'>αίρετικῶν</span> <span class='ocrx_word' id='word_1_215' title='bbox 3445 772 3626 824; x_wconf 81' lang='grc' dir='ltr'>ἄδειαν</span> <span class='ocrx_word' id='word_1_216' title='bbox 3682 769 3899 831; x_wconf 73' lang='grc' dir='ltr'>ἔλαϐον,</span> 
     </span>
    </p>
   </div>
   <div class='ocr_carea' id='block_1_35' title="bbox 2354 859 3902 929">
    <p class='ocr_par' dir='ltr' id='par_1_35' title="bbox 2354 859 3902 929">
     <span class='ocr_line' id='line_1_35' title="bbox 2354 859 3902 929; baseline -0.001 -20"><span class='ocrx_word' id='word_1_217' title='bbox 2354 861 2462 910; x_wconf 79' lang='grc' dir='ltr'>πᾶν</span> <span class='ocrx_word' id='word_1_218' title='bbox 2485 859 2512 910; x_wconf 79' lang='grc' dir='ltr'><strong>ὃ</strong></span> <span class='ocrx_word' id='word_1_219' title='bbox 2546 877 2595 909; x_wconf 86' lang='grc' dir='ltr'><strong>τι</strong></span> <span class='ocrx_word' id='word_1_220' title='bbox 2626 860 2690 911; x_wconf 81' lang='grc' dir='ltr'>ἂν</span> <span class='ocrx_word' id='word_1_221' title='bbox 2739 861 3012 928; x_wconf 68' lang='grc' dir='ltr'>συμφέρον</span> <span class='ocrx_word' id='word_1_222' title='bbox 3040 863 3104 929; x_wconf 72' lang='grc' dir='ltr'><strong>τῇ</strong></span> <span class='ocrx_word' id='word_1_223' title='bbox 3147 861 3404 929; x_wconf 78' lang='grc' dir='ltr'>καθολικῇ</span> <span class='ocrx_word' id='word_1_224' title='bbox 3438 860 3734 927; x_wconf 67' lang='grc' dir='ltr'>Ἐκκλησία</span> <span class='ocrx_word' id='word_1_225' title='bbox 3771 876 3902 909; x_wconf 88' lang='grc' dir='ltr'>συν-</span> 
     </span>
    </p>
   </div>
   <div class='ocr_carea' id='block_1_36' title="bbox 2357 949 3902 1018">
    <p class='ocr_par' dir='ltr' id='par_1_36' title="bbox 2357 949 3902 1018">
     <span class='ocr_line' id='line_1_36' title="bbox 2357 949 3902 1018; baseline -0.001 -19"><span class='ocrx_word' id='word_1_226' title='bbox 2357 949 2525 1012; x_wconf 81' lang='grc' dir='ltr'>ίδωσι,</span> <span class='ocrx_word' id='word_1_227' title='bbox 2569 952 2708 1001; x_wconf 73' lang='grc' dir='ltr'>κατὰ</span> <span class='ocrx_word' id='word_1_228' title='bbox 2754 950 2847 1016; x_wconf 82' lang='grc' dir='ltr'>τῆς</span> <span class='ocrx_word' id='word_1_229' title='bbox 2886 951 3180 1018; x_wconf 72' lang='grc' dir='ltr'>θρησκείας</span> <span class='ocrx_word' id='word_1_230' title='bbox 3215 952 3322 1002; x_wconf 81' lang='grc' dir='ltr'><strong>τῶν</strong></span> <span class='ocrx_word' id='word_1_231' title='bbox 3381 950 3644 1018; x_wconf 68' lang='grc' dir='ltr'>Ἑλλήνων</span> <span class='ocrx_word' id='word_1_232' title='bbox 3673 952 3765 1000; x_wconf 71' lang='grc' dir='ltr'><strong>καὶ¹</strong></span> <span class='ocrx_word' id='word_1_233' title='bbox 3795 950 3902 1000; x_wconf 66' lang='grc' dir='ltr'>τῦν</span> 
     </span>
    </p>
   </div>
   <div class='ocr_carea' id='block_1_37' title="bbox 2353 1037 3904 1107">
    <p class='ocr_par' dir='ltr' id='par_1_37' title="bbox 2353 1037 3904 1107">
     <span class='ocr_line' id='line_1_37' title="bbox 2353 1037 3904 1107; baseline -0.001 -19"><span class='ocrx_word' id='word_1_234' title='bbox 2353 1039 2708 1102; x_wconf 81' lang='grc' dir='ltr'>Δονατιστῶν,</span> <span class='ocrx_word' id='word_1_235' title='bbox 2771 1037 2926 1091; x_wconf 79' lang='grc' dir='ltr'>τοῦτο</span> <span class='ocrx_word' id='word_1_236' title='bbox 2982 1042 3196 1107; x_wconf 80' lang='grc' dir='ltr'>αἰτῆσαι</span> <span class='ocrx_word' id='word_1_237' title='bbox 3250 1043 3314 1092; x_wconf 90' lang='grc' dir='ltr'><strong>ἐκ</strong></span> <span class='ocrx_word' id='word_1_238' title='bbox 3363 1039 3643 1107; x_wconf 84' lang='grc' dir='ltr'>βασιλέως,</span> <span class='ocrx_word' id='word_1_239' title='bbox 3692 1039 3797 1088; x_wconf 80' lang='grc' dir='ltr'>κᾶν</span> <span class='ocrx_word' id='word_1_240' title='bbox 3827 1038 3904 1104; x_wconf 80' lang='grc' dir='ltr'><strong>μὴ</strong></span> 
     </span>
    </p>
   </div>
   <div class='ocr_carea' id='block_1_38' title="bbox 2359 1123 3307 1196">
    <p class='ocr_par' dir='ltr' id='par_1_38' title="bbox 2359 1123 3307 1196">
     <span class='ocr_line' id='line_1_38' title="bbox 2359 1123 3307 1196; baseline 0.008 -21"><span class='ocrx_word' id='word_1_241' title='bbox 2359 1125 2536 1186; x_wconf 80' lang='grc' dir='ltr'>ίδικῶς</span> <span class='ocrx_word' id='word_1_242' title='bbox 2571 1127 2699 1177; x_wconf 77' lang='grc' dir='ltr'>αὐτὸ</span> <span class='ocrx_word' id='word_1_243' title='bbox 2730 1123 2875 1196; x_wconf 74' lang='grc' dir='ltr'>εἶχον</span> <span class='ocrx_word' id='word_1_244' title='bbox 2907 1128 3307 1196; x_wconf 68' lang='grc' dir='ltr'>ἐντεταλμένον.</span> 
     </span>
    </p>
   </div>
   <div class='ocr_carea' id='block_1_39' title="bbox 2902 1218 3276 1270">
    <p class='ocr_par' dir='ltr' id='par_1_39' title="bbox 2902 1218 3276 1270">
     <span class='ocr_line' id='line_1_39' title="bbox 2902 1218 3276 1270; baseline 0.005 -2"><span class='ocrx_word' id='word_1_245' title='bbox 2902 1218 3134 1269; x_wconf 79' lang='grc' dir='ltr'><strong>ΚΛΝΩΝ</strong></span> <span class='ocrx_word' id='word_1_246' title='bbox 3174 1219 3276 1270; x_wconf 86' lang='lat' dir='ltr'><strong>Pl&#39;.</strong></span> 
     </span>
    </p>
   </div>
   <div class='ocr_carea' id='block_1_40' title="bbox 2363 1304 3908 1378">
    <p class='ocr_par' dir='ltr' id='par_1_40' title="bbox 2363 1304 3908 1378">
     <span class='ocr_line' id='line_1_40' title="bbox 2363 1304 3908 1378; baseline 0.002 -23"><span class='ocrx_word' id='word_1_247' title='bbox 2363 1323 2379 1355; x_wconf 83' lang='lat' dir='ltr'><strong>t</strong></span> <span class='ocrx_word' id='word_1_248' title='bbox 2428 1304 2645 1367; x_wconf 86' lang='grc' dir='ltr'>Σύνοδος</span> <span class='ocrx_word' id='word_1_249' title='bbox 2678 1307 2814 1360; x_wconf 81' lang='grc' dir='ltr'>κατὰ.</span> <span class='ocrx_word' id='word_1_250' title='bbox 2846 1305 2955 1357; x_wconf 84' lang='grc' dir='ltr'><strong>τῶν</strong></span> <span class='ocrx_word' id='word_1_251' title='bbox 2997 1307 3262 1376; x_wconf 77' lang='grc' dir='ltr'>Ἑλλήνων</span> <span class='ocrx_word' id='word_1_252' title='bbox 3293 1313 3382 1360; x_wconf 74' lang='grc' dir='ltr'>καὶ</span> <span class='ocrx_word' id='word_1_253' title='bbox 3409 1308 3718 1378; x_wconf 86' lang='grc' dir='ltr'>αἰρετικῶν.</span> <span class='ocrx_word' id='word_1_254' title='bbox 3783 1308 3908 1358; x_wconf 81' lang='grc' dir='ltr'>Ἐπὶ</span> 
     </span>
    </p>
   </div>
   <div class='ocr_carea' id='block_1_41' title="bbox 2435 1391 3907 1464">
    <p class='ocr_par' dir='ltr' id='par_1_41' title="bbox 2435 1391 3907 1464">
     <span class='ocr_line' id='line_1_41' title="bbox 2435 1391 3907 1464; baseline 0.004 -21"><span class='ocrx_word' id='word_1_255' title='bbox 2435 1410 2450 1442; x_wconf 75' lang='grc' dir='ltr'><strong>ι</strong></span> <span class='ocrx_word' id='word_1_256' title='bbox 2500 1391 2706 1444; x_wconf 67' lang='grc' dir='ltr'>Βάσσου</span> <span class='ocrx_word' id='word_1_257' title='bbox 2742 1394 2835 1446; x_wconf 79' lang='grc' dir='ltr'>καὶ</span> <span class='ocrx_word' id='word_1_258' title='bbox 2861 1395 3148 1458; x_wconf 76' lang='grc' dir='ltr'>Φιλίππου,</span> <span class='ocrx_word' id='word_1_259' title='bbox 3180 1395 3288 1448; x_wconf 79' lang='grc' dir='ltr'><strong>τῶν</strong></span> <span class='ocrx_word' id='word_1_260' title='bbox 3325 1398 3725 1464; x_wconf 79' lang='grc' dir='ltr'><strong>λαμπροτάτων</strong></span> <span class='ocrx_word' id='word_1_261' title='bbox 3760 1397 3907 1449; x_wconf 78' lang='grc' dir='ltr'>ὑπά-</span> 
     </span>
    </p>
   </div>
   <div class='ocr_carea' id='block_1_42' title="bbox 2431 1482 3908 1555">
    <p class='ocr_par' dir='ltr' id='par_1_42' title="bbox 2431 1482 3908 1555">
     <span class='ocr_line' id='line_1_42' title="bbox 2431 1482 3908 1555; baseline 0.001 -23"><span class='ocrx_word' id='word_1_262' title='bbox 2431 1500 2448 1532; x_wconf 78' lang='grc' dir='ltr'><strong>ι</strong></span> <span class='ocrx_word' id='word_1_263' title='bbox 2492 1498 2596 1533; x_wconf 83' lang='grc' dir='ltr'><strong>των</strong></span> <span class='ocrx_word' id='word_1_264' title='bbox 2625 1485 2689 1551; x_wconf 80' lang='grc' dir='ltr'><strong>τῇ</strong></span> <span class='ocrx_word' id='word_1_265' title='bbox 2736 1484 2839 1552; x_wconf 78' lang='grc' dir='ltr'>πρὸ</span> <span class='ocrx_word' id='word_1_266' title='bbox 2871 1482 2931 1548; x_wconf 77' lang='grc' dir='ltr'><strong>ἒξ</strong></span> <span class='ocrx_word' id='word_1_267' title='bbox 2965 1488 3058 1536; x_wconf 73' lang='grc' dir='ltr'>καὶ</span> <span class='ocrx_word' id='word_1_268' title='bbox 3090 1485 3289 1555; x_wconf 76' lang='grc' dir='ltr'>δεκάτῃ</span> <span class='ocrx_word' id='word_1_269' title='bbox 3340 1486 3615 1539; x_wconf 77' lang='grc' dir='ltr'>καλανδῶν</span> <span class='ocrx_word' id='word_1_270' title='bbox 3643 1485 3908 1545; x_wconf 85' lang='grc' dir='ltr'>Ἰουλίων,</span> 
     </span>
    </p>
   </div>
   <div class='ocr_carea' id='block_1_43' title="bbox 2432 1570 3913 1642">
    <p class='ocr_par' dir='ltr' id='par_1_43' title="bbox 2432 1570 3913 1642">
     <span class='ocr_line' id='line_1_43' title="bbox 2432 1570 3913 1642; baseline -0.001 -21"><span class='ocrx_word' id='word_1_271' title='bbox 2432 1587 2450 1620; x_wconf 78' lang='lat' dir='ltr'><strong>t</strong></span> <span class='ocrx_word' id='word_1_272' title='bbox 2495 1570 2552 1621; x_wconf 80' lang='grc' dir='ltr'><strong>ἐν</strong></span> <span class='ocrx_word' id='word_1_273' title='bbox 2603 1570 2910 1640; x_wconf 76' lang='grc' dir='ltr'>Καρχηδόνι</span> <span class='ocrx_word' id='word_1_274' title='bbox 2980 1573 3059 1632; x_wconf 86' lang='grc' dir='ltr'><strong>είς</strong></span> <span class='ocrx_word' id='word_1_275' title='bbox 3116 1573 3174 1623; x_wconf 86' lang='grc' dir='ltr'><strong>τὺ</strong></span> <span class='ocrx_word' id='word_1_276' title='bbox 3223 1574 3490 1642; x_wconf 82' lang='grc' dir='ltr'>σήκρητον</span> <span class='ocrx_word' id='word_1_277' title='bbox 3542 1571 3639 1639; x_wconf 80' lang='grc' dir='ltr'>τῆς</span> <span class='ocrx_word' id='word_1_278' title='bbox 3704 1571 3913 1622; x_wconf 74' lang='grc' dir='ltr'>Ῥεστι-</span> 
     </span>
    </p>
   </div>
   <div class='ocr_carea' id='block_1_44' title="bbox 2431 1659 3911 1732">
    <p class='ocr_par' dir='ltr' id='par_1_44' title="bbox 2431 1659 3911 1732">
     <span class='ocr_line' id='line_1_44' title="bbox 2431 1659 3911 1732; baseline 0 -22"><span class='ocrx_word' id='word_1_279' title='bbox 2431 1675 2451 1710; x_wconf 73' lang='grc' dir='ltr'><strong>τ</strong></span> <span class='ocrx_word' id='word_1_280' title='bbox 2495 1659 2688 1727; x_wconf 84' lang='grc' dir='ltr'>τούτης</span> <span class='ocrx_word' id='word_1_281' title='bbox 2709 1660 3020 1730; x_wconf 85' lang='grc' dir='ltr'>ἐκκλησίας.</span> <span class='ocrx_word' id='word_1_282' title='bbox 3047 1661 3134 1712; x_wconf 86' lang='grc' dir='ltr'>Ἐν</span> <span class='ocrx_word' id='word_1_283' title='bbox 3169 1661 3338 1732; x_wconf 79' lang='grc' dir='ltr'>ταύτῃ</span> <span class='ocrx_word' id='word_1_284' title='bbox 3373 1662 3571 1729; x_wconf 79' lang='grc' dir='ltr'>συνόδῳ</span> <span class='ocrx_word' id='word_1_285' title='bbox 3612 1661 3911 1730; x_wconf 69' lang='grc' dir='ltr'>πρεσϐείαν</span> 
     </span>
    </p>
   </div>
   <div class='ocr_carea' id='block_1_45' title="bbox 2431 1749 3910 1817">
    <p class='ocr_par' dir='ltr' id='par_1_45' title="bbox 2431 1749 3910 1817">
     <span class='ocr_line' id='line_1_45' title="bbox 2431 1749 3910 1817; baseline -0.003 -17"><span class='ocrx_word' id='word_1_286' title='bbox 2431 1767 2448 1800; x_wconf 71' lang='grc' dir='ltr'><strong>ι</strong></span> <span class='ocrx_word' id='word_1_287' title='bbox 2497 1749 2808 1812; x_wconf 71' lang='grc' dir='ltr'>ἀνεδέξαντο</span> <span class='ocrx_word' id='word_1_288' title='bbox 2847 1749 3206 1812; x_wconf 83' lang='grc' dir='ltr'>Ῥεστιτοῦτος</span> <span class='ocrx_word' id='word_1_289' title='bbox 3257 1751 3351 1802; x_wconf 87' lang='grc' dir='ltr'>καὶ</span> <span class='ocrx_word' id='word_1_290' title='bbox 3376 1750 3682 1817; x_wconf 53' lang='grc' dir='ltr'>Φηρὲντιος</span> <span class='ocrx_word' id='word_1_291' title='bbox 3704 1751 3752 1800; x_wconf 84' lang='grc' dir='ltr'>οἱ</span> <span class='ocrx_word' id='word_1_292' title='bbox 3786 1749 3910 1799; x_wconf 88' lang='grc' dir='ltr'>ἐπί-</span> 
     </span>
    </p>
   </div>
   <div class='ocr_carea' id='block_1_46' title="bbox 2435 1836 3911 1907">
    <p class='ocr_par' dir='ltr' id='par_1_46' title="bbox 2435 1836 3911 1907">
     <span class='ocr_line' id='line_1_46' title="bbox 2435 1836 3911 1907; baseline -0.002 -19"><span class='ocrx_word' id='word_1_293' title='bbox 2435 1853 2453 1888; x_wconf 75' lang='grc' dir='ltr'><strong>ι</strong></span> <span class='ocrx_word' id='word_1_294' title='bbox 2497 1852 2690 1889; x_wconf 88' lang='grc' dir='ltr'>σκοποι</span> <span class='ocrx_word' id='word_1_295' title='bbox 2717 1837 2856 1890; x_wconf 78' lang='grc' dir='ltr'>κατὰ</span> <span class='ocrx_word' id='word_1_296' title='bbox 2882 1838 2988 1889; x_wconf 85' lang='grc' dir='ltr'><strong>τῶν</strong></span> <span class='ocrx_word' id='word_1_297' title='bbox 3027 1836 3288 1907; x_wconf 78' lang='grc' dir='ltr'>Ἐλλήνων</span> <span class='ocrx_word' id='word_1_298' title='bbox 3316 1838 3408 1890; x_wconf 86' lang='grc' dir='ltr'>καὶ</span> <span class='ocrx_word' id='word_1_299' title='bbox 3459 1839 3564 1888; x_wconf 76' lang='grc' dir='ltr'>τῶν</span> <span class='ocrx_word' id='word_1_300' title='bbox 3617 1836 3911 1906; x_wconf 81' lang='grc' dir='ltr'>αίρετικῶν</span> 
     </span>
    </p>
   </div>
   <div class='ocr_carea' id='block_1_47' title="bbox 2439 1927 3914 1996">
    <p class='ocr_par' dir='ltr' id='par_1_47' title="bbox 2439 1927 3914 1996">
     <span class='ocr_line' id='line_1_47' title="bbox 2439 1927 3914 1996; baseline -0.001 -18"><span class='ocrx_word' id='word_1_301' title='bbox 2439 1945 2457 1978; x_wconf 70' lang='grc' dir='ltr'><strong>ι</strong></span> <span class='ocrx_word' id='word_1_302' title='bbox 2503 1928 2561 1979; x_wconf 77' lang='grc' dir='ltr'><strong>ἐν</strong></span> <span class='ocrx_word' id='word_1_303' title='bbox 2587 1928 2780 1996; x_wconf 77' lang='grc' dir='ltr'>ἐκείνῳ</span> <span class='ocrx_word' id='word_1_304' title='bbox 2829 1927 2907 1994; x_wconf 85' lang='grc' dir='ltr'><strong>τῷ</strong></span> <span class='ocrx_word' id='word_1_305' title='bbox 2959 1927 3134 1996; x_wconf 86' lang='grc' dir='ltr'>καιρῷ</span> <span class='ocrx_word' id='word_1_306' title='bbox 3177 1927 3375 1980; x_wconf 85' lang='grc' dir='ltr'>καθ’δν</span> <span class='ocrx_word' id='word_1_307' title='bbox 3405 1927 3634 1995; x_wconf 82' lang='grc' dir='ltr'>Σευῆρος</span> <span class='ocrx_word' id='word_1_308' title='bbox 3667 1927 3763 1978; x_wconf 75' lang='grc' dir='ltr'>καὶ</span> <span class='ocrx_word' id='word_1_309' title='bbox 3793 1927 3914 1978; x_wconf 83' lang='grc' dir='ltr'><strong>Μα-</strong></span> 
     </span>
    </p>
   </div>
   <div class='ocr_carea' id='block_1_48' title="bbox 2440 2013 3914 2085">
    <p class='ocr_par' dir='ltr' id='par_1_48' title="bbox 2440 2013 3914 2085">
     <span class='ocr_line' id='line_1_48' title="bbox 2440 2013 3914 2085; baseline -0.003 -18"><span class='ocrx_word' id='word_1_310' title='bbox 2440 2033 2457 2067; x_wconf 82' lang='lat' dir='ltr'><strong>t</strong></span> <span class='ocrx_word' id='word_1_311' title='bbox 2503 2017 2687 2084; x_wconf 86' lang='grc' dir='ltr'>κάριος</span> <span class='ocrx_word' id='word_1_312' title='bbox 2721 2015 3080 2085; x_wconf 80' lang='grc' dir='ltr'>ἀνῃρέθησαν,</span> <span class='ocrx_word' id='word_1_313' title='bbox 3109 2014 3200 2068; x_wconf 75' lang='grc' dir='ltr'>καὶ</span> <span class='ocrx_word' id='word_1_314' title='bbox 3238 2015 3325 2067; x_wconf 78' lang='grc' dir='ltr'><strong>διὰ</strong></span> <span class='ocrx_word' id='word_1_315' title='bbox 3357 2013 3461 2066; x_wconf 81' lang='grc' dir='ltr'><strong>τῶν</strong></span> <span class='ocrx_word' id='word_1_316' title='bbox 3486 2015 3687 2068; x_wconf 76' lang='grc' dir='ltr'>τούτοιν</span> <span class='ocrx_word' id='word_1_317' title='bbox 3727 2014 3914 2064; x_wconf 75' lang='grc' dir='ltr'>αἰτίαν</span> 
     </span>
    </p>
   </div>
   <div class='ocr_carea' id='block_1_49' title="bbox 2439 2105 3913 2175">
    <p class='ocr_par' dir='ltr' id='par_1_49' title="bbox 2439 2105 3913 2175">
     <span class='ocr_line' id='line_1_49' title="bbox 2439 2105 3913 2175; baseline -0.005 -17"><span class='ocrx_word' id='word_1_318' title='bbox 2439 2125 2456 2158; x_wconf 73' lang='grc' dir='ltr'><strong>ι</strong></span> <span class='ocrx_word' id='word_1_319' title='bbox 2500 2107 2733 2171; x_wconf 83' lang='grc' dir='ltr'>Εὐόδιος,</span> <span class='ocrx_word' id='word_1_320' title='bbox 2794 2108 3020 2169; x_wconf 84' lang='grc' dir='ltr'>Θεάσιος</span> <span class='ocrx_word' id='word_1_321' title='bbox 3082 2107 3176 2159; x_wconf 77' lang='grc' dir='ltr'>καὶ</span> <span class='ocrx_word' id='word_1_322' title='bbox 3225 2107 3460 2175; x_wconf 86' lang='grc' dir='ltr'>Βίκτωρ,</span> <span class='ocrx_word' id='word_1_323' title='bbox 3519 2108 3566 2158; x_wconf 88' lang='lat' dir='ltr'><strong>ol</strong></span> <span class='ocrx_word' id='word_1_324' title='bbox 3597 2105 3913 2165; x_wconf 77' lang='grc' dir='ltr'>ἐπίσκοποι,</span> 
     </span>
    </p>
   </div>
   <div class='ocr_carea' id='block_1_50' title="bbox 2439 2199 2838 2266">
    <p class='ocr_par' dir='ltr' id='par_1_50' title="bbox 2439 2199 2838 2266">
     <span class='ocr_line' id='line_1_50' title="bbox 2439 2199 2838 2266; baseline 0.008 -19"><span class='ocrx_word' id='word_1_325' title='bbox 2439 2214 2458 2247; x_wconf 71' lang='grc' dir='ltr'>ί</span> <span class='ocrx_word' id='word_1_326' title='bbox 2506 2199 2838 2266; x_wconf 81' lang='grc' dir='ltr'>ἐσφάγησαν.</span> 
     </span>
    </p>
   </div>
   <div class='ocr_carea' id='block_1_51' title="bbox 2440 2282 3918 2355">
    <p class='ocr_par' dir='ltr' id='par_1_51' title="bbox 2440 2282 3918 2355">
     <span class='ocr_line' id='line_1_51' title="bbox 2440 2282 3918 2355; baseline -0.007 -15"><span class='ocrx_word' id='word_1_327' title='bbox 2440 2306 2458 2340; x_wconf 76' lang='grc' dir='ltr'><strong>ι</strong></span> <span class='ocrx_word' id='word_1_328' title='bbox 2503 2287 2726 2350; x_wconf 85' lang='grc' dir='ltr'>Σύνοδος</span> <span class='ocrx_word' id='word_1_329' title='bbox 2757 2288 2884 2355; x_wconf 76' lang='grc' dir='ltr'>περὶ</span> <span class='ocrx_word' id='word_1_330' title='bbox 2915 2287 3251 2355; x_wconf 74' lang='grc' dir='ltr'>διαγνώσεως</span> <span class='ocrx_word' id='word_1_331' title='bbox 3285 2288 3611 2340; x_wconf 77' lang='grc' dir='ltr'>ἐπισκόπων.</span> <span class='ocrx_word' id='word_1_332' title='bbox 3653 2285 3774 2336; x_wconf 69' lang='grc' dir='ltr'><strong>Ἐπὶ</strong></span> <span class='ocrx_word' id='word_1_333' title='bbox 3807 2282 3918 2333; x_wconf 80' lang='grc' dir='ltr'>τῶν</span> 
     </span>
    </p>
   </div>
   <div class='ocr_carea' id='block_1_52' title="bbox 2375 2372 3919 2446">
    <p class='ocr_par' dir='ltr' id='par_1_52' title="bbox 2375 2372 3919 2446">
     <span class='ocr_line' id='line_1_52' title="bbox 2375 2372 3919 2446; baseline -0.006 -18"><span class='ocrx_word' id='word_1_334' title='bbox 2375 2396 2392 2428; x_wconf 77' lang='grc' dir='ltr'><strong>ι</strong></span> <span class='ocrx_word' id='word_1_335' title='bbox 2441 2377 2788 2441; x_wconf 73' lang='grc' dir='ltr'>ἐνδοξοτάτων</span> <span class='ocrx_word' id='word_1_336' title='bbox 2819 2377 3078 2444; x_wconf 73' lang='grc' dir='ltr'>βασιλέων</span> <span class='ocrx_word' id='word_1_337' title='bbox 3127 2377 3380 2446; x_wconf 86' lang='grc' dir='ltr'>Ὀνωρίου</span> <span class='ocrx_word' id='word_1_338' title='bbox 3434 2376 3493 2426; x_wconf 83' lang='grc' dir='ltr'>τὸ</span> <span class='ocrx_word' id='word_1_339' title='bbox 3536 2375 3782 2442; x_wconf 73' lang='grc' dir='ltr'>ἕϐδομον,</span> <span class='ocrx_word' id='word_1_340' title='bbox 3820 2372 3919 2422; x_wconf 66' lang='grc' dir='ltr'>καὶ</span> 
     </span>
    </p>
   </div>
   <div class='ocr_carea' id='block_1_53' title="bbox 2375 2463 3914 2534">
    <p class='ocr_par' dir='ltr' id='par_1_53' title="bbox 2375 2463 3914 2534">
     <span class='ocr_line' id='line_1_53' title="bbox 2375 2463 3914 2534; baseline -0.006 -16"><span class='ocrx_word' id='word_1_341' title='bbox 2375 2485 2392 2518; x_wconf 78' lang='lat' dir='ltr'><strong>t</strong></span> <span class='ocrx_word' id='word_1_342' title='bbox 2437 2465 2712 2518; x_wconf 79' lang='grc' dir='ltr'>Θεοδοσίου</span> <span class='ocrx_word' id='word_1_343' title='bbox 2737 2466 2824 2532; x_wconf 52' lang='grc' dir='ltr'><strong>,τδ</strong></span> <span class='ocrx_word' id='word_1_344' title='bbox 2866 2466 3071 2534; x_wconf 75' lang='grc' dir='ltr'>τρίτον,</span> <span class='ocrx_word' id='word_1_345' title='bbox 3123 2465 3230 2516; x_wconf 82' lang='grc' dir='ltr'><strong>τῶν</strong></span> <span class='ocrx_word' id='word_1_346' title='bbox 3280 2466 3604 2531; x_wconf 78' lang='grc' dir='ltr'>Αὑγούστων</span> <span class='ocrx_word' id='word_1_347' title='bbox 3664 2463 3914 2517; x_wconf 70' lang='grc' dir='ltr'>ὒπάτων,</span> 
     </span>
    </p>
   </div>
   <div class='ocr_carea' id='block_1_54' title="bbox 2372 2551 3921 2624">
    <p class='ocr_par' dir='ltr' id='par_1_54' title="bbox 2372 2551 3921 2624">
     <span class='ocr_line' id='line_1_54' title="bbox 2372 2551 3921 2624; baseline -0.005 -18"><span class='ocrx_word' id='word_1_348' title='bbox 2372 2573 2390 2606; x_wconf 76' lang='grc' dir='ltr'><strong>ι</strong></span> <span class='ocrx_word' id='word_1_349' title='bbox 2435 2557 2502 2624; x_wconf 81' lang='grc' dir='ltr'>τῇ</span> <span class='ocrx_word' id='word_1_350' title='bbox 2532 2552 2635 2623; x_wconf 72' lang='grc' dir='ltr'><strong>πρὸ</strong></span> <span class='ocrx_word' id='word_1_351' title='bbox 2663 2553 3264 2617; x_wconf 45' lang='grc' dir='ltr'>δεκαεπτάνκαλανδῶν,</span> <span class='ocrx_word' id='word_1_352' title='bbox 3310 2554 3538 2605; x_wconf 85' lang='grc' dir='ltr'>Ἰουλίων</span> <span class='ocrx_word' id='word_1_353' title='bbox 3567 2553 3641 2611; x_wconf 85' lang='grc' dir='ltr'><strong>είς</strong></span> <span class='ocrx_word' id='word_1_354' title='bbox 3698 2551 3921 2616; x_wconf 78' lang='grc' dir='ltr'>Καρχη-</span> 
     </span>
    </p>
   </div>
   <div class='ocr_carea' id='block_1_55' title="bbox 2375 2640 3921 2712">
    <p class='ocr_par' dir='ltr' id='par_1_55' title="bbox 2375 2640 3921 2712">
     <span class='ocr_line' id='line_1_55' title="bbox 2375 2640 3921 2712; baseline -0.006 -15"><span class='ocrx_word' id='word_1_355' title='bbox 2375 2665 2393 2696; x_wconf 80' lang='lat' dir='ltr'><strong>t</strong></span> <span class='ocrx_word' id='word_1_356' title='bbox 2436 2646 2562 2697; x_wconf 84' lang='grc' dir='ltr'>δόνα</span> <span class='ocrx_word' id='word_1_357' title='bbox 2589 2645 2645 2696; x_wconf 83' lang='grc' dir='ltr'><strong>ἐν</strong></span> <span class='ocrx_word' id='word_1_358' title='bbox 2675 2646 2739 2712; x_wconf 71' lang='grc' dir='ltr'><strong>τῇ</strong></span> <span class='ocrx_word' id='word_1_359' title='bbox 2772 2642 3067 2711; x_wconf 74' lang='grc' dir='ltr'>Σεκούνδης</span> <span class='ocrx_word' id='word_1_360' title='bbox 3117 2642 3396 2712; x_wconf 72' lang='grc' dir='ltr'>ἐκκλησία.</span> <span class='ocrx_word' id='word_1_361' title='bbox 3454 2642 3545 2703; x_wconf 71' lang='lat' dir='ltr'><strong>El;</strong></span> <span class='ocrx_word' id='word_1_362' title='bbox 3595 2641 3798 2706; x_wconf 77' lang='grc' dir='ltr'>ταύτην</span> <span class='ocrx_word' id='word_1_363' title='bbox 3823 2640 3921 2708; x_wconf 79' lang='grc' dir='ltr'>τὴν</span> 
     </span>
    </p>
   </div>
   <div class='ocr_carea' id='block_1_56' title="bbox 2374 2729 3922 2799">
    <p class='ocr_par' dir='ltr' id='par_1_56' title="bbox 2374 2729 3922 2799">
     <span class='ocr_line' id='line_1_56' title="bbox 2374 2729 3922 2799; baseline -0.004 -18"><span class='ocrx_word' id='word_1_364' title='bbox 2374 2749 2391 2781; x_wconf 75' lang='grc' dir='ltr'><strong>ι</strong></span> <span class='ocrx_word' id='word_1_365' title='bbox 2439 2730 2652 2783; x_wconf 83' lang='grc' dir='ltr'>σύνοδον</span> <span class='ocrx_word' id='word_1_366' title='bbox 2684 2732 2898 2799; x_wconf 70' lang='grc' dir='ltr'>ηρεσεν,</span> <span class='ocrx_word' id='word_1_367' title='bbox 2929 2729 3066 2782; x_wconf 86' lang='grc' dir='ltr'>ὥστε</span> <span class='ocrx_word' id='word_1_368' title='bbox 3106 2731 3199 2782; x_wconf 82' lang='grc' dir='ltr'><strong>ἐνα</strong></span> <span class='ocrx_word' id='word_1_369' title='bbox 3248 2731 3537 2782; x_wconf 82' lang='grc' dir='ltr'>ἐπίσκοπον</span> <span class='ocrx_word' id='word_1_370' title='bbox 3573 2729 3647 2797; x_wconf 81' lang='grc' dir='ltr'><strong>μὴ</strong></span> <span class='ocrx_word' id='word_1_371' title='bbox 3687 2729 3922 2778; x_wconf 77' lang='grc' dir='ltr'>ἐκδ;κεῖν</span> 
     </span>
    </p>
   </div>
   <div class='ocr_carea' id='block_1_57' title="bbox 2375 2818 3923 2888">
    <p class='ocr_par' dir='ltr' id='par_1_57' title="bbox 2375 2818 3923 2888">
     <span class='ocr_line' id='line_1_57' title="bbox 2375 2818 3923 2888; baseline -0.005 -15"><span class='ocrx_word' id='word_1_372' title='bbox 2375 2841 2393 2873; x_wconf 78' lang='grc' dir='ltr'><strong>ι</strong></span> <span class='ocrx_word' id='word_1_373' title='bbox 2441 2820 2631 2873; x_wconf 81' lang='grc' dir='ltr'>ἑαυτοῦ</span> <span class='ocrx_word' id='word_1_374' title='bbox 2661 2820 2967 2885; x_wconf 73' lang='grc' dir='ltr'>διάγνωσιν.</span> <span class='ocrx_word' id='word_1_375' title='bbox 3019 2819 3097 2870; x_wconf 87' lang='grc' dir='ltr'>Τά</span> <span class='ocrx_word' id='word_1_376' title='bbox 3129 2821 3488 2888; x_wconf 81' lang='grc' dir='ltr'>πεπραγμένα</span> <span class='ocrx_word' id='word_1_377' title='bbox 3513 2819 3608 2885; x_wconf 77' lang='grc' dir='ltr'>τῆς</span> <span class='ocrx_word' id='word_1_378' title='bbox 3639 2818 3923 2885; x_wconf 59' lang='grc' dir='ltr'>παρούσης</span> 
     </span>
    </p>
   </div>
   <div class='ocr_carea' id='block_1_58' title="bbox 2374 2908 3920 2979">
    <p class='ocr_par' dir='ltr' id='par_1_58' title="bbox 2374 2908 3920 2979">
     <span class='ocr_line' id='line_1_58' title="bbox 2374 2908 3920 2979; baseline -0.003 -17"><span class='ocrx_word' id='word_1_379' title='bbox 2374 2930 2390 2962; x_wconf 75' lang='grc' dir='ltr'><strong>ι</strong></span> <span class='ocrx_word' id='word_1_380' title='bbox 2441 2911 2656 2963; x_wconf 80' lang='grc' dir='ltr'>συνόδου</span> <span class='ocrx_word' id='word_1_381' title='bbox 2687 2910 2774 2962; x_wconf 73' lang='grc' dir='ltr'><strong>διὰ</strong></span> <span class='ocrx_word' id='word_1_382' title='bbox 2809 2911 2963 2962; x_wconf 82' lang='grc' dir='ltr'>τοῦτο</span> <span class='ocrx_word' id='word_1_383' title='bbox 2986 2910 3086 2962; x_wconf 80' lang='grc' dir='ltr'>οὐκ</span> <span class='ocrx_word' id='word_1_384' title='bbox 3116 2910 3347 2979; x_wconf 78' lang='grc' dir='ltr'>ἐγράφη.</span> <span class='ocrx_word' id='word_1_385' title='bbox 3383 2909 3561 2977; x_wconf 77' lang='grc' dir='ltr'>ἐπειδὴ</span> <span class='ocrx_word' id='word_1_386' title='bbox 3611 2908 3920 2976; x_wconf 76' lang='grc' dir='ltr'>ἐπιχωρίως</span> 
     </span>
    </p>
   </div>
   <div class='ocr_carea' id='block_1_59' title="bbox 2375 2999 3533 3063">
    <p class='ocr_par' dir='ltr' id='par_1_59' title="bbox 2375 2999 3533 3063">
     <span class='ocr_line' id='line_1_59' title="bbox 2375 2999 3533 3063; baseline -0.003 -13"><span class='ocrx_word' id='word_1_387' title='bbox 2375 3019 2394 3050; x_wconf 72' lang='grc' dir='ltr'><strong>ε</strong></span> <span class='ocrx_word' id='word_1_388' title='bbox 2439 3000 2532 3050; x_wconf 81' lang='grc' dir='ltr'>καὶ</span> <span class='ocrx_word' id='word_1_389' title='bbox 2559 2999 2618 3048; x_wconf 85' lang='grc' dir='ltr'><strong>ού</strong></span> <span class='ocrx_word' id='word_1_390' title='bbox 2651 3000 2787 3049; x_wconf 82' lang='grc' dir='ltr'>κατᾶ</span> <span class='ocrx_word' id='word_1_391' title='bbox 2821 2999 2999 3049; x_wconf 80' lang='grc' dir='ltr'>κοινοῦ</span> <span class='ocrx_word' id='word_1_392' title='bbox 3032 2999 3478 3063; x_wconf 68' lang='grc' dir='ltr'>ἐπετελέσθησαν.</span> <span class='ocrx_word' id='word_1_393' title='bbox 3515 3015 3533 3046; x_wconf 79' lang='grc' dir='ltr'><strong>ι</strong></span> 
     </span>
    </p>
   </div>
   <div class='ocr_carea' id='block_1_60' title="bbox 2441 3083 3921 3152">
    <p class='ocr_par' dir='ltr' id='par_1_60' title="bbox 2441 3083 3921 3152">
     <span class='ocr_line' id='line_1_60' title="bbox 2441 3083 3921 3152; baseline -0.002 -15"><span class='ocrx_word' id='word_1_394' title='bbox 2441 3087 2635 3138; x_wconf 72' lang='grc' dir='ltr'><strong>ΒΑΛΣ.</strong></span> <span class='ocrx_word' id='word_1_395' title='bbox 2680 3085 2760 3137; x_wconf 70' lang='grc' dir='ltr'>Τὰ</span> <span class='ocrx_word' id='word_1_396' title='bbox 2791 3088 2845 3136; x_wconf 85' lang='grc' dir='ltr'><strong>ἐν</strong></span> <span class='ocrx_word' id='word_1_397' title='bbox 2879 3085 2952 3152; x_wconf 78' lang='grc' dir='ltr'>τῷ</span> <span class='ocrx_word' id='word_1_398' title='bbox 2983 3085 3208 3152; x_wconf 78' lang='grc' dir='ltr'>παρόντι</span> <span class='ocrx_word' id='word_1_399' title='bbox 3261 3083 3442 3136; x_wconf 81' lang='grc' dir='ltr'>κανόνι</span> <span class='ocrx_word' id='word_1_400' title='bbox 3488 3083 3813 3149; x_wconf 75' lang='grc' dir='ltr'>δηλωθέντα,</span> <span class='ocrx_word' id='word_1_401' title='bbox 3845 3085 3921 3144; x_wconf 74' lang='grc' dir='ltr'><strong>ὡς</strong></span> 
     </span>
    </p>
   </div>
   <div class='ocr_carea' id='block_1_61' title="bbox 736 3153 2369 3245">
    <p class='ocr_par' dir='ltr' id='par_1_61' title="bbox 736 3153 2338 3245">
     <span class='ocr_line' id='line_1_61' title="bbox 736 3153 2338 3245; baseline -0.011 -16"><span class='ocrx_word' id='word_1_402' title='bbox 736 3175 1036 3245; x_wconf 76' lang='lat' dir='ltr'><strong>specialiter</strong></span> <span class='ocrx_word' id='word_1_403' title='bbox 1076 3173 1298 3240; x_wconf 81' lang='lat' dir='ltr'><strong>prolata,</strong></span> <span class='ocrx_word' id='word_1_404' title='bbox 1351 3169 1686 3237; x_wconf 76' lang='lat' dir='ltr'><strong>expositione</strong></span> <span class='ocrx_word' id='word_1_405' title='bbox 1731 3180 1833 3220; x_wconf 89' lang='lat' dir='ltr'><strong>non</strong></span> <span class='ocrx_word' id='word_1_406' title='bbox 1897 3171 2074 3230; x_wconf 79' lang='lat' dir='ltr'><strong>egent.</strong></span> <span class='ocrx_word' id='word_1_407' title='bbox 2116 3153 2338 3223; x_wconf 86' lang='lat' dir='ltr'><strong>QuodC</strong></span> 
     </span>
    </p>
   </div>
   <div class='ocr_carea' id='block_1_62' title="bbox 2288 3153 3921 3245">
    <p class='ocr_par' dir='ltr' id='par_1_62' title="bbox 2295 3153 3921 3243">
     <span class='ocr_line' id='line_1_62' title="bbox 2295 3153 3921 3243; baseline -0.004 -13"><span class='ocrx_word' id='word_1_408' title='bbox 2295 3153 2338 3212; x_wconf 63' lang='grc' dir='ltr'>Ο</span> <span class='ocrx_word' id='word_1_409' title='bbox 2375 3177 2555 3237; x_wconf 80' lang='grc' dir='ltr'>ἰδικῶς</span> <span class='ocrx_word' id='word_1_410' title='bbox 2589 3175 2976 3243; x_wconf 78' lang='grc' dir='ltr'>ἐκφωνηθέντα</span> <span class='ocrx_word' id='word_1_411' title='bbox 3031 3173 3337 3242; x_wconf 77' lang='grc' dir='ltr'>ἐξηγήσεως</span> <span class='ocrx_word' id='word_1_412' title='bbox 3384 3175 3441 3224; x_wconf 84' lang='grc' dir='ltr'>οὐ</span> <span class='ocrx_word' id='word_1_413' title='bbox 3473 3173 3704 3226; x_wconf 81' lang='grc' dir='ltr'>δέονται.</span> <span class='ocrx_word' id='word_1_414' title='bbox 3735 3175 3808 3224; x_wconf 77' lang='grc' dir='ltr'>Τὸ</span> <span class='ocrx_word' id='word_1_415' title='bbox 3865 3174 3921 3223; x_wconf 82' lang='grc' dir='ltr'>δὲ</span> 
     </span>
    </p>
   </div>
   <div class='ocr_carea' id='block_1_63' title="bbox 736 3249 2268 3325">
    <p class='ocr_par' dir='ltr' id='par_1_63' title="bbox 736 3249 2268 3325">
     <span class='ocr_line' id='line_1_63' title="bbox 736 3249 2268 3325; baseline -0.014 -4"><span class='ocrx_word' id='word_1_416' title='bbox 736 3277 910 3322; x_wconf 85' lang='lat' dir='ltr'><strong>autem</strong></span> <span class='ocrx_word' id='word_1_417' title='bbox 942 3267 1138 3319; x_wconf 83' lang='lat' dir='ltr'><strong>dictum</strong></span> <span class='ocrx_word' id='word_1_418' title='bbox 1183 3271 1298 3325; x_wconf 87' lang='lat' dir='ltr'><strong>est,</strong></span> <span class='ocrx_word' id='word_1_419' title='bbox 1349 3273 1506 3312; x_wconf 88' lang='lat' dir='ltr'><strong>unum</strong></span> <span class='ocrx_word' id='word_1_420' title='bbox 1549 3258 1851 3324; x_wconf 80' lang='lat' dir='ltr'><strong>episcopum</strong></span> <span class='ocrx_word' id='word_1_421' title='bbox 1889 3253 1986 3306; x_wconf 86' lang='lat' dir='ltr'><strong>sibi</strong></span> <span class='ocrx_word' id='word_1_422' title='bbox 2035 3265 2139 3302; x_wconf 84' lang='lat' dir='ltr'><strong>non</strong></span> <span class='ocrx_word' id='word_1_423' title='bbox 2171 3249 2268 3301; x_wconf 86' lang='lat' dir='ltr'><strong>de-</strong></span> 
     </span>
    </p>
   </div>
   <div class='ocr_carea' id='block_1_64' title="bbox 738 3344 2270 3420">
    <p class='ocr_par' dir='ltr' id='par_1_64' title="bbox 738 3344 2270 3420">
     <span class='ocr_line' id='line_1_64' title="bbox 738 3344 2270 3420; baseline -0.014 -8"><span class='ocrx_word' id='word_1_424' title='bbox 738 3362 858 3412; x_wconf 81' lang='lat' dir='ltr'><strong>bere</strong></span> <span class='ocrx_word' id='word_1_425' title='bbox 885 3356 1162 3410; x_wconf 68' lang='lat' dir='ltr'><strong>tendicare</strong></span> <span class='ocrx_word' id='word_1_426' title='bbox 1183 3351 1560 3420; x_wconf 72' lang='lat' dir='ltr'><strong>cognitionem,</strong></span> <span class='ocrx_word' id='word_1_427' title='bbox 1590 3357 1669 3399; x_wconf 88' lang='lat' dir='ltr'><strong>est</strong></span> <span class='ocrx_word' id='word_1_428' title='bbox 1691 3344 2054 3413; x_wconf 73' lang='lat' dir='ltr'><strong>accipiendum</strong></span> <span class='ocrx_word' id='word_1_429' title='bbox 2081 3355 2270 3395; x_wconf 85' lang='lat' dir='ltr'><strong>secun-</strong></span> 
     </span>
    </p>
   </div>
   <div class='ocr_carea' id='block_1_65' title="bbox 736 3436 1799 3506">
    <p class='ocr_par' dir='ltr' id='par_1_65' title="bbox 736 3436 1799 3506">
     <span class='ocr_line' id='line_1_65' title="bbox 736 3436 1799 3506; baseline -0.016 -4"><span class='ocrx_word' id='word_1_430' title='bbox 736 3451 864 3502; x_wconf 84' lang='lat' dir='ltr'><strong>dum</strong></span> <span class='ocrx_word' id='word_1_431' title='bbox 894 3460 1153 3500; x_wconf 88' lang='lat' dir='ltr'><strong>canonem</strong></span> <span class='ocrx_word' id='word_1_432' title='bbox 1186 3443 1244 3493; x_wconf 79' lang='lat' dir='ltr'><strong>ll</strong></span> <span class='ocrx_word' id='word_1_433' title='bbox 1285 3440 1560 3506; x_wconf 67' lang='lat' dir='ltr'><strong>praesentis</strong></span> <span class='ocrx_word' id='word_1_434' title='bbox 1593 3436 1799 3504; x_wconf 89' lang='lat' dir='ltr'><strong>synodi.</strong></span> 
     </span>
    </p>
   </div>
   <div class='ocr_carea' id='block_1_66' title="bbox 809 3521 2271 3588">
    <p class='ocr_par' dir='ltr' id='par_1_66' title="bbox 809 3521 2271 3588">
     <span class='ocr_line' id='line_1_66' title="bbox 809 3521 2271 3588; baseline -0.011 -2"><span class='ocrx_word' id='word_1_435' title='bbox 809 3532 1056 3588; x_wconf 74' lang='lat' dir='ltr'><strong>ZONAR.</strong></span> <span class='ocrx_word' id='word_1_436' title='bbox 1094 3529 1164 3584; x_wconf 88' lang='lat' dir='ltr'><strong>Ut</strong></span> <span class='ocrx_word' id='word_1_437' title='bbox 1197 3532 1258 3583; x_wconf 83' lang='lat' dir='ltr'><strong>de</strong></span> <span class='ocrx_word' id='word_1_438' title='bbox 1287 3529 1597 3582; x_wconf 88' lang='lat' dir='ltr'><strong>clericorum</strong></span> <span class='ocrx_word' id='word_1_439' title='bbox 1629 3525 1808 3577; x_wconf 84' lang='lat' dir='ltr'><strong>causis</strong></span> <span class='ocrx_word' id='word_1_440' title='bbox 1833 3539 1858 3575; x_wconf 85' lang='lat' dir='ltr'><strong>a</strong></span> <span class='ocrx_word' id='word_1_441' title='bbox 1892 3536 1988 3575; x_wconf 86' lang='lat' dir='ltr'><strong>suo</strong></span> <span class='ocrx_word' id='word_1_442' title='bbox 2019 3521 2271 3588; x_wconf 85' lang='lat' dir='ltr'><strong>cujusque</strong></span> 
     </span>
    </p>
   </div>
   <div class='ocr_carea' id='block_1_67' title="bbox 738 3612 2272 3693">
    <p class='ocr_par' dir='ltr' id='par_1_67' title="bbox 738 3612 2272 3693">
     <span class='ocr_line' id='line_1_67' title="bbox 738 3612 2272 3693; baseline -0.012 -14"><span class='ocrx_word' id='word_1_443' title='bbox 738 3626 985 3693; x_wconf 75' lang='lat' dir='ltr'><strong>episeopo</strong></span> <span class='ocrx_word' id='word_1_444' title='bbox 1035 3621 1148 3690; x_wconf 87' lang='lat' dir='ltr'><strong>judi</strong></span> <span class='ocrx_word' id='word_1_445' title='bbox 1185 3629 1323 3682; x_wconf 92' lang='lat' dir='ltr'><strong>etnr,</strong></span> <span class='ocrx_word' id='word_1_446' title='bbox 1382 3630 1520 3668; x_wconf 90' lang='lat' dir='ltr'><strong>nono</strong></span> <span class='ocrx_word' id='word_1_447' title='bbox 1571 3626 1776 3682; x_wconf 61' lang='lat' dir='ltr'><strong>quartae</strong></span> <span class='ocrx_word' id='word_1_448' title='bbox 1824 3612 2009 3681; x_wconf 86' lang='lat' dir='ltr'><strong>synodi</strong></span> <span class='ocrx_word' id='word_1_449' title='bbox 2066 3623 2272 3663; x_wconf 85' lang='lat' dir='ltr'><strong>canene</strong></span> 
     </span>
    </p>
   </div>
   <div class='ocr_carea' id='block_1_68' title="bbox 739 3698 2274 3769">
    <p class='ocr_par' dir='ltr' id='par_1_68' title="bbox 739 3698 2274 3769">
     <span class='ocr_line' id='line_1_68' title="bbox 739 3698 2274 3769; baseline -0.012 -1"><span class='ocrx_word' id='word_1_450' title='bbox 739 3716 1079 3769; x_wconf 83' lang='lat' dir='ltr'><strong>constitutum</strong></span> <span class='ocrx_word' id='word_1_451' title='bbox 1107 3720 1189 3763; x_wconf 87' lang='lat' dir='ltr'><strong>est</strong></span> <span class='ocrx_word' id='word_1_452' title='bbox 1218 3726 1231 3761; x_wconf 89' lang='lat'><strong>:</strong></span> <span class='ocrx_word' id='word_1_453' title='bbox 1269 3709 1309 3760; x_wconf 88' lang='lat' dir='ltr'><strong>si</strong></span> <span class='ocrx_word' id='word_1_454' title='bbox 1349 3720 1494 3769; x_wconf 80' lang='lat' dir='ltr'><strong>vero,</strong></span> <span class='ocrx_word' id='word_1_455' title='bbox 1524 3704 1600 3756; x_wconf 86' lang='lat' dir='ltr'><strong>vel</strong></span> <span class='ocrx_word' id='word_1_456' title='bbox 1625 3703 1846 3756; x_wconf 84' lang='lat' dir='ltr'><strong>clericus</strong></span> <span class='ocrx_word' id='word_1_457' title='bbox 1881 3715 1997 3754; x_wconf 90' lang='lat' dir='ltr'><strong>cum</strong></span> <span class='ocrx_word' id='word_1_458' title='bbox 2029 3698 2274 3764; x_wconf 75' lang='lat' dir='ltr'><strong>episcopo</strong></span> 
     </span>
    </p>
   </div>
   <div class='ocr_carea' id='block_1_69' title="bbox 740 3788 2276 3866">
    <p class='ocr_par' dir='ltr' id='par_1_69' title="bbox 740 3788 2276 3866">
     <span class='ocr_line' id='line_1_69' title="bbox 740 3788 2276 3866; baseline -0.012 -10"><span class='ocrx_word' id='word_1_459' title='bbox 740 3817 858 3866; x_wconf 90' lang='lat' dir='ltr'><strong>suo,</strong></span> <span class='ocrx_word' id='word_1_460' title='bbox 909 3801 988 3854; x_wconf 75' lang='lat' dir='ltr'><strong>vel</strong></span> <span class='ocrx_word' id='word_1_461' title='bbox 1037 3800 1139 3853; x_wconf 82' lang='lat' dir='ltr'><strong>duo</strong></span> <span class='ocrx_word' id='word_1_462' title='bbox 1184 3797 1324 3850; x_wconf 86' lang='lat' dir='ltr'><strong>inter</strong></span> <span class='ocrx_word' id='word_1_463' title='bbox 1352 3810 1408 3848; x_wconf 85' lang='lat' dir='ltr'><strong>se</strong></span> <span class='ocrx_word' id='word_1_464' title='bbox 1449 3794 1681 3862; x_wconf 77' lang='lat' dir='ltr'><strong>episcopi</strong></span> <span class='ocrx_word' id='word_1_465' title='bbox 1730 3790 1998 3860; x_wconf 85' lang='lat' dir='ltr'><strong>quidpiam</strong></span> <span class='ocrx_word' id='word_1_466' title='bbox 2043 3788 2276 3840; x_wconf 82' lang='lat' dir='ltr'><strong>habeant</strong></span> 
     </span>
    </p>
   </div>
   <div class='ocr_carea' id='block_1_70' title="bbox 739 3878 2273 3952">
    <p class='ocr_par' dir='ltr' id='par_1_70' title="bbox 739 3878 2273 3952">
     <span class='ocr_line' id='line_1_70' title="bbox 739 3878 2273 3952; baseline -0.013 -6"><span class='ocrx_word' id='word_1_467' title='bbox 739 3890 1155 3949; x_wconf 61' lang='lat' dir='ltr'><strong>controversia,</strong></span> <span class='ocrx_word' id='word_1_468' title='bbox 1212 3898 1375 3952; x_wconf 80' lang='lat' dir='ltr'><strong>penes</strong></span> <span class='ocrx_word' id='word_1_469' title='bbox 1425 3883 1682 3950; x_wconf 83' lang='lat' dir='ltr'><strong>synodum</strong></span> <span class='ocrx_word' id='word_1_470' title='bbox 1737 3881 1851 3946; x_wconf 84' lang='lat' dir='ltr'><strong>ejus</strong></span> <span class='ocrx_word' id='word_1_471' title='bbox 1899 3878 1972 3932; x_wconf 90' lang='lat' dir='ltr'><strong>rei</strong></span> <span class='ocrx_word' id='word_1_472' title='bbox 2017 3878 2273 3944; x_wconf 82' lang='lat' dir='ltr'><strong>judicium</strong></span> 
     </span>
    </p>
   </div>
   <div class='ocr_carea' id='block_1_71' title="bbox 743 3967 2275 4034">
    <p class='ocr_par' dir='ltr' id='par_1_71' title="bbox 743 3967 2275 4034">
     <span class='ocr_line' id='line_1_71' title="bbox 743 3967 2275 4034; baseline -0.01 -1"><span class='ocrx_word' id='word_1_473' title='bbox 743 3995 884 4034; x_wconf 86' lang='lat' dir='ltr'><strong>esse.</strong></span> <span class='ocrx_word' id='word_1_474' title='bbox 911 3977 1052 4030; x_wconf 83' lang='lat' dir='ltr'><strong>idem</strong></span> <span class='ocrx_word' id='word_1_475' title='bbox 1073 3978 1174 4029; x_wconf 91' lang='lat' dir='ltr'><strong>hoc</strong></span> <span class='ocrx_word' id='word_1_476' title='bbox 1201 3988 1406 4027; x_wconf 89' lang='lat' dir='ltr'><strong>canone</strong></span> <span class='ocrx_word' id='word_1_477' title='bbox 1435 3973 1641 4024; x_wconf 87' lang='lat' dir='ltr'><strong>videtur</strong></span> <span class='ocrx_word' id='word_1_478' title='bbox 1667 3984 1784 4023; x_wconf 87' lang='lat' dir='ltr'><strong>esse</strong></span> <span class='ocrx_word' id='word_1_479' title='bbox 1811 3969 2109 4030; x_wconf 86' lang='lat' dir='ltr'><strong>sancitum;</strong></span> <span class='ocrx_word' id='word_1_480' title='bbox 2143 3977 2200 4018; x_wconf 91' lang='lat' dir='ltr'><strong>nt</strong></span> <span class='ocrx_word' id='word_1_481' title='bbox 2229 3967 2275 4019; x_wconf 88' lang='lat' dir='ltr'><strong>si</strong></span> 
     </span>
    </p>
   </div>
   <div class='ocr_carea' id='block_1_72' title="bbox 744 4055 2278 4127">
    <p class='ocr_par' dir='ltr' id='par_1_72' title="bbox 744 4055 2278 4127">
     <span class='ocr_line' id='line_1_72' title="bbox 744 4055 2278 4127; baseline -0.008 -7"><span class='ocrx_word' id='word_1_482' title='bbox 744 4068 848 4120; x_wconf 87' lang='lat' dir='ltr'><strong>duo</strong></span> <span class='ocrx_word' id='word_1_483' title='bbox 883 4063 1129 4118; x_wconf 86' lang='lat' dir='ltr'><strong>nimirum</strong></span> <span class='ocrx_word' id='word_1_484' title='bbox 1161 4066 1299 4115; x_wconf 90' lang='lat' dir='ltr'><strong>inter</strong></span> <span class='ocrx_word' id='word_1_485' title='bbox 1331 4075 1388 4114; x_wconf 85' lang='lat' dir='ltr'><strong>se</strong></span> <span class='ocrx_word' id='word_1_486' title='bbox 1410 4060 1642 4127; x_wconf 83' lang='lat' dir='ltr'><strong>episeOpi</strong></span> <span class='ocrx_word' id='word_1_487' title='bbox 1673 4058 1899 4125; x_wconf 69' lang='lat' dir='ltr'><strong>litigent,</strong></span> <span class='ocrx_word' id='word_1_488' title='bbox 1920 4055 2001 4108; x_wconf 88' lang='lat' dir='ltr'><strong>vel</strong></span> <span class='ocrx_word' id='word_1_489' title='bbox 2029 4056 2278 4107; x_wconf 78' lang='lat' dir='ltr'><strong>adversus</strong></span> 
     </span>
    </p>
   </div>
   <div class='ocr_carea' id='block_1_73' title="bbox 746 4143 2278 4225">
    <p class='ocr_par' dir='ltr' id='par_1_73' title="bbox 746 4143 2278 4225">
     <span class='ocr_line' id='line_1_73' title="bbox 746 4143 2278 4225; baseline -0.009 -19"><span class='ocrx_word' id='word_1_490' title='bbox 746 4156 1047 4225; x_wconf 75' lang='lat' dir='ltr'><strong>episcopum</strong></span> <span class='ocrx_word' id='word_1_491' title='bbox 1083 4151 1306 4204; x_wconf 87' lang='lat' dir='ltr'><strong>clericus</strong></span> <span class='ocrx_word' id='word_1_492' title='bbox 1335 4151 1595 4203; x_wconf 83' lang='lat' dir='ltr'><strong>actionem</strong></span> <span class='ocrx_word' id='word_1_493' title='bbox 1631 4147 1886 4207; x_wconf 86' lang='lat' dir='ltr'><strong>intendat,</strong></span> <span class='ocrx_word' id='word_1_494' title='bbox 1935 4158 2000 4198; x_wconf 91' lang='lat' dir='ltr'><strong>ne</strong></span> <span class='ocrx_word' id='word_1_495' title='bbox 2033 4144 2133 4196; x_wconf 87' lang='lat' dir='ltr'><strong>sibi</strong></span> <span class='ocrx_word' id='word_1_496' title='bbox 2167 4143 2278 4210; x_wconf 88' lang='lat' dir='ltr'><strong>epi-</strong></span> 
     </span>
    </p>
   </div>
   <div class='ocr_carea' id='block_1_74' title="bbox 746 4233 2279 4312">
    <p class='ocr_par' dir='ltr' id='par_1_74' title="bbox 746 4233 2279 4312">
     <span class='ocr_line' id='line_1_74' title="bbox 746 4233 2279 4312; baseline -0.01 -13"><span class='ocrx_word' id='word_1_497' title='bbox 746 4259 935 4312; x_wconf 87' lang='lat' dir='ltr'><strong>scopus</strong></span> <span class='ocrx_word' id='word_1_498' title='bbox 995 4243 1259 4311; x_wconf 87' lang='lat' dir='ltr'><strong>quispiam</strong></span> <span class='ocrx_word' id='word_1_499' title='bbox 1321 4240 1437 4308; x_wconf 87' lang='lat' dir='ltr'><strong>ejus</strong></span> <span class='ocrx_word' id='word_1_500' title='bbox 1485 4252 1659 4292; x_wconf 72' lang='lat' dir='ltr'><strong>causa:</strong></span> <span class='ocrx_word' id='word_1_501' title='bbox 1706 4236 2069 4304; x_wconf 79' lang='lat' dir='ltr'><strong>cognitionem</strong></span> <span class='ocrx_word' id='word_1_502' title='bbox 2131 4233 2279 4285; x_wconf 91' lang='lat' dir='ltr'><strong>solus</strong></span> 
     </span>
    </p>
   </div>
   <div class='ocr_carea' id='block_1_75' title="bbox 750 4325 2278 4399">
    <p class='ocr_par' dir='ltr' id='par_1_75' title="bbox 750 4325 2278 4399">
     <span class='ocr_line' id='line_1_75' title="bbox 750 4325 2278 4399; baseline -0.01 -11"><span class='ocrx_word' id='word_1_503' title='bbox 750 4343 1023 4399; x_wconf 82' lang='lat' dir='ltr'><strong>assumat,</strong></span> <span class='ocrx_word' id='word_1_504' title='bbox 1060 4333 1150 4386; x_wconf 88' lang='lat' dir='ltr'><strong>sed</strong></span> <span class='ocrx_word' id='word_1_505' title='bbox 1176 4345 1236 4385; x_wconf 80' lang='lat' dir='ltr'><strong>ea</strong></span> <span class='ocrx_word' id='word_1_506' title='bbox 1269 4331 1334 4383; x_wconf 89' lang='lat' dir='ltr'><strong>ad</strong></span> <span class='ocrx_word' id='word_1_507' title='bbox 1370 4330 1552 4398; x_wconf 82' lang='lat' dir='ltr'><strong>synodi</strong></span> <span class='ocrx_word' id='word_1_508' title='bbox 1596 4325 1934 4395; x_wconf 79' lang='lat' dir='ltr'><strong>provincialis</strong></span> <span class='ocrx_word' id='word_1_509' title='bbox 1958 4331 2278 4376; x_wconf 82' lang='lat' dir='ltr'><strong>com-cntum</strong></span> 
     </span>
    </p>
   </div>
   <div class='ocr_carea' id='block_1_76' title="bbox 751 4426 1025 4476">
    <p class='ocr_par' dir='ltr' id='par_1_76' title="bbox 751 4426 1025 4476">
     <span class='ocr_line' id='line_1_76' title="bbox 751 4426 1025 4476; baseline 0 -1"><span class='ocrx_word' id='word_1_510' title='bbox 751 4426 1025 4476; x_wconf 77' lang='lat' dir='ltr'><strong>referatur.</strong></span> 
     </span>
    </p>
   </div>
   <div class='ocr_carea' id='block_1_77' title="bbox 753 4503 2277 4581">
    <p class='ocr_par' dir='ltr' id='par_1_77' title="bbox 753 4503 2277 4581">
     <span class='ocr_line' id='line_1_77' title="bbox 753 4503 2277 4581; baseline -0.008 -15"><span class='ocrx_word' id='word_1_511' title='bbox 753 4513 977 4566; x_wconf 78' lang='lat' dir='ltr'><strong>ARIST.</strong></span> <span class='ocrx_word' id='word_1_512' title='bbox 1042 4532 1058 4564; x_wconf 77' lang='grc' dir='ltr'><strong>ι</strong></span> <span class='ocrx_word' id='word_1_513' title='bbox 1105 4512 1254 4566; x_wconf 87' lang='lat' dir='ltr'><strong>Unus</strong></span> <span class='ocrx_word' id='word_1_514' title='bbox 1303 4512 1579 4581; x_wconf 88' lang='lat' dir='ltr'><strong>episcopus</strong></span> <span class='ocrx_word' id='word_1_515' title='bbox 1629 4507 1983 4576; x_wconf 74' lang='lat' dir='ltr'><strong>cognitionem</strong></span> <span class='ocrx_word' id='word_1_516' title='bbox 2049 4503 2148 4558; x_wconf 90' lang='lat' dir='ltr'><strong>sibi</strong></span> <span class='ocrx_word' id='word_1_517' title='bbox 2212 4517 2277 4555; x_wconf 88' lang='lat' dir='ltr'><strong>ne</strong></span> 
     </span>
    </p>
   </div>
   <div class='ocr_carea' id='block_1_78' title="bbox 1326 4597 1710 4650">
    <p class='ocr_par' dir='ltr' id='par_1_78' title="bbox 1326 4597 1710 4650">
     <span class='ocr_line' id='line_1_78' title="bbox 1326 4597 1710 4650; baseline -0.008 -2"><span class='ocrx_word' id='word_1_518' title='bbox 1326 4615 1345 4648; x_wconf 72' lang='grc' dir='ltr'><strong>ι</strong></span> <span class='ocrx_word' id='word_1_519' title='bbox 1387 4597 1648 4650; x_wconf 84' lang='lat' dir='ltr'><strong>vendicet.</strong></span> <span class='ocrx_word' id='word_1_520' title='bbox 1691 4611 1710 4645; x_wconf 70' lang='grc' dir='ltr'><strong>ι</strong></span> 
     </span>
    </p>
   </div>
   <div class='ocr_carea' id='block_1_79' title="bbox 821 4679 2279 4752">
    <p class='ocr_par' dir='ltr' id='par_1_79' title="bbox 821 4679 2279 4752">
     <span class='ocr_line' id='line_1_79' title="bbox 821 4679 2279 4752; baseline -0.008 -11"><span class='ocrx_word' id='word_1_521' title='bbox 821 4689 932 4742; x_wconf 78' lang='lat' dir='ltr'><strong>Non</strong></span> <span class='ocrx_word' id='word_1_522' title='bbox 986 4698 1189 4740; x_wconf 90' lang='lat' dir='ltr'><strong>tantum</strong></span> <span class='ocrx_word' id='word_1_523' title='bbox 1242 4687 1400 4740; x_wconf 76' lang='lat' dir='ltr'><strong>unius</strong></span> <span class='ocrx_word' id='word_1_524' title='bbox 1451 4685 1684 4752; x_wconf 87' lang='lat' dir='ltr'><strong>episcopi</strong></span> <span class='ocrx_word' id='word_1_525' title='bbox 1716 4683 1996 4751; x_wconf 79' lang='lat' dir='ltr'><strong>judicium,</strong></span> <span class='ocrx_word' id='word_1_526' title='bbox 2043 4679 2134 4733; x_wconf 82' lang='lat' dir='ltr'><strong>sed</strong></span> <span class='ocrx_word' id='word_1_527' title='bbox 2184 4691 2279 4729; x_wconf 89' lang='lat' dir='ltr'><strong>nec</strong></span> 
     </span>
    </p>
   </div>
   <div class='ocr_carea' id='block_1_80' title="bbox 754 4767 2279 4844">
    <p class='ocr_par' dir='ltr' id='par_1_80' title="bbox 754 4767 2279 4844">
     <span class='ocr_line' id='line_1_80' title="bbox 754 4767 2279 4844; baseline -0.009 -12"><span class='ocrx_word' id='word_1_528' title='bbox 754 4779 861 4832; x_wconf 91' lang='lat' dir='ltr'><strong>duo</strong></span> <span class='ocrx_word' id='word_1_529' title='bbox 894 4775 1156 4830; x_wconf 85' lang='lat' dir='ltr'><strong>suﬂiciunt</strong></span> <span class='ocrx_word' id='word_1_530' title='bbox 1187 4777 1250 4828; x_wconf 88' lang='lat' dir='ltr'><strong>ad</strong></span> <span class='ocrx_word' id='word_1_531' title='bbox 1298 4774 1590 4844; x_wconf 84' lang='lat' dir='ltr'><strong>presbyteri</strong></span> <span class='ocrx_word' id='word_1_532' title='bbox 1622 4772 1704 4826; x_wconf 82' lang='lat' dir='ltr'><strong>vel</strong></span> <span class='ocrx_word' id='word_1_533' title='bbox 1744 4772 1950 4824; x_wconf 88' lang='lat' dir='ltr'><strong>diaconi</strong></span> <span class='ocrx_word' id='word_1_534' title='bbox 1995 4767 2279 4835; x_wconf 86' lang='lat' dir='ltr'><strong>depositio-</strong></span> 
     </span>
    </p>
   </div>
   <div class='ocr_carea' id='block_1_81' title="bbox 760 4857 2282 4935">
    <p class='ocr_par' dir='ltr' id='par_1_81' title="bbox 760 4857 2282 4935">
     <span class='ocr_line' id='line_1_81' title="bbox 760 4857 2282 4935; baseline -0.01 -13"><span class='ocrx_word' id='word_1_535' title='bbox 760 4885 900 4922; x_wconf 82' lang='lat' dir='ltr'><strong>nem.</strong></span> <span class='ocrx_word' id='word_1_536' title='bbox 925 4869 1027 4921; x_wconf 87' lang='lat' dir='ltr'><strong>Sed</strong></span> <span class='ocrx_word' id='word_1_537' title='bbox 1055 4869 1097 4921; x_wconf 94' lang='lat' dir='ltr'><strong>si</strong></span> <span class='ocrx_word' id='word_1_538' title='bbox 1135 4867 1416 4935; x_wconf 86' lang='lat' dir='ltr'><strong>episcopus</strong></span> <span class='ocrx_word' id='word_1_539' title='bbox 1449 4867 1520 4919; x_wconf 87' lang='lat' dir='ltr'><strong>sit</strong></span> <span class='ocrx_word' id='word_1_540' title='bbox 1550 4872 1852 4927; x_wconf 88' lang='lat' dir='ltr'><strong>accusatus,</strong></span> <span class='ocrx_word' id='word_1_541' title='bbox 1885 4863 1930 4914; x_wconf 87' lang='lat' dir='ltr'><strong>si</strong></span> <span class='ocrx_word' id='word_1_542' title='bbox 1976 4859 2126 4913; x_wconf 89' lang='lat' dir='ltr'><strong>multi</strong></span> <span class='ocrx_word' id='word_1_543' title='bbox 2169 4857 2282 4924; x_wconf 86' lang='lat' dir='ltr'><strong>epi-</strong></span> 
     </span>
    </p>
   </div>
   <div class='ocr_carea' id='block_1_82' title="bbox 755 4946 2280 5023">
    <p class='ocr_par' dir='ltr' id='par_1_82' title="bbox 755 4946 2280 5023">
     <span class='ocr_line' id='line_1_82' title="bbox 755 4946 2280 5023; baseline -0.01 -13"><span class='ocrx_word' id='word_1_544' title='bbox 755 4957 898 5023; x_wconf 88' lang='lat' dir='ltr'><strong>scopi</strong></span> <span class='ocrx_word' id='word_1_545' title='bbox 930 4954 1213 5008; x_wconf 88' lang='lat' dir='ltr'><strong>convenire</strong></span> <span class='ocrx_word' id='word_1_546' title='bbox 1242 4969 1343 5007; x_wconf 90' lang='lat' dir='ltr'><strong>non</strong></span> <span class='ocrx_word' id='word_1_547' title='bbox 1371 4961 1617 5022; x_wconf 85' lang='lat' dir='ltr'><strong>possunt,</strong></span> <span class='ocrx_word' id='word_1_548' title='bbox 1639 4967 1666 5003; x_wconf 91' lang='lat' dir='ltr'><strong>a</strong></span> <span class='ocrx_word' id='word_1_549' title='bbox 1695 4950 1974 5004; x_wconf 89' lang='lat' dir='ltr'><strong>duodecim</strong></span> <span class='ocrx_word' id='word_1_550' title='bbox 2007 4946 2280 5000; x_wconf 87' lang='lat' dir='ltr'><strong>minimum</strong></span> 
     </span>
    </p>
   </div>
   <div class='ocr_carea' id='block_1_83' title="bbox 756 5039 2282 5114">
    <p class='ocr_par' dir='ltr' id='par_1_83' title="bbox 756 5039 2282 5114">
     <span class='ocr_line' id='line_1_83' title="bbox 756 5039 2282 5114; baseline -0.007 -17"><span class='ocrx_word' id='word_1_551' title='bbox 756 5046 1014 5114; x_wconf 83' lang='lat' dir='ltr'><strong>episcopis</strong></span> <span class='ocrx_word' id='word_1_552' title='bbox 1051 5041 1408 5110; x_wconf 85' lang='lat' dir='ltr'><strong>judicabitur;</strong></span> <span class='ocrx_word' id='word_1_553' title='bbox 1455 5041 1500 5095; x_wconf 91' lang='lat' dir='ltr'><strong>si</strong></span> <span class='ocrx_word' id='word_1_554' title='bbox 1563 5039 1838 5107; x_wconf 86' lang='lat' dir='ltr'><strong>presbyter</strong></span> <span class='ocrx_word' id='word_1_555' title='bbox 1875 5047 2072 5097; x_wconf 90' lang='lat' dir='ltr'><strong>autem,</strong></span> <span class='ocrx_word' id='word_1_556' title='bbox 2113 5050 2141 5087; x_wconf 86' lang='lat' dir='ltr'><strong>a</strong></span> <span class='ocrx_word' id='word_1_557' title='bbox 2188 5047 2282 5087; x_wconf 80' lang='lat' dir='ltr'><strong>sex</strong></span> 
     </span>
    </p>
   </div>
   <div class='ocr_carea' id='block_1_84' title="bbox 757 5126 2281 5206">
    <p class='ocr_par' dir='ltr' id='par_1_84' title="bbox 757 5126 2281 5206">
     <span class='ocr_line' id='line_1_84' title="bbox 757 5126 2281 5206; baseline -0.009 -18"><span class='ocrx_word' id='word_1_558' title='bbox 757 5135 1036 5202; x_wconf 84' lang='lat' dir='ltr'><strong>episcopis,</strong></span> <span class='ocrx_word' id='word_1_559' title='bbox 1075 5142 1127 5186; x_wconf 92' lang='lat' dir='ltr'><strong>et</strong></span> <span class='ocrx_word' id='word_1_560' title='bbox 1149 5146 1244 5206; x_wconf 81' lang='lat' dir='ltr'><strong>suo</strong></span> <span class='ocrx_word' id='word_1_561' title='bbox 1274 5132 1558 5199; x_wconf 88' lang='lat' dir='ltr'><strong>episcopo;</strong></span> <span class='ocrx_word' id='word_1_562' title='bbox 1595 5131 1677 5183; x_wconf 87' lang='lat' dir='ltr'><strong>sin</strong></span> <span class='ocrx_word' id='word_1_563' title='bbox 1729 5138 1903 5180; x_wconf 86' lang='lat' dir='ltr'><strong>autem</strong></span> <span class='ocrx_word' id='word_1_564' title='bbox 1945 5126 2222 5186; x_wconf 89' lang='lat' dir='ltr'><strong>diaconus,</strong></span> <span class='ocrx_word' id='word_1_565' title='bbox 2252 5137 2281 5174; x_wconf 85' lang='lat' dir='ltr'><strong>a</strong></span> 
     </span>
    </p>
   </div>
   <div class='ocr_carea' id='block_1_85' title="bbox 759 5215 2285 5289">
    <p class='ocr_par' dir='ltr' id='par_1_85' title="bbox 759 5215 2285 5289">
     <span class='ocr_line' id='line_1_85' title="bbox 759 5215 2285 5289; baseline -0.005 -13"><span class='ocrx_word' id='word_1_566' title='bbox 759 5225 924 5277; x_wconf 87' lang='lat' dir='ltr'><strong>tribus</strong></span> <span class='ocrx_word' id='word_1_567' title='bbox 947 5233 999 5276; x_wconf 91' lang='lat' dir='ltr'><strong>et</strong></span> <span class='ocrx_word' id='word_1_568' title='bbox 1028 5236 1123 5277; x_wconf 90' lang='lat' dir='ltr'><strong>suo</strong></span> <span class='ocrx_word' id='word_1_569' title='bbox 1153 5222 1435 5289; x_wconf 89' lang='lat' dir='ltr'><strong>episcopo:</strong></span> <span class='ocrx_word' id='word_1_570' title='bbox 1474 5219 1916 5287; x_wconf 87' lang='lat' dir='ltr'><strong>quemadmodum</strong></span> <span class='ocrx_word' id='word_1_571' title='bbox 1947 5215 2285 5268; x_wconf 87' lang='lat' dir='ltr'><strong>duodecimus</strong></span> 
     </span>
    </p>
   </div>
   <div class='ocr_carea' id='block_1_86' title="bbox 760 5305 2282 5380">
    <p class='ocr_par' dir='ltr' id='par_1_86' title="bbox 760 5305 2282 5380">
     <span class='ocr_line' id='line_1_86' title="bbox 760 5305 2282 5380; baseline -0.009 -11"><span class='ocrx_word' id='word_1_572' title='bbox 760 5325 809 5369; x_wconf 84' lang='lat' dir='ltr'><strong>et</strong></span> <span class='ocrx_word' id='word_1_573' title='bbox 833 5315 1116 5368; x_wconf 87' lang='lat' dir='ltr'><strong>vicesimus</strong></span> <span class='ocrx_word' id='word_1_574' title='bbox 1143 5312 1297 5380; x_wconf 85' lang='lat' dir='ltr'><strong>hujus</strong></span> <span class='ocrx_word' id='word_1_575' title='bbox 1328 5310 1513 5379; x_wconf 87' lang='lat' dir='ltr'><strong>synodi</strong></span> <span class='ocrx_word' id='word_1_576' title='bbox 1544 5324 1715 5362; x_wconf 89' lang='lat' dir='ltr'><strong>canon</strong></span> <span class='ocrx_word' id='word_1_577' title='bbox 1741 5313 1994 5362; x_wconf 88' lang='lat' dir='ltr'><strong>statuunt.</strong></span> <span class='ocrx_word' id='word_1_578' title='bbox 2029 5305 2145 5357; x_wconf 88' lang='lat' dir='ltr'><strong>Non</strong></span> <span class='ocrx_word' id='word_1_579' title='bbox 2185 5305 2282 5372; x_wconf 79' lang='lat' dir='ltr'><strong>igi-</strong></span> 
     </span>
    </p>
   </div>
   <div class='ocr_carea' id='block_1_87' title="bbox 762 5395 2286 5472">
    <p class='ocr_par' dir='ltr' id='par_1_87' title="bbox 762 5395 2286 5472">
     <span class='ocr_line' id='line_1_87' title="bbox 762 5395 2286 5472; baseline -0.007 -14"><span class='ocrx_word' id='word_1_580' title='bbox 762 5419 846 5458; x_wconf 90' lang='lat' dir='ltr'><strong>tur</strong></span> <span class='ocrx_word' id='word_1_581' title='bbox 867 5404 1147 5472; x_wconf 82' lang='lat' dir='ltr'><strong>episcopus</strong></span> <span class='ocrx_word' id='word_1_582' title='bbox 1178 5416 1315 5455; x_wconf 88' lang='lat' dir='ltr'><strong>unus</strong></span> <span class='ocrx_word' id='word_1_583' title='bbox 1369 5416 1428 5454; x_wconf 88' lang='lat' dir='ltr'><strong>se</strong></span> <span class='ocrx_word' id='word_1_584' title='bbox 1451 5400 1682 5466; x_wconf 70' lang='lat' dir='ltr'><strong>iudicem</strong></span> <span class='ocrx_word' id='word_1_585' title='bbox 1716 5401 2001 5453; x_wconf 86' lang='lat' dir='ltr'><strong>constituet</strong></span> <span class='ocrx_word' id='word_1_586' title='bbox 2030 5398 2078 5448; x_wconf 91' lang='lat' dir='ltr'><strong>in</strong></span> <span class='ocrx_word' id='word_1_587' title='bbox 2102 5395 2286 5449; x_wconf 84' lang='lat' dir='ltr'><strong>crimi-</strong></span> 
     </span>
    </p>
   </div>
   <div class='ocr_carea' id='block_1_88' title="bbox 764 5482 2290 5559">
    <p class='ocr_par' dir='ltr' id='par_1_88' title="bbox 764 5482 2290 5559">
     <span class='ocr_line' id='line_1_88' title="bbox 764 5482 2290 5559; baseline -0.005 -17"><span class='ocrx_word' id='word_1_588' title='bbox 764 5492 912 5544; x_wconf 79' lang='lat' dir='ltr'><strong>nibus</strong></span> <span class='ocrx_word' id='word_1_589' title='bbox 941 5489 1233 5559; x_wconf 86' lang='lat' dir='ltr'><strong>presbyteri</strong></span> <span class='ocrx_word' id='word_1_590' title='bbox 1261 5497 1352 5541; x_wconf 89' lang='lat' dir='ltr'><strong>aut</strong></span> <span class='ocrx_word' id='word_1_591' title='bbox 1375 5487 1605 5552; x_wconf 89' lang='lat' dir='ltr'><strong>diaconi,</strong></span> <span class='ocrx_word' id='word_1_592' title='bbox 1628 5494 1681 5539; x_wconf 90' lang='lat' dir='ltr'><strong>et</strong></span> <span class='ocrx_word' id='word_1_593' title='bbox 1702 5501 1853 5539; x_wconf 93' lang='lat' dir='ltr'><strong>suum</strong></span> <span class='ocrx_word' id='word_1_594' title='bbox 1887 5482 2132 5537; x_wconf 79' lang='lat' dir='ltr'><strong>defendet</strong></span> <span class='ocrx_word' id='word_1_595' title='bbox 2152 5482 2290 5550; x_wconf 80' lang='lat' dir='ltr'><strong>judi-</strong></span> 
     </span>
    </p>
   </div>
   <div class='ocr_carea' id='block_1_89' title="bbox 765 5575 2290 5647">
    <p class='ocr_par' dir='ltr' id='par_1_89' title="bbox 765 5575 2290 5647">
     <span class='ocr_line' id='line_1_89' title="bbox 765 5575 2290 5647; baseline -0.005 -13"><span class='ocrx_word' id='word_1_596' title='bbox 765 5582 922 5642; x_wconf 82' lang='lat' dir='ltr'><strong>cium,</strong></span> <span class='ocrx_word' id='word_1_597' title='bbox 952 5592 1006 5635; x_wconf 86' lang='lat' dir='ltr'><strong>et</strong></span> <span class='ocrx_word' id='word_1_598' title='bbox 1036 5581 1102 5634; x_wconf 81' lang='lat' dir='ltr'><strong>ad</strong></span> <span class='ocrx_word' id='word_1_599' title='bbox 1124 5593 1255 5647; x_wconf 90' lang='lat' dir='ltr'><strong>opus</strong></span> <span class='ocrx_word' id='word_1_600' title='bbox 1299 5579 1426 5632; x_wconf 91' lang='lat' dir='ltr'><strong>illud</strong></span> <span class='ocrx_word' id='word_1_601' title='bbox 1455 5578 1741 5646; x_wconf 87' lang='lat' dir='ltr'><strong>perducet;</strong></span> <span class='ocrx_word' id='word_1_602' title='bbox 1767 5577 1868 5630; x_wconf 90' lang='lat' dir='ltr'><strong>nisi</strong></span> <span class='ocrx_word' id='word_1_603' title='bbox 1907 5575 2143 5630; x_wconf 86' lang='lat' dir='ltr'><strong>accusati</strong></span> <span class='ocrx_word' id='word_1_604' title='bbox 2186 5577 2290 5628; x_wconf 86' lang='lat' dir='ltr'><strong>sint</strong></span> 
     </span>
    </p>
   </div>
   <div class='ocr_carea' id='block_1_90' title="bbox 765 5659 2289 5733">
    <p class='ocr_par' dir='ltr' id='par_1_90' title="bbox 765 5659 2289 5733">
     <span class='ocr_line' id='line_1_90' title="bbox 765 5659 2289 5733; baseline -0.006 -9"><span class='ocrx_word' id='word_1_605' title='bbox 765 5682 794 5724; x_wconf 86' lang='lat' dir='ltr'><strong>e</strong></span> <span class='ocrx_word' id='word_1_606' title='bbox 815 5683 1036 5724; x_wconf 89' lang='lat' dir='ltr'><strong>numero</strong></span> <span class='ocrx_word' id='word_1_607' title='bbox 1053 5668 1390 5732; x_wconf 88' lang='lat' dir='ltr'><strong>clericorurn,</strong></span> <span class='ocrx_word' id='word_1_608' title='bbox 1415 5665 1505 5733; x_wconf 90' lang='lat' dir='ltr'><strong>qui</strong></span> <span class='ocrx_word' id='word_1_609' title='bbox 1528 5673 1647 5718; x_wconf 88' lang='lat' dir='ltr'><strong>sunt</strong></span> <span class='ocrx_word' id='word_1_610' title='bbox 1667 5666 1808 5717; x_wconf 87' lang='lat' dir='ltr'><strong>intra</strong></span> <span class='ocrx_word' id='word_1_611' title='bbox 1833 5663 2099 5715; x_wconf 87' lang='lat' dir='ltr'><strong>diaconos.</strong></span> <span class='ocrx_word' id='word_1_612' title='bbox 2129 5659 2198 5714; x_wconf 85' lang='lat' dir='ltr'><strong>De</strong></span> <span class='ocrx_word' id='word_1_613' title='bbox 2225 5660 2289 5715; x_wconf 89' lang='lat' dir='ltr'><strong>iis</strong></span> 
     </span>
    </p>
   </div>
   <div class='ocr_carea' id='block_1_91' title="bbox 2373 3261 3922 3333">
    <p class='ocr_par' dir='ltr' id='par_1_91' title="bbox 2373 3261 3922 3333">
     <span class='ocr_line' id='line_1_91' title="bbox 2373 3261 3922 3333; baseline -0.005 -18"><span class='ocrx_word' id='word_1_614' title='bbox 2373 3265 2534 3333; x_wconf 74' lang='grc' dir='ltr'>ῥηθὲν</span> <span class='ocrx_word' id='word_1_615' title='bbox 2563 3264 2719 3332; x_wconf 83' lang='grc' dir='ltr'>χάριν</span> <span class='ocrx_word' id='word_1_616' title='bbox 2748 3261 2838 3314; x_wconf 83' lang='grc' dir='ltr'>τοῦ</span> <span class='ocrx_word' id='word_1_617' title='bbox 2881 3261 2957 3330; x_wconf 81' lang='grc' dir='ltr'><strong>μὴ</strong></span> <span class='ocrx_word' id='word_1_618' title='bbox 2987 3261 3269 3313; x_wconf 82' lang='grc' dir='ltr'>διεκδικεῖν</span> <span class='ocrx_word' id='word_1_619' title='bbox 3297 3261 3392 3313; x_wconf 81' lang='grc' dir='ltr'><strong>ἐνα</strong></span> <span class='ocrx_word' id='word_1_620' title='bbox 3425 3261 3714 3311; x_wconf 78' lang='grc' dir='ltr'>ἐπίσκοπον</span> <span class='ocrx_word' id='word_1_621' title='bbox 3739 3261 3922 3326; x_wconf 74' lang='grc' dir='ltr'>ἐαυτῷ</span> 
     </span>
    </p>
   </div>
   <div class='ocr_carea' id='block_1_92' title="bbox 2369 3351 3925 3420">
    <p class='ocr_par' dir='ltr' id='par_1_92' title="bbox 2369 3351 3925 3420">
     <span class='ocr_line' id='line_1_92' title="bbox 2369 3351 3925 3420; baseline -0.001 -16"><span class='ocrx_word' id='word_1_622' title='bbox 2369 3354 2676 3420; x_wconf 74' lang='grc' dir='ltr'>διάγνωσιν,</span> <span class='ocrx_word' id='word_1_623' title='bbox 2738 3352 3034 3420; x_wconf 79' lang='grc' dir='ltr'>ἐκληπτέον</span> <span class='ocrx_word' id='word_1_624' title='bbox 3088 3352 3227 3403; x_wconf 74' lang='grc' dir='ltr'>κατὰ</span> <span class='ocrx_word' id='word_1_625' title='bbox 3260 3351 3350 3402; x_wconf 86' lang='grc' dir='ltr'>τὸν</span> <span class='ocrx_word' id='word_1_626' title='bbox 3386 3351 3667 3403; x_wconf 78' lang='grc' dir='ltr'>ἑνδέκατον</span> <span class='ocrx_word' id='word_1_627' title='bbox 3719 3352 3925 3402; x_wconf 77' lang='grc' dir='ltr'>κανόνα</span> 
     </span>
    </p>
   </div>
   <div class='ocr_carea' id='block_1_93' title="bbox 2369 3441 3059 3511">
    <p class='ocr_par' dir='ltr' id='par_1_93' title="bbox 2369 3441 3059 3511">
     <span class='ocr_line' id='line_1_93' title="bbox 2369 3441 3059 3511; baseline 0 -19"><span class='ocrx_word' id='word_1_628' title='bbox 2369 3443 2466 3510; x_wconf 83' lang='grc' dir='ltr'>τῆς</span> <span class='ocrx_word' id='word_1_629' title='bbox 2518 3441 2792 3511; x_wconf 72' lang='grc' dir='ltr'>παρούσης</span> <span class='ocrx_word' id='word_1_630' title='bbox 2825 3441 3059 3492; x_wconf 77' lang='grc' dir='ltr'>συνόδου.</span> 
     </span>
    </p>
   </div>
   <div class='ocr_carea' id='block_1_94' title="bbox 2441 3530 3926 3598">
    <p class='ocr_par' dir='ltr' id='par_1_94' title="bbox 2441 3530 3926 3598">
     <span class='ocr_line' id='line_1_94' title="bbox 2441 3530 3926 3598; baseline -0.001 -16"><span class='ocrx_word' id='word_1_631' title='bbox 2441 3531 2679 3583; x_wconf 82' lang='grc' dir='ltr'><strong>ΖΩΝΔΡ.</strong></span> <span class='ocrx_word' id='word_1_632' title='bbox 2731 3531 2791 3581; x_wconf 80' lang='grc' dir='ltr'><strong>Ὀ</strong></span> <span class='ocrx_word' id='word_1_633' title='bbox 2834 3530 3052 3590; x_wconf 76' lang='grc' dir='ltr'>ἔννατος</span> <span class='ocrx_word' id='word_1_634' title='bbox 3107 3531 3286 3583; x_wconf 75' lang='grc' dir='ltr'>κανὼν</span> <span class='ocrx_word' id='word_1_635' title='bbox 3315 3533 3411 3598; x_wconf 78' lang='grc' dir='ltr'>τῆς</span> <span class='ocrx_word' id='word_1_636' title='bbox 3444 3530 3707 3598; x_wconf 79' lang='grc' dir='ltr'>τετάρτης</span> <span class='ocrx_word' id='word_1_637' title='bbox 3771 3531 3926 3581; x_wconf 77' lang='grc' dir='ltr'>συνόο</span> 
     </span>
    </p>
   </div>
   <div class='ocr_carea' id='block_1_95' title="bbox 2371 3620 3926 3688">
    <p class='ocr_par' dir='ltr' id='par_1_95' title="bbox 2371 3620 3926 3688">
     <span class='ocr_line' id='line_1_95' title="bbox 2371 3620 3926 3688; baseline -0.002 -18"><span class='ocrx_word' id='word_1_638' title='bbox 2371 3620 2458 3671; x_wconf 88' lang='grc' dir='ltr'><strong>δου</strong></span> <span class='ocrx_word' id='word_1_639' title='bbox 2483 3621 2604 3681; x_wconf 80' lang='grc' dir='ltr'>τοὺς</span> <span class='ocrx_word' id='word_1_640' title='bbox 2642 3622 2928 3688; x_wconf 77' lang='grc' dir='ltr'>κληρικοὺς</span> <span class='ocrx_word' id='word_1_641' title='bbox 2965 3620 3134 3686; x_wconf 75' lang='grc' dir='ltr'>ὁρίζει</span> <span class='ocrx_word' id='word_1_642' title='bbox 3190 3620 3338 3686; x_wconf 80' lang='grc' dir='ltr'>παρὰ</span> <span class='ocrx_word' id='word_1_643' title='bbox 3398 3621 3508 3680; x_wconf 88' lang='grc' dir='ltr'>τοῖς</span> <span class='ocrx_word' id='word_1_644' title='bbox 3553 3620 3774 3676; x_wconf 82' lang='grc' dir='ltr'>οίκείοις</span> <span class='ocrx_word' id='word_1_645' title='bbox 3808 3621 3926 3668; x_wconf 75' lang='grc' dir='ltr'>ἐπι-</span> 
     </span>
    </p>
   </div>
   <div class='ocr_carea' id='block_1_96' title="bbox 2375 3709 3924 3806">
    <p class='ocr_par' dir='ltr' id='par_1_96' title="bbox 2375 3709 3924 3806">
     <span class='ocr_line' id='line_1_96' title="bbox 2375 3709 3924 3806; baseline -0.002 -45"><span class='ocrx_word' id='word_1_646' title='bbox 2375 3710 2596 3772; x_wconf 88' lang='grc' dir='ltr'>σκόποις</span> <span class='ocrx_word' id='word_1_647' title='bbox 2650 3711 2986 3806; x_wconf 56' lang='grc' dir='ltr'>δικάζεσθαι·</span> <span class='ocrx_word' id='word_1_648' title='bbox 3041 3711 3089 3762; x_wconf 86' lang='grc' dir='ltr'><strong>εί</strong></span> <span class='ocrx_word' id='word_1_649' title='bbox 3136 3710 3190 3761; x_wconf 83' lang='grc' dir='ltr'>δὲ</span> <span class='ocrx_word' id='word_1_650' title='bbox 3219 3711 3474 3778; x_wconf 73' lang='grc' dir='ltr'>κληρικος</span> <span class='ocrx_word' id='word_1_651' title='bbox 3508 3710 3641 3775; x_wconf 80' lang='grc' dir='ltr'>πρὸς</span> <span class='ocrx_word' id='word_1_652' title='bbox 3672 3709 3764 3758; x_wconf 77' lang='grc' dir='ltr'>τὸν</span> <span class='ocrx_word' id='word_1_653' title='bbox 3800 3711 3924 3759; x_wconf 75' lang='grc' dir='ltr'>ἐπί-</span> 
     </span>
    </p>
   </div>
   <div class='ocr_carea' id='block_1_97' title="bbox 2374 3797 3925 3867">
    <p class='ocr_par' dir='ltr' id='par_1_97' title="bbox 2374 3797 3925 3867">
     <span class='ocr_line' id='line_1_97' title="bbox 2374 3797 3925 3867; baseline -0.003 -17"><span class='ocrx_word' id='word_1_654' title='bbox 2374 3815 2574 3852; x_wconf 89' lang='grc' dir='ltr'>σκοπον</span> <span class='ocrx_word' id='word_1_655' title='bbox 2629 3797 2790 3850; x_wconf 76' lang='grc' dir='ltr'>αὐτοῦ</span> <span class='ocrx_word' id='word_1_656' title='bbox 2861 3799 2974 3867; x_wconf 76' lang='grc' dir='ltr'>ἔχει</span> <span class='ocrx_word' id='word_1_657' title='bbox 3026 3799 3298 3862; x_wconf 84' lang='grc' dir='ltr'>ὑπόθεσιν,</span> <span class='ocrx_word' id='word_1_658' title='bbox 3348 3800 3378 3864; x_wconf 80' lang='grc' dir='ltr'>ἢ</span> <span class='ocrx_word' id='word_1_659' title='bbox 3423 3799 3717 3857; x_wconf 73' lang='grc' dir='ltr'>ἐπίσκοπος</span> <span class='ocrx_word' id='word_1_660' title='bbox 3787 3797 3925 3862; x_wconf 70' lang='grc' dir='ltr'>πρὸς</span> 
     </span>
    </p>
   </div>
   <div class='ocr_carea' id='block_1_98' title="bbox 2373 3884 3926 3954">
    <p class='ocr_par' dir='ltr' id='par_1_98' title="bbox 2373 3884 3926 3954">
     <span class='ocr_line' id='line_1_98' title="bbox 2373 3884 3926 3954; baseline -0.002 -18"><span class='ocrx_word' id='word_1_661' title='bbox 2373 3885 2692 3946; x_wconf 84' lang='grc' dir='ltr'>ἐπίσκοπον,</span> <span class='ocrx_word' id='word_1_662' title='bbox 2727 3886 2874 3952; x_wconf 76' lang='grc' dir='ltr'>παρὰ</span> <span class='ocrx_word' id='word_1_663' title='bbox 2909 3889 2971 3952; x_wconf 82' lang='grc' dir='ltr'>τῇ</span> <span class='ocrx_word' id='word_1_664' title='bbox 3005 3887 3202 3954; x_wconf 85' lang='grc' dir='ltr'>συνόδῳ</span> <span class='ocrx_word' id='word_1_665' title='bbox 3253 3887 3349 3953; x_wconf 81' lang='grc' dir='ltr'>τῆς</span> <span class='ocrx_word' id='word_1_666' title='bbox 3400 3884 3667 3953; x_wconf 83' lang='grc' dir='ltr'>ἐπαρχίας</span> <span class='ocrx_word' id='word_1_667' title='bbox 3709 3885 3926 3945; x_wconf 76' lang='grc' dir='ltr'>δικάζε-</span> 
     </span>
    </p>
   </div>
   <div class='ocr_carea' id='block_1_99' title="bbox 2375 3970 3928 4042">
    <p class='ocr_par' dir='ltr' id='par_1_99' title="bbox 2375 3970 3928 4042">
     <span class='ocr_line' id='line_1_99' title="bbox 2375 3970 3928 4042; baseline -0.001 -16"><span class='ocrx_word' id='word_1_668' title='bbox 2375 3974 2520 4027; x_wconf 84' lang='grc' dir='ltr'>σθαι.</span> <span class='ocrx_word' id='word_1_669' title='bbox 2558 3973 2727 4025; x_wconf 77' lang='grc' dir='ltr'>Τοῦτο</span> <span class='ocrx_word' id='word_1_670' title='bbox 2759 3970 2852 4025; x_wconf 80' lang='grc' dir='ltr'>οὖν</span> <span class='ocrx_word' id='word_1_671' title='bbox 2901 3975 3043 4025; x_wconf 76' lang='grc' dir='ltr'>ἔοικε</span> <span class='ocrx_word' id='word_1_672' title='bbox 3091 3975 3183 4025; x_wconf 73' lang='grc' dir='ltr'>καὶ</span> <span class='ocrx_word' id='word_1_673' title='bbox 3208 3977 3234 4026; x_wconf 84' lang='grc' dir='ltr'><strong>δ</strong></span> <span class='ocrx_word' id='word_1_674' title='bbox 3261 3973 3446 4042; x_wconf 83' lang='grc' dir='ltr'>παρὼν</span> <span class='ocrx_word' id='word_1_675' title='bbox 3507 3973 3680 4025; x_wconf 82' lang='grc' dir='ltr'>κανὼν</span> <span class='ocrx_word' id='word_1_676' title='bbox 3707 3974 3928 4024; x_wconf 81' lang='grc' dir='ltr'>διατάτο</span> 
     </span>
    </p>
   </div>
   <div class='ocr_carea' id='block_1_100' title="bbox 2374 4063 3927 4132">
    <p class='ocr_par' dir='ltr' id='par_1_100' title="bbox 2374 4063 3927 4132">
     <span class='ocr_line' id='line_1_100' title="bbox 2374 4063 3927 4132; baseline -0.001 -18"><span class='ocrx_word' id='word_1_677' title='bbox 2374 4063 2599 4126; x_wconf 85' lang='grc' dir='ltr'>τεσθσι,</span> <span class='ocrx_word' id='word_1_678' title='bbox 2660 4063 2797 4114; x_wconf 81' lang='grc' dir='ltr'>ὥστε</span> <span class='ocrx_word' id='word_1_679' title='bbox 2850 4063 3160 4115; x_wconf 84' lang='grc' dir='ltr'>ἐπισκόπων</span> <span class='ocrx_word' id='word_1_680' title='bbox 3219 4064 3312 4115; x_wconf 90' lang='grc' dir='ltr'><strong>δύο</strong></span> <span class='ocrx_word' id='word_1_681' title='bbox 3380 4064 3531 4132; x_wconf 83' lang='grc' dir='ltr'>δίκην</span> <span class='ocrx_word' id='word_1_682' title='bbox 3576 4064 3826 4130; x_wconf 82' lang='grc' dir='ltr'>ἐχόντων,</span> <span class='ocrx_word' id='word_1_683' title='bbox 3894 4063 3927 4130; x_wconf 73' lang='grc' dir='ltr'>ἢ</span> 
     </span>
    </p>
   </div>
   <div class='ocr_carea' id='block_1_101' title="bbox 2376 4151 3930 4222">
    <p class='ocr_par' dir='ltr' id='par_1_101' title="bbox 2376 4151 3930 4222">
     <span class='ocr_line' id='line_1_101' title="bbox 2376 4151 3930 4222; baseline -0.001 -19"><span class='ocrx_word' id='word_1_684' title='bbox 2376 4151 2635 4220; x_wconf 81' lang='grc' dir='ltr'>κληρικοῦ</span> <span class='ocrx_word' id='word_1_685' title='bbox 2691 4152 2829 4205; x_wconf 70' lang='grc' dir='ltr'>κατὰ</span> <span class='ocrx_word' id='word_1_686' title='bbox 2875 4153 3168 4203; x_wconf 83' lang='grc' dir='ltr'>ἐπισκόπου</span> <span class='ocrx_word' id='word_1_687' title='bbox 3235 4154 3534 4219; x_wconf 81' lang='grc' dir='ltr'>ἐνάγοντος,</span> <span class='ocrx_word' id='word_1_688' title='bbox 3586 4152 3658 4222; x_wconf 81' lang='grc' dir='ltr'><strong>μὴ</strong></span> <span class='ocrx_word' id='word_1_689' title='bbox 3689 4152 3784 4204; x_wconf 72' lang='grc' dir='ltr'>ἕνα</span> <span class='ocrx_word' id='word_1_690' title='bbox 3807 4153 3930 4203; x_wconf 75' lang='grc' dir='ltr'>ἐπίο</span> 
     </span>
    </p>
   </div>
   <div class='ocr_carea' id='block_1_102' title="bbox 2379 4241 3927 4310">
    <p class='ocr_par' dir='ltr' id='par_1_102' title="bbox 2379 4241 3927 4310">
     <span class='ocr_line' id='line_1_102' title="bbox 2379 4241 3927 4310; baseline -0.001 -18"><span class='ocrx_word' id='word_1_691' title='bbox 2379 4258 2574 4292; x_wconf 84' lang='grc' dir='ltr'>σκοπον</span> <span class='ocrx_word' id='word_1_692' title='bbox 2598 4242 2778 4310; x_wconf 77' lang='grc' dir='ltr'>ζητεῖν</span> <span class='ocrx_word' id='word_1_693' title='bbox 2801 4241 2895 4309; x_wconf 80' lang='grc' dir='ltr'>τὴν</span> <span class='ocrx_word' id='word_1_694' title='bbox 2928 4243 3051 4310; x_wconf 67' lang='grc' dir='ltr'>περὶ</span> <span class='ocrx_word' id='word_1_695' title='bbox 3104 4242 3280 4292; x_wconf 80' lang='grc' dir='ltr'>αὐτῶν</span> <span class='ocrx_word' id='word_1_696' title='bbox 3312 4241 3576 4292; x_wconf 78' lang='grc' dir='ltr'>ποιεῖσθαι</span> <span class='ocrx_word' id='word_1_697' title='bbox 3614 4242 3927 4306; x_wconf 83' lang='grc' dir='ltr'>διάγνωσιν,</span> 
     </span>
    </p>
   </div>
   <div class='ocr_carea' id='block_1_103' title="bbox 2380 4329 3607 4398">
    <p class='ocr_par' dir='ltr' id='par_1_103' title="bbox 2380 4329 3607 4398">
     <span class='ocr_line' id='line_1_103' title="bbox 2380 4329 3607 4398; baseline 0.001 -18"><span class='ocrx_word' id='word_1_698' title='bbox 2380 4330 2512 4380; x_wconf 82' lang='grc' dir='ltr'>ἀλλὰ</span> <span class='ocrx_word' id='word_1_699' title='bbox 2551 4329 2646 4398; x_wconf 77' lang='grc' dir='ltr'>τὴν</span> <span class='ocrx_word' id='word_1_700' title='bbox 2682 4331 2894 4382; x_wconf 88' lang='grc' dir='ltr'>σύνοδον</span> <span class='ocrx_word' id='word_1_701' title='bbox 2941 4332 3038 4398; x_wconf 73' lang='grc' dir='ltr'>τῆς</span> <span class='ocrx_word' id='word_1_702' title='bbox 3063 4331 3324 4397; x_wconf 81' lang='grc' dir='ltr'>ἐπαρχίας</span> <span class='ocrx_word' id='word_1_703' title='bbox 3349 4330 3607 4392; x_wconf 75' lang='grc' dir='ltr'>δικάζειν.</span> 
     </span>
    </p>
   </div>
   <div class='ocr_carea' id='block_1_104' title="bbox 2383 4499 3930 4578">
    <p class='ocr_par' dir='ltr' id='par_1_104' title="bbox 2383 4499 3930 4578">
     <span class='ocr_line' id='line_1_104' title="bbox 2383 4499 3930 4578; baseline 0.003 -22"><span class='ocrx_word' id='word_1_704' title='bbox 2383 4505 2598 4558; x_wconf 83' lang='grc' dir='ltr'><strong>ΛΡΙΣΓ.</strong></span> <span class='ocrx_word' id='word_1_705' title='bbox 2679 4523 2697 4556; x_wconf 76' lang='grc' dir='ltr'><strong>ι</strong></span> <span class='ocrx_word' id='word_1_706' title='bbox 2754 4499 2846 4567; x_wconf 74' lang='grc' dir='ltr'>Εἷς</span> <span class='ocrx_word' id='word_1_707' title='bbox 2911 4508 3197 4568; x_wconf 79' lang='grc' dir='ltr'>ἐπίσκοπος</span> <span class='ocrx_word' id='word_1_708' title='bbox 3270 4509 3342 4578; x_wconf 78' lang='grc' dir='ltr'><strong>μὴ</strong></span> <span class='ocrx_word' id='word_1_709' title='bbox 3419 4508 3698 4559; x_wconf 70' lang='grc' dir='ltr'>ἐκδικείτω</span> <span class='ocrx_word' id='word_1_710' title='bbox 3751 4509 3930 4576; x_wconf 83' lang='grc' dir='ltr'>ἐαυτῷ</span> 
     </span>
    </p>
   </div>
   <div class='ocr_carea' id='block_1_105' title="bbox 2862 4597 3360 4662">
    <p class='ocr_par' dir='ltr' id='par_1_105' title="bbox 2862 4597 3360 4662">
     <span class='ocr_line' id='line_1_105' title="bbox 2862 4597 3360 4662; baseline -0.006 -13"><span class='ocrx_word' id='word_1_711' title='bbox 2862 4643 2867 4649; x_wconf 87' lang='grc'><strong>.</strong></span> <span class='ocrx_word' id='word_1_712' title='bbox 2935 4615 2951 4645; x_wconf 77' lang='lat' dir='ltr'><strong>t</strong></span> <span class='ocrx_word' id='word_1_713' title='bbox 2996 4597 3300 4662; x_wconf 84' lang='grc' dir='ltr'>διάγνωσιν.</span> <span class='ocrx_word' id='word_1_714' title='bbox 3344 4616 3360 4646; x_wconf 72' lang='grc' dir='ltr'><strong>ι</strong></span> 
     </span>
    </p>
   </div>
   <div class='ocr_carea' id='block_1_106' title="bbox 2448 4664 3927 4750">
    <p class='ocr_par' dir='ltr' id='par_1_106' title="bbox 2448 4664 3927 4750">
     <span class='ocr_line' id='line_1_106' title="bbox 2448 4664 3927 4750; baseline 0.005 -17"><span class='ocrx_word' id='word_1_715' title='bbox 2448 4683 2520 4734; x_wconf 68' lang='lat' dir='ltr'><strong>os</strong></span> <span class='ocrx_word' id='word_1_716' title='bbox 2563 4683 2718 4750; x_wconf 85' lang='grc' dir='ltr'>μόνον</span> <span class='ocrx_word' id='word_1_717' title='bbox 2746 4684 2859 4743; x_wconf 80' lang='grc' dir='ltr'>ἐνὸς</span> <span class='ocrx_word' id='word_1_718' title='bbox 2917 4685 3212 4736; x_wconf 83' lang='grc' dir='ltr'>ἐπισκόπου</span> <span class='ocrx_word' id='word_1_719' title='bbox 3269 4685 3581 4750; x_wconf 84' lang='grc' dir='ltr'>διάγνωσις,</span> <span class='ocrx_word' id='word_1_720' title='bbox 3642 4688 3762 4740; x_wconf 81' lang='grc' dir='ltr'>ἀλλ’</span> <span class='ocrx_word' id='word_1_721' title='bbox 3806 4664 3927 4740; x_wconf 60' lang='grc' dir='ltr'>οἶδε</span> 
     </span>
    </p>
   </div>
   <div class='ocr_carea' id='block_1_107' title="bbox 2379 4773 3925 4847">
    <p class='ocr_par' dir='ltr' id='par_1_107' title="bbox 2379 4773 3925 4847">
     <span class='ocr_line' id='line_1_107' title="bbox 2379 4773 3925 4847; baseline 0.003 -22"><span class='ocrx_word' id='word_1_722' title='bbox 2379 4774 2472 4825; x_wconf 86' lang='grc' dir='ltr'><strong>δύο</strong></span> <span class='ocrx_word' id='word_1_723' title='bbox 2537 4773 2858 4840; x_wconf 81' lang='grc' dir='ltr'>ἀρκέσουσιν</span> <span class='ocrx_word' id='word_1_724' title='bbox 2919 4775 2997 4834; x_wconf 85' lang='grc' dir='ltr'><strong>είς</strong></span> <span class='ocrx_word' id='word_1_725' title='bbox 3072 4773 3386 4840; x_wconf 80' lang='grc' dir='ltr'>καθαίρεσιν</span> <span class='ocrx_word' id='word_1_726' title='bbox 3467 4775 3837 4845; x_wconf 80' lang='grc' dir='ltr'>πρεσϐυτέρου</span> <span class='ocrx_word' id='word_1_727' title='bbox 3893 4780 3925 4847; x_wconf 82' lang='grc' dir='ltr'>ἦ</span> 
     </span>
    </p>
   </div>
   <div class='ocr_carea' id='block_1_108' title="bbox 2379 4862 3926 4934">
    <p class='ocr_par' dir='ltr' id='par_1_108' title="bbox 2379 4862 3926 4934">
     <span class='ocr_line' id='line_1_108' title="bbox 2379 4862 3926 4934; baseline 0.003 -20"><span class='ocrx_word' id='word_1_728' title='bbox 2379 4863 2642 4914; x_wconf 82' lang='grc' dir='ltr'>διακόνου.</span> <span class='ocrx_word' id='word_1_729' title='bbox 2704 4862 2841 4913; x_wconf 83' lang='grc' dir='ltr'>Ἀλλ’</span> <span class='ocrx_word' id='word_1_730' title='bbox 2896 4864 2944 4913; x_wconf 87' lang='grc' dir='ltr'><strong>εί</strong></span> <span class='ocrx_word' id='word_1_731' title='bbox 2976 4863 3072 4930; x_wconf 75' lang='grc' dir='ltr'><strong>μὲν</strong></span> <span class='ocrx_word' id='word_1_732' title='bbox 3106 4863 3396 4922; x_wconf 66' lang='grc' dir='ltr'>ἐπίσξεοπός</span> <span class='ocrx_word' id='word_1_733' title='bbox 3439 4866 3589 4916; x_wconf 86' lang='grc' dir='ltr'>ἐστιν</span> <span class='ocrx_word' id='word_1_734' title='bbox 3626 4867 3652 4914; x_wconf 88' lang='grc' dir='ltr'><strong>ό</strong></span> <span class='ocrx_word' id='word_1_735' title='bbox 3689 4883 3926 4934; x_wconf 78' lang='grc' dir='ltr'>κατηγο-</span> 
     </span>
    </p>
   </div>
   <div class='ocr_carea' id='block_1_109' title="bbox 2383 4953 3930 5021">
    <p class='ocr_par' dir='ltr' id='par_1_109' title="bbox 2383 4953 3930 5021">
     <span class='ocr_line' id='line_1_109' title="bbox 2383 4953 3930 5021; baseline 0.003 -17"><span class='ocrx_word' id='word_1_736' title='bbox 2383 4953 2666 5020; x_wconf 79' lang='grc' dir='ltr'>ρούμενος,</span> <span class='ocrx_word' id='word_1_737' title='bbox 2698 4954 2744 5003; x_wconf 84' lang='grc' dir='ltr'><strong>εί</strong></span> <span class='ocrx_word' id='word_1_738' title='bbox 2779 4953 2850 5021; x_wconf 73' lang='grc' dir='ltr'><strong>μὴ</strong></span> <span class='ocrx_word' id='word_1_739' title='bbox 2878 4953 3098 5006; x_wconf 80' lang='grc' dir='ltr'>δυνατὸν</span> <span class='ocrx_word' id='word_1_740' title='bbox 3127 4953 3354 5015; x_wconf 73' lang='grc' dir='ltr'>πολλοὺς</span> <span class='ocrx_word' id='word_1_741' title='bbox 3380 4953 3656 5006; x_wconf 84' lang='grc' dir='ltr'>συνελθεῖν</span> <span class='ocrx_word' id='word_1_742' title='bbox 3712 4958 3930 5008; x_wconf 83' lang='grc' dir='ltr'>ἐπισκό-</span> 
     </span>
    </p>
   </div>
   <div class='ocr_carea' id='block_1_110' title="bbox 2383 5039 3928 5113">
    <p class='ocr_par' dir='ltr' id='par_1_110' title="bbox 2383 5039 3928 5113">
     <span class='ocr_line' id='line_1_110' title="bbox 2383 5039 3928 5113; baseline 0.003 -21"><span class='ocrx_word' id='word_1_743' title='bbox 2383 5057 2536 5103; x_wconf 84' lang='grc' dir='ltr'>πους,</span> <span class='ocrx_word' id='word_1_744' title='bbox 2575 5039 2725 5108; x_wconf 80' lang='grc' dir='ltr'>παρὰ</span> <span class='ocrx_word' id='word_1_745' title='bbox 2761 5041 2965 5093; x_wconf 83' lang='grc' dir='ltr'>δώδεκα</span> <span class='ocrx_word' id='word_1_746' title='bbox 3018 5044 3076 5092; x_wconf 85' lang='grc' dir='ltr'>τὸ</span> <span class='ocrx_word' id='word_1_747' title='bbox 3116 5043 3394 5111; x_wconf 82' lang='grc' dir='ltr'>ἐλάχιστον</span> <span class='ocrx_word' id='word_1_748' title='bbox 3447 5045 3762 5095; x_wconf 74' lang='grc' dir='ltr'>ἐπισκόπων</span> <span class='ocrx_word' id='word_1_749' title='bbox 3810 5062 3928 5113; x_wconf 77' lang='grc' dir='ltr'>κριο</span> 
     </span>
    </p>
   </div>
   <div class='ocr_carea' id='block_1_111' title="bbox 2384 5131 3928 5201">
    <p class='ocr_par' dir='ltr' id='par_1_111' title="bbox 2384 5131 3928 5201">
     <span class='ocr_line' id='line_1_111' title="bbox 2384 5131 3928 5201; baseline 0.003 -19"><span class='ocrx_word' id='word_1_750' title='bbox 2384 5131 2623 5198; x_wconf 77' lang='grc' dir='ltr'>θήσεται·</span> <span class='ocrx_word' id='word_1_751' title='bbox 2656 5133 2703 5182; x_wconf 85' lang='lat' dir='ltr'><strong>el</strong></span> <span class='ocrx_word' id='word_1_752' title='bbox 2760 5132 2814 5182; x_wconf 82' lang='grc' dir='ltr'>δὲ</span> <span class='ocrx_word' id='word_1_753' title='bbox 2870 5131 3247 5200; x_wconf 78' lang='grc' dir='ltr'>πρεσϐύτερος,</span> <span class='ocrx_word' id='word_1_754' title='bbox 3303 5131 3453 5201; x_wconf 76' lang='grc' dir='ltr'>παρὰ</span> <span class='ocrx_word' id='word_1_755' title='bbox 3507 5132 3562 5196; x_wconf 80' lang='grc' dir='ltr'><strong>ἓξ</strong></span> <span class='ocrx_word' id='word_1_756' title='bbox 3620 5134 3928 5186; x_wconf 73' lang='grc' dir='ltr'>ἐπισκόπων</span> 
     </span>
    </p>
   </div>
   <div class='ocr_carea' id='block_1_112' title="bbox 2384 5219 3926 5291">
    <p class='ocr_par' dir='ltr' id='par_1_112' title="bbox 2384 5219 3926 5291">
     <span class='ocr_line' id='line_1_112' title="bbox 2384 5219 3926 5291; baseline 0 -17"><span class='ocrx_word' id='word_1_757' title='bbox 2384 5222 2480 5274; x_wconf 70' lang='grc' dir='ltr'>καὶ</span> <span class='ocrx_word' id='word_1_758' title='bbox 2513 5219 2605 5271; x_wconf 72' lang='grc' dir='ltr'>τοῦ</span> <span class='ocrx_word' id='word_1_759' title='bbox 2631 5220 2759 5273; x_wconf 85' lang='grc' dir='ltr'>ίδίου</span> <span class='ocrx_word' id='word_1_760' title='bbox 2793 5222 3112 5273; x_wconf 81' lang='grc' dir='ltr'>ἐπισκόπου·</span> <span class='ocrx_word' id='word_1_761' title='bbox 3136 5224 3181 5272; x_wconf 83' lang='grc' dir='ltr'><strong>εί</strong></span> <span class='ocrx_word' id='word_1_762' title='bbox 3204 5222 3260 5273; x_wconf 74' lang='grc' dir='ltr'>δὲ</span> <span class='ocrx_word' id='word_1_763' title='bbox 3289 5223 3552 5284; x_wconf 76' lang='grc' dir='ltr'>διάκονος,</span> <span class='ocrx_word' id='word_1_764' title='bbox 3580 5226 3732 5290; x_wconf 75' lang='grc' dir='ltr'>παρὰ</span> <span class='ocrx_word' id='word_1_765' title='bbox 3759 5223 3926 5291; x_wconf 85' lang='grc' dir='ltr'>τριῶν</span> 
     </span>
    </p>
   </div>
   <div class='ocr_carea' id='block_1_113' title="bbox 2386 5309 3927 5374">
    <p class='ocr_par' dir='ltr' id='par_1_113' title="bbox 2386 5309 3927 5374">
     <span class='ocr_line' id='line_1_113' title="bbox 2386 5309 3927 5374; baseline 0 -12"><span class='ocrx_word' id='word_1_766' title='bbox 2386 5312 2478 5362; x_wconf 69' lang='grc' dir='ltr'>καὶ</span> <span class='ocrx_word' id='word_1_767' title='bbox 2511 5309 2605 5361; x_wconf 81' lang='grc' dir='ltr'>τοῦ</span> <span class='ocrx_word' id='word_1_768' title='bbox 2662 5310 2788 5362; x_wconf 87' lang='grc' dir='ltr'>ίδίου</span> <span class='ocrx_word' id='word_1_769' title='bbox 2843 5311 3162 5374; x_wconf 83' lang='grc' dir='ltr'>ἐπισκόπου,</span> <span class='ocrx_word' id='word_1_770' title='bbox 3222 5311 3353 5372; x_wconf 87' lang='grc' dir='ltr'>ὼςό</span> <span class='ocrx_word' id='word_1_771' title='bbox 3404 5311 3703 5372; x_wconf 78' lang='grc' dir='ltr'>δωδέκατος</span> <span class='ocrx_word' id='word_1_772' title='bbox 3751 5311 3927 5364; x_wconf 84' lang='grc' dir='ltr'>κανὼν</span> 
     </span>
    </p>
   </div>
   <div class='ocr_carea' id='block_1_114' title="bbox 2388 5400 3952 5470">
    <p class='ocr_par' dir='ltr' id='par_1_114' title="bbox 2388 5400 3952 5470">
     <span class='ocr_line' id='line_1_114' title="bbox 2388 5400 3952 5470; baseline 0.003 -20"><span class='ocrx_word' id='word_1_773' title='bbox 2388 5404 2479 5451; x_wconf 70' lang='grc' dir='ltr'><strong>καὶ</strong></span> <span class='ocrx_word' id='word_1_774' title='bbox 2513 5401 2541 5451; x_wconf 81' lang='grc' dir='ltr'><strong>ό</strong></span> <span class='ocrx_word' id='word_1_775' title='bbox 2575 5401 2814 5458; x_wconf 83' lang='grc' dir='ltr'>είκοστδς</span> <span class='ocrx_word' id='word_1_776' title='bbox 2836 5400 2931 5468; x_wconf 79' lang='grc' dir='ltr'>τῆς</span> <span class='ocrx_word' id='word_1_777' title='bbox 2956 5401 3173 5452; x_wconf 90' lang='grc' dir='ltr'>συνόδου</span> <span class='ocrx_word' id='word_1_778' title='bbox 3199 5401 3399 5470; x_wconf 86' lang='grc' dir='ltr'>ταύτης</span> <span class='ocrx_word' id='word_1_779' title='bbox 3449 5401 3952 5470; x_wconf 70' lang='grc' dir='ltr'><strong>διαλαμϐάνουσιν.⁸</strong></span> 
     </span>
    </p>
   </div>
   <div class='ocr_carea' id='block_1_115' title="bbox 2389 5484 3931 5560">
    <p class='ocr_par' dir='ltr' id='par_1_115' title="bbox 2389 5484 3931 5560">
     <span class='ocr_line' id='line_1_115' title="bbox 2389 5484 3931 5560; baseline 0.001 -19"><span class='ocrx_word' id='word_1_780' title='bbox 2389 5489 2499 5542; x_wconf 82' lang='grc' dir='ltr'>Οὐκ</span> <span class='ocrx_word' id='word_1_781' title='bbox 2527 5484 2616 5540; x_wconf 74' lang='grc' dir='ltr'>οὖν</span> <span class='ocrx_word' id='word_1_782' title='bbox 2645 5487 2935 5550; x_wconf 85' lang='grc' dir='ltr'>ἐπίσκοπος</span> <span class='ocrx_word' id='word_1_783' title='bbox 2962 5491 3038 5550; x_wconf 82' lang='lat' dir='ltr'><strong>sl;</strong></span> <span class='ocrx_word' id='word_1_784' title='bbox 3069 5490 3324 5559; x_wconf 76' lang='grc' dir='ltr'>δικαστὴν</span> <span class='ocrx_word' id='word_1_785' title='bbox 3381 5492 3572 5544; x_wconf 84' lang='grc' dir='ltr'>ἐαυτὸν</span> <span class='ocrx_word' id='word_1_786' title='bbox 3605 5491 3695 5542; x_wconf 85' lang='grc' dir='ltr'>ἐπ’</span> <span class='ocrx_word' id='word_1_787' title='bbox 3730 5492 3931 5560; x_wconf 83' lang='grc' dir='ltr'>ἐγκλή-</span> 
     </span>
    </p>
   </div>
   <div class='ocr_carea' id='block_1_116' title="bbox 2395 5579 3932 5650">
    <p class='ocr_par' dir='ltr' id='par_1_116' title="bbox 2395 5579 3932 5650">
     <span class='ocr_line' id='line_1_116' title="bbox 2395 5579 3932 5650; baseline 0.004 -23"><span class='ocrx_word' id='word_1_788' title='bbox 2395 5594 2525 5645; x_wconf 83' lang='grc' dir='ltr'>μασι</span> <span class='ocrx_word' id='word_1_789' title='bbox 2550 5580 2875 5646; x_wconf 80' lang='grc' dir='ltr'>καταστήσει</span> <span class='ocrx_word' id='word_1_790' title='bbox 2903 5579 3268 5649; x_wconf 74' lang='grc' dir='ltr'>πρεσϐυτέρου</span> <span class='ocrx_word' id='word_1_791' title='bbox 3297 5619 3310 5642; x_wconf 95' lang='grc'><strong>,</strong></span> <span class='ocrx_word' id='word_1_792' title='bbox 3340 5580 3371 5647; x_wconf 79' lang='grc' dir='ltr'><strong>ἦ</strong></span> <span class='ocrx_word' id='word_1_793' title='bbox 3399 5581 3647 5633; x_wconf 88' lang='grc' dir='ltr'>διακόνου</span> <span class='ocrx_word' id='word_1_794' title='bbox 3670 5622 3684 5643; x_wconf 87' lang='grc'><strong>,</strong></span> <span class='ocrx_word' id='word_1_795' title='bbox 3714 5583 3809 5633; x_wconf 73' lang='grc' dir='ltr'>καὶ</span> <span class='ocrx_word' id='word_1_796' title='bbox 3840 5584 3932 5650; x_wconf 81' lang='grc' dir='ltr'>τὴν</span> 
     </span>
    </p>
   </div>
   <div class='ocr_carea' id='block_1_117' title="bbox 2393 5665 3934 5740">
    <p class='ocr_par' dir='ltr' id='par_1_117' title="bbox 2393 5665 3934 5740">
     <span class='ocr_line' id='line_1_117' title="bbox 2393 5665 3934 5740; baseline 0.003 -22"><span class='ocrx_word' id='word_1_797' title='bbox 2393 5665 2592 5719; x_wconf 88' lang='grc' dir='ltr'>οίκείαν</span> <span class='ocrx_word' id='word_1_798' title='bbox 2618 5667 2940 5734; x_wconf 81' lang='grc' dir='ltr'>διεκδικήσει</span> <span class='ocrx_word' id='word_1_799' title='bbox 2975 5667 3278 5735; x_wconf 77' lang='grc' dir='ltr'>διάγνωσιν,</span> <span class='ocrx_word' id='word_1_800' title='bbox 3315 5669 3404 5722; x_wconf 74' lang='grc' dir='ltr'>καὶ</span> <span class='ocrx_word' id='word_1_801' title='bbox 3434 5670 3512 5730; x_wconf 89' lang='grc' dir='ltr'><strong>είς</strong></span> <span class='ocrx_word' id='word_1_802' title='bbox 3547 5669 3706 5740; x_wconf 74' lang='grc' dir='ltr'>ἔργον</span> <span class='ocrx_word' id='word_1_803' title='bbox 3732 5671 3934 5740; x_wconf 80' lang='grc' dir='ltr'>ταύτην</span> 
     </span>
    </p>
   </div>
  </div>
