4136 6466
631 383 744 442 ’367

712 628 725 651 ι
775 605 824 654 in
852 615 1058 656 secreto
1114 602 1296 658 Fausti
1333 607 1597 674 ecclesim,
1655 610 1874 664 Aurelio
1924 611 2175 679 CpiSCOllO

720 715 728 722 -
758 697 1030 748 universa:
1059 697 1260 762 synodo
1287 699 1618 765 praesidente,
1640 701 1974 754 adstantibus
2004 701 2179 754 diaco-

715 807 730 834 ι
776 786 889 839 nis:
915 787 1108 854 placuit
1133 789 1380 841 omnibus
1402 789 1663 858 episcopis
1688 790 1933 844 Ecclesia:
1952 792 2177 846 Cat-tha-

715 893 730 922 ι
767 876 1023 942 ginensis,
1054 877 1104 926 in
1141 888 1322 928 Sancta
1354 878 1558 945 synodo
1584 878 1908 943 consumtis,
1943 895 2170 947 quorum

715 981 732 1009 ‹
777 961 987 1014 nomina
1038 973 1089 1014 ct
1114 964 1535 1030 subscriptiones
1586 967 1800 1020 insertae
1859 979 1999 1032 sunt,
2033 969 2176 1036 quod

698 1073 712 1103 ι
751 1055 918 1106 Adam
953 1056 1193 1108 mortalis
1221 1072 1248 1107 a
1281 1056 1385 1110 Deo
1414 1056 1587 1111 factus
1613 1075 1716 1112 non
1741 1071 1858 1112 est:
1896 1067 1951 1112 ut
1977 1059 2023 1113 si
2057 1060 2177 1127 quis

711 1161 727 1190 ι
765 1145 956 1195 dixerit
997 1145 1377 1212 protoplastum
1414 1148 1580 1199 Adam
1647 1149 1717 1202 ita
1765 1149 2033 1202 hominem
2095 1149 2176 1202 fa-

705 1251 720 1280 ‹
761 1242 904 1284 ctum
933 1246 1050 1285 esse
1073 1234 1370 1294 mortalem,
1403 1246 1459 1288 ut
1483 1237 1593 1289 sive
1623 1247 1882 1305 pecasset,
1911 1239 2023 1293 sive
2052 1255 2173 1302 non,

713 1339 729 1369 ι
788 1332 927 1374 esset
963 1324 1015 1376 in
1061 1338 1282 1391 corpore
1318 1328 1628 1389 moriturus,
1661 1327 1711 1380 id
1743 1337 1843 1394 est,
1890 1343 1920 1382 e
1955 1343 2176 1396 corpore

722 1430 738 1460 ι
787 1427 1234 1475 excessurnsnton
1265 1425 1482 1482 propter
1511 1418 1756 1470 meritum
1813 1419 2038 1486 peccati,
2085 1418 2175 1471 se.|

706 1521 720 1550 ι
771 1518 862 1570 per
903 1513 1103 1557 naturte
1134 1508 1523 1570 necessitatem,
1555 1508 1623 1560 sit
1677 1509 1980 1564 anathema.

703 1958 886 2010 BALS.
921 1969 972 2012 ct
1003 1959 1250 2014 ZONAR.
1285 1964 1423 2018 Deus
1443 1966 1610 2020 Adam
1642 1979 1738 2021 nec
1773 1971 2053 2024 mortalem
2092 1970 2168 2023 fe-

631 2051 722 2109 (ἱι,
761 2065 857 2102 nec
889 2050 1265 2114 immortalem,
1299 2055 1390 2108 sed
1417 2057 1645 2109 ntedium
1674 2057 1816 2111 inter
1847 2060 2171 2126 magnitudio

634 2154 747 2193 nem
767 2150 815 2190 et
839 2140 1211 2207 humilitatem,
1227 2153 1415 2197 etcum
1433 2160 1549 2198 eum
1569 2161 1675 2200 sua:
1693 2151 1972 2214 potestatis
1987 2150 2171 2203 liberi-

631 2245 734 2290 que
756 2231 960 2284 arbitrii
981 2242 1278 2299 compotem
1309 2235 1540 2300 fecisset,
1566 2239 1764 2291 dimisit
1789 2255 1801 2298 ζ
1823 2250 1880 2292 ut
1901 2241 2170 2306 utrolibet,

633 2323 743 2374 sive
766 2322 830 2374 ad
863 2323 1130 2385 virtutem,
1153 2325 1264 2376 sive
1295 2329 1358 2376 ad
1395 2327 1577 2380 vitium
1611 2329 1938 2390 inclinasset.
1965 2332 2044 2385 vel
2076 2337 2174 2384 lm-

635 2414 1030 2475 ntortalitatem,
1054 2415 1130 2467 vel
1170 2418 1540 2470 mortalitatem
1563 2421 1863 2474 sortiretur.
1899 2423 2006 2475 Etsi
2030 2423 2168 2476 enim

633 2519 847 2556 carnem
871 2517 994 2557 tunc
1015 2519 1223 2573 Quoque
1247 2508 1467 2560 habebat
1493 2509 1670 2573 homo,
1718 2527 1822 2564 non
1845 2523 2016 2566 tamen
2045 2529 2175 2581 qua-

637 2595 735 2647 lem
760 2611 918 2648 nunc.
940 2594 1004 2646 Et
1034 2597 1129 2649 hoc
1150 2597 1220 2647 ait
1239 2595 1522 2664 Gregorius
1544 2599 1841 2670 TlteOIOgus
1867 2618 1983 2656 cum
2007 2605 2172 2661 dicit:

638 2684 888 2738 Peliiceas
920 2700 1126 2753 quoque
1154 2698 1328 2739 vestes
1349 2688 1535 2750 induit,
1558 2689 1692 2743 forte
1717 2691 2018 2746 densiorem
2055 2709 2177 2746 car-

638 2793 755 2832 nem
786 2786 838 2832 et
878 2778 1152 2831 mortalem
1181 2787 1234 2830 et
1261 2780 1614 2832 resistentem.
1647 2781 1819 2846 Quare
1849 2795 1970 2837 ante
2005 2797 2179 2839 trans-

639 2867 967 2936 gressionem
1019 2882 1114 2920 nec
1149 2867 1309 2920 densa
1338 2877 1596 2921 eratcaro
1617 2871 1829 2932 Adami,
1861 2887 1958 2925 nec
1987 2884 2174 2926 natura

641 2960 894 3011 mortalis.
927 2957 1157 3012 Fuerunt
1189 2968 1363 3012 autem
1401 2959 1492 3027 qui
1533 2961 1767 3013 dicerent
1791 2976 1910 3014 eum
1958 2971 2011 3015 et
2042 2979 2181 3016 mor-

641 3049 798 3102 talem
826 3049 891 3101 ab
925 3049 1075 3101 initio
1113 3049 1309 3102 factum
1338 3065 1478 3112 esse,
1513 3057 1565 3102 et
1616 3052 1930 3104 ntoriturum
1995 3055 2176 3118 fuisse,

1859 389 1955 447 ΤΠ
1971 387 2128 450 EOD.
2174 389 2216 447 B
2238 391 2562 451 \l.S.l.\lt')N

712 510 1063 564 «Theodosio
1119 511 1228 566 \‘lll
1292 514 1554 569 consulib.
1593 517 1696 570 cal.
1754 515 1929 580 Maiis,
1988 519 2173 572 cana.
2207 505 2247 558 Α

3713 392 3813 461 368

2355 541 2373 572 ι
2429 523 2680 592 Ὀνωρίου
2707 523 3013 590 Αὐγούστου
3047 526 3106 578 τὸ
3143 527 3464 590 δωδέκατον,
3507 528 3602 580 καὶ
3631 528 3825 580 Θεοδο-

2356 630 2372 662 ι
2418 613 2535 666 σίου
2609 615 2669 665 τὸ
2750 614 2972 680 ὄγδοον,
3035 617 3142 668 τῶν
3225 617 3480 680 ὑπάτων,
3535 617 3823 678 καλάνδαις

2355 721 2371 753 ι
2419 704 2632 767 Μαῖαις,
2685 706 2762 765 είς
2811 706 3132 774 Καρχηδόνα
3176 709 3231 759 ιν
3283 708 3360 777 τῷ
3408 709 3670 778 σηκρήτῳ
3724 710 3824 774 τῆς

2355 813 2371 843 ι
2419 793 2657 844 Φαύστου
2703 793 3028 860 ἐκκλησίας,
3080 793 3351 861 Αύρηλίου
3389 795 3486 847 τοῦ
3521 796 3825 847 ἐπισκόπου

2358 905 2374 935 ι
2423 885 2685 954 συμπάσῃ
2715 887 2777 952 τῇ
2811 883 3012 952 συνόδῳ
3050 883 3504 950 προκαθίσαντος,
3539 885 3824 951 παρεστὼ-

2354 995 2372 1026 ι
2415 992 2520 1026 των
2569 975 2674 1026 τῶν
2706 974 2987 1034 διακόνων,
3045 975 3240 1042 ῆρεσεν
3286 976 3418 1026 πᾶσι
3454 977 3567 1036 τοῖς
3598 975 3822 1025 ἐπισκόι

2356 1083 2372 1114 ι
2417 1082 2535 1127 ποις
2565 1067 2660 1132 τῆς
2704 1066 2760 1116 ὲν
2789 1064 3088 1133 Καρχηδόνι
3131 1065 3446 1131 ἐκκλησίας,
3486 1065 3616 1133 ἁγία
3671 1064 3828 1115 συνόο

2352 1177 2368 1208 ι
2419 1157 2491 1225 δῳ
2513 1150 2952 1219 καθεστῶσιν,ὦν
2976 1155 3040 1206 τὰ
3060 1155 3298 1222 ὀνόματα
3323 1155 3412 1206 καὶ
3434 1158 3488 1209 αί
3514 1157 3831 1225 ὑπογραφαὶ

2353 1267 2369 1298 ι
2418 1247 2758 1315 ὲνετέθησαν,
2805 1249 2886 1300 ὅτι
2945 1247 3118 1315 Ἀδὰμ
3165 1246 3353 1314 θνητὸς
3402 1247 3510 1298 ἀπὸ
3550 1246 3644 1298 τοῦ
3691 1246 3828 1298 Θεοῦ

2353 1357 2370 1388 ι
2418 1340 2515 1390 ούκ
2544 1339 2757 1404 ἐγένετο
2782 1353 2795 1368 ·
2826 1337 2910 1389 ῖνα
2938 1337 3086 1398 ὅστις
3125 1338 3326 1405 δήποτε
3359 1337 3490 1405 λέγῃ
3522 1337 3613 1389 τὸν
3657 1337 3832 1403 ’Δδάμ

2357 1448 2374 1478 ι
2424 1428 2513 1478 τὸν
2544 1425 2966 1495 πρωτόπλαστον
2996 1423 3281 1492 ἄνθρωπον
3312 1422 3504 1490 θνητὸν
3535 1421 3831 1489 γενόμενον

2351 1537 2370 1569 ι
2416 1517 2608 1580 οὕτως,
2643 1515 2737 1579 ὡς,
2770 1517 2875 1567 εἴτε
2927 1515 3254 1583 ἁμαρτήσει,
3299 1515 3410 1565 ctu
3451 1514 3524 1582 μὴ
3565 1511 3828 1578 ἁμαρτή-

2353 1629 2370 1661 ι
2421 1625 2522 1670 σει,
2577 1605 2926 1674 τεθνήξεσθαι
2972 1609 3029 1657 ὲν
3082 1604 3161 1673 τῷ
3194 1604 3440 1672 σώματι,
3487 1601 3633 1654 τοῦτ’
3677 1601 3832 1654 ιστιν

2355 1721 2371 1750 ι
2419 1700 2650 1762 ἐξελθεῖν
2673 1699 2735 1750 ὲκ
2758 1697 2849 1749 τοῦ
2874 1697 3140 1765 σώματος,
3169 1696 3244 1763 μὴ
3273 1697 3338 1762 τῇ
3366 1695 3492 1762 ἀξίᾳ
3517 1696 3613 1759 τῆς
3644 1695 3832 1761 ἁμαρ-

2359 1811 2377 1842 ι
2421 1789 2559 1853 τίας,
2594 1787 2728 1840 ἀλλὰ
2767 1791 2833 1858 τῇ
2885 1787 3099 1855 ἀνάγκῃ
3149 1786 3247 1854 τῆς
3306 1784 3541 1852 φύσεως,
3577 1783 3832 1850 ἀνάθεμα

2360 1902 2376 1934 ι
2421 1882 2582 1934 ἔστω.
2626 1899 2644 1930 ι

2356 1974 2548 2026 ΒΑΛΣ.
2586 1972 2679 2024 καὶ
2729 1969 2880 2023 ΖΩΝ.
2916 1969 3018 2021 Τὸν
3061 1967 3227 2036 assa
3262 1970 3290 2020 ὁ
3339 1965 3470 2028 Θεὸς
3522 1967 3583 2019 οὐ
3636 1965 3835 2034 θνητὸν

2285 2068 2533 2122 ἔπλασεν.
2569 2063 2687 2115 οὐδὲ
2723 2063 2904 2130 μέντοι
2945 2058 3238 2120 ἀθάνατον,
3272 2058 3436 2125 μέσον
3465 2057 3521 2109 δὲ
3566 2056 3834 2124 μεγέθους

2288 2158 2379 2210 καὶ
2425 2153 2829 2221 ταπεινότητος,
2863 2150 2956 2202 καὶ
3003 2148 3351 2211 αὐτεξούσιον
3390 2149 3620 2216 ποιήσας
3649 2148 3836 2210 αὐτὸν,

2284 2251 2484 2310 εῖασεν,
2522 2247 2660 2299 ὥστε
2689 2245 2994 2314 ὁποτέρωσε
3033 2243 3238 2305 νεύσει,
3271 2241 3381 2292 εῖτε
3431 2241 3567 2308 προς
3625 2242 3834 2308 ἀρετὴν

2283 2339 2390 2390 εἴτε
2424 2337 2559 2406 πρὸς
2607 2336 2826 2399 κακίαν,
2861 2333 3251 2402 κληρώσασθαι
3288 2331 3452 2384 αὑτὸν
3483 2332 3514 2400 ἢ
3568 2329 3668 2400 τὴν
3695 2329 3840 2383 ἁθαο

2285 2432 2476 2481 νασίαν
2517 2430 2548 2498 ἢ
2593 2429 2689 2498 τὴν
2724 2428 3044 2496 θνητότητα.
3089 2426 3207 2478 Κᾶν
3238 2425 3345 2493 γὰρ
3385 2424 3562 2494 σάρκα
3592 2417 3704 2491 εἶχε
3740 2423 3840 2474 καὶ

2283 2523 2401 2573 τότε
2431 2523 2457 2572 ὁ
2482 2522 2781 2584 ἅνθρωπος,
2811 2499 2925 2568 ἀλλ’
2955 2517 3053 2583 οὐχ
3082 2518 3198 2568 οῖαν
3229 2516 3344 2568 νῦν.
3380 2516 3490 2566 Καὶ
3524 2513 3678 2566 τοῦτὸ
3732 2531 3840 2580 φη-

2291 2630 2373 2664 σιν
2414 2613 2440 2662 ό
2476 2609 2737 2674 Θεολόγος
2783 2607 3104 2674 Γρηγόριος,
3151 2605 3324 2670 λέγων
3352 2621 3365 2634 ’
3402 2607 3511 2656 Καὶ
3562 2604 3688 2665 τοὺς
3715 2603 3842 2672 διρο

2291 2702 2543 2769 ματίνους
2573 2696 2928 2763 ἀμφιέννυται
2961 2696 3213 2762 χιτῶνας,
3242 2694 3368 2755 ίσως
3397 2693 3495 2762 τὴν
3523 2692 3842 2762 παχυτέραν

2292 2792 2467 2858 σάρκα
2520 2789 2611 2840 καὶ
2655 2785 2850 2855 θνητὴν
2887 2786 2981 2836 καὶ
3024 2785 3336 2838 ἀντίτυπον.
3371 2783 3529 2836 Ὥστε
3586 2783 3692 2853 πρὸ
3735 2783 3842 2850 τῆς

2289 2878 2652 2947 παραϐάσεως
2703 2875 2826 2927 οὔτε
2884 2878 3081 2942 παχεῖα
3130 2870 3197 2944 ἦν
3243 2876 3274 2944 ἠ
3333 2874 3471 2943 σὰρξ
3527 2874 3606 2944 τῷ
3641 2875 3841 2942 Ἀδὰμ,

2289 2972 2411 3023 οὔτε
2448 2969 2605 3035 φύσει
2649 2968 2838 3036 θνητή.
2875 2963 3051 3019 ἰισαν
3075 2967 3118 3019 δ’
3149 2967 3196 3019 οἰ
3230 2966 3478 3032 λέγοντες
3513 2967 3594 3019 ὅτι
3643 2965 3844 3035 θνητὸς

2291 3064 2348 3126 ἐξ
2385 3061 2562 3132 ἀρχῆς
2599 3059 2846 3127 ἐπλάσθη
2870 3059 2961 3112 καὶ
2979 3059 3156 3121 θαγεῖν
3182 3059 3394 3127 ἔμελλε,
3431 3059 3535 3110 κᾶν
3564 3058 3642 3128 μὴ
3691 3076 3845 3127 παρ-

638 3139 846 3191 etiamsi
877 3141 1185 3193 mandatum
1227 3155 1328 3192 non
1362 3151 1501 3193 esset
1539 3152 1902 3211 transgressus
1957 3154 2047 3197 :et
2080 3160 2182 3197 non
2211 3142 2255 3202 C

2293 3157 2391 3221 ἐστι
2451 3157 2574 3222 ιτὴν
2657 3155 2901 3216 ἐντολὴν,
2954 3156 3048 3206 καὶ
3099 3154 3219 3221 οὐχὶ
3275 3152 3362 3204 διὰ
3413 3153 3510 3220 τὴν
3561 3153 3844 3222 ἁμαρτίαν

642 3240 856 3299 propter
882 3240 1156 3298 peccatum
1191 3231 1486 3295 ingressam
1515 3247 1632 3286 esse
1664 3244 1912 3297 mortem,
1946 3237 2035 3288 sed
2061 3250 2186 3303 pro-

641 3337 757 3386 pter
797 3331 1063 3381 naturam,
1099 3335 1217 3388 qua:
1267 3321 1362 3372 fuit
1401 3322 1520 3374 talis
1559 3325 1625 3374 ab
1659 3324 1830 3376 initio.
1885 3324 1988 3376 Eos
2038 3340 2186 3392 ergo,

642 3412 731 3476 qui
765 3411 834 3462 ita
865 3409 1120 3473 sentiunt,
1174 3408 1329 3476 hujus
1373 3412 1558 3479 synodi
1617 3411 1800 3466 Patres
1853 3414 2188 3467 anathemate

646 3501 988 3552 damnarunt.

649 3589 873 3644 Αιιιδτ.
913 3609 930 3638 ι
973 3589 1073 3654 Qui
1102 3589 1482 3659 protoplastum
1503 3592 1662 3644 etiam
1694 3593 1807 3647 sine
1834 3605 2049 3661 peccato
2099 3609 2190 3661 per

722 3698 740 3728 ι
777 3688 977 3732 naturze
1001 3681 1375 3733 necessitatem
1411 3683 1728 3735 moriturum
1770 3681 1936 3737 fuisse
1971 3685 2183 3750 asserit,

721 3788 738 3819 ι
779 3771 1060 3822 anathema
1093 3770 1179 3822 sit.
1215 3789 1233 3819 ι

1094 3905 1255 3976 646
1301 3905 1527 3960 CANON
1582 3907 1740 3962 CXII.

653 4041 669 4070 ι
712 4022 860 4088 Quod
889 4021 1120 4075 infantes
1151 4021 1203 4073 in
1255 4031 1589 4088 peccatorum
1626 4023 1989 4077 remissionem
2019 4022 2190 4091 bapti-

725 4136 740 4165 ι
778 4113 1264 4180 zantur._Similiter
1290 4113 1502 4180 placuit,
1523 4124 1579 4165 ut
1600 4113 1901 4182 quicunque
1924 4129 2113 4182 parvos
2137 4125 2191 4168 et

725 4227 740 4254 ι
771 4203 956 4259 recens
985 4215 1133 4257 natos
1158 4203 1389 4256 infantes
1417 4206 1481 4254 ab
1514 4216 1663 4256 utero
1693 4205 1877 4257 matris
1904 4204 2185 4272 baptizan-

714 4316 727 4344 ι
778 4297 870 4348 dos
895 4309 1010 4347 esse
1038 4302 1191 4361 negat
1216 4333 1229 4356 ,
1261 4293 1341 4345 ννι
1373 4293 1500 4345 dicit
1530 4294 1581 4346 in
1611 4295 1972 4347 remissionem
2001 4308 2191 4360 pecca-

711 4407 726 4435 ι
773 4397 942 4438 torum
1006 4383 1285 4450 baptizari,
1317 4399 1418 4436 non
1447 4393 1703 4437 attlemex
1754 4385 1906 4452 primi
1957 4385 2192 4450 parentis

717 4497 730 4523 ι
772 4476 937 4528 Adam
959 4483 1174 4542 peccato
1196 4475 1483 4542 quidquam
1501 4474 1728 4537 trahere,
1757 4473 1894 4541 quod
1913 4471 2100 4525 debeat
2119 4473 2196 4523 la-
2227 4454 2270 4507 ι)

723 4588 736 4614 ι
778 4581 934 4619 vacro
971 4565 1384 4632 regenerationis
1434 4564 1645 4633 purgari
1685 4562 1845 4634 (unde
1875 4573 1959 4617 est
2006 4578 2193 4618 conse-

716 4677 732 4706 ι
775 4673 960 4725 quens,
979 4657 1118 4725 quod
1137 4657 1186 4708 in
1206 4657 1288 4709 his
1314 4655 1477 4708 forma
1502 4655 1831 4722 baptismatis
1855 4655 1906 4706 in
1925 4655 2196 4708 remissio-

724 4768 738 4796 ι
803 4761 919 4800 nem
946 4753 1274 4815 peccatorum
1296 4761 1395 4798 non
1426 4759 1568 4809 vera,
1590 4745 1680 4799 sed
1699 4745 1818 4798 ficta
1844 4745 2192 4812 intelligitur),

727 4856 741 4886 ι
783 4839 852 4891 sit
895 4837 1174 4889 anathema
1213 4852 1226 4888 :
1275 4837 1523 4904 quoniam
1570 4850 1673 4889 non
1709 4835 1859 4888 aliter
1908 4834 2197 4901 intelligere

726 4947 741 4975 ι
785 4938 992 4995 oportet
1017 4927 1156 4995 quod
1180 4928 1243 4980 ab
1269 4926 1516 4995 Apostolo
1532 4927 1730 4979 dictum
1748 4934 1880 4988 est,c
1910 4924 2006 4978 Per
2033 4941 2195 4977 unum

726 5035 742 5064 ι
788 5018 1049 5070 hominem
1083 5027 1356 5082 peccatum
1383 5016 1638 5085 {introivit
1689 5017 1740 5070 in
1800 5014 2095 5078 mundum,
2150 5025 2203 5067 et

723 5128 738 5156 ι
779 5123 869 5173 per
900 5118 1174 5174 peccatum
1204 5121 1367 5171 mors,
1407 5117 1459 5162 et
1492 5109 1569 5161 sic
1623 5108 1672 5160 in
1719 5122 1904 5161 omnes
1960 5107 2202 5158 homines

737 5218 752 5247 ι
793 5197 1048 5265 pervasit,
1080 5197 1132 5250 in
1164 5213 1268 5266 quo
1305 5213 1489 5253 omnes
1526 5206 1879 5267 peccaverunt
1916 5197 2001 5249 ἰε
2043 5214 2061 5246 ι
2098 5196 2202 5250 nisi

736 5377 779 5406 “
816 5376 972 5430 Rom.
1011 5375 1181 5441 v,12.

2292 3243 2606 3310 ἐπεισῆλθεν
2636 3244 2662 3293 ό
2692 3241 2936 3304 θάνατος,
2969 3242 3100 3292 ἀλλὰ
3137 3242 3223 3293 διὰ
3251 3241 3347 3308 τὴν
3389 3241 3550 3307 φύσιν
3583 3239 3845 3309 τοιαύτην

2289 3334 2574 3399 γεγονυῖαν
2621 3330 2880 3399 ἀρχῆθεν.
2906 3330 3026 3380 Τῶν
3071 3327 3164 3383 οὖν
3199 3329 3370 3383 ταῦτα
3412 3331 3758 3399 φρονούντων
3785 3332 3840 3380 οῖ

2287 3423 2382 3490 τῆς
2417 3421 2630 3472 συνόδου
2659 3420 2861 3488 ταύτης
2894 3421 3130 3490 Πατέρες
3161 3420 3600 3490 κατεψηφίσαντο
3622 3421 3683 3472 τὸ
3712 3419 3845 3473 ἀνά⁵

2291 3512 2448 3573 θεμα.

2293 3605 2510 3658 ΑΙίΣΤ.
2582 3623 2600 3653 ι
2657 3605 2712 3658 '0
2756 3607 2847 3657 τὸν
2889 3606 3310 3673 πρωτόπλαστον
3352 3601 3693 3671 δογματίζων
3748 3603 3847 3654 καὶ

2368 3711 2384 3742 ι
2435 3693 2554 3761 δίχα
2585 3693 2683 3760 τῆς
2714 3695 2983 3762 ἁμαρτίας
3011 3693 3426 3762 τεθνηξόμενον,
3463 3692 3550 3744 διὰ
3589 3692 3844 3759 ἀνάγκην

2371 3803 2388 3832 ι
2429 3783 2526 3849 τῆς
2558 3784 2791 3850 φύσεως,
2828 3787 2940 3854 ήτω
2971 3785 3276 3850 ἀνάθεμα.»

2862 3916 3096 3968 ΚΔΝΩΝ
3129 3915 3269 3968 ΡΙΒ’.

2298 4047 2314 4074 ι
2357 4025 2476 4076 Ὀτι
2509 4025 2574 4076 τα
2603 4019 2774 4094 μικρὰ
2803 4026 2879 4085 εἰς
2904 4025 3093 4090 ἄφεσιν
3131 4023 3416 4090 ἁμαρτιῶν
3463 4023 3846 4091 βαπτίζονται.

2368 4135 2385 4164 ι
2441 4115 2673 4183 Ὁμοίως
2705 4115 2919 4182 ἡρεσεν,
2951 4114 3034 4164 ἵνα
3060 4113 3412 4180 ὁστισδήποτε
3446 4114 3512 4164 τὰ
3547 4114 3724 4182 μικρὰ
3750 4118 3848 4166 καὶ

2371 4228 2388 4261 ι
2435 4209 2752 4276 νεογέννητα
2807 4208 2870 4259 ἐκ
2923 4207 3030 4258 τῶν
3094 4206 3377 4274 γαστέρων
3425 4204 3531 4258 τῶν
3592 4207 3846 4275 μητέρων

2372 4320 2389 4351 ι
2438 4301 2806 4369 βαπτιζόμενα
2864 4301 3149 4367 ἀρνεῖται,
3211 4299 3242 4366 ἢ
3300 4297 3444 4364 λέγει
3514 4300 3592 4359 είς
3651 4300 3849 4366 ἄφεσιν

2371 4411 2388 4441 ι
2437 4391 2717 4459 ἁμαρτιῶν
2762 4389 2900 4442 αὐτὰ
2941 4389 3320 4457 βαπτίζεσθαι,
3354 4388 3520 4457 μηδὲν
3563 4388 3618 4440 δὲ
3657 4391 3719 4440 ὲκ
3750 4390 3851 4456 τῆς

2374 4501 2390 4531 ι
2437 4481 2529 4532 τοῦ
2604 4479 2770 4546 Ἀδὰμ
2819 4479 2996 4529 ἕλκειν
3066 4477 3397 4545 προγονικῆς
3453 4478 3730 4545 ἁμαρτίας
3789 4481 3853 4530 τὸ

2377 4590 2393 4620 ι
2441 4569 2650 4634 ὀφεῖλον
2681 4566 3020 4636 καθαρθῆναι
3074 4565 3151 4634 τῷ
3189 4567 3396 4634 λουτρῷ
3450 4566 3550 4633 τῆς
3584 4567 3855 4631 παλιγγεο

2377 4676 2393 4707 ι
2439 4655 2616 4718 νεσίας
2649 4655 2790 4723 (ὅθεν
2816 4656 3021 4721 γίνεται
3055 4655 3343 4707 ἀκόλουθον
3375 4656 3454 4706 ὅτι
3497 4657 3556 4705 ἐν
3591 4657 3798 4716 τούτοις
3823 4656 3854 4706 ό

2377 4767 2393 4797 ι
2439 4747 2602 4807 τύπος
2634 4747 2724 4796 τοῦ
2770 4748 2848 4805 εἰς
2904 4744 3096 4811 ἄφεσιν
3141 4743 3424 4812 ἁμαρτιῶν
3473 4743 3854 4812 βαπτίσματος

2378 4855 2394 4886 ι
2440 4837 2538 4886 οὐκ
2571 4835 2794 4902 ἀληθὴς,
2823 4833 2953 4886 ἀλλὰ
3010 4834 3241 4894 πλαστὸς
3298 4833 3544 4902 νοεῖται),
3598 4834 3852 4902 ἀνάθεμα

2379 4945 2394 4974 ι
2443 4926 2525 4993 εἴη
2554 4940 2567 4953 °
2603 4923 2786 4992 ἐπειδὴ
2809 4925 2907 4974 οὐκ
2933 4923 3103 4984 ἄλλως
3133 4925 3214 4975 δεῖ
3243 4927 3431 4994 νοῆσαι
3473 4926 3531 4977 τὸ
3562 4926 3855 4994 εἰρημένον

2380 5032 2396 5064 ι
2441 5015 2515 5080 τῷ
2556 5011 2880 5080 Vincat/sitq),
2919 5030 2936 5062 ι
2972 5013 3048 5063 Δι’
3084 5014 3200 5074 ἐνὸς
3225 5002 3568 5083 ἀνθρώπούὴ
3603 5015 3852 5083 ἁμαρτία

2381 5121 2398 5152 ι
2445 5101 2690 5170 εἰσῆλθεν
2719 5103 2795 5162 είς
2833 5102 2924 5152 τὸν
2956 5102 3179 5170 κόσμον,
3207 5105 3298 5154 καὶ
3327 5104 3412 5155 διὰ
3455 5105 3551 5172 τῆς
3575 5103 3856 5172 ἁμαρτίας

2380 5214 2396 5244 ι
2442 5197 2469 5246 ό
2523 5195 2768 5256 θάνατος,
2821 5194 2909 5243 καὶ
2943 5193 3114 5254 οὕτως
3161 5195 3239 5254 είς
3293 5194 3498 5255 πάντας
3529 5195 3855 5264 ἀνθρώπους

1861 5489 2044 5548 Guill.
2079 5487 2393 5563 Beveregii
2436 5494 2624 5548 notae.

664 5618 792 5670 rint.
822 5613 1169 5666 Massalianns
1199 5620 1374 5663 autem
1408 5609 1661 5662 Eucltitas
1696 5609 1868 5661 dictos
1890 5623 2009 5662 esse
2067 5607 2198 5658 llar-

668 5685 987 5749 tnenopnlus
1019 5682 1177 5731 etiam
1222 5680 1459 5749 tradidit,
1479 5687 1557 5749 et;
1575 5679 1834 5749 rationem
1870 5678 1994 5749 Altis,
2017 5677 2192 5749 verbis

667 5745 936 5816 κωπίω
963 5750 1018 5801 δὲ
1046 5749 1151 5801 τῶν
1207 5747 1598 5800 Μασσαλιανῶν
1637 5747 1803 5816 ὄνομα
1865 5745 2192 5814 ἐξελληνιςόο

2308 5625 2485 5676 μενον,
2520 5608 2757 5676 Εὐχίτας
2777 5608 2943 5676 δηλοῖ·
2979 5606 3112 5658 πολῦ
3138 5607 3246 5676 γὰρ
3279 5607 3406 5674 παρ’
3431 5606 3618 5676 αὐτοῖς
3668 5605 3728 5658 τὺ
3756 5607 3860 5676 τῆς

2302 5674 2463 5746 εὐχῆς
2492 5674 2683 5745 ὄνομα.
2719 5674 3043 5744 llarinetwp.
3068 5676 3133 5729 de
3166 5674 3298 5729 sect.
3331 5690 3379 5728 c.
3411 5674 3496 5728 18.
