4136 6490
366 419 467 483 369

1345 432 1424 491 IN
1464 430 1624 491 CAN.
1662 431 1851 491 CXIII
1893 430 2095 491 CONC.
2137 431 2501 490 CAR'l‘IIAG.

3430 430 3530 494 370

436 548 455 577 ι
500 530 732 599 διῆλθεν,
758 534 813 585 ἐν
840 526 882 601 ᾧ
911 534 1106 597 πάντες
1134 538 1400 605 ἥμαρτον,
1425 539 1470 588 εἱ
1500 536 1574 605 μὴ
1601 536 1659 588 ὃν
1690 537 1889 605 τρόπον
1922 541 1967 595 Α
2068 564 2069 575 ι

1922 541 1967 595 Α
2068 553 2085 585 ι
2122 535 2563 603 quemadmodum
2590 535 2846 592 catholica
2873 536 3105 593 Ecclesia
3133 577 3147 601 ,
3171 552 3288 606 qua:
3337 537 3528 606 ubique

434 635 453 666 ι
495 620 816 689 ήκαθολικὴ
868 624 1153 692 Ἐκκλησία
1192 628 1224 694 ἡ
1268 626 1537 695 πανταχοῦ
1568 624 1893 694 διακεχυμέ-

435 725 453 758 ι
498 727 562 779 νη
589 728 647 764 τε
679 714 770 765 καὶ
802 713 1092 785 ήπλωμένη
1124 716 1210 769 ἀεὶ
1253 719 1489 785 ἐνόησεν.
1513 718 1610 770 Δια
1655 717 1762 784 γὰρ
1809 719 1896 769 τδν

428 817 448 848 ι
488 805 685 853 κανόνα
731 802 917 855 τοῦτον
957 804 1058 873 τῆς
1109 807 1342 868 πίστεως
1389 807 1479 858 καὶ
1506 807 1553 859 οί
1610 807 1815 874 μικροὶ,
1847 807 1894 858 οί

431 908 449 938 ι
496 890 658 957 μηδὲν
685 893 1092 962 ἁμαρτημάτων
1122 898 1200 958 είς
1233 898 1451 959 ἑαυτοὺς
1476 896 1553 949 ἔτι
1580 898 1685 965 μὴν
1710 896 1893 965 πλημ-

428 998 444 1027 ι
493 980 671 1043 μελεῖν
704 980 1007 1048 δυνάμενοι,
1043 986 1122 1047 είς
1158 986 1349 1050 ἅψεσιν
1394 983 1677 1053 ἁμαρτιῶν
1705 985 1893 1053 ἀληθι-

424 1086 441 1115 ι
487 1067 590 1130 νῶς
642 1068 1036 1137 βαπτίζονται·
1079 1076 1164 1127 ἵνα
1196 1074 1441 1143 καθαρθῇ
1494 1076 1550 1126 ὲν
1584 1076 1764 1135 αὐτοῖς
1808 1073 1893 1125 διὰ

422 1174 439 1203 ⁸
485 1156 583 1223 τῆς
634 1158 1071 1226 παλιγγενεσίας,
1102 1165 1239 1232 ὅπερ
1271 1162 1527 1216 εἵλκυσαν
1559 1165 1624 1217 ἐκ
1652 1163 1748 1231 τῆς
1790 1163 1891 1229 ἀρ·-

420 1262 439 1294 ι
484 1249 812 1312 χαιογονίας.
849 1269 868 1300 ι

418 1336 610 1388 ΒᾹΛΣ.
646 1340 739 1391 καὶ
772 1341 921 1394 ΖΩΝ.
953 1342 1173 1409 Ἔλεγον
1207 1359 1348 1405 τινες
1375 1344 1443 1397 τὰ
1484 1341 1675 1409 νεογνὰ
1704 1340 1888 1392 παιδία

346 1422 420 1494 μὴ
463 1426 542 1487 εἰς
577 1426 769 1495 ἄφεσιν
828 1430 1106 1499 ἁμαρτιῶν
1158 1432 1506 1499 βαπτίζεσθαι
1534 1449 1547 1463 ’
1606 1433 1738 1501 μηδὲ
1785 1433 1890 1499 γὰρ

341 1510 488 1578 ἔχειν
521 1515 661 1567 αὐτὰ
695 1518 986 1585 ἁμαρτίας,
1024 1521 1141 1573 ἐπεὶ
1181 1523 1315 1591 μηδὲ
1367 1522 1669 1590 πεφύκασιν
1698 1524 1884 1592 ἅμαρ-

338 1605 543 1666 τανειν,
579 1605 658 1658 ἔτι
703 1608 775 1675 μὴ
808 1607 995 1677 ἔχοντα
1020 1611 1290 1680 διάκρισιν
1325 1611 1416 1664 τοῦ
1458 1611 1625 1664 καλοῦ
1660 1612 1753 1664 καὶ
1794 1610 1888 1663 τοῦ

337 1695 599 1761 χείρονος.
655 1696 823 1749 Τοῦτο
887 1693 980 1750 οῦν
1031 1699 1360 1767 ἀπαγορεύει
1414 1703 1446 1768 ἠ
1511 1701 1744 1762 σύνοδος,
1798 1700 1888 1752 καὶ

336 1778 466 1843 τοὺς
503 1785 828 1852 φρονοῦντας
872 1786 1033 1850 οὕτω,
1067 1789 1162 1840 καὶ
1190 1788 1445 1855 λέγοντας
1491 1790 1563 1858 μή
1610 1806 1661 1841 τι
1697 1790 1759 1840 ὲκ
1792 1788 1889 1855 τῆς

2080 643 2097 675 ι
2133 624 2320 678 din‘usa
2352 634 2432 678 est
2457 634 2511 677 et
2532 624 2752 692 simplex
2779 665 2795 691 ,
2828 641 3036 694 semper
3078 626 3356 681 intellexit.
3401 626 3531 681 Pro-

2081 732 2098 763 ι
2132 723 2246 777 pter
2268 712 2407 765 banc
2436 712 2573 765 enim
2618 713 2734 766 fidei
2765 715 2996 784 regulam
3024 715 3264 770 infantes-
3298 730 3529 785 quoque,

2077 820 2094 852 ι
2132 802 2220 868 qui
2258 801 2457 854 nullum
2491 817 2555 856 ex
2586 818 2643 857 se
2661 814 2933 872 peccatum
2974 806 3308 861 committere
3348 814 3531 874 potuc-

2078 910 2095 939 ι
2135 898 2276 953 runt,
2310 904 2434 944 vere
2464 891 2515 944 in
2562 904 2897 958 peccatorum
2954 893 3314 947 remissionerr
3364 894 3532 961 bapti-

2084 998 2101 1029 ι
2135 988 2346 1044 zanlur,
2406 988 2463 1031 ut
2514 995 2607 1048 per
2660 981 3139 1049 regenerationem.
3176 979 3227 1032 in
3282 982 3359 1032 cis
3411 996 3532 1034 vere

2072 1086 2090 1118 ι
2122 1069 2423 1133 mundetur,
2457 1069 2595 1136 quod
2651 1066 2716 1121 ab
2762 1067 2973 1122 antiuua
3014 1068 3218 1136 origine
3252 1078 3531 1124 contraxe-

2072 1175 2089 1206 ι
2135 1168 2273 1211 runt.
2322 1177 2339 1210 1

2064 1331 2257 1386 BALS.
2289 1342 2340 1386 et
2370 1332 2614 1387 ZON‘AR.
2646 1335 2896 1388 Dicebant
2919 1336 3131 1402 quidam
3161 1375 3174 1398 ,
3212 1351 3396 1390 recens
3439 1353 3535 1388 na.

1997 1431 2077 1473 tos
2112 1420 2343 1475 infantes
2371 1422 2423 1474 in
2459 1423 2822 1477 remissionem
2850 1434 3189 1490 peccatorum
3221 1437 3327 1476 non
3362 1425 3535 1491 bapti-

1995 1511 2106 1563 zari
2139 1527 2153 1565 :
2187 1525 2278 1565 eos
2302 1512 2443 1565 enim
2475 1526 2576 1565 non
2605 1512 2800 1566 habere
2832 1523 3101 1580 peccatum
3127 1552 3141 1576 ,
3174 1528 3290 1565 cum
3325 1527 3414 1582 per
3439 1529 3532 1566 na.

1998 1611 2169 1654 turam
2194 1604 2369 1656 adhuc
2400 1616 2618 1669 percare
2648 1619 2755 1658 non
2786 1604 3006 1673 possint,
3042 1613 3100 1657 ut
3127 1607 3214 1673 qui
3266 1605 3457 1658 bonum
3484 1614 3535 1657 ct

1995 1691 2187 1745 malum
2216 1691 2520 1746 discernere
2545 1703 2831 1761 nequeant.
2863 1692 2971 1747 Hoc
2999 1708 3123 1761 ergo
3151 1693 3397 1761 prohibet
3442 1710 3529 1761 sy-

1996 1783 2185 1846 nodus,
2213 1789 2266 1836 et
2289 1795 2400 1844 eos,
2427 1782 2516 1850 qui
2545 1782 2614 1836 ita
2645 1784 2899 1846 sentiunt,
2944 1792 2997 1836 et
3037 1784 3217 1837 dicunt
3263 1783 3377 1837 illos
3403 1822 3417 1846 ,
3445 1786 3532 1850 qui

334 1872 432 1924 τοῦ
474 1872 643 1938 Ἀδὰμ
668 1876 994 1942 προγονικῆς
1034 1852 1307 1943 ἁμαρτίας
1336 1852 1647 1944 ἐφέλκεσθαι
1676 1880 1799 1939 τοῦς
1830 1852 1886 1942 ὲνξ
1922 1852 1960 1903 Β

1922 1852 1960 1903 Β
1988 1874 2053 1925 ab
2077 1874 2190 1941 ipso
2226 1874 2629 1935 descenderunt,
2659 1874 2787 1928 nihil
2816 1890 2877 1928 ex
2910 1875 3063 1942 primi
3094 1874 3328 1943 parentis
3366 1877 3529 1926 Atiam

334 1962 568 2023 ἐκείνου,
596 1962 736 2014 ὥστε
786 1964 1101 2031 καθάρσεως
1134 1967 1346 2019 δέεσθαι
1395 1968 1492 2035 τῆς
1535 1970 1597 2019 ἐκ
1625 1970 1715 2021 τοῦ
1744 1971 1886 2022 θείου

1989 1972 2205 2029 peccato
2236 1963 2470 2026 trahere,
2499 1970 2556 2016 ut
2616 1962 2851 2017 infantes
2915 1977 2977 2017 ex
3044 1971 3231 2017 saneto
3284 1962 3530 2029 baptismi

334 2049 563 2120 λουτροῦ
606 2051 700 2104 τοῦ
745 2051 1117 2121 βαπτίσματος
1164 2056 1231 2107 τὰ
1276 2056 1483 2120 παιδία,
1525 2060 1889 2123 ποιεῖταιύπδ

1990 2051 2199 2105 lavacro
2225 2052 2565 2105 mundatioue
2594 2066 2726 2119 Opus
2776 2053 3024 2115 habeant,
3049 2052 3373 2110 anathemati
3404 2054 3532 2107 sul;-

332 2136 607 2207 ἀνάθεμα,
636 2139 872 2209 λέγουσα
920 2143 1003 2195 ὃτι
1046 2143 1107 2194 ὲκ
1135 2144 1324 2197 τούτου
1353 2144 1639 2198 ἀκολουθεῖ
1660 2147 1719 2198 τὸ
1747 2149 1885 2199 νοεῖο

334 2223 484 2289 σθαι,
519 2227 593 2286 ὠς
629 2227 657 2279 ὁ
688 2228 855 2291 τύπος
886 2229 977 2282 τοῦ
1008 2233 1085 2293 είς
1115 2230 1307 2300 ἄφεσιν
1340 2234 1619 2301 ἁμαρτιῶν
1697 2234 1889 2300 βαπτί-

340 2332 554 2382 σματος
588 2317 688 2371 οὐκ
741 2319 945 2389 ἀληθής
992 2324 1158 2386 ἔστιν,
1219 2322 1350 2376 ἀλλὰ
1377 2324 1777 2394 πεπλασμένος,
1832 2328 1889 2377 ἐν

330 2406 547 2469 τούτοις
567 2410 677 2472 τοῖς
703 2414 934 2479 νεογνοῖς
965 2412 1187 2482 δηλαδή.
1206 2409 1335 2466 Εἶτα
1367 2416 1461 2467 καὶ
1486 2415 1883 2479 κατασκευάζει

327 2494 427 2546 τὸν
459 2499 657 2551 οἰκεῖον
685 2499 860 2567 λόγον,
894 2503 1119 2571 χρήσεις
1169 2504 1233 2556 ὲκ
1278 2504 1369 2556 τοῦ
1404 2505 1637 2572 μεγάλου
1672 2506 1883 2560 Παύλου

332 2586 682 2652 παράτουσα,
736 2591 857 2653 Πῶς
903 2592 1032 2661 γὰρ,
1086 2594 1271 2659 φησὶν,
1319 2596 1491 2658 ἄλλως
1536 2598 1749 2665 νοητέον
1801 2598 1881 2659 τὸ.

328 2677 413 2727 Δι’
439 2676 576 2742 ἐνὸς
608 2678 920 2745 ἀνθρώπου
972 2682 1255 2749 εἰσῆλθεν
1297 2687 1334 2752 ἡ
1379 2686 1633 2753 ἁμαρτία
1662 2690 1748 2751 εὶς
1780 2688 1885 2740 τὸν

328 2767 585 2835 κόσμον,
617 2769 716 2821 καί
760 2769 858 2823 διὰ
915 2771 1023 2837 τῆς
1071 2773 1355 2840 ἁμαρτίας
1402 2778 1435 2828 ό
1486 2775 1756 2841 θάνατος,
1788 2778 1883 2831 καί

325 2857 521 2922 οὕτως
544 2861 630 2924 είς
658 2860 883 2925 πάντας
910 2862 1254 2931 ἀνθρώπους
1281 2865 1544 2933 διῆλθεν.
1569 2869 1637 2921 ἐν
1665 2862 1712 2935 ᾧ
1742 2873 1886 2921 πάν-

324 2967 430 3014 τες
453 2951 720 3017 ἥμαρτον
750 2955 800 3004 εί
832 2954 903 3021 μὴ
932 2953 1006 3015 ὡς
1030 2954 1213 3022 ἐνόησε
1234 2957 1389 3009 τοῦτο
1421 2958 1451 3025 ἡ
1476 2958 1732 3029 καθολικὴ
1768 2961 1884 3012 Ἑκο

324 3040 551 3105 κλησία,
584 3040 616 3107 ἠ
650 3040 921 3109 πανταχοῦ
947 3043 1305 3111 διακεκαυμένη
1350 3062 1407 3096 τε
1437 3047 1528 3099 καὶ
1561 3048 1881 3118 ήπλωμένη,

1981 2140 2119 2209 jicit,
2148 2142 2349 2204 dicens,
2371 2144 2512 2211 quod
2539 2157 2601 2196 ex
2632 2145 2734 2199 hoc
2757 2159 3092 2213 consequens
3110 2154 3193 2203 est
3213 2145 3526 2213 intelligere.

1986 2232 2126 2300 quoii
2151 2231 2318 2286 forma
2354 2233 2690 2302 baptismatis
2712 2234 2762 2286 in
2796 2234 3163 2287 remissionem
3193 2242 3526 2301 peccatorum

1987 2334 2088 2372 non
2124 2330 2205 2373 est
2236 2334 2384 2386 vera,
2417 2322 2507 2375 sed
2548 2321 2692 2383 ficta,
2723 2322 2774 2374 in
2827 2321 2910 2375 his
2959 2322 3164 2375 scilicet
3220 2321 3529 2377 infantibus.

1987 2408 2184 2463 Deinde
2215 2427 2365 2465 suam
2397 2427 2604 2481 quoque
2633 2413 2893 2466 rationem
2930 2413 3233 2476 confirmat,
3257 2425 3320 2465 ex
3344 2428 3531 2479 magno

1984 2497 2149 2554 Paulo
2184 2503 2494 2555 sententiam
2541 2501 2829 2577 adlucens.
2879 2504 3152 2567 Quomodo
3203 2503 3383 2565 enim,
3448 2502 3529 2554 iu-

1989 2592 2119 2658 quit,
2154 2591 2305 2645 aliter
2346 2600 2428 2646 est
2458 2592 2874 2660 intelligendum,
2922 2593 3062 2659 quod
3113 2602 3383 2661 peccatum
3441 2609 3520 2658 per

1988 2698 2145 2734 unum
2171 2681 2424 2735 hominem
2455 2683 2742 2749 ingressum
2768 2692 2841 2736 est
2873 2684 2923 2736 in
2954 2684 3225 2747 mundum,
3244 2696 3291 2737 et
3316 2699 3530 2751 perpre-

1985 2781 2155 2825 cutum
2183 2788 2341 2835 mors,
2371 2786 2419 2827 et
2450 2773 2523 2826 sic
2551 2778 2608 2829 in
2638 2789 2807 2827 omnes
2840 2774 3067 2827 homines
3088 2775 3331 2839 pervenit,
3355 2775 3406 2826 t'u
3433 2791 3531 2843 quo

1986 2879 2158 2916 omnes
2193 2873 2525 2929 peccaverunt
2549 2905 2564 2929 ,
2602 2866 2699 2919 nisi
2733 2863 3174 2932 quemadmodum
3236 2865 3337 2917 hoc
3378 2864 3531 2916 intel-

1985 2953 2117 3007 lexit
2163 2954 2423 3008 catholica
2480 2957 2737 3019 Ecclesia,
2770 2971 2888 3023 quae
2915 2954 3107 3022 ubique
3139 2955 3325 3007 diffusa
3372 2937 3452 3006 est
3478 2967 3531 3006 et

1986 3043 2231 3111 simplex,
2259 3044 2309 3095 in
2354 3054 2464 3098 toto
2508 3045 2715 3099 scilicet
2763 3045 2960 3101 mundo
3005 3047 3241 3112 dispersa
3300 3042 3527 3096 fidelimn

324 3128 498 3195 ἧγουν
528 3130 558 3196 ἡ
590 3130 647 3181 ὲν
671 3129 775 3197 ὅλῳ
804 3131 880 3198 τῷ
925 3130 1112 3201 κόσμῳ
1142 3133 1511 3204 ἐσκεδασμὲνη
1544 3135 1750 3206 πληθὺς
1776 3139 1882 3190 τῶν
1911 3169 1953 3224 ο
1986 3129 2313 3184 “militum?

320 3218 561 3283 πιστῶνς

318 3308 553 3361 ΔΡῙΣΤ.
620 3326 638 3359 ι
689 3308 747 3363 ’0
794 3309 859 3363 τὰ
890 3312 1077 3377 νεογνὰ
1140 3314 1233 3366 καὶ
1290 3314 1656 3383 βαπτιζόμενα
1709 3317 1885 3382 λέγων

402 3414 422 3447 ι
474 3397 637 3464 μηδὲν
663 3397 840 3450 ἕλκειν
873 3400 935 3450 ὲκ
980 3400 1074 3469 τῆς
1100 3401 1192 3453 τοῦ
1234 3402 1403 3472 ’Λδὶμ
1429 3405 1702 3474 ἁμαρτίας
1735 3406 1884 3475 ὀφεῖ·

394 3509 413 3540 ι
460 3488 549 3540 λον
571 3488 907 3555 καθαρθῆναι
936 3488 1011 3557 τῷ
1048 3490 1399 3559 βαπτίσματι,
1435 3477 1704 3563 ὲπᾶρατος
1730 3514 1742 3527 .
1796 3499 1885 3551 διὰ

396 3600 416 3631 ι
465 3581 570 3648 γὰρ
620 3579 713 3631 τοῦ
768 3578 883 3642 ἑνὸς
930 3582 1021 3633 καὶ
1055 3582 1083 3635 ὁ
1113 3581 1343 3647 θάνατος
1398 3586 1489 3638 καὶ
1548 3588 1579 3657 ἡ
1636 3589 1880 3660 ἁμαρτία

392 3688 411 3721 ι
459 3670 818 3740 Μγκόσμιος.
863 3690 881 3723 ι

886 3764 1121 3817 ΚᾹΝΩΝ
1148 3763 1289 3819 PII”.

324 3875 345 3908 ι
392 3855 519 3908 Ὂτι
546 3855 580 3922 ἡ
611 3853 704 3906 τοῦ
735 3852 871 3906 Θεοῦ
896 3853 1055 3923 χάρις
1084 3854 1144 3907 οὐ
1176 3856 1337 3924 μόνον
1365 3857 1557 3925 ἄφεσιν
1598 3865 1877 3930 χαρίζεται

400 3960 420 3993 ι
466 3939 770 4010 ἁμαρτιῶν,
794 3940 933 3993 ἀλλὰ
962 3943 1056 3993 καὶ
1085 3942 1336 4012 βοήθειαν
1389 3946 1615 4015 παρέχει
1646 3949 1739 4001 τοῦ
1774 3967 1879 4018 μη-

393 4052 412 4084 ι
461 4033 579 4085 κέτι
607 4030 959 4100 ἁμαρτάνειν.
1000 4031 1229 4102 Ὁμοίως
1263 4036 1479 4105 ἧρεσεν,
1514 4038 1603 4091 ἵνα
1631 4041 1873 4111 ὁστισδήο

400 4141 421 4173 ι
466 4137 595 4174 ποτε
631 4122 774 4173 είποι
804 4120 904 4189 τὴν
928 4121 1088 4191 χάριν
1127 4123 1221 4176 τοῦ
1244 4124 1377 4178 Θεοῦ
1407 4142 1545 4197 ῃτινι
1571 4128 1875 4182 δικαιοῦται

395 4231 414 4261 ι
460 4210 547 4263 διὰ
591 4209 765 4278 Ἰησοῦ
815 4209 1051 4279 Χριστοῦ
1107 4212 1202 4265 τοῦ
1258 4214 1461 4282 Κυρίου
1516 4216 1692 4284 ἡμῶν,
1740 4219 1876 4287 πρὸς

384 4319 405 4352 ε
464 4299 631 4369 μόνην
656 4300 850 4366 ἄφεσιν
904 4302 1183 4369 ἁμαρτιῶν
1239 4304 1447 4372 ἰσχύειν
1497 4307 1604 4357 τῶν
1647 4307 1747 4377 ἤδη
1778 4326 1875 4363 πε-

388 4409 407 4440 ι
457 4390 954 4458 πλημμελημένων,
979 4393 1074 4443 καὶ
1107 4392 1179 4462 μὴ
1212 4394 1473 4462 παρέχειν
1504 4394 1582 4447 ἔτι
1614 4397 1718 4465 μὴν
1751 4397 1875 4467 βοή-

388 4508 407 4531 ι
460 4480 609 4534 θειαν
633 4481 767 4549 πρὸς
791 4480 852 4531 τὸ
876 4480 951 4549 μὴ
974 4481 1137 4550 ἕτερα
1160 4483 1613 4551 πλημμελεῖσθαι,
1630 4488 1877 4556 ἀνάθεμα
1908 4477 1950 4529 η

378 4589 399 4620 ε
450 4571 555 4639 εἴη.
594 4570 714 4622 Ὅτι
772 4572 803 4639 ἠ
858 4571 1013 4640 χάρις
1060 4573 1150 4624 τοῦ
1178 4573 1309 4629 Θεοῦ
1356 4574 1414 4624 οὐ
1465 4574 1621 4643 μόνον
1674 4577 1873 4643 γνῶσιν

380 4680 399 4710 ι
451 4662 697 4728 παρέχει,
732 4652 807 4712 ὧν
855 4661 937 4712 δεῖ
992 4663 1270 4731 πράττειν,
1318 4662 1452 4716 ἀλλὰ
1506 4666 1597 4717 καὶ
1654 4666 1874 4736 ἀγάπην

384 4772 403 4800 ε
458 4750 537 4803 ἑτι
580 4752 686 4821 μὴν
713 4754 941 4820 ἐμπνέει
976 4753 1127 4822 ἡμῖν,
1162 4754 1248 4806 ίνα
1294 4754 1321 4805 ὃ
1373 4757 1467 4807 ἐὰν
1496 4757 1870 4825 ἐπιγινώσκω-

378 4860 398 4892 ι
449 4856 567 4907 μεν,
603 4842 697 4895 καὶ
728 4842 1013 4913 πληρῶσαι
1049 4844 1378 4914 ίσχύσωμεν.
1424 4846 1655 4915 Ὁμοίως
1685 4850 1867 4901 ὁστισ-

377 4953 396 4978 ι
450 4931 649 4999 δήποτε
703 4935 846 4985 είποι
904 4934 1001 5003 τὴν
1051 4935 1222 5004 αὐτὴν
1252 4936 1410 5005 χάριν
1460 4937 1552 4988 τοῦ
1585 4937 1743 5001 Θεοῦ,
1770 4941 1868 5008 τὴν

378 5043 397 5071 ι
453 5020 541 5073 διὰ
586 5022 762 5090 Ἰησοῦ
794 5023 1029 5091 Χριστοῦ
1065 5024 1157 5076 τοῦ
1192 5026 1396 5095 Κυρίου
1425 5026 1601 5093 ἡμῶν,
1635 5030 1713 5089 είς
1744 5028 1870 5081 τοῦ-

378 5131 397 5160 ι
450 5127 510 5162 το
546 5110 704 5179 μόνον
729 5113 857 5181 ἡμῖν
889 5111 1123 5181 βοηθεῖν,
1152 5115 1289 5183 προς
1315 5116 1374 5167 τὸ
1402 5115 1475 5184 μὴ
1510 5116 1866 5185 ἁμαρτάνειν,

379 5221 399 5253 ι
447 5201 529 5252 ὅτι
557 5201 641 5253 διὰ
672 5202 877 5268 ταύτης
910 5204 1041 5270 ἡμῖν
1073 5205 1514 5263 ἀποκαλύπτεται
1566 5208 1659 5259 καὶ
1710 5225 1867 5274 φανε·

381 5310 400 5340 ι
451 5287 644 5360 ροῦται
701 5291 734 5358 ὴ
793 5292 993 5357 γνῶσις
1051 5294 1160 5346 τῶν
1213 5294 1660 5363 ἁμαρτημάτων,
1727 5298 1866 5350 ὥστε

370 5402 389 5431 ι
442 5379 733 5443 γινώσκειν
763 5380 797 5433 ἃ
830 5381 912 5433 δεῖ
936 5383 1235 5452 ἐπιζητεῖν,
1267 5384 1430 5439 κα).ίᾶ
1460 5387 1541 5438 δεῖ
1575 5387 1866 5451 ἐκκλίνειν,

372 5490 391 5521 ι
441 5470 503 5522 οῦ
537 5470 642 5539 μὴν
687 5469 755 5521 δι’
788 5470 958 5540 αὐτῆς
1006 5473 1135 5541 ημῖν
1192 5475 1547 5544 παρέχεσθαι,
1590 5477 1677 5529 ἵνα
1728 5478 1866 5545 ὅπερ

376 5580 398 5611 ι
449 5557 669 5626 γνῶμεν
706 5562 978 5624 ποιητέον,
1008 5565 1098 5615 καὶ
1138 5564 1362 5633 ποιῆσαι
1391 5565 1468 5619 ἔτι
1503 5567 1607 5637 μὴν
1649 5567 1867 5635 ἀγαπήο

371 5670 391 5702 ι
447 5665 634 5716 σωμεν
677 5649 772 5701 καὶ
810 5650 1139 5723 ίσχύσωμεν,
1170 5656 1416 5725 ἀνάθεμα
1471 5658 1574 5729 εἴη.
1608 5657 1713 5709 Τοῦ
1750 5658 1859 5726 γὰρ

361 5763 461 5817 ⁵²Ι
509 5762 636 5817 Cor.
663 5778 778 5827 vm,
814 5765 868 5820 2.

1985 3310 2206 3366 ARIST.
2245 3330 2264 3363 ι
2303 3312 2400 3379 Qui
2426 3313 2651 3367 infantes
2704 3328 2889 3367 recens
2925 3322 3079 3366 natos
3123 3324 3175 3367 et
3233 3311 3529 3379 baptizatos

2061 3419 2080 3452 ι
2118 3401 2248 3454 nihil
2283 3417 2344 3455 ex
2376 3403 2561 3455 Atlanti
2593 3413 2807 3469 peccato
2837 3404 3045 3456 trahere
3072 3442 3086 3466 ,
3128 3402 3270 3467 quod
3328 3405 3527 3467 baptis-

2059 3510 2077 3541 ι
2118 3501 2256 3545 male
2286 3492 2526 3544 mundari
2556 3491 2733 3551 debet.
2760 3492 2969 3555 asserit,
3002 3492 3367 3547 exsecrandus
3399 3502 3479 3544 est
3513 3509 3525 3544 :

2057 3598 2073 3628 ι
2115 3594 2209 3649 per
2237 3596 2396 3633 unum
2424 3581 2564 3633 enim
2592 3588 2645 3634 et
2668 3594 2815 3633 mors
2832 3589 2886 3634 et
2906 3590 3178 3650 peccatum
3213 3584 3518 3641 universum

2057 3690 2075 3723 ι
2109 3672 2360 3726 mundum
2393 3671 2609 3727 invasit.
2661 3691 2677 3723 ι

2538 3760 2765 3817 ΟΑΝΟΝ
2788 3761 2970 3815 CXIII.

1988 3867 2006 3899 ι
2045 3849 2194 3914 Quod
2221 3849 2309 3902 Dei
2346 3849 2512 3917 gratia
2544 3864 2646 3902 non
2674 3850 2848 3903 solum
2882 3851 3104 3917 largitur
3155 3852 3524 3907 remissionem

2056 3956 2074 3987 ι
2114 3946 2476 4005 peccatorum,
2502 3938 2591 3991 sed
2624 3940 2782 3993 etiam
2814 3941 3014 4008 praebet
3037 3941 3312 4007 auxilium,
3339 3952 3394 3995 ut
3423 3958 3524 3997 non

2054 4047 2073 4079 ι
2107 4028 2334 4098 amplius
2366 4037 2632 4095 peccetur.
2667 4028 2924 4084 Similiter
2951 4031 3169 4100 placuit,
3217 4042 3273 4085 ut
3299 4035 3525 4101 quicun-

2054 4138 2071 4169 ι
2108 4132 2211 4187 que
2237 4119 2433 4173 dixerit
2469 4118 2559 4171 Dei
2592 4119 2838 4186 gratiam,
2874 4134 2974 4188 qua
3014 4120 3336 4187 justilicatur
3364 4123 3525 4176 homo

2055 4228 2073 4260 ι
2106 4224 2200 4278 per
2224 4208 2404 4263 Jesum
2436 4208 2704 4263 Christum
2740 4210 3015 4264 Dominum
3046 4223 3282 4266 nosmtm
3309 4252 3323 4276 ,
3350 4215 3525 4269 valere

2052 4320 2069 4351 ι
2105 4300 2172 4354 ad
2206 4300 2370 4354 solam
2392 4300 2501 4368 jam
2534 4301 2939 4360 commissorum
2963 4312 3299 4371 peccatorum
3331 4307 3520 4359 remis-

2053 4408 2069 4438 ι
2110 4389 2337 4452 sionem,
2375 4399 2556 4443 etnon
2594 4390 2831 4458 praebere
2857 4400 3113 4458 prmterea
3145 4394 3423 4457 auxilium,
3470 4403 3528 4449 ut

2056 4498 2072 4530 ι
2118 4495 2219 4533 non
2252 4480 2497 4548 deinceps
2522 4491 2791 4549 peccetur,
2820 4482 2890 4535 sit
2923 4484 3226 4537 anathema.
3255 4484 3403 4549 Quod
3438 4485 3523 4536 1)ιοί

2056 4589 2073 4620 ι
2112 4570 2278 4638 gratia
2312 4586 2413 4624 non
2464 4573 2660 4639 praebet
2709 4572 2879 4626 solam
2934 4574 3288 4641 cognitionem
3340 4589 3523 4628 eorum

2054 4675 2071 4706 ι
2109 4671 2224 4725 qua!
2256 4667 2465 4725 oportet
2496 4656 2669 4713 facere
2697 4698 2710 4723 ,
2741 4660 2835 4715 sed
2874 4660 3212 4715 dilectionem
3264 4674 3521 4730 praetcrea

2054 4765 2071 4796 ι
2109 4747 2258 4802 nobis
2285 4750 2534 4818 inSpirat,
2565 4761 2620 4802 ut
2646 4752 2785 4819 quod
2812 4752 3203 4821 cognoscimus,
3232 4753 3390 4806 etiam
3424 4754 3523 4804 itu-

2052 4855 2068 4887 ι
2112 4837 2253 4904 plcre
2299 4839 2591 4892 valeamus.
2626 4838 2882 4894 Similiter
2910 4880 2925 4903 ,
2978 4842 3281 4910 quicunque
3330 4843 3525 4896 dixerit

2047 4945 2066 4975 ‹
2100 4929 2336 4981 eamdem
2366 4927 2456 4981 Dei
2492 4930 2737 4997 gratiam,
2760 4946 2877 4998 qua:
2911 4941 2991 4984 est
3013 4947 3105 5000 per
3138 4930 3319 4986 Jcsum
3356 4933 3516 4987 Cltri-

2046 5036 2061 5064 ι
2097 5024 2235 5068 stum
2269 5015 2549 5071 Dominum
2605 5029 2867 5084 nostrum,
2918 5021 2982 5072 ad
3045 5021 3145 5074 hoc
3197 5021 3367 5075 solum
3428 5038 3522 5075 nos

2044 5125 2061 5155 ι
2102 5106 2372 5173 adjuvare.
2408 5123 2472 5161 ne
2504 5123 2806 5174 peccemus,
2838 5112 2963 5178 quia
2998 5126 3091 5179 per
3114 5126 3231 5166 eam
3255 5111 3521 5166 revelatur

2043 5214 2061 5245 ι
2100 5196 2250 5249 nobis
2276 5205 2331 5249 et
2363 5197 2730 5252 manifestatur
2754 5202 2987 5268 cognitio
3019 5202 3245 5269 peccati,
3288 5213 3339 5256 ut
3376 5204 3515 5258 scia-

2045 5305 2064 5337 ι
2096 5302 2212 5341 mus
2236 5303 2353 5357 qua!
2374 5289 2536 5355 ουτοι-ἰ
2568 5300 2757 5358 etquae
2780 5292 2935 5345 vitari
2957 5301 3197 5360 op0rteat
3229 5309 3242 5344 :
3285 5310 3392 5349 non
3422 5309 3517 5348 au-

2044 5396 2062 5428 ι
2105 5387 2324 5445 temper
2351 5392 2467 5431 eam
2511 5381 2732 5445 praeberi
2758 5418 2774 5442 ,
2809 5391 2864 5435 ιιι
2893 5384 3031 5451 quod
3080 5382 3379 5439 faciendum
3421 5400 3517 5439 co-

2046 5488 2062 5519 ι
2100 5472 2398 5537 gnovimus,
2425 5470 2583 5522 etiam
2621 5470 2798 5526 facere
2824 5472 3107 5542 diligamus
3140 5483 3193 5528 et
3224 5474 3512 5541 valeamus,

2043 5580 2059 5609 ι
2096 5562 2163 5612 sit
2195 5560 2496 5614 anathema.
2519 5560 2649 5613 Cum
2677 5563 2816 5614 eitim
2840 5563 2964 5615 dicit
2985 5564 3265 5639 ApoStolus
3297 5564 3513 5619 :Scien-

2046 5667 2062 5700 ι
2104 5652 2174 5701 tia
2228 5649 2414 5717 inﬂat,
2458 5650 2684 5703 rltarilns
2732 5663 2901 5706 uulcm
2950 5654 3175 5721 a'tliﬁcaf
3214 5657 3257 5689 "
3296 5675 3310 5724 ;
3354 5655 3511 5727 647
