4136 6480
268 354 375 414 3ῖ3

333 574 353 607 ιι
400 556 610 624 ἐκείνης
646 555 725 608 ἔτι
769 556 875 625 μὴν
912 555 1192 623 πληρῶσαι
1226 557 1323 618 τὰς
1362 557 1509 618 θείας
1565 561 1813 623 ἐντολάς·

336 664 357 696 ε
405 646 649 714 ἀνάθεμα
681 643 786 714 εἴη.
824 646 957 714 Περὶ⁵
990 646 1097 713 γὰρ
1128 647 1237 697 τῶν
1269 649 1494 721 καρπῶν
1526 650 1635 702 τῶν
1669 652 1812 703 ἐντο-

336 755 357 788 ε
402 736 509 789 λῶν
536 738 563 788 ὁ
593 735 793 806 Κύριος
821 738 920 789 οὐκ
953 733 1103 790 εἶπεν
1123 753 1135 768 ·
1170 740 1349 807 Χωρὶς
1376 739 1511 808 ἐμοῦ
1541 740 1815 811 δυσχερῶς

336 842 356 875 ε
400 824 623 877 δύνασθε
662 828 857 878 ποιεῖν·
896 826 1009 880 ἀλλ’
1036 822 1209 878 εἶπεν
1285 845 1303 878 t
1337 826 1514 893 prl;
1560 829 1705 896 ἐμοῦ
1741 831 1811 882 οὐ

338 933 358 965 ε
400 915 651 968 δύνασθε
679 917 895 970 ποεεῖν.
922 934 939 967 ι

332 1004 525 1058 ΒΑΛΣ.
560 1005 761 1072 Μυρίαι
792 1006 933 1069 δόξαι
961 1007 1386 1076 διεστραμμέναι
1415 1004 1583 1079 ἦσαν,
1612 1002 1687 1063 ὧν
1718 1009 1814 1078 μία

255 1094 355 1147 καὶ
386 1094 525 1163 αῦτη
554 1095 585 1164 ἡ
611 1094 841 1161 λέγουσα
871 1098 951 1149 ὃτι
982 1098 1359 1162 αὐτεξουσίως
1387 1101 1533 1168 ἡμᾶς
1562 1101 1815 1168 ἐποίησεν

252 1189 280 1237 ὁ
321 1186 475 1248 Θεὸς,
515 1186 603 1239 ἵνα
644 1187 925 1255 δυνώμεθα
969 1189 1062 1241 καὶ
1096 1190 1192 1257 τῆς
1237 1190 1386 1251 θείας
1428 1192 1646 1259 χάριτος
1686 1193 1811 1244 ἄνευ

254 1266 498 1343 πληροῦν
523 1275 619 1337 τὰς
651 1276 866 1339 ἐντολάς
886 1292 899 1307 ⁶
933 1277 964 1346 ἡ
994 1277 1046 1329 δὲ
1080 1278 1197 1330 θεία
1224 1280 1383 1347 χάρις
1411 1281 1489 1342 εἰς
1514 1280 1573 1331 τὸ
1600 1280 1814 1348 εὐχερέ-

254 1380 447 1431 στερον
475 1364 641 1427 αὐτὰς
674 1364 1011 1420 πληροῦσθαι
1048 1369 1177 1437 παρ’
1204 1369 1359 1438 ἡμῶν
1389 1372 1551 1426 ποιεῖ.
1587 1368 1813 1422 Ἤδυνά-

255 1452 395 1520 μεθα
440 1454 547 1520 γὰρ
592 1455 684 1505 καὶ
721 1455 820 1523 τῆς
865 1455 1012 1518 θείας
1057 1458 1275 1526 χάριτος
1325 1458 1398 1527 μὴ
1445 1459 1814 1528 συνεργούσης

254 1542 499 1613 πληροῦν
532 1542 752 1606 ταύτας,
788 1545 1211 1613 δυσχερέστερον
1243 1547 1319 1601 δέ.
1358 1548 1481 1611 Τοῖς
1516 1548 1607 1601 οὖν
1639 1549 1812 1602 ταῦτα

251 1631 504 1699 λέγουσιν
532 1634 780 1705 ἀνάθεμα
808 1636 1001 1703 ἐπάγει
1031 1637 1062 1705 ἡ
1096 1637 1332 1699 σύνοδος.

1328 355 1407 414 IN
1447 359 1609 419 CAN.
1656 361 1831 422 CXIV
1860 362 2065 424 CONC.
2110 366 2482 427 CAllTHAGt

335 486 354 516 ι
402 466 641 535 εὐχερῶς
694 465 826 533 μὲν,
874 463 987 517 ἀλλ’
1017 464 1160 532 ὅμως
1212 465 1509 535 ἐδυνάμεθα
1556 471 1650 522 καὶ
1693 471 1815 539 δίχα
1845 476 1888 530 Α

3346 366 3451 434 374

1996 498 2011 523 ι
2056 478 2290 543 quidem,
2356 479 2447 531 sed
2499 486 2673 531 tamen
2722 480 2882 532 etiam
2937 478 3051 533 sine
3114 478 3223 542 illa,
3270 478 3450 530 divina

1994 583 2011 613 ι
2057 575 2317 632 praecepta
2365 567 2586 633 exsequi
2657 580 2985 633 possumus:
3020 566 3090 619 sit
3142 569 3447 623 anathema.

1996 674 2012 703 ι
2061 655 2129 708 De
2159 655 2420 710 fructibus
2463 657 2601 709 enim
2641 656 3013 710 mandatorum
3050 655 3304 707 Dominus
3345 670 3448 707 non

2002 762 2019 791 ε
2067 744 2220 804 dixit,
2257 743 2383 797 Sine
2417 759 2501 797 me
2529 743 2796 797 difﬁcilius
2830 743 3053 810 potestis
3086 742 3306 797 facere:
3340 744 3453 799 sed.

1992 849 2009 879 ι
2053 831 2174 885 Sine
2195 850 2270 887 me
2298 832 2428 886 riltil
2456 830 2628 898 facere
2651 834 2887 901 potestis.
2926 852 2944 885 ι

1987 1009 2178 1064 BALS.
2208 1010 2625 1064 Innumerabiles
2652 1020 2806 1063 erant
2855 1024 3118 1076 perversa:
3157 1013 3453 1080 opiniones.

1916 1117 2139 1168 quarum
2186 1117 2288 1154 una
2324 1112 2439 1155 erat
2478 1103 2635 1154 etiam
2686 1116 2805 1170 qua:
2855 1102 3087 1166 dicebat,
3121 1104 3260 1171 quod
3314 1103 3453 1157 Deus

1917 1192 2062 1244 dedit
2092 1190 2247 1244 nobis
2272 1191 2494 1243 liberum
2534 1191 2845 1257 arbitrium,
2883 1202 2938 1244 ut
2988 1206 3266 1260 possemus
3293 1195 3453 1247 etiam

1916 1280 2031 1335 sine
2063 1279 2240 1333 divina
2274 1281 2445 1349 gratia
2481 1282 2570 1335 Dei
2612 1284 2864 1337 mandata
2925 1284 3195 1352 complere
3230 1302 3241 1336 ι
3277 1284 3452 1337 divina

1916 1377 2092 1421 autem
2131 1371 2298 1437 gratia
2332 1371 2396 1422 ad
2430 1385 2488 1423 ea
2524 1369 2736 1425 facilius
2764 1371 3086 1440 perficienda
3122 1386 3275 1423 suum
3309 1371 3457 1423 nobis

1915 1459 2115 1528 prrcbet
2149 1459 2428 1512 auxilium.
2461 1459 2749 1513 Possemus
2796 1460 2937 1513 enim
2989 1459 3076 1512 illa
3123 1462 3285 1512 etiam
3340 1461 3458 1513 sine

1916 1548 2093 1601 divina
2123 1562 2274 1615 Opem
2310 1548 2513 1601 ferente
2544 1548 2735 1617 gratia.
2770 1548 2861 1601 sed
2891 1545 3181 1610 difﬁcilius,
3214 1548 3455 1615 exsequi.

1913 1638 1983 1692 lis
2038 1651 2188 1705 ergo,
2237 1635 2327 1705 qui
2377 1636 2493 1691 hac
2527 1637 2732 1701 dicunt,
2774 1636 3065 1691 anathema
3111 1636 3319 1692 inducit
3368 1653 3459 1709 sy-

1912 1726 2106 1781 nodus.

323 1809 571 1862 ZQNAP.
616 1811 818 1881 Μυρίαι
863 1812 1008 1878 δόξαι
1056 1812 1485 1882 διεστραμμέναι
1526 1811 1693 1886 ἦσαν,
1740 1810 1814 1868 ὧν

1987 1816 2237 1872 ZONAR.
2262 1814 2683 1870 Innumerabiles
2702 1823 2856 1871 erant
2874 1830 3135 1883 perversa:
3155 1816 3455 1884 opiniones,

255 1899 358 1967 μία
410 1900 505 1954 καὶ
555 1902 691 1970 αὕτη
746 1905 779 1971 ἡ
833 1903 1062 1969 λέγουσα
1110 1906 1191 1958 ὅτι
1242 1906 1617 1971 αὐτεξουσίους
1668 1910 1816 1979 ἡμᾶς

248 1988 507 2058 ἐποίησεν
538 1991 565 2042 ὁ
598 1991 749 2055 Θεὸς,
787 1993 872 2044 ῐνα
903 1992 1182 2060 δυνώμεθα
1217 1997 1309 2049 καὶ
1340 1997 1436 2066 τῆς
1471 1992 1619 2060 θείας
1653 1998 1813 2069 χάρι-

244 2094 342 2139 τος
378 2078 504 2131 ἄνευ
540 2079 776 2148 πληροῦν
805 2081 903 2142 τὰς
936 2082 1170 2144 ἐντολάς.
1206 2081 1270 2134 Ἦ
1302 2082 1358 2134 δὲ
1395 2082 1512 2136 θεία
1547 2084 1703 2153 χάρις
1734 2087 1813 2148 είς

162 2183 167 2187 ·
245 2170 311 2219 τὸ
338 2168 718 2239 εὐχερέστερον
744 2171 911 2233 αὐτὰς
936 2171 1267 2239 πληροῦσθαι
1294 2172 1425 2241 παρ’
1446 2173 1601 2242 ἡμῶν
1628 2191 1813 2242 συνερ-

246 2261 357 2326 γεῐ.
388 2259 722 2327 Ἦδυνάμεθα
748 2259 855 2328 γὰρ
878 2262 967 2312 καὶ
989 2261 1084 2329 τῆς
1109 2260 1257 2322 θείας
1280 2260 1499 2331 χάριτος
1528 2262 1602 2332 μὴ
1628 2279 1815 2331 συνερο

246 2348 455 2419 γοῦσης
488 2349 727 2418 πληροῦν
760 2349 975 2415 ταύτας,
1011 2350 1427 2421 δυσχερέστερον
1457 2352 1534 2405 δέ.
1567 2353 1689 2416 Τοῖς
1720 2348 1813 2406 οὖν

246 2435 423 2489 ταῦτα
455 2437 702 2503 λέγουσιν
735 2436 979 2504 ἀνάθεμα
1013 2438 1204 2504 ἐπάγει
1234 2438 1267 2507 ἠ
1305 2437 1546 2504 σύνοδος,
1584 2438 1813 2505 λέγουσα

243 2528 309 2578 τὸ
342 2526 447 2578 πᾶν
472 2525 568 2595 τῆς
596 2524 744 2587 θείας
770 2527 987 2595 χάριτος
1015 2521 1172 2589 εἶναι,
1200 2526 1294 2578 καὶ
1319 2527 1446 2580 ἄνευ
1473 2528 1684 2596 ἐκείνης
1712 2544 1815 2599 μη-

236 2618 336 2669 δὲν
363 2617 510 2685 ἡμᾶς
541 2614 855 2686 κατορθοῦν.
884 2617 1041 2685 Φέρει
1076 2617 1131 2668 δὲ
1169 2617 1259 2669 καὶ
1295 2620 1597 2687 μαρτυρίαν
1628 2618 1690 2671 ἑκ
1718 2617 1812 2671 τοῦ

245 2709 479 2775 Κυρίου.
514 2707 781 2776 λέγοντος,
818 2708 1003 2774 Χωρὶς
1038 2708 1183 2777 ἐμοῦ
1216 2712 1286 2763 οὐ
1321 2708 1584 2763 δύνασθε
1622 2708 1814 2762 ποιεῖν

241 2791 451 2856 οὐδὲν,
497 2795 590 2846 καὶ
632 2794 731 2845 οὐκ
776 2790 917 2856 εἷπε,
962 2796 1144 2862 φησὶν,
1188 2797 1262 2848 Οὐ
1308 2794 1536 2847 δύνασθε
1580 2795 1814 2865 εὐχερῶς

242 2886 427 2934 ποιεῖν
445 2899 459 2913 ο
492 2882 628 2948 ἀλλ’,
659 2883 847 2937 Οὐδὲν
875 2884 1137 2939 δύνασθε
1167 2885 1378 2938 ποιεῖν.

238 3061 471 3114 ΛΡΙΣΤ.
528 3081 546 3111 ε
575 3061 635 3113 Ὀ
661 3062 940 3128 κηρύττων
959 3062 1040 3114 ὅτι
1069 3062 1159 3117 καὶ
1184 3062 1306 3131 δίχα
1326 3062 1423 3130 τῆς
1449 3063 1665 3132 χάριτος
1692 3065 1812 3117 δυσ-
1840 3092 1882 3147 C

321 3171 339 3202 ε
386 3152 721 3220 χερεστὲρως
737 3190 753 3214 ,
780 3151 892 3203 ἀλλ’
912 3151 1005 3203 οὖν
1028 3151 1406 3220 ἑκπληροῦμεν
1429 3153 1525 3213 τὰς
1551 3154 1768 3215 ἐντολὰς
1789 3194 1802 3217 ,

321 3261 341 3292 ε
388 3243 819 3309 τρισκατάρατος
846 3257 859 3271 ·
900 3257 919 3291 t
965 3241 1149 3306 prlc
1180 3241 1288 3307 γὰρ
1316 3240 1481 3306 ἐμοῦ,
1527 3259 1545 3291 ι
1584 3243 1747 3311 φησὶν
1779 3244 1808 3295 ὀ

328 3351 346 3382 ε
399 3334 432 3380 K
449 3332 614 3398 ύριος,
647 3331 716 3383 οὐ
743 3329 1005 3386 δύνασθε
1026 3330 1218 3384 ποιεῖν
1241 3328 1438 3383 οὐδέν.
1466 3350 1483 3381 ι

317 3422 426 3473 Τοῦ
460 3421 749 3486 Πελαγίου,
778 3421 868 3471 καὶ
900 3419 1245 3484 Κελεστίνου,
1275 3421 1367 3472 καὶ
1393 3420 1683 3491 Νεστορίου
1710 3420 1803 3474 τοῦ

241 3512 662 3580 ματαιόφρονος,
711 3510 1028 3578 ὁμοφρόνων
1067 3514 1383 3578 γεγονότων,
1429 3512 1562 3570 ἀλλὰ
1601 3514 1697 3567 καὶ
1739 3516 1805 3567 τὰ

234 3604 353 3655 τῶν
390 3600 663 3653 δυσσεεὼν
700 3601 1013 3669 Μανιχαίων
1049 3603 1382 3670 φρονούντων
1419 3602 1513 3655 καὶ
1548 3604 1804 3672 δογματι-

237 3692 464 3755 ζόντων,
496 3692 586 3743 καὶ
611 3689 778 3741 ταῦτα
810 3690 954 3758 ἅπερ
983 3691 1016 3757 ἡ
1049 3688 1258 3751 σύνοδος
1287 3691 1691 3759 ἁναθεματίζει,
1716 3693 1807 3745 οὐ·

238 3780 378 3833 ποτε
403 3796 484 3841 τις
510 3779 677 3831 ταῦτα
709 3780 980 3848 φρονήσας
1002 3781 1112 3842 τοῖς
1141 3781 1479 3848 Χριστιανοίς
1512 3783 1805 3854 συνταχθῆ-

237 3885 421 3931 σεται,
466 3868 599 3921 ἀλλὰ
641 3868 740 3936 τῆς
774 3868 1097 3938 Ἐκκλησίας
1138 3870 1684 3941 ἑξοστρακισθήτεται
1727 3874 1803 3934 ὡς

235 3959 558 4026 ἀλλότριος,
593 3959 683 4009 καὶ
724 3959 999 4027 χωρισμὸν
1032 3960 1142 4011 ἀπὸ
1174 3960 1373 4027 ταύτης
1415 3963 1503 4012 καὶ
1540 3960 1632 4013 τοῦ
1672 3962 1807 4014 Θεοῦ

237 4049 611 4118 κληρώσεται.
650 4049 785 4100 Φασὶ
827 4048 883 4100 δέ
924 4065 1068 4111 τινες
1109 4050 1233 4111 τοὺς
1276 4049 1521 4113 ἀνοσίους
1564 4052 1807 4117 τούτους,

235 4142 340 4194 τὸν
376 4140 694 4192 Κελεστῖνον
727 4138 926 4209 δηλαδὴ
962 4140 1056 4191 καὶ
1091 4140 1381 4205 Πελάγιον,
1420 4144 1559 4209 μήτε
1591 4142 1813 4195 ἐπισκό-

236 4247 413 4291 πους,
450 4231 586 4297 μήτε
620 4228 1046 4298 πρεσϐυτέρους,
1084 4230 1218 4298 μήτε
1249 4229 1383 4292 ὅλως
1408 4230 1501 4283 τοῦ
1534 4230 1805 4301 ἱερατικοῦ

235 4317 505 4385 γενέσθαι
535 4318 813 4386 τάγματος
838 4333 851 4347 ·
884 4316 1000 4369 ἀλλ’
1023 4317 1226 4370 ὡσανεὶ
1256 4318 1585 4386 μονάζοντας
1617 4320 1810 4388 ὄντας,

1915 1918 2142 1973 quarum
2178 1917 2280 1957 una
2315 1913 2432 1958 erat
2475 1903 2639 1957 etiam
2683 1917 2800 1969 quae
2842 1902 3075 1966 dicebat,
3122 1903 3266 1971 quod
3319 1902 3459 1957 Dens

1916 1996 2061 2049 dedit
2086 1995 2244 2049 nobis
2273 1993 2499 2049 liberum
2539 1992 2845 2057 arbitrium,
2890 2002 3249 2060 utpossemus
3295 1992 3455 2046 etiam

1917 2084 2034 2138 sine
2083 2083 2261 2138 divina
2317 2082 2483 2151 gratia
2508 2082 2601 2135 Dei
2631 2082 2881 2135 mandata
2938 2081 3246 2149 complere:
3281 2081 3457 2134 divina

1915 2182 2094 2227 autem
2134 2171 2301 2240 gratia
2330 2169 2397 2224 ad
2428 2184 2489 2223 ea
2516 2168 2721 2222 facilius
2751 2166 3069 2236 perficienda
3121 2180 3275 2220 suum
3306 2165 3461 2220 nobis

1915 2260 2116 2329 praebet
2145 2259 2423 2312 auxilium.
2462 2256 2628 2329 648
2653 2254 2943 2311 Possemus
2973 2256 3114 2309 enim
3161 2255 3250 2306 illa
3299 2253 3458 2308 etiam

1917 2351 2032 2404 sine
2093 2349 2271 2405 divina
2321 2362 2479 2417 opem
2525 2347 2727 2401 ferente
2770 2347 2963 2415 gratia,
3018 2345 3110 2398 sed
3165 2343 3460 2402 diilicilius.

1915 2440 2157 2509 exsequi.
2186 2438 2255 2493 lis
2283 2452 2429 2507 ergo,
2458 2437 2546 2505 qui
2572 2436 2686 2491 haec
2713 2437 2917 2499 dicunt,
2942 2435 3225 2489 anathema
3257 2433 3462 2488 inducit

1914 2530 2174 2600 synodus,
2206 2542 2475 2593 asserens,
2524 2536 2692 2582 totum
2741 2526 2930 2596 gratiae
2969 2540 3093 2581 esse
3144 2523 3360 2588 divinae,
3398 2540 3462 2576 ac

1915 2620 2033 2674 sine
2094 2619 2182 2673 illa
2231 2617 2366 2673 nihil
2414 2632 2444 2670 a
2500 2616 2655 2671 nobis
2685 2625 2830 2670 recte
2881 2616 2968 2683 agi
3029 2627 3209 2683 posse.
3249 2611 3463 2667 Profert

1916 2719 2091 2762 autem
2122 2719 2173 2762 et
2198 2706 2561 2762 testimonium
2596 2703 2842 2772 .Dontini,
2893 2703 3121 2756 dicentis
3158 2719 3173 2756 :
3214 2699 3337 2755 Sine
3383 2718 3464 2753 me

1917 2797 2046 2849 nihil
2080 2797 2293 2850 omnino
2319 2796 2535 2863 potestis
2577 2794 2747 2863 facere
2770 2793 2850 2846 "z
2878 2806 3051 2859 neque
3088 2790 3242 2854 dixit,
3270 2790 3459 2857 inquit,

1916 2885 2095 2940 Facile
2126 2885 2302 2939 facere
2357 2899 2459 2938 non
2515 2881 2774 2951 potestis;
2836 2879 2949 2946 sed,
3010 2877 3163 2932 Nihil
3250 2878 3463 2945 potestis

1914 2975 2106 3043 facere.

1916 3068 2142 3123 ARIST.
2182 3085 2200 3119 ι
2241 3066 2340 3133 Qui
2376 3066 2653 3134 praedicat,
2688 3063 2829 3132 quod
2859 3070 2914 3117 et
2962 3074 3079 3116 sine
3124 3068 3296 3127 gratia
3325 3057 3463 3109 ditii-

1997 3177 2015 3209 ι
2057 3158 2215 3210 cilius
2240 3157 2475 3224 quidem.
2505 3155 2597 3209 sed
2646 3162 2824 3206 tamen
2855 3150 3131 3219 explemus
3174 3149 3420 3200 mandata
3446 3183 3460 3207 ,

1996 3266 2015 3298 ι
2064 3256 2145 3299 ter
2199 3243 2558 3300 exsecrandum
2600 3250 2685 3295 est
2738 3258 2753 3295 :
2813 3238 2943 3293 dicit
2993 3238 3134 3290 enirn
3184 3235 3461 3297 Dominus,

1996 3355 2015 3387 ι
2065 3334 2188 3391 Sine
2215 3351 2291 3388 me
2325 3333 2456 3387 nihil
2480 3333 2691 3386 omnino
2726 3330 2899 3397 facere
2937 3329 3174 3395 potestis.
3219 3346 3237 3379 ι

1992 3426 2204 3496 Pelagio
2226 3434 2277 3477 et
2297 3422 2561 3479 Celestino
2581 3427 2636 3476 et
2662 3418 2912 3475 Nestorio
2936 3419 3166 3498 absurda
3192 3416 3461 3484 sapiente,

1915 3513 2398 3574 consentientibus,
2448 3522 2501 3566 et
2534 3509 2818 3577 impiorum
2868 3505 3281 3560 Manichaeorum
3334 3505 3465 3571 dog-

1918 3616 2056 3661 mata
2080 3614 2135 3660 et
2163 3619 2224 3663 ea
2254 3618 2371 3673 quae
2392 3599 2627 3670 synodus
2649 3597 3075 3652 anathematizat
3104 3594 3463 3651 sentientibus

1916 3707 1972 3750 et
2023 3691 2459 3764 praedicantibus,
2513 3688 2604 3756 qui
2655 3687 2841 3742 eadem
2899 3686 3063 3741 sentit
3121 3684 3262 3737 inter
3303 3681 3464 3736 Citri-

1919 3786 2123 3839 stianos
2155 3796 2256 3836 non
2285 3780 2611 3839 collocatur,
2648 3776 2741 3829 sed
2788 3789 2853 3829 ex
2907 3772 3148 3829 Ecclesia
3195 3772 3464 3842 relegatur

1919 3884 1977 3926 nt
2003 3873 2233 3935 alienus,
2283 3880 2337 3923 et
2381 3870 2447 3920 ab
2476 3880 2539 3920 ea
2569 3867 2770 3933 pariter
2812 3872 2871 3918 et
2921 3863 3029 3917 Deo
3073 3861 3463 3932 segregabitur.

1918 3966 2115 4019 Dicunt
2165 3972 2342 4016 autem
2376 3956 2596 4027 quidam
2655 3956 2846 4023 impios
2896 3954 3035 4019 illos,
3067 3967 3258 4020 nempe
3308 3951 3466 4006 Cele-

1915 4055 2111 4109 stinum
2138 4060 2193 4106 et
2225 4048 2518 4116 Pelagium,
2552 4060 2652 4101 nec
2676 4047 2959 4114 episcopos
2988 4057 3089 4097 nec
3119 4043 3464 4109 presbyteros

1919 4156 2018 4197 nec
2044 4140 2263 4194 omnino
2299 4140 2363 4192 de
2387 4137 2579 4190 ordine
2608 4132 2925 4188 sacerdotali
2946 4129 3163 4195 fuisse;
3195 4130 3286 4184 sed
3311 4129 3465 4196 quasi

1918 4230 2207 4287 monachos
2227 4226 2564 4288 exsistentes,
2588 4230 2643 4277 et
2665 4223 2911 4277 civitates
2942 4228 3379 4289 pertranseuntes
3405 4228 3458 4271 et

1914 4319 2315 4376 consentientes
2334 4322 2523 4370 contra
2550 4314 2851 4375 veritatem,
2873 4312 2928 4365 in
2951 4309 3248 4364 Ecclesiam
3283 4320 3463 4363 autem

238 4410 333 4460 καὶ
361 4408 439 4459 διε
448 4408 742 4476 ρχομένους
763 4405 858 4467 τὰς
883 4407 1085 4468 πόλεις,
1112 4410 1203 4460 καὶ
1228 4409 1646 4476 συμφωνοῦντας
1669 4413 1810 4463 κατὰ

1916 4415 2254 4482 insurgentes
2312 4407 2416 4462 sub
2490 4402 2787 4473 Theophila
2830 4401 3165 4455 Alexandriae
3216 4400 3469 4468 episeOpu

235 4501 344 4565 τῆς
395 4496 680 4564 ἀληθείας,
727 4497 1134 4558 ὲπαναστάντας
1182 4498 1237 4549 δὲ
1278 4502 1343 4569 τῇ
1381 4501 1674 4572 Ἐκκλησία
1721 4503 1813 4555 ἐπὶ

234 4585 505 4652 Θεοφίλου
537 4585 629 4636 τοῦ
667 4585 964 4637 ἐπισκόπου
1000 4585 1424 4654 Ἀλεξανδρείας,
1460 4590 1550 4644 καὶ
1586 4591 1810 4644 Ἰνοκεν-

233 4678 360 4727 τίου
396 4674 490 4726 τοῦ
524 4674 769 4744 Ῥώμης,
801 4677 893 4726 καὶ
925 4677 1063 4744 μετὰ
1095 4675 1322 4739 πολλοὺς
1350 4679 1565 4746 ἀγῶνας
1594 4681 1687 4733 ὑπ’
1710 4682 1811 4733 αὐ·-

233 4767 352 4817 τιῖιν
392 4764 457 4833 δὴ
504 4765 610 4815 τῶν
656 4765 966 4817 ἐπισκόπων
1011 4766 1303 4835 ἐγγράφως
1346 4770 1807 4839 κατακριθέντας·

232 4861 392 4914 53m;
433 4854 563 4922 γοῦν
598 4855 630 4923 ἧ
666 4856 753 4906 τὸν
792 4856 963 4925 ’Λδάμ
1001 4857 1191 4922 θνητὸν
1224 4858 1283 4921 ἔξ
1322 4860 1495 4928 ἀρχῆς
1532 4860 1638 4911 ἀπὸ
1678 4859 1813 4915 Θεοῦ

234 4945 499 5013 γενέσθαι
538 4945 883 5013 δογματίζει,
924 4950 1012 4999 καὶ
1051 4948 1139 4998 διὰ
1182 4948 1425 5017 ἀνάγκην
1460 4949 1560 5017 τῆς
1602 4950 1814 5017 φύσεως

232 5035 662 5103 τεθνηξόμενον,
699 5036 798 5089 κᾶν
828 5054 883 5088 τε
914 5039 1157 5107 ἥμαρτε,
1192 5038 1292 5090 κᾶν
1324 5056 1380 5089 τε
1417 5040 1487 5107 μή
1515 5054 1527 5068 ·
1561 5040 1592 5108 ἢ
1625 5028 1691 5091 τᾶ
1722 5040 1813 5106 νή-

234 5144 343 5178 πια
379 5126 523 5190 λέγει
562 5126 635 5193 μὴ
666 5128 741 5187 είς
772 5126 966 5192 ἄφεσιν
997 5128 1280 5196 ἁμαρτιῶν
1315 5127 1706 5197 βαπτίζεσθαι,
1737 5129 1811 5193 ὡς

235 5216 416 5286 μηδὲν
455 5217 517 5265 ἐκ
557 5214 661 5280 τῆς
694 5216 786 5268 τοῦ
825 5215 994 5285 Ἀδὰμ
1037 5218 1367 5287 προγονικῆς
1411 5219 1681 5287 ἁμαρτίας
1720 5219 1808 5271 ἔλ-

234 5322 432 5362 κοντα’
480 5308 572 5360 καὶ
618 5307 787 5379 ταῦτα
828 5307 921 5361 τοῦ
963 5310 1280 5362 ιΑττοστόλου
1332 5311 1583 5379 βοῶντος.
1611 5312 1685 5373 ὡς
1726 5310 1806 5364 Δι’

227 5398 382 5460 ἐνὸς
426 5376 737 5461 ἀνθρὼἐου
782 5399 818 5464 ἡ
858 5399 1109 5467 ἁμαρτία
1151 5401 1238 5465 εις
1278 5376 1380 5453 τιίν
1418 5401 1645 5468 κόσμον
1683 5404 1811 5454 eiu“

230 5489 427 5558 ἦλθε,
468 5488 564 5541 καί
601 5489 698 5542 διὰ
733 5490 837 5556 τῆς
871 5492 1157 5559 ἁμαρτίας
1190 5496 1221 5546 ό
1256 5494 1539 5557 θάνατος·
1580 5496 1611 5562 ἢ
1651 5495 1808 5546 πάλιν

313 5667 362 5696 ⁸³
392 5664 557 5719 Jun.
592 5682 676 5726 λγ,
715 5666 766 5717 Ii.

1915 4513 1969 4557 et
2002 4496 2311 4555 Innocentio
2346 4496 2554 4558 Romae,
2587 4501 2640 4548 et
2669 4503 2792 4561 post
2844 4489 3011 4543 multa
3062 4488 3360 4544 certamina
3403 4488 3471 4540 ab

1916 4598 2048 4663 ipsis
2075 4593 2240 4650 etiam
2269 4586 2542 4660 episcopis
2588 4582 2808 4652 scriptis
2852 4580 3017 4635 fuisse
3066 4579 3467 4632 condemnatos.

1916 4687 2235 4753 Quicunque
2266 4694 2395 4749 ergo
2422 4678 2686 4731 Adamum
2719 4687 2749 4726 a
2781 4672 2889 4726 Deo
2934 4669 3213 4724 mortalem
3271 4666 3469 4720 factum

1917 4776 2080 4829 fuisse
2102 4774 2280 4833 docet,
2307 4778 2361 4821 et
2380 4782 2476 4837 per
2496 4774 2699 4818 natura:
2725 4761 3102 4817 necessitatem
3128 4757 3468 4817 moriturum,

1918 4866 2034 4921 sive
2062 4867 2361 4933 peccasset,
2399 4857 2513 4914 sive
2543 4869 2646 4910 non
2670 4892 2685 4917 ,
2722 4863 2813 4906 aut
2844 4850 3076 4904 infantes
3110 4863 3217 4902 non
3260 4847 3317 4900 iu
3345 4861 3458 4914 ροσε

1919 4966 2159 5010 calorum
2196 4948 2573 5005 remissionem
2628 4944 2930 5013 baptizatos
2961 4942 3111 5007 dicit,
3161 4948 3219 4993 ut
3266 4938 3394 4991 nihil
3442 4955 3469 4988 τι

1917 5042 2188 5112 primitivo
2230 5037 2419 5092 Adami
2464 5040 2687 5103 peccato
2736 5028 3097 5090 attrahentes;
3155 5038 3275 5078 cum
3330 5024 3471 5089 Apo-

1916 5134 2084 5189 stolus
2104 5132 2216 5185 ltazc
2227 5130 2444 5187 clamet,
2473 5123 2612 5192 quod
2630 5138 2719 5189 per
2748 5135 2908 5173 unum
2926 5118 3181 5170 hominem
3201 5124 3470 5181 peccatum

1917 5226 1971 5277 in
2006 5222 2256 5276 mundum
2290 5218 2447 5281 venit,
2479 5225 2527 5269 et
2557 5230 2648 5283 per
2690 5221 2956 5281 peccatum
2988 5223 3164 5269 mors;
3198 5206 3277 5259 vel
3308 5204 3469 5258 etiam

1918 5315 2082 5369 sentit
2110 5312 2432 5379 baptismum
2460 5315 2802 5376 peccatorum
2828 5301 3044 5372 quidem
3097 5297 3466 5352 remissionem

1920 5402 2127 5469 largiri,
2166 5415 2268 5454 non
2300 5407 2475 5451 autem
2512 5407 2567 5450 et
2590 5394 2759 5464 prmbc
2774 5409 2826 5446 re
2858 5390 3113 5446 auxilium
3150 5402 3216 5440 nc
3243 5383 3468 5451 amplius

1919 5504 2189 5561 pvccctnr,
2221 5490 2311 5545 SCtl
2344 5498 2527 5542 nostro
2571 5486 2683 5539 sulu
2738 5489 2929 5535 conatu
2987 5479 3112 5533 illud
3154 5473 3421 5530 emendari
3447 5510 3465 5536 ,
