4136 6468
620 364 725 422 375

1836 361 1936 419 Τι]
1949 359 2113 419 EOD.
2145 357 2374 417 BALSA
2387 357 2543 417 310V

3751 362 3853 425 37G

623 473 708 525 \‘cl
759 468 887 524 illud
937 471 1098 525 etiam
1157 469 1415 534 admittit,
1463 478 1517 526 et
1578 470 1670 523 Dei
1706 470 1936 539 gratiam
1977 485 2074 523 nos
2103 470 2185 528 _ad

2319 472 2480 535 »ρονεῐ
2507 468 2566 519 τὸ
2597 467 2880 538 βάπτισμα
2911 468 3018 520 τῶν
3052 469 3154 538 μὲν
3185 470 3286 540 ἢδη
3320 469 3734 540 ἡμαρτημένων
3763 473 3866 525 δωο

625 560 877 614 mandata
911 559 1078 628 ipsius
1101 561 1362 628 explenda
1411 561 1666 629 adjuvare
1718 561 2048 625 arbitratur;
2088 561 2184 614 sed

627 648 805 709 docet,
837 647 978 715 quod
1005 659 1058 702 et
1088 650 1202 704 sine
1233 651 1406 718 gratia
1437 665 1500 704 ea
1550 651 1813 718 perlicere
1871 664 2183 720 possumus.

2296 563 2505 632 ρεῖσθαι
2537 562 2764 628 ἄφεσιν,
2800 565 2874 630 μὴ
2908 561 3169 631 παρέχειν
3199 563 3255 616 δὲ
3291 561 3540 632 βοήθειαν
3573 563 3670 614 καὶ
3705 564 3783 624 είς
3809 566 3870 617 τδ

2296 649 2493 718 μηκέτι
2525 647 2861 716 ἁμαρτῆσαι,
2893 647 3006 700 ἀλλ’
3033 649 3090 713 ἐξ
3122 650 3397 718 ἡμετέρας
3428 650 3600 720 μόνης
3632 653 3867 723 σπουδῆς

624 739 718 792 sed
749 753 868 791 cum
898 737 1209 794 ditlicultate
1238 756 1252 796 :
1291 742 1357 794 sit
1392 743 1699 795 anathema.
1733 741 1845 795 Nec
1883 742 2025 795 enim
2053 740 2188 794 dixit

2319 738 2450 790 ςοῦτο
2480 737 2875 807 κατορθοῦσθαι
2899 756 2913 769 ο
2949 739 2982 808 ἢ
3019 741 3112 792 καὶ
3141 739 3298 793 τοῦτο
3331 740 3428 810 μὶν
3457 741 3865 811 παραδέχεται,

626 827 904 892 Dominus,
938 831 1078 898 quod
1110 829 1238 884 Sine
1273 846 1358 883 me
1400 846 1461 884 ea
1512 831 1796 885 diﬂicuiter
1835 831 2058 899 potestis
2109 831 2188 882 fa-

625 931 778 986 cere;
811 920 901 974 sed
938 920 1077 989 quod
1108 920 1232 974 Sine
1261 937 1340 974 me
1370 921 1502 974 nihil
1535 923 1753 990 potestis
1782 924 1978 992 facere.

2295 830 2390 881 καὶ
2424 829 2520 900 τὴν
2556 829 2650 882 τοῦ
2685 829 2822 882 Θεοῦ
2859 831 3018 900 χάριν
3049 830 3264 895 δοξάζει
3306 831 3576 900 ἐνισχύειν
3609 833 3757 900 ἡμᾶς
3791 835 3870 896 εἰς

2298 923 2358 973 τὸ
2390 922 2486 984 τὰς
2525 922 2740 984 ἐντολὰς
2783 921 3088 991 ἐκπληροῦν
3109 938 3124 954 ·
3156 922 3395 976 διδάσκει
3425 924 3480 977 δὲ
3513 925 3588 986 ὡς
3622 926 3716 978 καὶ
3748 925 3870 995 δίχα

625 1013 725 1078 τῆς
759 1013 975 1082 χάριτος
1007 1012 1298 1082 κατορθούι
1332 1015 1499 1076 αῦτὰς
1531 1014 1865 1083 ἠδυνάμεθα,
1927 1013 2064 1083 πλὴν
2131 1012 2268 1082 μετὰ
2300 1013 2634 1082 δυσχερείας,
2667 1014 2781 1082 ἤτω
2814 1014 3077 1081 ἀνάθεμα.
3113 1015 3246 1067 Ούδδ
3282 1016 3389 1085 γὰρ
3423 1010 3578 1069 εἶπεν
3606 1017 3634 1070 6
3666 1017 3871 1087 Κύριος

631 1109 704 1171 ὡς
731 1107 912 1174 Χωρὶς
939 1108 1073 1176 ἐμοῦ
1098 1109 1378 1178 δυσχερῶς
1401 1111 1629 1163 δύνασθε
1657 1116 1828 1165 ποιεῖν
1852 1111 2044 1174 αὐτὰς,
2069 1109 2206 1175 ἀλλ’,
2236 1108 2317 1162 ὅτι
2349 1110 2532 1178 Χωρὶς
2567 1111 2712 1179 ἐμοῦ
2745 1110 2927 1164 οὐδὲν
2953 1111 3221 1166 δύνασθε
3256 1110 3469 1166 ποιεῖν.

1195 1201 1422 1258 CANON
1470 1206 1632 1260 CXV.

2867 1202 3106 1256 ΚΑΝΩΝ
3145 1204 3293 1256 PlE‘.

640 1311 656 1342 s
706 1292 858 1359 Quod
894 1311 998 1348 non
1031 1296 1201 1349 solum
1236 1297 1476 1362 humilis,
1504 1299 1596 1352 scd
1627 1300 1790 1352 etiam
1820 1313 1946 1352 vera
1973 1307 2052 1352 est
2083 1298 2195 1351 lucc

2346 1295 2469 1348 Ὀτι
2502 1297 2561 1348 ού
2603 1297 2761 1363 μόνον
2793 1295 3056 1364 ταπεινὴ,
3093 1295 3228 1348 ἀλλὰ
3261 1294 3355 1347 καὶ
3389 1293 3619 1364 ἀληθινὴ
3653 1299 3686 1365 ή
3721 1295 3876 1366 φωνὴ

711 1403 728 1433 ε
774 1401 873 1438 vox
910 1396 1260 1441 sanctorum:
1294 1386 1349 1441 Si
1385 1388 1682 1443 dixerimus
1725 1391 1864 1456 quod
1916 1398 2193 1457 peccatum

713 1493 728 1522 ι
781 1490 883 1527 non
919 1476 1200 1540 habemus,
1228 1491 1322 1530 nos
1367 1478 1510 1545 ipsos
1545 1479 1878 1532 seducimus.
1934 1479 2195 1532 Similiter

712 1584 727 1613 ε
775 1566 996 1633 placuit,
1027 1575 1086 1619 ut
1116 1567 1256 1634 quod
1305 1567 1440 1619 dixit
1493 1579 1712 1621 sanctus
1767 1565 2004 1623 Joannes
2055 1583 2187 1637 apo-

715 1676 730 1704 ε
779 1657 948 1710 stolus
983 1675 994 1710 :
1029 1655 1088 1710 Si
1120 1658 1425 1722 dixerimus,
1456 1659 1592 1724 quod
1643 1668 1915 1725 peccatum
1960 1675 2063 1710 non
2096 1660 2194 1710 Ita-

713 1765 730 1794 ι
777 1749 974 1813 bemus,
1011 1766 1109 1801 nos
1135 1749 1277 1817 ipsos
1302 1748 1617 1812 seducimns,
1649 1757 1697 1800 et
1726 1750 1919 1802 veritas
1965 1751 2021 1802 in
2045 1751 2192 1803 nobis

717 1859 734 1888 ε
777 1856 877 1892 non
904 1851 977 1892 est
1003 1841 1085 1903 ";
1121 1842 1433 1908 quicunque
1463 1841 1541 1894 sic
1593 1841 1964 1909 accipiendum
1999 1842 2194 1896 existi-

715 1947 732 1980 ι
777 1931 1022 1993 maverit,
1053 1939 1108 1983 ut
1135 1931 1276 1984 dicat
1306 1945 1400 1997 per
1447 1930 1808 1984 humilitatem
1866 1947 1971 1984 non
1999 1932 2195 1986 debere

720 2020 954 2073 :dicere
1009 2033 1108 2074 nos
1139 2037 1246 2073 non
1302 2021 1503 2074 habere
1559 2031 1862 2089 peccatum,
1918 2038 2021 2076 non
2053 2025 2196 2090 quod

719 2128 735 2160 ε
777 2124 901 2163 vere
930 2111 1002 2164 ita
1031 2119 1132 2173 est,
1165 2111 1236 2164 sit
1277 2116 1586 2164 anathema.
1645 2111 1998 2180 Prosequitur
2053 2113 2194 2166 enim

715 2221 732 2252 ε
775 2201 1069 2270 apostolus.
1105 2214 1158 2255 et
1182 2202 1260 2256 sic
1291 2201 1569 2272 subiungit
1609 2223 1621 2256 :
1656 2202 1748 2257 Sin
1777 2213 1949 2255 autem
1981 2213 2196 2271 peccata

720 2310 736 2340 s
781 2300 958 2344 nostra
991 2292 1216 2362 confessi
1264 2294 1544 2359 fuerimus,
1600 2294 1770 2360 ﬁdelis
1810 2303 1886 2347 est
1922 2302 1971 2346 et
2019 2293 2198 2362 justus

718 2399 735 2432 ι
777 2381 867 2450 qui
900 2393 1116 2450 peccata
1148 2383 1294 2436 nobis
1336 2386 1586 2450 remittet,
1616 2394 1664 2438 et
1694 2385 1942 2454 {Iurgabit
1993 2401 2087 2440 nos
2135 2387 2198 2438 ab

720 2488 736 2518 ε
782 2475 926 2524 omni
976 2473 1333 2541 injustitia".
1393 2474 1496 2530 Ubi
1547 2475 1707 2544 plane
1759 2484 2035 2530 ostensum
2093 2486 2198 2541 est,

724 2581 741 2613 ι
786 2563 890 2617 hoc
921 2578 1031 2618 non
1064 2564 1236 2620 solum
1271 2565 1566 2629 humiliter,
1601 2566 1696 2621 sed
1729 2566 1891 2620 etiam
1918 2582 2042 2622 vere
2073 2569 2198 2622 dici.

723 2670 740 2700 ε
784 2650 1000 2706 Poterat
1032 2654 1173 2706 enirn
1208 2655 1485 2722 apostolus
1525 2657 1741 2713 dicere:
1787 2660 1844 2714 Si
1879 2660 2200 2723 dixerimus,

724 2759 740 2790 ε
786 2741 927 2808 quod
957 2751 1240 2810 peccatum
1279 2756 1382 2796 non
1414 2743 1694 2801 habemus.
1726 2762 1822 2801 nos
1851 2751 1996 2814 ipsos
2025 2749 2201 2801 extol-

727 2851 742 2878 σ
794 2831 974 2893 limus,
1028 2839 1082 2884 et
1134 2831 1410 2886 humilitas
1480 2849 1587 2888 non
1641 2847 1722 2889 cst
1775 2838 1826 2889 in
1878 2839 2032 2892 nobis
2065 2857 2078 2892 :
2111 2840 2202 2893 sed

732 2944 747 2974 ι
791 2938 911 2978 cum
950 2923 1104 2988 dixit,
1138 2923 1248 2976 Nos
1279 2927 1417 2993 ipsos
1445 2927 1762 2990 seducimus,
1792 2937 1872 2990 et,
1904 2928 2020 2981 Non
2050 2930 2202 2982 estin

726 3032 741 3061 ε
785 3013 931 3066 nobis
965 3015 1197 3075 veritas;
1231 3025 1412 3081 aperte
1456 3015 1688 3068 ostendit
1745 3017 1990 3084 eumqui
2049 3016 2200 3079 dicit,

2364 1406 2381 1436 ε
2428 1387 2534 1439 τῶν
2563 1386 2732 1453 ἁγίων
2759 1387 2910 1438 ἐστὶν
2939 1385 3078 1453 αὕτη
3103 1402 3117 1415 θ
3152 1387 3277 1438 Ἐὰν
3307 1386 3552 1454 εἴπωμεν
3571 1385 3653 1437 δτι
3685 1387 3874 1454 ἁμαρ-

2369 1495 2386 1526 ι
2433 1477 2556 1529 τίαν
2602 1478 2700 1529 ούκ
2745 1477 2976 1544 ἔχομεν,
3021 1475 3247 1536 ἑαυτοὺς
3292 1474 3602 1542 πλανῶμεν.
3639 1474 3880 1541 Ὁμοίως

2375 1585 2393 1618 ε
2441 1569 2656 1636 ἧρεσεν,
2689 1569 2777 1620 ἵνα
2804 1570 2943 1635 ὅπερ
2973 1562 3126 1620 εἶπεν
3154 1568 3182 1618 6
3211 1567 3361 1631 ἅγιος
3396 1565 3648 1634 Ἰωάννης
3676 1568 3706 1618 6
3735 1565 3881 1618 ἁπό-

2379 1677 2396 1710 ‹
2447 1660 2626 1719 στολος
2653 1674 2668 1690 ⁸
2712 1660 2851 1712 Ἐὰν
2875 1661 3132 1726 ειπωμεν
3154 1657 3243 1710 ὅτι
3273 1658 3562 1725 ἁμαρτίαν
3603 1659 3716 1710 οὐκ
3745 1657 3884 1722 ἕχο-

2379 1768 2395 1799 ε
2433 1765 2568 1816 μεν,
2624 1749 2877 1815 ἑαυτοὺς
2909 1748 3246 1817 ἁπατῶμεν,
3288 1747 3384 1800 καὶ
3435 1748 3684 1812 ἀλήθεια
3737 1748 3886 1815 ἡμῖν

2375 1859 2392 1890 ι
2437 1844 2546 1894 οὐκ
2603 1841 2810 1895 ἔστιν·
2884 1841 3239 1909 όττισδήποτε
3286 1840 3434 1891 οὔτω
3490 1839 3884 1908 παραληπτέον

2373 1950 2392 1982 s
2440 1933 2674 2001 νομίσει,
2700 1934 2772 1994 ὡς
2797 1934 2971 1984 εἰπεῖν
2993 1932 3083 1984 διὰ
3101 1929 3604 1999 ταπεινοφροσύνην
3630 1929 3706 1999 μὴ
3728 1930 3882 1998 ὀφεί-

2374 2039 2392 2072 s
2439 2021 2550 2073 λειν
2581 2021 2831 2090 λέγεσθαι
2861 2023 3008 2090 ἡμᾶς
3047 2022 3120 2089 μὴ
3156 2020 3299 2088 εχειν
3333 2020 3629 2089 ἁμαρτίαν,
3659 2018 3763 2088 οὐχ
3798 2020 3882 2072 ὅτι

2375 2130 2393 2162 ε
2439 2112 2653 2180 ἀληθῶς
2684 2110 2858 2174 οὓτως
2893 2111 3075 2170 ἐστὶν,
3110 2109 3362 2180 ἀνάθεμα
3394 2109 3501 2179 εἴη.
3539 2109 3882 2162 Ἐπακολουο

2377 2221 2394 2253 ι
2441 2203 2526 2255 θεῖ
2559 2203 2667 2270 γὰρ
2698 2205 2724 2253 6
2755 2202 3052 2263 ἀπόστολος
3084 2202 3177 2254 καὶ
3214 2200 3644 2268 προσζεύγνυσιν
3672 2198 3883 2263 οὕτως’

2376 2313 2394 2347 ι
2434 2295 2566 2348 Ἐὰν
2593 2291 2660 2348 δὲ
2699 2293 3169 2363 ὁμολογήσωμεν
3207 2293 3314 2356 τὰς
3367 2291 3654 2359 ἁμαρτίας
3680 2290 3878 2358 ἡμῶν,

2377 2405 2395 2438 ε
2444 2389 2654 2451 πιστός
2686 2386 2814 2438 ἐστι
2857 2384 2950 2438 καὶ
2985 2384 3234 2450 δίκαιος,
3282 2383 3456 2446 ὅστις
3482 2380 3705 2449 ἀφήσει
3739 2382 3890 2448 ἡμῖν

2380 2496 2398 2526 ε
2443 2480 2546 2541 τὰς
2577 2477 2882 2544 ἁμαρτίας,
2906 2477 3002 2529 καὶ
3033 2474 3341 2540 καθαρίσει
3368 2471 3520 2539 ἡμᾶς
3537 2471 3654 2523 ἀπὸ
3678 2469 3887 2536 πάσης

2380 2585 2398 2617 s
2445 2567 2700 2631 ἀδικίας.
2731 2567 2898 2619 Ἔνθα
2939 2567 3076 2620 πάνυ
3117 2565 3414 2633 δεδήλωται
3445 2562 3601 2615 τοῦτο
3627 2561 3701 2631 μὴ
3727 2562 3890 2630 μόνον

2380 2676 2398 2706 ε
2445 2658 2902 2723 ταπεινοερρόνως,
2926 2655 3040 2707 ἀλλ’
3064 2654 3142 2705 ἔτι
3173 2653 3278 2722 μὴν
3305 2652 3573 2717 ἀληθινῶς
3597 2649 3885 2716 λέγεσθαι.

2381 2767 2399 2798 ι
2439 2748 2696 2801 ’Πὸύνατο
2722 2746 2829 2812 γὰρ
2856 2748 2880 2797 6
2907 2745 3202 2806 ἀπόστολος
3229 2745 3427 2807 εἰπεῖν,
3461 2742 3589 2795 Ἐὰν
3614 2741 3888 2809 εἴπωμεν.

2381 2860 2402 2890 ε
2447 2841 2559 2892 Οὐκ
2595 2839 2789 2908 ἔχομεν
2823 2836 3119 2906 ἁμαρτίαν.
3157 2835 3382 2895 ἑαυτοὺς
3419 2831 3746 2901 ἐξυψοῦμεν,
3787 2833 3887 2884 καὶ

2382 2949 2399 2980 ι
2446 2929 2914 2998 ταπεινοφροσύνη
2951 2929 3005 2979 ἐν
3035 2929 3167 2995 ἡμῖν
3196 2929 3294 2978 ούκ
3329 2925 3475 2977 ἐστιν
3503 2941 3516 2955 '
3549 2924 3664 2978 ἀλλ’
3690 2924 3887 2981 εἰπὼν,

2384 3040 2400 3070 ε
2442 3019 2722 3084 Ἑαυτοὺς
2737 3017 3070 3085 ἀπατῶμεν,
3092 3017 3206 3080 καὶ,
3231 3016 3498 3082 Ἀλήθεια
3523 3015 3592 3067 ἐν
3615 3014 3756 3082 ἡμῖν
3780 3016 3897 3066 οὐκ

729 3123 746 3152 ‹
793 3118 849 3156 se
880 3118 985 3157 non
1025 3104 1222 3158 habere
1255 3115 1560 3174 peccatum,
1591 3120 1691 3159 non
1717 3120 1841 3160 vere
1885 3106 2084 3172 dicere,
2112 3107 2205 3160 sed

2390 3129 2406 3161 ι
2455 3112 2622 3174 ἔστι,
2670 3112 2810 3162 πάνυ
2863 3109 3109 3173 ἀπέδειξε
3162 3108 3250 3158 τὸν
3296 3107 3521 3171 λέγοντα
3575 3106 3765 3158 ἑνυτδιν
3819 3109 3896 3173 μὴ

727 3213 745 3243 ε
794 3195 1029 3248 mentiri.
1069 3213 1086 3243 ι

721 3284 914 3337 BALS.
960 3296 1012 3338 et
1050 3282 1300 3338 ZONAR.
1337 3285 1561 3352 Quidam
1606 3289 1656 3340 id
1698 3287 1838 3356 quod
1888 3288 2016 3341 dicit
2071 3289 2212 3357 Apo-

651 3375 857 3429 s’olus:
907 3373 964 3429 Si
1016 3374 1332 3437 dixerimus,
1379 3378 1518 3445 quod
1568 3389 1839 3445 peccatum
1903 3395 2006 3432 non
2053 3379 2211 3432 habe-

2391 3221 2410 3252 ε
2457 3202 2601 3270 ἔχειν
2623 3201 2917 3268 ἁμαρτὲαν,
2951 3199 3021 3266 μὴ
3045 3198 3346 3265 ἀληθεύειν,
3371 3196 3503 3248 ἀλλὰ
3525 3195 3840 3263 ψεύδεσθαι.
3871 3217 3890 3248 s

2385 3289 2580 3342 ΒΑΛΣ.
2620 3287 2712 3339 καὶ
2749 3287 2901 3339 ΖΩΝ.
2936 3287 3093 3346 Τινὲς
3128 3285 3188 3337 τὸ
3221 3283 3578 3337 ἁποστολικδν
3613 3286 3799 3354 ῥητὸν,
3836 3287 3901 3336 τὸ

2312 3379 2492 3446 λέγον,
2527 3377 2670 3431 Ἐὰν
2701 3377 2980 3444 ετπωμεν,
3022 3377 3339 3443 Ἀμαρτίαν
3369 3376 3478 3428 οὐκ
3497 3374 3734 3442 ἔχομεν.
3753 3375 3896 3429 ἐαυ-

655 3483 791 3531 mus,
831 3482 923 3519 nos
949 3467 1086 3534 ipsos
1113 3467 1406 3522 seducimus
1435 3485 1453 3522 :
1480 3469 1556 3523 sic
1583 3481 1926 3538 acceperunt,
1951 3471 2090 3538 quod
2122 3483 2210 3536 per

2319 3470 2456 3530 τοὺς
2489 3466 2828 3534 ἀπατῶμεν,
2863 3467 3032 3528 οὕτως
3067 3464 3513 3533 ἐξελαμσάνοντο,
3550 3466 3631 3516 ὅτι
3665 3464 3753 3516 διὰ
3790 3481 3894 3516 τας

661 3557 1014 3610 ιεειηίιὶιοιοηι
1058 3558 1157 3612 hoc
1187 3568 1398 3626 oportet
1429 3560 1630 3623 dicere,
1661 3577 1764 3614 non
1790 3575 1884 3629 per
1911 3563 2212 3614 veritatem.

659 3647 766 3701 lius
795 3662 940 3717 ergo,
968 3648 1056 3715 qui
1110 3649 1336 3714 apostoli
1381 3649 1585 3702 dictum
1640 3652 1716 3704 sic
1766 3652 2212 3718 interpretantur,

658 3739 1001 3791 anathemate
1054 3743 1412 3792 condemnant
1469 3739 1634 3809 659
1691 3741 1920 3805 Patres,
1977 3743 2216 3797 dicentes

658 3828 799 3896 quod
831 3842 894 3881 ex
927 3829 1169 3895 proxime
1192 3831 1542 3895 sequentibus
1576 3829 1824 3898 Epistolae
1853 3833 2034 3886 verbis
2071 3834 2216 3887 clare

661 3918 962 3973 ostenditur
1017 3917 1240 3985 apostoli
1304 3920 1598 3984 sententia,
1653 3921 2034 3989 subjungeutis
2069 3941 2082 3976 :
2122 3923 2216 3978 Sin

663 4019 832 4063 autem
865 4010 1208 4076 conﬁteantur
1241 4021 1455 4076 peccata
1484 4023 1685 4075 nostra,
1719 4023 1774 4066 et
1800 4029 1919 4082 quae
1963 4015 2218 4084 deinceps

666 4111 987 4168 sequuntur.
1012 4098 1131 4153 Jam
1168 4115 1294 4154 vero
1329 4101 1493 4154 David
1533 4117 1747 4172 quoque
1780 4104 1911 4159 dicit
1942 4125 1954 4160 :
1999 4107 2062 4159 In
2097 4123 2217 4170 pec-

665 4193 796 4245 ratis
823 4190 1054 4258 concepit
1079 4207 1156 4244 me
1186 4201 1352 4243 mater
1372 4207 1482 4244 mea
1507 4194 1572 4246 “.
1604 4192 1715 4246 Nisi
1739 4195 1879 4248 enim
1913 4197 1994 4250 lex
2022 4199 2219 4264 nuptiis

664 4296 818 4350 opem
846 4281 1033 4346 ferret,
1066 4284 1240 4335 coitus
1288 4292 1565 4350 peccatum
1614 4284 2043 4350 existimaretur,
2095 4289 2216 4342 libi.

665 4376 842 4428 dinem
872 4373 1160 4442 carnisque
1191 4372 1571 4440 appetitionem
1612 4374 1835 4438 habens,
1875 4393 1995 4445 qua:
2041 4379 2215 4447 ipsum

2317 3556 2750 3626 πεινοφροσύνην
2784 3557 2862 3608 δεῖ
2897 3556 3056 3608 τοῦτο
3095 3556 3296 3621 λέγειν,
3335 3556 3426 3607 καὶ
3469 3555 3528 3605 ού
3575 3555 3710 3623 πρὸς
3754 3552 3894 3622 ἀλήο

2317 3649 2486 3700 θειαν.
2518 3649 2656 3709 Τοὺς
2685 3646 2777 3699 οὖν
2801 3647 2972 3708 οὕτως
3002 3646 3398 3714 ἐρμηνεύοντας
3427 3643 3492 3695 τὰ
3521 3644 3788 3712 εἰρημένα
3816 3644 3898 3712 τῷ

2330 3739 2640 3808 Ἀποστόλῳ
2684 3737 2984 3805 ἁναθέματι
3029 3736 3484 3798 καταδικάζουσιν
3523 3737 3571 3788 oi
3617 3736 3896 3804 Πατέρες,

2317 3830 2564 3895 λέγοντες
2605 3831 2686 3881 ὅτι
2729 3831 2793 3880 ἐκ
2831 3828 2937 3878 τῶν
2981 3827 3108 3893 ἐξῆς
3153 3828 3414 3894 ῥημάτων
3455 3827 3552 3893 τῆς
3586 3827 3898 3890 ἐπιστολῆς

2317 3920 2588 3972 δείκνυται
2634 3918 2912 3988 προδήλως
2953 3918 3044 3969 τοῦ
3090 3917 3464 3986 ἀποστόλου-ἡ
3514 3916 3731 3981 ἔννοια,
3790 3918 3897 3968 ἐπ-

2320 4012 2560 4077 άγοντος·
2581 4013 2712 4063 Ἐὰν
2728 4009 2793 4062 δὲ
2807 4009 3270 4078 ὁμολογήσωμεν
3286 4009 3388 4072 τὰς
3400 4009 3689 4075 ἁμαρτίας
3703 4005 3896 4074 ἡμῶν,

2320 4106 2412 4156 καὶ
2447 4103 2546 4155 ὅσα
2588 4103 2805 4172 ἐφεξῆς.
2845 4103 2952 4154 Καὶ
2986 4104 3014 4153 6
3048 4100 3211 4153 Δαὸὶδ
3248 4101 3304 4152 δὲ
3348 4100 3532 4165 λέγει·
3572 4100 3672 4150 Ἑν
3712 4097 3903 4165 ἀμαρ-

2320 4195 2468 4259 τιάις
2501 4193 2797 4260 ἐκίσσησέ
2827 4208 2901 4259 με
2934 4193 2971 4258 ἠ
3001 4191 3197 4258 μήτηρ
3228 4207 3366 4255 μου.
3400 4189 3459 4240 Et
3495 4186 3570 4255 μὴ
3603 4185 3709 4253 γὰρ
3745 4188 3772 4236 6
3806 4187 3896 4237 v6-

2325 4303 2420 4353 μος
2468 4285 2759 4354 ἐπεκούρει
2800 4284 2874 4351 τῷ
2919 4283 3102 4352 γάμῳ,
3148 4280 3391 4350 ἁμαρτία
3435 4282 3500 4332 ἂν
3545 4277 3820 4344 ἐλογίζετο
3864 4279 3896 4346 ἡ

2327 4377 2470 4446 μίξις
2492 4416 2507 4438 ,
2543 4375 2899 4446 φιλοσαρκίαν
2935 4376 3029 4430 καὶ
3067 4373 3244 4444 ὄρεξιν
3278 4370 3546 4441 σαρκικὴν
3582 4370 3773 4439 ἔχουσα
3816 4385 3899 4419 κι-

666 4467 937 4530 iucitaret,
972 4467 1180 4520 etiamsi
1242 4466 1533 4519 liberorum
1561 4469 1731 4535 gratia
1767 4442 1939 4523 ﬁeret.
1978 4442 2210 4537 Et'ideo,

2325 4467 2522 4519 νοῦσαν
2551 4471 2627 4528 εἰς
2661 4469 2857 4534 αὐτὴν,
2895 4468 2998 4520 κᾶν
3027 4466 3114 4518 διὰ
3149 4463 3494 4519 παιδοποιίαν
3527 4463 3770 4529 γένηται.
3804 4460 3900 4512 Διδ

667 4558 733 4610 In
758 4559 1006 4624 peccatis,
1045 4559 1176 4612 dixit
1227 4557 1413 4621 David,
1467 4560 1700 4626 concepit
1751 4577 1830 4613 me
1887 4574 2055 4616 mater
2085 4581 2220 4619 mea.

674 4651 730 4704 Si
766 4651 908 4704 enim
944 4649 1120 4702 carnis
1148 4648 1492 4716 cupiditatem
1535 4662 1750 4701 causam
1787 4650 1978 4704 habeat
2029 4667 2220 4720 corpo-

671 4757 787 4795 tum
818 4740 1112 4809 generatio,
1145 4740 1267 4792 talia
1304 4747 1426 4790 sunt
1452 4739 1671 4793 omnino
1715 4749 1771 4794 et
1815 4756 1933 4810 qua:
1981 4758 2042 4796 ex
2095 4746 2224 4814 ipsis

668 4840 1008 4897 generantur.

669 4920 892 4974 ARIST.
932 4940 950 4971 ε
991 4921 1114 4986 Qui,
1161 4920 1430 4989 'l‘ltcologo
1476 4920 1686 4975 dicente
1728 4940 1740 4974 :
1778 4940 1795 4972 ε
1825 4921 1882 4976 Si
1906 4923 2220 4988 dixerimus,

744 5028 762 5060 ε
806 5014 946 5078 quod
977 5022 1258 5079 peccatum
1311 5015 1362 5066 in
1405 5013 1558 5066 nobis
1581 5028 1688 5066 non
1721 5022 1822 5077 e5t,
1868 5016 2226 5082 nosmetipsos

744 5120 764 5152 ε
807 5101 1156 5165 sedueimus;
1187 5119 1203 5152 ι
1228 5103 1603 5168 interpretatur
1631 5112 1686 5154 ut
1708 5117 1810 5156 non
1833 5118 1975 5167 vere,
2007 5104 2100 5156 sed
2131 5105 2226 5156 ltu-

749 5211 766 5240 ε
811 5192 1005 5245 militer
1032 5193 1132 5245 hoc
1158 5193 1356 5245 dixerit
1388 5210 1400 5245 :
1436 5193 1714 5255 anathema
1767 5195 1855 5248 sit.
1893 5212 1910 5244 ι

747 5282 1188 5350 Quandoquidem
1213 5296 1397 5335 oumes
1427 5299 1610 5337 sumus
1636 5284 1686 5337 in
1716 5286 1966 5351 peccatis,
1993 5295 2045 5338 et
2073 5300 2228 5338 nemo

678 5387 895 5438 purusa
930 5373 1195 5432 sordibus.
1234 5374 1443 5426 etiamsi
1479 5389 1614 5427 unus
1658 5376 1772 5428 dies
1817 5386 1926 5428 tota
1974 5378 2045 5428 sit
2088 5376 2228 5430 illius

682 5467 785 5518 vita
822 5484 834 5518 :
870 5464 1198 5518 anathemati
1221 5465 1486 5518 obnoxius
1513 5476 1614 5529 est,
1650 5468 1739 5535 qui
1764 5467 1918 5531 dicit,
1950 5467 2228 5523 humiliter

681 5565 734 5608 et
765 5573 865 5608 nou
893 5570 1019 5608 vere
1045 5557 1111 5607 ab
1138 5555 1378 5624 apostolo
1405 5555 1506 5610 dici
1539 5574 1553 5610 :
1589 5557 1739 5621 Quod
1771 5559 1814 5610 si
1844 5558 2067 5612 dicimus
2090 5564 2226 5628 quod

748 5740 1006 5796 “Hann.
1066 5759 1099 5809 ι,
1151 5743 1233 5796 10.
1304 5744 1497 5798 “ibid.
1552 5743 1582 5797 9
1647 5743 1689 5772 ⁵⁸
1719 5741 1857 5796 Péitio
1896 5757 1947 5806 1.,
1992 5741 2040 5792 ἲ.

2326 4559 2442 4622 καὶ,
2473 4560 2576 4613 Ἐν
2604 4559 2929 4626 ἁμαρτίαις,
2957 4551 3111 4608 εἶπεν
3137 4558 3164 4609 6
3198 4555 3380 4616 Δασὶδ,
3428 4552 3728 4617 ἐκίσσησέ
3752 4566 3831 4617 με
3860 4549 3898 4615 ἡ

2321 4649 2518 4717 μήτηρ
2544 4667 2682 4716 μου.
2715 4651 2775 4702 Et
2806 4651 2914 4716 γὰρ
2940 4648 3120 4699 αἰτίαν
3147 4646 3260 4714 ἔχει
3290 4646 3391 4712 τὴν
3419 4643 3514 4711 τῆς
3548 4640 3748 4709 σαρκὸς
3778 4641 3904 4690 ἐπι-

2328 4742 2525 4811 θυμίαν
2551 4742 2658 4793 τῶν
2689 4741 2952 4808 σωμάτων
2977 4741 3009 4806 ἡ
3043 4738 3272 4804 γένεσις,
3303 4732 3524 4786 τοιαῦτα
3554 4731 3770 4791 πάντως
3804 4731 3905 4781 καὶ

2324 4833 2394 4886 τὰ
2423 4833 2479 4898 ἐξ
2509 4833 2685 4886 αὐτῶν
2713 4831 3046 4900 γεννώμενα.

2330 4922 2548 4976 ΑΙῚΣΤ.
2614 4939 2632 4973 ε
2671 4923 2748 4982 '0,
2781 4920 2873 4971 τοῦ
2909 4919 3167 4983 Θεολόγου
3201 4916 3474 4982 λέγοντοςο
3518 4931 3536 4963 ι
3573 4911 3697 4963 Ἐὰν
3731 4912 3906 4963 sino)-

2406 5032 2425 5063 s
2474 5030 2570 5082 μεν
2593 5014 2672 5064 ὅτι
2699 5011 2940 5079 ἁμαρτία
2964 5012 3021 5062 ἐν
3047 5009 3175 5078 ημῖν
3199 5009 3296 5058 οὐκ
3323 5005 3486 5068 ἔστιν,
3512 5002 3736 5064 ἑαυτοὺς
3762 5001 3910 5053 ἅπας

2406 5123 2424 5154 ι
2473 5104 2668 5171 τὼμεν,
2716 5123 2734 5153 ι
2780 5099 3212 5170 παρερμηνεύων
3245 5099 3324 5150 ὅτι
3359 5097 3457 5148 οὐκ
3494 5093 3729 5160 ἀληθῶς,
3769 5091 3907 5147 ἀλλὰ

2407 5215 2424 5243 ε
2473 5193 2906 5261 ταπεινοφρόνως
2937 5192 3121 5260 εἴρηκε
3150 5189 3328 5252 “coita,
3361 5187 3626 5254 ἀνάθεμα.
3672 5201 3692 5234 ι

2419 5285 2633 5351 Ἐπειδὴ
2686 5284 2880 5346 πάντες
2925 5283 2983 5334 ἐν
3026 5281 3316 5350 ἁμαρτίαις
3363 5278 3549 5346 ἐσμὲν,
3591 5275 3684 5328 καὶ
3727 5274 3906 5337 οὐδεὶς

2337 5375 2571 5443 καθαρὸς
2610 5374 2716 5425 ἀπὸ
2757 5375 2952 5441 ῥύπου,
2985 5372 3178 5424 οὐδἐιν
3215 5373 3312 5440 μία
3344 5370 3523 5438 ἡμέρα
3561 5368 3677 5428 ὅλος
3715 5368 3744 5418 6
3786 5366 3907 5434 βίος

2335 5463 2495 5517 αὖτοῦ
2515 5464 2681 5514 ἐστιν’
2713 5462 3008 5530 ἁναθέματι
3031 5460 3184 5512 ἔσται
3204 5461 3381 5529 ἔνοχος
3399 5461 3426 5510 6
3444 5459 3616 5524 λέγων
3644 5471 3904 5509 ταπεινο·

2337 5560 2564 5631 φρόνως,
2587 5559 2678 5611 καὶ
2707 5557 2780 5626 μὴ
2808 5557 3017 5627 ἀληθῶς
3047 5557 3192 5626 παρὰ
3217 5555 3310 5610 τοῦ
3331 5554 3628 5608 ἀποστόλου
3647 5549 3906 5620 εἰρῆσθαι
