4136 6488
218 427 326 488 385

1333 417 1413 480 ΙΝ
1442 419 1605 482 CAN.
1640 421 1787 481 CXX
1816 418 2021 479 CONL‘.
2057 416 2424 478 CARZIIAG.

3309 415 3412 478 385

293 533 489 589 BAAS.
535 530 618 594 Ὠς
672 530 838 593 ἔοικε,
882 531 1035 599 νόμοι
1093 531 1598 600 προεθεσπίσθησαν
1643 531 1769 597 περὶ
1800 536 1844 588 Α

1800 536 1844 588 Α
1940 527 2134 580 BALS.
2171 528 2235 581 Ut
2261 541 2342 581 est
2377 524 2690 592 verisimile,
2724 526 2865 594 leges
2897 529 2962 582 de
2994 528 3262 597 regionum
3294 531 3415 581 lini-

219 619 335 670 τῶν
378 618 618 688 ἐνοριῶν.
665 618 813 670 Ἐπεὶ
834 617 888 669 δέ
919 619 1011 669 καλ⁵
1041 618 1177 686 μετᾶ
1224 620 1283 670 τὶ
1338 619 1558 680 τούτους
1587 620 1766 682 ἐκφω-

222 706 453 775 νηθῆναι
484 705 795 772 ἀμφιϐολίαι
823 705 1142 767 ἀνέκυπτον,
1182 705 1386 772 ὥρισαν
1415 706 1464 757 οῖ
1499 705 1765 771 Πατέρες,

225 796 339 860 ἵνα,
388 798 482 849 ἐὰν
514 797 807 858 ἐπίσκοπός
835 813 919 859 τις
948 797 1287 866 μεταστρέψῃ
1320 796 1453 864 πρὸς
1486 794 1581 864 τὴν
1613 795 1768 864 ὀρθός

223 885 375 949 δοξον
405 887 606 949 πίστιν,
638 888 798 936 τόπον
831 886 972 950 τινὰ,
999 888 1164 955 ἦγουν
1200 886 1492 954 παροικίαν
1539 885 1769 952 ἔχουσαν

227 975 556 1044 αῖρετικοῦς,
589 977 682 1028 καὶ
715 976 918 1045 κατέχῃ
949 975 1116 1043 αὐτὴν
1153 968 1247 1026 επὶ
1284 974 1540 1040 τριετίαν,
1572 973 1771 1034 ζῶντος

227 1066 327 1118 καὶ
373 1065 539 1116 ταῦτα
590 1064 680 1116 τοῦ
733 1065 1110 1132 δικαιουμένου
1151 1063 1234 1115 ἐπ’
1282 1064 1414 1132 αὐτῇ
1468 1062 1768 1115 ἐπισκόπου

224 1157 323 1208 καὶ
359 1155 737 1224 ἡσυχάζοντος,
772 1156 965 1223 μηκέτι
1002 1154 1128 1222 περὶ
1161 1152 1359 1219 ταύτῆς
1385 1152 1603 1220 ὀχληοῇ.
1651 1151 1769 1202 Ἐὰν

226 1247 285 1298 δὲ
339 1249 394 1298 ἐν
439 1248 504 1314 τῇ
541 1247 830 1312 ἐπισκοπῇ,
879 1237 913 1312 ᾖ
964 1242 1176 1309 λέγεται
1232 1242 1504 1310 διαφέρειν
1532 1244 1558 1293 ὁ
1587 1242 1772 1302 τόπος,

225 1338 332 1388 οὐκ
375 1331 441 1402 ἦν
486 1335 800 1396 ἐπίσκοπος,
837 1334 868 1399 ὴ
913 1332 1239 1400 παραδρομὴ
1280 1332 1378 1399 τῆς
1404 1331 1647 1397 τριετίας
1676 1330 1774 1382 οὐκ

232 1424 514 1494 ἑμποδίσει
544 1423 632 1474 τὸν
665 1423 800 1490 μετὰ
824 1421 992 1473 ταῦτα
1022 1421 1358 1489 ψηφισθέντα
1389 1419 1773 1472 ἀνακαλεῖσθαι

227 1515 328 1583 τὴν
363 1513 592 1580 ἐνορίαν.
625 1513 696 1562 Τὸ
739 1511 869 1563 αὐτὸ
916 1511 970 1562 δέ
1005 1513 1225 1579 κρατεῖν
1273 1510 1365 1561 καὶ
1408 1511 1500 1562 ἐπὶ
1539 1511 1646 1561 τῶν
1681 1514 1776 1560 Δο-

233 1601 495 1656 νατιστῶν
556 1599 1004 1668 ἐπιστρεφόντων.
1071 1599 1178 1650 Καὶ
1230 1602 1257 1651 6
1321 1597 1418 1666 μὲν
1473 1596 1652 1651 κανὼν
1720 1599 1776 1648 ἐν

231 1692 460 1753 τούτοις.
491 1691 562 1742 Σὺ
615 1691 670 1742 δέ
712 1689 944 1757 γίνωσκε
980 1691 1058 1743 ὅτι
1092 1692 1158 1743 τὰ
1219 1687 1645 1758 ἐκκλησιαστικὰ
1695 1687 1775 1738 δί-

236 1796 390 1842 καια,
422 1779 486 1832 τὰ
519 1779 642 1846 περὶ
670 1777 776 1829 τῶν
816 1778 1036 1846 ἑνοριῶν
1080 1777 1280 1845 δηλαδὴ
1329 1779 1419 1828 καὶ
1445 1775 1552 1826 τῶν
1583 1775 1772 1837 ἄλλων,

231 1871 282 1922 εί
321 1870 417 1936 μὲν
469 1867 607 1920 κατὰ
655 1867 981 1936 Ἐκκλησίας
1022 1866 1348 1934 ἀρμόζουσι,
1391 1865 1477 1916 διὰ
1528 1880 1777 1932 τριακον-
1811 1858 1852 1912 Β

230 1959 453 2019 ταετίας
501 1955 908 2008 ἁποκλείονται’
962 1958 1009 2008 εἰ
1054 1955 1109 2007 δὲ
1161 1955 1298 2007 κατὰ
1339 1953 1642 2023 προσώπων
1690 1951 1775 2004 διὰ

232 2048 810 2117 τεσσαρακονταετίας.
841 2048 952 2100 Καὶ
983 2047 1252 2115 ἀνάγνωθι
1282 2048 1342 2099 τὸ
1377 2048 1555 2114 τρίτον
1577 2045 1794 2111 κεφάλ.,

233 2139 330 2194 τοῦ
351 2139 529 2209 τρίτου
559 2138 735 2189 τίτλου
767 2136 858 2189 τοῦ
894 2142 933 2187 ε’
968 2136 1173 2203 βιϐλίου
1221 2135 1328 2186 τῶν
1356 2133 1656 2186 Βασιλικῶν
1686 2130 1778 2183 καὶ

235 2233 300 2284 τὸ
345 2231 646 2283 τελευταῖον
705 2228 996 2296 κεφάλαιον
1042 2227 1132 2278 τοῦ
1186 2226 1433 2293 δευτέρου
1474 2225 1650 2276 τίτλον
1685 2224 1776 2276 τοῦ

237 2321 404 2375 αὑτοῦ
462 2321 686 2390 βιϐλίου,
745 2321 923 2386 λέγον,
977 2318 1130 2370 Πᾶσα
1178 2320 1367 2388 ἀγωγὴ
1430 2318 1778 2387 προσήκουσα

240 2414 423 2482 σεπτῷ
496 2414 646 2482 οἴκῳ,
704 2413 813 2463 εἴτε
876 2410 1199 2480 προσωπικὴ
1268 2411 1376 2460 εἴτε
1431 2403 1777 2476 ὑποθηκαρία

240 2505 412 2567 ἐστὶν,
446 2505 541 2570 οὐχ
590 2500 902 2569 ὑπερϐαίνει
954 2500 1022 2552 τὰ
1070 2499 1475 2568 τεσσαράκοντα
1527 2497 1643 2565 ἐτη,
1675 2496 1780 2547 τῶν

242 2594 589 2665 ἀρμοζουσῶν
621 2593 832 2662 ἑκάστῳ
877 2592 1007 2658 οἴκῳ
1037 2591 1256 2658 τοιούτῳ
1289 2590 1477 2654 εύαγεῖ
1517 2588 1784 2657 προσκαί-

243 2700 354 2749 ρων
409 2679 782 2752 παραγραφῶν
846 2680 1230 2748 φυλαττουσῶν
1289 2680 1469 2747 μέντοι
1531 2693 1593 2744 γε
1658 2678 1782 2738 τοὺς

242 2775 476 2836 οἰκείους
522 2775 764 2844 χρόνους.
793 2771 955 2823 Ὥστε
1011 2771 1078 2823 τὰ
1125 2771 1215 2822 τοῦ
1271 2773 1530 2835 παρόντος
1562 2768 1784 2828 κανόνος

249 2865 549 2933 ἐσχόλασαν
602 2864 704 2914 ὑπὸ
744 2863 852 2913 τῶν
886 2860 1139 2913 τοιούτων
1179 2858 1487 2927 κεφαλαίων
1520 2859 1628 2911 ἀπὸ
1659 2875 1786 2909 νεα-

241 2954 353 3022 ρῶν
390 2952 819 3004 Ἰουστινιανείων
843 2950 1030 3003 ὄντων.

316 3084 554 3136 ΖΩΝΑΡ.
595 3083 685 3145 Ἐξ
709 3081 990 3149 ἁναφορῶν
1028 3081 1133 3132 τῶν
1181 3082 1279 3148 τῆς
1312 3082 1550 3134 ’συνόδου
1583 3081 1783 3150 ταύτης

1875 619 1975 671 bus
2003 618 2149 684 prius
2184 618 2302 669 lata:
2340 617 2587 671 fuerant:
2634 617 2728 670 sed
2763 619 2884 685 quia
2940 627 3215 688 postquam
3264 619 3420 672 edita:

1874 719 2037 769 sunt,
2078 708 2459 760 controversia:
2499 722 2790 771 emersere,
2843 719 3146 763 statuerunt
3194 709 3416 770 Patres,

1875 807 1932 850 ut
1959 798 2003 850 si
2029 796 2147 864 quis
2173 798 2453 864 episcopus
2477 799 2541 850 ad
2565 797 2720 850 [idem
2755 799 3107 852 orthodoxam
3140 809 3420 853 converte-

1877 889 1945 938 rit
1973 887 2145 938 locum
2175 885 2402 953 aliquem
2437 900 2526 938 seu
2565 888 2872 953 parmciam,
2901 901 3018 954 qua:
3051 890 3206 940 habet
3253 889 3423 941 han-e-

1879 976 2028 1039 ticos,
2059 985 2112 1028 et
2146 989 2262 1028 eam
2287 975 2514 1027 triennio
2544 975 2852 1039 detinuerit,
2892 977 3048 1044 idque
3080 979 3229 1041 vivo,
3253 980 3342 1046 qui
3371 980 3420 1031 in

1877 1078 1939 1116 ea
1965 1063 2053 1128 jus
2094 1064 2272 1125 habet,
2301 1063 2550 1132 episcopo
2573 1074 2626 1118 et
2654 1075 2856 1118 tacente
2876 1107 2890 1130 ,
2921 1066 2986 1119 de
3020 1081 3080 1120 ea
3110 1082 3173 1118 ne
3197 1068 3422 1135 amplius

1882 1150 2141 1203 turbetur.
2177 1149 2269 1202 Sin
2299 1162 2474 1203 autem
2504 1152 2556 1204 in
2589 1154 2924 1221 episcOpatu,
2959 1154 3021 1205 ad
3045 1168 3200 1221 quem
3224 1154 3416 1208 dicitur

1879 1240 2029 1293 locus
2070 1241 2358 1306 pertinere,
2386 1254 2488 1292 non
2523 1251 2638 1293 erat
2671 1241 2948 1309 episcopus
2971 1259 2986 1307 ;
3013 1242 3189 1310 lapsus
3214 1245 3421 1298 triennii

1880 1345 1981 1383 non
2011 1331 2261 1397 impediet
2297 1345 2439 1393 eum,
2458 1331 2548 1398 qui
2583 1340 2763 1397 postea
2788 1332 2986 1384 electus
3012 1341 3112 1394 est,
3141 1334 3426 1402 quominus

1881 1421 2170 1487 parmciam
2203 1434 2352 1472 suam
2390 1429 2620 1473 revocet.
2650 1419 2706 1472 Id
2759 1421 2930 1488 ipsum
2962 1432 3137 1475 autem
3181 1433 3423 1477 servatur

1879 1518 1932 1562 et
1965 1510 2015 1560 in
2043 1509 2348 1563 DOltalisliS.
2375 1509 2466 1575 qui
2498 1519 2898 1568 convertuntur.
2927 1511 3000 1564 Ac
3032 1512 3084 1566 in
3123 1513 3188 1566 iis
3212 1513 3422 1581 quidem

1881 1599 2125 1652 consistit
2153 1615 2347 1652 canon.
2383 1599 2461 1652 Tu
2507 1611 2681 1655 autem
2713 1604 2853 1656 scias
2875 1641 2890 1666 ,
2931 1605 3070 1670 quod
3104 1603 3226 1669 jura
3255 1607 3426 1658 eccle-

1882 1691 2122 1750 siastica,
2158 1706 2275 1756 quae
2307 1701 2429 1744 sunt
2458 1692 2661 1745 scilicet
2700 1694 2765 1746 de
2796 1695 3070 1762 regionum
3102 1695 3290 1748 linibus
3320 1736 3334 1759 ,
3371 1705 3426 1749 et

1883 1780 2023 1842 aliis,
2055 1781 2097 1833 si
2123 1781 2377 1833 adversus
2405 1781 2616 1850 quidem
2648 1781 2943 1836 Ecclesium
2975 1794 3298 1852 competunt,
3326 1785 3425 1838 tri-

1881 1872 2022 1940 ginta
2057 1871 2210 1924 annis
2236 1873 2593 1925 excluduntur
2632 1889 2644 1924 :
2673 1876 2755 1925 sin
2787 1883 2963 1927 autem
3014 1877 3270 1930 adversus
3302 1893 3426 1944 per-

1883 1976 2067 2024 smtas,
2102 1963 2455 2030 quadraginta
2487 1965 2660 2017 annis.
2691 1964 2756 2016 Et
2791 1965 2902 2033 lege
2927 1979 3084 2033 caput
3107 1969 3171 2032 5,
3201 1968 3335 2020 titul.
3367 1969 3422 2033 5,

1883 2053 1972 2103 lib.
2006 2067 2036 2101 ν
2075 2050 2284 2104 Basilic.
2309 2052 2628 2105 etnltimnm
2654 2064 2813 2122 caput
2847 2056 2928 2108 tit.
2958 2054 2993 2106 Ξ
3017 2057 3250 2123 ejusdem
3280 2057 3421 2122 libri,

1880 2139 2021 2206 quod
2050 2139 2196 2200 dicit,
2227 2141 2412 2192 Omnis
2436 2143 2601 2204 aetio,
2634 2156 2751 2209 qua:
2785 2143 2849 2197 ad
2885 2145 3211 2199 venerabiles
3239 2147 3426 2200 domos

1882 2228 2114 2295 pertinet
2140 2267 2154 2290 ,
2189 2230 2297 2281 sive
2329 2230 2398 2283 sit
2454 2231 2750 2296 personalis
2783 2270 2798 2295 ,
2853 2234 2964 2286 sive
3001 2233 3379 2302 hypothecaria
3406 2273 3422 2298 ,

1884 2320 2236 2385 quadraginta
2291 2333 2460 2372 annos
2527 2335 2629 2374 n0u
2686 2323 2917 2388 excedit,
2982 2325 3425 2378 convenientibus

1888 2410 2171 2476 unicuique
2219 2409 2476 2476 ejusmodi
2541 2421 2740 2467 sancta:
2804 2411 2985 2464 domui
3050 2414 3428 2479 temporalibus

1883 2500 2364 2568 praescriptionibus
2394 2515 2486 2553 sua
2520 2513 2752 2568 tempora
2818 2503 3177 2556 servantibus.
3225 2503 3427 2568 Quam-

1885 2590 2065 2644 obrem
2097 2606 2210 2658 qua:
2244 2592 2294 2644 in
2331 2593 2572 2658 praesenti
2594 2607 2799 2646 canone
2819 2594 3168 2647 continentur
3211 2605 3428 2662 propter

1886 2683 1995 2736 hac
2018 2685 2209 2750 capita.
2234 2698 2350 2738 uuae
2377 2698 2440 2736 ex
2468 2681 2752 2737 Iustiniani
2787 2685 3006 2738 novellis
3051 2694 3194 2749 sunt,
3243 2687 3426 2739 exule.

1889 2782 2098 2827 verunt.

1959 3078 2202 3134 ZONAR.
2236 3081 2310 3134 Ex
2347 3081 2438 3142 iis,
2483 3093 2601 3147 quae
2635 3078 2821 3147 synodi
2861 3077 3045 3131 Patres
3101 3076 3429 3138 retulerant,

243 3174 502 3239 Ιιατέρων
560 3173 713 3240 νόμοι
771 3171 1052 3238 ἐτέθησαν,
1098 3166 1273 3236 οἶμαι,
1326 3171 1474 3240 παρὰ
1526 3161 1849 3240 ὈνωρίουΟ

1805 3161 1849 3223 C
1883 3169 2027 3237 leges
2059 3169 2124 3222 ab
2153 3169 2477 3234 imperatore
2512 3167 2792 3238 (llonorio,
2821 3168 2873 3220 ni
2911 3167 3097 3231 fallor;
3126 3175 3244 3220 nam
3293 3169 3338 3221 is
3366 3181 3429 3219 ea

241 3263 337 3314 τοῦ
370 3260 627 3330 βασιλέως
653 3276 665 3288 ·
709 3259 911 3319 ἐκεῖνος
957 3259 1064 3327 γὰρ
1103 3253 1236 3327 ἦρχε
1287 3258 1406 3309 τότε
1456 3259 1564 3310 τῶν
1618 3261 1783 3310 ἐσπε-

242 3351 398 3418 ρίων.
429 3351 593 3418 Φησὶν
641 3345 728 3401 οὖν
763 3350 790 3400 6
836 3347 1012 3400 κανὼν
1046 3348 1143 3410 ὼς,
1171 3349 1219 3399 εί
1249 3348 1385 3416 μετὰ
1433 3349 1556 3410 τοὺς
1587 3350 1785 3416 νόμους

255 3442 570 3509 ἐπιστρέψει
602 3441 763 3492 τόπον
789 3439 928 3503 τινὰ,
959 3439 1123 3508 ήγουν
1147 3439 1376 3507 ἐνορίαν,
1409 3439 1439 3506 ἢ
1472 3438 1785 3507 παροικίαν,

243 3534 366 3600 ἦτοι
387 3531 476 3582 τὸν
503 3531 558 3580 ἐν
592 3530 725 3597 αὐτῇ
758 3529 906 3591 λαὸν,
940 3529 1230 3588 ἐπίσκοπος
1265 3528 1398 3594 πρὸς
1428 3528 1524 3595 τὴν
1565 3529 1787 3596 ἑνότητα

242 3621 348 3688 τῆς
401 3619 690 3685 καθολικῆς
761 3618 1100 3685 Ἐκκλησίας,
1142 3620 1234 3669 καὶ
1291 3618 1388 3687 τὴν
1438 3619 1648 3688 ἐνορίαν
1689 3637 1785 3670 κα-

243 3712 423 3781 τάσχῃ
473 3711 530 3761 ἐν
570 3709 780 3778 τριετίᾳ
825 3709 1050 3777 μηδενὸς
1099 3710 1543 3777 ἀντιποιουμένου
1597 3711 1785 3776 αὐτῆς,

241 3803 434 3853 ἔκτοτε
463 3798 625 3851 αὑτοῦ
659 3799 828 3862 ἔσται,
859 3799 1133 3850 τουτέστιν
1160 3799 1333 3850 οὐδενὶ
1367 3799 1582 3862 ἐξέσται
1618 3802 1788 3869 αὐτὴν

246 3891 491 3958 ὲκνικᾷν.
547 3888 671 3940 Ἐὰν
715 3887 770 3938 δὲ
809 3890 865 3939 ἐν
895 3889 960 3953 τῇ
995 3889 1287 3955 ἐπισκοπῇ,
1409 3888 1620 3954 λέγεται
1669 3889 1787 3940 δια-

245 3982 434 4049 φέρειν
462 3983 487 4031 ὁ
518 3980 699 4043 τόπος,
727 3978 823 4029 οὐκ
848 3973 916 4047 ἦν
941 3977 1234 4039 ἐπίσκοπος
1259 3979 1398 4030 κατὰ
1425 3980 1522 4048 τὴν
1550 3979 1787 4048 τριετίαν

247 4072 478 4138 ἐκείνην,
508 4069 650 4130 ὅστις
704 4067 922 4131 ἔμελλεν
974 4066 1254 4134 ἐκνικῆσαι
1305 4068 1484 4131 αὑτὸν,
1517 4069 1629 4121 ἀλλ’
1663 4071 1788 4137 ἐχή-

247 4173 408 4224 ρευεν
456 4157 490 4222 ἡ
536 4155 806 4221 ἐπισκοπὴ
837 4154 1191 4222 προεστῶτος,
1224 4155 1284 4205 οὐ
1318 4157 1787 4223 προκριματισθή-

248 4261 400 4296 σεται
433 4245 490 4294 ἐν
515 4245 579 4311 τῇ
615 4243 854 4310 μάτρικι,
885 4244 1002 4294 ἀντὶ
1026 4243 1117 4293 τοῦ
1153 4244 1211 4292 ού
1245 4243 1572 4312 βλαϐήσεται
1603 4247 1666 4296 ἐκ
1690 4244 1780 4296 τοῦ

247 4335 663 4401 καταγραφῆναι
710 4335 766 4382 ἐν
816 4332 880 4399 τῇ
939 4333 1227 4400 ἀπογραφῇ
1267 4333 1372 4383 τῶν
1406 4334 1785 4401 ,διαφερόντων

245 4425 315 4490 τῇ
345 4421 630 4489 ἐκκλησίᾳ,
660 4420 694 4488 ἢ
739 4420 828 4471 ἐπὶ
876 4420 1114 4487 τριετίαν
1164 4422 1401 4490 ἐνεμήθη
1455 4423 1637 4486 αὑτὸν,
1671 4423 1786 4476 ἀλλ’

248 4510 462 4572 ἐξέσται
511 4509 586 4575 τῷ
643 4506 1203 4577 χειροτονηθησομένῳ
1243 4509 1524 4579 ἐπισκόπῳ
1559 4513 1787 4580 ζητῆσαι

249 4594 346 4645 καὶ
386 4592 678 4660 ἐκνικῆσατ
699 4592 879 4654 αὑτὸν,
930 4593 1081 4654 ἐντὸς
1125 4597 1369 4663 τριετίας
1411 4597 1786 4667 ψηφιζομένης

247 4681 345 4734 ἀπ’
372 4681 537 4749 αὐτῆς
594 4685 691 4748 τῆς
743 4681 974 4749 ἡμέρας,
1007 4682 1127 4734 καθ’
1171 4685 1236 4752 ἢν
1273 4686 1508 4752 ἐγένετο.
1538 4689 1706 4740 Τοῦτο
1731 4690 1787 4742 δὲ

248 4771 468 4838 κρατεῖν
493 4769 582 4819 καὶ
606 4771 694 4820 ἐπὶ
724 4770 825 4820 τῶν
856 4771 1207 4836 Δονατιστῶν,
1245 4772 1407 4837 ὥστε,
1434 4775 1528 4827 ἐὰν
1573 4778 1793 4829 ἐπίσκο-

248 4876 350 4920 πος
379 4859 555 4910 αὐτῶν
586 4859 882 4929 ἐπιστρέψῃ
913 4863 1004 4912 καὶ
1031 4862 1204 4930 ένωθῇ
1259 4867 1324 4932 τῇ
1373 4865 1631 4936 καθολικῇ
1671 4869 1792 4920 Ἑκ-

247 4951 466 5019 κλησίᾳ,
501 4945 560 5002 οὗ
582 4953 740 5002 τόπον
775 4954 893 5003 τινὰ
941 4952 1127 5021 ἕτερος
1175 4970 1424 5023 κατεῖχεν
1468 4957 1787 5023 ἐπίσκοπος,

247 5040 397 5106 ἐχειν
447 5039 607 5090 αὑτὸν
667 5039 849 5091 ἄδειαν
901 5042 1049 5102 ἐντὸς
1089 5043 1369 5109 τριετίας,
1417 5044 1791 5115 ψηφιζομένης

245 5130 428 5192 ἐξότου
489 5127 852 5194 ἐπέστρεψεν,
901 5129 1189 5198 ἀναζητεῖν
1242 5133 1368 5193 τοὺς
1424 5134 1620 5197 τόπους
1666 5139 1791 5199 τοὺς

244 5215 549 5284 ἀνήκοντας
574 5217 640 5283 τῇ
672 5215 936 5284 ἐκκλησίᾳ
966 5217 1150 5271 αὑτοῦ.

241 5531 467 5586 ΑΡΙΣΤ.
543 5549 562 5580 ι
609 5531 665 5583 ’0
724 5534 1107 5603 μεταστρέφων
1179 5539 1259 5599 είς
1317 5540 1642 5607 ὀρθοδοξιαν,
1697 5561 1792 5594 και

321 5639 342 5672 t
385 5621 632 5686 κατέχων
649 5619 740 5670 ἐπὶ
767 5622 1008 5688 τριετίαν
1027 5624 1124 5695 τὴν
1147 5627 1569 5694 ἐπιστραφείσαν
1588 5633 1790 5698 χώραν,

317 5729 338 5758 α
376 5708 520 5761 ιστω
551 5708 898 5777 ἀνέγκλητος.
932 5713 1035 5765 Καὶ
1077 5715 1104 5765 6
1141 5718 1529 5785 μεταστρέφων
1571 5719 1786 5770 ἐπίσκο-

1892 3267 2200 3325 tempestate
2230 3257 2497 3312 Occidenti
2553 3256 2813 3326 praeerat)
2867 3258 3094 3311 condita
3142 3255 3309 3309 fuere.
3365 3254 3428 3308 Si

1891 3349 2007 3414 quis
2027 3349 2183 3416 igitur
2215 3351 2514 3414 episcopus,
2537 3349 2702 3414 inquit
2731 3363 2922 3410 canon,
2951 3357 3066 3416 post
3104 3347 3244 3416 leges
3274 3347 3430 3409 latas,

1892 3436 2062 3490 locum
2107 3438 2362 3502 aliquem,
2398 3436 2667 3503 regionem
2705 3437 2951 3490 videlicet
2992 3447 3075 3488 aut
3105 3437 3389 3504 parmciam
3417 3477 3432 3500 ,

1891 3526 2109 3592 ejusque
2139 3526 2234 3578 loci
2267 3525 2538 3591 populum,
2578 3525 2822 3578 Ecclesiae
2856 3525 3134 3579 catholica:
3171 3525 3436 3593 adiunxe-

1894 3620 1983 3682 rit,
2017 3632 2237 3684 eamque
2259 3617 2524 3682 regionem
2557 3615 2770 3668 triennii
2804 3616 2977 3682 spatio
3026 3618 3234 3669 nemine
3274 3630 3437 3683 repu-

1893 3716 2086 3774 gnante
2118 3707 2431 3768 obtinuerit,
2464 3721 2526 3760 ex
2556 3721 2619 3759 eo
2660 3716 2894 3774 tempore
2951 3707 3114 3774 ipsius
3148 3707 3283 3768 erit,
3336 3707 3436 3760 hoc

1891 3804 2006 3857 est,
2040 3795 2273 3856 nemini,
2303 3805 2359 3846 ut
2388 3809 2506 3847 eum
2536 3795 2708 3848 locum
2743 3796 2842 3849 sibi
2888 3791 3138 3848 v'endicet
3161 3834 3175 3858 ,
3235 3795 3437 3864 judicio

1892 3885 2124 3947 experiri
2144 3884 2341 3937 licebit.
2376 3884 2432 3937 Si
2467 3895 2642 3937 tamen
2673 3886 2788 3948 ejus
2812 3884 3259 3952 episcopatus,ad
3280 3900 3436 3953 quem

1891 3973 2038 4028 locus
2062 3975 2148 4028 ille
2195 3977 2461 4041 pertinere
2489 3976 2704 4036 dicitur.
2742 3974 2916 4028 nullus
2947 3989 3010 4027 eo
3055 3984 3290 4043 tempore
3327 3978 3439 4044 epi-

1892 4075 2084 4126 scopus
2131 4061 2372 4113 exstabat
2424 4060 2571 4114 illum
2628 4063 3028 4127 vendieaturus,
3094 4064 3183 4117 sed
3220 4065 3435 4118 viduata

1893 4149 2142 4218 praefecto
2172 4149 2406 4204 Ecclesia
2450 4154 2696 4215 vaeabat,
2753 4169 2857 4206 non
2901 4155 3329 4221 pra'judicabitur
3382 4157 3433 4207 in

1895 4237 2200 4302 matricnla;
2236 4239 2335 4292 hoc
2363 4248 2464 4302 est,
2500 4242 2746 4307 quamvis
2781 4242 2832 4294 in
2867 4243 2982 4309 ejus
3009 4244 3259 4296 Ecclesia:
3289 4244 3441 4297 tabu-

1894 4326 1992 4389 las,
2018 4340 2136 4394 qua:
2164 4341 2286 4378 eum
2312 4327 2540 4380 triennio
2568 4328 2821 4393 possedit,
2853 4329 2898 4382 is
2920 4328 3069 4381 locus
3110 4330 3306 4382 relatus
3345 4330 3436 4393 sit,

1900 4431 2002 4469 non
2047 4425 2221 4468 tamen
2276 4431 2338 4470 ea
2370 4420 2481 4470 'res
2545 4412 3094 4488 episcopum,'653
3137 4418 3224 4486 qui
3253 4428 3438 4483 postea

1894 4515 2105 4558 creatus
2133 4503 2312 4568 fuerit,
2371 4506 2523 4559 laedet
2548 4522 2564 4570 ;
2592 4508 2686 4560 sed
2719 4523 2838 4560 eum
2880 4508 3093 4560 triennii
3124 4507 3298 4574 spatio
3325 4547 3340 4571 ,
3371 4505 3439 4560 ab

1893 4609 1956 4647 eo
1983 4595 2087 4657 die,
2121 4608 2226 4662 quo
2248 4594 2528 4661 episcopus
2552 4593 2723 4647 factus
2758 4605 2860 4657 est,
2895 4596 3246 4656 recensendo,
3285 4607 3437 4660 repe-

1897 4695 2006 4739 tere
2030 4700 2092 4738 ac
2114 4685 2232 4753 jure
2283 4701 2383 4739 suo
2443 4687 2640 4754 poterit
2687 4687 2986 4742 reudicare.
3031 4687 3178 4752 Quod
3228 4687 3439 4755 quidem

1895 4777 2053 4829 etiam
2085 4775 2135 4828 in
2161 4776 2245 4839 iis,
2270 4790 2386 4840 qua:
2410 4775 2472 4826 ad
2498 4775 2799 4829 Donatistas
2826 4787 3094 4843 spectant,
3119 4777 3439 4830 servandum

1893 4879 2008 4919 esse
2037 4865 2380 4930 decernitur;
2407 4875 2460 4917 ut
2489 4865 2532 4916 si
2589 4867 2712 4931 quis
2759 4866 3016 4918 nimirum
3059 4866 3336 4933 episcopus
3373 4880 3441 4920 ex

1893 4971 1957 5011 eo
1986 4971 2205 5011 numero
2233 4971 2290 5011 se
2315 4972 2524 5010 rursum
2564 4959 2627 5009 ad
2663 4958 2911 5012 Ecclesia:
2963 4960 3243 5013 catholicae
3269 4960 3443 5014 unita-

1898 5055 1999 5098 tem
2030 5045 2349 5115 aggregarit,
2378 5044 2525 5113 cujus
2558 5047 2789 5113 aliquam
2830 5048 3100 5117 regionem
3144 5049 3281 5102 alius
3321 5050 3442 5118 epi-

1894 5149 2085 5201 scopus
2115 5135 2412 5204 detinebat,
2427 5135 2536 5189 loca
2577 5139 2640 5188 ad
2669 5135 2958 5191 Ecclesium
2994 5154 3143 5192 suam
3175 5143 3443 5208 pertinen-

1897 5224 1987 5285 tia,
2015 5224 2172 5275 trium
2214 5238 2474 5276 annorum
2525 5225 2827 5291 intervallo,
2857 5242 2918 5281 ex
2971 5243 3076 5297 quo
3107 5244 3227 5282 cum
3258 5228 3444 5283 Eccle-

1894 5313 1978 5366 sia
2035 5314 2087 5364 in
2142 5314 2364 5380 gratiam
2417 5314 2610 5377 rediit,
2677 5319 2948 5384 repetendi
3026 5319 3220 5373 habeat
3272 5318 3443 5373 facul-

1898 5413 2082 5455 tatem.

1895 5537 2115 5591 ARIST.
2152 5556 2170 5587 ι
2215 5536 2310 5601 Qui
2339 5538 2603 5605 regionem
2636 5540 2700 5591 ad
2729 5539 3084 5592 orthodoxam
3121 5541 3275 5593 ﬁdem
3304 5554 3438 5594 con-

1973 5647 1991 5678 ι
2032 5629 2212 5690 vertit,
2245 5636 2298 5681 et
2325 5642 2639 5681 conversam
2673 5643 2767 5696 per
2799 5631 3087 5682 triennium
3125 5631 3346 5695 detinet,
3375 5633 3446 5685 sit

1970 5737 1988 5770 ι
2033 5729 2179 5774 extra
2211 5718 2420 5785 culpam
2460 5734 2472 5769 :
2505 5727 2557 5772 et
2587 5719 2865 5786 episcopus
2894 5735 2924 5773 a
2958 5719 3163 5776 Donato
3209 5735 3441 5777 convcr-
