4136 6468
302 436 411 499 339

1320 434 1396 493 ΙΝ
1447 434 1611 494 CAN.
1648 426 1825 491 CXXI
1864 428 2086 487 CONC:
2110 427 2483 485 CAliTllAG.

3399 425 3502 486 390

303 550 444 611 μετὰ
504 544 733 610 κρίσεως
789 541 1188 608 ἐπισκοπικῆς·
1245 543 1292 592 εἱ
1369 542 1424 592 δέ
1480 539 1847 606 αύτεκδίκητοι

1958 535 2205 590 evincaut
2241 552 2254 587 ε
2284 537 2363 587 sin
2396 540 2570 586 autent
2599 530 2834 599 sibiipsis
2870 530 2956 597 jus
2984 530 3231 594 dixm'ittt,
3270 536 3343 590 rei
3380 552 3502 605 pm-

297 629 589 696 γένωνται,
621 627 821 697 ζημίαν
873 628 1161 695 ὑπομένειν
1191 626 1284 678 τοῦ
1335 626 1463 679 ίδίου
1505 627 1855 695 πράγματος,

299 722 472 787 ἢγουν
503 721 791 773 ἐκπίπτειν
815 718 907 771 τοῦ
936 718 1134 770 οἰκείου
1173 716 1399 770 δικαίου.
1427 717 1595 768 Τοῦτο
1618 717 1673 768 δὲ
1705 715 1858 767 ἔσται

300 810 398 861 καὶ
429 811 508 871 είς
536 810 662 871 τοὺς
710 809 847 877 μετὰ
894 806 1263 877 προκάταρξιν
1323 806 1397 875 μὴ
1459 807 1857 873 ἀναμείναντας

299 902 399 966 τὴν
433 897 790 967 ἐπισκοπικὴν
816 897 1120 960 δικαίωσιν,
1146 896 1281 949 ἀλλὰ
1304 894 1635 955 αὑθεντικῶς
1658 894 1849 945 ἐπιλα-

300 988 560 1055 ϐομένους
588 988 683 1048 τῆς
716 986 953 1055 ἐνορίας.
1004 984 1113 1037 Καὶ
1162 984 1366 1053 μήτις,
1424 983 1604 1049 φησὶν,
1668 980 1857 1033 ἑαυτὸν

304 1076 627 1145 κολακεύσῃ,
646 1076 765 1129 ἀντὶ
783 1074 901 1137 τοῦ,
921 1075 1198 1146 ἀπατήσῃ,
1229 1073 1310 1125 ὅτι
1343 1073 1405 1125 ἐκ
1429 1070 1522 1123 τοῦ
1552 1071 1885 1139 πρωτεῦον..

299 1185 391 1231 τος
418 1169 533 1236 ἦτοι
563 1166 655 1218 τοῦ
698 1164 1089 1235 μητροπολίτου
1148 1163 1449 1231 γράμματα
1497 1161 1689 1215 ἔλασεν
1736 1161 1859 1213 ἐπι-

300 1256 565 1325 τρέποντα
590 1254 737 1320 αὐτῷ
759 1254 855 1320 τὴν
880 1251 975 1305 τοῦ
1010 1251 1176 1304 τόπου
1206 1252 1561 1319 κατάσχεσιν.
1598 1249 1715 1301 Ehe
1747 1247 1855 1317 γὰρ

300 1344 416 1411 ἔχει
447 1344 769 1413 γράμματα.
803 1341 909 1393 εἴτε
948 1341 1048 1394 οὐκ
1077 1339 1211 1408 ἔχει,
1242 1341 1290 1391 εί
1324 1338 1396 1407 μὴ
1414 1338 1504 1390 τοῦ
1534 1338 1855 1406 κατέχοντος

300 1436 393 1485 τὸν
428 1430 552 1485 λαὸν
592 1433 683 1483 τὸν
717 1430 1084 1499 ἐκνικώμενον
1109 1430 1251 1499 λάϐῃ
1312 1429 1634 1497 γράμματα,
1660 1426 1728 1479 δι’
1780 1419 1857 1479 ὧν

303 1522 614 1589 φανήσεται
650 1522 789 1575 κατὰ
822 1522 1048 1588 γνώμην
1079 1519 1284 1571 ἐκείνου
1339 1518 1626 1587 εἰρηνικῶς
1654 1533 1854 1573 ,κατα-

307 1610 454 1680 σχὼν
488 1611 584 1681 τὴν
613 1611 971 1680 διαφέρουσαν
999 1608 1145 1677 αὐτῷ
1163 1599 1395 1676 ἐλιορίαν,
1427 1608 1740 1659 ἐκπεσεῖται
1761 1605 1854 1658 τοῦ

298 1700 726 1765 δικαίουηαύτοῦ.
780 1699 904 1752 Ἐὰν
937 1698 993 1751 δὲ
1054 1700 1147 1751 καὶ
1197 1698 1523 1763 ἐναγόμενος
1559 1697 1852 1766 ἀντενάγῃ,

298 1791 577 1842 τουτέστιν
600 1788 1015 1857 ἀνταιτιάσηται
1037 1788 1128 1839 τὸν
1160 1788 1441 1853 ἐνὰγοντα,
1484 1786 1570 1837 ίνα
1601 1788 1692 1839 καὶ
1718 1786 1853 1856 αὕτη

1960 624 2088 691 priac
2120 622 2385 691 jacturam
2408 622 2732 685 sustineant,
2764 621 2967 676 scilicet
2993 638 3021 674 a
3048 638 3144 674 suo
3192 625 3314 693 jnrc
3357 630 3505 680 exci-

1956 716 2105 769 dant.
2129 711 2291 783 654,
2326 712 2436 765 Hoc
2463 727 2674 780 quoque
2700 714 2779 767 eis
2806 713 3038 777 eveniet,
3086 714 3175 782 qui
3224 728 3343 784 post
3391 732 3506 771 cce.

1958 815 2104 873 ptum
2131 790 2392 870 judicium
2426 804 2778 872 episcopalem
2813 806 3134 860 sententiam
3180 822 3283 861 non
3312 801 3508 877 exspe-

1955 895 2245 957 ctaverint,
2280 895 2371 949 sed
2404 909 2498 949 sua
2532 896 2855 950 auctoritate
2903 897 3169 965 regionem
3208 900 3508 966 apprchen-

1957 984 2153 1037 derint.
2185 981 2290 1036 Nec
2315 984 2456 1052 quis,
2487 983 2681 1052 inquit,
2727 985 2829 1039 sibi
2880 986 2978 1054 ipsi
3041 986 3364 1053 blandiatur,
3404 991 3505 1043 hoe

1955 1078 2060 1133 est,
2094 1071 2328 1137 seipsum
2353 1070 2604 1139 decipiat,
2635 1073 2777 1140 quod
2809 1088 2836 1126 a
2867 1073 3092 1142 primate
3119 1091 3211 1130 seu
3242 1088 3504 1146 metropo-

1956 1157 2121 1212 litano
2150 1158 2356 1213 litteras
2387 1165 2651 1228 acceperit
2686 1162 2784 1216 loci
2825 1165 3213 1232 possessionem
3238 1168 3285 1221 ei
3318 1182 3505 1220 concc-

1957 1250 2163 1303 dentes.
2195 1247 2317 1303 Sive
2337 1249 2479 1304 enim
2506 1251 2704 1305 haheat
2729 1251 2958 1315 litteras,
2995 1254 3106 1309 sive
3145 1269 3251 1309 non
3292 1256 3504 1320 habeat,

1957 1338 2062 1392 nisi
2093 1337 2233 1407 ejus,
2279 1339 2368 1407 qui
2402 1339 2656 1408 populum
2714 1342 2778 1395 de
2838 1356 2945 1409 quo
3001 1354 3082 1396 est
3140 1346 3502 1398 Controversia

1958 1431 2185 1493 detinet,
2222 1431 2428 1485 litteras
2452 1433 2737 1499 acceperit,
2772 1447 2867 1500 per
2893 1447 3028 1501 quas
3058 1444 3314 1501 appareat
3346 1449 3403 1486 se
3444 1449 3509 1487 ex

1959 1522 2100 1577 illius
2133 1521 2396 1575 sententia
2427 1535 2566 1584 eam,
2591 1538 2708 1589 qua)
2731 1524 2795 1574 ad
2826 1522 2999 1587 ipsum
3033 1523 3291 1590 pertinet,
3335 1523 3513 1591 regio-

1957 1629 2081 1667 nem
2123 1613 2344 1683 par-ilice
2377 1614 2693 1679 obtinuisse,
2738 1630 2766 1667 a
2796 1614 2918 1682 jure
2971 1630 3071 1668 suo
3124 1614 3353 1669 excidet.
3414 1615 3509 1668 Sin

1951 1710 2132 1773 putem
2161 1716 2284 1756 reus
2309 1701 2629 1755 contrariam
2654 1702 3006 1769 quaestionem
3031 1702 3241 1767 inferat,
3282 1705 3381 1756 hoc
3403 1714 3507 1768 est,

1958 1802 2101 1853 eum,
2136 1792 2229 1858 qui
2263 1792 2315 1843 in
2348 1792 2516 1858 ipsum
2548 1792 2821 1845 actionem
2882 1793 3125 1857 intendit,
3170 1792 3511 1847 reconveniat

300 1883 332 1949 ἡ
362 1879 615 1941 ὑπόθεσις
658 1848 947 1947 περατωθΙῇ
979 1848 1277 1948 κρινόντων
1303 1876 1637 1930 ἐπισκόπων.
1685 1876 1748 1928 Oi
1796 1848 1847 1928 δέ

1957 1891 2055 1932 seu
2093 1880 2490 1941 recriminetur,
2546 1889 2603 1935 ut
2652 1882 2764 1949 ipsa
2808 1898 3020 1951 quoque
3077 1898 3239 1937 causa
3295 1883 3511 1937 ﬁniatur

298 1966 635 2039 κρίνοντεςῆ
667 1968 817 2038 παρὰ
862 1966 954 2020 τοῦ
1007 1967 1379 2036 πρωτεύοντος
1428 1965 1765 2036 δοθήσονται,
1814 1965 1847 2035 ἢ

299 2060 438 2112 κατὰ
497 2057 799 2109 συναίνεσιν
861 2056 970 2109 τῶν
1047 2057 1332 2109 ἀντιδίκων
1415 2056 1848 2123 ἐπιλεγήσονται.

308 2148 604 2218 Ἑρωτησει
634 2147 690 2198 δέ
721 2163 825 2210 τις,
863 2147 938 2209 ὡς
962 2146 1233 2215 διαφόρων
1279 2145 1517 2200 κανόνων
1543 2146 1853 2215 διοριζομέ-

298 2256 407 2292 νων
435 2237 816 2307 καθαιρεῖσθαι
847 2238 971 2301 τοὺς
1008 2239 1067 2290 ἐν
1098 2239 1405 2305 ἀλλοτρίαις
1456 2238 1685 2307 ἐνορίαις
1730 2240 1850 2290 ἐπιο

296 2328 560 2379 σκοπικόν
586 2344 636 2378 τι
672 2319 1029 2395 ἐνεργοῦντας
1077 2327 1225 2397 παρὰ
1271 2326 1497 2396 γνώμην
1550 2328 1659 2380 τῶν
1719 2344 1851 2381 κατ-

295 2416 525 2482 εχόντων
543 2417 729 2481 αὐτὰς,
750 2418 865 2480 πῶς
891 2419 918 2469 6
948 2416 1135 2486 παρὼν
1152 2416 1330 2470 κανὼν
1357 2420 1449 2470 ἐπὶ
1472 2418 1606 2489 μόνῃ
1636 2418 1849 2470 ἐκπτώ-

298 2520 379 2556 σει
413 2504 506 2557 τοῦ
538 2506 826 2576 προσόντος
883 2507 1011 2569 ῖσως
1058 2506 1265 2559 δικαίου
1320 2507 1467 2576 αύτῷ
1533 2509 1848 2577 κατακρίνει

292 2595 384 2647 τὸν
410 2592 509 2663 τὴν
539 2593 726 2661 ἔφοδον
752 2595 1050 2662 ποιήσαντα
1073 2612 1088 2661 ;
1126 2596 1325 2660 Λύσις.
1360 2596 1624 2649 Ἐνταῦοα
1645 2598 1845 2649 ὑπόθου

291 2684 474 2738 δίκαια
510 2683 655 2753 ἔχειν
684 2685 895 2754 ἐνορίας
922 2685 1015 2737 τὸν
1045 2686 1486 2754 αύτονομήσαντα
1526 2687 1843 2749 ἐπίσκοπον,

293 2776 388 2825 καὶ
420 2772 506 2824 διὰ
536 2773 691 2825 τοῦτο
739 2772 1053 2842 καθαιρέσει
1111 2774 1207 2845 μὲν
1266 2776 1362 2843 οὐχ
1414 2774 1720 2839 ὑπόκειται,
1758 2778 1846 2828 ἐκ-

294 2862 483 2913 πίπτει
510 2862 565 2913 δὲ
598 2862 691 2915 τοῦ
727 2864 925 2916 οίκείου
948 2862 1181 2916 δικαίου.
1231 2864 1294 2916 Εί
1348 2867 1455 2932 γὰρ
1500 2867 1639 2934 φανῇ
1705 2867 1841 2933 μετὰ

292 2951 548 3019 ἀληθείας
580 2948 719 3004 εἶναι
745 2954 1029 3022 ἀλλοτρίαν
1084 2954 1180 3023 τὴν
1236 2954 1493 3021 τοιαύτην
1536 2954 1749 3029 ἐνορίαν
1784 2956 1846 3020 ἐξ

290 3040 565 3108 ὀχλήσεως
601 3039 694 3092 τοῦ
718 3040 977 3103 παθόντος
1000 3042 1097 3110 τὴν
1139 3042 1325 3108 ἔφοδον
1376 3041 1696 3107 ἐπισκόπου,
1751 3042 1845 3093 καὶ

1950 1964 2317 2031 iudicantibus
2342 1970 2609 2038 episcopis
2645 1987 2658 2022 :
2700 1970 2791 2038 qui
2825 1984 3000 2025 autem
3042 1970 3305 2039 judicant,
3367 1971 3446 2023 vel
3478 1985 3506 2021 λ

1956 2056 2183 2122 primate
2216 2057 2507 2125 dabuntur,
2541 2059 2622 2113 vel
2647 2075 2710 2113 ex
2757 2075 3021 2115 consensu
3074 2061 3505 2115 adversariorum

1956 2145 2240 2213 eligentur.
2313 2146 2729 2217 lnterrogaverit
2794 2162 2970 2204 autem
3022 2152 3323 2220 quispiam,
3368 2151 3505 2205 Cum

1956 2234 2151 2287 diversi
2186 2247 2421 2290 canones
2451 2236 2711 2291 deﬁniant
2748 2253 2841 2293 eos
2888 2242 3249 2307 deponendos,
3307 2240 3398 2308 qui
3453 2241 3504 2290 in

1954 2323 2143 2377 alienis
2173 2324 2496 2381 dioecesibus
2519 2328 2821 2397 episcopale
2851 2330 2976 2397 quid
3005 2339 3279 2393 exercent,
3312 2340 3506 2396 praeter

1955 2414 2279 2466 sententiam
2335 2431 2519 2469 eorum
2561 2419 2626 2470 ad
2664 2434 2798 2486 quos
2865 2420 3176 2486 pertinent;
3237 2421 3503 2487 quomodo

1952 2516 2187 2571 praesens
2213 2518 2383 2559 canon
2416 2508 2528 2558 sola
2562 2508 2720 2572 juris,
2752 2512 2889 2576 quod
2924 2509 3062 2561 forte
3098 2509 3274 2573 habet,
3329 2511 3505 2577 priva-

1957 2592 2099 2643 tione
2121 2607 2242 2645 eum
2285 2594 2625 2658 condemnat,
2653 2596 2742 2662 qui
2785 2597 3083 2651 invaserit?
3123 2596 3343 2651 Salutio.
3408 2597 3507 2651 llic

1952 2691 2189 2747 suppone
2212 2681 2545 2749 episcopum,
2589 2685 2677 2751 qui
2724 2684 2824 2739 sibi
2859 2686 2942 2754 jus
2972 2686 3126 2749 dixit,
3167 2688 3257 2756 jus
3313 2689 3509 2741 habere

1954 2765 2200 2822 dioecesis
2228 2787 2242 2822 :
2269 2780 2320 2822 et
2350 2783 2626 2839 propterea
2655 2775 2973 2843 depositioni
3004 2776 3217 2843 quidem
3250 2792 3351 2829 non
3382 2776 3509 2829 sub-

1946 2853 2148 2923 jicitur,
2173 2859 2264 2912 sed
2288 2863 2637 2931 propriojure
2659 2865 2878 2918 excidit.
2902 2863 2959 2919 Si
2975 2866 3114 2919 enim
3136 2880 3320 2919 revtera
3346 2883 3508 2936 appa-

1954 2947 2124 3000 ruerit
2152 2949 2377 3003 alienam
2403 2967 2521 3006 esse
2541 2952 2819 3021 dioecesin,
2847 2970 2912 3009 ex
2936 2957 3217 3010 vexatione
3245 2957 3504 3025 episcopi,

1951 3037 2041 3103 qui
2070 3037 2357 3091 violentam
2389 3042 2714 3096 invasionem
2742 3059 2933 3113 passus
2957 3052 3058 3107 est,
3089 3047 3387 3114 deponetur
3413 3048 3500 3114 qui

295 3130 799 3201 καθαιρεθήσεταιό
849 3133 1185 3198 ἀτακτήσας.
1248 3133 1369 3186 Ἔτι
1416 3134 1678 3203 ἐρωτήσει
1738 3150 1841 3198 τις,

1950 3139 2010 3179 se
2040 3125 2336 3182 insolenter
2366 3138 2421 3183 et
2442 3133 2667 3198 superbe
2695 3134 2885 3202 gessit.
2917 3135 3183 3189 Prmterea
3210 3136 3509 3205 intermga-

290 3217 366 3280 ὡς
395 3218 487 3270 τοῦ
536 3220 893 3291 πεποιηκότος
941 3221 1037 3290 τὴν
1086 3222 1272 3288 ἔφοδον
1326 3224 1626 3275 ἐπισκόπου
1673 3222 1848 3286 οὔτως

299 3309 622 3370 ἐκπεσόντος
650 3310 740 3361 τοῦ
774 3310 1129 3363 ἐπισκοπικοῦ
1175 3311 1384 3364 δικαίου
1413 3313 1578 3365 αὐτοῦ
1634 3313 1847 3370 ἐνδυνά-

296 3414 412 3464 μως
440 3396 514 3457 ὡς
537 3399 629 3450 ἐπὶ
667 3400 841 3468 οἰκείᾳ
873 3400 1056 3468 ἐνορίᾳ⁵
1094 3390 1476 3452 ἐπισκοπῖεύσει
1524 3403 1551 3452 6
1602 3403 1848 3471 κατέχων

294 3488 481 3556 αὐτὴν,
522 3489 553 3539 ii
594 3492 1055 3559 τιμωρηθήσεται,
1084 3491 1159 3553 ὡς
1207 3492 1264 3544 ἐν
1314 3492 1511 3559 είδήσει
1564 3491 1847 3562 ἀλλοτρίαν

294 3578 507 3645 ἐνορίαν
535 3579 780 3644 κατέχων
811 3583 902 3631 καὶ
951 3582 1243 3651 ίερουργῶν
1302 3584 1359 3634 ἐν
1401 3583 1575 3652 αὐτῇς
1630 3585 1842 3650 Λύσις.

293 3667 483 3734 Νόμος
518 3668 633 3719 ἐστὶ⁵
698 3668 894 3735 λέγων,
943 3670 1267 3732 Κελεύοντος
1321 3672 1573 3740 ἄρχοντος
1623 3672 1847 3735 δικαίως

291 3758 591 3825 νεμόμεθα,
615 3760 710 3810 καὶ
748 3758 870 3810 ἐπεὶ
907 3760 935 3811 6
971 3758 1159 3811 παθὼν
1203 3760 1301 3829 τὴν
1333 3760 1517 3827 ἔφοδον
1552 3761 1845 3823 ἐπίσκοπος

293 3847 400 3899 ἀπὸ
423 3847 515 3899 τοῦ
538 3849 755 3910 κανόνος
786 3849 1151 3911 δεδικαίωται,
1186 3850 1261 3911 ὼς
1316 3849 1407 3901 τοῦ
1441 3851 1845 3918 ἀτακτήσαντος

290 3939 628 4004 λογισθέντος
665 3941 927 4008 μηδέποτε
957 3944 1105 4009 σχεῖν
1140 3939 1348 3993 δίκαιον
1384 3942 1459 4004 εἰς
1478 3941 1577 4011 τὴν
1606 3942 1842 4007 ἐνορίαν,

294 4030 779 4097 ἁποκριματίστως
810 4032 1094 4101 ἐνεργήσει
1152 4032 1483 4084 ἐπισκοπικὰ
1530 4031 1716 4084 δίκαια
1762 4032 1843 4095 είς

295 4121 362 4189 ἢν
396 4120 613 4185 κατέχει
642 4120 872 4187 ἐνορίαν,
904 4122 1005 4173 κᾶν
1037 4118 1105 4190 ἦν
1133 4138 1260 4173 ποτε
1303 4121 1574 4190 ἀλλοτρία.
1605 4121 1669 4173 Τί
1700 4120 1838 4188 om;

292 4206 491 4269 ἀταξία
531 4207 623 4258 καὶ
667 4206 850 4274 ἔφοδος
907 4207 1000 4259 τοῦ
1062 4207 1485 4276 κατακριθέντος
1539 4207 1839 4259 ἐπισκόπου

291 4296 697 4365 λυμανεῖταιτὰ
731 4296 913 4348 δίκαια
938 4296 1037 4365 τῆς
1091 4295 1407 4364 ἐκκλησίας,
1455 4295 1548 4347 καὶ
1583 4295 1839 4347 ἀποκλει-

293 4386 550 4454 σοησεται
573 4387 598 4436 6
627 4384 767 4453 μετὰ
803 4382 991 4437 τοῦτον
1022 4383 1598 4453 χειροτονηθησόμενος
1622 4382 1840 4435 ἐπίσκο-

1950 3216 2091 3270 verit
2116 3218 2408 3285 quispiam,
2445 3220 2577 3275 Cum
2625 3223 2668 3277 is
2696 3225 2784 3292 qui
2817 3225 3007 3279 invasit
3055 3228 3335 3294 episcopus
3385 3227 3506 3295 jnrc

1950 3320 2049 3359 suo
2077 3306 2149 3359 ita
2185 3308 2468 3373 exciderit,
2502 3311 2592 3379 qui
2623 3326 2738 3365 eam
2764 3313 2987 3379 detinet,
3021 3315 3121 3369 rite
3170 3326 3419 3383 tanquam
3453 3319 3502 3370 in

1950 3399 2169 3466 propria
2205 3398 2421 3452 dioecesi
2443 3400 2806 3469 episcopatum
2839 3412 3011 3470 geret,
3046 3418 3111 3455 an
3139 3406 3407 3472 punietur,
3444 3416 3500 3459 ut

1949 3486 2038 3554 qui
2075 3489 2314 3556 prudens
2346 3499 2399 3542 et
2423 3490 2601 3545 sciens
2627 3492 2860 3547 alienam
2902 3495 3155 3548 ditecesin
3190 3490 3412 3552 detinet.
3446 3509 3501 3551 et

1951 3578 2005 3631 in
2031 3593 2093 3633 ea
2122 3593 2275 3632 sacra
2302 3578 2589 3633 celebrat?
2631 3578 2857 3635 Salutio.
2909 3582 3014 3636 Lex
3052 3593 3135 3637 est
3182 3600 3301 3655 quae
3351 3586 3501 3649 ditit,

1947 3666 2176 3722 lubente
2204 3671 2517 3737 magistratu
2541 3668 2685 3735 jnste
2717 3672 3051 3741 possidemus
3087 3689 3102 3727 :
3131 3684 3183 3726 et
3216 3677 3342 3742 quia
3387 3680 3505 3747 epi.

1946 3771 2159 3825 scapus,
2190 3758 2281 3826 qui
2325 3758 2429 3810 vim
2462 3772 2654 3827 passus
2683 3768 2787 3824 est,
2825 3775 2854 3813 a
2879 3775 3085 3816 canone
3122 3761 3213 3832 jus
3267 3769 3496 3833 accepit,

1947 3857 2132 3915 utpote
2158 3863 2280 3901 cum
2338 3846 2406 3911 is,
2442 3848 2534 3917 qui
2587 3861 2646 3903 se
2699 3848 2990 3905 insolenter
3042 3861 3091 3906 et
3151 3853 3505 3912 immoderate

1946 3940 2126 4005 gessit,
2156 3938 2358 3991 nullum
2389 3938 2480 4006 jus
2529 3938 2581 3991 in
2632 3939 2855 3994 ὀίωοοεί
2917 3941 3171 3995 habuisse
3221 3934 3499 4012 reputatus

1946 4028 2012 4081 sit
2038 4042 2054 4090 ;
2084 4028 2281 4093 absque
2320 4029 2427 4081 ullo
2450 4028 2904 4098 prtejudiciojura
2927 4032 3250 4101 episcopalis
3284 4050 3503 4090 exerceo

1945 4114 2022 4167 bit
2057 4113 2107 4166 in
2137 4114 2405 4181 provincia
2437 4131 2597 4186 quam
2628 4116 2849 4180 detinet,
2883 4119 2982 4173 etsi
3036 4120 3327 4190 aliquando
3380 4136 3497 4177 erat

1947 4205 2145 4259 aliena.
2183 4204 2319 4272 Quid
2356 4221 2509 4273 vero,
2560 4210 2643 4262 vis
2693 4215 2742 4263 et
2805 4209 3091 4263 insolentia
3152 4213 3494 4280 condemnati

1942 4295 2177 4364 episcopi
2214 4295 2463 4351 Ecclesia:
2489 4296 2608 4368 jura
2631 4298 2956 4351 detrimento
2982 4299 3213 4353 adiiciet?
3240 4312 3287 4355 et
3314 4304 3500 4355 exclu-

1941 4386 2095 4437 detur
2122 4385 2209 4453 qui
2233 4396 2353 4455 post
2376 4403 2497 4441 eum
2520 4388 2847 4443 ordinandus
2866 4397 2947 4441 est
2960 4389 3265 4458 cpiscopus,
3288 4395 3501 4460 quomi-

292 4492 394 4536 πος
419 4474 799 4527 ἀνακαλεῖσθαι
820 4475 884 4526 τὰ
908 4474 1089 4526 δίκαια
1111 4474 1206 4541 τῆς
1229 4472 1521 4538 ἐκκλησίας
1564 4472 1750 4539 αὐτοῦ,
1803 4474 1837 4543 ἦ

1949 4488 2047 4526 nos
2080 4476 2250 4542 possit
2290 4478 2688 4545 rcvocarejura
2720 4478 2979 4533 Ecclesiae
3033 4495 3165 4544 suae,
3224 4497 3291 4535 an
3349 4484 3501 4536 non?

288 4561 387 4624 66;
420 4564 627 4625 Λύσις.
680 4562 830 4629 Ἐμοὶ
887 4562 1033 4614 δοκεῖ
1088 4561 1161 4628 μὴ
1220 4560 1691 4612 καταϐλάπτεσθαι
1746 4561 1842 4631 τὴν

289 4651 586 4719 ἐκκλησίαν
625 4652 680 4714 ἐξ
705 4644 778 4703 ὧν
808 4651 1111 4720 ἁμαρτάνει
1142 4653 1169 4702 6
1214 4652 1530 4710 ἐπίσκοπος.
1590 4651 1701 4703 Καὶ
1757 4651 1843 4704 διὰ

285 4740 446 4793 τοῦτο
493 4741 803 4808 ἑνδυνάμως
835 4741 919 4792 ἵνα
966 4741 1366 4809 ἀνακαλέσηται
1401 4740 1497 4805 τὴν
1566 4742 1775 4809 ὲνορίαν
1811 4742 1839 4794 6

285 4830 666 4896 διαδεξαμενος
698 4830 789 4882 τὸν
842 4831 1144 4899 ποιήσαντα
1195 4828 1292 4898 τὴν
1342 4829 1550 4895 ἔφοδον,
1604 4830 1705 4882 κᾶν
1744 4832 1841 4883 καὶ

285 4920 452 4979 πολὺς
482 4918 732 4988 παρέλθῃ
764 4920 970 4987 καιρός.
1026 4916 1290 4986 Ἐλαλήθη
1326 4918 1382 4969 δέ
1414 4918 1649 4969 τοιοῦτον
1667 4935 1716 4969 τι
1748 4920 1841 4973 καὶ

286 5008 382 5060 ἐπὶ
418 5006 526 5059 τῶν
558 5007 776 5076 ἡμερῶν
808 5006 899 5058 τοῦ
933 5007 1235 5073 ἁγιωτάτου
1290 5008 1632 5076 πατριάρχου
1668 5008 1836 5076 κυροῦ

283 5097 488 5163 Δουκᾷ.
520 5095 676 5156 Τινὸς
706 5096 813 5163 γὰρ
853 5093 1154 5146 ἐπισκόπου
1190 5093 1289 5161 τῆς
1323 5093 1563 5161 μεγάλης
1589 5094 1837 5163 Βρύσεως

270 5185 646 5258 δικαζομένου
679 5184 817 5251 μετὰ
848 5183 939 5235 τοῦ
1000 5182 1425 5252 ἀρχιεπισκόπου
1482 5182 1581 5249 τῆς
1633 5187 1837 5253 μικρᾶς

282 5275 559 5342 Βρύσεως,
598 5272 692 5325 καὶ
730 5275 1162 5340 προκομίσαντος
1216 5271 1486 5324 διαλυτέον
1553 5273 1829 5341 ἔγγραφον

1946 4560 2169 4617 Salutio.
2205 4562 2331 4618 Mihi
2378 4566 2593 4621 videtur
2622 4583 2725 4621 non
2764 4583 2827 4623 cx
2894 4585 2958 4624 eo
3004 4569 3120 4624 laedi
3178 4571 3495 4636 Ecclesium,

1942 4651 2085 4718 quod
2113 4662 2299 4720 peccet
2326 4655 2648 4723 episcopus;
2684 4671 2735 4710 et
2768 4670 3049 4726 propterea
3084 4662 3357 4730 regionem
3390 4665 3491 4713 rite

1943 4742 2216 4795 revocabit
2244 4756 2527 4796 successor
2555 4744 2673 4812 ejus
2717 4740 2807 4812 qui
2841 4748 3058 4813 invasit,
3104 4751 3314 4803 etiamsi
3352 4755 3492 4805 ntul-

1944 4815 2050 4881 tun‘i
2087 4840 2299 4898 tempus
2330 4834 2671 4900 praeterierit.
2708 4829 2835 4889 'l‘aie
2877 4836 3003 4905 quid
3057 4848 3234 4891 autem
3295 4840 3492 4893 dictum

1940 4929 2023 4972 est
2050 4927 2286 4987 tempore
2335 4922 2655 4976 sanctissimi
2700 4925 3021 4993 patriarcha:
3051 4926 3256 4981 domini
3312 4928 3487 4981 Luem.

1938 5003 2071 5057 Cum
2098 5005 2241 5058 enim
2272 5006 2490 5074 quidam
2526 5010 2813 5079 episcopus
2864 5028 3068 5082 magnae
3106 5015 3284 5085 Brysis
3314 5016 3490 5083 litiga-

1938 5103 2021 5147 ret
2050 5109 2168 5147 cum
2194 5096 2600 5166 archiepiscopo
2638 5114 2812 5168 parva:
2845 5100 3046 5169 Brysis,
3082 5111 3134 5155 et
3176 5104 3487 5172 protulisst-t

1937 5182 2193 5252 scriptam
2258 5188 2676 5242 transactionem
2708 5200 2874 5244 antea
2919 5188 3157 5246 defuncti
3216 5194 3487 5261 archiepi-

1936 5275 2106 5340 scopi,
2137 5273 2203 5326 de
2238 5289 2339 5327 non
2371 5281 2671 5331 revocanda
2713 5279 2781 5333 ab
2813 5281 2930 5349 ipso
2965 5282 3205 5349 regione,
3252 5297 3368 5349 qua:
3418 5284 3486 5334 ab

276 5363 375 5415 τοῦ
406 5362 932 5431 προτελευτῆσαντος
962 5361 1415 5431 ἀρχιεπισκόπου,
1454 5362 1612 5428 χάριν
1631 5362 1725 5413 τοῦ
1759 5364 1833 5433 μὴ

1949 5363 2190 5430 ξρὶεοορο
2217 5362 2598 5431 detinebatur;
2633 5371 2996 5436 pronuntiavit
3052 5372 3309 5439 synodus,
3373 5387 3480 5423 non

280 5449 672 5505 ἀνακαλεῖσθαι
704 5450 892 5503 τοῦτον
925 5452 1138 5518 ἐνορίαν
1185 5453 1554 5519 κατεχομένην
1605 5451 1708 5502 ὑπὸ
1740 5453 1832 5506 τοῦ

276 5541 601 5601 ἐπισκόπου,
634 5540 667 5608 η
698 5538 917 5601 σύνοδος
943 5541 1257 5607 ἀπεφήνατο
1314 5539 1389 5607 μὴ
1458 5539 1833 5593 καταϐλάπτεο

276 5627 402 5681 σθαι
428 5628 529 5697 τὴν
554 5628 991 5695 ἁρχιεπισκοπὴν
1027 5627 1085 5692 ἐξ
1127 5622 1199 5679 ὧν
1258 5629 1286 5679 6
1346 5627 1546 5694 ταύτης
1572 5629 1830 5699 πρόεδρος

276 5715 482 5786 ἔπραξε
508 5717 661 5785 παρά
694 5715 918 5786 γνώμην
940 5717 1048 5767 τῶν
1069 5717 1285 5769 οἰκείων
1308 5718 1582 5785 κληρικῶν
1608 5720 1699 5770 καὶ
1730 5723 1827 5787 τῆς

1936 5450 2054 5505 laedi
2108 5453 2638 5523 archiepiscopatum
2693 5473 2759 5511 cx
2815 5474 2881 5514 eo
2932 5460 3073 5527 quod
3123 5463 3239 5529 ejus
3291 5465 3485 5528 praesul

1936 5551 2131 5610 praeter
2179 5545 2499 5598 sententiam
2544 5561 2761 5601 suorum
2815 5551 3129 5603 clericurutn
3183 5560 3237 5603 et
3284 5565 3487 5618 magna:

1937 5632 2122 5699 synodi
2151 5631 2293 5685 fecit.
2331 5633 2648 5689 Fueruutet
2675 5639 2839 5690 multa
2890 5638 3193 5693 huiusmodi
3244 5640 3347 5691 alia
3399 5653 3485 5705 sy-

1934 5721 2142 5774 nodalia
2173 5723 2396 5786 judicia.

277 5804 524 5875 μεγάλης
568 5806 806 5861 συνόδου.
870 5808 1128 5873 Γέγονασι
1169 5808 1224 5861 δὲ
1274 5808 1369 5862 καὶ
1420 5808 1578 5861 ἄλλαι
1643 5810 1834 5862 πολλαὶ
1871 5811 2115 5864 τοιαῦται
2141 5814 2344 5882 κρίσεις
2374 5813 2665 5869 συνοδικαί.
