4136 6470
692 386 797 451 387

770 603 785 633 ι
826 585 1186 652 t'epetat,jure
1221 597 1360 653 agat.
1384 605 1402 636 ι

771 679 900 726 Ante
948 675 1090 741 leges
1159 677 1548 744 imperatorias,
1605 685 2049 742 quemadmodum
2095 694 2146 737 et
2195 701 2244 736 .n

691 765 984 818 centesimo
1025 766 1232 817 decimo
1278 769 1503 834 septimo
1550 785 1753 826 canone
1809 777 2060 841 seriptum
2125 786 2244 839 est,

692 857 734 906 si
765 855 883 923 quis
910 855 1190 923 episc0pus
1239 859 1306 910 ab
1350 857 1539 912 haeresi
1569 861 1743 929 aliqua
1781 865 1845 915 ad
1880 864 2034 915 (idem
2063 868 2247 916 ortho-

692 944 882 994 doxam
913 946 1204 1012 parmciam
1247 946 1476 1014 aliquam
1509 951 1791 1011 cotivertit,
1827 951 1892 1003 ab
1915 967 1978 1002 eo
2010 963 2246 1016 tempore

691 1046 808 1084 eam
850 1034 1178 1108 possidebat,
1215 1047 1395 1089 etnon
1427 1047 1635 1102 poterat
1664 1039 1933 1107 quispiam
1966 1041 2244 1107 episcopo-

694 1138 830 1184 rum,
869 1124 932 1173 ad
969 1138 1128 1190 quem
1155 1126 1403 1178 ilimccsis
1434 1125 1520 1178 illa
1565 1128 1888 1193 pertinebat.
1921 1145 2038 1181 eain
2094 1145 2242 1183 revo-

689 1227 834 1263 care.
863 1213 928 1263 At
953 1223 1069 1279 post
1102 1213 1245 1280 leges
1273 1215 1338 1266 de
1369 1229 1430 1266 eo
1453 1214 1606 1279 latas,
1643 1218 1846 1286 synodo
1877 1218 2074 1286 placuit
2100 1235 2242 1284 eum,

689 1300 777 1365 qui
821 1302 1093 1368 regionem
1127 1303 1362 1368 aliquam
1415 1303 1479 1355 ad
1524 1303 1680 1356 ﬁdem
1719 1305 2071 1359 orthodoxam
2113 1322 2242 1359 con-

697 1389 873 1452 vertit,
909 1401 958 1442 et
994 1407 1088 1458 per
1120 1392 1407 1444 triennium
1438 1407 1552 1444 eam
1593 1396 1846 1460 possedit,
1881 1412 1908 1448 ει
1945 1398 2155 1451 nemine
2187 1408 2244 1450 ut

689 1491 806 1528 eam
835 1489 1113 1545 repetente
1133 1481 1372 1534 moleStia
1389 1481 1637 1534 atl’eclum
1657 1483 1982 1552 inculpatum
2003 1501 2240 1550 manere,

688 1579 741 1620 et
767 1583 882 1620 eam
918 1567 986 1620 ab
1017 1569 1119 1622 isto
1157 1585 1260 1620 non
1290 1571 1518 1637 amplius
1559 1573 1761 1638 repeti,
1820 1572 1862 1624 si
1920 1574 2056 1626 intra
2090 1575 2245 1626 trien-

691 1657 836 1709 nium
865 1658 1067 1711 exstitit
1097 1660 1400 1727 episcopus,
1435 1661 1522 1728 qui
1554 1676 1668 1713 eam
1698 1673 1982 1728 repeteret,
2005 1674 2057 1717 et
2088 1666 2242 1731 quie-

691 1747 786 1798 vit.
819 1747 873 1800 Si
909 1750 1049 1801 enim
1104 1751 1353 1813 ecclesia,
1391 1768 1507 1818 qua:
1558 1753 1610 1803 in
1651 1752 1920 1818 regionem
1980 1754 2125 1806 illam
2173 1756 2239 1807 ab

693 1838 879 1889 haeresi
916 1855 1253 1902 conversam,
1291 1839 1377 1906 jus
1427 1841 1604 1902 habet,
1642 1842 1893 1909 episcopo
1950 1844 2238 1907 vacaverit,

692 1929 915 1993 proinde
941 1931 1422 1984 triennaliscursus
1445 1933 1491 1985 ei
1523 1935 1752 1996 nocebit,
1782 1943 2061 2001 postquam
2103 1935 2154 1987 in
2179 1950 2239 1989 ea

691 2017 748 2068 lit
779 2019 1079 2084 episcopus.
1128 2020 1231 2074 Sed
1261 2033 1314 2074 et
1362 2022 1590 2089 pat'mcia
1625 2023 1799 2090 aliqua
1844 2023 2239 2079 Donatistarum

685 2108 946 2174 episcopi,
972 2109 1015 2160 si
1046 2109 1109 2161 ad
1144 2111 1464 2163 catholicam
1522 2112 1816 2166 Ecclesiam
1873 2126 2237 2180 convertatur,

687 2203 830 2253 etab
854 2215 916 2254 eo
947 2201 1036 2267 qui
1068 2201 1239 2269 ipsam
1273 2204 1336 2254 ad
1373 2204 1528 2255 [idem
1571 2206 1835 2258 convertit
1882 2207 2237 2260 orthodoxam

689 2290 775 2342 diu
807 2289 1026 2342 detenta
1056 2290 1190 2352 fuit;
1230 2300 1409 2357 postea
1453 2304 1626 2345 autem
1680 2304 1734 2346 et
1795 2295 1903 2362 ipse
1965 2296 2237 2349 Donatista

686 2381 974 2445 episc0pus
1002 2380 1065 2431 ad
1095 2378 1214 2430 ﬁdei
1265 2378 1551 2433 Catholica:
1579 2383 1786 2434 accedit
1839 2385 2086 2438 unionem
2115 2404 2128 2438 :
2163 2387 2198 2441 li
2218 2416 2240 2428 -

689 2469 829 2521 cebit
856 2470 902 2521 ei
938 2470 1078 2521 intra
1129 2469 1442 2533 triennium,
1474 2486 1503 2522 a
1532 2485 1636 2538 quo
1683 2486 1974 2527 conversus
2003 2487 2102 2538 est,
2149 2491 2242 2543 pa-

692 2557 909 2610 ruae-iatn
977 2559 1043 2613 ad
1113 2559 1364 2614 thronum
1440 2575 1596 2615 suum
1662 2563 2016 2628 pertinentem
2081 2581 2238 2621 revo-

688 2662 828 2704 care.

1236 2915 1461 2971 CANON
1495 2917 1681 2972 CXXl.

696 3022 715 3053 ε
762 3002 834 3057 De
867 3003 931 3056 iis
961 3006 1054 3072 qui
1085 3005 1346 3060 invadunt
1376 3008 1619 3077 populos,
1662 3025 1797 3080 quos
1846 3023 2033 3080 putant
2082 3031 2147 3069 au
2182 3037 2240 3071 se

765 3113 783 3144 ι
823 3097 1119 3163 pertinere,
1152 3111 1347 3167 praeter
1389 3103 1712 3155 voluntatem
1765 3118 1949 3157 eorum
1985 3107 2075 3174 qui
2125 3107 2242 3160 illos
2270 3121 2313 3176 ο

765 3203 782 3235 ι
826 3188 1121 3255 possident.
1152 3188 1412 3243 Similiter
1446 3193 1663 3258 placuit,
1704 3204 1759 3248 ut
1790 3196 2096 3263 quicunque
2123 3198 2237 3262 epi-

767 3295 785 3328 ι
823 3279 968 3345 scopi
1011 3280 1252 3346 pepulos,
1283 3295 1417 3347 quos
1448 3282 1516 3334 ad
1563 3299 1713 3336 suam
1752 3285 1930 3337 sedem
1975 3286 2244 3352 pertinere

769 3387 785 3418 ι
829 3372 1159 3433 existimant,
1193 3387 1295 3424 non
1333 3373 1403 3424 ita
1435 3383 1699 3441 repetant,
1740 3386 1793 3427 ut
1821 3375 1939 3427 aliis
1979 3378 2243 3443 episcopis

768 3481 784 3510 ι
819 3461 1184 3530 judicanlibus
1211 3464 1311 3517 hoc
1363 3475 1556 3531 agant,
1603 3469 1692 3517 sed
1743 3465 1985 3532 populos,
2035 3467 2121 3532 qui
2178 3466 2243 3520 ab

767 3569 783 3600 ι
826 3551 949 3603 aliis
979 3550 1306 3615 detinentur,
1339 3554 1614 3615 invadant,
1651 3555 1762 3606 sive
1792 3554 1953 3606 velint
2000 3554 2112 3608 sive
2156 3572 2244 3608 no-

769 3655 787 3688 ι
827 3638 944 3701 lint,
980 3653 1156 3691 causae
1186 3653 1296 3692 suae
1323 3642 1533 3706 jactura
1566 3641 1859 3694 multentur
1888 3661 1902 3695 :
1937 3651 1990 3695 et
2015 3645 2244 3711 quicun-

766 3746 782 3777 ι
822 3741 925 3796 que
950 3726 1133 3794 utique
1162 3728 1262 3781 hoc
1298 3728 1560 3791 fecerunt,
1587 3729 1631 3780 si
1661 3743 1763 3782 non
1800 3731 1937 3782 inter
1965 3732 2242 3800 episcopos

765 3837 785 3871 ι
820 3833 1082 3874 consensu
1116 3820 1388 3888 negotium
1432 3821 1667 3885 ﬁniatur,
1715 3823 1806 3876 sed
1844 3824 2017 3877 adhuc
2069 3823 2136 3877 de
2179 3840 2242 3878 eo

766 3929 784 3960 ι
830 3910 1187 3973 contendant;
1225 3911 1271 3963 is
1299 3911 1364 3962 ab
1399 3925 1462 3964 eo
1496 3911 1754 3976 discedat,
1791 3929 1944 3981 quem
1964 3923 2239 3968 ostensum

764 4019 784 4052 ι
821 4000 982 4054 fuerit
1033 4001 1289 4068 neglectis
1337 4000 1606 4066 iudicibus
1632 4003 2012 4057 ecclesiasticis
2040 4007 2090 4058 in
2119 4021 2240 4058 eum

767 4111 783 4142 ι
822 4095 1075 4160 impetum
1099 4092 1314 4145 fecisse.
1350 4092 1455 4145 Nec
1479 4092 1580 4146 sibi
1615 4093 1877 4160 quispiam
1911 4095 2240 4159 blandiatur,

765 4198 784 4231 ι
827 4183 870 4235 si
905 4197 934 4234 a
965 4182 1196 4247 pritnate
1225 4182 1289 4233 de
1326 4182 1646 4247 possidendo
1694 4182 1903 4236 litteras
1951 4185 2237 4249 acceperit.

767 4287 787 4321 ι
826 4270 931 4324 Sed
955 4271 1070 4324 sive
1101 4269 1293 4321 habeat
1346 4268 1572 4329 litteras,
1603 4267 1714 4321 sive
1765 4285 1890 4329 non,
1950 4269 2240 4323 conveniat

769 4377 786 4410 ι
821 4373 944 4413 eum
976 4357 1062 4425 qui
1091 4357 1346 4424 possidet,
1379 4367 1433 4409 et
1461 4357 1528 4408 ab
1554 4371 1616 4409 eo
1651 4357 1856 4408 litteras
1883 4357 2108 4424 accipiat
2135 4374 2148 4420 ;
2183 4369 2240 4410 ut

765 4467 784 4502 ι
823 4449 869 4504 is
910 4449 1152 4502 videatur
1205 4447 1442 4517 paciﬁcc,
1489 4462 1604 4514 qua:
1648 4447 1712 4498 ad
1773 4447 1944 4514 ipsum
1983 4448 2232 4512 pertinet,
2268 4442 2313 4499 υ

767 4559 785 4590 ι
823 4538 1116 4592 Ecclesiam
1178 4537 1494 4605 possidere:
1531 4538 1611 4589 sin
1659 4546 1836 4589 autem
1891 4537 1978 4589 ille
2031 4549 2244 4590 contra-

766 4649 784 4680 ι
835 4631 966 4682 riam
998 4630 1344 4696 quaestionem
1402 4628 1637 4691 referat;
1680 4631 1795 4696 ipsa
1840 4643 2050 4696 quoque
2103 4629 2241 4680 inter

768 4737 786 4770 ι
826 4719 1104 4786 episc0pos
1131 4717 1427 4782 iudicantes
1457 4717 1690 4779 ﬁniatur,
1740 4716 1853 4769 sive
1878 4732 2011 4782 quos
2043 4715 2243 4783 primas

773 4824 791 4856 ι
828 4808 874 4858 ei
903 4807 1126 4868 dederit,
1163 4807 1275 4859 sive
1300 4819 1434 4873 quos
1475 4805 1571 4872 ipsi
1608 4805 1810 4857 vicinos
1848 4818 2114 4856 c0nsensu
2152 4805 2244 4854 de-

767 4911 786 4945 ι
832 4896 1075 4964 legerint.
1113 4913 1130 4944 ι

764 5181 957 5235 BALS.
1002 5183 1108 5236 Lex
1160 5197 1371 5251 quoque
1424 5183 1596 5235 civilis
1647 5183 1854 5244 statuit,
1894 5182 2068 5248 utqui
2126 5183 2242 5236 sine

696 5272 1036 5338 magistratus
1062 5271 1387 5324 auctoritate
1419 5285 1527 5324 rem
1561 5270 1826 5336 prOpriam
1858 5269 2162 5332 abstulerit,
2193 5273 2239 5324 is

693 5365 760 5414 ah
794 5379 856 5415 ea
892 5365 1126 5416 excidat.
1159 5363 1400 5416 Praesens
1426 5378 1637 5432 quoque
1669 5377 1840 5416 canon
1886 5362 2150 5426 decernit,
2190 5375 2245 5416 ut

693 5457 779 5521 qui
814 5470 871 5507 se
901 5454 1068 5523 plebis
1093 5455 1171 5507 vel
1207 5455 1438 5522 regiOnis
1467 5453 1557 5522 jus
1586 5455 1783 5506 habere
1811 5453 2144 5518 existimant,
2177 5471 2241 5508 ne

693 5558 810 5595 eam
848 5559 940 5595 sua
971 5543 1291 5596 auctoritate
1318 5543 1735 5610 apprehendant,
1774 5545 1884 5598 sive
1934 5547 2034 5598 hoc
2079 5545 2243 5597 velint

697 5633 894 5699 populi.
921 5633 1031 5685 sive
1059 5633 1259 5697 nolint;
1294 5633 1386 5685 sed
1426 5647 1542 5701 qua:
1568 5632 1635 5684 ah
1667 5633 1786 5686 aliis
1811 5633 2075 5702 episcopis
2105 5635 2241 5686 deti-

698 5735 913 5788 nentur,
950 5724 1211 5792 ejusmodi
1247 5724 1510 5792 regiones,
1544 5738 1663 5779 cum
1717 5725 2000 5792 episcopali
2040 5725 2244 5791 judicio

1940 381 2038 442 ΤΠ
2053 385 2213 444 BOD.
2263 387 2349 443 BA
2361 383 2652 447 LSAMON

771 519 784 544 ι
826 511 936 554 sus,
971 495 1013 546 si
1047 495 1183 545 intra
1217 494 1523 557 triennium,
1570 509 1598 546 a
1643 509 1749 564 quo
1800 509 2090 550 conversus
2143 506 2242 558 est,
2278 504 2317 554 Α

3803 388 3908 451 3:33

2428 518 2443 547 ι
2487 515 2584 559 ποῖ
2612 499 2718 551 ἀπὸ
2751 499 3002 562 Δονάτου,
3034 499 3079 549 εἰ
3111 499 3254 558 ἐντὸς
3299 497 3539 564 τριετίας
3571 498 3665 564 ἀφ’
3693 493 3754 553 οὗ
3812 503 3907 553 ἐπ-

2429 608 2445 638 ι
2485 589 2744 656 έστρεψεν
2767 590 2949 655 ἐνάγει
2969 623 2990 653 φ
3015 589 3276 654 ἐναγέτω.

2421 679 2530 745 "pb
2560 677 2658 744 μὲν
2689 679 2797 729 τῶν
2827 678 3120 746 βασιλικῶν
3155 678 3355 746 νόμων,
3382 679 3564 742 καθὼς
3593 680 3688 731 καὶ
3715 681 3772 732 ἐν
3826 683 3905 750 τῷ

2355 768 2630 836 ἑκατοστῷ
2688 768 3132 835 ἑπτακαιδεκάτῳ
3185 769 3367 821 κανόνι
3423 769 3658 837 ἐγράφη,
3709 770 3763 820 εί
3817 787 3905 833 τις

2347 857 2644 916 ἐπίσκοπος
2674 856 2780 908 ἀπὸ
2810 858 3076 926 αἱρέσεώς
3103 875 3245 920 τινος
3287 859 3364 920 είς
3398 858 3705 926 ὀρθοδοξίαν
3770 877 3901 927 μετ-

2345 945 2576 1013 έστρεφε
2610 947 2902 1014 παροικίαν
2921 950 3060 1010 τινὰ,
3094 949 3311 1014 κατεῖχε
3334 949 3534 1014 ταύτην
3551 948 3903 1014 ἀπεντεῦθεν,

2345 1037 2438 1084 καί
2479 1035 2576 1085 οὑκ
2606 1033 2834 1100 ὴδύνατό
2862 1053 2946 1096 τις
2978 1034 3087 1086 τῶν
3129 1035 3462 1098 ἐπισκόπων,
3496 1027 3645 1100 ᾧτινι
3697 1036 3730 1103 ἡ
3783 1051 3904 1086 τοι·

2345 1125 2484 1192 αὐτη
2518 1123 2683 1191 ἀνῆκε
2723 1125 3005 1194 διοίκησις,
3056 1123 3444 1177 ἀνακαλεῖσθαι
3501 1125 3685 1191 αὑτήν.
3744 1125 3908 1177 Μετά

2345 1214 2399 1266 δὲ
2437 1217 2555 1277 τοὺς
2589 1219 2712 1283 περὶ
2755 1216 2943 1271 τούτου
3003 1216 3198 1281 νόμους
3247 1215 3409 1282 ἠρτσε
3449 1219 3513 1284 τῇ
3555 1216 3757 1284 συνόδῳ
3809 1213 3907 1267 τὸν

2351 1307 2802 1375 μεταστρέψαντα
2833 1309 2912 1369 είς
2956 1309 3054 1376 τὴν
3083 1306 3394 1375 όρθοδοξίαν
3420 1307 3603 1374 χώραν
3631 1309 3774 1369 τινὰ,
3807 1296 3906 1358 καὶ

2344 1395 2436 1445 ἐπὶ
2467 1395 2704 1460 τριετίαν
2766 1396 3103 1463 κατασχόντα
3155 1395 3344 1462 αὐτὴν,
3419 1395 3492 1462 μὴ
3561 1394 3709 1458 παρά
3753 1410 3906 1454 τινος

2343 1482 2661 1550 ὀχληθέντα,
2694 1483 2768 1546 ὠς
2786 1484 2988 1551 ταύτην
3024 1483 3489 1551 ἀναζητήσαντος,
3528 1483 3709 1552 μένειν
3740 1481 3906 1546 ἀνέγι

2345 1574 2560 1642 κλητον,
2593 1577 2688 1626 καὶ
2722 1573 2920 1642 μηκέτι
2949 1573 3150 1642 ταύτην
3175 1571 3560 1638 ἀναζητετσθαι
3589 1573 3680 1623 ἀπ’
3711 1571 3902 1633 αὑτοῦ,

2343 1664 2499 1730 εἴπερ
2524 1663 2670 1722 ἐνἰὸς
2696 1665 2792 1731 τῆς
2828 1665 3069 1734 τριετίας
3115 1663 3358 1731 ὑπῆρχεν
3384 1664 3678 1724 ἐπίσκοπος
3713 1664 3738 1714 ὁ
3770 1661 3907 1729 μὲλ-

2343 1753 2448 1805 λων
2476 1755 2814 1823 ἀναζητῆσαι
2854 1757 3041 1825 αὐτὴν,
3077 1755 3172 1808 καὶ
3201 1755 3491 1824 ἡσύχασεν.
3528 1753 3585 1804 Et
3629 1754 3735 1819 γὰρ
3768 1752 3903 1819 ἐχή-

2346 1861 2500 1914 ρευεν
2533 1844 2828 1898 ἐπισκόποὺ
2868 1850 2900 1916 ὴ
2934 1846 3221 1915 ἐκκλησία,
3253 1848 3284 1913 ὴ
3321 1844 3675 1912 δικαιουμένη
3704 1844 3795 1893 ἐπὶ
3829 1843 3898 1911 τῇ

2343 1935 2494 2004 χώρᾳ
2522 1936 2704 2006 ἐκείνῃ
2731 1941 2795 2004 τῇ
2825 1938 2931 1989 ἀπὸ
2960 1939 3058 2006 τῆς
3099 1938 3360 2005 αἱρέσεως
3440 1933 3904 2002 μεταστραφείη,

2342 2026 2526 2076 ἔκτοτε
2594 2029 2626 2095 ὴ
2669 2026 2994 2096 παραδρομὴ
3051 2025 3143 2078 τοῦ
3178 2024 3420 2095 τριεττῦς
3487 2025 3677 2091 χρόνου
3733 2023 3900 2076 αὑτὸν

2347 2112 2558 2182 βλάψει,
2595 2115 2725 2182 μευὸ
2760 2117 2984 2183 γένηται
3013 2115 3100 2167 ἐπ’
3128 2117 3259 2183 αὐτῇ
3278 2115 3589 2174 ἐπίσκοπι-ς.
3613 2112 3771 2164 Ἀλλὰ
3804 2112 3903 2164 καὶ

2347 2203 2603 2272 παροικία
2650 2221 2730 2265 τις
2765 2205 3062 2256 ἐπισκόπου
3091 2206 3198 2256 τῶν
3252 2205 3606 2264 Δονατιστῶν,
3637 2197 3729 2256 ἐὰν
3764 2204 3904 2271 πρὸς

2341 2295 2437 2362 τὴν
2465 2296 2761 2353 καθολικὴν
2807 2297 3148 2365 μεταστρέψῃ
3197 2296 3540 2364 Ἐκκλησίαν,
3570 2297 3662 2347 καὶ
3722 2312 3898 2347 κατα-

2346 2385 2504 2454 σχεθῇ
2536 2385 2630 2438 ἐπὶ
2664 2387 2828 2438 πολὺν
2854 2388 3043 2456 χρόνον
3080 2389 3228 2457 παρᾶ
3282 2387 3375 2439 τοῦ
3425 2386 3905 2455 μεταστρέψαντος

2343 2476 2509 2543 αὐτὴν
2529 2479 2608 2538 είς
2631 2480 2728 2544 τὴν
2754 2477 3092 2544 όρθοδοξίαν·
3131 2472 3246 2530 εἶτα
3290 2477 3562 2546 προσέλθῃ
3591 2479 3655 2544 τῇ
3685 2475 3903 2543 ἑνότητι

2342 2567 2440 2632 τῆς
2465 2564 2757 2631 καθολικῆς
2792 2566 3023 2626 πίστεως
3049 2568 3140 2618 καὶ
3172 2569 3196 2618 ὁ
3226 2567 3551 2628 Δονατιστὴς
3573 2565 3901 2624 ἐπίσκοπος,

2343 2656 2554 2718 ἐξέσται
2592 2657 2736 2723 αὐτῷ
2786 2659 2934 2718 ἐντὸς
2968 2659 3227 2726 τριετίας,
3292 2659 3383 2725 ἀφ’
3413 2653 3472 2709 οὗ
3535 2654 3901 2724 ὑπέστρεψεν.

2345 2742 2731 2795 ἀνακαλεῖσθαι
2763 2747 2858 2812 τὴν
2897 2747 3206 2815 ἀνήκουσαν
3233 2746 3308 2813 τῷ
3344 2745 3516 2814 θρόνῳ
3545 2741 3707 2794 αὑτοῦ
3756 2758 3902 2811 παρ·

2343 2835 2532 2888 οικίαν.

2889 2927 3122 2978 ΚΛΝΩΝ
3170 2927 3346 2979 PKA'.

2354 3036 2370 3067 ι
2411 3013 2541 3086 Περὶ⁵
2567 3017 2675 3069 τῶν
2701 3021 2808 3078 τοῖς
2835 3018 3002 3081 λαοῖς,
3026 3018 3116 3080 οὓς
3155 3019 3466 3084 νομίζουσιν
3523 3017 3704 3076 αὐτοῖς
3763 3016 3904 3081 ἀνήο

2420 3126 2437 3156 ι
2476 3123 2611 3170 κειν,
2641 3107 3032 3159 ἐπιϐαινόντων
3081 3107 3230 3174 παρὰ
3279 3105 3503 3173 γνώμην
3549 3103 3656 3157 τῶν
3699 3105 3904 3164 αὐτοὺς

2421 3216 2437 3246 ι
2475 3199 2832 3264 κατεχόντων.
2877 3197 3109 3263 ὐμοίως
3166 3198 3384 3265 ἤρεσεν,
3446 3196 3530 3246 ἵνα
3593 3195 3902 3261 οίοιδήποτε

2421 3308 2437 3338 ι
2476 3290 2761 3340 ἐπίσκοποι
2792 3291 2858 3341 τὰ
2899 3289 3096 3357 πλήθη,
3151 3288 3185 3339 ἃ
3236 3286 3517 3354 νομίζουσι
3594 3289 3672 3354 τῴ
3721 3287 3902 3354 θρόνῳ

2423 3398 2438 3427 ι
2482 3379 2661 3429 αὐτῶν
2711 3381 2951 3446 ἀνήκειν,
2997 3379 3071 3446 μὴ
3119 3378 3288 3440 οὕτως
3339 3379 3700 3444 ἁναζητῶσιν,
3757 3377 3902 3428 ὥστε

2424 3489 2440 3518 ι
2480 3470 2650 3521 ἄλλων
2693 3470 3003 3521 ἐπισκόπων
3053 3473 3353 3538 κρινόντων.
3403 3469 3558 3520 τοῦτο
3612 3470 3900 3535 πράττεν,

2425 3578 2441 3608 ι
2488 3559 2731 3611 ἀλλ’ὑπὺ
2781 3561 2967 3626 ἐτέρου
3032 3563 3420 3628 κατεχομένοις
3472 3558 3736 3610 ἐπελθωσι
3786 3561 3903 3620 τοῖς

2431 3673 2446 3700 ι
2489 3653 2654 3714 λαοῖς,
2693 3651 2802 3702 εἴτε
2845 3651 3084 3703 θέλουσιν
3108 3652 3214 3701 εἴτε
3262 3653 3336 3719 μὴ
3375 3650 3608 3710 θέλουσι,
3639 3650 3732 3700 τοῦ
3766 3651 3899 3700 ἰδίου

2422 3761 2436 3789 ι
2482 3744 2804 3808 πράγματος
2832 3740 2929 3808 τὴν
2964 3741 3166 3808 ζημίαν
3195 3740 3561 3806 ὑπομείνωσιν
3584 3757 3599 3770 ο
3636 3740 3731 3792 καὶ
3762 3740 3901 3791 oin-

2423 3849 2439 3878 ι
2478 3845 2560 3888 νες
2593 3827 2789 3895 δήποτε
2813 3828 2971 3879 τοῦτο
2995 3829 3277 3891 ἐποίησαν,
3310 3830 3354 3879 εί
3393 3830 3519 3897 μὴὴ
3555 3830 3755 3897 μεταξὺ
3788 3829 3901 3879 τῶν

2425 3938 2440 3969 ι
2480 3922 2791 3971 ἐπισκόπων
2838 3919 3134 3981 συναίνεσις
3173 3921 3512 3987 ἐπερατώθη,
3547 3921 3658 3972 ἀλλ’
3712 3924 3902 3990 ἀκμὴν

2416 4029 2432 4060 ι
2473 4012 2599 4078 περὶ
2626 4010 2718 4062 τοῦ
2745 4009 2907 4061 αὑτοῦ
2957 4010 3372 4076 φιλονεικοῦσιν,
3427 4013 3637 4073 ἐκεῖνος
3682 4013 3899 4082 ἀποστῇ

2417 4119 2435 4149 ι
2470 4102 2694 4162 ἐκεῖθεν,
2763 4101 2892 4169 περὶ
2951 4095 3009 4151 οὗ
3043 4100 3298 4168 δειχθείη,
3350 4105 3430 4154 ὃτι
3465 4103 3742 4170 παρεὰσας
3775 4105 3904 4165 τοὺς

2425 4207 2442 4239 ι
2479 4191 2964 4257 ἐκκλησιαστικοὺς
2991 4189 3249 4249 δικαστὰς
3280 4190 3462 4254 ἔφοδον
3488 4192 3763 4258 ἐποίησεν.
3789 4192 3902 4242 Καὶ

2417 4299 2434 4330 ι
2473 4279 2544 4348 μὴ
2575 4280 2763 4331 ἑαυτόν
2791 4297 2874 4340 τις
2899 4279 3224 4348 κολακεύσῃ,
3251 4281 3299 4330 εί
3325 4281 3388 4330 ἐκ
3418 4279 3510 4331 τοῦ
3531 4280 3900 4347 πρωτεύοντος

2417 4389 2434 4420 ι
2477 4371 2778 4440 γράμματα
2813 4371 2939 4438 περὶ
2969 4369 3063 4421 τοῦ
3095 4370 3347 4437 κατέχειν
3371 4369 3583 4422 ἐλαϐεν.
3624 4370 3762 4422 Ἀλλ’
3789 4371 3900 4423 εἴτε

2415 4481 2430 4510 ι
2469 4465 2774 4530 γράμματα
2823 4463 2956 4530 ἔχει,
3002 4462 3110 4512 εἴτε
3156 4461 3256 4513 οὐκ
3341 4462 3478 4529 ἔχει.
3544 4462 3772 4531 συνέλθῃ
3822 4464 3900 4531 τῷ

2415 4571 2431 4603 ι
2472 4558 2773 4620 κατέχοντι,
2819 4555 2913 4604 καὶ
2963 4554 3092 4621 παρ’
3141 4552 3306 4603 αὑτοῦ
3359 4551 3662 4620 γράμματα
3721 4552 3898 4617 λιὶὅοι,

2423 4664 2438 4693 ι
2481 4644 2620 4695 ὥστε
2670 4645 2906 4710 φανῆναι
2930 4644 3115 4696 τοῦτον
3153 4645 3443 4712 εἰρηνικῶς
3471 4646 3568 4710 τὴν
3594 4643 3742 4710 αὐτῷ
3768 4645 3904 4712 ἀνή-

2424 4753 2439 4782 ι
2479 4749 2679 4783 κουσαν
2713 4731 2962 4799 κατέχειν
3018 4731 3344 4800 ἐκκλησίανο
3405 4733 3499 4785 ἐὰν
3539 4733 3596 4785 δὲ
3651 4735 3905 4797 κάκεῖνός

2423 4842 2440 4872 ι
2475 4840 2593 4874 τινα
2630 4821 2856 4889 ζήτησιν
2886 4824 3248 4890 ἁντεναγάγη,
3284 4824 3373 4873 καὶ
3412 4823 3549 4892 αὐτὴ
3602 4826 3894 4894 περατωθῇ

2424 4937 2439 4962 ι
2479 4914 2679 4980 μεταξὺ
2717 4913 3027 4967 ἐπισκόπων
3061 4917 3372 4982 κρινόντων,
3412 4913 3527 4965 εἴτε
3571 4913 3662 4976 οὓς
3691 4916 3718 4965 ὁ
3753 4931 3903 4980 πρω-

2423 5024 2439 5055 ι
2477 5004 2646 5056 τεύων
2686 5006 2867 5065 αὐτοῖς
2920 5005 3016 5073 δῷ,
3069 5005 3176 5056 εἴτε
3229 5004 3321 5066 οὓς
3368 5003 3717 5071 γειτνιῶντας
3759 5005 3902 5056 κατὰ

2423 5112 2439 5143 ι
2477 5093 2776 5144 συναίνεσιν
2805 5091 3178 5156 ἐπιλέξωνται.
3208 5111 3228 5144 ι

2428 5184 2620 5236 ΒΑΛΣ.
2676 5184 2784 5234 Καὶ
2836 5187 2862 5235 ὁ
2914 5183 3187 5244 πολιτικὸς
3253 5183 3413 5249 νόμος
3469 5182 3757 5251 διορίζεται
3809 5183 3902 5235 τὸν

2348 5273 2596 5342 ἀνάρχως
2623 5273 2681 5324 τὸ
2711 5273 2843 5325 ἴδιον
2874 5273 3207 5341 ἀφελόμενον
3259 5273 3543 5326 ἐκπίπτειν
3578 5273 3764 5326 αὑτοῦ.
3792 5274 3900 5325 Καὶ

2348 5367 2375 5415 ὁ
2405 5363 2590 5432 παρὼν
2621 5363 2674 5414 δὲ
2710 5362 2887 5414 κανὼν
2915 5363 3202 5432 διορίζεται
3230 5365 3353 5425 τοὺς
3390 5364 3743 5428 ἐπισκόπους,
3776 5365 3902 5426 τοὺς

2349 5452 2661 5520 νομίζοντας
2684 5453 2825 5521 ἔχειν
2852 5453 3054 5506 δῖκαιον
3074 5455 3333 5522 πλήθους,
3360 5455 3526 5523 ἤγουν
3557 5455 3793 5522 ἐνορίας,
3826 5457 3904 5525 μὴ

2351 5543 2677 5605 αὑθεντιγῶς
2708 5544 3120 5613 ἐπιδράττεσθαι
3143 5545 3372 5615 ταύτης,
3400 5546 3500 5596 κᾶν
3524 5545 3715 5597 θέλωσι
3746 5547 3906 5598 τοῦτο

2351 5636 2396 5686 oi
2425 5636 2564 5697 λαοὶ,
2595 5636 2697 5687 κᾶν
2728 5635 2802 5703 μὴ
2833 5636 3080 5699 θέλωσιν,
3121 5636 3254 5688 ἀλλὰ
3302 5638 3521 5705 ἐκνικᾷν
3549 5639 3643 5698 τὰς
3681 5654 3909 5706 κατεχο-

2357 5723 2521 5793 μένας
2565 5724 2692 5794 παρ’
2751 5725 2954 5794 ἐτέρων
3023 5728 3333 5780 ἐπισκόπων
3386 5728 3637 5790 τοιαύτας
3691 5730 3907 5800 ὲνηρὶατ
