4136 6468
304 442 409 505 339

1321 437 1397 496 IN
1448 436 1612 497 CAN.
1649 428 1826 493 CXXI
1866 430 2087 489 CONC:
2112 428 2485 486 CAli'l‘liAG.

3399 425 3503 486 390

306 554 442 617 μετὰ
503 550 736 616 κρίσεως
792 544 1189 613 ἔπεσκοπικῆς*
1246 546 1293 596 εἰ
1370 545 1425 596 δέ
1481 542 1853 609 αὐτεκδίκητοι

1959 537 2206 592 evincant
2243 554 2257 589 :
2286 538 2365 589 siu
2397 540 2572 587 autem
2601 531 2835 600 sibiipsis
2872 530 2958 597 ius
2986 531 3231 593 dixerint,
3271 536 3344 590 rei
3382 552 3503 604 pra-

301 635 590 703 γένωνται,
623 633 823 702 ζημίαν
874 633 1163 700 ὑπομένειν
1192 630 1285 682 τοῦ
1337 630 1465 682 ἰδίου
1507 629 1856 698 πράγματος,

303 727 471 793 ἣγουν
503 726 793 778 ἐκπίπτειν
816 723 908 776 τοῦ
938 723 1135 775 οἰκείου
1174 720 1401 773 δικαίου.
1428 720 1596 772 Τοῦτο
1620 720 1675 771 δὲ
1706 718 1859 770 ἔσται

304 816 397 867 καὶ
429 816 508 877 εἰς
537 816 665 875 τοὺς
712 814 848 882 μετὰ
896 810 1265 881 προκάταρξιν
1324 810 1399 879 μὴ
1460 810 1859 877 άναμείναντας

302 908 398 972 τήν
432 902 793 972 ὲπισκοπικὴν
818 902 1121 965 δικαίωσιν,
1147 900 1283 953 ἀλλὰ
1307 898 1637 959 αύθεντικῶς
1660 898 1852 949 ἔπιλαο

304 994 562 1061 δομένους
590 993 686 1053 τῆς
719 991 955 1060 ὲνορίας.
1006 989 1115 1041 Καὶ
1165 988 1239 1057 μή
1264 1004 1368 1049 τις,
1427 986 1606 1053 φησὶν,
1670 983 1859 1036 ἑαυτὸν

307 1081 629 1151 κολακεύσῃ,
648 1081 767 1134 ἀντὶ
786 1079 903 1142 τοῦ.
922 1080 1200 1150 ἀπατήσῃ.
1232 1078 1313 1129 ὅτι
1344 1077 1407 1129 ἔκ
1432 1074 1524 1127 τοῦ
1554 1075 1887 1143 πρωτεῦον..

304 1191 391 1236 τος
418 1175 535 1241 ἢτοι
565 1171 658 1223 τοῦ
700 1169 1092 1240 μητροπολίτου
1150 1167 1451 1235 γράμματα
1500 1164 1691 1218 ἔλασεν
1738 1164 1861 1216 ἔπι-

303 1262 567 1330 τρέποντα
593 1259 739 1325 αὺτῷ
761 1259 858 1325 τὴν
883 1256 977 1310 τοῦ
1012 1256 1179 1308 τόπου
1208 1256 1564 1323 κατάσχεσιν.
1600 1252 1719 1303 Ehe
1750 1250 1858 1320 γάρ

304 1350 416 1417 ἔχει
448 1348 772 1418 γράμματα.
806 1346 912 1398 εἴτε
951 1345 1050 1398 οὐκ
1079 1344 1214 1412 ἔχει,
1244 1345 1292 1395 εἰ
1326 1342 1399 1411 μὴ
1416 1342 1507 1394 τοῦ
1537 1342 1858 1409 κατέχοντος

302 1442 394 1491 τὸν
429 1434 555 1490 λαὸν
595 1438 686 1489 τὸν
720 1434 1086 1503 ἔκνικώμενον
1112 1434 1254 1504 λάϐῃ
1314 1433 1637 1500 γράμματα,
1664 1428 1731 1482 δι’
1783 1422 1859 1481 ὧν

306 1527 617 1595 φανήσεται
653 1526 792 1579 κατὰ
825 1526 1051 1592 γνώμην
1082 1523 1287 1575 ἐκείνου
1342 1521 1629 1590 εἰρηνικῶς
1658 1536 1857 1576 ,κατα-

309 1616 456 1685 σχὼν
490 1616 588 1686 τὴν
616 1616 975 1685 διαφέρουσαν
1002 1613 1148 1681 αὐτῷ
1166 1603 1398 1680 ἔῦορίαν,
1430 1612 1743 1663 ἐκπεσεῖται
1765 1608 1857 1661 τοῦ

301 1707 510 1759 δικαίου
545 1705 729 1759 αὑτοῦ.
784 1704 907 1757 Ἐὰν
940 1703 997 1756 δὲ
1056 1704 1150 1755 καὶ
1201 1701 1526 1768 ἔναγόμενος
1564 1700 1855 1769 ἀντενάγῃ,

300 1797 581 1847 τουτέστιν
604 1793 1018 1863 άνταιτιάσηται
1040 1792 1131 1844 τὸν
1163 1792 1445 1857 ἔνάγοντα,
1488 1789 1574 1841 ἵνα
1605 1791 1696 1842 καὶ
1722 1789 1856 1857 αὕτη

1961 626 2090 694 prie:
2122 624 2388 692 iacturam
2410 623 2734 685 sustineant,
2766 622 2969 677 scilicet
2996 638 3023 674 a
3049 639 3145 674 suo
3193 625 3315 693 jure
3359 629 3507 680 exci-

1958 718 2107 772 dant.
2131 713 2293 785 65‘,
2329 713 2439 766 Hoc
2465 727 2677 781 quoque
2703 714 2782 768 eis
2809 714 3040 777 eveniet,
3087 714 3177 782 qui
3225 727 3345 783 post
3392 732 3508 771 ca:-

1960 818 2107 876 ptum
2133 792 2395 872 judicium
2429 805 2781 873 episcopalem
2816 806 3136 859 sententiam
3183 822 3285 861 non
3314 800 3509 877 exspe-

1957 897 2248 959 etaverint,
2282 897 2374 950 sed
2407 911 2500 950 sua
2535 896 2857 950 auctoritate
2905 897 3171 964 regionem
3210 900 3509 965 apprehen-

1959 986 2155 1040 derint.
2187 984 2293 1039 Nec
2318 985 2459 1054 quis,
2490 985 2683 1053 inquit,
2730 986 2831 1039 sibi
2882 985 2981 1054 ipsi
3044 986 3366 1052 blandiatur,
3407 990 3507 1043 hoc.

1958 1081 2062 1136 est,
2096 1074 2330 1139 seipsum
2356 1072 2607 1141 decipiat,
2638 1074 2780 1141 quod
2811 1088 2838 1126 a
2869 1073 3095 1142 primate
3122 1091 3213 1130 seu
3245 1088 3506 1145 metmpo-

1958 1160 2123 1215 litano
2152 1161 2359 1215 litteras
2390 1166 2654 1229 acceperit
2689 1162 2787 1217 loci
2829 1164 3216 1232 possessionem
3241 1167 3288 1220 ei
3321 1181 3508 1219 conce-

1959 1253 2166 1306 dentes.
2198 1250 2319 1306 Sive
2340 1251 2482 1305 euim
2509 1252 2707 1307 haheat
2732 1252 2961 1316 litteras,
2998 1255 3109 1309 sive
3147 1269 3254 1308 nou
3295 1256 3507 1319 habent,

1960 1341 2064 1395 nisi
2096 1340 2236 1409 ejus,
2282 1340 2371 1408 qui
2405 1340 2659 1409 populum
2717 1343 2781 1395 de
2842 1357 2948 1410 quo
3004 1354 3085 1396 est
3143 1344 3505 1397 ουηινονυτείη

1961 1434 2188 1495 detinet,
2225 1433 2431 1487 litteras
2456 1434 2740 1501 acceperit,
2775 1448 2870 1501 per
2896 1448 3031 1501 quas
3062 1443 3317 1501 appareat
3348 1448 3406 1486 se
3447 1448 3511 1486 ca

1962 1524 2104 1579 illius
2136 1523 2400 1577 sententia
2430 1537 2569 1585 eam,
2594 1539 2711 1590 qua:
2735 1525 2798 1575 ad
2829 1523 3002 1588 ipsum
3037 1524 3294 1590 pertinet.
3338 1522 3515 1591 regio-

1961 1631 2085 1669 ncm
2126 1615 2347 1685 paciilce
2380 1615 2696 1679 obtinuisse,
2742 1630 2769 1668 a
2800 1614 2921 1683 jure
2974 1630 3074 1667 suo
3128 1615 3356 1669 excidet.
3418 1615 3513 1668 Sin

1955 1712 2136 1775 putem
2165 1717 2287 1757 reus
2313 1701 2633 1756 contrariam
2658 1702 3009 1769 quaestionem
3035 1702 3244 1767 inferat,
3286 1705 3384 1755 hoc
3407 1713 3511 1768 est,

1961 1804 2105 1855 eum,
2139 1793 2232 1859 qui
2267 1794 2319 1845 in
2352 1793 2519 1859 ipsum
2552 1793 2825 1845 actionem
2886 1793 3129 1857 intendit,
3173 1792 3514 1847 reconveniat

300 1889 333 1955 ή
365 1885 619 1947 ὑπόθεσις
662 1850 951 1953 περατωθῇ
982 1850 1281 1953 κρινόντων
1307 1850 1640 1933 ἐπισκόπων.
1689 1879 1751 1931 οι
1800 1850 1853 1930 δέ

1962 1893 2059 1933 seu
2097 1881 2494 1943 recriminetur,
2550 1890 2607 1935 ut
2656 1882 2769 1949 ipsa
2812 1898 3025 1951 quoque
3082 1898 3243 1936 causa
3299 1883 3515 1936 ﬁniatur

300 1976 577 2045 κρίνοντες
607 1972 639 2043 ἢ
670 1973 820 2043 παρὰ
865 1971 958 2025 τοῦ
1010 1971 1383 2041 πρωτεύοντος
1432 1968 1769 2039 δοθήσονται,
1818 1968 1851 2038 ἢ

300 2065 442 2117 κατὰ
500 2062 803 2115 συναίνεσιν
865 2061 974 2114 τῶν
1050 2061 1335 2113 ἀντιδίκων
1419 2059 1852 2126 ἔπιλεγήσονται.

310 2154 608 2223 Ἐρωτήσει
638 2152 694 2204 δέ
725 2168 829 2215 τις,
867 2152 941 2214 ὡς
965 2150 1237 2220 διαφόρων
1284 2149 1521 2203 κανόνων
1548 2148 1857 2218 διοριζομέ⁴

300 2262 411 2298 νων
439 2242 820 2313 καθαιρεῖσθαι
851 2243 975 2304 τοὺς
1012 2244 1071 2295 ὲν
1102 2243 1410 2309 ἀλλοτρίαις
1460 2242 1690 2311 ἔνορίαις
1735 2243 1854 2292 ἔπιε

298 2335 564 2385 σκοπικόν
592 2349 640 2383 τι
677 2330 1033 2399 ἐνεργοῦντας
1080 2332 1230 2401 παρὰ
1276 2329 1502 2399 γνώμην
1555 2332 1663 2383 τῶν
1724 2347 1856 2385 κατ-

296 2422 531 2488 εχόντων
548 2422 734 2487 αὑτὰς,
756 2423 869 2485 πῶς
896 2424 922 2474 ό
952 2420 1139 2491 παρὼν
1157 2420 1334 2474 κανὼν
1362 2424 1453 2474 ἰπὶ
1477 2422 1611 2492 μόνῃ
1640 2421 1853 2474 ἐκπτώ-

300 2526 384 2562 σει
418 2510 511 2562 τοῦ
544 2512 831 2581 προσόντος
888 2512 1016 2574 ίσως
1062 2510 1269 2563 δικαίου
1325 2510 1471 2580 αύτῴ
1538 2512 1853 2579 κατακρίνει

293 2601 389 2652 τὸν
415 2598 514 2668 τὴν
545 2600 732 2666 ἔφοδον
757 2600 1092 2667 ποιήσαντας
1131 2601 1329 2665 Λύσις.
1365 2600 1629 2653 Ἐνταῦοα
1650 2600 1850 2653 ὑπόθου

292 2690 479 2744 δίκαια
515 2689 661 2758 ἔχειν
689 2690 900 2759 ἔνορίας
928 2690 1019 2741 τδν
1051 2691 1491 2758 αὐτονομήσαντα
1531 2690 1848 2753 ἐπίσκοπον,

294 2782 395 2830 καὶ
426 2778 511 2830 διὰ
542 2778 697 2830 τοῦτο
745 2778 1059 2846 καθαιρέσει
1116 2778 1212 2849 μὲν
1271 2780 1367 2847 οὐχ
1419 2778 1726 2842 ὑπόκειται,
1762 2781 1851 2831 ὲκ-

294 2868 488 2918 πίπτει
515 2867 570 2919 δὲ
604 2867 697 2919 τοῦ
733 2868 931 2921 οἰκείου
954 2868 1187 2921 δικαίου.
1236 2868 1299 2920 Εί
1353 2870 1459 2936 γὰρ
1505 2870 1645 2937 φανῇ
1711 2870 1847 2937 μετὰ

293 2957 553 3025 ἀληθείας
586 2954 724 3009 εἶναι
752 2958 1035 3027 ἀλλοτρίαν
1089 2959 1185 3027 τὴν
1241 2958 1498 3025 τοιαύτην
1541 2958 1754 3031 ἔνορίαην
1789 2959 1851 3022 ἔξ

291 3046 571 3113 ὀχλήσεως
607 3044 700 3098 τοῦ
724 3046 983 3107 παθόντος
1006 3046 1102 3114 τὴν
1145 3046 1331 3112 ἔφοδον
1381 3044 1702 3110 ἔπισκόπου,
1757 3044 1851 3096 καὶ

296 3136 805 3206 καθαιρεθήσεταιό
856 3138 1190 3203 άτακτήσας.
1253 3137 1375 3190 Ἔτι
1421 3138 1684 3207 ἐρωτήσει
1744 3153 1848 3200 τις,
1880 3180 1923 3237 C

292 3224 372 3286 ὡς
402 3224 493 3276 τοῦ
542 3226 899 3296 πεποιηκότος
947 3226 1043 3295 τὴν
1093 3226 1278 3293 ἔφοδον
1332 3228 1631 3279 ἐπισκόπου
1679 3226 1854 3289 οὕτως

303 3314 628 3376 ἓκπεσόντος
656 3316 747 3366 τοῦ
780 3314 1135 3367 ἔπισκοπικοῦ
1182 3316 1390 3367 δικαίου
1420 3317 1584 3369 αὐτοῦ
1639 3316 1852 3373 ἐνδυνα-

300 3420 419 3471 μως
445 3402 521 3463 ὡς
544 3405 635 3455 ἰπὶ
673 3405 848 3473 οἰκείᾳ
879 3404 1062 3472 ἔνορξᾳ
1100 3394 1482 3455 ἔπισκοπῖεύσει
1530 3407 1557 3456 ὁ
1608 3406 1854 3473 κατέχων

297 3494 488 3562 αὐτὴν,
528 3494 559 3545 ἢ
600 3497 1061 3564 τιμωρηθήσεται,
1090 3495 1165 3557 ὠς
1213 3496 1270 3548 ἐν
1321 3496 1518 3563 εἰδήσει
1570 3495 1853 3564 ἀλλοτρίαν

297 3584 514 3651 ἔνορίαν
541 3584 787 3649 κατέχων
817 3588 908 3636 καὶ
957 3585 1250 3655 ίερουργῶν
1309 3586 1366 3637 ἐν
1407 3587 1582 3655 αὐτῇς
1637 3588 1848 3653 Λύσις.

298 3673 490 3740 Νόμος
524 3674 639 3724 ἐστὶ
705 3673 901 3739 λέγων,
950 3674 1274 3735 Κελεύοντος
1328 3675 1579 3744 ἄρχοντος
1630 3675 1853 3737 δικαίως

295 3764 598 3830 νεμόμεθα,
621 3766 717 3815 καὶ
755 3762 876 3814 ἐπεὶ
914 3764 942 3814 ό
978 3762 1166 3815 παθὼν
1210 3763 1308 3831 τὴν
1340 3764 1524 3830 ἔφοδον
1559 3764 1851 3825 ἐπίσκοπος

297 3853 406 3906 ἀπὸ
428 3852 520 3905 τοῦ
544 3854 762 3915 κανόνος
793 3853 1159 3915 δεδικαίωται,
1194 3854 1269 3914 ὡς
1323 3853 1415 3903 τοῦ
1449 3854 1852 3920 ἀτακτήσαντος

295 3945 634 4011 λογισθέντος
671 3946 933 4013 μηδέποτε
964 3948 1112 4013 σχεῖν
1148 3943 1356 3996 δίκαιον
1391 3945 1467 4006 εἰς
1486 3944 1584 4013 τὴν
1613 3944 1849 4009 ἔνορίαν,

300 4036 785 4103 άποκριματίστως
817 4036 1102 4105 ἐνεργήσει
1160 4035 1490 4087 ἔπισκοπικὰ
1538 4034 1722 4086 δίκαια
1768 4034 1849 4097 εἰς

301 4127 367 4195 ἢν
402 4126 619 4190 κατέχει
649 4126 879 4192 ἔνορίαν,
910 4126 1013 4177 κᾶν
1045 4121 1112 4194 ἦν
1141 4141 1267 4177 ποτε
1311 4123 1581 4192 ἀλλοτρία.
1613 4123 1676 4175 Τί
1708 4122 1784 4183 δὲ,
1804 4124 1845 4190 ’ή

298 4212 497 4275 ἀταξία
537 4212 629 4263 καὶ
674 4212 857 4279 ἔφοδος
915 4211 1007 4263 τοῦ
1070 4210 1493 4279 κατακριθέντος
1546 4209 1847 4261 ἐπισκόπου

297 4302 704 4371 λυμανεῖταιτὰ
739 4300 920 4353 δίκαια
946 4300 1045 4369 τῆς
1099 4298 1415 4368 ἐκκλησίας,
1463 4298 1556 4350 καὶ
1592 4297 1847 4349 ἀποκλει-

300 4392 557 4460 σθήσεται
580 4393 605 4442 ό
635 4390 774 4459 μετὰ
810 4387 999 4442 τοῦτον
1029 4386 1605 4457 χειροτονηθησόμενος
1629 4385 1848 4437 ἔπίσκο-

1954 1966 2321 2033 iudicantibus
2346 1970 2614 2039 episcopis
2649 1988 2662 2023 :
2704 1970 2795 2039 qui
2829 1984 3005 2025 autem
3047 1970 3309 2039 judicant,
3370 1970 3449 2022 vel
3482 1985 3509 2020 .1

1960 2057 2187 2125 primate
2220 2059 2511 2126 dabuntur,
2545 2060 2627 2114 vel
2652 2075 2715 2114 ex
2762 2075 3025 2116 consensu
3078 2061 3509 2115 adversariorum

1959 2147 2244 2215 eligentur.
2317 2148 2734 2217 Interrogaverit
2799 2163 2975 2205 autem
3027 2152 3328 2220 quispiam,
3372 2150 3508 2204 Cum

1960 2237 2155 2289 diversi
2191 2250 2425 2291 canones
2455 2237 2716 2291 deliniant
2754 2254 2846 2293 eos
2894 2242 3253 2307 deponendos,
3312 2239 3402 2307 qui
3457 2240 3508 2289 ia

1959 2326 2148 2379 alienis
2177 2326 2501 2382 dimcesibus
2524 2329 2826 2397 episcopale
2856 2330 2982 2397 quid
3010 2338 3283 2391 exercent,
3317 2339 3510 2396 praeter

1959 2416 2283 2469 sententiam
2340 2433 2524 2471 eorum
2566 2420 2631 2471 ad
2669 2435 2803 2487 quos
2871 2420 3181 2487 pertinent;
3242 2420 3508 2487 quomodo

1957 2518 2191 2573 praesens
2218 2520 2387 2561 canon
2422 2509 2534 2560 sola
2567 2509 2725 2574 juris,
2758 2514 2895 2577 quod
2930 2509 3067 2562 forte
3104 2508 3279 2573 habet,
3333 2511 3511 2576 priva-

1962 2594 2104 2646 tione
2125 2610 2247 2647 eum
2290 2596 2630 2659 condemnat,
2658 2598 2748 2663 qui
2790 2597 3089 2652 invaserit?
3128 2596 3348 2651 Salutio.
3414 2596 3512 2650 llic

1957 2694 2194 2749 suppoue
2218 2684 2549 2750 episcopum,
2594 2686 2682 2753 qui
2729 2685 2830 2740 sibi
2864 2687 2947 2755 jus
2978 2686 3131 2748 dixit,
3172 2688 3262 2755 jus
3318 2688 3513 2741 habere

1959 2768 2205 2824 dimcesis
2234 2789 2247 2823 :
2274 2782 2325 2824 et
2355 2784 2631 2841 propterea
2661 2776 2978 2843 depositioni
3010 2775 3222 2843 quidem
3255 2791 3356 2828 non
3386 2775 3515 2828 sub-

1953 2856 2153 2924 jicitur,
2178 2860 2269 2914 sed
2293 2866 2509 2931 proprio
2523 2864 2643 2932 jure
2664 2866 2883 2919 excidit.
2908 2863 2964 2918 Si
2981 2865 3119 2918 enim
3142 2879 3325 2919 revt-ra
3350 2881 3513 2935 tippu-

1960 2950 2129 3002 ruerit
2158 2951 2383 3005 alienam
2408 2968 2526 3007 esse
2547 2954 2825 3021 dimcesin,
2853 2970 2917 3010 ex
2942 2956 3223 3009 vexatione
3250 2956 3509 3024 episcopi,

1958 3039 2047 3105 qui
2076 3039 2363 3093 violentam
2394 3043 2719 3096 iurasionem
2749 3059 2939 3113 passus
2962 3052 3064 3107 est,
3094 3046 3392 3113 deponetur
3418 3047 3506 3113 qui

1956 3141 2015 3181 se
2046 3127 2341 3183 insolenter
2371 3138 2427 3183 et
2448 3134 2673 3199 superbe
2700 3134 2891 3202 gessit.
2923 3135 3188 3188 Praeterea
3216 3135 3514 3203 intermgn-

1956 3218 2097 3271 verit
2121 3219 2414 3287 quispiam,
2451 3221 2583 3275 Cum
2630 3224 2674 3278 is
2701 3225 2790 3292 qui
2822 3224 3013 3279 invasit
3060 3228 3341 3293 episcopus
3391 3226 3512 3294 jure

1956 3322 2055 3361 suo
2084 3308 2155 3361 ita
2191 3310 2473 3373 exciderit,
2508 3312 2598 3380 qui
2629 3326 2743 3365 eam
2770 3314 2993 3380 detinet,
3028 3314 3127 3369 rite
3177 3325 3424 3383 tanquam
3458 3318 3507 3369 in

1956 3401 2175 3467 propria
2211 3398 2427 3453 dioecesi
2448 3402 2813 3470 episcopatum
2845 3413 3017 3471 geret,
3052 3418 3117 3455 an
3146 3406 3413 3472 punietur,
3449 3416 3506 3458 nt

1955 3489 2044 3556 qui
2082 3492 2320 3558 prudens
2352 3500 2404 3544 et
2429 3491 2607 3546 sciens
2634 3492 2866 3548 alienam
2908 3495 3162 3549 dimcesin
3197 3490 3418 3551 detinet.
3452 3508 3506 3551 et

1957 3580 2011 3633 in
2037 3595 2099 3635 ea
2129 3595 2281 3634 sacra
2309 3580 2596 3635 celebrat?
2638 3580 2864 3635 Salutio.
2915 3583 3020 3637 Lex
3059 3594 3141 3637 est
3189 3601 3307 3655 qua:
3356 3586 3507 3648 dioit,

1954 3668 2183 3723 Jubente
2211 3672 2523 3738 magistratu
2548 3670 2692 3737 juste
2724 3673 3057 3741 possidemus
3093 3690 3108 3727 :
3137 3684 3189 3727 et
3223 3677 3348 3742 quia
3393 3680 3511 3747 epi-

1953 3772 2167 3827 scopus,
2198 3759 2287 3827 qui
2333 3759 2436 3812 vim
2470 3773 2661 3828 passus
2690 3770 2794 3825 est,
2832 3777 2861 3814 a
2886 3776 3091 3817 canone
3129 3762 3220 3832 jus
3273 3768 3502 3833 accepit,

1955 3858 2140 3916 utpote
2166 3864 2288 3901 cum
2345 3848 2413 3911 is,
2449 3850 2541 3918 qui
2594 3862 2653 3905 se
2706 3849 2997 3906 insolenter
3049 3862 3099 3907 et
3158 3854 3511 3911 immoderate

1953 3941 2134 4007 gessit,
2164 3938 2366 3992 nullum
2397 3940 2488 4007 jus
2537 3939 2589 3992 in
2639 3940 2862 3995 dimeesi
2924 3942 3177 3997 habuisse
3227 3938 3506 4013 reputatae

1954 4029 2019 4082 sit
2046 4044 2061 4091 ;
2091 4028 2289 4094 absque
2328 4029 2435 4081 ullo
2457 4028 2911 4099 praeiudiciojura
2934 4033 3256 4102 episcopalia
3290 4050 3509 4090 exerce-

1952 4115 2029 4169 hit
2064 4114 2115 4167 iu
2145 4115 2413 4182 provincia
2445 4131 2605 4186 quam
2636 4117 2857 4180 detinet,
2890 4120 2989 4173 etsi
3044 4121 3333 4190 aliquando
3387 4135 3504 4177 erat

1954 4207 2153 4261 aliena.
2191 4205 2327 4274 Quid
2366 4221 2517 4273 vero,
2569 4211 2651 4262 vis
2700 4216 2750 4263 et
2813 4209 3099 4263 insolentia
3159 4214 3501 4281 condemnati

1950 4297 2185 4367 episcopi
2222 4296 2472 4353 Ecclesiae
2498 4297 2616 4368 jura
2640 4298 2965 4351 detrimento
2990 4300 3220 4353 alliciet?
3247 4312 3293 4355 et
3321 4305 3507 4356 exclu-

1949 4388 2103 4439 detur
2130 4387 2218 4455 qui
2241 4398 2362 4458 post
2385 4405 2505 4443 eum
2528 4389 2856 4443 ordinandus
2875 4389 3273 4457 estcpiscopus,
3295 4395 3508 4460 quomi-

300 4499 400 4543 πος
424 4479 806 4532 ἀνακαλεῖσθαι
828 4480 891 4531 τά
916 4480 1097 4531 δίκαια
1119 4478 1214 4545 τῆς
1237 4474 1529 4541 ἐκκλησίας
1572 4475 1759 4541 αὑτοῦ,
1812 4476 1845 4546 ἢ

1954 4490 2055 4529 nus
2088 4478 2259 4545 possit
2298 4492 2549 4533 revocare
2572 4479 2696 4547 jura
2728 4478 2988 4533 Ecclesia:
3042 4495 3173 4543 sum,
3233 4497 3300 4535 an
3357 4498 3462 4536 non
3484 4484 3509 4535 ?

296 4568 394 4630 ob;
427 4570 635 4631 Λύσις.
687 4567 837 4635 Ἐμοὶ
894 4567 1041 4619 δοκεῖ
1096 4566 1169 4633 μὴ
1228 4564 1699 4616 καταόλάπτεσθαι
1754 4564 1851 4633 τὴν

298 4658 593 4725 ἐκκλησίαν
633 4657 688 4720 ἐξ
713 4650 786 4710 ὧν
816 4656 1119 4725 ἁμαρτάνει
1150 4657 1177 4707 ό
1223 4656 1539 4714 ἐπίσκοπος.
1599 4654 1709 4706 Καὶ
1765 4654 1851 4706 διὰ

295 4747 453 4799 τοῦτο
500 4746 811 4814 ἐνδυνάμως
843 4747 927 4797 ἵνα
974 4745 1375 4813 ἀνακαλέσηται
1410 4744 1505 4809 τὴν
1575 4745 1783 4812 ὲιορίαν
1820 4745 1849 4796 ό

294 4836 674 4902 διαδεξάμενος
706 4835 797 4887 τὸν
851 4836 1153 4905 ποιήσαντα
1204 4832 1301 4902 τὴν
1351 4832 1559 4899 ἔφοδον,
1613 4833 1714 4885 κᾶν
1752 4836 1849 4887 καὶ

296 4927 459 4985 πολὺς
490 4924 740 4994 παρέλθῃ
772 4925 979 4992 καιρός.
1035 4921 1299 4991 Ἐλαλήθη
1335 4922 1391 4973 δὲ
1422 4922 1658 4973 τοιοῦτόν
1676 4938 1725 4972 τι
1758 4923 1851 4976 καὶ

298 5014 390 5065 ἐπὶ
426 5012 535 5066 τῶν
566 5013 785 5082 ἡμερῶν
816 5011 908 5063 τοῦ
941 5012 1244 5079 ἁγιωτάτου
1299 5012 1641 5080 πατριάρχου
1678 5011 1845 5079 κυροῦ

294 5102 496 5169 Λουκᾷ.
528 5100 685 5160 Τινὸς
716 5101 821 5168 γάρ
861 5098 1163 5151 ἐπισκόπου
1199 5098 1299 5166 τῆς
1332 5097 1571 5166 μεγάλης
1598 5098 1847 5166 Βρύσεως

282 5190 655 5263 δικαζομένου
688 5188 825 5255 μετὰ
857 5188 948 5239 τοῦ
1010 5186 1435 5257 ἀρχιεπισκόπου
1491 5186 1591 5253 τῆς
1643 5190 1847 5257 μικρᾶς

294 5281 569 5349 Βρύσεως,
607 5276 702 5329 καὶ
740 5280 1170 5345 προκομίσαντος
1225 5276 1495 5328 διαλυτέον
1563 5277 1839 5343 ἔγγραφον

287 5369 384 5421 τοῦ
414 5367 942 5435 προτελευτῆσαντος
972 5365 1425 5435 ἁρχιεπισκόπου,
1464 5366 1621 5433 χάριν
1642 5364 1736 5417 τοῦ
1769 5367 1843 5436 μή

290 5454 682 5510 ἀνακαλεῖσθαι
714 5454 902 5507 τοῦτον
935 5457 1148 5523 ἔνορίαν
1194 5457 1563 5524 κατεχομένην
1614 5455 1718 5506 ὑπὸ
1750 5456 1842 5508 τοῦ

286 5546 611 5606 ἐπισκόπου,
645 5544 677 5613 ή
709 5542 927 5605 σύνοδος
953 5546 1267 5612 ἀπεφήνατο
1324 5544 1400 5612 μὴ
1468 5543 1842 5597 κατασλάπτε-

286 5634 409 5687 σθαι
436 5634 538 5702 τήν
563 5632 1002 5700 ἀρχιεπισκοπὴν
1038 5632 1096 5696 ἐξ
1137 5626 1210 5683 ὧν
1269 5634 1297 5684 ό
1356 5632 1556 5697 ταύτης
1582 5632 1841 5702 πρόεδρος

284 5722 491 5793 [πραξε
517 5721 671 5790 παρὰ
705 5720 929 5791 γνώμην
951 5721 1059 5772 τῶν
1080 5721 1295 5773 οἰκείων
1318 5721 1592 5789 κληρικῶν
1618 5723 1710 5773 καὶ
1740 5725 1838 5790 τῆς

1954 4563 2177 4620 Salutio.
2213 4565 2340 4619 Mihi
2387 4568 2601 4623 videtur
2631 4584 2733 4623 non
2773 4584 2837 4624 cx
2903 4585 2967 4624 eo
3013 4569 3129 4624 laedi
3186 4571 3503 4635 Ecclesiam,

1952 4653 2095 4721 quod
2122 4665 2309 4723 peccet
2335 4657 2657 4725 episcopus;
2692 4672 2743 4711 et
2776 4670 3058 4728 propterea
3093 4662 3365 4730 regionem
3400 4664 3499 4713 rite

1953 4745 2225 4797 revocabit
2254 4758 2537 4798 successor
2564 4746 2682 4814 eius
2726 4740 2816 4815 qui
2850 4750 3068 4815 invasit,
3113 4752 3323 4803 etiamsi
3360 4755 3500 4805 mul-

1953 4818 2059 4883 tun’i
2097 4842 2309 4900 tempus
2340 4835 2680 4903 praeterierit.
2716 4832 2844 4892 'l‘ale
2886 4838 3012 4907 quid
3066 4849 3244 4892 autem
3304 4841 3501 4892 dictum

1950 4932 2033 4975 est
2059 4930 2296 4990 tempore
2345 4925 2664 4978 sanctissimi
2709 4927 3029 4995 patriarchae
3061 4928 3266 4982 domini
3322 4929 3497 4981 Lucae.

1948 5006 2081 5060 Cum
2108 5008 2250 5061 enim
2282 5008 2500 5077 quidam
2536 5012 2823 5081 episcopus
2874 5030 3077 5084 magna:
3115 5016 3294 5085 Brysis
3323 5016 3500 5083 litiga-

1949 5106 2031 5150 ret
2060 5112 2177 5149 cum
2204 5098 2609 5168 archiepiscopo
2648 5116 2822 5170 parva:
2854 5102 3055 5171 Brysis,
3091 5112 3143 5155 et
3185 5105 3496 5173 protulisst-t

1948 5185 2203 5253 scriptam
2269 5189 2686 5243 trausactionem
2727 5201 2883 5245 antea
2929 5189 3166 5247 defuncti
3226 5194 3497 5261 archiepi-

1946 5276 2117 5341 scopi,
2148 5275 2214 5328 de
2249 5291 2350 5329 non
2382 5283 2682 5333 revocanda
2723 5281 2791 5333 ab
2822 5282 2939 5350 ipso
2975 5282 3215 5349 regione,
3262 5297 3378 5349 qua:
3428 5284 3496 5333 ab

1944 5365 2201 5432 episcopo
2228 5364 2609 5433 detinebatur;
2644 5372 3006 5437 pronuntiavit
3062 5373 3319 5440 synodus,
3383 5386 3490 5423 non

1946 5453 2064 5507 laedi
2118 5454 2649 5525 archiepiscopatum
2704 5474 2769 5511 cx
2824 5475 2890 5513 eo
2942 5460 3083 5527 quod
3132 5463 3249 5529 ejus
3301 5464 3495 5528 ιπαεειιι

1946 5554 2141 5613 praeter
2189 5547 2509 5599 sententiam
2556 5562 2772 5602 suorum
2826 5550 3139 5603 clericorum
3192 5560 3247 5603 et
3293 5564 3497 5617 magna:

1948 5633 2132 5702 synodi
2161 5633 2304 5687 fecit.
2342 5635 2659 5690 Fueruntet
2686 5639 2849 5691 multa
2900 5639 3204 5693 huiusmodi
3254 5641 3357 5691 alia
3409 5652 3495 5705 sy-

1945 5723 2152 5776 nodalia
2184 5724 2407 5789 judicia.

282 5810 534 5882 μεγάλης
578 5811 817 5864 συνόδου.
880 5812 1139 5878 Γέγονασι
1180 5812 1235 5865 δὲ
1284 5812 1380 5866 καὶ
1430 5812 1589 5865 ἄλλαι
1653 5813 1844 5866 πολλαί
1881 5814 2126 5867 τοιαῦται
2152 5815 2355 5885 κρίσεις
2386 5815 2675 5870 ουνοδικαί.
