4136 6486
641 372 741 434 391

1888 377 2160 440 TUEUD.
2207 378 2599 441 BALSAMON

3723 378 3834 445 392

708 481 954 537 ZONAR.
989 487 1043 537 bi
1071 486 1191 555 quis
1220 488 1503 557 episcOpus
1532 488 1757 558 alicujus
1784 488 1963 557 populi
1996 502 2175 541 curam
2208 493 2253 547 Α

2208 493 2253 547 Α
2352 489 2591 540 ΖΩΝΛΡ.
2646 488 3248 558 ’Ᾱπαγορεύειδκανὼν
3279 483 3429 553 οὗτος
3482 489 3542 541 τὸ
3587 488 3679 541 τδν
3730 486 3830 550 λέν

646 576 711 624 ad
733 588 789 626 se
817 576 1084 642 pertinere
1108 578 1417 641 contendat,
1454 594 1557 631 non
1594 578 1742 631 illum
1777 578 1876 631 sibi
1907 593 2003 646 pro
2035 588 2177 645 pote-

646 673 1081 733 statc‘arrogare,
1114 676 1202 718 sed
1229 667 1293 719 ad
1322 668 1691 736 episcoporum
1726 668 2007 736 concilium
2046 683 2175 720 cau-

639 766 754 805 sam
784 755 1011 821 deferre,
1042 771 1103 810 ac
1134 772 1225 825 per
1257 772 1368 822 eos,
1400 774 1517 826 qua:
1564 757 1629 808 ad
1682 756 1969 809 Ecclesium
2027 770 2176 809 suam

642 844 909 909 pertinuere
940 846 1252 909 arbitretur,
1290 861 1630 915 recuperare,
1687 860 1861 899 canon
1908 845 2174 898 decernit.

638 934 791 999 Quod
814 937 856 988 si
889 938 1010 1003 quis
1036 942 1086 989 in
1117 938 1343 1003 alicujus
1380 939 1477 991 loci
1512 939 1578 990 ab
1605 938 1774 990 altero
1804 936 2053 1005 episcopo
2081 935 2177 988 de-

641 1026 772 1077 teuti
820 1026 1233 1092 possessionem.
1263 1029 1375 1081 sive
1416 1044 1442 1078 a
1475 1027 1668 1095 populo
1699 1027 2010 1089 accersitus,
2066 1024 2180 1079 sive

639 1128 702 1167 eo
727 1128 1075 1183 repugnante,
1103 1126 1301 1169 temere
1331 1116 1499 1167 irruat
1524 1155 1539 1179 ,
1570 1116 1658 1183 jus
1683 1130 1836 1167 suum
1866 1115 2090 1174 amittet.
2118 1127 2182 1165 ac

639 1204 757 1272 t-jus
784 1206 882 1268 rei,
911 1221 1067 1272 quam
1099 1220 1195 1271 pro
1230 1206 1450 1271 imperio
1484 1220 1749 1273 occupare
1800 1214 2029 1257 cnnams
2074 1213 2178 1266 εει.

641 1295 851 1347 «οιίοιιιεὶ
882 1295 969 1362 jus
995 1295 1048 1346 in
1078 1310 1192 1345 eam
1226 1294 1432 1353 habuit,
1468 1293 1805 1359 possessione
1844 1292 2177 1345 multabitur.

638 1382 792 1448 Quod
826 1384 868 1436 si
896 1384 1157 1445 nonnulli,
1204 1383 1394 1449 inquil,
1447 1383 1548 1434 hoc
1576 1383 1848 1441 fecerunt;
1874 1383 1992 1443 hoc,
2019 1381 2183 1448 quid?

644 1484 700 1524 ut
727 1474 865 1540 apud
896 1474 1177 1539 cpiscOpos
1210 1473 1457 1526 nimirum
1491 1472 1906 1525 controversiam
1936 1486 2084 1524 suam
2116 1472 2181 1523 de

639 1563 759 1629 jure
811 1564 989 1630 populi
1032 1564 1279 1631 ambiguo
1333 1564 1717 1629 disceptarent,
1774 1575 1945 1627 neque
2004 1570 2179 1613 tamen

639 1653 1017 1705 controversia
1043 1662 1135 1704 aut
1178 1652 1361 1719 judicii
1423 1651 1580 1703 linem
1612 1660 2030 1717 exspectavere;
2087 1648 2181 1702 sed

643 1757 699 1796 re
722 1744 895 1796 adhuc
921 1744 1250 1811 inexplorata
1275 1752 1328 1795 et
1357 1742 1557 1794 incerta
1598 1740 1919 1808 litigantium
1954 1738 2091 1791 alter
2124 1753 2180 1790 se

642 1833 708 1884 ab
742 1830 1320 1896 ecelesiasticojudicio
1350 1829 1634 1893 subtraxit,
1659 1829 1976 1895 dubiamque
2008 1827 2179 1879 adhuc
2212 1811 2254 1868 Β

642 1922 1035 1987 possessionem
1070 1922 1299 1981 invasit;
1330 1919 1416 1987 jus
1437 1934 1589 1972 suum
1621 1920 1664 1971 is
1704 1932 1915 1986 quoque
1950 1916 2177 1970 amittet.

641 2008 819 2076 Neque
839 2009 1000 2079 655
1032 2024 1155 2062 vero
1184 2009 1283 2062 sibi
1308 2011 1611 2077 quisquam,
1648 2008 1838 2075 inquit,
1879 2006 2182 2061 blandiatur

641 2112 733 2149 seu
760 2107 1081 2162 assentetur,
1117 2098 1166 2149 id
1204 2107 1307 2161 est,
1334 2097 1567 2162 seipsum
1611 2095 1840 2164 decipiat
1887 2093 1989 2163 (est
2034 2109 2183 2146 natu-

641 2200 744 2252 que
770 2185 1039 2253 quoddam
1067 2200 1232 2253 genus
1264 2183 1463 2238 fraudis
1486 2185 1796 2244 assentatio,
1824 2198 1942 2237 cum
1973 2196 2065 2247 pro
2097 2195 2181 2234 ve-

643 2277 799 2327 ritate
826 2275 956 2327 nihil
986 2284 1283 2327 assentator
1318 2275 1581 2341 loquatur,
1618 2276 1712 2327 sed
1754 2274 1820 2326 ad
1848 2273 2071 2341 gratiam
2106 2281 2186 2322 at-

639 2376 745 2430 que
777 2362 997 2415 auribus
1028 2362 1267 2415 serviens
1289 2362 1463 2414 omnia
1495 2360 1773 2429 proferat),
1800 2374 1863 2413 ne
1888 2360 2009 2428 quis
2032 2372 2182 2427 ergo,

642 2453 841 2517 inquit,
871 2452 1106 2519 seipsum
1140 2450 1394 2519 decipiat,
1429 2450 1567 2517 quod
1602 2466 1631 2503 a
1665 2452 1910 2516 primate,
1936 2462 2029 2501 aut
2068 2463 2182 2501 nte-

645 2542 966 2608 tropolitano
995 2541 1309 2608 provincize.
1345 2541 1571 2603 litteras,
1603 2540 1799 2607 quibus
1834 2538 1881 2591 ei
1908 2538 2005 2590 loci
2048 2551 2185 2604 pus-

644 2630 818 2684 sessio
845 2632 1206 2698 permittatur,
1240 2629 1525 2697 acceperit.
1562 2628 1686 2681 Sive
1718 2627 1858 2681 enim
1879 2641 1971 2681 eas
2005 2640 2185 2680 revera

649 2722 865 2785 habeat,
899 2721 1013 2773 sive
1037 2735 1143 2773 non
1171 2721 1360 2774 habeat
1384 2720 1485 2773 nisi
1505 2722 1571 2773 ab
1595 2733 1659 2773 eo
1683 2732 1893 2788 quoque
1918 2718 2185 2786 episcOpo,

642 2810 733 2874 qui
760 2811 810 2863 in
839 2813 1175 2877 possessione
1206 2810 1447 2878 quamvis
1470 2808 1670 2863 incerta
1703 2818 1962 2871 versatur,
1984 2806 2189 2861 litteras

645 2900 932 2966 acceperit,
950 2900 1143 2967 quibus
1165 2900 1446 2953 ecclesiam
1472 2899 1697 2951 adillum
1730 2897 2102 2964 pertinentem,
2132 2910 2191 2948 se

647 3002 754 3041 non
779 2987 1040 3040 sinetllius
1063 2988 1440 3056 approbatione
1458 2996 1641 3055 pacate
1656 2986 1944 3040 obtinuisse
1977 2986 2191 3037 demon-

644 3086 801 3141 stret;
820 3078 1206 3131 ontninocausa
1234 3078 1424 3130 cadet:
1450 3078 1492 3129 si
1509 3090 1635 3130 vero
1664 3076 1725 3139 is,
1743 3075 1831 3145 qui
1860 3076 2064 3129 delatus
2088 3082 2189 3136 est,

644 3170 812 3222 atteri
846 3171 1075 3225 vicissim
1111 3173 1254 3225 litem
1298 3172 1577 3237 intendat;
1605 3186 1667 3224 ea
1722 3185 1934 3239 quoque
1974 3179 2189 3223 contro-

646 3264 821 3318 versia
888 3268 1259 3335 episcoporum
1322 3268 1529 3335 judicio
1605 3267 1907 3320 deﬁniatur.
1977 3263 2191 3318 Judices

647 3370 825 3421 porro,
858 3357 938 3409 vel
967 3372 995 3408 a
1032 3358 1435 3425 metmpolitano
1472 3357 1761 3418 dabuntur,
1811 3356 1890 3409 vel
1920 3354 2187 3408 cantmuui

650 3444 818 3495 partis
842 3444 1119 3509 utriusque
1156 3458 1419 3497 consensu
1456 3444 1771 3510 deligentur.

648 3612 875 3666 ARIST.
919 3631 936 3663 ι
964 3612 1127 3666 Nemo
1159 3615 1258 3667 sibi
1297 3614 1560 3677 vendicel,
1590 3614 1728 3679 quod
1763 3612 1828 3665 ad
1852 3626 1909 3666 se
1924 3614 2191 3682 pertinere

726 3721 743 3751 ι
777 3704 1161 3757 existimatur:
1200 3707 1289 3757 sed
1320 3704 1553 3772 episcopi
1602 3704 1867 3773 judicent,
1924 3704 2007 3758 vel
2058 3720 2191 3773 quos

719 3812 736 3844 ι
768 3796 968 3863 primas
1002 3794 1169 3857 dabit,
1201 3796 1280 3847 vel
1323 3794 1561 3850 viciniex
1586 3809 1869 3848 consensu.
1890 3794 1987 3858 Qui
2017 3804 2189 3847 autem

726 3896 745 3926 ε
785 3893 814 3930 a
849 3879 1075 3947 primate
1123 3879 1329 3931 litteras
1375 3880 1438 3932 de
1488 3878 1775 3932 detinenda
1818 3878 2044 3945 accepit,
2079 3877 2177 3931 sibi

721 3983 741 4015 ι
780 3966 1070 4018 blanditur.
1106 3983 1123 4014 ι

723 4056 777 4107 Si
806 4060 924 4122 quis
961 4057 1244 4123 episcopus
1294 4054 1395 4109 sibi
1428 4054 1637 4109 videtur
1662 4053 1751 4123 jus
1779 4055 1973 4109 habere
2014 4056 2065 4108 in
2096 4069 2189 4123 pa-

652 4145 871 4201 rteciam
929 4146 1163 4213 aliquam
1215 4144 1282 4197 ab
1336 4144 1439 4198 alio
1486 4146 1735 4214 episcopo
1788 4145 2078 4217 detentam,
2128 4144 2190 4196 ad

649 4236 955 4304 episcopos.
1009 4236 1097 4302 qui
1138 4236 1206 4300 ,in
1265 4235 1436 4304 ipsum
1500 4235 1929 4301 iurisdictionem
1971 4236 2189 4299 habent,

654 4503 850 4565 sidere,
886 4502 1028 4569 quod
1076 4502 1347 4555 existimat
1400 4504 1461 4553 ad
1505 4516 1563 4554 se
1604 4504 1887 4569 pertinere.
1942 4502 2092 4567 Quod
2142 4505 2188 4558 si

648 4600 701 4644 et
732 4591 935 4644 litteras
956 4590 1022 4644 de
1052 4591 1261 4659 populo,
1286 4591 1373 4657 qui
1404 4591 1471 4643 ab
1500 4592 1606 4643 alio
1624 4592 1872 4658 episcopo
1896 4592 2187 4657 detinetur,

650 4679 974 4746 possidendo
1029 4682 1316 4745 acceperit,
1372 4680 1715 4745 semetipsum
1766 4680 1985 4748 decipit.
2046 4680 2190 4734 Nihil

650 4771 791 4823 enim
824 4786 887 4824 ex
920 4785 982 4823 eo
1007 4770 1347 4823 emolumenti
1385 4770 1632 4837 accipiet.
1664 4770 1764 4823 nisi
1818 4772 1902 4837 qui
1946 4786 2063 4823 cum
2098 4772 2191 4825 de-

651 4862 784 4912 tinet
834 4860 1052 4927 pacillce
1100 4860 1280 4911 mallet
1342 4860 1620 4926 desistere,
1675 4875 1832 4928 quam
1864 4860 2191 4929 judicialiter

648 4950 906 5005 amoveri.

1175 5028 1401 5095 CANON‘
1439 5042 1644 5096 cxxn.

652 5146 669 5178 ι
717 5130 787 5181 De
816 5131 881 5185 iis
907 5134 996 5200 qui
1044 5133 1264 5200 populos
1301 5134 1364 5184 ad
1423 5149 1482 5187 se
1535 5132 1865 5202 pertinentes
1896 5130 2187 5198 negligunt.

722 5240 741 5275 ι
783 5226 1036 5279 Similiter
1066 5226 1279 5294 placuit,
1310 5235 1367 5279 ut
1396 5226 1699 5294 quicunque
1730 5224 2002 5292 neglignnt
2049 5224 2187 5285 loca,

714 5335 731 5364 ι
766 5330 882 5382 qua:
910 5315 973 5366 ad
1004 5328 1154 5366 suam
1188 5313 1501 5367 cathedram
1531 5314 1825 5382 pertinent,
1856 5313 1995 5378 quod
2029 5314 2094 5365 ad
2126 5326 2187 5366 ea

717 5424 736 5454 ε
777 5405 841 5457 ad
876 5403 1195 5457 catholicam
1228 5405 1479 5456 unionem
1524 5401 1911 5456 lucrifacieuda
1966 5402 2183 5464 attinet,

718 5512 735 5543 ι
767 5509 797 5546 a
827 5494 1015 5547 vicinis
1044 5507 1227 5546 eorum
1283 5493 1621 5562 diligentibus
1658 5492 1926 5560 episc0pis
1985 5506 2183 5545 convc-

710 5605 730 5635 ι
766 5585 1002 5647 uiautur,
1038 5600 1103 5639 ne
1136 5586 1238 5639 hoc
1264 5583 1442 5638 facere
1472 5582 1739 5637 differant.
1772 5583 1946 5647 Quare
1974 5584 2018 5636 si
2048 5583 2184 5636 intra

708 5694 728 5727 ι
769 5676 1056 5731 terminum
1097 5692 1186 5731 sex
1247 5678 1510 5731 mensium
1542 5690 1570 5727 a
1607 5674 1694 5729 die
1746 5675 1900 5743 hujus
1955 5689 2188 5729 conven-

2280 594 2443 645 γοντα
2480 578 2688 631 δίκαιον
2723 580 2866 648 ἐχειν
2906 580 3200 633 ἐπίσκοπον
3234 581 3326 632 ἐπὶ
3345 580 3458 647 λαῷ
3486 596 3615 641 τινι,
3664 577 3819 629 δυνα-

2278 666 2396 733 τεία
2420 666 2675 733 χρῆσθαι,
2713 669 2803 718 καὶ
2843 668 3166 736 ἐπέρχεσθαι
3219 670 3422 730 αὐτοῖς,
3470 667 3720 736 βούλεται
3759 662 3817 717 δέ

2280 756 2358 817 είς
2382 757 2562 825 κρίσιν
2591 758 2901 808 ἐπισκόπων
2943 759 3200 824 κατάγειν
3256 758 3351 827 τὴν
3396 758 3674 821 ὑπόθεσιν,
3726 756 3821 809 καὶ

2278 842 2447 903 οὕτως
2496 845 2737 912 ἐκνικᾷν,
2795 844 2823 895 ὃ
2872 845 3037 896 οἴεται
3110 844 3386 913 διαφέρειν
3440 847 3505 912 τῇ
3554 843 3821 911 ἐκκλησέᾳ

2281 924 2467 986 αὐτοῦ.
2500 933 2559 984 El
2587 934 2643 985 δέ
2680 934 2880 1004 ἐπέλθῃ
2906 951 2986 996 τις
3017 936 3126 996 τοῖς
3162 934 3308 994 λαοῖς
3334 936 3444 994 τοῖς
3475 933 3578 985 ὑπὸ
3635 932 3821 1001 ἐτέρςυ

2281 1023 2577 1075 ἐπισκόπου
2627 1024 3029 1091 κατεχομένοις,
3084 1025 3192 1076 εῐτε
3253 1024 3529 1093 βούλονται
3578 1024 3739 1075 αὐτὸν
3775 1024 3821 1074 οί

2280 1110 2399 1162 λαοὶ
2421 1113 2616 1163 ἐκεῖνοι
2659 1112 2800 1179 ἔχειν
2834 1111 3146 1174 ἐπίσκοπον,
3220 1113 3327 1165 εἴτε
3388 1112 3462 1181 μὴ
3519 1111 3819 1180 βούλονται.

2288 1200 2596 1252 ἐκπεσεῖται
2632 1201 2724 1252 τοῦ
2756 1202 2957 1253 οἰκείου
2982 1202 3210 1265 δικαίου,
3237 1201 3597 1269 ζημιούμενος
3652 1201 3711 1251 τὸ
3734 1201 3823 1252 δι-

2282 1293 2505 1360 ναστείᾳ
2535 1291 2848 1360 ἀφαιρεθὲν,
2884 1291 3022 1344 ὥστε
3043 1294 3147 1344 κᾶν
3167 1292 3369 1344 δίκαιον
3401 1294 3486 1343 ἐπ’
3520 1292 3711 1358 ἐκείνῳ
3742 1289 3815 1342 εί-

2278 1396 2392 1446 χεν,
2421 1381 2685 1433 ἀπολέσαι
2712 1381 2861 1433 αὐτό.
2894 1382 2955 1433 Ei
2984 1382 3040 1434 δὲ
3080 1381 3171 1433 καί
3214 1398 3377 1445 τινεῇ,
3448 1382 3603 1451 φησὶ,
3666 1381 3825 1433 τοῦτο

2286 1469 2580 1537 ἐποίησαν·
2628 1470 2805 1532 τοῦτο,
2837 1467 3020 1535 ποῖον;
3065 1470 3125 1522 τὸ
3168 1472 3315 1540 παρὰ
3344 1472 3653 1523 ἐπισκόπων
3706 1486 3823 1539 κρι·

2281 1558 2436 1625 θῆναι
2468 1559 2716 1628 περὶτοῦ
2746 1561 3184 1629 ἀναζητουμένου
3229 1560 3381 1623 λαοῦ,
3437 1562 3485 1612 ει
3546 1560 3621 1629 μὴ
3665 1560 3825 1629 μέχρι

2282 1648 2519 1716 πέρατος
2545 1650 2639 1713 τῆς
2667 1650 2971 1711 ὑποθέσεως
3017 1651 3296 1716 ἐνέμειναν
3339 1650 3418 1717 τῷ
3465 1651 3821 1719 δικαστηρίῳ,

2280 1736 2391 1788 ἀλλ’
2424 1738 2501 1789 ἔτι
2533 1741 3001 1808 φιλονεικουμένου
3036 1744 3127 1792 καὶ
3160 1741 3511 1809 δικαζομένου
3549 1739 3644 1792 τοῦ
3691 1742 3825 1809 πρά·

2281 1843 2491 1894 γματος
2516 1827 2572 1879 ἓν
2595 1828 2700 1879 τῶν
2727 1828 2819 1881 δύο
2848 1829 3027 1897 μερῶν
3052 1830 3258 1897 ἀποστῇ
3300 1829 3392 1882 τοῦ
3420 1830 3828 1900 ἐκκκλησιαστι.

2279 1914 2376 1967 κοῦ
2402 1916 2777 1985 δικαστηρίου,
2815 1918 2908 1969 καὶ
2934 1917 3119 1985 ἔφοδον
3160 1921 3359 1989 ποιήσῃ
3388 1920 3525 1973 κατὰ
3548 1920 3643 1971 τοῦ
3678 1924 3825 1974 ἐκνι-

2280 2006 2525 2072 κωμένου
2555 2004 2705 2066 λαοῦ,
2740 2007 2957 2059 κάκεῖνο
2982 2009 3289 2061 ἐκπεσεῖται
3313 2008 3406 2061 τοῦ
3439 2009 3567 2061 ίδίου
3592 2010 3825 2063 δικαίου.

2280 2096 2388 2147 Καὶ
2426 2096 2497 2164 μή
2526 2111 2629 2158 τις,
2675 2098 2858 2162 φησὶν,
2926 2098 3117 2149 ἐαυτὸν
3174 2098 3499 2169 κολακεύσῃ,
3554 2100 3675 2152 ἀντὶ
3706 2101 3824 2164 τοῦ,

2281 2184 2556 2256 ἀπατήσῃ.
2600 2182 2664 2234 Ἦ
2698 2184 2803 2252 γὰρ
2828 2186 3079 2255 κολακεία
3106 2188 3290 2256 ἀπάτη
3321 2188 3486 2248 ἐστὶν,
3511 2188 3661 2239 οὐδὲν
3683 2188 3828 2253 ὑγιὲς

2281 2270 2374 2322 τοῦ
2409 2270 2789 2333 κολακεύοντος
2851 2272 3117 2340 λέγοντος.
3151 2274 3285 2326 ἀλλὰ
3312 2274 3484 2326 πάντα
3514 2276 3648 2344 πρὶς
3671 2275 3830 2345 χάριν

2284 2360 2375 2411 καὶ
2413 2358 2706 2427 θεραπείαν
2738 2360 2829 2411 τοῦ
2858 2361 3305 2431 κολακευομένου.
3336 2365 3427 2434 Μή
3455 2381 3537 2428 τις
3585 2360 3698 2430 οὖν,
3727 2383 3831 2433 φη-

2288 2449 2415 2512 σ“ιν,,
2449 2448 2637 2499 ἐαυτὸν
2667 2450 2940 2516 ἀπατήσῃ,
2970 2450 3049 2501 ὅτι
3090 2452 3153 2502 ἐκ
3181 2451 3272 2503 τοῦ
3300 2452 3690 2519 πρωτεύοντος,
3712 2455 3829 2522 ἢτοι

2285 2530 2378 2582 τοῦ
2417 2533 2814 2601 μητροπολίτου
2846 2536 2943 2601 τῆς
2977 2536 3261 2604 ἐπαρχίας,
3296 2539 3593 2607 γράμματα
3620 2540 3827 2602 ἕαδεν,

2286 2622 2649 2689 ἐπιτρέποντα
2682 2622 2826 2692 αὐτῷ
2858 2622 2956 2693 τὴν
2981 2624 3073 2676 τοῦ
3104 2626 3268 2679 τόπου
3301 2627 3646 2697 κατάσχεσιν.
3707 2629 3830 2680 Εἴτε

2286 2711 2393 2779 γὰρ
2422 2712 2875 2782 ἐχειγράμματα,
2918 2718 3027 2768 εἴτε
3050 2718 3147 2769 οὐκ
3196 2719 3329 2786 ἔχει,
3361 2722 3411 2771 sl
3447 2721 3520 2789 μὴ
3564 2720 3657 2773 τοῦ
3698 2737 3831 2772 κατ-

2288 2802 2497 2869 έχοντος
2525 2802 2615 2852 τὸν
2651 2804 2777 2855 λαὸν
2810 2805 2900 2857 τὸν
2935 2808 3293 2879 ἐκνικώμενον
3327 2808 3478 2860 λάϐοι
3509 2810 3832 2878 γράμματα.

2288 2884 2450 2942 δι’ὦν
2475 2893 2775 2960 φανήσεται
2824 2898 2961 2946 κατὰ
3002 2896 3226 2965 γνώμην
3278 2900 3483 2952 ἐκείνου
3546 2901 3833 2970 εἰρηνικῶς

2289 2978 2577 3047 κατασχὼν
2610 2981 2707 3047 τὴν
2756 2981 3110 3051 διαφέρουσαν
3147 2985 3291 3053 αύτῷ
3322 2988 3634 3057 ἐκκλησίαν,
3670 2991 3834 3042 ἐκπεο

2295 3070 2463 3121 σεῖται
2485 3068 2576 3120 τοῦ
2600 3070 2805 3122 δικαίου
2849 3072 3013 3124 αὐτοῦ
3042 3090 3055 3103 υ
3096 3076 3190 3126 ἐὰν
3219 3076 3272 3128 δέ
3329 3079 3421 3130 καὶ
3449 3082 3476 3131 ό
3512 3081 3834 3149 ἐναγόμενος

2291 3159 2652 3229 ἀντεναγάγῃ,
2682 3162 2979 3227 τουτέστιν,
3006 3165 3412 3237 ἁνταιτιάσηται
3441 3170 3533 3221 τὸν
3552 3172 3834 3239 ἐνάγοντα,

2289 3244 2373 3296 ἵνα
2405 3246 2498 3296 καὶ
2527 3245 2665 3319 αὕτη
2698 3250 2731 3317 η
2770 3249 3018 3312 ὑπόθεσις
3044 3254 3330 3323 περατωθῇ
3384 3258 3679 3326 κρινόντων
3713 3260 3836 3312 ἐπι-

2290 3335 2522 3390 σκόπων.
2562 3340 2624 3390 Oi
2652 3340 2705 3391 δὲ
2744 3342 3077 3412 κρίνοντεςῆ
3114 3347 3264 3414 παρὰ
3318 3348 3413 3400 τοῦ
3469 3351 3834 3418 πρωτεύοντος

2289 3422 2616 3492 δοθήσονται,
2646 3428 2679 3495 ἢ
2720 3432 2857 3481 κατὰ
2896 3432 3196 3485 συναὶνεσιν
3220 3434 3327 3487 τῶν
3353 3437 3634 3491 ἀντιδίκων
3657 3442 3839 3493 ἐπιλε-

2290 3517 2567 3582 γήσονται.

2288 3606 2504 3659 ΑΡΙΣΤ.
2550 3625 2566 3657 ι
2599 3608 2802 3677 Μηδεὶς
2843 3613 3017 3683 ἐαυτῷ
3066 3615 3340 3670 ἐκδικείτω
3386 3619 3445 3671 τὸ
3474 3620 3831 3691 νομιζόμενον

2364 3712 2383 3745 ι
2419 3696 2714 3766 διαφέρειν,
2770 3702 2882 3753 ἀλλ’
2914 3703 3198 3758 ἐπίσκοποι
3244 3710 3593 3775 κρινέτωσαν,
3625 3712 3659 3780 ἢ
3692 3709 3784 3773 οὓς
3806 3715 3834 3765 δ

2365 3806 2383 3837 ι
2422 3789 2713 3856 πρωτεύων
2744 3791 2926 3857 δώσει,
2959 3795 2989 3864 ἢ
3029 3798 3077 3848 oi
3108 3798 3469 3862 γειτονοῦντες
3493 3803 3556 3852 ἐκ
3584 3802 3833 3854 συναινέ-

2363 3897 2381 3926 ε
2421 3895 2551 3941 eam;
2574 3898 2586 3912 ·
2614 3884 2640 3934 ὁ
2660 3881 2714 3933 δέ
2745 3884 2893 3950 παρὰ
2918 3883 3012 3935 τοῦ
3055 3887 3422 3955 πρωτεύοντος
3449 3890 3681 3957 γράμμα
3708 3891 3836 3961 περὶ

2366 3987 2383 4017 ι
2426 3968 2520 4021 τοῦ
2552 3974 2845 4039 κατασχεῖν
2877 3971 3053 4024 λαδὼν
3077 3976 3266 4026 ἐαυτὸν
3294 3976 3593 4031 κολακεύει.
3632 3996 3653 4029 ι

2367 4056 2437 4108 El
2471 4075 2554 4120 τις
2593 4060 2881 4123 ἐπίσκοπος
2928 4064 3095 4116 οίεται
3144 4064 3289 4133 ἐχειν
3341 4067 3546 4121 δίκαιον
3590 4070 3683 4122 ἐπί
3729 4088 3834 4125 τινι

2292 4148 2555 4216 παροικίᾳ
2608 4150 2736 4219 παρ’
2765 4151 2951 4218 ἐτέρου
2984 4154 3283 4206 ἐπισκόπου
3320 4158 3656 4227 κατεχομένη
3677 4196 3693 4223 ,
3723 4161 3833 4221 τοῖς

2292 4239 2623 4305 προσφόροις
2664 4239 2812 4308 αὑτῷ
2852 4242 3164 4304 ἐπισκόποις
3190 4244 3392 4310 ὀφείλει
3421 4246 3833 4315 προσέρχεσθαι,

545 4385 554 4406 Ι
651 4327 911 4379 accedere
944 4328 1123 4389 debet,
1154 4336 1209 4379 et
1240 4327 1383 4379 litem
1424 4327 1473 4380 ei
1529 4327 1803 4381 intendere
1832 4344 1845 4379 :
1879 4343 1981 4381 non
2008 4336 2178 4379 autem

2221 4338 2264 4392 ι)
2294 4330 2539 4395 καὶπερὶ
2571 4327 2759 4380 τούτου
2806 4329 3104 4396 διεγκαλεῖν
3126 4346 3139 4361 ’
3197 4333 3257 4384 οὐ
3304 4334 3410 4403 μὴν
3450 4335 3834 4405 αὒτεκδίκητον

570 4420 587 4437 “
653 4428 810 4466 suum
842 4428 962 4467 esse
997 4414 1242 4475 ultorem,
1278 4423 1331 4466 et
1363 4428 1483 4467 cum
1513 4416 1827 4467 auctoritate
1857 4416 2039 4467 conari
2067 4429 2187 4481 pos-

2291 4416 2556 4482 γίνεσθαι,
2620 4418 2711 4469 καὶ
2769 4417 3103 4482 αὐθεντικῶς
3165 4423 3459 4489 κατασχεῖν
3521 4423 3832 4492 πειρᾶσθαι,

2291 4512 2425 4577 ὅπερ
2458 4508 2629 4560 οίεται
2662 4508 2807 4577 αὐτῷ
2851 4509 3148 4577 διαφέρειν.
3212 4511 3275 4563 El
3324 4510 3382 4563 δέ
3413 4512 3508 4563 καὶ
3533 4512 3838 4582 γράμματα

2290 4598 2425 4669 λάϐῃ
2481 4598 2604 4666 περὶ
2631 4598 2721 4649 τοῦ
2755 4603 3043 4669 κατασχεῖι
3086 4600 3177 4652 τδν
3231 4601 3373 4667 λαὸν,
3417 4602 3508 4654 τὸν
3534 4604 3625 4670 ὑφ’
3653 4605 3838 4671 ἐτέρου

2292 4687 2657 4755 κατεχόμενον
2702 4687 3020 4751 ἐπισκόπου,
3072 4690 3259 4741 ἑαυτὸν
3316 4691 3520 4760 ἀπατᾷ.
3566 4691 3701 4744 Οὐδέ
3733 4693 3839 4762 γὰρ

2291 4772 2609 4840 ὼφεληθήσε
2629 4773 2720 4825 ταί
2757 4791 2809 4824 τι
2838 4772 2896 4836 ἐξ
2932 4776 3115 4841 αὑτοῦ,
3167 4780 3215 4828 εί
3251 4779 3324 4847 μὴ
3352 4782 3379 4830 ό
3408 4780 3652 4847 κατέχων
3680 4782 3839 4834 αὑτὸν

2292 4865 2576 4934 εἰρηνικῶς
2608 4864 2822 4934 θελήσει
2871 4867 3192 4938 ἀποστῆναι,
3244 4870 3275 4939 ἢ
3312 4872 3639 4935 δικαστικῶς
3674 4890 3841 4943 μετα-

2293 4956 2598 5023 κινηθῆναι.

2860 5048 3088 5102 ΚΑΝΩΝ
3116 5049 3283 5107 PKB’.

2298 5156 2313 5188 ι
2346 5138 2477 5206 Περὶ
2493 5138 2599 5189 τῶν
2623 5138 2972 5205 ἀμελούντων
2995 5141 3111 5194 τῶν
3133 5142 3315 5205 αὐτοῖς
3340 5146 3651 5214 ἀνηκόντων
3672 5148 3836 5206 λαῶν.

2365 5244 2382 5276 ι
2437 5225 2666 5294 Ὀμοίως
2694 5229 2906 5296 ἠρεσεν,
2961 5231 3048 5282 ἵνα
3105 5233 3299 5293 οἵτινες
3349 5234 3546 5302 δήποτε
3581 5237 3839 5305 ἀμελοῦσι

2367 5334 2385 5366 ι
2422 5316 2528 5367 τῶν
2556 5318 2733 5368 τόπων
2758 5319 2865 5370 τῶν
2910 5320 3218 5387 ἀνηκόντων
3246 5327 3308 5393 τῇ
3349 5324 3526 5376 αὐτῶν
3576 5327 3833 5399 καθέδρᾳ,

2367 5425 2384 5458 ι
2426 5406 2559 5471 πρὸς
2610 5407 2834 5469 τούτους
2871 5411 3122 5477 κερδᾶναι
3153 5415 3233 5474 είς
3264 5414 3361 5482 τὴν
3396 5416 3692 5484 καθολικὴν
3721 5420 3837 5471 ἐνό-

2370 5519 2386 5549 ι
2428 5514 2584 5566 τητα,
2623 5500 2963 5568 ἐγκληθῶσιν
2994 5503 3099 5554 ἀπὸ
3139 5504 3247 5556 τῶν
3278 5506 3630 5572 γειτνιώντων
3656 5510 3836 5572 αὐτοῖς

2366 5610 2382 5641 ι
2420 5592 2691 5659 ἐπιμελῶν
2722 5594 3031 5648 ἐπισκόπων
3060 5598 3190 5665 περὶ
3215 5597 3307 5648 τοῦ
3337 5600 3410 5665 μὴ
3437 5598 3838 5652 ἀναϐάλλεσθαι

2367 5700 2383 5731 ι
2426 5682 2582 5733 τοῦτο
2611 5682 2833 5750 πρᾶξαι.
2863 5684 2952 5737 Διὸ
2979 5685 3072 5739 ἐὰν
3100 5686 3249 5750 ἐντὸς
3291 5690 3621 5759 προθεσμίας
3653 5692 3838 5758 μηνῶν
