4136 6468
298 432 411 491 393

1296 439 1378 500 IN
1414 442 1576 502 CAN.
1609 444 1826 504 CXXII
1852 442 2058 504 CONC.
2087 443 2464 503 CARTHAG.

3423 433 3527 497 395

375 561 395 595 ι
435 542 494 609 ἒξ
519 545 625 597 ἀπὸ
661 546 759 614 τῆς
797 549 1007 618 ἡμέρας
1032 555 1130 620 τῆς
1168 555 1298 624 περὶ
1351 555 1543 608 τούτου
1605 556 1837 610 συνελεὺ

2041 575 2058 608 ι
2106 558 2268 611 tionis
2302 557 2433 612 nihil
2476 554 2772 618 eﬂecerint,
2822 557 2870 612 ei
2933 555 3207 622 deinceps,
3261 553 3351 622 qui
3410 551 3528 604 illos'

381 654 400 685 ι
441 652 576 698 σεως
602 637 770 706 μηδὲν
801 637 1065 703 ἀνύσωσι,
1096 643 1174 712 τῷ
1207 643 1494 714 δυναμένῳ
1525 646 1710 699 λοιπὸν
1739 647 1864 699 τού-

376 745 396 777 ι
437 743 562 789 τους
607 728 867 797 κερδᾶναι
908 733 1402 800 προσκυρωθῶσιν·
1443 735 1616 798 οὕτως
1654 737 1860 805 μέντοι.

377 835 397 868 ε
438 817 543 881 ἵνα,
566 818 660 870 ἐὰν
689 820 921 884 ἐκεῖνος,
953 822 1086 892 πρὸς
1111 823 1169 874 ὃν
1213 823 1520 878 δείκνυνται
1560 827 1782 895 ἀνήκειν
1815 831 1864 880 οἱ

379 926 398 958 ι
438 909 690 975 τοιοῦτοι,
723 912 1038 981 ἐξεπίτηδες
1069 915 1158 967 διά
1199 931 1317 968 τινα
1348 917 1658 985 οἰκονομίαν
1686 919 1865 983 ἔδοξεν

372 1018 391 1050 ι
429 999 678 1068 ἀμελεῖν,
720 1001 880 1054 τοῦτο
939 1004 1046 1055 τῶν
1095 1005 1392 1074 αίρετικῶν
1434 1008 1860 1077 ἐπιλεξαμένων,

377 1107 396 1139 ι
434 1089 576 1142 ὥστε
615 1092 898 1161 ἀθορύδως
951 1094 1146 1156 αὐτοὺς
1205 1097 1649 1164 παραδέξασθαιο
1686 1103 1777 1152 καὶ
1807 1105 1865 1153 ἐν

373 1195 390 1226 ι
429 1179 669 1249 τοσούτῳ
712 1183 744 1249 ή
778 1182 943 1233 αὑτοῦ
992 1184 1284 1252 ἐπιμέλεια
1337 1186 1442 1238 ὑπὸ
1493 1188 1681 1257 ἐτέρου
1728 1207 1864 1259 προ·-

374 1287 393 1318 ι
431 1270 663 1338 ελήφθη,
705 1265 850 1345 ᾗτινι
880 1274 927 1323 εί
959 1275 1361 1342 κατεχρήσατο,
1395 1277 1521 1338 τοὺς
1551 1277 1748 1339 αὐτοὺς
1776 1279 1863 1330 atl-

373 1375 393 1409 ι
434 1362 681 1428 ρετικοὺς
718 1362 884 1414 πλέον
932 1363 1216 1427 ἐκάκιζεν·
1272 1366 1461 1418 τούτου
1499 1367 1700 1433 μεταξὺ
1745 1370 1864 1420 ἐπι-

375 1466 394 1500 t
439 1450 656 1502 σκόπων
703 1453 997 1522 κρινόντων
1043 1454 1570 1524 διαγινωσκομένου,
1614 1459 1664 1509 οί
1709 1457 1862 1510 τόποι

371 1557 390 1589 ι
430 1543 496 1610 τῇ
546 1539 711 1594 αὐτοῦ
759 1543 995 1612 καθέδρα
1029 1544 1580 1599 ἀποκατασταθιῖηιν.
1630 1547 1751 1599 Τῶν
1804 1548 1861 1600 δὲ

373 1645 391 1678 ι
433 1631 724 1699 κρινόντων
769 1633 1084 1685 ἐπισκόπων
1120 1636 1184 1687 ἐκ
1232 1634 1504 1705 διαφόρων
1548 1636 1718 1689 ὄντων
1765 1641 1862 1690 ἐπα

369 1736 387 1768 ι
432 1720 657 1787 αρχιῶν,
715 1722 927 1782 ἐκεῖνος
981 1725 1009 1774 ό
1059 1722 1364 1792 πρωτεύων
1415 1725 1544 1788 τοὺς
1599 1725 1860 1788 δικαστὰς

368 1829 386 1860 ι
423 1809 606 1871 δώσει,
663 1805 870 1873 οὗτινος
912 1811 971 1862 ἐν
1003 1815 1067 1881 τῇ
1105 1813 1258 1883 χώρᾳ
1309 1817 1338 1866 ό
1393 1816 1556 1878 αὐτὸς
1621 1816 1859 1886 ὑπάρχει

368 1917 384 1949 ι
425 1899 612 1963 τόπος,
673 1902 802 1968 περὶ
853 1895 914 1954 οὗ
968 1881 1382 1970 φιλονεικε-ἰται.
1434 1907 1560 1958 Ἐὰν
1613 1907 1670 1960 δὲ
1897 1881 1935 1934 Β

365 2007 386 2042 ε
429 1991 613 2060 κοινὴν
647 1991 951 2044 συναίνεσιν
976 1993 1228 2059 γείτονας
1260 1995 1855 2065 ὲπιλέξωνταικριτάς,

370 2100 387 2130 ε
427 2083 459 2150 ἧ
498 2077 577 2145 εἷς
609 2081 834 2152 ἐπιλεγῇ
866 2083 896 2152 ἢ
932 2085 1084 2153 τρεῖς
1104 2099 1118 2114 ·
1151 2087 1245 2137 καὶ
1267 2086 1364 2138 ἐὰν
1385 2087 1537 2154 τρεῐς
1566 2088 1858 2151 ἐπιλὲξων-

370 2191 386 2223 ι
428 2174 586 2241 ται,ῆ
621 2175 685 2244 τῇ
740 2175 848 2226 τῶν
874 2174 1012 2228 ὅλων
1043 2174 1210 2246 ψήφῳ
1244 2176 1786 2246 ἐξακολουθήσουσιν,
1822 2179 1854 2248 ἦ

362 2282 380 2312 ι
427 2266 487 2332 τῇ
521 2263 627 2315 τῶν
649 2264 761 2317 δύο.
809 2283 828 2316 ε

360 2352 556 2404 ΒΛΛΣ.
604 2352 787 2406 Ἄλλοι
843 2356 942 2424 μέν
1007 2358 1326 2421 ἐξελάδοντο
1372 2358 1464 2412 τὸν
1517 2361 1720 2418 κανόνα
1777 2363 1856 2423 εἰς

284 2442 625 2503 ἐπισκόπους
644 2442 862 2509 ἀμελῶς
892 2445 1309 2517 διατιθεμένους
1339 2449 1430 2500 ἐπὶ
1464 2451 1528 2517 τῇ
1568 2449 1851 2518 ἐκδικήσει

281 2531 398 2584 τῶν
455 2531 771 2601 ἀνηκόντων
830 2536 973 2587 κατά
1010 2535 1331 2590 δεσποτείαν
1369 2539 1492 2600 ταῖς
1537 2538 1857 2609 ἐκκλησίαις

280 2619 465 2674 αὐτῶν
488 2621 708 2674 τόπων⁶
766 2623 878 2690 ἐγὼ
929 2625 986 2678 δέ
1031 2627 1169 2697 πρὸς
1211 2627 1308 2696 τὴν
1356 2627 1708 2682 ἐπιτίτλωσιν
1758 2629 1854 2682 τοῦ

283 2711 509 2773 κανόνος
541 2711 861 2781 ἐρμηνεύων
894 2714 1080 2780 αὐτὸν,
1113 2717 1258 2784 φημὶ
1291 2718 1371 2769 ὅτι
1403 2717 1568 2786 ἡρεσε
1595 2720 1707 2779 τοῖς
1745 2719 1856 2770 Πα-

277 2800 503 2869 τράσιν,
533 2801 620 2854 ῐνα
647 2840 662 2865 ,
693 2803 788 2855 ἐὰν
816 2803 1112 2856 ἐπίσκοποί
1136 2821 1282 2868 τινες
1307 2805 1553 2874 ἀμελῶσι
1580 2806 1674 2859 τοῦ
1707 2807 1854 2862 stea-

279 2904 438 2940 σκειν
469 2889 596 2952 τοὺς
630 2890 690 2941 ἐν
718 2892 837 2952 ταῖς
871 2891 1109 2959 ἐνορίαις
1153 2892 1358 2959 αὐτῶν,
1401 2895 1514 2947 εἴτε
1546 2896 1853 2965 κερδαίνειν

273 2982 377 3040 τὰς
412 2977 590 3048 ψυχὰς
634 2979 881 3045 τούτων,
934 2980 1221 3050 ὀφείλωσιν
1275 2985 1359 3046 είς
1413 2985 1513 3053 τὴν
1558 2985 1852 3056 καθολικὴν

274 3075 534 3142 ἑνότητα,
562 3062 727 3144 ἤγουν
746 3076 827 3137 είς
849 3075 946 3145 τὴν
975 3077 1194 3146 ἐτησίαν
1213 3077 1452 3142 σύνοδον,
1474 3077 1848 3144 ἐγκαλεῖσθαι,

2047 665 2063 696 ι
2099 647 2267 714 possit
2313 644 2652 709 lucrifacere,
2706 645 3051 714 assignentur
3082 663 3094 697 :
3133 644 3211 698 sic
3247 651 3450 702 tamen,
3481 640 3525 693 si

2051 755 2067 787 ι
2103 737 2210 802 ille,
2260 737 2325 790 ad
2355 751 2512 803 quem
2549 735 2583 790 ii
2619 737 2890 807 pertinere
2919 735 3297 796 ostenduntur,
3338 733 3402 786 de
3449 731 3530 785 in-

2041 844 2058 875 ι
2096 827 2299 879 dustria
2333 836 2547 895 propter
2579 824 2812 892 aliquam
2863 824 3223 878 oeconomiam
3261 823 3528 892 negligere

2039 934 2053 967 ι
2095 916 2240 970 visus
2263 917 2354 981 sit,
2386 931 2508 969 cum
2537 915 2638 970 hoc
2664 915 2980 968 maluissent
3005 914 3263 975 hmretici,
3295 924 3349 964 nt
3381 913 3529 980 ipsos

2049 1028 2066 1058 ε
2102 1009 2306 1075 absque
2340 1011 2449 1064 ullo
2477 1010 2702 1076 strepitu
2738 1010 3048 1077 acciperet;
3081 1017 3135 1061 et
3171 1007 3375 1060 interea
3413 1003 3528 1070 ejus

2052 1116 2070 1148 ε
2109 1097 2391 1167 diligentia
2421 1099 2488 1152 ab
2513 1097 2619 1150 alio
2652 1104 2925 1164 prreventa
2957 1095 3058 1158 sit;
3095 1109 3196 1161 qua
3233 1091 3449 1158 quidem
3483 1088 3526 1140 si

2054 1207 2072 1237 ε
2114 1203 2242 1241 usus
2267 1197 2432 1249 esset,
2465 1187 2612 1254 ipsos
2642 1185 2924 1240 ltmreticos
2953 1182 3124 1250 magis
3148 1184 3213 1233 ad
3267 1177 3525 1244 improbi-

2055 1297 2072 1330 ι
2111 1289 2273 1333 tatem
2307 1280 2587 1332 incitasset
2617 1295 2630 1330 :
2655 1292 2722 1332 eo
2753 1277 3219 1344 interjudicantcs
3249 1269 3532 1338 episcopos

2051 1387 2070 1419 ι
2099 1370 2333 1436 cognito,
2360 1369 2477 1422 loca
2505 1370 2621 1435 ejus
2642 1368 2752 1421 sedi
2787 1366 3159 1420 restituantur.
3193 1360 3324 1414 Cum
3348 1370 3528 1411 autem

2055 1477 2071 1510 ι
2103 1459 2412 1528 jndicantes
2447 1457 2682 1528 episcopi
2724 1459 2833 1511 sint
2858 1473 2921 1511 ex
2956 1455 3185 1509 diversis
3219 1450 3530 1521 provinciiS.

2056 1569 2072 1600 ι
2105 1551 2307 1616 primas
2339 1549 2652 1616 illejudices
2688 1548 2854 1609 dabit,
2900 1546 2952 1599 in
3001 1546 3154 1612 cujus
3186 1543 3402 1610 regione
3447 1549 3533 1592 est

2044 1657 2060 1688 ι
2101 1639 2249 1692 locus
2285 1639 2376 1691 ille
2417 1639 2480 1690 de
2510 1651 2618 1706 quo
2647 1635 3009 1689 contenditur.
3049 1631 3142 1684 Sin
3177 1640 3352 1682 autem
3384 1642 3532 1679 cou-

2049 1750 2065 1780 ε
2103 1731 2251 1782 muni
2311 1745 2577 1782 consensu
2633 1727 2838 1781 vicinos
2868 1724 3076 1794 judiccs
3132 1719 3416 1789 elegerint,
3449 1717 3529 1770 vel

2043 1840 2061 1871 ε
2097 1836 2234 1872 unus
2285 1820 2534 1888 eligatur,
2597 1817 2676 1870 vel
2727 1829 2874 1871 tres:
2909 1827 2962 1868 ct
3017 1815 3059 1867 si
3107 1825 3218 1865 tres
3251 1810 3526 1877 tlegerint,

2044 1931 2059 1962 ι
2096 1914 2173 1964 vel
2206 1912 2446 1964 omnium
2511 1907 2834 1963 sententiam
2895 1916 3215 1974 sequentur,
3261 1901 3342 1956 vel
3391 1900 3528 1952 duo.

2045 2018 2060 2051 Ι
2099 2014 2235 2052 “IIII.
2278 2017 2296 2048 ι

2031 2353 2224 2409 BALS.
2246 2354 2348 2407 Alii
2394 2353 2610 2422 quidem
2656 2361 2982 2423 acceperunt
3025 2366 3287 2405 canonem
3317 2350 3382 2404 de
3411 2350 3526 2418 epi-

1958 2443 2162 2514 scopis,
2191 2443 2282 2513 qui
2325 2443 2662 2513 negligenter
2688 2457 2747 2497 se
2791 2451 2986 2511 gerunt
3026 2441 3078 2495 in
3114 2443 3179 2495 iis
3213 2440 3367 2505 locis,
3403 2453 3523 2507 qum

1954 2533 2077 2603 jure
2107 2533 2327 2588 dominii
2352 2531 2419 2586 ad
2449 2532 2712 2588 ceclesias
2752 2546 2880 2588 suas
2916 2537 3208 2602 pertinent,
3243 2531 3523 2584 vindican-

1957 2626 2064 2680 dis.
2117 2622 2229 2694 Ego
2287 2638 2434 2689 vero,
2477 2623 2776 2679 secundum
2834 2623 3058 2678 canonis
3121 2622 3332 2676 titulum
3397 2636 3520 2674 eum

1957 2716 2344 2782 interpretans,
2407 2715 2548 2778 dico,
2639 2715 2782 2782 quod
2827 2713 3080 2768 Patribns
3112 2712 3334 2781 placuit,
3392 2711 3519 2764 utsi

1954 2807 2191 2876 episcOpi
2236 2807 2404 2877 aliqui
2454 2805 2728 2876 negligant
2787 2819 2882 2860 eos
2929 2805 3126 2859 docere
3171 2805 3262 2872 qui
3306 2803 3359 2856 in
3406 2803 3522 2856 suis

1955 2907 2081 2952 sunt
2103 2896 2451 2960 ditecesibns,
2486 2905 2544 2950 ut
2571 2910 2759 2951 eorum
2783 2896 2996 2948 animas
3023 2893 3387 2959 lncrit‘aciant,
3424 2893 3518 2947 de-

1954 2985 2082 3041 bent
2115 2986 2182 3040 ad
2204 2985 2522 3040 catholicam
2549 2985 2830 3048 unionem,
2857 2998 2948 3039 seu
2980 2985 3046 3036 ad
3093 2997 3326 3036 annuam
3358 2999 3520 3052 syno-

1955 3078 2078 3132 dum
2105 3077 2342 3142 evocari,
2369 3093 2464 3132 seu
2502 3076 2843 3140 denuntiari,
2890 3090 2919 3128 a
2952 3075 3143 3130 vicinis
3173 3075 3518 3144 diligentibus

279 3163 453 3233 ἦγουν
510 3164 988 3234 παραγγέλλεσθαι
1054 3167 1208 3236 παρὰ
1270 3165 1379 3218 τῶν
1428 3167 1837 3233 γειτνιαζόντων

1951 3164 2242 3234 episc0pis,
2275 3180 2344 3219 ue
2365 3165 2473 3219 sint
2494 3165 2772 3229 socordes,
2806 3164 2902 3219 sed
2927 3179 3086 3218 suum
3129 3164 3382 3233 populum
3419 3167 3514 3216 do-

270 3254 556 3321 ἐπιμελῶν
593 3255 908 3309 ἐπισκόπων
946 3256 1075 3326 περὶ
1106 3256 1201 3308 τοῦ
1249 3257 1324 3326 μὴ
1365 3257 1666 3328 ῥᾳθυμεῖν,
1705 3259 1837 3314 ἀλλὰ

1947 3265 2127 3312 ceant.
2150 3257 2244 3309 Sin
2266 3265 2443 3309 autem
2476 3264 2763 3325 postquam
2798 3254 2938 3309 facta
2968 3256 3130 3308 fuerit
3177 3255 3512 3308 denuntiatio

266 3343 549 3396 διδάσκειν
579 3345 668 3399 τὸν
694 3346 786 3397 ὑπ’
814 3347 1013 3409 αὐτοὺς
1043 3347 1198 3398 λαόν.
1253 3347 1379 3400 Ἐὰν
1403 3347 1459 3400 δέ
1492 3349 1629 3417 μετά
1657 3354 1721 3402 τὸ
1747 3367 1843 3418 γε·

268 3434 466 3488 νέσθαι
489 3434 590 3505 τὴν
623 3435 1006 3504 παραγγελίαν
1063 3438 1124 3488 οὺ
1153 3436 1524 3506 διορθωθῶσιν
1551 3441 1600 3490 οί
1633 3442 1844 3509 ἐπιφωο

264 3524 527 3592 νηθέντις
557 3527 650 3577 καὶ
682 3531 760 3588 είς
786 3525 1144 3580 διδασκαλίαν
1164 3528 1666 3598 ἐπαγρυπνήσωσιν
1689 3531 1843 3594 ἐντὸς

267 3613 461 3680 μηνῶν
528 3613 607 3677 ἐξ,
677 3614 865 3668 ἔκτοτε
928 3617 1241 3686 ὀφείλουσιν
1298 3619 1346 3671 οἱ
1401 3619 1632 3672 τοιοῦτοι
1683 3622 1840 3674 τόποι

264 3704 722 3774 προσκυροῦσθαι
767 3709 938 3778 ἑτέρῳ
993 3710 1357 3780 πλησιοχώρῳ
1393 3713 1678 3782 ὲπισκόπῳ
1704 3752 1719 3778 ,
1760 3713 1838 3784 τῷ

259 3794 550 3863 δυναμένῳ
574 3796 795 3860 τούτους
823 3800 1103 3866 κερδᾶναι,
1135 3802 1304 3870 ἤγουν
1339 3802 1427 3855 διὰ
1447 3802 1546 3872 τῆς
1573 3805 1836 3858 διδασκα-

262 3883 391 3944 λίας
422 3885 836 3942 οίκειώσασθαι.
873 3890 999 3941 Ἐἀν
1038 3891 1094 3942 δέ
1123 3893 1150 3943 δ
1179 3892 1500 3957 ἐπίσκοπος,
1530 3895 1558 3946 ό
1587 3895 1694 3965 πρὸ
1714 3896 1838 3949 τού·

259 3993 361 4028 του
391 3975 489 4042 τὴν
517 3979 777 4047 τοιαύτην
812 3981 1030 4051 ἐνορίαν
1059 3982 1222 4050 ἔχων,
1257 3983 1390 4054 λέγῃ
1424 3985 1514 4039 διά
1537 4003 1659 4039 τινα
1686 3987 1836 4039 obto-

264 4065 462 4133 νομίαν
495 4066 774 4135 ἀμελῆσαι
802 4067 896 4120 τοῦ
922 4069 1200 4124 διδάσκειν
1231 4072 1323 4125 τὸν
1344 4075 1401 4124 ἐν
1429 4074 1568 4142 αὐτῇ
1593 4073 1740 4139 λαὸν,
1759 4075 1836 4139 ὡς

260 4157 431 4225 τυχὸν
460 4157 566 4208 τῶν
601 4159 661 4209 ὲν
701 4160 884 4232 ἐκείνῃ
939 4161 1107 4214 ὅντων
1155 4163 1448 4233 αίρετικῶν
1491 4165 1835 4233 θελησάντων

259 4249 434 4318 χωρίς
462 4265 604 4312 τινος
639 4249 862 4320 ἐλέγχου
896 4255 1321 4323 ἐπιστραφῆναι,
1350 4255 1440 4306 καὶ
1473 4255 1834 4320 ἀξιωσάντων

263 4339 653 4406 σεσιγημένως
685 4340 777 4392 τὸν
805 4340 964 4408 λόγον
994 4343 1093 4411 τῆς
1114 4341 1373 4412 ἀληθείας
1398 4345 1830 4414 παραδέξασθαι,

259 4431 359 4482 καὶ
397 4432 484 4484 διὰ
519 4432 678 4484 τοῦτο
720 4433 994 4503 ἀμελῆσαι
1040 4439 1142 4504 τῆς
1195 4435 1563 4498 διδασκαλίας,
1610 4437 1694 4487 ἵνα
1754 4435 1828 4504 μὴ

256 4519 689 4591 καταχρώμενος
719 4524 890 4592 ταύτῃ
934 4525 1060 4583 τοὺς
1090 4523 1403 4593 αίρετικοὺς
1458 4522 1716 4576 ἐπιπλέον
1747 4527 1828 4585 είς

256 4613 464 4664 κακίαν
489 4613 768 4684 παροξύνῃ
826 4613 913 4666 διὰ
965 4616 1092 4684 τοὺς
1142 4615 1398 4682 ἐλέγχους
1433 4614 1828 4684 ὑδριοπαθοῦνο

255 4718 398 4763 τας,
445 4703 542 4754 καὶ
576 4681 766 4756 Ῠτοῦτοῖ
794 4705 926 4757 αὐτὸ
973 4681 1444 4776 έιαγνωσθῇγπαρ⁹
1475 4681 1788 4759 ἐπισκόπων
1809 4723 1823 4737 ·

252 4796 757 4864 ἀντιστραφήσεται
788 4798 822 4865 η
853 4797 1036 4866 ἐνορία
1099 4798 1236 4866 πρὶς
1276 4798 1367 4850 τὸν
1415 4799 1578 4850 αὐτὸν
1605 4800 1828 4852 ἐπίσκο-

252 4902 385 4936 πον.
421 4884 576 4936 Ἐπεὶ
621 4883 677 4935 δέ
705 4886 851 4945 είκὸς
885 4881 954 4952 ἦν
985 4888 1162 4938 εἰπεῖν
1188 4903 1359 4950 τινας,
1407 4888 1559 4952 Τίνες
1605 4890 1823 4942 δικάσαι

252 4974 537 5042 ὀφείλουσι
569 4973 668 5042 τὴν
695 4973 950 5042 τοιαύτην
985 4974 1279 5040 ὑπόθεσιν;
1319 4976 1528 5046 ὥρισαν
1568 4979 1619 5030 oi
1647 4981 1824 5032 Πατέ-

255 5083 356 5138 ρες
409 5066 650 5125 ἐκείνους
700 5065 939 5118 δίδοσθαι
969 5065 1235 5128 δικαστὰς
1291 5069 1626 5133 ἐπισκόπους
1674 5071 1824 5140 παρά

250 5158 359 5210 τοῦ
391 5156 764 5226 πρωτεύοντος
791 5157 890 5226 τῆς
917 5158 1192 5227 ἐπαρχίας
1227 5159 1345 5228 ἦτοι
1371 5160 1465 5212 τοῦ
1492 5163 1824 5232 μητροπολί-

251 5266 380 5311 του,
409 5249 507 5312 οὓς
543 5250 608 5301 ἂν
661 5250 819 5311 αὐτὸς
848 5251 1006 5321 ὁρίσῃ
1030 5291 1044 5315 ,
1110 5253 1204 5305 ἆτε
1269 5254 1363 5306 καὶ
1395 5252 1490 5305 τοῦ
1524 5256 1688 5306 τόπου
1719 5254 1823 5306 ὑπὸ

248 5340 358 5410 τὴν
411 5340 682 5408 ἐπαρχίαν
713 5339 907 5392 τούτου
944 5342 1311 5414 διακειμένου.
1359 5343 1484 5397 Ἐἀν
1520 5344 1577 5397 δέ
1604 5345 1652 5395 oi
1691 5343 1827 5413 περὶ

247 5434 358 5500 τῆς
391 5430 606 5498 ἐνορίας
644 5429 996 5498 δικαζόμενοι
1027 5431 1383 5497 ἐπιλέξωνται
1438 5433 1698 5498 δικαστὰς
1757 5433 1821 5485 ἐκ

246 5519 521 5590 γειτόνων
558 5519 916 5583 ἐπισκόπους,
969 5518 1044 5589 μὴ
1080 5519 1308 5582 πολλοὺς
1359 5520 1818 5586 ἐπιλεγέσθωσαν,

243 5608 369 5663 ἀλλ’
400 5607 432 5678 ἢ
461 5608 555 5660 ἕνα
587 5605 622 5676 ἢ
642 5609 812 5677 τρεῖς.
843 5608 905 5659 Εί
942 5610 1040 5677 μὲν
1057 5608 1164 5679 γὰρ
1186 5605 1266 5672 εἷς
1290 5610 1537 5676 ἑπιλεγῇ,
1561 5613 1625 5679 τῇ
1653 5611 1820 5681 ψήφῳ

243 5699 467 5755 ἐκείνου
507 5696 734 5764 ἕψονται
754 5711 768 5725 °
802 5698 1020 5765 αίρετδς
1044 5698 1150 5766 γὰρ
1180 5697 1256 5750 ὢν
1282 5700 1539 5766 δικαστὴς
1566 5701 1817 5768 ἐκκλήτῳ

239 5799 345 5866 οὒκ
407 5793 807 5845 ὑποπεσεῖται·
859 5795 907 5845 εί
952 5792 1008 5845 δέ
1054 5796 1199 5863 τρεῖς
1246 5795 1401 5857 είσιν,
1455 5795 1486 5865 ἢ
1537 5793 1814 5865 σύμψηφοι

509 5887 781 5946 ιἈτιιοι..
816 5889 932 5948 Gtt.
963 5888 1339 5949 CXXXVIII.

1947 3346 2270 3416 interpellati
2310 3363 2416 3400 non
2447 3346 2927 3415 corrigantur,nee
2947 3347 3210 3401 doctrinam
3237 3348 3514 3413 invigilent

1946 3439 2085 3493 intra
2118 3454 2210 3494 sex
2234 3452 2446 3494 menses
2473 3457 2489 3502 ;
2525 3449 2653 3492 tunc
2686 3438 2853 3507 656
2878 3437 3075 3492 debent
3099 3438 3361 3503 ejusmodi
3398 3439 3463 3490 Ιοι
3481 3455 3509 3489 a

1944 3527 2034 3582 alii
2063 3527 2507 3596 vicinuepiscopo
2532 3527 2818 3595 assignari,
2847 3527 2936 3596 qui
2974 3529 3254 3596 possiteos
3290 3527 3509 3581 lucrifa-

1942 3631 2089 3681 cere,
2125 3632 2218 3671 seu
2253 3631 2345 3682 per
2369 3617 2674 3672 doctrinam
2696 3616 2797 3669 sibi
2841 3617 3138 3670 familiares
3185 3617 3424 3670 reddere.
3453 3615 3507 3668 Si

1941 3718 2120 3763 autem
2147 3708 2458 3776 episCOpus,
2491 3709 2580 3776 qui
2633 3719 2758 3762 ante
2829 3708 2974 3760 hunc
3029 3711 3272 3761 eamdem
3325 3711 3510 3762 habuit

1941 3797 2241 3862 dimcesim,
2270 3797 2414 3850 dicat
2442 3796 2742 3852 meonomia
2776 3796 2949 3864 aliqua
2975 3806 3031 3849 et
3061 3797 3290 3865 quodam
3329 3798 3509 3850 consi-

1940 3889 2012 3943 lo
2055 3902 2114 3943 se
2162 3887 2415 3958 populum
2475 3902 2634 3942 suum
2701 3887 2896 3941 docere
2954 3889 3259 3957 negligere;
3325 3897 3508 3955 utpote

1939 3983 2082 4050 quod
2109 3980 2375 4047 haeretici,
2405 3981 2497 4049 qui
2534 3980 2586 4034 in
2609 3994 2670 4035 ea
2715 3979 2855 4034 forte
2883 3989 3032 4044 sunt,
3065 3980 3231 4033 velint
3253 3981 3368 4034 sine
3400 3981 3504 4034 ulla

1941 4072 2367 4138 reprehensione
2398 4071 2664 4134 converti,
2693 4081 2748 4124 et
2780 4085 2993 4139 aequum
3040 4081 3298 4125 censeant
3329 4082 3385 4126 ut
3416 4088 3505 4126 ve-

1936 4163 2118 4217 ritatis
2176 4163 2440 4216 rationem
2494 4163 2657 4215 tacite
2714 4161 3051 4228 suscipiant;
3103 4171 3157 4215 et
3215 4171 3502 4233 propterea

1937 4253 2130 4307 docere
2183 4253 2423 4321 negligit,
2475 4267 2542 4306 ne
2586 4266 2650 4306 ea
2698 4263 2858 4306 utens
2899 4253 3184 4306 lnereticos
3225 4255 3396 4322 magis
3430 4255 3497 4307 ad

1939 4341 2337 4410 improbitatem
2364 4341 2573 4404 incitet,
2597 4351 2653 4394 ut
2677 4342 2764 4410 qui
2789 4344 3111 4411 reprehendi
3137 4358 3276 4412 aegre
3300 4344 3497 4406 ferant,

1937 4441 1991 4485 et
2025 4433 2128 4486 hoc
2158 4431 2333 4500 ipsum
2368 4432 2437 4486 ab
2467 4431 2738 4500 episcopis
2768 4447 2953 4486 verum
2985 4433 3260 4499 cognitum
3297 4434 3453 4488 fuerit
3483 4449 3498 4487 :

1861 4501 1905 4556 υ
1937 4523 2004 4575 ad
2037 4523 2286 4583 eumdem
2320 4522 2630 4591 episcopum
2668 4525 2818 4593 regio
2866 4534 3186 4577 revertetur.
3235 4525 3367 4588 Quia
3401 4541 3502 4580 au-

1937 4623 2043 4666 tem
2092 4613 2386 4666 verisimile
2429 4624 2545 4666 erat
2585 4614 2762 4666 dicere
2815 4613 3043 4681 aliquos,
3097 4616 3324 4680 Quinam
3363 4618 3500 4672 hanc

1939 4717 2159 4756 causam
2209 4701 2453 4768 judicare
2505 4701 2745 4756 debent?
2811 4713 3120 4757 statuerunt
3167 4704 3378 4769 Patres,
3411 4722 3501 4761 eos

1933 4793 2214 4860 episcopos
2249 4792 2364 4843 dari
2422 4791 2635 4860 judices
2688 4806 2718 4845 ε
2769 4792 2998 4862 primate
3043 4795 3356 4861 provincia},
3401 4810 3498 4848 seu

1937 4881 2374 4949 tnetropolitano,
2415 4897 2551 4950 quos
2590 4881 2694 4952 ipsi
2727 4883 2899 4936 visum
2954 4882 3142 4947 fuerit,
3172 4892 3353 4950 utpote
3374 4899 3494 4938 cum

1935 4974 1980 5027 is
2005 4973 2154 5026 locus
2192 4973 2327 5027 situs
2373 4973 2444 5026 sit
2475 4973 2528 5026 in
2571 4973 2687 5042 ejus
2719 4974 3015 5040 provincia.
3059 4972 3152 5026 Sin
3187 4983 3368 5027 autem
3403 4975 3494 5041 qni

1936 5064 2004 5116 de
2041 5063 2259 5131 regione
2280 5065 2635 5128 contendunt,
2668 5078 2730 5116 ex
2772 5065 2965 5119 vicinis
2989 5064 3256 5133 episcopis
3286 5065 3495 5132 judice:

1930 5151 2213 5219 elegerint,
2247 5166 2351 5204 non
2399 5153 2596 5205 multos
2626 5150 2843 5218 eligant,
2882 5152 2974 5203 sed
3004 5165 3190 5211 unum,
3226 5155 3306 5202 vel
3353 5157 3488 5202 tres.

1931 5242 2000 5296 Et
2037 5243 2084 5296 si
2125 5258 2264 5296 unus
2295 5241 2511 5312 quidem
2544 5242 2750 5296 electus
2772 5241 2956 5304 fuerit,
2995 5241 3139 5294 illius
3168 5242 3490 5294 sententiam

1928 5347 2226 5404 sequentur
2256 5350 2271 5400 ;
2311 5350 2431 5387 cum
2455 5333 2526 5387 sit
2545 5332 2686 5385 enim
2722 5331 3128 5402 electnsjudex,
3158 5334 3211 5385 in
3234 5347 3353 5386 eum
3385 5346 3489 5384 non

1929 5428 2072 5480 cadit
2122 5425 2412 5495 appellatio
2447 5441 2460 5478 :
2490 5425 2572 5479 sin
2619 5434 2800 5478 autem
2863 5425 2972 5477 sint
3027 5434 3153 5487 tres,
3198 5422 3279 5475 vel
3333 5430 3491 5474 erunt

1927 5517 2250 5584 concordes,
2279 5527 2543 5571 eteorum
2590 5516 2858 5569 sententia
2903 5513 3209 5568 necessario
3249 5512 3486 5574 valebit,

1929 5610 2012 5664 vel
2050 5609 2399 5671 dissentient,
2433 5614 2485 5660 et
2535 5606 2772 5676 plurium
2816 5607 3014 5659 valebit
3068 5604 3358 5658 sententia.
3395 5605 3492 5656 At-

1926 5717 2029 5768 que
2062 5702 2150 5753 hie
2184 5699 2401 5768 quidem
2458 5714 2628 5752 canon
2671 5700 2749 5752 sic
2781 5713 2874 5752 eos
2921 5700 3095 5765 punit,
3135 5696 3224 5764 qui
3254 5711 3357 5749 non
3390 5694 3489 5748 do-

1928 5801 2051 5844 cent
2079 5791 2180 5845 sibi
2209 5789 2479 5861 subjectos
2503 5793 2746 5860 populos.
2766 5787 3246 5855 Quinquagesimus
3268 5794 3486 5838 octavus

2935 5878 3004 5939 l3
