4136 6460
667 418 774 478 395

1943 419 2218 481 TIIEOD.
2262 420 2656 480 BALSAMON

3786 413 3887 474 396

674 539 854 583 autem
899 541 1070 579 (anon
1104 535 1416 581 sanctorum
1460 530 1825 596 apostolorum
1858 531 1934 583 sic
1968 547 2224 599 expresse

2331 529 2588 591 ἔσονται,
2648 531 2738 581 καὶ
2784 530 2843 592 ἐξ
2906 528 3147 598 ἀνάγκης
3212 530 3242 595 ἡ
3294 529 3470 596 ψῆφος
3525 527 3704 579 αὑτῶν
3757 543 3856 594 κρα

668 621 797 674 dicit
830 635 844 670 :
879 616 1172 686 Episcopus
1222 619 1300 672 vel
1337 619 1614 688 presbyter
1661 620 1751 686 qui
1786 619 1987 672 clerum
2016 620 2096 674 vel
2127 636 2220 688 po-

676 710 858 779 pulum
894 710 1134 778 negligit,
1165 721 1220 764 et
1253 724 1346 764 eos
1394 711 1648 777 pietatem
1691 724 1796 762 uon
1831 712 2006 774 docet,
2042 725 2226 780 segre-

671 810 870 867 getur:
908 803 960 855 in
997 801 1242 855 socordia
1287 811 1465 856 autem
1512 816 1857 870 permanens,
1903 801 2222 870 deponatur.

674 893 740 944 Et
769 893 897 945 mibi
928 892 1096 960 magis
1119 892 1328 946 videtur
1350 893 1649 946 servandus
1677 908 1848 947 canon
1877 892 2221 960 apostolicus.

669 981 917 1050 Iniquum
976 983 1118 1035 enim
1169 991 1274 1045 est,
1325 993 1546 1051 propter
1578 982 1814 1050 episcopi
1849 982 2224 1050 negligentiam

669 1073 1035 1140 episcopatum
1088 1075 1153 1125 ad
1183 1087 1242 1126 se
1280 1073 1584 1138 pertinente
1617 1073 1833 1140 regione
1860 1073 2086 1142 privari.
2119 1073 2223 1126 Sed

669 1164 742 1224 id,
776 1163 918 1231 quod
976 1162 1026 1214 iu
1096 1163 1390 1231 apostolico
1430 1177 1636 1215 canone
1684 1163 1903 1226 dicitur,
1937 1162 2048 1226 ﬁet,
2081 1171 2224 1230 post-

669 1268 832 1319 quam
861 1253 1116 1320 episc0po
1136 1254 1510 1305 denuntiatum
1540 1252 1720 1314 fuerit,
1747 1262 1804 1304 ut
1826 1253 1937 1304 vult
1981 1253 2064 1306 hic
2091 1267 2224 1320 prie.

669 1355 796 1392 scus
823 1355 1015 1392 canon.
1057 1341 1186 1403 Quae
1218 1352 1394 1392 autem
1435 1341 1487 1394 in
1527 1341 1776 1410 praesenti
1813 1356 2018 1394 canone
2051 1340 2224 1394 conti-

665 1437 861 1480 nentur
902 1445 997 1497 pro
1053 1432 1456 1498 dispensatione
1488 1431 1540 1483 in
1581 1431 1700 1483 aliis
1741 1445 1954 1496 quoque
1980 1429 2140 1496 justis
2172 1439 2224 1482 et

665 1519 1019 1572 rationalibus
1047 1524 1224 1574 causis
1258 1523 1466 1590 act-ipe.
1511 1519 1626 1572 Non
1658 1521 1801 1572 enim
1827 1520 2106 1588 negligens
2136 1535 2221 1572 re-

660 1609 937 1675 putabitur
967 1611 1276 1678 episcopus,
1313 1611 1404 1678 qui
1437 1619 1680 1677 :egrotat,
1709 1609 1788 1662 vel
1819 1610 1910 1675 qui
1957 1609 2010 1661 in
2048 1609 2219 1674 majo-

663 1697 812 1750 ribus
853 1698 1033 1750 causis
1086 1698 1466 1752 ecclesiasticis
1525 1710 1794 1752 versatur.
1843 1697 1982 1766 Lege
2008 1709 2062 1750 et
2098 1713 2220 1750 can.

662 1784 767 1838 105
813 1786 1091 1852 pra-sentis
1120 1787 1326 1855 synodi,
1381 1789 1468 1855 qui
1519 1788 1820 1855 ltujusmodi
1860 1787 2218 1854 negligentem

2327 623 2500 686 τήσει,
2566 622 2596 688 ῆ
2651 621 3092 688 μερισθήσονται,
3170 619 3260 672 καὶ
3316 620 3575 687 κρατήσει
3619 616 3804 667 λοιπον
3859 616 3888 682 ὴ

2326 708 2434 759 τῶν
2493 707 2751 760 πλειόνων
2803 709 3000 777 ψῆφος.
3070 709 3177 760 Καὶ
3240 704 3392 768 οὗτος
3465 708 3563 774 μέν
3627 708 3656 757 ό
3713 706 3890 758 κανὼν

2325 799 2466 852 οὑτω
2511 799 2728 862 κολάζει
2791 801 2913 861 τοὺς
2966 801 3040 869 μὴ
3081 800 3428 859 διδάσκοντας
3473 799 3612 859 τοὺς
3647 797 3738 848 ὑπ’
3789 799 3890 849 αὑ-

2324 893 2446 952 τοὺς
2498 890 2700 951 λαούς·
2760 892 2788 942 ό
2837 889 2892 942 δὲ
2941 888 3021 958 νη⁸
3059 889 3234 941 κανὼν
3285 889 3392 940 τῶν
3452 891 3620 954 ἁγίων
3653 888 3889 941 ἀποστόο

2324 978 2430 1030 λων
2455 980 2618 1047 φησὶν
2639 979 2781 1032 οὕτω
2807 979 2983 1049 ῥητῶς
3004 996 3017 1010 ⁸
3061 980 3388 1040 Ἐπίσκοπος
3438 981 3470 1048 ἢ
3517 978 3893 1046 πρεσϐύτερος

2327 1070 2546 1138 ἀμελῶν
2575 1070 2668 1122 τοῦ
2699 1071 2900 1138 κλήρου
2934 1071 2964 1139 ἢ
3007 1071 3099 1121 τοὺ
3152 1070 3304 1133 λαοῦ,
3340 1072 3436 1123 καὶ
3490 1070 3564 1139 μὴ
3613 1067 3890 1120 παιδεύων

2324 1160 2516 1219 αὑτοὺς
2566 1159 2662 1229 τὴν
2685 1159 2981 1221 εὑσέϐειαν,
3013 1159 3386 1229 ἀςωριζέσθω⁹
3419 1159 3584 1227 ἐπιμέ
3598 1177 3698 1211 νων
3743 1159 3799 1208 δέ
3827 1161 3890 1224 τῇ

2325 1249 2585 1319 ῥᾳθυμίᾳ,
2618 1251 3003 1320 καθαιρείσθω.
3037 1253 3144 1305 Καὶ
3169 1252 3318 1304 δοκεῖ
3369 1269 3459 1320 μοι
3495 1251 3694 1319 μᾶλλον
3745 1253 3894 1315 ὀφεί-

2323 1340 2435 1391 λειν
2469 1343 2688 1409 κρατεῖν
2718 1341 2785 1394 τά
2836 1341 2928 1394 τοῦ
2962 1342 3318 1394 ἀποστολικοῦ
3383 1344 3622 1402 κανόνος.
3673 1341 3894 1392 Ἀδικον

2322 1430 2430 1498 γάρ
2451 1433 2564 1482 ἐστι
2587 1432 2676 1484 διὰ
2705 1433 2804 1502 τὴν
2828 1433 3086 1502 ἀμέλειαν
3110 1432 3203 1484 τοὺ
3230 1433 3528 1484 ἐπισκόπου
3563 1431 3894 1499 στερηθῆναι

2321 1519 2417 1589 τὴν
2450 1522 2752 1592 ἐπισκοπὴν
2779 1522 2878 1592 τῆς
2903 1522 3408 1593 ἀνηκούσης-ταύτῃ
3435 1522 3676 1590 ἐνορίας.
3745 1523 3893 1587 Πλὴν

2322 1611 2416 1662 καὶ
2447 1612 2512 1662 τε
2543 1612 2634 1663 τοῦ
2658 1611 3014 1664 ἀποστολικοῦ
3058 1614 3278 1674 κανόνος
3319 1613 3605 1680 γενήσεται
3655 1614 3795 1678 μετὰ
3835 1616 3894 1660 τὸ

2322 1699 2766 1765 παραγγελθῆναι
2819 1701 2908 1750 τὸν
2957 1699 3254 1750 ἐπίσκοπον
3303 1699 3443 1750 κατὰ
3499 1698 3590 1749 τὸν
3653 1698 3894 1764 παρόντα

2323 1788 2538 1841 κανόνα.
2579 1789 2655 1840 Ta
2681 1788 2735 1840 δέ
2756 1788 2832 1858 τῷ
2863 1789 3088 1857 παρόντι
3123 1789 3303 1840 κανόνι
3331 1788 3696 1856 περιεχόμενα
3729 1788 3892 1856 χάριν

659 1874 970 1942 episcopum
1015 1877 1412 1928 communionis
1459 1878 1784 1944 privatione,
1826 1885 2214 1944 consequenter

2324 1883 2625 1946 οἰκονομίας
2651 1851 2880 1932 ἐκλαϐού
2907 1851 2996 1931 καὶ
3021 1881 3098 1938 είς
3141 1879 3331 1946 ἐτέρας
3383 1851 3635 1943 εὐλόγους
3691 1851 3891 1939 αίτίάς.

659 1964 802 2017 dicto
835 1967 1026 2018 canoni
1059 1966 1372 2032 apostolico,
1408 1967 1619 2022 multat.

2319 1969 2390 2019 Οὑ
2421 1972 2526 2038 γὰρ
2544 1970 2745 2038 ἀμελὴς
2801 1969 3178 2038 λογισθήσεται
3225 1973 3252 2022 ό
3288 1970 3584 2030 ἐπίσκοπος
3637 1967 3890 2034 νοσῶν,ῆ

657 2053 1140 2126 ἐκκλησιαστικαῖς
1207 2059 1446 2125 μείζοσιν
1496 2058 1948 2126 ἐνασχολούμενος
2002 2058 2338 2113 ὑποθέσεσιν.

2418 2060 2712 2126 ’Δνάγνωθι
2777 2063 2867 2114 καὶ
2929 2062 3019 2112 τὸν
3086 2063 3378 2113 ἐκατοστὸν
3428 2064 3608 2128 τρίτον
3697 2062 3892 2110 κανςὸια

656 2147 756 2214 τῆς
786 2146 1060 2215 παρούσης
1087 2148 1325 2209 συνόδου,
1369 2148 1730 2216 ἀκοινωνησία
1787 2145 2215 2210 καταδικάζοντα
2253 2148 2342 2199 τὸν
2392 2149 2626 2202 τοιιῦτον
2689 2150 2869 2219 ἀμελῆ
2929 2152 3228 2204 ἐπίσκοπον
3276 2151 3580 2213 ἀκολούθως
3638 2152 3714 2220 τῷ
3790 2153 3889 2218 ρηο

659 2243 804 2293 tum
829 2238 1167 2306 ἀποστολικῴ
1201 2239 1404 2292 κανόνι.

731 2331 982 2387 ZOKAR.
1019 2331 1074 2384 Si
1108 2331 1198 2398 qui
1247 2331 1506 2398 episc0pi,
1564 2330 1736 2397 inquit
1779 2345 1972 2395 canon,
2013 2330 2124 2382 loca
2153 2332 2219 2381 ad

659 2439 789 2478 suas
820 2421 1081 2476 ecclesias
1111 2422 1410 2488 spectantia
1442 2420 1739 2488 negligant,
1771 2434 1870 2473 nec
1897 2419 1965 2473 de
1995 2419 2060 2473 iis
2087 2420 2221 2473 reci-

663 2513 874 2583 piendis
911 2522 1004 2566 aut
1044 2511 1386 2564 vindicandis
1431 2510 1715 2573 laborent,
1771 2524 1835 2563 ea
1877 2511 1942 2563 de
1973 2525 2030 2564 re
2080 2512 2220 2577 apud

661 2604 947 2672 synodum,
984 2616 1146 2671 quam
1196 2602 1419 2655 unitatis
1467 2601 1749 2654 catholicae
1803 2602 2041 2661 nomine,
2079 2603 2219 2670 quod

664 2695 784 2746 tidei
813 2694 1023 2746 vinculo
1064 2694 1115 2746 in
1158 2708 1320 2745 unum
1366 2696 1517 2760 quasi
1563 2707 1760 2759 corpus
1796 2693 2066 2760 adscripta
2126 2695 2218 2757 sit,

661 2784 971 2849 explicavit,
1004 2799 1031 2834 a
1063 2784 1258 2836 vicinis
1295 2783 1567 2851 episcopis
1609 2794 1954 2836 accusantur.
1989 2783 2142 2848 Quod
2175 2785 2219 2838 si

663 2887 754 2925 sex
804 2873 870 2925 ab
913 2872 1258 2925 accusatione
1318 2872 1598 2924 mensibus
1643 2871 1718 2923 rei
1775 2874 1996 2940 agenda
2046 2874 2223 2926 adhuc

664 2961 1076 3023 indormientes,
1106 2961 1220 3014 loca
1261 2961 1506 3014 ecclesiis
1530 2960 1644 3012 suis
1678 2962 1897 3013 minime
1935 2975 2220 3028 recupera-

664 3052 858 3114 verint,
881 3065 942 3104 ea
964 3050 1142 3111 alteri,
1175 3051 1264 3116 qui
1308 3048 1650 3112 lucrifacere,
1692 3049 1794 3103 ltoc
1831 3057 1936 3112 est,
1973 3050 2074 3102 sibi
2107 3049 2224 3102 vin-

2393 2330 2638 2383 ΖΩΝΛΡ.
2685 2329 2808 2381 Ἐἀν
2847 2347 2992 2394 τινες
3039 2333 3344 2396 ἐπίσκοποι,
3393 2335 3556 2401 φησὶν
3609 2336 3637 2386 ό
3692 2335 3890 2397 κανὼν,

2323 2421 2564 2488 ἀμελῶσι
2599 2421 2703 2471 τῶν
2731 2421 2910 2472 τόπων
2935 2420 3043 2470 τῶν
3078 2422 3388 2490 ἁκηκόντων
3421 2427 3536 2484 ταῖς
3573 2426 3892 2492 ἐκκλησίαις

2323 2509 2521 2571 αὐτῶν,
2555 2508 2690 2576 πρὸς
2719 2507 2777 2560 τὸ
2826 2507 3022 2568 αὑτοὺς
3065 2509 3339 2576 κερδᾶναι,
3411 2512 3528 2562 ἀντὶ
3575 2512 3692 2574 τοῦ,
3753 2513 3892 2563 ὥστε

2322 2601 2517 2660 αὑτοὺς
2542 2599 2822 2664 ἐκνικῆσαι
2853 2599 2946 2649 καὶ
2983 2597 3148 2666 ἐχειν,
3185 2599 3270 2650 ἰνα
3294 2600 3610 2653 αίτιαθῶσιν
3659 2605 3738 2662 είς
3797 2607 3893 2671 τῆν

2324 2689 2617 2756 καθολικὴν
2658 2687 2883 2755 ἑνότητα
2912 2689 2987 2748 είς
3014 2689 3112 2757 τὴν
3167 2687 3383 2741 σύνοδον
3410 2689 3609 2758 δηλαδὴ
3637 2692 3734 2760 τὴν
3759 2695 3896 2760 tvo—

2327 2780 2393 2845 μέ
2409 2797 2492 2845 ιην
2523 2781 2585 2847 τῇ
2629 2777 2885 2845 καθολικῆ
2934 2781 3131 2841 πίστει,
3159 2780 3527 2846 ἐγκαλούντων
3551 2785 3732 2844 αὑτοῖς
3769 2787 3895 2851 περὶ

2322 2870 2509 2920 τοᾶτου
2532 2869 2634 2918 τῶν
2652 2867 3003 2933 γειτνιώντων
3021 2872 3129 2931 τοῖς
3142 2874 3323 2932 τόποις
3343 2872 3678 2927 ἐπισκόπων.
3697 2875 3793 2924 ’Εά
3808 2901 3822 2922 .-
3838 2875 3893 2926 δι

2325 2958 2656 3018 αίτιαθέντες
2671 2958 2818 3018 ἐντὸς
2835 2957 3016 3025 μηνῶν
3031 2959 3090 3023 ’ἐξ
3110 2963 3246 3027 μετά
3261 2962 3786 3031 αίτίασινψηφιζομέ
3801 2983 3895 3016 ,ων

2325 3047 2474 3098 οὑδέν
2501 3047 2768 3098 ἀνύσωσιν
2800 3048 2877 3107 εις
2907 3048 3188 3116 ἐκδίκησιν
3221 3049 3326 3100 τῶν
3357 3051 3724 3118 διαφερόντων
3775 3058 3895 3112 ταῖς

661 3141 844 3193 dicare
869 3141 1061 3207 possit,
1084 3139 1560 3206 adjudicabuntur.
1592 3135 1786 3192 Verum
1846 3137 1890 3190 si
1938 3139 2217 3206 episcopus

2324 3137 2632 3198 ἐκκλησίαις
2646 3136 2821 3188 αὑτῶν
2843 3135 3230 3206 ῥᾳθυμοῦντες,
3249 3142 3650 3209 προσκυρωθήσ
3664 3161 3802 3194 ,νται
3821 3144 3895 3210 τῷ

661 3233 729 3284 ad
764 3243 919 3298 quem
948 3228 1033 3282 illa
1061 3231 1356 3298 pertinent,
1377 3242 1480 3281 non
1513 3227 1855 3296 negligentia,
1882 3229 1975 3280 sed
1995 3227 2219 3280 consilio

661 3323 839 3387 potius
872 3328 927 3374 et
964 3322 1028 3373 de
1071 3320 1338 3372 industria
1380 3319 1664 3372 confestim
1717 3318 1993 3385 repetendi
2032 3332 2218 3370 curam

661 3411 921 3478 seposuit,
953 3413 1076 3478 quia
1106 3410 1245 3464 forte
1279 3410 1347 3463 ab
1379 3411 1443 3464 iis
1474 3410 1743 3478 episcOpis
1772 3425 1835 3464 ea
1869 3408 1987 3462 loca
2019 3410 2225 3463 detine-

663 3502 880 3564 bantur,
915 3502 1002 3567 qui
1039 3516 1160 3554 cutn
1192 3499 1429 3554 haeretici
1450 3511 1654 3562 essent,
1690 3514 1752 3552 ea
1791 3499 2120 3561 conditione,
2158 3514 2222 3552 ne

661 3593 784 3662 quis
817 3607 910 3645 eos
942 3591 1050 3644 ulla
1078 3589 1320 3644 molestia
1363 3590 1616 3652 alliceret,
1649 3590 1904 3645 Ecclesiae
1939 3590 2220 3643 catholica:

662 3699 722 3740 se
755 3685 1139 3752 adiunxerant,
1176 3699 1236 3738 ac
1266 3699 1331 3738 eo
1362 3695 1646 3752 propterea
1695 3685 1978 3738 remissius
2028 3691 2223 3749 agente

661 3774 780 3838 ejus
816 3781 997 3840 partes
1043 3772 1179 3826 alter
1214 3773 1530 3841 praeripuit;
1570 3782 1679 3825 tum
1723 3773 1835 3825 loca
1878 3774 1988 3837 illa,
2040 3789 2096 3827 re
2128 3787 2222 3841 per

661 3865 945 3933 episcopos
974 3865 1206 3931 cognita,
1250 3864 1295 3918 ei
1327 3865 1394 3917 ad
1447 3878 1605 3932 quem
1664 3865 1932 3932 pertinent
1973 3866 2224 3933 episcopo

665 3953 1036 4004 restituantur.
1083 3950 1216 4003 Nam
1248 3952 1294 4004 si
1329 3968 1391 4004 ea
1419 3953 1702 4020 episcopus
1737 3953 2032 4013 vindicare,
2069 3967 2131 4006 ac
2157 3955 2222 4006 ab

668 4038 959 4103 haereticis,
990 4052 1019 4090 a
1059 4039 1253 4106 quibus
1281 4040 1684 4101 detinebantur,
1725 4039 1934 4107 eripere
1968 4038 2222 4094 festinas-

669 4135 785 4189 set;
829 4124 1040 4192 pejores
1072 4141 1164 4178 eos
1217 4125 1569 4193 proculdubio
1625 4125 1894 4181 effecisset
1948 4137 2110 4196 atque
2158 4132 2222 4180 ad

667 4217 987 4281 pravitatem
1029 4230 1343 4282 morumque
1391 4215 1798 4284 perversitatem
1831 4216 2061 4286 amplius
2093 4230 2223 4269 cono

667 4305 912 4355 citasset.
953 4303 1053 4366 Qui
1105 4311 1284 4355 autem
1330 4303 1431 4354 bac
1460 4303 1526 4355 de
1557 4316 1613 4354 re
1661 4312 2018 4371 c0gnoscant,
2045 4319 2074 4356 a
2111 4305 2221 4372 pri-

666 4404 812 4446 ntate
844 4394 1155 4460 provinciae,
1187 4393 1340 4460 cujus
1368 4394 1419 4444 iu
1455 4393 1659 4446 ditione
1691 4393 1840 4445 locus
1870 4403 1975 4458 est,
2017 4395 2222 4460 episco-

667 4483 719 4547 pi
747 4482 957 4548 judices
1001 4480 1289 4531 dabuntur.
1324 4479 1475 4542 Quod
1504 4479 1548 4531 si
1593 4479 1828 4543 ipsimet,
1863 4483 1952 4545 qui
1988 4480 2128 4533 inter
2164 4496 2221 4534 se

666 4572 988 4637 disceptant,
1019 4567 1216 4636 eligere
1251 4569 1531 4630 voluerint,
1565 4581 1657 4621 aut
1687 4583 1873 4630 unum,
1904 4582 2080 4622 canon
2123 4571 2220 4632 ait,

666 4669 758 4710 aut
789 4667 900 4714 tres
930 4670 1077 4713 certe
1104 4659 1489 4712 controversia:
1519 4659 1751 4712 arbitros
1795 4669 2056 4712 statuant.
2090 4659 2223 4711 Nam

666 4750 712 4800 si
749 4763 886 4801 unus
922 4748 1126 4801 electus
1155 4749 1245 4812 sit,
1280 4747 1479 4801 valebit
1510 4748 1628 4816 ejus
1662 4749 1927 4802 sententia
1951 4785 1966 4812 ,
2014 4763 2136 4801 cum
2171 4748 2222 4799 iu

663 4838 1076 4908 657judicem
1105 4838 1332 4891 electum
1359 4853 1467 4892 non
1502 4840 1968 4906 caditappellatio.
2006 4838 2101 4892 Sin
2124 4855 2225 4892 au-

666 4938 774 4979 tem
799 4939 908 4980 tres
937 4925 1157 4991 fuerint,
1195 4925 1276 4977 vel
1302 4923 1439 4978 idem
1468 4939 1653 4978 omnes
1671 4929 1989 4989 decernent,
2025 4940 2088 4979 ac
2127 4941 2222 4978 eo-

668 5031 786 5067 rum
819 5015 1024 5080 judicio
1057 5015 1364 5070 necessario
1393 5014 1524 5068 stari
1577 5016 1877 5082 oportebit,
1908 5019 1989 5069 vel
2011 5017 2082 5069 ita
2112 5015 2226 5068 dis-

667 5107 926 5168 sentient,
946 5115 1004 5159 ut
1024 5107 1157 5159 duos
1178 5113 1359 5158 tamen
1397 5106 1535 5158 inter
1554 5119 1613 5159 se
1635 5106 1940 5168 convenire,
1974 5121 2080 5159 uno
2108 5116 2226 5158 tan-

668 5199 943 5250 tummodo
983 5196 1343 5262 discrepante,
1383 5208 1607 5248 necesse
1630 5194 1724 5258 sit,
1757 5209 1820 5247 ac
1847 5204 1974 5248 tuuc
2013 5211 2225 5263 quoque

667 5288 722 5339 id
751 5287 894 5354 quod
927 5286 1108 5353 plures
1140 5284 1486 5353 probaverim
1515 5285 1851 5339 retinebitur.

665 5465 892 5520 Διιιετ.
935 5485 952 5516 ι
989 5465 1089 5530 Qui
1117 5463 1183 5517 ad
1218 5477 1277 5517 se
1307 5462 1631 5530 pertinentia
1661 5464 1934 5532 negliguut
1960 5477 2219 5517 anuiouc-

745 5573 762 5605 ε
810 5565 1013 5608 antur:
1049 5563 1104 5608 et
1133 5556 1176 5606 si
1229 5553 1360 5606 nihil
1394 5556 1531 5606 iutrn
1575 5569 1670 5608 sex
1721 5571 1930 5610 menses
1971 5557 2219 5619 iecerint,

751 5646 878 5706 sci,
915 5645 1008 5710 qui
1065 5643 1382 5695 luctilacere
1447 5653 1638 5709 potest,
1706 5645 2102 5710 adjudtcentur.
2165 5647 2220 5698 Si

749 5754 771 5788 ι
806 5747 982 5790 autem
1033 5735 1368 5789 meonomice
1413 5735 1766 5802 neglexerint,
1821 5750 1884 5789 ne
1933 5738 2218 5791 li.eretic0s

2325 3224 2605 3293 δυναμένῳ
2633 3225 2885 3294 κερδᾶναι
2904 3227 3122 3290 αὐτοὺς,
3149 3229 3422 3280 τουτέστιν
3446 3231 3752 3297 ἐκνικῆσαι.
3775 3232 3895 3282 Ἐαν

2323 3315 2376 3366 δέ
2401 3318 2426 3367 ό
2450 3317 2762 3378 ἐπίσκοπος,
2786 3309 2829 3383 ᾧ
2858 3317 3056 3384 ἀνῆκον
3081 3318 3130 3369 οί
3152 3319 3330 3382 τόποι,
3385 3319 3443 3371 οὑ
3475 3319 3562 3371 διὰ
3598 3323 3893 3389 ρᾳθυμίαν,

2324 3405 2457 3458 ἀλλὰ
2477 3405 2542 3457 δι’
2564 3407 2871 3473 οἰκονομίαν
2893 3407 3260 3475 ὑπερετίθετο,
3281 3408 3408 3471 ἴσως
3429 3409 3536 3461 τῶν
3561 3416 3897 3478 κατεχόντων

2323 3494 2449 3555 τοὺς
2499 3495 2695 3557 τόπους
2749 3497 3036 3565 αἱρετικὼν
3079 3499 3390 3550 ἐπισκόπων
3464 3499 3777 3553 ἑνωθέντων
3831 3505 3896 3570 τῇ

2324 3582 2582 3652 καθολικῆ
2623 3583 2917 3651 Ἐκκλησία
2941 3584 3034 3635 ἐπὶ
3097 3587 3387 3654 συμψωνίᾳ
3439 3587 3531 3638 τοῦ
3593 3589 3897 3656 ἀθορύϐους

2322 3673 2515 3734 αὑτοὺς
2549 3673 2955 3741 διατηρηθῆναι,
2992 3674 3084 3726 καὶ
3129 3674 3216 3727 διὰ
3249 3676 3404 3728 τοῦτο
3467 3678 3896 3748 ὑπερτιθεμένου

2322 3762 2418 3828 τὴν
2446 3762 2724 3831 ἐκνίκησιν
2753 3761 2845 3813 τοῦ
2898 3763 3194 3816 ἐπισκόπου
3257 3765 3556 3833 προέλαϐεν
3607 3767 3790 3830 ἄλλος,
3849 3771 3896 3820 oi

2321 3851 2474 3900 τόποι
2501 3847 2578 3917 τῷ
2607 3849 2909 3919 ἐπισκόπῳ,
2938 3843 2981 3917 ᾧ
3005 3851 3276 3920 διέφερον,
3323 3854 3894 3924 ἀποκαταστήσονται⁹

2323 3941 2638 3992 ἐπισκόπων
2699 3940 2826 4008 περὶ
2871 3941 3060 3993 τούτου
3110 3942 3602 4008 διαγινωσκόντων.
3677 3947 3740 3998 El
3791 3953 3896 4017 γὰρ

2323 4029 2654 4080 ἐσπούδασεν
2693 4031 2720 4080 ὁ
2749 4029 3046 4092 ἐπίσκοπος
3072 4033 3356 4099 ἐκνικῆσαι
3389 4035 3512 4093 τοὺς
3539 4037 3740 4098 τόπους
3788 4039 3893 4089 ἀπὸ

2322 4118 2429 4168 τῶν
2464 4119 2796 4186 κατεχόντων
2830 4120 3024 4182 αὑτοὺς
3047 4121 3358 4189 αἱρετικῶν,
3386 4124 3546 4175 πλέον
3593 4126 3660 4176 ἂν
3718 4128 3898 4178 ἐκάκιο

2324 4208 2412 4268 ξεν
2447 4205 2659 4272 αὑτοὺς,
2692 4209 2811 4259 ἀντὶ
2847 4208 2964 4272 τοὺ,
3007 4211 3252 4276 χείρονας
3275 4210 3340 4261 ἀν
3368 4213 3622 4279 ἐποίησεν
3676 4217 3892 4276 αὑτοὺς,

2326 4298 2417 4348 καὶ
2443 4298 2518 4358 είς
2544 4296 2764 4348 πλείονα
2805 4298 3004 4351 κακίαν
3035 4298 3287 4366 ἠρέθισεν
3349 4301 3430 4355 ἀν.
3475 4300 3610 4364 Τοὺς
3651 4305 3706 4356 δέ
3771 4309 3895 4374 περὶ

2325 4386 2513 4438 τούτου
2549 4387 2838 4450 μέλλοντας
2865 4389 3252 4457 διαγνωμονείν
3289 4393 3619 4456 ἐπισκόπους
3680 4396 3708 4444 ό
3750 4413 3896 4464 πρω-

2326 4475 2494 4528 τεύων
2526 4478 2623 4544 τῆς
2651 4478 2916 4546 ἐπαρχίας
2941 4479 3122 4543 δώσει,
3147 4482 3205 4532 ἐν
3230 4476 3261 4550 ᾖ
3294 4484 3323 4533 ό
3360 4484 3728 4552 ἐκνικώμενος
3785 4490 3896 4540 δια-

2328 4583 2498 4618 κειται
2528 4570 2709 4628 τότος.
2743 4568 2872 4620 Ἐὰν
2895 4569 2950 4620 δέ
2971 4572 3018 4620 οἱ
3051 4573 3175 4638 περὶ
3210 4573 3316 4622 τῶν
3370 4576 3551 4627 τόπων
3605 4577 3892 4646 δικαζόμεο

2326 4658 2577 4708 νοιαὺτοὶ
2612 4658 2963 4720 ἐπιλὲξωνται
3000 4660 3280 4726 δικαστὰς,
3336 4661 3367 4731 ἦ
3414 4658 3494 4725 εἷς
3538 4665 3894 4731 ἐπιλεγέσθω,

2327 4747 2489 4812 φησὶν
2546 4746 2572 4796 ὁ
2635 4746 2833 4812 κανὼν,
2865 4748 2897 4816 ἢ
2928 4751 3095 4817 τρεῖς·
3129 4749 3186 4802 Εί
3235 4752 3336 4818 μὲν
3389 4755 3498 4823 γὰρ
3533 4749 3610 4814 εἷς
3643 4755 3892 4824 ἔπ’λδτῇν

2325 4839 2390 4904 τῇ
2421 4837 2584 4904 ψήφῳ
2612 4837 2816 4888 ἐκείνου
2842 4839 3059 4906 ἕψονται
3084 4857 3097 4871 ⁶
3133 4842 3350 4909 αἱρετὸς
3378 4844 3483 4912 γὰρ
3513 4843 3588 4894 ὢν
3637 4846 3895 4915 δικαστής

2326 4930 2574 4997 ἐκκλήτῳ
2603 4930 2701 4997 οὑχ
2731 4930 3085 4983 ὑποπεσείται
3114 4948 3128 4961 °
3164 4936 3210 4984 εί
3231 4933 3289 4984 δέ
3315 4937 3461 5002 τρεῖς
3490 4938 3648 4997 εἰσιν,
3686 4939 3719 5007 ῆ
3759 4939 3894 5006 σύμ-

2325 5019 2496 5087 ψηφοι
2529 5021 2757 5084 ἐσονται,
2790 5022 2882 5071 καὶ
2904 5021 2965 5083 ἐξ
3003 5021 3247 5090 ἀνάγκης
3272 5025 3305 5091 ἡ
3333 5023 3510 5091 ψῆφος
3545 5026 3728 5078 αὑτῶν
3761 5045 3896 5098 κρα.

2326 5113 2501 5180 τήσει,
2533 5111 2564 5180 ἢ
2596 5113 3020 5182 μερισθῆσονται
3053 5115 3107 5164 al
3135 5114 3348 5182 γνῶμαι
3394 5116 3590 5182 αὑτῶν,
3639 5118 3714 5180 ὠς
3773 5123 3894 5182 τοὺς

2331 5203 2428 5268 μέν
2456 5202 2547 5254 δύο
2573 5203 3042 5271 όμογνωμονῆσαι,
3081 5205 3170 5255 τὸν
3227 5203 3271 5256 δ’
3305 5205 3487 5273 ἕτερον
3530 5206 3698 5276 ἄλλης
3743 5211 3894 5274 γενέ-

2328 5292 2980 5360 σθαιιδιαγνώσεως,’καὶ
3029 5297 3292 5364 κρατήσει
3334 5297 3518 5350 λοιπον
3575 5299 3683 5351 τῶν
3744 5301 3894 5353 nist-

2327 5384 2461 5435 ὀνων
2484 5387 2513 5451 ἡ
2541 5385 2738 5452 ψῆφος.

2396 5475 2616 5529 ΔΙἾΣΤ.
2660 5496 2676 5526 ι
2717 5478 2778 5528 Οί
2806 5478 2911 5528 τῶν
2945 5479 3253 5548 ἀνηκόντων
3301 5480 3632 5548 ἀμελοῦντες
3691 5484 3895 5554 ὑπομι-

2337 5583 2353 5614 ι
2397 5565 2828 5631 μνησκέσοωσαν
2869 5585 2881 5596 ·
2933 5571 3029 5617 καὶ
3062 5571 3110 5619 εί
3171 5568 3340 5636 μηδὲν
3381 5569 3533 5632 ἐντὸς
3598 5572 3790 5639 μηνῶν
3840 5575 3894 5636 ἐξ

2335 5673 2352 5705 ι
2401 5658 2677 5721 δράσουσι,
2727 5658 2804 5724 τῴ
2874 5659 3156 5728 δυναμένῳ
3222 5659 3481 5726 κερδΞναι
3554 5666 3894 5733 προσκυρούο

2333 5765 2350 5796 ι
2387 5747 2617 5800 σἿωσλν.
2684 5748 2744 5800 ΕΞ
2804 5749 2987 5817 μέντοι
3047 5751 3403 5816 οἰκονομικῶς
3479 5753 3892 5822 κατημέλησαν,
