4136 6496
313 461 419 523 397

1311 456 1391 516 ΙΝ
1428 455 1592 520 CAN.
1632 455 1878 516 CXXIII
1919 455 2130 514 CONC.
2170 456 2548 516 CARTHAG.

3431 455 3536 518 398

319 584 343 618 ε
381 567 524 620 ὥστε
567 567 642 635 μὴ
723 561 1109 632 προσερεθίσαι
1137 561 1263 625 τοὺς
1313 561 1709 630 αίρετίζοντας,
1784 563 1877 614 καὶ

1991 580 2006 612 ι
2046 563 2346 628 irritarent,
2399 574 2455 618 et
2487 566 2588 620 hoc
2637 577 2914 637 appareat,
2950 569 3216 638 episcopis
3269 571 3381 625 sive
3437 573 3535 625 da-

318 677 342 711 ε
381 656 540 709 τοῦτο
571 653 779 722 δειχθῇ,
825 651 1122 721 κρινόντων
1174 651 1508 717 ἐπισκόπων,
1537 652 1646 704 τῶν
1701 651 1732 721 ἢ
1793 653 1878 706 δο-

317 763 341 798 ε
388 743 592 798 θέντων
624 741 655 812 ἢ
713 739 1105 806 έπιλεγέντων,
1133 739 1200 808 τῇ
1227 738 1469 810 καθέδρᾳ
1500 739 1707 792 τούτων
1739 742 1879 794 ἁπο-

320 855 344 886 ε
389 831 868 886 καθιστάσθωσαν.
915 847 935 881 ι

395 923 674 991 Ἐἀνι-τ.νες
690 921 798 975 τῶν
825 909 1140 974 ἐπισκόπων
1160 920 1268 973 τῶν
1286 920 1591 990 ἀνηκόντων
1610 919 1792 972 τόπων
1813 922 1880 988 τῇ

308 1015 492 1072 αὐτῶν
517 1014 756 1082 καθέδρᾳ
785 1011 1122 1082 ἀμελήσωσι,
1151 1012 1242 1064 καὶ
1264 1011 1702 1080 ὑπομνησθέντες
1730 1009 1884 1080 παρὰ

308 1105 424 1158 τῶν
448 1104 804 1171 γειτνιώντων
831 1104 1012 1165 αὐτοῖς
1045 1103 1360 1155 ἐπισκόπων
1393 1102 1696 1172 έπιμελῶν,
1740 1103 1884 1155 ὥστε

309 1192 658 1262 διεγερηῆναι
685 1191 766 1254 είς
799 1189 861 1243 τὸ
911 1190 1180 1252 παντοίως
1236 1190 1473 1244 σπεῦσαι
1515 1191 1641 1252 τοὺς
1702 1191 1882 1243 ἐκεῖσε

309 1284 474 1344 ὄντας
499 1281 816 1352 αἱρετικοὺς
852 1279 1227 1350 μεταστρέψαι
1261 1281 1398 1350 πρὸς
1418 1280 1518 1352 τὴν
1546 1281 1885 1350 ὁρθοδοξίαν,

313 1377 410 1428 καὶ
443 1374 594 1436 ἐντὸς
625 1372 813 1442 μηνῶν
863 1368 924 1436 ἒξ
959 1372 1104 1442 μετὰ
1144 1373 1241 1444 τὴν
1287 1373 1526 1426 αίτίασιν
1609 1371 1762 1424 οὐδέν
1829 1388 1881 1423 τι

311 1464 611 1527 ἀνύσωπιν,
645 1462 768 1516 ἀλλ’
795 1465 855 1517 έν
885 1465 954 1534 τῇ
1003 1463 1140 1532 αὐτῇ
1201 1461 1430 1532 μείνωσι
1481 1461 1883 1529 καταφρονήσει

309 1555 408 1608 καὶ
430 1555 674 1626 ῥᾳθυμίᾳ
705 1570 721 1586 ο
751 1555 925 1625 ἑτέρῳ
951 1555 1259 1624 ιπισκόπῳ,
1317 1552 1396 1622 τῷ
1429 1551 1711 1620 δυναμένῳ
1760 1549 1885 1603 τού-

311 1661 442 1705 τους
468 1644 747 1713 κερδᾶναι,
797 1644 1380 1714 προσκυρωθήσονται.
1438 1643 1500 1696 El
1551 1640 1734 1712 μέντοι
1764 1640 1883 1693 κατ’

311 1736 630 1805 οἰκονομίας
659 1736 816 1803 λόγον
843 1737 902 1789 ού
934 1736 1299 1805 διανέστησαν
1353 1734 1489 1806 πρὸς
1537 1733 1881 1804 ἐπιμέλειαν,

1988 669 2006 701 ε
2035 655 2102 706 tis
2141 656 2253 707 sive
2274 655 2463 710 electis
2500 656 2810 726 judicibus,
2875 674 3061 714 eorum
3125 661 3394 714 cathedra:
3449 675 3533 714 re-

1986 759 2004 790 ε
2039 741 2294 796 stituantu
2305 760 2346 796 r.
2387 762 2405 793 ι

2055 918 2110 971 Si
2140 919 2231 987 qui
2255 923 2491 990 episcopi
2522 922 2636 977 loca
2666 923 2733 978 ad
2761 937 2889 980 suas
2910 925 3197 983 cathedras
3222 928 3542 997 pertinentia

1987 1007 2254 1076 neglectui
2289 1011 2596 1077 habuerint,
2639 1025 2694 1068 et
2745 1029 2778 1068 a
2815 1015 3008 1071 vicinis
3040 1017 3152 1073 suis
3207 1019 3546 1088 diligentibus

1987 1098 2247 1153 admoniti
2283 1101 2570 1170 episcopis,
2606 1112 2660 1156 ut
2685 1118 2894 1158 summa
2919 1121 3019 1175 ope
3043 1107 3343 1164 niterentur
3371 1111 3541 1164 hatre-

1988 1191 2142 1256 ticos,
2173 1193 2265 1260 qui
2307 1192 2380 1245 ibi
2419 1203 2566 1256 sunt,
2601 1194 2667 1247 ad
2711 1193 2869 1249 [idem
2912 1199 3262 1253 orthodoxam
3321 1216 3546 1256 conver-

1985 1289 2123 1346 tere,
2148 1294 2201 1336 et
2241 1283 2379 1336 intra
2422 1299 2516 1338 sex
2555 1299 2772 1340 menses
2802 1299 2924 1355 post
2957 1289 3380 1345 admonitionem
3413 1292 3546 1346 nihil

1984 1374 2205 1428 omnino
2234 1375 2530 1443 eli'ecerint,
2558 1380 2652 1432 sed
2676 1378 2728 1432 in
2757 1380 2944 1433 eodem
2979 1380 3221 1450 neglectu
3256 1382 3550 1437 manserint

1987 1473 2041 1518 et
2072 1465 2278 1520 desidia
2310 1485 2323 1521 :
2363 1467 2455 1522 alii
2487 1469 2764 1539 episcopo,
2787 1472 2880 1540 qui
2909 1487 2971 1527 ea
3007 1473 3328 1529 lucrifacere
3351 1482 3554 1543 potest,

1988 1555 2387 1624 adjudiccntur.
2419 1558 2474 1614 Si
2513 1573 2694 1616 autem
2739 1563 2895 1632 juxta
2942 1566 3428 1622 administrationis
3464 1584 3551 1621 ra-

1985 1646 2210 1712 tionem,
2242 1663 2302 1704 se
2331 1651 2401 1705 ad
2444 1651 2774 1722 diligentiam
2805 1671 2914 1709 non
2962 1657 3270 1714 excitarunt
3313 1675 3379 1714 ne
3413 1660 3552 1714 forte

1988 1739 2276 1797 haereticos
2307 1741 2374 1796 ad
2429 1743 2688 1812 majorem
2751 1747 3081 1816 proritarent
3137 1751 3550 1820 impudentiam,

314 1828 406 1881 ἶνα
443 1828 670 1899 μήτοὺς
723 1829 1032 1898 αἱρετικοὺς
1095 1828 1224 1890 ίσως
1311 1827 1447 1896 πρὸς
1499 1826 1884 1895 ἀναισχυντίαν

1991 1828 2081 1882 sed
2117 1838 2174 1884 ut
2202 1830 2316 1900 ipse
2341 1831 2484 1888 ducti
2511 1848 2606 1888 eos
2632 1837 2890 1903 patientia
2934 1840 3114 1907 potius
3140 1849 3197 1893 et
3237 1841 3528 1908 longanimi

317 1919 543 1991 μείζονα
589 1920 935 1988 διεγείρωσιν
964 1935 980 1951 ο
1035 1916 1249 1979 ἀλλ’ὡς
1294 1916 1607 1980 ἐλπίζοντες
1686 1918 1884 1981 αὐτοὺς

1991 1926 2097 1972 tate
2117 1919 2461 1988 lucrifacere,
2493 1902 2839 1993 quieverunt,
2879 1902 3180 1982 et-interim
3210 1930 3300 1984 alii
3329 1902 3548 1999 quidam

315 2009 442 2080 μεθ’
469 2010 748 2079 ὑπομονῆς
783 2009 988 2077 μᾶλλον
1016 2008 1110 2060 καὶ
1177 2007 1562 2077 μακροθυμίας
1607 2009 1888 2076 κερδᾶναι,

311 2099 605 2167 ἡσύχασαν
633 2113 650 2128 ο
685 2099 780 2149 καὶ
813 2099 872 2147 ὲν
899 2094 978 2163 τῷ
1019 2094 1222 2164 μεταξὺ
1253 2095 1430 2165 ἕτεροί
1458 2112 1601 2158 τινες
1635 2095 1742 2148 τῶν
1768 2097 1888 2149 ὲπι-

1985 2009 2221 2078 episcopi
2253 2011 2592 2080 diligentiam
2624 2031 2810 2070 eorum
2851 2017 3235 2087 anticipat-unt,
3296 2031 3350 2075 et
3379 2023 3548 2075 haere-

1987 2098 2220 2154 ticorum
2255 2100 2371 2155 loca
2403 2102 2471 2157 iis
2516 2105 2821 2170 adiudicata
2856 2118 3002 2172 sunt,
3037 2117 3089 2163 et
3113 2109 3216 2164 hoc
3243 2111 3542 2173 evincatur,

313 2189 538 2241 σκόπων
589 2188 689 2257 τὴν
765 2186 1088 2256 ἐπιμέλειαν
1169 2185 1351 2238 αὐτῶν
1425 2186 1726 2255 προέλαϐον
1795 2187 1885 2240 καὶ

1991 2190 2349 2254 iudicantibus
2388 2193 2675 2265 episcopis,
2709 2197 2794 2252 vel
2835 2213 2864 2250 a
2895 2198 3131 2266 primate
3185 2200 3347 2262 datis,
3374 2201 3455 2255 vel
3486 2202 3554 2256 ab

322 2278 833 2349 προσεκυρώθησαν
875 2281 902 2330 έ
921 2277 1120 2342 κείνοις
1155 2277 1264 2331 τῶν
1291 2278 1586 2348 αίρετικῶν
1604 2281 1652 2333 oi
1707 2279 1885 2344 τόποι,

312 2368 586 2424 καὶτοῦτο
635 2369 849 2439 δειχθῇ,
892 2368 1193 2438 κρινόντων
1255 2369 1594 2435 ἐπισκόπων,
1664 2369 1774 2422 τῶν
1847 2370 1881 2441 ἢ

314 2462 469 2530 παρὰ
488 2461 581 2514 τοῦ
619 2460 995 2530 πρωτεύοντος
1025 2459 1360 2528 δοθέντων,ἢ
1387 2459 1518 2529 παρ’
1553 2460 1883 2532 ἀμφοτέρων

311 2551 424 2605 τῶν
451 2550 771 2602 ἑπισκόπων
813 2548 1200 2616 ιπιλεγέντων,
1229 2548 1304 2610 ὼς
1354 2548 1444 2601 διὰ
1483 2550 1743 2619 τοιαύτην
1802 2553 1882 2605 ol-

1989 2278 2254 2335 ambobus
2281 2283 2549 2354 episcopis
2596 2285 2805 2351 electis,
2850 2288 2991 2356 quod
3027 2299 3246 2357 propter
3277 2289 3436 2343 talem
3479 2292 3555 2344 ni-

1991 2371 2188 2428 mirum
2218 2378 2583 2430 mcouomiam
2631 2379 3046 2435 instructionem
3078 2394 3265 2435 eorum
3317 2383 3552 2454 neglige-

1986 2460 2159 2516 hant:
2194 2463 2500 2520 istiusmodi
2537 2467 2655 2524 loca
2690 2469 2964 2527 cathedra:
3029 2485 3215 2529 eorum
3247 2471 3442 2527 iterum
3472 2488 3556 2528 re-

1992 2555 2313 2613 stituantur.

313 2644 576 2714 προνομίαν
608 2643 708 2712 τῆς
746 2643 1094 2707 διδασκαλίας
1114 2642 1276 2714 δῆθεν
1303 2642 1484 2697 αὐτῶν
1554 2644 1839 2716 ἠμέλησαν
1870 2663 1883 2678 ·
1917 2649 2383 2705 ἀποκαταστῶσιν
2408 2653 2564 2717 αὖθις
2585 2657 2650 2726 τῇ
2674 2655 2916 2726 καθέδρᾳ.
2985 2655 3165 2709 αὐτῶν
3209 2658 3258 2708 oi
3325 2656 3554 2709 τοιοῦτοι

310 2739 492 2791 τόποι.

856 2826 1091 2882 ΚΑΝΩΝ
1123 2827 1300 2879 ΡΚΓ’.

396 2939 416 2973 ε
455 2922 579 2974 Ὅτι
620 2921 721 2973 οὐκ
750 2919 961 2989 ὀφείλει
996 2919 1107 2988 (59)
1165 2918 1272 2970 τῶν
1331 2917 1741 2986 ἐπιλεγομένων
1804 2917 1880 2969 δι-

318 3031 340 3066 ε
377 3012 598 3066 καστῶν
627 3013 661 3080 ἡ
684 3009 1320 3078 γνώμηὲξουθενείσθαι.
1363 3007 1495 3060 Ἀπὸ
1508 3007 1565 3059 δὲ
1597 3006 1705 3059 τῶν
1730 3006 1886 3060 δικα-

320 3122 342 3158 ε
393 3103 557 3167 στῶν,
583 3101 691 3155 τῶν
716 3100 862 3154 κατὰ
898 3100 1085 3166 κοινὴν
1133 3100 1443 3152 συναίνεσιν
1499 3098 1884 3164 ὲπιλεγέντων,

323 3215 341 3249 ι
391 3195 470 3264 μὴ
501 3193 704 3257 δξεῖναι
739 3190 1108 3246 ἐκκαλεῖσθαι.
1168 3190 1357 3251 Ὀστις
1407 3190 1465 3242 δὲ
1511 3188 1711 3259 δήποτε
1755 3189 1890 3240 ἀπο-

321 3307 340 3339 ε
383 3285 628 3356 δειχθείη
660 3285 750 3339 διὰ
784 3282 1101 3354 μονοτονίαν
1141 3279 1216 3351 μὴ
1255 3280 1430 3333 θέλειν
1452 3280 1567 3341 τοῖς
1607 3277 1887 3340 δικασταῖς

317 3397 338 3430 ε
379 3376 773 3446 πειθαρχῆσαι,
820 3373 979 3428 τοῦτο
1048 3370 1336 3442 γινώσκων
1415 3369 1445 3420 ό
1504 3371 1605 3437 τῆς
1662 3365 1887 3437 πρώτης

321 3485 340 3518 ι
382 3465 660 3534 καθέδρας
687 3465 987 3524 ἐπίσκοπος
1015 3462 1176 3514 δώσει
1218 3460 1544 3532 γράμματα,
1610 3457 1750 3510 ὥστε
1780 3473 1886 3526 μη·

317 3573 337 3606 ι
387 3555 516 3607 δένα
545 3553 652 3607 τῶν
687 3552 1008 3606 ἐπισκόπων
1050 3549 1198 3619 αύτῷ
1253 3549 1604 3616 κοινωνῆσαι,
1671 3546 1776 3608 ἕως
1823 3537 1885 3598 οὗ

319 3662 338 3694 ι
380 3641 750 3712 πειθαρχήσῃ.
788 3659 806 3692 ι

389 3732 585 3785 ΒΑΛΣ.
613 3730 798 3800 Σαφὴς
827 3733 856 3783 ό
897 3728 1100 3782 κανών.
1124 3730 1431 3798 Διορίζεται
1469 3729 1576 3798 γὰρ
1616 3729 1690 3798 μὴ
1719 3729 1887 3780 ἐκκα-

313 3823 530 3877 λεῖσθαι
569 3840 690 3876 τινα
717 3822 862 3876 κατὰ
892 3822 991 3890 τῆς
1023 3821 1208 3891 ψήφου
1232 3820 1338 3871 τῶν
1393 3819 1450 3879 ιε
1483 3817 1742 3886 ὲπιλογῆς
1778 3816 1888 3871 τῶν

319 3914 509 3983 μερῶν
554 3914 889 3976 δικαζόντων
924 3913 1235 3964 ἐπισκόπων
1270 3925 1282 3937 ·
1317 3908 1410 3962 τὸν
1439 3909 1494 3961 δὲ
1525 3908 1682 3960 τοῦτο
1717 3909 1879 3978 ποιή-

319 4021 515 4068 σαντα,
546 4003 919 4073 ἀκοινωνησίᾳ
961 3998 1392 4070 κατακρίνεσθαι
1433 3998 1585 4067 παρὰ
1611 3998 1702 4050 τοῦ
1740 4014 1888 4067 πρω-

315 4094 594 4158 τεύοντος,
624 4094 794 4162 ἦγουν
823 4093 915 4144 τοῦ
939 4090 1358 4161 μητροπολίτου.
1383 4088 1570 4141 Ταῦτα
1602 4087 1695 4140 τοῦ
1727 4087 1891 4140 κανό-

318 4199 410 4246 νος
448 4183 846 4252 διοριζομένου,
871 4181 1018 4242 τινὲς
1063 4179 1161 4248 μὲν
1188 4175 1343 4231 εἷπον
1411 4176 1570 4230 τοῦτο
1645 4174 1889 4242 γίνεσθαι

317 4270 636 4332 ἀκολούθως
663 4269 739 4339 τῷ
764 4270 828 4321 ιθ¹
863 4285 988 4335 κεφ.
1016 4266 1108 4320 τοῦ
1207 4267 1390 4317 τίτλου
1425 4263 1519 4316 τοῦ
1577 4261 1619 4325 ζ’
1655 4263 1888 4332 βιϐλίου,

331 4360 402 4431 δῷ
427 4359 643 4427 λέγοντι
675 4375 688 4388 ο
731 4359 790 4412 '0
814 4358 1032 4429 αίρετὺς
1053 4357 1321 4426 δικαστὴς
1358 4357 1420 4408 τὸ
1479 4352 1672 4407 δοκοῦν
1742 4353 1892 4423 αύτῷ

318 4451 648 4522 ψηφίζεται,
697 4448 792 4502 καὶ
850 4449 910 4501 ού
981 4446 1439 4518 πολυπραγμονεῖ
1491 4442 1591 4514 τὴν
1651 4442 1892 4512 ψῆφονό

2527 2827 2755 2883 CANON
2793 2829 3027 2885 CXXlll.

1995 2934 2013 2968 ι
2060 2915 2212 2982 Quod
2249 2932 2357 2971 non
2411 2920 2567 2972 debet
2627 2919 2922 2974 electorum
2977 2921 3224 2989 judicum
3283 2923 3553 2975 sententia

2071 3023 2090 3056 ‹
2128 3007 2279 3060 nihili
2317 3007 2500 3075 pendi.
2529 3009 2570 3059 A
2599 3007 2881 3076 judicibus
2915 3019 3121 3075 autem,
3151 3012 3241 3078 qui
3281 3011 3552 3064 communi

2065 3114 2085 3146 ι
2123 3110 2392 3151 consensu
2429 3097 2586 3150 electi
2617 3106 2740 3151 sunt
2776 3113 2882 3152 non
2930 3098 3054 3152 licet
3108 3101 3394 3167 appellare.
3426 3099 3557 3164 Qui-

2071 3203 2092 3237 ι
2126 3200 2340 3254 cunque
2399 3201 2525 3241 vero
2571 3199 2824 3242 ostensus
2875 3186 3040 3242 fuerit
3102 3197 3319 3258 propter
3378 3190 3555 3259 pervi-

2067 3276 2317 3329 tcaciam
2381 3276 2522 3330 nolle
2588 3277 2869 3344 iudicibus
2937 3293 3159 3346 parere,
3216 3281 3317 3334 ltoc
3376 3281 3555 3335 sciens

2065 3382 2083 3416 ι
2127 3366 2316 3435 prima:
2344 3367 2490 3420 sedis
2538 3367 2846 3435 episcopus,
2903 3367 3050 3421 dabit
3090 3369 3322 3431 litteras,
3355 3379 3412 3421 ut
3440 3369 3556 3422 nul-

2071 3471 2088 3506 ι
2123 3456 2203 3511 lus
2240 3457 2292 3513 ei
2332 3457 2613 3526 episcopus
2646 3457 3010 3511 communicet
3034 3458 3207 3511 donec
3237 3459 3497 3526 paruerit.
3527 3475 3546 3509 ι

2059 3718 2259 3773 BALS.
2294 3719 2488 3774 Clarus
2521 3726 2608 3773 est
2634 3733 2831 3774 canon.
2867 3719 3068 3775 Statuit
3093 3722 3256 3785 enim,
3289 3723 3577 3776 netninem‘

1993 3808 2267 3877 appellare
2295 3808 2491 3863 debere
2513 3809 2776 3863 adversus
2833 3811 3153 3864 sententiain
3185 3811 3557 3880 episcoporum

2000 3899 2094 3968 qui
2137 3915 2202 3954 ex
2249 3900 2484 3968 partium
2543 3899 2804 3955 electione
2847 3900 3090 3967 judicant
3137 3940 3151 3955 .
3204 3916 3325 3954 eum
3379 3913 3557 3956 autem

1993 3989 2083 4058 qui
2127 3990 2228 4044 hoc
2272 3988 2485 4053 fecerit,
2547 3991 3121 4045 excommunicatione
3156 3992 3558 4046 condctnnaria

1992 4083 2222 4151 printate
2267 4095 2360 4136 seu
2417 4080 2859 4148 metropolitano.
2921 4080 3210 4150 llaec,cum
3265 4097 3293 4134 a
3352 4097 3560 4137 canone

1993 4172 2399 4235 decernantur,
2449 4171 2704 4224 dixerunt
2757 4171 2973 4238 quidem
3017 4174 3256 4226 nonnulli
3303 4174 3403 4227 ltoc
3445 4173 3560 4228 fieri

1994 4271 2390 4329 consequenter
2429 4262 2590 4330 capiti
2627 4261 2689 4315 l9
2739 4262 2824 4317 tit.
2873 4262 2908 4315 2
2931 4263 3050 4316 libri
3080 4279 3173 4328 vtt,
3219 4265 3361 4332 quod
3385 4265 3513 4320 dicit
3545 4283 3558 4296 ’

1996 4351 2278 4407 Electitius
2319 4353 2506 4420 judex,
2540 4355 2681 4422 quod
2733 4355 2836 4408 sibi
2881 4355 3112 4417 videtur,
3151 4356 3414 4421 decernit,
3460 4374 3560 4420 nec

1995 4451 2194 4511 praeter
2224 4442 2386 4496 ullam
2439 4444 2504 4497 de
2539 4444 2657 4507 ejus
2698 4445 2964 4499 sententia
3011 4460 3195 4499 curam
3242 4448 3409 4516 gerit,
3435 4447 3560 4510 ΜὶΙῄ

321 4543 581 4612 πραίτωρ
607 4559 621 4572 ο
664 4541 792 4609 ἐμοὶ
819 4540 877 4592 δὲ
914 4540 1066 4592 δοκεῖ
1096 4539 1171 4609 μὴ
1187 4537 1319 4606 περὶ
1361 4535 1620 4589 τοιούτων
1658 4534 1885 4604 αἱρετῶν

1998 4544 2179 4588 autem
2219 4534 2451 4598 videtur,
2505 4549 2607 4588 non
2652 4536 2716 4589 de
2779 4536 3051 4604 ejusmodi
3113 4537 3366 4592 electitiis
3418 4540 3560 4609 loqui

315 4630 598 4689 διδάσκειν
623 4633 720 4687 τὸν
745 4632 950 4686 κανόνα
975 4647 988 4661 ·
1018 4628 1243 4692 τούτους
1271 4629 1380 4697 γὰρ
1404 4627 1549 4690 δόσις
1582 4625 1889 4696 προστίμου

318 4724 617 4793 καθίστησι
671 4721 960 4784 δικαστὰς,
1033 4719 1254 4774 ίδιώτας
1309 4718 1506 4780 ὄντας·
1562 4717 1699 4770 ἀλλὰ
1759 4714 1889 4784 περὶ

319 4816 641 4868 ἂπισκόπων
672 4812 908 4882 ἑχόντων
967 4809 1356 4863 δικαιοδοσίαν.
1413 4805 1569 4860 Εἶναι
1606 4807 1666 4860 δὲ
1717 4806 1888 4861 ίδικδν

316 4903 486 4957 τοῦτο
514 4905 595 4965 είς
618 4902 716 4966 τὰς
747 4900 1208 4971 έκκλησιαστικὰς
1234 4898 1522 4960 ὑποθέσεις
1573 4896 1667 4950 καὶ
1696 4898 1886 4966 μόνας,

317 4993 514 5062 ὥσπερ
555 4992 650 5044 καὶ
671 4991 809 5044 ἄλλα
864 4990 1055 5044 πολλά.
1119 4992 1181 5040 Ol.
1235 4989 1348 5059 γὰρ
1411 4987 1686 5041 πολιτικοὶ
1733 4985 1889 5053 νόμοι

1998 4640 2293 4694 canonetn;
2321 4641 2495 4694 pinna:
2515 4628 2661 4682 enim
2697 4628 2844 4681 datio
2887 4642 2980 4683 eos
3019 4629 3234 4698 judices
3259 4632 3559 4692 constituit,

1998 4732 2118 4771 cum
2148 4720 2256 4773 sint
2283 4719 2514 4782 privati,
2551 4719 2643 4774 sed
2685 4719 2752 4772 de
2795 4721 3084 4788 episcopis,
3127 4721 3216 4788 qui
3254 4722 3452 4775 habent
3478 4725 3563 4791 ju-

2000 4809 2418 4863 risdictionem:
2483 4823 2602 4864 esse
2657 4819 2837 4863 autem
2899 4811 2999 4864 ltoe
3064 4811 3555 4865 ecclesiasticarum

1995 4913 2306 4964 causarum,
2339 4914 2637 4969 earumque
2683 4899 2920 4953 solarum
2984 4901 3281 4969 proprium,
3339 4902 3478 4955 sicut
3509 4914 3563 4957 et

2000 4990 2168 5043 multa
2229 4989 2356 5043 alia.
2419 4989 2588 5058 Leges
2636 4990 2782 5044 enim
2817 4988 3006 5043 civiles
3055 4990 3123 5043 ab
3169 4993 3318 5046 omni
3379 4994 3562 5062 judice

321 5083 472 5137 κατὰ
499 5081 701 5144 παντὸς
731 5079 996 5134 δικαστοῦ
1044 5080 1400 5133 ἐκκαλεῖσθαι
1441 5076 1774 5148 ὲκχωροῦσι,
1794 5077 1885 5130 atat

2000 5079 2272 5148 appellare
2300 5080 2635 5148 permittunt,
2664 5079 2873 5132 etiamsi
2938 5079 3058 5147 quis
3087 5096 3149 5133 ex
3181 5082 3413 5147 partiunt
3443 5085 3557 5140 ele.

320 5172 384 5238 ὲξ
416 5171 677 5240 ιπιλογῆς
700 5169 811 5224 τῶν
837 5171 1020 5241 μερῶν
1042 5169 1279 5239 κατέστη
1309 5186 1396 5231 τις
1420 5169 1706 5239 δικαστής.

396 5260 640 5316 ΖΩΝΔΡ.
707 5261 835 5315 Ἐὰν
912 5260 1057 5312 κατὰ
1103 5260 1290 5330 κοινὴν
1346 5261 1574 5332 γνώμην
1635 5267 1686 5318 oi
1739 5266 1898 5338 δίκην

1996 5171 2177 5225 ctione
2203 5172 2533 5224 constitutus
2569 5169 2752 5223 fuerit.

2066 5258 2322 5314 ZONAR.
2349 5258 2404 5312 Si
2445 5258 2654 5328 judices
2679 5259 2948 5312 communi
2978 5273 3242 5314 consensu
3272 5262 3553 5331 elegerint,

326 5353 552 5425 ιχοντες
579 5351 716 5420 πρὸς
750 5350 1017 5421 ἀλλήλους
1052 5352 1434 5420 αίρετίσωνται
1475 5353 1764 5419 δικαστὰς,
1794 5359 1885 5410 οὐκ

1997 5353 2084 5422 qui
2119 5353 2362 5423 litigant;
2395 5352 2474 5406 eis
2506 5352 2574 5404 ab
2613 5351 2826 5406 illorum
2878 5352 3146 5405 sententia
3182 5352 3248 5406 ad
3302 5355 3436 5408 alios
3467 5356 3560 5423 ju.

1553 5448 1721 5509 Guil.
1754 5451 2088 5530 Beveregii
2120 5455 2308 5509 notua.

401 5545 661 5618 (39)_"Ott
685 5543 1067 5618 conﬁgatur.
1099 5541 1181 5618 Ad
1224 5543 1369 5618 hunc
1396 5544 1577 5618 etiam
1628 5561 1894 5618 canonem
2002 5551 2113 5604 suis
2144 5566 2244 5602 non
2269 5548 2650 5618 obtemperant,
2692 5552 2739 5597 et
2767 5543 2831 5597 de
2857 5542 3110 5618 episcopis
3134 5559 3248 5618 non
3304 5548 3561 5614 recipiet:-

332 5618 390 5672 in
411 5613 606 5669 codice
631 5613 1068 5667 Amerbacltiano
1093 5615 1197 5667 sub
1252 5613 1451 5668 scholii
1502 5617 1723 5670 nomine
1775 5619 1889 5672 haec

323 5687 602 5752 leguntur,
628 5681 899 5752 ﬂepifrd'w
936 5682 1010 5752 μὴ
1037 5682 1491 5752 πειθαρχούντων·
1530 5687 1640 5746 τοῖς
1667 5687 1887 5749 οίκείοις

321 5750 668 5814 ιτῖισκόποις,
698 5751 792 5821 κα)
814 5750 945 5819 περῐ
962 5750 1276 5802 ἐπισκόπων
1303 5755 1392 5821 μὴ
1425 5753 1730 5820 δεχομένων
1761 5757 1885 5817 τοὺς

320 5821 734 5887 ἁποδληθέντας
757 5818 792 5887 ἢ
833 5818 1254 5885 ἀκοινωνήτους.
1292 5818 1592 5884 οβ’ἱὶεἶμιί
1631 5824 1881 5884 episcopis

1999 5621 2138 5673 tibus
2191 5620 2380 5686 ejectos
2427 5615 2505 5668 vel
2565 5614 3066 5668 excommunicatos.
3134 5612 3330 5686 verum
3387 5612 3562 5684 neque

1994 5681 2322 5812 ltocdscliolii
2365 5699 2562 5740 nomen
2618 5691 2877 5746 meretur,
2936 5695 3114 5750 neque
3189 5681 3315 5736 ltuic
3369 5681 3566 5741 canetti

1994 5773 2099 5812 oua
2141 5767 2244 5812 rat.

1992 5773 2244 5828 quadrat.
