4136 6478
642 447 743 509 ἕω

1882 444 1982 504 ΤΗ
1991 445 2151 505 EOD.
2196 444 2289 503 ΒΑ
2298 440 2592 505 LSAMON

3760 439 3857 505 ιοο

643 556 787 607 dices
837 551 1159 620 provocandi
1214 565 1317 605 non
1354 550 1574 604 dabitur
1611 550 1861 606 facultas.
1897 553 2049 618 Quod
2108 554 2189 607 lex

2300 554 2511 617 ἐξέσται
2545 554 2725 614 αὐτοῖς
2757 550 3105 605 ἐκκαλεῖσθαι
3153 551 3291 608 κατά
3316 554 3411 624 τῆς
3441 553 3624 624 ψήφου
3657 555 3849 607 αὐτῶν.

641 655 852 711 quoque
878 640 1051 696 civilis
1076 641 1169 695 lib.
1216 654 1307 705 vn,
1342 641 1424 694 tit.
1456 641 1489 694 3
1534 656 1633 709 cap
1682 641 1713 694 9
1762 640 1971 696 Basilic.
2003 646 2075 695 ita
2106 644 2198 697 de-

645 733 839 797 cernit,
880 732 1065 786 dicens
1096 750 1110 785 :
1168 731 1451 785 Eiectitius
1486 731 1647 800 judex
1679 746 1740 784 ex
1779 746 1931 800 aequo
1956 744 2008 786 et
2039 736 2196 794 bono,

640 825 782 892 quod
822 822 920 877 sibi
972 823 1206 885 videtur,
1256 824 1475 887 statuit;
1521 837 1690 891 neque
1722 823 1774 875 in
1820 822 1933 890 ejus
1967 837 2200 877 senten-

644 916 773 969 tiam
816 914 1029 968 curiose
1063 925 1253 981 praetor
1290 913 1531 981 inquirit.
1571 911 1719 977 Quod
1753 927 1878 966 vero
1932 914 2080 965 addit
2111 928 2199 966 ca-

648 1021 775 1067 non,
830 1004 1090 1071 ejusmodi
1123 1012 1235 1066 cst,
1298 1013 1353 1055 tit
1402 1002 1444 1055 si
1486 1003 1607 1069 quis
1640 1003 1911 1064 nimirum,
1947 1004 2025 1055 sui
2062 1003 2197 1067 juris

643 1112 705 1149 ac
736 1095 1018 1149 sententia:
1051 1093 1274 1146 ttin.iutn
1306 1102 1463 1146 tenax
1498 1100 1654 1160 atque
1688 1091 2023 1159 prmfractus,
2054 1093 2197 1157 judi-

642 1186 795 1238 cibus
828 1197 931 1236 non
971 1182 1210 1246 obediat,
1244 1182 1424 1249 prima
1455 1180 1599 1235 sedis
1641 1181 1922 1248 episc0pns
1974 1181 2195 1247 reliquis

643 1273 908 1344 episcopis
940 1272 1131 1324 litteris
1159 1271 1455 1333 denuntiet,
1485 1277 1544 1323 ut
1573 1270 1640 1323 ab
1662 1268 1775 1336 ejus
1800 1272 2191 1334 communione,

641 1362 898 1429 quamdiu
932 1362 1019 1413 ille
1042 1374 1228 1427 parere
1257 1362 1605 1423 recusaverit,
1640 1358 1962 1411 abstineant.

837 1450 1057 1506 MUST.
1116 1468 1134 1501 (
1173 1448 1339 1503 Judex
1385 1451 1453 1502 ab
1497 1450 1751 1503 ambabus
1820 1448 2059 1517 partibus
2087 1448 2195 1502 eleg-

982 1559 1000 1592 ι
1038 1550 1154 1593 ctus
1194 1539 1423 1592 recusari
1462 1552 1563 1589 non
1604 1545 1793 1602 potest.
1831 1556 1848 1587 ι

718 1637 829 1689 Nec
886 1632 1120 1703 episcopi
1191 1644 1287 1682 nec
1346 1628 1527 1682 clerici
1589 1629 1860 1682 communi
1926 1643 2189 1682 consensu

644 1728 924 1795 episcopos
948 1723 1156 1791 judices
1196 1719 1475 1784 eligentes,
1507 1727 1560 1769 et
1610 1716 2022 1783 abiisjndicati,
2060 1732 2188 1770 con-

2302 646 2473 697 Τοῦτο
2507 644 2681 696 δέκαὶ
2727 644 2755 695 6
2806 644 3087 706 πολιτικὸς
3132 644 3293 713 νόμος
3321 643 3463 696 οὕτω
3508 645 3753 708 θεσπίζει
3799 649 3851 698 ἐν

2303 733 2493 803 βιϐλίῳ
2516 732 2583 795 ξ’,
2612 732 2777 800 τίτλῳ
2804 732 2850 801 β’
2890 734 3083 801 κεφαλ.
3136 732 3200 786 ιθ⁹
3269 733 3479 801 λόγωνο
3524 732 3587 787 ’0
3639 735 3853 805 αίρετδς

2300 824 2559 892 δικαστὴς
2584 824 2645 876 τὸ
2664 822 2857 876 δοκοῦν
2882 824 3031 890 αὐτῷ
3054 824 3370 893 ψηφίζεται,
3434 825 3525 876 καὶ
3576 825 3638 876 οὐ
3696 825 3856 877 πολυ-

2302 916 2615 983 πραγμονεί
2646 913 2745 983 τὴν
2796 914 2978 981 ψῆφον
3020 917 3049 967 6
3087 915 3355 984 πραίτωρ.
3417 909 3548 965 Εἶτα
3585 914 3781 978 ἐπάγει
3830 916 3856 965 6

2299 1003 2481 1055 κανών
2504 1021 2515 1033 ο
2552 1004 2743 1065 Ὅστις
2766 1003 2823 1055 δέ
2854 1005 2941 1057 διὰ
2981 1006 3319 1073 μονοτονίαν,
3378 1005 3549 1071 ἧγουν
3634 1007 3851 1073 ίσλυρο-

2300 1094 2658 1164 γνωμοσύνην
2726 1095 2759 1163 ἢ
2826 1095 3224 1163 ἀναισχυντίαν,
3273 1095 3332 1146 οὐ
3388 1097 3672 1162 πειθαρχεῖ
3750 1096 3856 1154 τοῖς

2307 1184 2613 1246 δικασταῖς,
2687 1185 2714 1235 6
2770 1187 2867 1253 τῆς
2939 1185 3157 1253 πρώτης
3240 1184 3508 1251 καθέδρας
3561 1185 3855 1245 ἐπίσκοπος

2297 1274 2587 1327 ἐντελεῖται
2646 1274 2732 1327 διὰ
2816 1275 3157 1344 γραμμάτων
3217 1276 3331 1337 τοῖς
3396 1277 3718 1337 ἐπισκόποις
3780 1274 3855 1343 μὴ

2297 1365 2723 1433 συγκοινωνῆσαι
2764 1365 2934 1433 αὐτῷ,
2989 1366 3089 1428 ἕως
3142 1361 3205 1417 οὗ
3241 1367 3643 1436 πειθαρχήσῃ..

2294 1454 2517 1507 ΑΡΙΣΤ.
2550 1474 2569 1507 ι
2615 1454 2672 1508 Ὀ
2704 1456 2767 1507 ἐκ
2798 1455 2903 1508 τῶν
2958 1455 3051 1508 δύο
3118 1456 3300 1525 μερῶν
3355 1456 3597 1525 αἱρεθεὶς
3666 1458 3855 1526 κριτὴς

2802 1561 2820 1593 ι
2856 1544 3306 1612 ἀπαράγραπτος.
3348 1562 3363 1592 ι

2364 1632 2497 1686 Οὔτε
2524 1632 2811 1687 ἐπίσκοποι
2850 1636 2973 1687 οὒτε
2996 1635 3266 1704 κληρικοὶ,
3324 1637 3462 1689 κατά
3518 1634 3706 1704 κοινὴν
3734 1651 3856 1685 συν-

2293 1720 2499 1773 αίνεσιν
2532 1721 2791 1785 δικαστὰς
2820 1724 3147 1785 ἐπισκόπους
3173 1722 3572 1789 ἐπιλεξάμενοι,
3604 1724 3699 1775 καὶ
3732 1723 3859 1791 παρ’

646 1832 723 1873 trs
770 1831 953 1870 eorum
994 1816 1313 1869 sententiam
1352 1808 1619 1878 appellare
1680 1816 1898 1875 possunt
1946 1824 1960 1859 :
1997 1817 2051 1860 et
2092 1808 2189 1859 hoc

2299 1812 2474 1872 6310i;
2550 1810 2850 1879 κριθέντες,
2916 1814 3055 1865 κατά
3128 1812 3226 1878 τῆς
3293 1813 3618 1878 ἀποφάσεως
3676 1813 3854 1864 αὑτιῖνν

640 1924 746 1962 non
782 1908 869 1960 hic
928 1917 1155 1967 tantum,
1194 1905 1285 1957 sed
1335 1913 1388 1955 et
1434 1901 1486 1954 in
1531 1898 1647 1952 aliis
1701 1896 1976 1965 praesentis
2007 1898 2192 1965 synodi

2299 1902 2549 1956 δύνανται
2576 1902 2922 1955 ἐκκαλεῖσθαι
2949 1919 2962 1932 ·
2999 1904 3089 1954 καὶ
3120 1902 3275 1955 τοῦτο
3304 1903 3401 1954 οὐκ
3466 1902 3700 1953 ἐνταῦθα
3756 1902 3856 1971 μό-

639 1998 935 2053 csnonibus
963 1998 1237 2050 decretum
1262 1995 1377 2048 fuit.

1174 2170 1401 2227 CANON
1424 2168 1660 2225 CXXIV.

647 2282 666 2317 ι
714 2264 1088 2333 Utepiscopus
1120 2263 1211 2331 qui
1262 2262 1529 2331 propriam
1561 2260 1833 2313 ditesesim
1876 2254 2192 2317 contemnit,

723 2371 741 2405 ι
775 2354 1018 2423 privetur
1048 2352 1443 2405 communione.
1480 2348 1534 2403 Si
1566 2348 1617 2401 in
1668 2344 1965 2400 matriculis
1993 2358 2086 2395 seu
2140 2343 2193 2393 in

722 2458 742 2493 ι
776 2438 1044 2494 cathedris
1073 2437 1359 2506 episcopus
1408 2436 1678 2503 negligens
1730 2431 1890 2486 fuerit
1939 2429 2194 2481 adversus

723 2549 741 2583 ι
780 2528 1083 2593 hereticos,
1145 2529 1553 2579 admoneatura
1606 2522 1797 2575 vicinis
1854 2518 2196 2587 diligentibus

724 2635 746 2670 ι
782 2616 1087 2684 episcopis:
1120 2621 1173 2665 et
1220 2613 1267 2666 ei
1313 2611 1526 2679 propria
1580 2608 1894 2662 ostendatur
1926 2602 2194 2673 negligen-

716 2725 743 2759 1
783 2709 879 2771 tia,
913 2706 979 2759 ad
1036 2705 1135 2758 boc
1160 2716 1226 2756 ne
1248 2700 1648 2755 excusationem
1685 2695 1903 2750 habeat.
1934 2693 1990 2747 Si
2018 2702 2193 2745 autem

726 2814 748 2849 ι
788 2811 819 2851 s
854 2810 961 2865 quo
986 2795 1070 2848 die
1085 2792 1445 2849 commonitus
1478 2788 1661 2854 fuerit,
1682 2787 1825 2841 intra
1858 2800 1951 2841 sex
1986 2795 2197 2838 menses

741 2906 760 2938 ι
804 2886 857 2939 in
884 2884 1070 2940 eadem
1105 2883 1379 2953 provincia
1418 2882 1618 2950 degens
1644 2920 1658 2946 ,
1714 2893 1819 2932 non
1868 2892 2072 2937 eorum,
2104 2874 2195 2943 qui

731 2994 756 3027 ι
793 2973 988 3029 debent
1012 2973 1077 3026 ad
1102 2970 1420 3025 catholicam
1453 2969 1705 3022 unionem
1727 2966 1989 3029 mnverti,
2008 2977 2190 3018 curam

732 3086 753 3119 ι
779 3065 998 3137 gesserit
1026 3080 1040 3118 :
1064 3078 1183 3117 cum
1203 3075 1271 3116 eo
1296 3076 1404 3115 non
1453 3059 1899 3121 communicetur,
1934 3055 2103 3110 donec
2138 3054 2190 3107 id

728 3177 752 3209 ι
795 3155 1115 3225 impleverit.
1149 3153 1207 3207 Si
1235 3160 1409 3205 autem
1439 3158 1723 3203 exsecutor
1744 3147 1798 3201 in
1826 3149 1891 3203 iis
1924 3147 2055 3201 locis
2088 3159 2193 3199 non

734 3268 752 3302 ι
790 3247 1040 3311 adiuerit,
1073 3246 1321 3316 episcopo
1348 3256 1414 3297 ne
1448 3239 1841 3297 adscribatur.»

711 3513 901 3569 BALS.
936 3513 995 3567 in
1024 3523 1227 3567 canone
1261 3508 1354 3563 l2!
1420 3508 1553 3563 satis
1604 3506 1919 3574 scripsimus
1963 3503 2029 3557 de
2082 3501 2196 3569 epi-

646 3609 823 3675 scopis
871 3605 958 3673 qui
1012 3603 1208 3657 nullam
1241 3614 1423 3654 curam
1468 3606 1656 3668 gerunt
1685 3597 2040 3651 docendorum
2067 3608 2195 3647 suo-

644 3711 765 3749 rum
794 3696 1112 3764 populorum
1149 3708 1164 3747 :
1199 3690 1263 3743 de
1290 3688 1479 3756 quibus
1508 3700 1743 3754 praesens
1784 3699 1994 3752 quoque
2024 3698 2194 3736 canon

640 3786 791 3847 dicit,
851 3782 1121 3849 adjiciens
1181 3785 1576 3843 consequenter
1626 3775 1824 3828 canoni
1879 3772 2195 3841 apostolico,

640 3869 1179 3927 excommunicationi
1236 3866 1429 3933 subjici
1480 3879 1576 3919 eos
1616 3864 1705 3931 qni
1758 3874 1877 3933 post
1917 3864 2196 3917 denuntia—

646 3966 845 4014 tionem
882 3959 1005 4012 illos
1028 3959 1219 4010 docere
1240 3954 1539 4023 negligunt,
1576 3953 1665 4021 qui
1692 3952 1744 4004 in
1774 3952 2069 4005 matriculis
2098 3965 2192 4004 seu

643 4051 782 4103 inter
839 4046 1217 4102 cathedrarum
1274 4056 1494 4096 suarum
1549 4051 1639 4094 aut
1683 4039 2031 4095 ecclesiarum
2072 4038 2191 4107 jura

640 4149 784 4200 sunt,
850 4137 1153 4189 haereticos.
1209 4133 1263 4185 Si
1306 4143 1483 4185 autem
1538 4138 1841 4192 exsecutor,
1901 4129 2093 4196 inquit,
2125 4130 2191 4182 ab

640 4228 891 4296 episcopo
920 4224 1246 4286 admonitus,
1278 4232 1334 4275 ut
1363 4219 1427 4273 ad
1462 4221 1633 4273 locum
1662 4220 1964 4283 accederet,
1993 4228 2045 4272 et
2077 4219 2190 4271 ba:-

643 4318 837 4370 rcticos
870 4323 1103 4375 voearet,
1160 4312 1260 4365 hoc
1292 4325 1397 4363 non
1453 4309 1677 4372 fecerit,
1716 4308 1888 4377 cuipa'
1926 4324 2029 4361 non
2090 4308 2192 4361 erit

643 4406 815 4460 aﬂinis
839 4406 1139 4473 episcopus.
1177 4402 1268 4455 Est
1297 4402 1438 4454 enim
1469 4401 1571 4453 hoc
1599 4413 1813 4467 quoque
1860 4398 2193 4452 rationabilis

2294 2006 2404 2052 νον,
2436 1989 2570 2041 ἀλλά
2590 1990 2679 2042 καὶ
2710 1991 2764 2041 ἐν
2798 1990 3001 2059 ἐτέροις
3032 1991 3217 2043 κανόσι
3252 1994 3348 2061 τῆς
3393 1990 3671 2059 παρούσης
3703 1989 3854 2042 συνό-

2292 2081 2384 2133 δου
2412 2080 2645 2149 ὡρίσθη.

2833 2173 3066 2227 KANQN
3095 2172 3262 2229 PKA'.

2300 2274 2322 2312 s
2360 2260 2521 2313 Ὠστι
2560 2262 2651 2314 τὸν
2718 2264 3163 2333 καταφρονοῦντα
3217 2267 3314 2331 τῆς
3368 2264 3503 2327 ίδῖας
3536 2264 3853 2333 διοικήσεως

2374 2368 2393 2401 ι
2442 2352 2736 2405 ἐπίσκοπον
2768 2355 3072 2423 στερεῖσθαι
3100 2354 3199 2423 τῆς
3253 2355 3562 2415 κοινωνίας.
3624 2354 3752 2405 Ἐἀν
3794 2355 3849 2405 ἐν

2374 2459 2389 2492 ι
2435 2444 2545 2505 τοῖς
2577 2443 2904 2512 ματρικίοις,
2942 2445 3110 2514 ἤγουν
3135 2446 3192 2497 ἐν
3224 2445 3346 2504 ταῖς
3383 2444 3705 2514 καθέδραις,
3742 2446 3851 2497 ἐπί·

2372 2549 2389 2581 ι
2434 2548 2633 2595 σκοπος
2660 2534 2867 2603 ἀμελὴς
2894 2537 3114 2605 γένηται
3165 2540 3306 2592 κατὰ
3366 2538 3473 2590 τῶν
3536 2535 3852 2605 αἱρετικῶν,

2372 2638 2389 2671 t
2432 2622 2805 2692 ὑπόμνησθείη
2852 2624 2959 2677 ἀπὸ
2988 2627 3349 2690 γειτνιώντων
3397 2629 3713 2679 ἐπισκόπων
3737 2631 3853 2679 ἐπι-

2375 2731 2391 2763 ι
2442 2714 2640 2782 μελῶν,
2670 2716 2766 2766 καὶ
2802 2716 3146 2786 ὁποδειχθείη
3179 2718 3331 2787 αὐτῷ
3365 2720 3398 2785 ἡ
3456 2720 3560 2772 ίδία
3588 2718 3851 2787 περιφρό⁴

2374 2822 2392 2854 ι
2436 2820 2589 2873 νησις
2626 2804 2761 2873 πρὸς
2791 2806 2850 2856 τὸ
2884 2814 2961 2875 μη
3000 2807 3140 2875 ἐχειν
3169 2807 3484 2876 ἀπολογίαν.
3520 2809 3643 2861 Ἐὰν
3678 2808 3735 2859 δέ
3762 2807 3853 2875 ἀφ’

2375 2911 2393 2944 ι
2430 2889 2495 2963 ἦς
2536 2896 2746 2964 ἡμέρας
2782 2895 3127 2966 ὑπομνησθῇ,
3167 2899 3318 2959 ἐντὸς
3354 2898 3538 2968 μηνῶν
3582 2898 3640 2964 ἒξ
3679 2900 3737 2949 ἐν
3773 2901 3837 2967 τῇ

2380 3005 2396 3038 ι
2439 2989 2573 3058 αὐτῇ
2606 2989 2841 3059 ἐπαρχίᾳ
2864 2990 3088 3057 διάγων,
3125 2990 3198 3060 μὴ
3224 2990 3332 3042 τῶν
3358 2990 3684 3057 ὀφειλόντων
3716 2992 3851 3060 πρὸς

2376 3096 2393 3129 ι
2433 3081 2529 3147 τὴν
2590 3081 2880 3152 καθολικὴν
2958 3083 3183 3152 ἐνότητα
3265 3084 3667 3154 ἐπιστραφῆναι
3759 3083 3856 3152 τὴν

2376 3188 2395 3221 ι
2438 3172 2695 3239 φροντίδα
2749 3173 3085 3241 ποιήσηταιο
3129 3173 3204 3244 τῷ
3237 3174 3461 3243 τοιούτῳ
3518 3176 3593 3244 μὴ
3632 3192 3855 3242 συγκοι-

2374 3278 2392 3311 ι
2434 3262 2665 3331 νωνηθῇ,
2701 3263 2802 3325 ἐως
2838 3260 2897 3317 οὗ
2950 3264 3103 3316 τοῦτο
3131 3264 3414 3335 πληρώσῃ.
3448 3266 3509 3317 El
3547 3266 3601 3317 δέ
3635 3268 3662 3319 6
3698 3267 3855 3330 ἐπεξο

2379 3370 2397 3401 ι
2434 3352 2703 3422 εργαστὴς
2765 3355 2842 3413 είς
2875 3354 2997 3414 τοὺς
3057 3354 3251 3419 αὐτοὺς
3284 3356 3483 3417 τόπους
3541 3356 3615 3424 μὴ
3680 3372 3855 3425 παρα-

2372 3461 2387 3493 ι
2430 3442 2670 3511 γένηται,
2703 3441 2776 3510 τῷ
2795 3443 3077 3511 ὲπισκόπῳ
3107 3444 3181 3512 μὴ
3217 3446 3517 3515 ἐπιγραφῇ.
3554 3444 3572 3495 ἱ

2366 3531 2560 3585 ΒᾹΛΣ.
2606 3533 2691 3583 Ἐν
2720 3531 2795 3600 τῷ
2826 3531 2945 3600 ρκα¹
2976 3535 3157 3585 κανόνι
3200 3536 3507 3605 ἀρκούντως
3534 3536 3855 3604 ἐγράψαμεν

2299 3625 2425 3691 περὶ
2458 3622 2564 3672 τῶν
2601 3624 2943 3690 ἀμελούντων
2972 3625 3288 3677 ἐπισκόπων
3352 3628 3449 3696 τῆς
3504 3626 3855 3690 διδασκαλίας

2298 3713 2405 3765 τῶν
2441 3713 2532 3763 ὑπ’
2567 3713 2761 3773 αὐτοὺς
2798 3712 2940 3764 λαῶν
2968 3730 2981 3744 ·
3020 3717 3149 3782 περὶ
3194 3710 3267 3767 ὦν
3318 3717 3413 3767 καὶ
3456 3715 3646 3784 παρὼν
3680 3718 3858 3768 κανιῖιν

2303 3814 2457 3865 φησι,
2523 3799 2947 3866 προστιθέμενος
3031 3801 3335 3864 ἀκολούθως
3390 3802 3465 3870 τῷ
3520 3806 3858 3872 ἀποστολικῷ

2298 3888 2479 3939 κανόνι
2501 3887 2787 3955 ἀφορισμῷ
2807 3890 3194 3957 ἀκοινωνησίας
3215 3892 3720 3945 καθυποεάλλεσθαι
3737 3896 3859 3955 τοὺς

2298 3976 2433 4041 μετᾶ
2467 3977 2838 4043 παραγγελίαν
2864 3977 3197 4045 ἀμελοῦντας
3251 3981 3343 4031 τοῦ
3377 3981 3653 4033 δ.δὶσκειν
3725 3982 3853 4044 τοὺς

2297 4068 2356 4116 ἐν
2412 4070 2524 4127 τοῖς
2562 4067 2893 4135 ματρικίςις,
2931 4069 3095 4136 (now
3118 4071 3227 4130 τοῖς
3257 4070 3485 4131 δικαίοις
3534 4071 3639 4121 τῶν
3695 4072 3844 4122 καθεο

2294 4154 2433 4222 δρῶν
2460 4155 2577 4223 ἦτοι
2605 4156 2713 4208 τῶν
2749 4158 3057 4225 ἐκκλησιῶν
3086 4158 3285 4223 αὐτῶν,
3314 4159 3478 4221 ὄντας
3513 4162 3854 4229 αίρετικούς.

2296 4241 2356 4292 Ei
2395 4242 2471 4303 δὲ,
2501 4244 2685 4312 φησὶν,
2717 4246 2743 4296 6
2772 4246 3199 4313 ἐπεξεργαστὴς,
3233 4248 3557 4315 ἐπιτραπεὶς
3589 4252 3742 4318 παρὰ
3765 4252 3855 4301 τοῦ

2296 4330 2600 4382 ἐπισκόπου
2632 4332 2771 4385 κατά
2804 4335 2965 4384 τόπον
2997 4335 3293 4401 ἀφικέσθαι
3342 4337 3435 4386 καὶ
3481 4339 3854 4403 μετακαλέσα-

2299 4420 2424 4472 σθαι
2453 4422 2580 4483 τοὺς
2610 4424 2939 4491 αίρετικοὺς,
2982 4424 3041 4476 οὺ
3077 4426 3293 4494 ποιήσει
3323 4426 3502 4488 τοῦτο,
3540 4430 3859 4480 ἀκαταιτέα-

644 4510 824 4557 causa,
860 4496 1001 4550 sicut
1031 4492 1221 4555 morbi,
1263 4501 1315 4544 et
1345 4498 1573 4544 metens.
1618 4489 1707 4542 Est
1737 4498 1916 4541 autem
1963 4503 2188 4541 exsecu-

2300 4526 2388 4571 τος
2414 4510 2565 4562 ἐσται
2595 4513 2622 4563 6
2645 4512 2958 4575 ἐπίσκοπος.
3003 4515 3157 4565 Ἐστι
3194 4516 3301 4582 γὰρ
3351 4518 3448 4566 καὶ
3508 4517 3667 4568 τοῦτο
3703 4519 3854 4569 αἰτία

648 4598 750 4648 tor,
780 4586 861 4637 vel
895 4584 1127 4649 regionis
1170 4583 1457 4642 exarchus,
1511 4580 1600 4646 qui
1643 4578 1767 4631 talia
1822 4578 2193 4643 administrat,

647 4672 727 4724 vel
752 4672 1094 4738 magistratus
1122 4668 1377 4735 regionis,
1404 4666 1493 4734 qui
1524 4668 1573 4717 in
1605 4671 1770 4719 rebus
1794 4665 2061 4732 ejusmodi
2104 4681 2199 4718 ne-

644 4776 796 4815 cesse
846 4760 1004 4813 habet
1053 4758 1304 4826 episcopo
1354 4772 1507 4823 opcin
1542 4754 1716 4818 ferre,
1752 4766 1803 4808 et
1839 4758 2008 4819 magis
2036 4772 2195 4823 quam

649 4850 895 4905 defensor
946 4848 1195 4917 regionis,
1253 4848 1317 4899 de
1368 4861 1474 4913 quo
1526 4846 1701 4910 agitur
1749 4848 1800 4900 in
1851 4845 2199 4912 nonagesimo

648 4941 874 5007 septimo
908 4951 1109 4990 canone
1149 4936 1426 5004 praesentis
1458 4937 1671 5003 synodi.

724 5134 967 5190 ZONAR.
1005 5132 1140 5188 Suos
1169 5134 1445 5203 episc0pos
1479 5132 1764 5187 Donatista:
1796 5146 2006 5201 quoque
2037 5130 2201 5184 habe-

652 5227 800 5285 bant,
824 5237 1055 5291 suasque
1088 5222 1417 5285 matriculas,
1440 5222 1537 5275 hoc
1561 5231 1640 5275 est
1673 5223 1901 5284 tabulas,
1929 5222 1982 5273 in
2007 5220 2199 5285 quibus

652 5332 737 5379 ea,
769 5329 887 5382 qua:
921 5315 985 5366 ad
1022 5314 1254 5382 ipsorum
1282 5313 1539 5367 ecclesias
1568 5311 1898 5380 spectabant,
1932 5310 2198 5379 descripta

655 5408 1080 5459 continerentur.
1113 5401 1167 5455 Si
1201 5403 1320 5469 quis
1353 5403 1513 5469 igitur
1538 5401 1870 5455 orthodoxus
1895 5399 2199 5468 episcopus,

647 5494 933 5548 cathedras
954 5496 1020 5546 ab
1051 5492 1313 5545 haereticis
1342 5502 1646 5561 occupatas,
1682 5491 1897 5558 locaque
1922 5490 1975 5542 in
2015 5503 2199 5542 eorum

654 5585 948 5638 matriculis
975 5584 1260 5651 descripta,
1300 5598 1614 5651 recuperare
1667 5583 1980 5650 neglexerit,
2010 5596 2107 5635 nec
2135 5582 2199 5633 de

655 5677 718 5728 iis
752 5674 1096 5737 laboraverit,
1131 5673 1219 5741 qui
1260 5674 1325 5726 ad
1378 5671 1671 5725 Ecclesium
1708 5673 2027 5725 catholicam
2076 5686 2203 5725 con-

651 5768 780 5823 vecti
807 5766 1027 5833 debent,
1067 5765 1212 5819 illum
1253 5781 1280 5819 a
1312 5766 1501 5821 vicinis
1534 5764 1800 5833 episcopis
1826 5779 1887 5819 ea
1921 5768 1984 5819 de
2021 5778 2077 5817 re
2111 5778 2199 5818 ca-

2299 4598 2519 4665 εὖλογος
2542 4599 2702 4651 όποία
2732 4602 2763 4668 ἡ
2795 4600 2892 4665 τῆς
2925 4601 3080 4651 νόσου
3117 4602 3209 4652 καὶ
3242 4603 3295 4651 αί
3348 4602 3551 4653 λοιπαί.
3597 4603 3858 4671 Ἐπεξξρο

2300 4690 2505 4757 γαστὴς
2529 4690 2582 4741 δέ
2607 4692 2750 4741 ἐστιν
2782 4692 2812 4759 ἢ
2849 4693 2875 4743 6
2927 4694 3190 4760 ἐγχώριος
3249 4690 3474 4759 ἔξαρχος
3533 4694 3580 4743 ‘6
3636 4694 3859 4746 τοιαῦτα

2300 4778 2617 4845 οἰκονομῶν,
2654 4779 2683 4847 ἢ
2716 4782 2741 4831 6
2772 4780 2955 4848 ἀρχων
2986 4782 3080 4847 τῆς
3110 4783 3314 4848 χώρας,
3346 4785 3373 4833 6
3424 4782 3556 4850 πρὸς
3612 4781 3859 4851 ἀνάγκης

2302 4866 2438 4934 ἔχων
2471 4866 2680 4935 βοηθεῖν
2712 4868 2788 4935 τῷ
2820 4870 3104 4937 ἐπισκόπῳ
3131 4872 3187 4919 ἐν
3218 4870 3501 4931 τοιούτοις,
3537 4871 3862 4937 καὶμᾶλλον

2300 4953 2382 5022 ἢὸ
2414 4957 2673 5021 ἐγχώριος
2710 4955 2943 5019 ἔκδικος,
2978 4959 3003 5008 6
3036 4956 3366 5025 δηλούμενος
3393 4959 3449 5009 ἐν
3501 4959 3579 5026 τῷ
3636 4961 3719 5024 ις’
3762 4976 3859 5013 και

2302 5045 2414 5096 νόνι
2447 5046 2543 5111 τῆς
2569 5044 2851 5116 παρούσης
2908 5047 3152 5100 συνόδου.

2372 5136 2614 5188 ΖΩΝΑΡ.
2638 5137 2747 5187 Καὶ
2784 5138 3117 5195 ἐπισκόπους
3156 5137 3319 5200 ίδίους
3350 5133 3497 5207 εἶχον
3560 5141 3609 5191 οί
3645 5146 3860 5192 Δονατι-

2303 5222 2448 5285 σταὶ,
2480 5226 2572 5275 καὶ
2603 5226 2885 5293 ματρίκια,
2918 5225 3085 5294 ἠγουν
3141 5227 3488 5294 ἀπογραφὰς,
3524 5227 3633 5278 τῶν
3673 5229 3861 5294 διαφε-

2305 5311 2504 5379 ρόντων
2538 5314 2657 5373 ταῖς
2690 5312 3008 5380 ἐκκλησίαις
3038 5312 3235 5368 αὐτῶν.
3270 5316 3433 5379 Λέγει
3483 5311 3576 5367 οὖν
3600 5317 3627 5367 6
3671 5317 3857 5368 κανὼν

2301 5402 2402 5461 ὃτι,
2431 5400 2523 5451 ἐὰν
2549 5401 2847 5462 ἐπίσκοπος
2873 5401 3152 5471 ὀρθόδοξος
3181 5404 3431 5476 ἀμελήτῃ
3449 5405 3734 5473 ἐκνικῆσαι
3757 5410 3861 5468 τὶς

2302 5488 2565 5555 καθέδρας
2584 5489 2691 5541 τῶν
2704 5489 3016 5557 αἱρετικῶν,
3037 5490 3129 5543 καὶ
3146 5492 3211 5542 τὰ
3233 5494 3288 5542 ἐν
3308 5494 3417 5552 τοῖς
3440 5493 3748 5561 ματρικίοις
3768 5495 3865 5546 αὖ·

2305 5578 2437 5641 τῶν,
2462 5578 2555 5629 καὶ
2591 5578 2664 5647 μὴ
2683 5581 2938 5648 φροντίσῃ
2961 5580 3068 5630 τῶν
3090 5580 3408 5646 ὀφειλόντων
3441 5584 3576 5646 πρὶς
3604 5582 3703 5650 τὴν
3722 5583 3861 5634 καθ·-

2304 5669 2484 5737 ολικὴν
2504 5668 2832 5738 Ἐκκλησίαν
2863 5670 3293 5740 ἐπιστραφῆναι,
3319 5671 3399 5723 ἵνα
3436 5673 3865 5742 ὑπομιμνήσκη-

2306 5777 2386 5811 ται
2403 5759 2531 5828 περὶ
2552 5758 2738 5812 τούτου
2757 5762 2817 5812 ἐκ
2837 5760 2941 5815 τῶν
2972 5761 3225 5827 γειτόνων
3250 5762 3585 5825 ἐπισκόπων,
3609 5764 3701 5814 καὶ
3726 5763 3865 5832 μετά
