4136 6498
286 397 392 459 ιοι

1336 397 1417 461 IN
1457 399 1620 460 CAN.
1647 396 1848 461 CXXV
1880 399 2088 464 CONC.
2137 402 2510 464 CARTHAG.

3413 402 3524 466 ιοε

284 508 382 574 τὴν
409 509 718 579 ὑπόμνησιν
748 511 844 563 ἐὰν
888 509 1036 572 me;
1071 511 1256 579 μηνῶν
1288 513 1346 576 ἐξ
1373 512 1431 564 οὑ
1466 514 1728 585 φροντίσῃ
1760 514 1859 582 τῆς

1992 528 2066 568 non
2122 515 2393 570 admoneri
2450 513 2602 583 jubet
2648 529 2662 567 :
2721 514 2860 583 quod
2920 514 2967 568 si
3021 511 3369 575 admonitus.
3422 524 3514 565 sex

282 600 591 665 ὑποθέσεως
609 602 724 656 ἐκεί
740 602 1003 672 ἐνδημῶν,
1024 601 1111 656 ίνα
1133 606 1207 674 μὴ
1229 607 1560 674 συγκοινωνῇ
1583 605 1731 674 αὑτῷ
1751 623 1856 668 τις.

282 690 421 743 mss
453 692 690 762 ενδημεῖ,
719 696 904 762 φησὶν,
939 693 998 748 οὑ
1032 694 1256 763 πάρεστι
1283 695 1339 748 δὲ
1365 697 1393 748 ό
1417 694 1854 766 ἐπεξεργαστὴς,

284 783 456 848 ἧγουν
509 784 539 836 δ
586 785 767 852 ἄρχων
793 785 892 851 τῆς
940 783 1144 854 χώρας,
1190 788 1338 847 ὅστις
1368 785 1845 855 ἐπεξεργάσασθαι

1969 605 2233 660 mensium
2277 604 2573 670 intervallo,
2625 603 2670 661 si
2714 604 2927 674 quidem
2980 605 3036 659 in
3087 603 3167 658 eis
3202 602 3333 658 locis
3371 615 3517 672 agat.

1971 698 2241 765 negotium
2276 697 2498 752 minime
2525 697 2859 767 susceperit;
2886 695 3128 766 ejusdem
3152 694 3530 751 communione

1973 789 2227 842 omnibus
2267 788 2612 842 interdictum
2655 802 2776 844 esse
2818 787 3082 842 decernit.
3115 783 3314 841 Verum
3351 784 3396 839 si
3420 784 3532 852 ipse

285 873 518 926 δύναται
559 873 656 943 τὴν
685 874 964 937 ὑπόθεσιν,
995 879 1086 930 καὶ
1123 877 1468 947 παραστῆσαι
1493 878 1586 931 καὶ
1625 879 1860 941 ἄκοντας

1992 879 2203 945 |uidem,
2261 879 2451 947 inquit.
2493 892 2727 946 praesens
2780 877 2954 940 adsit,
3011 885 3298 932 exsecutor
3338 882 3516 928 autem

285 966 412 1026 τοὺς
436 966 741 1034 αίρετικοὺς
799 967 1328 1038 ἀπολογησομένους.
1382 968 1470 1038 as
1508 969 1571 1022 ἐκ
1601 969 1863 1038 βασιλέως

1995 970 2077 1024 ive
2126 968 2406 1038 prafectus
2438 970 2693 1040 regionis,
2722 969 2814 1039 qui
2860 983 2995 1038 opus
3038 969 3103 1023 ad
3148 965 3349 1021 exitum
3400 978 3530 1032 pero

285 1052 462 1114 δοθεὶς
495 1054 623 1116 ῐσως
657 1054 736 1116 είς
793 1055 1072 1124 ἐκδίκησιν
1117 1057 1257 1109 κατά
1284 1056 1373 1109 τὸν
1409 1057 1491 1120 κζ’
1528 1057 1754 1120 κανόνα,
1781 1057 1859 1126 τῷ

1992 1060 2146 1123 lucat,
2181 1069 2236 1115 et
2280 1075 2309 1115 a
2356 1077 2462 1130 quo
2501 1062 2740 1117 heretici
2779 1075 2997 1115 causam
3031 1059 3208 1114 dicere
3250 1055 3335 1112 vel
3369 1053 3522 1110 inviti

287 1143 573 1214 ἐπισκόπῳ
597 1145 670 1215 μὴ
687 1147 965 1218 ἐπιγραφῇ
988 1151 1068 1209 είς
1097 1147 1361 1215 ἀμέλειαν
1387 1148 1420 1216 ἡ
1441 1147 1735 1218 ὑπέρθεσις
1767 1144 1858 1199 διὰ

1992 1160 2238 1218 ogantur,
2308 1153 2390 1207 vel
2427 1153 2567 1208 alius
2593 1152 2686 1206 -ab
2731 1151 3057 1221 imperatore
3119 1165 3186 1205 ex
3218 1146 3439 1203 canonis
3465 1145 3545 1198 27

285 1233 386 1300 τὴν
413 1234 682 1290 ἀπουσίαν
725 1239 820 1290 τοῦ
852 1239 1159 1308 ἄρχοντοςῆ
1189 1239 1284 1291 τοῦ
1314 1239 1529 1292 ἐκδίκου
1569 1236 1848 1305 γινομένη.

1956 1241 2172 1295 decreto
2229 1257 2454 1298 munere
2495 1243 2848 1311 praepositus,
2904 1241 3240 1296 desideretur
3263 1256 3293 1293 ετ
3331 1253 3398 1294 ne
3443 1237 3537 1293 ulli

285 1329 530 1398 opi<copi
561 1330 903 1398 indiligentia
933 1331 1290 1398 adscribatur.
1337 1333 1380 1387 si
1418 1341 1544 1388 tunc
1583 1329 1838 1386 temporis
1877 1329 2116 1401 aliquam
2146 1351 2214 1391 ex
2231 1337 2579 1406 magistratus
2617 1344 2712 1390 aut
2737 1331 3036 1390 defensoris
3068 1332 3310 1387 absentia
3378 1330 3542 1384 rebus

287 1421 422 1492 ipsis
449 1437 656 1476 moram
696 1423 875 1476 aiferri
902 1424 1209 1491 contigerit.

287 1518 519 1570 ΑΡΙΣΤ.
556 1537 574 1568 ι
611 1518 967 1586 Περιφρονῶν
987 1518 1285 1582 ἐπίσκοπος
1312 1520 1409 1589 τὴν
1461 1519 1601 1587 ὑπέρ
1625 1519 1735 1573 τῶν
1784 1519 1862 1571 al-

369 1627 392 1660 ι
429 1608 662 1677 ρετικῶν
692 1609 1040 1677 ἐπιμέλειαν,
1065 1610 1160 1662 καὶ
1208 1609 1785 1678 ὑπομιμνησκόμενος,
1813 1611 1862 1662 εί

369 1715 388 1748 ι
428 1699 524 1749 ἐπὶ
550 1698 650 1764 τῆς
671 1697 808 1758 ἰδίας
838 1698 1019 1766 διάγει
1051 1699 1504 1769 περιφρονήσεως
1534 1702 1627 1753 ἐπὶ
1661 1701 1722 1766 ἐξ
1758 1700 1863 1769 μῆ·-

1962 1513 2188 1570 ARIST.
2250 1534 2267 1565 ι
2303 1514 2603 1585 Episcopus
2672 1515 3052 1570 luereticorum
3113 1527 3299 1568 curam
3346 1524 3533 1581 gerere

2051 1621 2069 1656 ι
2113 1612 2466 1659 contemnens
2489 1644 2504 1666 .
2551 1613 2605 1659 et
2636 1605 2962 1666 admonitus,
2995 1604 3040 1658 si
3072 1617 3166 1672 per
3195 1617 3288 1657 sex
3333 1614 3564 1656 menses

2055 1714 2074 1748 ι
2105 1696 2156 1750 in
2198 1711 2298 1750 suo
2332 1695 2694 1765 permanserit
2723 1702 3051 1763 contemptu,
3093 1706 3388 1758 eorumque
3411 1704 3544 1746 con-

371 1807 391 1838 ε
433 1806 553 1851 νας,
579 1789 672 1841 καὶ
701 1788 777 1857 μὴ
809 1789 1088 1858 φροντίσει
1128 1788 1338 1843 τούτων
1361 1790 1460 1860 τῆς
1498 1792 1863 1864 ἐπιστροφῆς,

2056 1803 2076 1838 ι
2118 1787 2298 1842 versio
2325 1784 2373 1840 ei
2415 1800 2518 1841 non
2557 1787 2700 1841 cura:
2729 1783 2915 1850 fuerit,
2961 1781 3474 1838 excommunicetur.
3506 1797 3525 1830 ι

373 1898 392 1931 ι
436 1880 550 1948 ἣτω
570 1879 957 1957 ἀκοινώνητος.
972 1898 991 1932 ι

377 1973 439 2023 '0
481 1970 581 2038 μέν
603 1973 948 2040 προγραφεὶς
982 1973 1276 2036 ἐκατοστδς
1326 1974 1542 2044 πρῶτος
1575 1973 1756 2027 κανὼν
1783 1976 1874 2029 τδν

2053 1971 2435 2041 Antescriptus
2461 1970 2791 2026 centesimus
2823 1969 3119 2025 vicesimus
3154 1969 3544 2039 primuscanon

301 2061 787 2132 καταφρονητικῶς
823 2063 1141 2116 διατεθέντα
1168 2064 1471 2118 ἐπίσκοπον
1504 2065 1630 2133 περὶ
1647 2067 1746 2134 τὴν
1765 2067 1874 2118 τῶν

1992 2065 2307 2133 episcopum.
2325 2063 2416 2134 qui
2437 2065 2488 2118 in
2501 2063 2771 2118 hareticis
2794 2062 3130 2132 corrigendis
3143 2061 3547 2132 senegligenter

297 2152 594 2220 αίρετικῶν
637 2152 950 2222 διόρθωσιν,
983 2153 1077 2206 καὶ
1109 2154 1244 2223 μηδέ
1277 2153 1414 2224 μετὰ
1443 2152 1541 2224 τὴν
1569 2154 1877 2224 ὑπόμνησιν

1992 2157 2138 2225 gerit.
2171 2164 2224 2210 et
2251 2170 2349 2211 nec
2378 2163 2500 2224 post
2541 2153 2962 2211 admonitionem
3018 2153 3160 2209 intra
3191 2168 3284 2208 sex
3330 2167 3548 2206 menses

296 2243 399 2310 τῆς
433 2241 644 2296 τούτων
667 2245 1001 2313 ἐπιστροφῆς
1058 2246 1151 2296 ἐπὶ⁵
1184 2245 1245 2308 ἐξ
1274 2245 1449 2314 μῆνας
1479 2246 1868 2316 φροντίσαντα,

301 2329 686 2394 καταδικάζει,
734 2333 817 2394 είς
857 2333 919 2385 ’.δ
985 2334 1441 2404 προσκυρωθῆναι
1501 2334 1629 2397 τοὺς
1684 2330 1879 2399 τόπους

301 2416 486 2472 αὑτῶν
515 2419 689 2489 ἐτέρῳ
716 2420 1021 2490 ἐπισκόπῳ,
1056 2421 1133 2492 τῷ
1174 2421 1458 2491 δυναμένῳ
1489 2425 1568 2487 είς
1606 2423 1705 2494 τὴν
1745 2427 1881 2480 καθ-

299 2508 495 2578 ολικὴν
543 2509 726 2562 πίστιν
762 2510 961 2571 αὐτοὺς
1012 2511 1418 2580 μεταστρέψαι·
1440 2511 1468 2564 ὁ
1489 2515 1544 2567 δέ
1569 2516 1758 2584 παρὼν
1785 2532 1881 2569 κα⁹

302 2597 412 2652 νὼν
450 2599 854 2667 ἀκοινωνησίαν
910 2600 1060 2670 αὑτῷ
1114 2602 1312 2670 ἐπάγει
1368 2608 1463 2658 καὶ
1498 2607 1882 2677 ἀφωρισμένον

304 2684 448 2743 εἶναι
480 2691 833 2758 προστάττει,
871 2689 973 2753 ἕως
1049 2685 1112 2746 οὗ
1172 2695 1231 2747 τδ
1273 2697 1476 2764 ἀνῆκον
1519 2696 1670 2767 αὑτῷ
1719 2698 1889 2766 ἔργον

309 2779 620 2847 πληρώσει.
653 2778 765 2834 Καὶ
812 2779 962 2833 δοκεῖ
997 2781 1027 2834 ό
1081 2781 1259 2836 κανὼν
1301 2776 1453 2848 οὗτος
1503 2785 1668 2837 οίονεὶ
1737 2786 1884 2838 ἐναν-

307 2869 559 2922 τιοῦσθαι
591 2868 671 2937 τῷ
700 2876 820 2938 ρκα¹
841 2871 1048 2937 κανόνι,
1084 2870 1212 2926 ἄλλο
1249 2873 1381 2944 παρ’
1411 2875 1618 2928 ἐκεῖνον
1664 2875 1884 2945 ἐπάγων

308 2959 589 3026 ἐπιτίμιον
615 2959 693 3028 τῷ
723 2959 1030 3026 ἐπισκόπῳ,
1064 2962 1144 3029 τῷ
1199 2962 1302 3031 τῆς
1355 2965 1693 3036 ἐπιστροφῆς
1774 2966 1886 3019 τῶν

309 3047 610 3117 αἰρετικῶν
652 3049 985 3119 ἀμελοῦντι·
1020 3052 1120 3104 οὑκ
1172 3052 1288 3105 ἐστι
1342 3054 1398 3106 δέ
1446 3056 1689 3116 ἐναντίος
1725 3073 1739 3087 ·
1765 3056 1887 3109 ἀλλ’

1981 2245 2362 2302 conversionis
2396 2261 2584 2301 eorum
2637 2259 2766 2300 cura
2796 2259 2919 2300 eum
2961 2242 3151 2311 tangit,
3200 2241 3546 2304 condemnat,-

1982 2335 2179 2390 utloca
2211 2350 2399 2391 eorum
2431 2335 2523 2390 alii
2568 2335 2841 2404 episcopo,
2883 2332 2975 2404 qui
3019 2347 3113 2388 eos
3155 2330 3221 2385 ad
3261 2329 3414 2384 iidem
3457 2343 3548 2384 ca-

1984 2427 2241 2483 tholicam
2309 2436 2486 2497 potest
2555 2436 2917 2491 convertere,
2994 2423 3426 2493 assignarentur.
3481 2421 3549 2473 At

1983 2530 2221 2584 praesens
2260 2532 2434 2572 canon
2486 2516 3044 2571 excommunicatione
3085 2528 3206 2569 eum
3245 2511 3437 2565 multat
3496 2518 3552 2565 et

1983 2607 2258 2676 scgregari
2296 2605 2657 2677 6591ubet.
2693 2621 2868 2676 usque
2892 2606 3019 2660 dum
3068 2619 3202 2673 opus
3232 2603 3296 2656 ad
3325 2617 3384 2656 se
3413 2616 3552 2667 per-

1985 2698 2166 2754 tinens
2196 2698 2518 2766 expleverit.
2553 2698 2620 2752 Et
2645 2698 2859 2753 videtur
2883 2697 2967 2752 hic
2989 2712 3163 2752 canon
3195 2694 3375 2763 aliquo
3394 2693 3555 2749 modo

1989 2791 2183 2845 ranoni
2214 2787 2306 2844 121
2353 2791 2680 2852 contrarius,
2717 2788 2990 2842 diversum
3031 2787 3099 2841 ab
3135 2801 3201 2840 eo
3227 2783 3548 2854 supplicium

1987 2897 2207 2939 sumens
2235 2883 2300 2938 de
2339 2881 2594 2952 episcopo
2619 2880 2710 2949 qui
2742 2878 3118 2933 haereticorum
3143 2875 3569 2931 conversionem

1990 2973 2230 3041 negligit.
2257 2970 2374 3025 Non
2404 2979 2490 3024 est
2529 2979 2708 3024 autem
2743 2966 3084 3026 contrarius.
3123 2966 3216 3020 sed
3263 2980 3388 3019 cum
3435 2966 3557 3033 qui-

1991 3062 2112 3118 dem
2145 3062 2277 3115 alius
2313 3060 2614 3116 inveniatur
2657 3059 2960 3128 episcOpus,
2993 3071 3176 3111 curam
3199 3069 3387 3109 eorum
3421 3053 3473 3108 in
3498 3067 3576 3107 se

311 3141 445 3193 ὅταν
479 3141 580 3208 μὲν
615 3141 941 3210 εὑρίσκηται
972 3142 1272 3204 ἐπίσκοπος
1333 3145 1538 3215 ἔτερος,
1564 3147 1661 3216 τὴν
1693 3148 1886 3216 ἐπιμέ-

1993 3151 2319 3221 suscipiens,
2373 3149 2654 3205 auferetur
2699 3149 2974 3216 episcopo,
3014 3147 3106 3216 qui
3157 3145 3314 3199 saluti
3366 3159 3555 3199 eorum

310 3232 464 3283 ).ειαν
504 3232 687 3285 αὑτῶν
733 3233 1156 3302 ἀναδεχόμενος,
1223 3235 1663 3307 ἀφαιρεθήσεται
1699 3238 1728 3290 ό
1790 3255 1889 3292 κα-

309 3321 662 3391 ταφρονήσας
691 3323 790 3390 τῆς
816 3323 1094 3393 σωτηρίας
1145 3324 1326 3378 αὑτῶν
1388 3327 1711 3392 ἐπίσκοπος,
1750 3330 1890 3400 ὅπερ

315 3405 467 3481 εἶχεν
493 3412 582 3464 ἐπ’
615 3411 804 3475 αὐτοῖς
852 3414 1217 3467 ἐπισκοπικὺν
1263 3414 1495 3481 δίκαιον,
1532 3418 1624 3471 καὶ
1651 3435 1892 3486 προσκυ-

316 3504 625 3575 ρωθήσεται
652 3505 848 3574 ἐκείνῳ
871 3521 885 3535 ’
917 3505 1048 3557 ὅταν
1076 3505 1132 3558 δὲ
1157 3504 1279 3557 οὔτε
1300 3506 1470 3568 ’ἀλλος
1488 3509 1588 3578 τὴν
1629 3509 1890 3576 φροντίδα

313 3594 500 3648 αὑτῶν
578 3595 937 3664 ἀναδέχηται,
1013 3594 1140 3648 οὔτε
1180 3596 1344 3657 αὑτὸς
1387 3596 1490 3664 τῆς
1554 3598 1892 3669 ἐπιστροφῆς

317 3686 531 3740 τούτων
560 3687 925 3754 ἐπιμελῆται,
950 3687 1259 3755 τηνικαῦτα
1316 3688 1394 3756 τῷ
1446 3688 1547 3756 τῆς
1585 3690 1892 3758 ἀκοινωνη-

323 3777 448 3840 σίας
478 3777 746 3845 ἐπιτιμίῳ
766 3776 1238 3846 ὑποδληθήσεται.
1268 3779 1328 3830 Ei
1357 3779 1414 3832 δέ
1454 3781 1593 3849 μετά
1637 3781 1730 3833 τὸν
1761 3783 1895 3848 ἀφοο

323 3865 521 3935 ριτμδν
550 3868 615 3936 τῇ
646 3866 871 3937 τοιαύτη
926 3866 1175 3938 ῥᾳθυμία
1207 3867 1485 3935 ἐπιμένει,
1542 3870 1636 3921 καὶ
1695 3870 1891 3923 καθαι-

323 3955 650 4023 ρεθήσεται,
686 3955 833 4008 κατά
860 3955 952 4008 τὸν
981 3954 1362 4024 πεντηκοστὸν
1429 3954 1614 4023 ὄγδοον
1694 3957 1899 4013 κανόνα

321 4047 435 4100 τῶν
463 4047 635 4115 ἁγίων
669 4048 1012 4102 ἀποστόλων.

887 4138 1126 4192 ΚΑΝΩΝ
1159 4137 1334 4194 ΡΚΕ’.

326 4250 346 4282 ι
381 4229 521 4298 Περὶ
547 4229 658 4282 τῶν
681 4230 806 4293 τοὺς
832 4231 1162 4291 Δονατιστάς
1188 4229 1529 4298 κοινωνῆσαι
1550 4229 1903 4300 ψευὼμένων

407 4339 427 4372 ι
464 4321 802 4374 ἐπισκόπων.
849 4319 976 4373 Ἐὰν
1001 4320 1053 4373 δὲ
1081 4320 1376 4392 ἀποδειχθῇ
1404 4323 1493 4374 τὸν
1509 4321 1746 4375 τοιοῦτον
1761 4322 1899 4389 ipsu-

403 4434 423 4465 ι
470 4416 705 4482 σάμενον
727 4413 858 4482 περὶ
873 4417 973 4482 τῆς
992 4413 1217 4466 ἐκείνων
1235 4416 1539 4479 κοινωνίας,
1561 4417 1621 4467 ἐν
1633 4414 1712 4483 τῷ
1722 4414 1902 4483 λέγειν

405 4523 423 4554 ι
459 4504 656 4564 αὑτοὺς
687 4504 1170 4572 κεκοινωνηκέναι,
1189 4502 1571 4565 οὓςδείκνυται
1595 4505 1900 4572 συνειδήσει

407 4609 425 4643 ι
466 4591 632 4644 αὑτοῦ
661 4593 735 4660 μὴ
787 4592 1119 4660 κοινωνῆσαι
1142 4608 1158 4623 ·
1192 4591 1288 4644 καὶ
1333 4591 1432 4662 τὴν
1480 4591 1786 4663 ἐπισκοπὴν
1820 4593 1900 4646 ἔτι

410 4703 424 4734 ι
468 4684 576 4753 μὴν
611 4685 890 4737 ἀπολέσει.
929 4702 954 4735 ι.

404 4775 601 4827 ΒᾹΛΣ.
641 4776 1029 4842 Δ;ορισὰμενοι
1062 4775 1110 4828 οἱ
1156 4773 1422 4844 Πατέρες,
1457 4774 1601 4836 ὅπως
1632 4772 1902 4840 ὀφείλουσι

332 4864 662 4928 κολάζεσθαι
699 4867 749 4916 oi
768 4864 1104 4933 ἀμελοῦντες
1124 4865 1220 4917 τοῦ
1243 4864 1600 4933 ἐπιστρέφειν
1642 4864 1731 4917 διὰ
1757 4865 1901 4917 διδα-

332 4955 564 5016 σκαλίας
600 4957 727 5016 τοὺς
772 4955 876 5008 ὑπὸ
911 4956 1260 5026 τὴνένορίαν
1297 4955 1475 5008 αὐτῶν
1508 4955 1666 5017 ὄντας
1701 4957 1903 5024 αἰρετιέ

328 5049 484 5111 κοὺς,
522 5049 617 5100 καὶ
647 5048 1014 5116 προσθέμενοι
1074 5046 1554 5114 συγγινώσκεσθαι
1599 5047 1723 5105 τοὺς
1755 5045 1905 5098 εὑλό-

327 5157 442 5207 γως
466 5139 602 5208 πρὸς
633 5137 788 5191 τοῦτο
819 5137 1261 5208 ἐμπώισθέντας,
1294 5135 1389 5188 νῦν
1416 5138 1679 5203 ἐπάγουσι
1701 5135 1906 5200 ὼς,ἐάν

328 5247 479 5291 τινες
518 5228 577 5293 ἐξ
601 5229 781 5284 αὑτῶν
807 5230 1038 5281 εἴπωσιν
1074 5228 1335 5296 ὁμιλῆσαι
1363 5227 1762 5289 διδασκαλικῶς
1792 5229 1904 5289 τοῖς

331 5320 490 5372 οὖσιν
516 5320 572 5370 ἐν
595 5321 660 5387 τῇ
695 5320 903 5370 τούτων
932 5318 1116 5388 ἐνορίᾳ
1167 5317 1485 5387 σίρετικοίς,
1514 5318 1608 5369 καί
1649 5316 1904 5384 ἀποδειχ-

335 5409 470 5461 θῶσι
499 5406 841 5478 ψευδόμενοι,
873 5407 931 5458 οὑ
969 5409 1130 5474 μόνον
1164 5406 1476 5476 ἀφορισμῷ,
1500 5407 1632 5459 ἀλλά
1660 5408 1751 5458 καὶ
1772 5407 1901 5458 καθε

336 5500 548 5569 αιρέσει
608 5497 1190 5569 καθυποϐληθήσονται
1233 5497 1321 5550 διὰ
1378 5498 1477 5568 τὴν
1516 5498 1694 5566 ἄκραν
1722 5498 1904 5549 αὐτῶν

333 5588 598 5659 ἀμέλειαν
622 5589 713 5640 καὶ
747 5585 1021 5641 τὸνδόλον.

409 5680 651 5734 ΖΩΝᾹΡ.
699 5680 821 5731 Ἐἀν
842 5679 920 5743 δέ,
947 5678 1292 5746 αίτιώμενος,
1319 5681 1398 5732 ὅτι
1435 5681 1506 5749 μὴ
1536 5680 1811 5752 ἐξενίκησε
1839 5685 1903 5737 τὰ

342 5773 492 5828 παρὰ
527 5771 634 5826 τῶν
664 5771 957 5838 αίρετικῶν
983 5770 1342 5840 κατεχόμενα,
1399 5772 1531 5842 itm
1579 5777 1903 5843 κοινωνῆσαι

1991 3258 2182 3312 parum
2229 3241 2522 3302 consuluit,
2561 3238 2820 3309 quidquid
2877 3238 2930 3291 in
2980 3251 3072 3291 eos
3107 3234 3293 3288 habuit
3319 3234 3409 3302 jus
3438 3232 3557 3300 epl-

1995 3337 2232 3402 scopale,
2269 3343 2324 3388 et
2353 3334 2428 3388 illi
2463 3331 2886 3401 adjudicabitur.
2915 3329 3049 3386 Cum
3077 3335 3254 3381 autem
3291 3339 3392 3379 nec
3419 3323 3558 3380 alius

1994 3441 2178 3481 curam
2234 3440 2420 3481 eorum
2491 3422 2769 3489 suscipiet.
2822 3436 2923 3476 nec
2981 3420 3097 3487 ipse
3147 3416 3558 3472 conversionem

1998 3526 2182 3566 eorum
2238 3513 2289 3564 in
2337 3525 2464 3565 cura
2514 3509 2751 3571 habebit,
2805 3515 2932 3561 tunc
2983 3503 3561 3561 excommunicationis

1993 3617 2167 3669 pinnae
2200 3599 2518 3666 sulijicietur
2557 3615 2570 3652 :
2618 3598 2661 3653 si
2701 3612 2828 3652 vero
2869 3604 2990 3665 post
3036 3593 3558 3649 excommunicatio-

1997 3705 2116 3744 nem
2142 3692 2194 3744 in
2231 3691 2532 3746 istiusmodi
2593 3688 2801 3744 desidia
2844 3686 3123 3757 persistat,
3155 3688 3557 3755 et’deponetur,

1994 3779 2146 3847 juxta
2173 3781 2677 3850 quinquagesimum
2711 3787 2963 3834 octavum
3002 3784 3312 3836 sanctorum
3343 3787 3560 3847 apostoo

1998 3870 2171 3926 lorum
2207 3885 2488 3927 canonetu.

2544 4139 2775 4197 CANON
2793 4139 3015 4195 CXXV.

2005 4259 2024 4294 ι
2062 4240 2138 4295 De
2158 4236 2448 4310 episcopis,
2478 4236 2569 4307 qui
2599 4234 2935 4291 mentiuntur
2975 4229 3563 4287 Donatistascommth

2077 4349 2097 4383 ι
2140 4330 2372 4386 nicasse.
2427 4328 2521 4382 Sin
2553 4335 2732 4383 autem
2774 4335 3051 4380 ostensum
3111 4323 3272 4378 fuerit
3329 4337 3453 4377 eum
3502 4325 3568 4378 de

2080 4422 2348 4475 «illorum
2410 4418 2791 4475 communione
2842 4416 3008 4471 fuisse
3059 4415 3380 4477 mentitum,
3440 4414 3567 4468 dum

2082 4533 2100 4566 ι
2138 4513 2270 4569 dicit
2302 4525 2394 4566 eos
2422 4509 2874 4572 communicasse,
2910 4521 3050 4575 quos
3089 4520 3152 4559 eo
3203 4504 3414 4560 sciente
3461 4519 3567 4558 nou

2081 4623 2099 4655 ι
2142 4601 2573 4659 communicasse
2592 4597 2898 4654 constiterit
2921 4613 2936 4653 :
2960 4597 3331 4666 episcopatum
3353 4597 3572 4664 quoque

2081 4712 2099 4745 ι
2140 4696 2348 4761 perdet.
2388 4709 2408 4743 ι

2078 4781 2268 4835 BALS.
2303 4780 2435 4834 Cum
2459 4777 2774 4832 deiinissent
2821 4774 3006 4830 Patres
3043 4773 3309 4842 quoumdo
3339 4774 3585 4843 sint-pu-v

2008 4871 2187 4925 niendi
2231 4871 2264 4923 ii
2305 4869 2396 4938 qui
2440 4866 2717 4936 uegiiguut
2757 4879 2849 4934 per
2900 4864 3200 4918 doctrinam
3254 4872 3595 4918 convertere,

2007 4961 2291 5016 hzereticos
2341 4959 2433 5028 qui
2463 4967 2589 5011 sunt
2637 4956 2689 5010 in
2723 4969 2907 5008 eorum
2958 4953 3201 5016 dimcesi,
3245 4961 3298 5006 et
3339 4952 3592 5022 adjecis-

2008 5061 2132 5106 sent
2179 5053 2246 5106 iis
2284 5049 2670 5119 ignoscendum
2707 5058 2829 5100 esse
2863 5043 2955 5111 qui
2978 5044 3122 5111 justa
3163 5058 3328 5097 causa
3367 5044 3419 5096 iu
3473 5043 3578 5096 hoc

2010 5141 2250 5210 impediti
2284 5139 2518 5202 fuerunt,
2551 5151 2696 5190 nunc
2760 5133 2999 5188 inierunt
3030 5135 3170 5202 quod
3200 5132 3364 5200 siqui
3398 5135 3576 5190 etscis

2009 5232 2324 5286 din-riutse
2361 5246 2483 5282 cum
2512 5225 2801 5288 haereticis,
2833 5223 2922 5292 qui
2949 5231 3076 5277 sunt
3118 5223 3168 5275 iu
3202 5238 3297 5276 sua
3330 5224 3569 5292 regione.

2008 5322 2237 5378 docendi
2261 5320 2428 5390 gratia
2455 5316 2902 5375 communicasse.
2922 5323 2976 5367 et
2999 5324 3268 5367 ostensum
3298 5313 3454 5367 fuerit
3479 5331 3577 5368 eos

2009 5416 2223 5468 nwutiri
2252 5428 2268 5478 ;
2301 5428 2404 5466 non
2436 5411 2608 5466 solum
2647 5406 3024 5476 segregatioui.
3082 5405 3174 5458 sed
3213 5406 3378 5458 etiam
3412 5406 3576 5473 depa-

2009 5507 2193 5562 sitioui
2225 5503 2605 5572 subjicicutur,
2648 5505 2870 5567 promer
2897 5511 3163 5551 summam
3194 5510 3376 5549 eorum
3403 5495 3575 5566 negli-

2007 5597 2240 5666 gentiam
2272 5605 2323 5647 et
2354 5593 2618 5646 fraudem.

2080 5685 2335 5742 ZONAR.
2371 5685 2426 5737 Si
2462 5698 2588 5736 vero
2621 5681 2763 5749 quod
2811 5681 2877 5735 ab
2915 5677 3181 5736 haereticis
3229 5680 3425 5746 injuste
3453 5692 3575 5747 pos-

2016 5795 2160 5837 sessa
2194 5779 2332 5831 bona
2365 5791 2466 5830 non
2495 5773 2754 5843 eripuerit
2797 5778 3103 5840 accusatus,
3142 5786 3206 5828 eo
3244 5785 3304 5826 se
3339 5777 3570 5838 tueatur,
