  <div class='ocr_page' id='page_1' title='image "/cluster/home/n/w/nwhite01/storage/ocr_20150623/138/uva.x030486987/242.png"; bbox 0 0 4136 6472; ppageno 0'>
   <div class='ocr_carea' id='block_1_1' title="bbox 265 366 375 430">
    <p class='ocr_par' dir='ltr' id='par_1_1' title="bbox 265 366 375 430">
     <span class='ocr_line' id='line_1_1' title="bbox 265 366 375 430; baseline 0.018 -3"><span class='ocrx_word' id='word_1_1' title='bbox 265 366 375 430; x_wconf 78' lang='grc'><strong>405</strong></span> 
     </span>
    </p>
   </div>
   <div class='ocr_carea' id='block_1_2' title="bbox 1263 369 2498 438">
    <p class='ocr_par' dir='ltr' id='par_1_2' title="bbox 1263 369 2498 438">
     <span class='ocr_line' id='line_1_2' title="bbox 1263 369 2498 438; baseline 0.011 -13"><span class='ocrx_word' id='word_1_2' title='bbox 1263 370 1331 425; x_wconf 85' lang='lat' dir='ltr'><strong>iN</strong></span> <span class='ocrx_word' id='word_1_3' title='bbox 1373 370 1536 427; x_wconf 78' lang='lat' dir='ltr'><strong>CAN.</strong></span> <span class='ocrx_word' id='word_1_4' title='bbox 1585 369 1851 431; x_wconf 70' lang='lat' dir='ltr'><strong>CXXVII</strong></span> <span class='ocrx_word' id='word_1_5' title='bbox 1879 373 2088 434; x_wconf 79' lang='lat' dir='ltr'><strong>CONC.</strong></span> <span class='ocrx_word' id='word_1_6' title='bbox 2123 375 2498 438; x_wconf 75' lang='lat' dir='ltr'><strong>CAR&#39;I‘IIAG.</strong></span> 
     </span>
    </p>
   </div>
   <div class='ocr_carea' id='block_1_3' title="bbox 3418 381 3526 445">
    <p class='ocr_par' dir='ltr' id='par_1_3' title="bbox 3418 381 3526 445">
     <span class='ocr_line' id='line_1_3' title="bbox 3418 381 3526 445; baseline 0.028 -3"><span class='ocrx_word' id='word_1_7' title='bbox 3418 381 3526 445; x_wconf 72' lang='grc'><strong>406</strong></span> 
     </span>
    </p>
   </div>
   <div class='ocr_carea' id='block_1_4' title="bbox 337 480 1860 573">
    <p class='ocr_par' dir='ltr' id='par_1_4' title="bbox 337 480 1850 551">
     <span class='ocr_line' id='line_1_4' title="bbox 337 480 1850 551; baseline 0.001 -16"><span class='ocrx_word' id='word_1_8' title='bbox 337 482 586 535; x_wconf 73' lang='grc' dir='ltr'><strong>ΖΩΝᾹΡ.</strong></span> <span class='ocrx_word' id='word_1_9' title='bbox 618 483 758 542; x_wconf 66' lang='lat' dir='ltr'><strong>Teii;</strong></span> <span class='ocrx_word' id='word_1_10' title='bbox 812 481 1108 548; x_wconf 72' lang='grc' dir='ltr'>κληρικοὺς</span> <span class='ocrx_word' id='word_1_11' title='bbox 1160 481 1269 533; x_wconf 68' lang='grc' dir='ltr'>τιτεν</span> <span class='ocrx_word' id='word_1_12' title='bbox 1329 480 1636 551; x_wconf 74' lang='grc' dir='ltr'><strong>ἐκκλησιῶν</strong></span> <span class='ocrx_word' id='word_1_13' title='bbox 1693 483 1850 545; x_wconf 81' lang='grc' dir='ltr'><strong>δίκας</strong></span> 
     </span>
    </p>
   </div>
   <div class='ocr_carea' id='block_1_5' title="bbox 1966 480 3529 573">
    <p class='ocr_par' dir='ltr' id='par_1_5' title="bbox 2029 487 3529 562">
     <span class='ocr_line' id='line_1_5' title="bbox 2029 487 3529 562; baseline 0.009 -22"><span class='ocrx_word' id='word_1_14' title='bbox 2029 487 2278 542; x_wconf 71' lang='lat' dir='ltr'><strong>ZONAR.</strong></span> <span class='ocrx_word' id='word_1_15' title='bbox 2316 490 2386 544; x_wconf 88' lang='lat' dir='ltr'><strong>Ut</strong></span> <span class='ocrx_word' id='word_1_16' title='bbox 2417 491 2622 556; x_wconf 81' lang='lat' dir='ltr'><strong>clerici,</strong></span> <span class='ocrx_word' id='word_1_17' title='bbox 2659 492 2748 562; x_wconf 86' lang='lat' dir='ltr'><strong>qui</strong></span> <span class='ocrx_word' id='word_1_18' title='bbox 2784 494 3186 551; x_wconf 81' lang='lat' dir='ltr'><strong>ecclesiasticas</strong></span> <span class='ocrx_word' id='word_1_19' title='bbox 3215 497 3266 550; x_wconf 93' lang='lat' dir='ltr'><strong>in</strong></span> <span class='ocrx_word' id='word_1_20' title='bbox 3306 512 3363 553; x_wconf 85' lang='lat' dir='ltr'><strong>se</strong></span> <span class='ocrx_word' id='word_1_21' title='bbox 3392 500 3529 553; x_wconf 76' lang='lat' dir='ltr'><strong>invi-</strong></span> 
     </span>
    </p>
   </div>
   <div class='ocr_carea' id='block_1_6' title="bbox 264 564 1847 642">
    <p class='ocr_par' dir='ltr' id='par_1_6' title="bbox 264 564 1847 642">
     <span class='ocr_line' id='line_1_6' title="bbox 264 564 1847 642; baseline 0 -18"><span class='ocrx_word' id='word_1_22' title='bbox 264 576 494 638; x_wconf 67' lang='grc' dir='ltr'>ἔχοντας</span> <span class='ocrx_word' id='word_1_23' title='bbox 529 573 663 642; x_wconf 64' lang='grc' dir='ltr'>πρὸς</span> <span class='ocrx_word' id='word_1_24' title='bbox 717 573 979 640; x_wconf 71' lang='grc' dir='ltr'>ἀλλήλους</span> <span class='ocrx_word' id='word_1_25' title='bbox 1023 575 1174 640; x_wconf 71' lang='grc' dir='ltr'>παρὰ</span> <span class='ocrx_word' id='word_1_26' title='bbox 1233 564 1342 634; x_wconf 82' lang='grc' dir='ltr'>τόῖς</span> <span class='ocrx_word' id='word_1_27' title='bbox 1391 573 1735 638; x_wconf 77' lang='grc' dir='ltr'>ἐπισκόποις,</span> <span class='ocrx_word' id='word_1_28' title='bbox 1766 567 1847 635; x_wconf 76' lang='grc' dir='ltr'>οἷς</span> 
     </span>
    </p>
   </div>
   <div class='ocr_carea' id='block_1_7' title="bbox 267 663 1844 734">
    <p class='ocr_par' dir='ltr' id='par_1_7' title="bbox 267 663 1844 734">
     <span class='ocr_line' id='line_1_7' title="bbox 267 663 1844 734; baseline 0.002 -18"><span class='ocrx_word' id='word_1_29' title='bbox 267 665 617 722; x_wconf 62' lang='grc' dir='ltr'>ὑπόκεινται,</span> <span class='ocrx_word' id='word_1_30' title='bbox 651 663 968 725; x_wconf 76' lang='grc' dir='ltr'><strong>δικάζεσθαι</strong></span> <span class='ocrx_word' id='word_1_31' title='bbox 999 664 1245 732; x_wconf 65' lang='grc' dir='ltr'>διάφοροι</span> <span class='ocrx_word' id='word_1_32' title='bbox 1274 665 1500 727; x_wconf 76' lang='grc' dir='ltr'>κανόνες</span> <span class='ocrx_word' id='word_1_33' title='bbox 1549 665 1844 734; x_wconf 77' lang='grc' dir='ltr'>ὡρίσαντο.</span> 
     </span>
    </p>
   </div>
   <div class='ocr_carea' id='block_1_8' title="bbox 276 754 1847 826">
    <p class='ocr_par' dir='ltr' id='par_1_8' title="bbox 276 754 1847 826">
     <span class='ocr_line' id='line_1_8' title="bbox 276 754 1847 826; baseline 0.003 -20"><span class='ocrx_word' id='word_1_34' title='bbox 276 754 340 806; x_wconf 82' lang='grc' dir='ltr'><strong>ὐ</strong></span> <span class='ocrx_word' id='word_1_35' title='bbox 363 755 418 806; x_wconf 78' lang='grc' dir='ltr'>δὲ</span> <span class='ocrx_word' id='word_1_36' title='bbox 452 754 638 822; x_wconf 86' lang='grc' dir='ltr'>παρὼν</span> <span class='ocrx_word' id='word_1_37' title='bbox 668 755 850 805; x_wconf 75' lang='grc' dir='ltr'>κανὼν</span> <span class='ocrx_word' id='word_1_38' title='bbox 878 754 1005 824; x_wconf 79' lang='grc' dir='ltr'>περὶ</span> <span class='ocrx_word' id='word_1_39' title='bbox 1052 756 1339 822; x_wconf 78' lang='grc' dir='ltr'><strong>ἐκκλήτων</strong></span> <span class='ocrx_word' id='word_1_40' title='bbox 1374 757 1716 826; x_wconf 82' lang='grc' dir='ltr'>θεσμοθετεῖ,</span> <span class='ocrx_word' id='word_1_41' title='bbox 1755 758 1847 810; x_wconf 78' lang='grc' dir='ltr'>καί</span> 
     </span>
    </p>
   </div>
   <div class='ocr_carea' id='block_1_9' title="bbox 267 846 1850 918">
    <p class='ocr_par' dir='ltr' id='par_1_9' title="bbox 267 846 1850 918">
     <span class='ocr_line' id='line_1_9' title="bbox 267 846 1850 918; baseline 0.004 -22"><span class='ocrx_word' id='word_1_42' title='bbox 267 864 438 913; x_wconf 76' lang='grc' dir='ltr'>φησιν</span> <span class='ocrx_word' id='word_1_43' title='bbox 466 847 569 906; x_wconf 72' lang='grc' dir='ltr'>ὅτι,</span> <span class='ocrx_word' id='word_1_44' title='bbox 620 846 712 897; x_wconf 71' lang='grc' dir='ltr'>ἐὰν</span> <span class='ocrx_word' id='word_1_45' title='bbox 745 847 1174 914; x_wconf 81' lang='grc' dir='ltr'>ἀπαρέσκωνται</span> <span class='ocrx_word' id='word_1_46' title='bbox 1206 852 1269 917; x_wconf 79' lang='grc' dir='ltr'><strong>τῇ</strong></span> <span class='ocrx_word' id='word_1_47' title='bbox 1300 849 1464 918; x_wconf 63' lang='grc' dir='ltr'><strong>ψήφῳ</strong></span> <span class='ocrx_word' id='word_1_48' title='bbox 1492 850 1602 901; x_wconf 81' lang='grc' dir='ltr'><strong>τῶν</strong></span> <span class='ocrx_word' id='word_1_49' title='bbox 1632 850 1850 902; x_wconf 56' lang='lat' dir='ltr'><strong>intoxi-</strong></span> 
     </span>
    </p>
   </div>
   <div class='ocr_carea' id='block_1_10' title="bbox 270 930 1848 1015">
    <p class='ocr_par' dir='ltr' id='par_1_10' title="bbox 270 930 1848 1015">
     <span class='ocr_line' id='line_1_10' title="bbox 270 930 1848 1015; baseline 0.006 -29"><span class='ocrx_word' id='word_1_50' title='bbox 270 954 390 989; x_wconf 78' lang='grc' dir='ltr'><strong>πων</strong></span> <span class='ocrx_word' id='word_1_51' title='bbox 422 938 603 990; x_wconf 71' lang='grc' dir='ltr'>αύτιῖἓν</span> <span class='ocrx_word' id='word_1_52' title='bbox 628 930 678 989; x_wconf 72' lang='grc' dir='ltr'>οἱ</span> <span class='ocrx_word' id='word_1_53' title='bbox 705 939 831 1006; x_wconf 79' lang='grc' dir='ltr'>παρ’</span> <span class='ocrx_word' id='word_1_54' title='bbox 871 939 1058 999; x_wconf 74' lang='grc' dir='ltr'>αὐτοῖς</span> <span class='ocrx_word' id='word_1_55' title='bbox 1095 939 1452 1009; x_wconf 85' lang='grc' dir='ltr'>δικασάμενοι</span> <span class='ocrx_word' id='word_1_56' title='bbox 1496 942 1769 1015; x_wconf 54' lang='grc' dir='ltr'>κληρικοζ,</span> <span class='ocrx_word' id='word_1_57' title='bbox 1798 943 1848 995; x_wconf 85' lang='grc' dir='ltr'>οἱ</span> 
     </span>
    </p>
   </div>
   <div class='ocr_carea' id='block_1_11' title="bbox 269 1028 1850 1097">
    <p class='ocr_par' dir='ltr' id='par_1_11' title="bbox 269 1028 1850 1097">
     <span class='ocr_line' id='line_1_11' title="bbox 269 1028 1850 1097; baseline 0.003 -19"><span class='ocrx_word' id='word_1_58' title='bbox 269 1028 650 1092; x_wconf 80' lang='grc' dir='ltr'>γειτονοῦντες</span> <span class='ocrx_word' id='word_1_59' title='bbox 703 1029 997 1081; x_wconf 72' lang='grc' dir='ltr'>ἐπίσκοποι</span> <span class='ocrx_word' id='word_1_60' title='bbox 1066 1029 1277 1081; x_wconf 86' lang='grc' dir='ltr'>τούτων</span> <span class='ocrx_word' id='word_1_61' title='bbox 1335 1031 1712 1097; x_wconf 82' lang='grc' dir='ltr'>ἀκροάσονται,</span> <span class='ocrx_word' id='word_1_62' title='bbox 1760 1033 1850 1084; x_wconf 72' lang='grc' dir='ltr'>καὶ</span> 
     </span>
    </p>
   </div>
   <div class='ocr_carea' id='block_1_12' title="bbox 267 1118 1851 1189">
    <p class='ocr_par' dir='ltr' id='par_1_12' title="bbox 267 1118 1851 1189">
     <span class='ocr_line' id='line_1_12' title="bbox 267 1118 1851 1189; baseline 0.003 -19"><span class='ocrx_word' id='word_1_63' title='bbox 267 1118 784 1184; x_wconf 84' lang='grc' dir='ltr'>διαγνωμονήσουσι</span> <span class='ocrx_word' id='word_1_64' title='bbox 835 1120 1088 1189; x_wconf 76' lang='grc' dir='ltr'>περὶτῆς</span> <span class='ocrx_word' id='word_1_65' title='bbox 1115 1120 1322 1189; x_wconf 66' lang='grc' dir='ltr'>ψήφου,</span> <span class='ocrx_word' id='word_1_66' title='bbox 1357 1122 1403 1172; x_wconf 74' lang='grc' dir='ltr'>εἰ</span> <span class='ocrx_word' id='word_1_67' title='bbox 1446 1121 1596 1173; x_wconf 77' lang='grc' dir='ltr'>ἐστιν</span> <span class='ocrx_word' id='word_1_68' title='bbox 1650 1124 1851 1175; x_wconf 83' lang='grc' dir='ltr'>ἀνεπι-</span> 
     </span>
    </p>
   </div>
   <div class='ocr_carea' id='block_1_13' title="bbox 269 1213 1851 1284">
    <p class='ocr_par' dir='ltr' id='par_1_13' title="bbox 269 1213 1851 1284">
     <span class='ocr_line' id='line_1_13' title="bbox 269 1213 1851 1284; baseline 0.002 -20"><span class='ocrx_word' id='word_1_69' title='bbox 269 1213 504 1280; x_wconf 79' lang='grc' dir='ltr'>σφαλής.</span> <span class='ocrx_word' id='word_1_70' title='bbox 545 1214 801 1268; x_wconf 76' lang='grc' dir='ltr'>Ἔσονται</span> <span class='ocrx_word' id='word_1_71' title='bbox 837 1214 894 1265; x_wconf 79' lang='grc' dir='ltr'>δὲ</span> <span class='ocrx_word' id='word_1_72' title='bbox 932 1213 1308 1284; x_wconf 72' lang='grc' dir='ltr'>ἑκκλητάριοι,</span> <span class='ocrx_word' id='word_1_73' title='bbox 1359 1214 1553 1277; x_wconf 83' lang='grc' dir='ltr'>οἵτινες</span> <span class='ocrx_word' id='word_1_74' title='bbox 1600 1215 1666 1268; x_wconf 87' lang='grc' dir='ltr'>ἂν</span> <span class='ocrx_word' id='word_1_75' title='bbox 1699 1215 1851 1284; x_wconf 73' lang='grc' dir='ltr'>παρὰ</span> 
     </span>
    </p>
   </div>
   <div class='ocr_carea' id='block_1_14' title="bbox 267 1304 1850 1373">
    <p class='ocr_par' dir='ltr' id='par_1_14' title="bbox 267 1304 1850 1373">
     <span class='ocr_line' id='line_1_14' title="bbox 267 1304 1850 1373; baseline 0 -15"><span class='ocrx_word' id='word_1_76' title='bbox 267 1307 379 1358; x_wconf 79' lang='grc' dir='ltr'>τῶν</span> <span class='ocrx_word' id='word_1_77' title='bbox 414 1305 794 1373; x_wconf 72' lang='grc' dir='ltr'><strong>δικαζομένων</strong></span> <span class='ocrx_word' id='word_1_78' title='bbox 844 1304 1141 1369; x_wconf 76' lang='grc' dir='ltr'>ἐπιλεγῶσι</span> <span class='ocrx_word' id='word_1_79' title='bbox 1200 1305 1337 1358; x_wconf 81' lang='grc' dir='ltr'>κατὰ</span> <span class='ocrx_word' id='word_1_80' title='bbox 1402 1307 1709 1360; x_wconf 83' lang='grc' dir='ltr'>συναίνεσιν</span> <span class='ocrx_word' id='word_1_81' title='bbox 1756 1307 1850 1359; x_wconf 79' lang='grc' dir='ltr'>τοῦ</span> 
     </span>
    </p>
   </div>
   <div class='ocr_carea' id='block_1_15' title="bbox 269 1395 1851 1467">
    <p class='ocr_par' dir='ltr' id='par_1_15' title="bbox 269 1395 1851 1467">
     <span class='ocr_line' id='line_1_15' title="bbox 269 1395 1851 1467; baseline 0.001 -18"><span class='ocrx_word' id='word_1_82' title='bbox 269 1396 573 1449; x_wconf 65' lang='grc' dir='ltr'>ἑπισκόπου</span> <span class='ocrx_word' id='word_1_83' title='bbox 600 1395 802 1450; x_wconf 80' lang='grc' dir='ltr'>αὐτῶν.</span> <span class='ocrx_word' id='word_1_84' title='bbox 850 1395 978 1448; x_wconf 79' lang='grc' dir='ltr'>Ἐάν</span> <span class='ocrx_word' id='word_1_85' title='bbox 1007 1395 1062 1448; x_wconf 84' lang='grc' dir='ltr'>δὲ</span> <span class='ocrx_word' id='word_1_86' title='bbox 1113 1397 1202 1449; x_wconf 68' lang='grc' dir='ltr'>καὶ</span> <span class='ocrx_word' id='word_1_87' title='bbox 1237 1399 1267 1465; x_wconf 82' lang='grc' dir='ltr'>ή</span> <span class='ocrx_word' id='word_1_88' title='bbox 1311 1397 1422 1448; x_wconf 84' lang='grc' dir='ltr'>τῶν</span> <span class='ocrx_word' id='word_1_89' title='bbox 1474 1399 1851 1467; x_wconf 80' lang='grc' dir='ltr'>ἑκκληταρίων</span> 
     </span>
    </p>
   </div>
   <div class='ocr_carea' id='block_1_16' title="bbox 228 1488 1852 1559">
    <p class='ocr_par' dir='ltr' id='par_1_16' title="bbox 228 1488 1852 1559">
     <span class='ocr_line' id='line_1_16' title="bbox 228 1488 1852 1559; baseline 0.003 -23"><span class='ocrx_word' id='word_1_90' title='bbox 228 1488 589 1540; x_wconf 54' lang='grc' dir='ltr'>ἐπισκόπων</span> <span class='ocrx_word' id='word_1_91' title='bbox 639 1489 919 1555; x_wconf 60' lang='grc' dir='ltr'>ἀπόᾳασις</span> <span class='ocrx_word' id='word_1_92' title='bbox 993 1490 1305 1559; x_wconf 79' lang='grc' dir='ltr'>ἀπαρέσκῃ,</span> <span class='ocrx_word' id='word_1_93' title='bbox 1391 1493 1541 1558; x_wconf 78' lang='grc' dir='ltr'>παρὰ</span> <span class='ocrx_word' id='word_1_94' title='bbox 1615 1493 1730 1554; x_wconf 78' lang='grc' dir='ltr'>ταῖς</span> <span class='ocrx_word' id='word_1_95' title='bbox 1795 1492 1852 1543; x_wconf 77' lang='grc' dir='ltr'>ὲν</span> 
     </span>
    </p>
   </div>
   <div class='ocr_carea' id='block_1_17' title="bbox 280 1579 1851 1654">
    <p class='ocr_par' dir='ltr' id='par_1_17' title="bbox 280 1579 1851 1654">
     <span class='ocr_line' id='line_1_17' title="bbox 280 1579 1851 1654; baseline 0.001 -21"><span class='ocrx_word' id='word_1_96' title='bbox 280 1582 518 1649; x_wconf 75' lang='grc' dir='ltr'>Ἀφρικῇ</span> <span class='ocrx_word' id='word_1_97' title='bbox 553 1580 794 1640; x_wconf 74' lang='grc' dir='ltr'><strong>συνόδοις</strong></span> <span class='ocrx_word' id='word_1_98' title='bbox 838 1579 1326 1651; x_wconf 82' lang='grc' dir='ltr'>δοκιμασθήσεται,</span> <span class='ocrx_word' id='word_1_99' title='bbox 1392 1584 1484 1633; x_wconf 75' lang='grc' dir='ltr'>καὶ</span> <span class='ocrx_word' id='word_1_100' title='bbox 1542 1583 1694 1654; x_wconf 70' lang='grc' dir='ltr'>παρὰ</span> <span class='ocrx_word' id='word_1_101' title='bbox 1742 1587 1851 1646; x_wconf 77' lang='grc' dir='ltr'>τοῖς</span> 
     </span>
    </p>
   </div>
   <div class='ocr_carea' id='block_1_18' title="bbox 265 1672 1852 1743">
    <p class='ocr_par' dir='ltr' id='par_1_18' title="bbox 265 1672 1852 1743">
     <span class='ocr_line' id='line_1_18' title="bbox 265 1672 1852 1743; baseline 0.002 -18"><span class='ocrx_word' id='word_1_102' title='bbox 265 1673 616 1740; x_wconf 79' lang='grc' dir='ltr'>πρωτεύουσι</span> <span class='ocrx_word' id='word_1_103' title='bbox 652 1672 762 1724; x_wconf 83' lang='grc' dir='ltr'>τῶν</span> <span class='ocrx_word' id='word_1_104' title='bbox 805 1672 1106 1742; x_wconf 70' lang='grc' dir='ltr'><strong>ἐπαρχιῶν⁸</strong></span> <span class='ocrx_word' id='word_1_105' title='bbox 1143 1674 1313 1743; x_wconf 64' lang='grc' dir='ltr'>ἤγουν</span> <span class='ocrx_word' id='word_1_106' title='bbox 1351 1675 1467 1733; x_wconf 85' lang='grc' dir='ltr'>τοῖς</span> <span class='ocrx_word' id='word_1_107' title='bbox 1494 1674 1852 1742; x_wconf 75' lang='grc' dir='ltr'>προκαθημέο</span> 
     </span>
    </p>
   </div>
   <div class='ocr_carea' id='block_1_19' title="bbox 266 1764 1851 1835">
    <p class='ocr_par' dir='ltr' id='par_1_19' title="bbox 266 1764 1851 1835">
     <span class='ocr_line' id='line_1_19' title="bbox 266 1764 1851 1835; baseline -0.001 -16"><span class='ocrx_word' id='word_1_108' title='bbox 266 1784 379 1826; x_wconf 81' lang='grc' dir='ltr'>νοις</span> <span class='ocrx_word' id='word_1_109' title='bbox 407 1765 519 1816; x_wconf 79' lang='grc' dir='ltr'>τῶν</span> <span class='ocrx_word' id='word_1_110' title='bbox 542 1764 739 1819; x_wconf 77' lang='grc' dir='ltr'>ἄλλων.</span> <span class='ocrx_word' id='word_1_111' title='bbox 802 1765 863 1817; x_wconf 86' lang='lat' dir='ltr'><strong>Ei</strong></span> <span class='ocrx_word' id='word_1_112' title='bbox 887 1764 943 1816; x_wconf 79' lang='grc' dir='ltr'>δέ</span> <span class='ocrx_word' id='word_1_113' title='bbox 971 1782 1076 1828; x_wconf 90' lang='grc' dir='ltr'>τις,</span> <span class='ocrx_word' id='word_1_114' title='bbox 1140 1766 1295 1834; x_wconf 69' lang='grc' dir='ltr'>φησὶ,</span> <span class='ocrx_word' id='word_1_115' title='bbox 1352 1765 1640 1835; x_wconf 78' lang='grc' dir='ltr'>βουληθείη</span> <span class='ocrx_word' id='word_1_116' title='bbox 1676 1767 1851 1834; x_wconf 87' lang='grc' dir='ltr'>πέραν</span> 
     </span>
    </p>
   </div>
   <div class='ocr_carea' id='block_1_20' title="bbox 1957 584 3528 661">
    <p class='ocr_par' dir='ltr' id='par_1_20' title="bbox 1957 584 3528 661">
     <span class='ocr_line' id='line_1_20' title="bbox 1957 584 3528 661; baseline 0.007 -27"><span class='ocrx_word' id='word_1_117' title='bbox 1957 597 2072 635; x_wconf 82' lang='lat' dir='ltr'><strong>cent</strong></span> <span class='ocrx_word' id='word_1_118' title='bbox 2101 584 2502 642; x_wconf 85' lang='lat' dir='ltr'><strong>controversias</strong></span> <span class='ocrx_word' id='word_1_119' title='bbox 2557 584 2777 649; x_wconf 83' lang='lat' dir='ltr'><strong>habent,</strong></span> <span class='ocrx_word' id='word_1_120' title='bbox 2810 584 2879 638; x_wconf 84' lang='lat' dir='ltr'><strong>ab</strong></span> <span class='ocrx_word' id='word_1_121' title='bbox 2908 585 3064 656; x_wconf 83' lang='lat' dir='ltr'><strong>ipsis,</strong></span> <span class='ocrx_word' id='word_1_122' title='bbox 3106 590 3302 657; x_wconf 85' lang='lat' dir='ltr'><strong>quibus</strong></span> <span class='ocrx_word' id='word_1_123' title='bbox 3351 591 3528 661; x_wconf 80' lang='lat' dir='ltr'><strong>subji-</strong></span> 
     </span>
    </p>
   </div>
   <div class='ocr_carea' id='block_1_21' title="bbox 1957 673 3528 745">
    <p class='ocr_par' dir='ltr' id='par_1_21' title="bbox 1957 673 3528 745">
     <span class='ocr_line' id='line_1_21' title="bbox 1957 673 3528 745; baseline 0.008 -21"><span class='ocrx_word' id='word_1_124' title='bbox 1957 673 2173 726; x_wconf 88' lang='lat' dir='ltr'><strong>ciuntur</strong></span> <span class='ocrx_word' id='word_1_125' title='bbox 2237 674 2510 742; x_wconf 81' lang='lat' dir='ltr'><strong>episcopis</strong></span> <span class='ocrx_word' id='word_1_126' title='bbox 2553 673 2902 742; x_wconf 77' lang='lat' dir='ltr'><strong>iudicentur.</strong></span> <span class='ocrx_word' id='word_1_127' title='bbox 2966 676 3199 745; x_wconf 88' lang='lat' dir='ltr'><strong>plurium</strong></span> <span class='ocrx_word' id='word_1_128' title='bbox 3261 695 3528 737; x_wconf 89' lang='lat' dir='ltr'><strong>eanonunt</strong></span> 
     </span>
    </p>
   </div>
   <div class='ocr_carea' id='block_1_22' title="bbox 1956 763 3531 844">
    <p class='ocr_par' dir='ltr' id='par_1_22' title="bbox 1956 763 3531 844">
     <span class='ocr_line' id='line_1_22' title="bbox 1956 763 3531 844; baseline 0.008 -27"><span class='ocrx_word' id='word_1_129' title='bbox 1956 763 2179 818; x_wconf 88' lang='lat' dir='ltr'><strong>decreto</strong></span> <span class='ocrx_word' id='word_1_130' title='bbox 2207 766 2561 820; x_wconf 86' lang='lat' dir='ltr'><strong>constitutum</strong></span> <span class='ocrx_word' id='word_1_131' title='bbox 2614 776 2719 823; x_wconf 87' lang='lat' dir='ltr'><strong>est.</strong></span> <span class='ocrx_word' id='word_1_132' title='bbox 2755 767 2866 823; x_wconf 88' lang='lat' dir='ltr'><strong>Hoc</strong></span> <span class='ocrx_word' id='word_1_133' title='bbox 2905 784 3036 824; x_wconf 86' lang='lat' dir='ltr'><strong>vero</strong></span> <span class='ocrx_word' id='word_1_134' title='bbox 3076 787 3282 829; x_wconf 79' lang='lat' dir='ltr'><strong>canone</strong></span> <span class='ocrx_word' id='word_1_135' title='bbox 3309 774 3375 828; x_wconf 88' lang='lat' dir='ltr'><strong>de</strong></span> <span class='ocrx_word' id='word_1_136' title='bbox 3403 791 3531 844; x_wconf 81' lang='lat' dir='ltr'><strong>pro-</strong></span> 
     </span>
    </p>
   </div>
   <div class='ocr_carea' id='block_1_23' title="bbox 1958 859 3529 934">
    <p class='ocr_par' dir='ltr' id='par_1_23' title="bbox 1958 859 3529 934">
     <span class='ocr_line' id='line_1_23' title="bbox 1958 859 3529 934; baseline 0.01 -28"><span class='ocrx_word' id='word_1_137' title='bbox 1958 859 2340 912; x_wconf 89' lang='lat' dir='ltr'><strong>vocationibus</strong></span> <span class='ocrx_word' id='word_1_138' title='bbox 2374 860 2653 924; x_wconf 84' lang='lat' dir='ltr'><strong>statuitur,</strong></span> <span class='ocrx_word' id='word_1_139' title='bbox 2696 869 2753 914; x_wconf 87' lang='lat' dir='ltr'><strong>ut</strong></span> <span class='ocrx_word' id='word_1_140' title='bbox 2782 862 2827 916; x_wconf 94' lang='lat' dir='ltr'><strong>si</strong></span> <span class='ocrx_word' id='word_1_141' title='bbox 2866 862 3118 917; x_wconf 85' lang='lat' dir='ltr'><strong>nimirum</strong></span> <span class='ocrx_word' id='word_1_142' title='bbox 3151 867 3529 934; x_wconf 81' lang='lat' dir='ltr'><strong>episcOporum</strong></span> 
     </span>
    </p>
   </div>
   <div class='ocr_carea' id='block_1_24' title="bbox 1957 950 3531 1022">
    <p class='ocr_par' dir='ltr' id='par_1_24' title="bbox 1957 950 3531 1022">
     <span class='ocr_line' id='line_1_24' title="bbox 1957 950 3531 1022; baseline 0.009 -24"><span class='ocrx_word' id='word_1_143' title='bbox 1957 963 2176 1001; x_wconf 80' lang='lat' dir='ltr'><strong>suorum</strong></span> <span class='ocrx_word' id='word_1_144' title='bbox 2200 951 2405 1018; x_wconf 87' lang='lat' dir='ltr'><strong>judicio</strong></span> <span class='ocrx_word' id='word_1_145' title='bbox 2436 950 2709 1022; x_wconf 76' lang='lat' dir='ltr'><strong>litigantes</strong></span> <span class='ocrx_word' id='word_1_146' title='bbox 2735 952 2921 1007; x_wconf 83' lang='lat' dir='ltr'><strong>clerici</strong></span> <span class='ocrx_word' id='word_1_147' title='bbox 2951 961 3096 1009; x_wconf 84' lang='lat' dir='ltr'><strong>stare</strong></span> <span class='ocrx_word' id='word_1_148' title='bbox 3125 956 3312 1021; x_wconf 90' lang='lat' dir='ltr'><strong>nolint,</strong></span> <span class='ocrx_word' id='word_1_149' title='bbox 3346 972 3374 1010; x_wconf 91' lang='lat' dir='ltr'><strong>a</strong></span> <span class='ocrx_word' id='word_1_150' title='bbox 3405 958 3531 1012; x_wconf 86' lang='lat' dir='ltr'><strong>vici-</strong></span> 
     </span>
    </p>
   </div>
   <div class='ocr_carea' id='block_1_25' title="bbox 1959 1042 3533 1118">
    <p class='ocr_par' dir='ltr' id='par_1_25' title="bbox 1959 1042 3533 1118">
     <span class='ocr_line' id='line_1_25' title="bbox 1959 1042 3533 1118; baseline 0.008 -26"><span class='ocrx_word' id='word_1_151' title='bbox 1959 1042 2044 1094; x_wconf 85' lang='lat' dir='ltr'><strong>nis</strong></span> <span class='ocrx_word' id='word_1_152' title='bbox 2067 1042 2334 1110; x_wconf 80' lang='lat' dir='ltr'><strong>cpiseopis</strong></span> <span class='ocrx_word' id='word_1_153' title='bbox 2366 1045 2677 1110; x_wconf 87' lang='lat' dir='ltr'><strong>audiantur,</strong></span> <span class='ocrx_word' id='word_1_154' title='bbox 2709 1061 2772 1100; x_wconf 87' lang='lat' dir='ltr'><strong>ae</strong></span> <span class='ocrx_word' id='word_1_155' title='bbox 2797 1047 2864 1100; x_wconf 88' lang='lat' dir='ltr'><strong>ab</strong></span> <span class='ocrx_word' id='word_1_156' title='bbox 2893 1047 2974 1102; x_wconf 90' lang='lat' dir='ltr'><strong>eis</strong></span> <span class='ocrx_word' id='word_1_157' title='bbox 3001 1050 3279 1103; x_wconf 68' lang='lat' dir='ltr'><strong>sententia:</strong></span> <span class='ocrx_word' id='word_1_158' title='bbox 3303 1051 3533 1118; x_wconf 66' lang='lat' dir='ltr'><strong>aequitas</strong></span> 
     </span>
    </p>
   </div>
   <div class='ocr_carea' id='block_1_26' title="bbox 1961 1133 3532 1208">
    <p class='ocr_par' dir='ltr' id='par_1_26' title="bbox 1961 1133 3532 1208">
     <span class='ocr_line' id='line_1_26' title="bbox 1961 1133 3532 1208; baseline 0.006 -23"><span class='ocrx_word' id='word_1_159' title='bbox 1961 1133 2330 1188; x_wconf 82' lang='lat' dir='ltr'><strong>examinetur.</strong></span> <span class='ocrx_word' id='word_1_160' title='bbox 2360 1135 2582 1191; x_wconf 85' lang='lat' dir='ltr'><strong>Judices</strong></span> <span class='ocrx_word' id='word_1_161' title='bbox 2615 1152 2779 1205; x_wconf 90' lang='lat' dir='ltr'><strong>porro</strong></span> <span class='ocrx_word' id='word_1_162' title='bbox 2808 1139 2896 1193; x_wconf 90' lang='lat' dir='ltr'><strong>isti</strong></span> <span class='ocrx_word' id='word_1_163' title='bbox 2925 1139 3330 1208; x_wconf 75' lang='lat' dir='ltr'><strong>provocationis</strong></span> <span class='ocrx_word' id='word_1_164' title='bbox 3371 1158 3398 1194; x_wconf 88' lang='lat' dir='ltr'><strong>a</strong></span> <span class='ocrx_word' id='word_1_165' title='bbox 3430 1141 3532 1195; x_wconf 81' lang='lat' dir='ltr'><strong>liti-</strong></span> 
     </span>
    </p>
   </div>
   <div class='ocr_carea' id='block_1_27' title="bbox 1961 1225 3529 1300">
    <p class='ocr_par' dir='ltr' id='par_1_27' title="bbox 1961 1225 3529 1300">
     <span class='ocr_line' id='line_1_27' title="bbox 1961 1225 3529 1300; baseline 0.008 -26"><span class='ocrx_word' id='word_1_166' title='bbox 1961 1225 2232 1290; x_wconf 72' lang='lat' dir='ltr'><strong>gantibus.</strong></span> <span class='ocrx_word' id='word_1_167' title='bbox 2273 1241 2377 1280; x_wconf 93' lang='lat' dir='ltr'><strong>non</strong></span> <span class='ocrx_word' id='word_1_168' title='bbox 2432 1228 2553 1282; x_wconf 89' lang='lat' dir='ltr'><strong>sine</strong></span> <span class='ocrx_word' id='word_1_169' title='bbox 2597 1228 2836 1299; x_wconf 81' lang='lat' dir='ltr'><strong>episcopi</strong></span> <span class='ocrx_word' id='word_1_170' title='bbox 2901 1241 3081 1286; x_wconf 88' lang='lat' dir='ltr'><strong>tamen</strong></span> <span class='ocrx_word' id='word_1_171' title='bbox 3123 1233 3529 1300; x_wconf 89' lang='lat' dir='ltr'><strong>approbatione.</strong></span> 
     </span>
    </p>
   </div>
   <div class='ocr_carea' id='block_1_28' title="bbox 1960 1317 3533 1392">
    <p class='ocr_par' dir='ltr' id='par_1_28' title="bbox 1960 1317 3533 1392">
     <span class='ocr_line' id='line_1_28' title="bbox 1960 1317 3533 1392; baseline 0.006 -23"><span class='ocrx_word' id='word_1_172' title='bbox 1960 1317 2290 1384; x_wconf 65' lang='lat' dir='ltr'><strong>deligentur.</strong></span> <span class='ocrx_word' id='word_1_173' title='bbox 2319 1317 2473 1384; x_wconf 81' lang='lat' dir='ltr'><strong>Quod</strong></span> <span class='ocrx_word' id='word_1_174' title='bbox 2510 1320 2555 1374; x_wconf 89' lang='lat' dir='ltr'><strong>si</strong></span> <span class='ocrx_word' id='word_1_175' title='bbox 2583 1320 2694 1388; x_wconf 84' lang='lat' dir='ltr'><strong>ipsa</strong></span> <span class='ocrx_word' id='word_1_176' title='bbox 2741 1335 2960 1390; x_wconf 79' lang='lat' dir='ltr'><strong>quoque</strong></span> <span class='ocrx_word' id='word_1_177' title='bbox 2988 1322 3367 1392; x_wconf 79' lang='lat' dir='ltr'><strong>episcoporum</strong></span> <span class='ocrx_word' id='word_1_178' title='bbox 3405 1339 3533 1378; x_wconf 80' lang='lat' dir='ltr'><strong>sen-</strong></span> 
     </span>
    </p>
   </div>
   <div class='ocr_carea' id='block_1_29' title="bbox 1962 1409 3531 1484">
    <p class='ocr_par' dir='ltr' id='par_1_29' title="bbox 1962 1409 3531 1484">
     <span class='ocr_line' id='line_1_29' title="bbox 1962 1409 3531 1484; baseline 0.004 -23"><span class='ocrx_word' id='word_1_179' title='bbox 1962 1409 2151 1471; x_wconf 81' lang='lat' dir='ltr'><strong>tentia,</strong></span> <span class='ocrx_word' id='word_1_180' title='bbox 2180 1409 2244 1463; x_wconf 89' lang='lat' dir='ltr'><strong>ad</strong></span> <span class='ocrx_word' id='word_1_181' title='bbox 2278 1425 2414 1478; x_wconf 84' lang='lat' dir='ltr'><strong>quos</strong></span> <span class='ocrx_word' id='word_1_182' title='bbox 2441 1426 2824 1478; x_wconf 87' lang='lat' dir='ltr'><strong>provocavere,</strong></span> <span class='ocrx_word' id='word_1_183' title='bbox 2865 1426 2969 1466; x_wconf 88' lang='lat' dir='ltr'><strong>non</strong></span> <span class='ocrx_word' id='word_1_184' title='bbox 2987 1413 3332 1478; x_wconf 79' lang='lat' dir='ltr'><strong>satisfecerit,</strong></span> <span class='ocrx_word' id='word_1_185' title='bbox 3356 1414 3420 1466; x_wconf 87' lang='lat' dir='ltr'><strong>ad</strong></span> <span class='ocrx_word' id='word_1_186' title='bbox 3441 1429 3531 1484; x_wconf 88' lang='lat' dir='ltr'><strong>sy-</strong></span> 
     </span>
    </p>
   </div>
   <div class='ocr_carea' id='block_1_30' title="bbox 1961 1501 3536 1574">
    <p class='ocr_par' dir='ltr' id='par_1_30' title="bbox 1961 1501 3536 1574">
     <span class='ocr_line' id='line_1_30' title="bbox 1961 1501 3536 1574; baseline 0.003 -20"><span class='ocrx_word' id='word_1_187' title='bbox 1961 1501 2131 1554; x_wconf 71' lang='lat' dir='ltr'><strong>nodos</strong></span> <span class='ocrx_word' id='word_1_188' title='bbox 2171 1503 2221 1555; x_wconf 92' lang='lat' dir='ltr'><strong>in</strong></span> <span class='ocrx_word' id='word_1_189' title='bbox 2274 1504 2455 1557; x_wconf 81' lang='lat' dir='ltr'><strong>Africa</strong></span> <span class='ocrx_word' id='word_1_190' title='bbox 2506 1504 2785 1559; x_wconf 82' lang='lat' dir='ltr'><strong>habendas</strong></span> <span class='ocrx_word' id='word_1_191' title='bbox 2823 1520 2985 1560; x_wconf 87' lang='lat' dir='ltr'><strong>causa</strong></span> <span class='ocrx_word' id='word_1_192' title='bbox 3033 1505 3324 1566; x_wconf 82' lang='lat' dir='ltr'><strong>referetur.</strong></span> <span class='ocrx_word' id='word_1_193' title='bbox 3376 1513 3536 1574; x_wconf 87' lang='lat' dir='ltr'><strong>atque</strong></span> 
     </span>
    </p>
   </div>
   <div class='ocr_carea' id='block_1_31' title="bbox 1961 1594 3536 1666">
    <p class='ocr_par' dir='ltr' id='par_1_31' title="bbox 1961 1594 3536 1666">
     <span class='ocr_line' id='line_1_31' title="bbox 1961 1594 3536 1666; baseline 0.002 -20"><span class='ocrx_word' id='word_1_194' title='bbox 1961 1594 2026 1646; x_wconf 80' lang='lat' dir='ltr'><strong>ad</strong></span> <span class='ocrx_word' id='word_1_195' title='bbox 2053 1595 2459 1662; x_wconf 79' lang='lat' dir='ltr'><strong>provinciarum</strong></span> <span class='ocrx_word' id='word_1_196' title='bbox 2513 1597 2793 1662; x_wconf 80' lang='lat' dir='ltr'><strong>primates,</strong></span> <span class='ocrx_word' id='word_1_197' title='bbox 2839 1599 2930 1666; x_wconf 89' lang='lat' dir='ltr'><strong>qui</strong></span> <span class='ocrx_word' id='word_1_198' title='bbox 2983 1598 3188 1651; x_wconf 88' lang='lat' dir='ltr'><strong>scilicet</strong></span> <span class='ocrx_word' id='word_1_199' title='bbox 3236 1597 3357 1650; x_wconf 88' lang='lat' dir='ltr'><strong>aliis</strong></span> <span class='ocrx_word' id='word_1_200' title='bbox 3412 1611 3536 1650; x_wconf 78' lang='lat' dir='ltr'><strong>cum</strong></span> 
     </span>
    </p>
   </div>
   <div class='ocr_carea' id='block_1_32' title="bbox 1962 1686 3535 1758">
    <p class='ocr_par' dir='ltr' id='par_1_32' title="bbox 1962 1686 3535 1758">
     <span class='ocr_line' id='line_1_32' title="bbox 1962 1686 3535 1758; baseline 0.005 -22"><span class='ocrx_word' id='word_1_201' title='bbox 1962 1686 2287 1738; x_wconf 86' lang='lat' dir='ltr'><strong>auctoritate</strong></span> <span class='ocrx_word' id='word_1_202' title='bbox 2322 1687 2564 1751; x_wconf 61' lang='grc' dir='ltr'>ιιι-πίθοιὶ</span> <span class='ocrx_word' id='word_1_203' title='bbox 2601 1699 2750 1743; x_wconf 86' lang='lat' dir='ltr'><strong>sunt.</strong></span> <span class='ocrx_word' id='word_1_204' title='bbox 2788 1689 2843 1742; x_wconf 84' lang='lat' dir='ltr'><strong>Si</strong></span> <span class='ocrx_word' id='word_1_205' title='bbox 2879 1690 3002 1758; x_wconf 85' lang='lat' dir='ltr'><strong>quis</strong></span> <span class='ocrx_word' id='word_1_206' title='bbox 3049 1700 3229 1744; x_wconf 88' lang='lat' dir='ltr'><strong>autem</strong></span> <span class='ocrx_word' id='word_1_207' title='bbox 3256 1688 3323 1743; x_wconf 87' lang='lat' dir='ltr'><strong>ad</strong></span> <span class='ocrx_word' id='word_1_208' title='bbox 3357 1698 3535 1744; x_wconf 85' lang='lat' dir='ltr'><strong>trans-</strong></span> 
     </span>
    </p>
   </div>
   <div class='ocr_carea' id='block_1_33' title="bbox 1959 1777 3537 1849">
    <p class='ocr_par' dir='ltr' id='par_1_33' title="bbox 1959 1777 3537 1849">
     <span class='ocr_line' id='line_1_33' title="bbox 1959 1777 3537 1849; baseline 0.003 -19"><span class='ocrx_word' id='word_1_209' title='bbox 1959 1778 2166 1830; x_wconf 86' lang='lat' dir='ltr'><strong>marina</strong></span> <span class='ocrx_word' id='word_1_210' title='bbox 2197 1777 2422 1847; x_wconf 79' lang='lat' dir='ltr'><strong>judicia,</strong></span> <span class='ocrx_word' id='word_1_211' title='bbox 2451 1780 2550 1834; x_wconf 82' lang='lat' dir='ltr'><strong>boe</strong></span> <span class='ocrx_word' id='word_1_212' title='bbox 2581 1789 2686 1843; x_wconf 85' lang='lat' dir='ltr'><strong>est.</strong></span> <span class='ocrx_word' id='word_1_213' title='bbox 2721 1782 2786 1833; x_wconf 88' lang='lat' dir='ltr'><strong>ad</strong></span> <span class='ocrx_word' id='word_1_214' title='bbox 2839 1780 3005 1834; x_wconf 66' lang='lat' dir='ltr'><strong>italiae</strong></span> <span class='ocrx_word' id='word_1_215' title='bbox 3030 1783 3335 1849; x_wconf 86' lang='lat' dir='ltr'><strong>episcopos.</strong></span> <span class='ocrx_word' id='word_1_216' title='bbox 3365 1781 3446 1835; x_wconf 89' lang='lat' dir='ltr'><strong>vel</strong></span> <span class='ocrx_word' id='word_1_217' title='bbox 3472 1782 3537 1836; x_wconf 88' lang='lat' dir='ltr'><strong>ad</strong></span> 
     </span>
    </p>
   </div>
   <div class='ocr_carea' id='block_1_34' title="bbox 266 1857 1860 1940">
    <p class='ocr_par' dir='ltr' id='par_1_34' title="bbox 266 1857 1850 1929">
     <span class='ocr_line' id='line_1_34' title="bbox 266 1857 1850 1929; baseline 0 -17"><span class='ocrx_word' id='word_1_218' title='bbox 266 1859 368 1926; x_wconf 76' lang='grc' dir='ltr'>τῆς</span> <span class='ocrx_word' id='word_1_219' title='bbox 402 1857 685 1926; x_wconf 87' lang='grc' dir='ltr'>θαλάσσης</span> <span class='ocrx_word' id='word_1_220' title='bbox 713 1857 1148 1921; x_wconf 73' lang='grc' dir='ltr'>ἐκκαλέσασθαι,</span> <span class='ocrx_word' id='word_1_221' title='bbox 1195 1860 1365 1927; x_wconf 73' lang='grc' dir='ltr'>ἦγουν</span> <span class='ocrx_word' id='word_1_222' title='bbox 1409 1859 1547 1927; x_wconf 81' lang='grc' dir='ltr'>πρὸς</span> <span class='ocrx_word' id='word_1_223' title='bbox 1592 1862 1719 1923; x_wconf 77' lang='grc' dir='ltr'>τοὺς</span> <span class='ocrx_word' id='word_1_224' title='bbox 1751 1862 1850 1929; x_wconf 83' lang='grc' dir='ltr'><strong>τῆς</strong></span> 
     </span>
    </p>
   </div>
   <div class='ocr_carea' id='block_1_35' title="bbox 1966 1857 3541 1940">
    <p class='ocr_par' dir='ltr' id='par_1_35' title="bbox 1966 1867 3541 1940">
     <span class='ocr_line' id='line_1_35' title="bbox 1966 1867 3541 1940; baseline 0.004 -20"><span class='ocrx_word' id='word_1_225' title='bbox 1966 1867 2121 1923; x_wconf 68' lang='lat' dir='ltr'><strong>italia:</strong></span> <span class='ocrx_word' id='word_1_226' title='bbox 2149 1870 2415 1940; x_wconf 83' lang='lat' dir='ltr'><strong>synodum</strong></span> <span class='ocrx_word' id='word_1_227' title='bbox 2445 1887 2740 1938; x_wconf 85' lang='lat' dir='ltr'><strong>provocare</strong></span> <span class='ocrx_word' id='word_1_228' title='bbox 2763 1872 2913 1934; x_wconf 89' lang='lat' dir='ltr'><strong>velit.</strong></span> <span class='ocrx_word' id='word_1_229' title='bbox 2951 1887 2979 1925; x_wconf 88' lang='lat' dir='ltr'><strong>a</strong></span> <span class='ocrx_word' id='word_1_230' title='bbox 3015 1871 3423 1939; x_wconf 88' lang='lat' dir='ltr'><strong>communione,</strong></span> <span class='ocrx_word' id='word_1_231' title='bbox 3453 1872 3541 1927; x_wconf 84' lang='lat' dir='ltr'><strong>in-</strong></span> 
     </span>
    </p>
   </div>
   <div class='ocr_carea' id='block_1_36' title="bbox 282 1948 1859 2019">
    <p class='ocr_par' dir='ltr' id='par_1_36' title="bbox 282 1948 1859 2019">
     <span class='ocr_line' id='line_1_36' title="bbox 282 1948 1859 2019; baseline 0.002 -18"><span class='ocrx_word' id='word_1_232' title='bbox 282 1949 523 2011; x_wconf 76' lang='grc' dir='ltr'>Ἰταλίας</span> <span class='ocrx_word' id='word_1_233' title='bbox 555 1948 894 2008; x_wconf 73' lang='grc' dir='ltr'><strong>ἐπισκόπους</strong></span> <span class='ocrx_word' id='word_1_234' title='bbox 929 1950 1022 2002; x_wconf 84' lang='grc' dir='ltr'>καὶ</span> <span class='ocrx_word' id='word_1_235' title='bbox 1054 1950 1153 2019; x_wconf 79' lang='grc' dir='ltr'>τὴν</span> <span class='ocrx_word' id='word_1_236' title='bbox 1203 1950 1322 2001; x_wconf 77' lang='grc' dir='ltr'>ἐκεῖ</span> <span class='ocrx_word' id='word_1_237' title='bbox 1355 1949 1596 2012; x_wconf 73' lang='grc' dir='ltr'>σύνοδον,</span> <span class='ocrx_word' id='word_1_238' title='bbox 1627 1951 1859 2004; x_wconf 81' lang='grc' dir='ltr'>ἀκοινώ-</span> 
     </span>
    </p>
   </div>
   <div class='ocr_carea' id='block_1_37' title="bbox 269 2040 1851 2112">
    <p class='ocr_par' dir='ltr' id='par_1_37' title="bbox 269 2040 1851 2112">
     <span class='ocr_line' id='line_1_37' title="bbox 269 2040 1851 2112; baseline 0.004 -20"><span class='ocrx_word' id='word_1_239' title='bbox 269 2058 455 2109; x_wconf 74' lang='grc' dir='ltr'>νητος,</span> <span class='ocrx_word' id='word_1_240' title='bbox 512 2040 698 2111; x_wconf 67' lang='grc' dir='ltr'>φησιν,</span> <span class='ocrx_word' id='word_1_241' title='bbox 745 2041 861 2112; x_wconf 70' lang='grc' dir='ltr'>ἤτω</span> <span class='ocrx_word' id='word_1_242' title='bbox 908 2041 1063 2111; x_wconf 73' lang='grc' dir='ltr'>παρὰ</span> <span class='ocrx_word' id='word_1_243' title='bbox 1099 2044 1166 2110; x_wconf 73' lang='grc' dir='ltr'><strong>τῇ</strong></span> <span class='ocrx_word' id='word_1_244' title='bbox 1224 2043 1429 2112; x_wconf 84' lang='grc' dir='ltr'><strong>συνόδῳ</strong></span> <span class='ocrx_word' id='word_1_245' title='bbox 1489 2043 1590 2109; x_wconf 81' lang='grc' dir='ltr'>τῆς</span> <span class='ocrx_word' id='word_1_246' title='bbox 1661 2043 1851 2112; x_wconf 74' lang='grc' dir='ltr'>’Δφριο</span> 
     </span>
    </p>
   </div>
   <div class='ocr_carea' id='block_1_38' title="bbox 271 2136 398 2197">
    <p class='ocr_par' dir='ltr' id='par_1_38' title="bbox 271 2136 398 2197">
     <span class='ocr_line' id='line_1_38' title="bbox 271 2136 398 2197; baseline 0.008 -11"><span class='ocrx_word' id='word_1_247' title='bbox 271 2136 398 2197; x_wconf 72' lang='grc' dir='ltr'><strong>κῆς.</strong></span> 
     </span>
    </p>
   </div>
   <div class='ocr_carea' id='block_1_39' title="bbox 268 2232 1860 2305">
    <p class='ocr_par' dir='ltr' id='par_1_39' title="bbox 268 2232 1860 2305">
     <span class='ocr_line' id='line_1_39' title="bbox 268 2232 1860 2305; baseline 0.001 -22"><span class='ocrx_word' id='word_1_248' title='bbox 268 2232 498 2285; x_wconf 78' lang='grc' dir='ltr'><strong>ΑΡΙΣΤ.</strong></span> <span class='ocrx_word' id='word_1_249' title='bbox 576 2250 594 2282; x_wconf 79' lang='grc' dir='ltr'>ι</span> <span class='ocrx_word' id='word_1_250' title='bbox 635 2233 1018 2305; x_wconf 76' lang='grc' dir='ltr'>Πρεσϐύτερος</span> <span class='ocrx_word' id='word_1_251' title='bbox 1071 2234 1165 2287; x_wconf 66' lang='grc' dir='ltr'>καὶ</span> <span class='ocrx_word' id='word_1_252' title='bbox 1221 2234 1496 2297; x_wconf 86' lang='grc' dir='ltr'>διάκονος,</span> <span class='ocrx_word' id='word_1_253' title='bbox 1551 2234 1860 2303; x_wconf 61' lang='grc' dir='ltr'>ἐπιμεμφό-</span> 
     </span>
    </p>
   </div>
   <div class='ocr_carea' id='block_1_40' title="bbox 351 2325 1860 2394">
    <p class='ocr_par' dir='ltr' id='par_1_40' title="bbox 351 2325 1860 2394">
     <span class='ocr_line' id='line_1_40' title="bbox 351 2325 1860 2394; baseline 0.002 -22"><span class='ocrx_word' id='word_1_254' title='bbox 351 2341 368 2372; x_wconf 82' lang='grc' dir='ltr'><strong>ι</strong></span> <span class='ocrx_word' id='word_1_255' title='bbox 412 2340 564 2392; x_wconf 84' lang='grc' dir='ltr'>μενοι</span> <span class='ocrx_word' id='word_1_256' title='bbox 607 2326 920 2394; x_wconf 79' lang='grc' dir='ltr'>ἐπισκόπῳ,</span> <span class='ocrx_word' id='word_1_257' title='bbox 957 2325 1202 2392; x_wconf 81' lang='grc' dir='ltr'><strong>γείτοσιν</strong></span> <span class='ocrx_word' id='word_1_258' title='bbox 1230 2325 1556 2388; x_wconf 78' lang='grc' dir='ltr'>ἐπισκόποις</span> <span class='ocrx_word' id='word_1_259' title='bbox 1607 2325 1860 2391; x_wconf 76' lang='grc' dir='ltr'>ἐγκαλεί-</span> 
     </span>
    </p>
   </div>
   <div class='ocr_carea' id='block_1_41' title="bbox 354 2415 1854 2486">
    <p class='ocr_par' dir='ltr' id='par_1_41' title="bbox 354 2415 1854 2486">
     <span class='ocr_line' id='line_1_41' title="bbox 354 2415 1854 2486; baseline 0.002 -20"><span class='ocrx_word' id='word_1_260' title='bbox 354 2435 372 2466; x_wconf 75' lang='grc' dir='ltr'><strong>σ</strong></span> <span class='ocrx_word' id='word_1_261' title='bbox 405 2432 628 2468; x_wconf 80' lang='grc' dir='ltr'>τωσαν”</span> <span class='ocrx_word' id='word_1_262' title='bbox 680 2416 816 2468; x_wconf 81' lang='grc' dir='ltr'>ἀλλὰ</span> <span class='ocrx_word' id='word_1_263' title='bbox 869 2417 944 2486; x_wconf 80' lang='grc' dir='ltr'>μὴ</span> <span class='ocrx_word' id='word_1_264' title='bbox 1003 2416 1065 2469; x_wconf 84' lang='grc' dir='ltr'>τὸ</span> <span class='ocrx_word' id='word_1_265' title='bbox 1115 2415 1355 2483; x_wconf 78' lang='grc' dir='ltr'>πέλαγος</span> <span class='ocrx_word' id='word_1_266' title='bbox 1415 2416 1854 2485; x_wconf 85' lang='grc' dir='ltr'>διαπεράτωσαν.</span> 
     </span>
    </p>
   </div>
   <div class='ocr_carea' id='block_1_42' title="bbox 352 2507 1674 2577">
    <p class='ocr_par' dir='ltr' id='par_1_42' title="bbox 352 2507 1674 2577">
     <span class='ocr_line' id='line_1_42' title="bbox 352 2507 1674 2577; baseline 0.002 -21"><span class='ocrx_word' id='word_1_267' title='bbox 352 2526 369 2556; x_wconf 81' lang='lat' dir='ltr'><strong>r</strong></span> <span class='ocrx_word' id='word_1_268' title='bbox 425 2507 810 2573; x_wconf 82' lang='grc' dir='ltr'>Ἀκοινώνητοι</span> <span class='ocrx_word' id='word_1_269' title='bbox 851 2508 959 2574; x_wconf 86' lang='grc' dir='ltr'><strong>γὰρ</strong></span> <span class='ocrx_word' id='word_1_270' title='bbox 991 2508 1287 2560; x_wconf 78' lang='grc' dir='ltr'>ἔσονταιὲν</span> <span class='ocrx_word' id='word_1_271' title='bbox 1332 2509 1601 2577; x_wconf 75' lang='grc' dir='ltr'>Ἀφρικῇ.</span> <span class='ocrx_word' id='word_1_272' title='bbox 1656 2525 1674 2557; x_wconf 74' lang='grc' dir='ltr'><strong>ι</strong></span> 
     </span>
    </p>
   </div>
   <div class='ocr_carea' id='block_1_43' title="bbox 340 2597 1859 2668">
    <p class='ocr_par' dir='ltr' id='par_1_43' title="bbox 340 2597 1859 2668">
     <span class='ocr_line' id='line_1_43' title="bbox 340 2597 1859 2668; baseline 0.001 -19"><span class='ocrx_word' id='word_1_273' title='bbox 340 2597 517 2650; x_wconf 77' lang='grc' dir='ltr'>Τοῦτο</span> <span class='ocrx_word' id='word_1_274' title='bbox 576 2597 672 2651; x_wconf 66' lang='grc' dir='ltr'>καὶ</span> <span class='ocrx_word' id='word_1_275' title='bbox 739 2600 796 2650; x_wconf 82' lang='grc' dir='ltr'>ἐν</span> <span class='ocrx_word' id='word_1_276' title='bbox 869 2601 947 2668; x_wconf 80' lang='grc' dir='ltr'><strong>τῷ</strong></span> <span class='ocrx_word' id='word_1_277' title='bbox 1000 2598 1234 2668; x_wconf 76' lang='grc' dir='ltr'>εἰκοστῷ</span> <span class='ocrx_word' id='word_1_278' title='bbox 1301 2599 1473 2668; x_wconf 80' lang='grc' dir='ltr'><strong>ὀγδόῳ</strong></span> <span class='ocrx_word' id='word_1_279' title='bbox 1529 2601 1714 2652; x_wconf 84' lang='grc' dir='ltr'>κανόνι</span> <span class='ocrx_word' id='word_1_280' title='bbox 1761 2601 1859 2667; x_wconf 75' lang='grc' dir='ltr'>τῆς</span> 
     </span>
    </p>
   </div>
   <div class='ocr_carea' id='block_1_44' title="bbox 275 2688 1858 2760">
    <p class='ocr_par' dir='ltr' id='par_1_44' title="bbox 275 2688 1858 2760">
     <span class='ocr_line' id='line_1_44' title="bbox 275 2688 1858 2760; baseline -0.001 -19"><span class='ocrx_word' id='word_1_281' title='bbox 275 2689 560 2757; x_wconf 74' lang='grc' dir='ltr'>παρούσης</span> <span class='ocrx_word' id='word_1_282' title='bbox 590 2690 810 2742; x_wconf 78' lang='grc' dir='ltr'>συνόδου</span> <span class='ocrx_word' id='word_1_283' title='bbox 848 2690 1084 2758; x_wconf 83' lang='grc' dir='ltr'>ὡρίσθη.</span> <span class='ocrx_word' id='word_1_284' title='bbox 1128 2691 1189 2743; x_wconf 81' lang='grc' dir='ltr'>τὸ</span> <span class='ocrx_word' id='word_1_285' title='bbox 1221 2693 1294 2760; x_wconf 84' lang='grc' dir='ltr'>μή</span> <span class='ocrx_word' id='word_1_286' title='bbox 1324 2709 1446 2743; x_wconf 74' lang='grc' dir='ltr'>τινα</span> <span class='ocrx_word' id='word_1_287' title='bbox 1481 2688 1858 2760; x_wconf 81' lang='grc' dir='ltr'>πρεσϐύτερον</span> 
     </span>
    </p>
   </div>
   <div class='ocr_carea' id='block_1_45' title="bbox 274 2780 1862 2850">
    <p class='ocr_par' dir='ltr' id='par_1_45' title="bbox 274 2780 1862 2850">
     <span class='ocr_line' id='line_1_45' title="bbox 274 2780 1862 2850; baseline 0.001 -17"><span class='ocrx_word' id='word_1_288' title='bbox 274 2782 306 2848; x_wconf 82' lang='grc' dir='ltr'>ἢ</span> <span class='ocrx_word' id='word_1_289' title='bbox 341 2781 614 2840; x_wconf 78' lang='grc' dir='ltr'>διάκονον,</span> <span class='ocrx_word' id='word_1_290' title='bbox 656 2780 806 2850; x_wconf 71' lang='grc' dir='ltr'>παρὰ</span> <span class='ocrx_word' id='word_1_291' title='bbox 853 2780 947 2834; x_wconf 82' lang='grc' dir='ltr'>τοῦ</span> <span class='ocrx_word' id='word_1_292' title='bbox 1005 2781 1137 2834; x_wconf 80' lang='grc' dir='ltr'>ιδῐου</span> <span class='ocrx_word' id='word_1_293' title='bbox 1195 2783 1499 2835; x_wconf 80' lang='grc' dir='ltr'>ἐπισκόπου</span> <span class='ocrx_word' id='word_1_294' title='bbox 1562 2782 1862 2835; x_wconf 86' lang='grc' dir='ltr'>καταδικα-</span> 
     </span>
    </p>
   </div>
   <div class='ocr_carea' id='block_1_46' title="bbox 274 2870 1860 2941">
    <p class='ocr_par' dir='ltr' id='par_1_46' title="bbox 274 2870 1860 2941">
     <span class='ocr_line' id='line_1_46' title="bbox 274 2870 1860 2941; baseline 0 -18"><span class='ocrx_word' id='word_1_295' title='bbox 274 2870 495 2931; x_wconf 73' lang='grc' dir='ltr'>σθέντα.</span> <span class='ocrx_word' id='word_1_296' title='bbox 547 2872 638 2922; x_wconf 71' lang='grc' dir='ltr'><strong>καὶ</strong></span> <span class='ocrx_word' id='word_1_297' title='bbox 671 2874 770 2940; x_wconf 84' lang='grc' dir='ltr'>τὴν</span> <span class='ocrx_word' id='word_1_298' title='bbox 821 2873 1007 2939; x_wconf 80' lang='grc' dir='ltr'>κρίσιν</span> <span class='ocrx_word' id='word_1_299' title='bbox 1035 2913 1043 2921; x_wconf 84' lang='grc'>.</span> <span class='ocrx_word' id='word_1_300' title='bbox 1069 2873 1547 2941; x_wconf 69' lang='grc' dir='ltr'>ἐπιμεμφόμενον,</span> <span class='ocrx_word' id='word_1_301' title='bbox 1581 2873 1678 2924; x_wconf 72' lang='grc' dir='ltr'>καὶ</span> <span class='ocrx_word' id='word_1_302' title='bbox 1717 2873 1860 2925; x_wconf 83' lang='grc' dir='ltr'>κατὰ</span> 
     </span>
    </p>
   </div>
   <div class='ocr_carea' id='block_1_47' title="bbox 275 2965 1860 3038">
    <p class='ocr_par' dir='ltr' id='par_1_47' title="bbox 275 2965 1860 3038">
     <span class='ocr_line' id='line_1_47' title="bbox 275 2965 1860 3038; baseline 0.003 -22"><span class='ocrx_word' id='word_1_303' title='bbox 275 2965 487 3031; x_wconf 63' lang='grc' dir='ltr'>ταύτης</span> <span class='ocrx_word' id='word_1_304' title='bbox 547 2965 903 3018; x_wconf 72' lang='grc' dir='ltr'>ἐκκαλεῖσθαι</span> <span class='ocrx_word' id='word_1_305' title='bbox 957 2965 1308 3036; x_wconf 84' lang='grc' dir='ltr'>βουλόμενον,</span> <span class='ocrx_word' id='word_1_306' title='bbox 1354 2969 1414 3020; x_wconf 79' lang='grc' dir='ltr'>τὸ</span> <span class='ocrx_word' id='word_1_307' title='bbox 1460 2967 1699 3036; x_wconf 81' lang='grc' dir='ltr'>πέλαγος</span> <span class='ocrx_word' id='word_1_308' title='bbox 1758 2969 1860 3038; x_wconf 78' lang='grc' dir='ltr'>τῆς</span> 
     </span>
    </p>
   </div>
   <div class='ocr_carea' id='block_1_48' title="bbox 287 3055 1860 3130">
    <p class='ocr_par' dir='ltr' id='par_1_48' title="bbox 287 3055 1860 3130">
     <span class='ocr_line' id='line_1_48' title="bbox 287 3055 1860 3130; baseline 0.003 -24"><span class='ocrx_word' id='word_1_309' title='bbox 287 3055 562 3125; x_wconf 66' lang='grc' dir='ltr'>Ἀ’ςρικῆς</span> <span class='ocrx_word' id='word_1_310' title='bbox 609 3057 898 3125; x_wconf 76' lang='grc' dir='ltr'><strong>διαπερᾶν,</strong></span> <span class='ocrx_word' id='word_1_311' title='bbox 939 3062 1032 3110; x_wconf 76' lang='grc' dir='ltr'><strong>καὶ</strong></span> <span class='ocrx_word' id='word_1_312' title='bbox 1067 3061 1196 3130; x_wconf 70' lang='grc' dir='ltr'>περὶ</span> <span class='ocrx_word' id='word_1_313' title='bbox 1235 3063 1443 3130; x_wconf 77' lang='grc' dir='ltr'>ταύτης</span> <span class='ocrx_word' id='word_1_314' title='bbox 1478 3061 1578 3127; x_wconf 81' lang='grc' dir='ltr'>τῆς</span> <span class='ocrx_word' id='word_1_315' title='bbox 1636 3062 1860 3130; x_wconf 77' lang='grc' dir='ltr'>Ῥώμης</span> 
     </span>
    </p>
   </div>
   <div class='ocr_carea' id='block_1_49' title="bbox 276 3147 1858 3218">
    <p class='ocr_par' dir='ltr' id='par_1_49' title="bbox 276 3147 1858 3218">
     <span class='ocr_line' id='line_1_49' title="bbox 276 3147 1858 3218; baseline 0.003 -20"><span class='ocrx_word' id='word_1_316' title='bbox 276 3147 710 3218; x_wconf 65' lang='grc' dir='ltr'><strong>προσέρχεσθαι,</strong></span> <span class='ocrx_word' id='word_1_317' title='bbox 765 3149 900 3203; x_wconf 79' lang='grc' dir='ltr'>ἀλλὰ</span> <span class='ocrx_word' id='word_1_318' title='bbox 961 3153 1076 3212; x_wconf 84' lang='grc' dir='ltr'>τοῖς</span> <span class='ocrx_word' id='word_1_319' title='bbox 1126 3151 1370 3218; x_wconf 75' lang='grc' dir='ltr'>γείτοσιν</span> <span class='ocrx_word' id='word_1_320' title='bbox 1435 3150 1687 3213; x_wconf 72' lang='grc' dir='ltr'>ἐγκαλεῖν</span> <span class='ocrx_word' id='word_1_321' title='bbox 1735 3151 1858 3203; x_wconf 72' lang='grc' dir='ltr'><strong>ἑπι-</strong></span> 
     </span>
    </p>
   </div>
   <div class='ocr_carea' id='block_1_50' title="bbox 278 3240 1853 3310">
    <p class='ocr_par' dir='ltr' id='par_1_50' title="bbox 278 3240 1853 3310">
     <span class='ocr_line' id='line_1_50' title="bbox 278 3240 1853 3310; baseline 0.001 -20"><span class='ocrx_word' id='word_1_322' title='bbox 278 3240 531 3301; x_wconf 72' lang='grc' dir='ltr'>σκόπιιις,</span> <span class='ocrx_word' id='word_1_323' title='bbox 566 3241 662 3291; x_wconf 68' lang='grc' dir='ltr'>καὶ</span> <span class='ocrx_word' id='word_1_324' title='bbox 697 3242 828 3308; x_wconf 85' lang='grc' dir='ltr'>παρ’</span> <span class='ocrx_word' id='word_1_325' title='bbox 885 3242 1069 3304; x_wconf 74' lang='grc' dir='ltr'>αὐτοῖς</span> <span class='ocrx_word' id='word_1_326' title='bbox 1096 3241 1402 3310; x_wconf 77' lang='grc' dir='ltr'>γυμνάζειν</span> <span class='ocrx_word' id='word_1_327' title='bbox 1432 3241 1531 3309; x_wconf 79' lang='grc' dir='ltr'>τὴν</span> <span class='ocrx_word' id='word_1_328' title='bbox 1569 3240 1853 3308; x_wconf 67' lang='grc' dir='ltr'>ἔκκλητονθ</span> 
     </span>
    </p>
   </div>
   <div class='ocr_carea' id='block_1_51' title="bbox 281 3326 1858 3400">
    <p class='ocr_par' dir='ltr' id='par_1_51' title="bbox 281 3326 1858 3400">
     <span class='ocr_line' id='line_1_51' title="bbox 281 3326 1858 3400; baseline 0.001 -20"><span class='ocrx_word' id='word_1_329' title='bbox 281 3333 332 3381; x_wconf 79' lang='grc' dir='ltr'>εἰ</span> <span class='ocrx_word' id='word_1_330' title='bbox 384 3331 442 3381; x_wconf 80' lang='grc' dir='ltr'>δὲ</span> <span class='ocrx_word' id='word_1_331' title='bbox 477 3331 572 3399; x_wconf 85' lang='grc' dir='ltr'><strong>μὴ.</strong></span> <span class='ocrx_word' id='word_1_332' title='bbox 626 3331 990 3400; x_wconf 82' lang='grc' dir='ltr'>ἀκοινώνητον</span> <span class='ocrx_word' id='word_1_333' title='bbox 1039 3326 1179 3383; x_wconf 78' lang='grc' dir='ltr'>εἶναι</span> <span class='ocrx_word' id='word_1_334' title='bbox 1234 3332 1289 3381; x_wconf 79' lang='grc' dir='ltr'>ἐν</span> <span class='ocrx_word' id='word_1_335' title='bbox 1320 3330 1578 3399; x_wconf 78' lang='grc' dir='ltr'>Ἀφρ;κῇ.</span> <span class='ocrx_word' id='word_1_336' title='bbox 1612 3330 1780 3381; x_wconf 79' lang='grc' dir='ltr'>Τοῦτο</span> <span class='ocrx_word' id='word_1_337' title='bbox 1804 3330 1858 3381; x_wconf 75' lang='grc' dir='ltr'>δὲ</span> 
     </span>
    </p>
   </div>
   <div class='ocr_carea' id='block_1_52' title="bbox 278 3419 1858 3490">
    <p class='ocr_par' dir='ltr' id='par_1_52' title="bbox 278 3419 1858 3490">
     <span class='ocr_line' id='line_1_52' title="bbox 278 3419 1858 3490; baseline -0.001 -18"><span class='ocrx_word' id='word_1_338' title='bbox 278 3422 551 3488; x_wconf 66' lang='grc' dir='ltr'>ῒκωλύοη,</span> <span class='ocrx_word' id='word_1_339' title='bbox 605 3421 678 3484; x_wconf 83' lang='grc' dir='ltr'>ὡς</span> <span class='ocrx_word' id='word_1_340' title='bbox 726 3419 904 3490; x_wconf 79' lang='grc' dir='ltr'>οἶμαι,</span> <span class='ocrx_word' id='word_1_341' title='bbox 965 3423 1054 3475; x_wconf 87' lang='grc' dir='ltr'><strong>διά</strong></span> <span class='ocrx_word' id='word_1_342' title='bbox 1101 3439 1159 3474; x_wconf 92' lang='grc' dir='ltr'><strong>τε</strong></span> <span class='ocrx_word' id='word_1_343' title='bbox 1217 3422 1342 3482; x_wconf 75' lang='grc' dir='ltr'>τοὺς</span> <span class='ocrx_word' id='word_1_344' title='bbox 1381 3421 1524 3472; x_wconf 75' lang='grc' dir='ltr'>κατὰ</span> <span class='ocrx_word' id='word_1_345' title='bbox 1580 3421 1858 3471; x_wconf 81' lang='grc' dir='ltr'>θάλασσαν</span> 
     </span>
    </p>
   </div>
   <div class='ocr_carea' id='block_1_53' title="bbox 277 3497 1859 3585">
    <p class='ocr_par' dir='ltr' id='par_1_53' title="bbox 277 3497 1859 3585">
     <span class='ocr_line' id='line_1_53' title="bbox 277 3497 1859 3585; baseline -0.001 -19"><span class='ocrx_word' id='word_1_346' title='bbox 277 3513 588 3575; x_wconf 72' lang='grc' dir='ltr'>κινδύνους,</span> <span class='ocrx_word' id='word_1_347' title='bbox 611 3516 699 3566; x_wconf 70' lang='grc' dir='ltr'>καὶ</span> <span class='ocrx_word' id='word_1_348' title='bbox 722 3514 783 3566; x_wconf 81' lang='grc' dir='ltr'>τὸ</span> <span class='ocrx_word' id='word_1_349' title='bbox 813 3497 887 3585; x_wconf 59' lang='grc' dir='ltr'><strong>μὴ</strong></span> <span class='ocrx_word' id='word_1_350' title='bbox 919 3514 1214 3583; x_wconf 75' lang='grc' dir='ltr'>συντριϐἁς</span> <span class='ocrx_word' id='word_1_351' title='bbox 1246 3512 1580 3580; x_wconf 72' lang='grc' dir='ltr'>ὑφίστασθαι</span> <span class='ocrx_word' id='word_1_352' title='bbox 1605 3512 1700 3564; x_wconf 77' lang='grc' dir='ltr'>καὶ</span> <span class='ocrx_word' id='word_1_353' title='bbox 1733 3529 1859 3564; x_wconf 78' lang='grc' dir='ltr'>και·-</span> 
     </span>
    </p>
   </div>
   <div class='ocr_carea' id='block_1_54' title="bbox 279 3603 1863 3677">
    <p class='ocr_par' dir='ltr' id='par_1_54' title="bbox 279 3603 1863 3677">
     <span class='ocr_line' id='line_1_54' title="bbox 279 3603 1863 3677; baseline -0.003 -19"><span class='ocrx_word' id='word_1_354' title='bbox 279 3610 549 3676; x_wconf 82' lang='grc' dir='ltr'>νοτομιας</span> <span class='ocrx_word' id='word_1_355' title='bbox 572 3607 637 3658; x_wconf 78' lang='grc' dir='ltr'>τὰ</span> <span class='ocrx_word' id='word_1_356' title='bbox 669 3607 813 3677; x_wconf 80' lang='grc' dir='ltr'>μέρη</span> <span class='ocrx_word' id='word_1_357' title='bbox 849 3608 934 3659; x_wconf 78' lang='grc' dir='ltr'><strong>διὰ</strong></span> <span class='ocrx_word' id='word_1_358' title='bbox 959 3606 1058 3677; x_wconf 81' lang='grc' dir='ltr'>τὴν</span> <span class='ocrx_word' id='word_1_359' title='bbox 1085 3609 1174 3659; x_wconf 73' lang='grc' dir='ltr'><strong>ἐπὶ</strong></span> <span class='ocrx_word' id='word_1_360' title='bbox 1205 3605 1362 3675; x_wconf 78' lang='grc' dir='ltr'>ξένης</span> <span class='ocrx_word' id='word_1_361' title='bbox 1389 3603 1608 3674; x_wconf 73' lang='grc' dir='ltr'>μακρὰν</span> <span class='ocrx_word' id='word_1_362' title='bbox 1662 3603 1863 3672; x_wconf 79' lang='grc' dir='ltr'>ἀποδη-</span> 
     </span>
    </p>
   </div>
   <div class='ocr_carea' id='block_1_55' title="bbox 283 3697 440 3766">
    <p class='ocr_par' dir='ltr' id='par_1_55' title="bbox 283 3697 440 3766">
     <span class='ocr_line' id='line_1_55' title="bbox 283 3697 440 3766; baseline 0.006 -18"><span class='ocrx_word' id='word_1_363' title='bbox 283 3697 440 3766; x_wconf 76' lang='grc' dir='ltr'>μίαν.</span> 
     </span>
    </p>
   </div>
   <div class='ocr_carea' id='block_1_56' title="bbox 823 3785 1260 3842">
    <p class='ocr_par' dir='ltr' id='par_1_56' title="bbox 823 3785 1260 3842">
     <span class='ocr_line' id='line_1_56' title="bbox 823 3785 1260 3842; baseline -0.005 0"><span class='ocrx_word' id='word_1_364' title='bbox 823 3787 1056 3842; x_wconf 73' lang='grc' dir='ltr'><strong>ΚΑΝΩΝ</strong></span> <span class='ocrx_word' id='word_1_365' title='bbox 1086 3785 1260 3840; x_wconf 82' lang='grc' dir='ltr'><strong>ΡΚΖ’.</strong></span> 
     </span>
    </p>
   </div>
   <div class='ocr_carea' id='block_1_57' title="bbox 285 3875 1862 3951">
    <p class='ocr_par' dir='ltr' id='par_1_57' title="bbox 285 3875 1862 3951">
     <span class='ocr_line' id='line_1_57' title="bbox 285 3875 1862 3951; baseline -0.003 -18"><span class='ocrx_word' id='word_1_366' title='bbox 285 3899 304 3933; x_wconf 69' lang='grc' dir='ltr'>ι</span> <span class='ocrx_word' id='word_1_367' title='bbox 344 3882 480 3950; x_wconf 66' lang='grc' dir='ltr'>Περὶ</span> <span class='ocrx_word' id='word_1_368' title='bbox 541 3881 828 3951; x_wconf 80' lang='grc' dir='ltr'>παρθένων</span> <span class='ocrx_word' id='word_1_369' title='bbox 890 3881 1104 3950; x_wconf 79' lang='grc' dir='ltr'>μικρῶν</span> <span class='ocrx_word' id='word_1_370' title='bbox 1190 3880 1270 3932; x_wconf 79' lang='grc' dir='ltr'><strong>ἔτι</strong></span> <span class='ocrx_word' id='word_1_371' title='bbox 1350 3878 1454 3949; x_wconf 79' lang='grc' dir='ltr'>μὴν</span> <span class='ocrx_word' id='word_1_372' title='bbox 1518 3875 1862 3929; x_wconf 83' lang='grc' dir='ltr'>καλυπτέων.</span> 
     </span>
    </p>
   </div>
   <div class='ocr_carea' id='block_1_58' title="bbox 361 3967 1868 4049">
    <p class='ocr_par' dir='ltr' id='par_1_58' title="bbox 361 3967 1868 4049">
     <span class='ocr_line' id='line_1_58' title="bbox 361 3967 1868 4049; baseline -0.003 -26"><span class='ocrx_word' id='word_1_373' title='bbox 361 3992 379 4023; x_wconf 76' lang='grc' dir='ltr'>ι</span> <span class='ocrx_word' id='word_1_374' title='bbox 432 3972 667 4042; x_wconf 78' lang='grc' dir='ltr'>Ὁμοίως</span> <span class='ocrx_word' id='word_1_375' title='bbox 693 3976 916 4043; x_wconf 67' lang='grc' dir='ltr'>ἡρεσεν,</span> <span class='ocrx_word' id='word_1_376' title='bbox 960 3975 1048 4025; x_wconf 77' lang='grc' dir='ltr'><strong>ἵνα</strong></span> <span class='ocrx_word' id='word_1_377' title='bbox 1083 3973 1443 4049; x_wconf 76' lang='grc' dir='ltr'>ὁστισδήποτε</span> <span class='ocrx_word' id='word_1_378' title='bbox 1479 3971 1587 4023; x_wconf 83' lang='grc' dir='ltr'>τῶν</span> <span class='ocrx_word' id='word_1_379' title='bbox 1634 3967 1868 4020; x_wconf 78' lang='grc' dir='ltr'>ἐπισκό-</span> 
     </span>
    </p>
   </div>
   <div class='ocr_carea' id='block_1_59' title="bbox 362 4061 1865 4136">
    <p class='ocr_par' dir='ltr' id='par_1_59' title="bbox 362 4061 1865 4136">
     <span class='ocr_line' id='line_1_59' title="bbox 362 4061 1865 4136; baseline -0.003 -21"><span class='ocrx_word' id='word_1_380' title='bbox 362 4084 380 4115; x_wconf 77' lang='lat'><strong>¢</strong></span> <span class='ocrx_word' id='word_1_381' title='bbox 431 4082 567 4127; x_wconf 86' lang='grc' dir='ltr'>πων,</span> <span class='ocrx_word' id='word_1_382' title='bbox 595 4067 660 4117; x_wconf 83' lang='grc' dir='ltr'><strong>δι’</strong></span> <span class='ocrx_word' id='word_1_383' title='bbox 696 4068 942 4134; x_wconf 77' lang='grc' dir='ltr'>ἀνάγκην</span> <span class='ocrx_word' id='word_1_384' title='bbox 981 4066 1082 4136; x_wconf 78' lang='grc' dir='ltr'>τῆς</span> <span class='ocrx_word' id='word_1_385' title='bbox 1114 4065 1454 4133; x_wconf 75' lang='grc' dir='ltr'>παρθενικῆς</span> <span class='ocrx_word' id='word_1_386' title='bbox 1510 4061 1865 4135; x_wconf 67' lang='grc' dir='ltr'>σωφροσύνης</span> 
     </span>
    </p>
   </div>
   <div class='ocr_carea' id='block_1_60' title="bbox 363 4153 1866 4231">
    <p class='ocr_par' dir='ltr' id='par_1_60' title="bbox 363 4153 1866 4231">
     <span class='ocr_line' id='line_1_60' title="bbox 363 4153 1866 4231; baseline -0.002 -21"><span class='ocrx_word' id='word_1_387' title='bbox 363 4177 380 4209; x_wconf 78' lang='grc' dir='ltr'>ι</span> <span class='ocrx_word' id='word_1_388' title='bbox 426 4160 876 4230; x_wconf 76' lang='grc' dir='ltr'>κινδυνευούσης,</span> <span class='ocrx_word' id='word_1_389' title='bbox 905 4162 995 4214; x_wconf 83' lang='grc' dir='ltr'>ὅτε</span> <span class='ocrx_word' id='word_1_390' title='bbox 1031 4161 1326 4231; x_wconf 78' lang='grc' dir='ltr'>ἢὲραστὴς</span> <span class='ocrx_word' id='word_1_391' title='bbox 1363 4157 1585 4219; x_wconf 77' lang='grc' dir='ltr'>δυνατὸς</span> <span class='ocrx_word' id='word_1_392' title='bbox 1611 4158 1645 4226; x_wconf 81' lang='grc' dir='ltr'>ἢ</span> <span class='ocrx_word' id='word_1_393' title='bbox 1683 4153 1866 4224; x_wconf 70' lang='grc' dir='ltr'>ἅρπαξ</span> 
     </span>
    </p>
   </div>
   <div class='ocr_carea' id='block_1_61' title="bbox 368 4247 1870 4322">
    <p class='ocr_par' dir='ltr' id='par_1_61' title="bbox 368 4247 1870 4322">
     <span class='ocr_line' id='line_1_61' title="bbox 368 4247 1870 4322; baseline -0.003 -21"><span class='ocrx_word' id='word_1_394' title='bbox 368 4270 385 4301; x_wconf 79' lang='grc' dir='ltr'>ι</span> <span class='ocrx_word' id='word_1_395' title='bbox 425 4268 509 4312; x_wconf 83' lang='grc' dir='ltr'><strong>τις</strong></span> <span class='ocrx_word' id='word_1_396' title='bbox 544 4252 689 4303; x_wconf 74' lang='grc' dir='ltr'>ἐστὶν</span> <span class='ocrx_word' id='word_1_397' title='bbox 721 4255 778 4304; x_wconf 80' lang='grc' dir='ltr'>ὲν</span> <span class='ocrx_word' id='word_1_398' title='bbox 814 4252 1038 4322; x_wconf 68' lang='grc' dir='ltr'>ὑποψία,</span> <span class='ocrx_word' id='word_1_399' title='bbox 1072 4253 1103 4320; x_wconf 82' lang='grc' dir='ltr'>ἦ</span> <span class='ocrx_word' id='word_1_400' title='bbox 1139 4254 1218 4303; x_wconf 76' lang='grc' dir='ltr'><strong>ἔτι</strong></span> <span class='ocrx_word' id='word_1_401' title='bbox 1257 4251 1362 4321; x_wconf 75' lang='grc' dir='ltr'>μὴν</span> <span class='ocrx_word' id='word_1_402' title='bbox 1391 4251 1496 4302; x_wconf 85' lang='grc' dir='ltr'><strong>ύπό</strong></span> <span class='ocrx_word' id='word_1_403' title='bbox 1530 4266 1675 4311; x_wconf 81' lang='grc' dir='ltr'>τινος</span> <span class='ocrx_word' id='word_1_404' title='bbox 1705 4247 1870 4298; x_wconf 86' lang='grc' dir='ltr'>θανα-</span> 
     </span>
    </p>
   </div>
   <div class='ocr_carea' id='block_1_62' title="bbox 368 4337 1869 4411">
    <p class='ocr_par' dir='ltr' id='par_1_62' title="bbox 368 4337 1869 4411">
     <span class='ocr_line' id='line_1_62' title="bbox 368 4337 1869 4411; baseline -0.006 -18"><span class='ocrx_word' id='word_1_405' title='bbox 368 4362 385 4393; x_wconf 77' lang='grc' dir='ltr'>ι</span> <span class='ocrx_word' id='word_1_406' title='bbox 425 4341 669 4411; x_wconf 78' lang='grc' dir='ltr'>τηφόρου</span> <span class='ocrx_word' id='word_1_407' title='bbox 693 4342 937 4394; x_wconf 81' lang='grc' dir='ltr'>κινδύνου</span> <span class='ocrx_word' id='word_1_408' title='bbox 976 4340 1122 4408; x_wconf 77' lang='grc' dir='ltr'>αὕτη</span> <span class='ocrx_word' id='word_1_409' title='bbox 1161 4339 1342 4392; x_wconf 78' lang='grc' dir='ltr'>ἔσεται</span> <span class='ocrx_word' id='word_1_410' title='bbox 1369 4337 1649 4407; x_wconf 83' lang='grc' dir='ltr'>νυχθεῖσα,</span> <span class='ocrx_word' id='word_1_411' title='bbox 1686 4349 1869 4402; x_wconf 83' lang='grc' dir='ltr'>παρα-</span> 
     </span>
    </p>
   </div>
   <div class='ocr_carea' id='block_1_63' title="bbox 369 4421 1870 4501">
    <p class='ocr_par' dir='ltr' id='par_1_63' title="bbox 369 4421 1870 4501">
     <span class='ocr_line' id='line_1_63' title="bbox 369 4421 1870 4501; baseline -0.007 -17"><span class='ocrx_word' id='word_1_412' title='bbox 369 4453 388 4484; x_wconf 76' lang='grc' dir='ltr'>ι</span> <span class='ocrx_word' id='word_1_413' title='bbox 435 4431 749 4485; x_wconf 77' lang='grc' dir='ltr'>καλούντων</span> <span class='ocrx_word' id='word_1_414' title='bbox 780 4433 811 4501; x_wconf 85' lang='grc' dir='ltr'>ἢ</span> <span class='ocrx_word' id='word_1_415' title='bbox 847 4432 953 4484; x_wconf 82' lang='grc' dir='ltr'>τῶν</span> <span class='ocrx_word' id='word_1_416' title='bbox 987 4432 1194 4498; x_wconf 78' lang='grc' dir='ltr'>γονέων</span> <span class='ocrx_word' id='word_1_417' title='bbox 1233 4429 1426 4497; x_wconf 81' lang='grc' dir='ltr'>αὐτῆς,</span> <span class='ocrx_word' id='word_1_418' title='bbox 1462 4421 1596 4498; x_wconf 79' lang='grc' dir='ltr'>ἢῶν</span> <span class='ocrx_word' id='word_1_419' title='bbox 1621 4429 1685 4494; x_wconf 78' lang='grc' dir='ltr'>τῇ</span> <span class='ocrx_word' id='word_1_420' title='bbox 1707 4440 1870 4493; x_wconf 84' lang='grc' dir='ltr'>φρον-</span> 
     </span>
    </p>
   </div>
   <div class='ocr_carea' id='block_1_64' title="bbox 376 4517 1945 4607">
    <p class='ocr_par' dir='ltr' id='par_1_64' title="bbox 376 4517 1945 4607">
     <span class='ocr_line' id='line_1_64' title="bbox 376 4517 1945 4607; baseline -0.005 -31"><span class='ocrx_word' id='word_1_421' title='bbox 376 4543 394 4576; x_wconf 78' lang='grc' dir='ltr'>ι</span> <span class='ocrx_word' id='word_1_422' title='bbox 437 4524 540 4577; x_wconf 81' lang='grc' dir='ltr'><strong>τὶδι</strong></span> <span class='ocrx_word' id='word_1_423' title='bbox 566 4524 872 4586; x_wconf 83' lang='grc' dir='ltr'>ἀνάκειται,</span> <span class='ocrx_word' id='word_1_424' title='bbox 904 4522 996 4575; x_wconf 81' lang='grc' dir='ltr'><strong>διὰ</strong></span> <span class='ocrx_word' id='word_1_425' title='bbox 1025 4524 1086 4574; x_wconf 78' lang='grc' dir='ltr'>τὸ</span> <span class='ocrx_word' id='word_1_426' title='bbox 1119 4523 1195 4592; x_wconf 82' lang='grc' dir='ltr'>μὴ</span> <span class='ocrx_word' id='word_1_427' title='bbox 1236 4520 1411 4591; x_wconf 80' lang='grc' dir='ltr'>χωρὶς</span> <span class='ocrx_word' id='word_1_428' title='bbox 1462 4517 1556 4571; x_wconf 82' lang='grc' dir='ltr'>τοῦ</span> <span class='ocrx_word' id='word_1_429' title='bbox 1591 4518 1868 4607; x_wconf 78' lang='grc' dir='ltr'>σχήματος</span> <span class='ocrx_word' id='word_1_430' title='bbox 1900 4549 1945 4607; x_wconf 80' lang='lat' dir='ltr'><strong>D</strong></span> 
     </span>
    </p>
   </div>
   <div class='ocr_carea' id='block_1_65' title="bbox 363 4606 1867 4682">
    <p class='ocr_par' dir='ltr' id='par_1_65' title="bbox 363 4606 1867 4682">
     <span class='ocr_line' id='line_1_65' title="bbox 363 4606 1867 4682; baseline -0.005 -17"><span class='ocrx_word' id='word_1_431' title='bbox 363 4635 381 4665; x_wconf 77' lang='grc' dir='ltr'><strong>ι</strong></span> <span class='ocrx_word' id='word_1_432' title='bbox 421 4612 798 4678; x_wconf 80' lang='grc' dir='ltr'>τελειωθῆναι,</span> <span class='ocrx_word' id='word_1_433' title='bbox 873 4611 1090 4681; x_wconf 67' lang='grc' dir='ltr'>καλύψῃ</span> <span class='ocrx_word' id='word_1_434' title='bbox 1163 4610 1518 4682; x_wconf 79' lang='grc' dir='ltr'>παρθένονῆ</span> <span class='ocrx_word' id='word_1_435' title='bbox 1595 4606 1867 4674; x_wconf 75' lang='grc' dir='ltr'>ἐκάλυψεν</span> 
     </span>
    </p>
   </div>
   <div class='ocr_carea' id='block_1_66' title="bbox 365 4697 1869 4770">
    <p class='ocr_par' dir='ltr' id='par_1_66' title="bbox 365 4697 1869 4770">
     <span class='ocr_line' id='line_1_66' title="bbox 365 4697 1869 4770; baseline -0.005 -15"><span class='ocrx_word' id='word_1_436' title='bbox 365 4725 384 4755; x_wconf 77' lang='grc' dir='ltr'><strong>σ</strong></span> <span class='ocrx_word' id='word_1_437' title='bbox 432 4705 586 4767; x_wconf 77' lang='grc' dir='ltr'>ἐντὸς</span> <span class='ocrx_word' id='word_1_438' title='bbox 648 4703 841 4770; x_wconf 81' lang='grc' dir='ltr'>κείρας</span> <span class='ocrx_word' id='word_1_439' title='bbox 918 4702 1180 4755; x_wconf 71' lang='grc' dir='ltr'>ἐνιαυτῶν</span> <span class='ocrx_word' id='word_1_440' title='bbox 1257 4700 1624 4760; x_wconf 76' lang='grc' dir='ltr'>εἰκοσιπέντε,</span> <span class='ocrx_word' id='word_1_441' title='bbox 1706 4697 1869 4766; x_wconf 69' lang='grc' dir='ltr'>μηδὲν</span> 
     </span>
    </p>
   </div>
   <div class='ocr_carea' id='block_1_67' title="bbox 371 4787 1870 4863">
    <p class='ocr_par' dir='ltr' id='par_1_67' title="bbox 371 4787 1870 4863">
     <span class='ocr_line' id='line_1_67' title="bbox 371 4787 1870 4863; baseline -0.005 -15"><span class='ocrx_word' id='word_1_442' title='bbox 371 4816 389 4848; x_wconf 86' lang='grc'><strong><em>‹</em></strong></span> <span class='ocrx_word' id='word_1_443' title='bbox 435 4797 527 4847; x_wconf 71' lang='grc' dir='ltr'><strong>τὸν</strong></span> <span class='ocrx_word' id='word_1_444' title='bbox 541 4794 787 4847; x_wconf 77' lang='grc' dir='ltr'>τοιοῦτον</span> <span class='ocrx_word' id='word_1_445' title='bbox 808 4793 986 4863; x_wconf 65' lang='grc' dir='ltr'>βλάψῃ</span> <span class='ocrx_word' id='word_1_446' title='bbox 1008 4811 1071 4846; x_wconf 87' lang='grc' dir='ltr'><strong>πε</strong></span> <span class='ocrx_word' id='word_1_447' title='bbox 1083 4795 1135 4862; x_wconf 82' lang='grc' dir='ltr'>ρί</span> <span class='ocrx_word' id='word_1_448' title='bbox 1164 4791 1359 4846; x_wconf 84' lang='grc' dir='ltr'>τούτου</span> <span class='ocrx_word' id='word_1_449' title='bbox 1386 4791 1478 4844; x_wconf 78' lang='grc' dir='ltr'>τοῦ</span> <span class='ocrx_word' id='word_1_450' title='bbox 1501 4787 1737 4861; x_wconf 82' lang='grc' dir='ltr'>ἀριθμοῦ</span> <span class='ocrx_word' id='word_1_451' title='bbox 1761 4788 1870 4841; x_wconf 82' lang='grc' dir='ltr'>τῶν</span> 
     </span>
    </p>
   </div>
   <div class='ocr_carea' id='block_1_68' title="bbox 374 4885 1459 4946">
    <p class='ocr_par' dir='ltr' id='par_1_68' title="bbox 374 4885 1459 4946">
     <span class='ocr_line' id='line_1_68' title="bbox 374 4885 1459 4946; baseline -0.004 -7"><span class='ocrx_word' id='word_1_452' title='bbox 374 4907 392 4939; x_wconf 76' lang='grc' dir='ltr'>ι</span> <span class='ocrx_word' id='word_1_453' title='bbox 435 4888 701 4939; x_wconf 78' lang='grc' dir='ltr'>ἐνιαυτῶν</span> <span class='ocrx_word' id='word_1_454' title='bbox 733 4885 1143 4939; x_wconf 79' lang='grc' dir='ltr'>κατασταθεῖσα</span> <span class='ocrx_word' id='word_1_455' title='bbox 1185 4885 1459 4946; x_wconf 73' lang='grc' dir='ltr'>σύνοδος.ι</span> 
     </span>
    </p>
   </div>
   <div class='ocr_carea' id='block_1_69' title="bbox 367 4976 1870 5048">
    <p class='ocr_par' dir='ltr' id='par_1_69' title="bbox 367 4976 1870 5048">
     <span class='ocr_line' id='line_1_69' title="bbox 367 4976 1870 5048; baseline 0.002 -18"><span class='ocrx_word' id='word_1_456' title='bbox 367 4979 566 5030; x_wconf 78' lang='grc' dir='ltr'><strong>ΒΑΛΣ.</strong></span> <span class='ocrx_word' id='word_1_457' title='bbox 601 4977 1005 5046; x_wconf 76' lang='grc' dir='ltr'>Καθιεροῦσθαι</span> <span class='ocrx_word' id='word_1_458' title='bbox 1034 4977 1132 5043; x_wconf 79' lang='grc' dir='ltr'>μὲν</span> <span class='ocrx_word' id='word_1_459' title='bbox 1165 4976 1472 5046; x_wconf 82' lang='grc' dir='ltr'>παρθένους</span> <span class='ocrx_word' id='word_1_460' title='bbox 1511 4977 1870 5048; x_wconf 78' lang='grc' dir='ltr'>διαλαμϐάνει</span> 
     </span>
    </p>
   </div>
   <div class='ocr_carea' id='block_1_70' title="bbox 291 5068 1869 5142">
    <p class='ocr_par' dir='ltr' id='par_1_70' title="bbox 291 5068 1869 5142">
     <span class='ocr_line' id='line_1_70' title="bbox 291 5068 1869 5142; baseline 0.001 -19"><span class='ocrx_word' id='word_1_461' title='bbox 291 5075 318 5130; x_wconf 74' lang='grc' dir='ltr'>ὁ</span> <span class='ocrx_word' id='word_1_462' title='bbox 350 5073 510 5130; x_wconf 74' lang='grc' dir='ltr'>ἕκτος</span> <span class='ocrx_word' id='word_1_463' title='bbox 546 5068 724 5121; x_wconf 85' lang='grc' dir='ltr'>κανὼν</span> <span class='ocrx_word' id='word_1_464' title='bbox 755 5071 853 5136; x_wconf 80' lang='grc' dir='ltr'>τῆς</span> <span class='ocrx_word' id='word_1_465' title='bbox 909 5068 1195 5138; x_wconf 77' lang='grc' dir='ltr'>παρούσης</span> <span class='ocrx_word' id='word_1_466' title='bbox 1251 5069 1493 5134; x_wconf 80' lang='grc' dir='ltr'>συνόδου,</span> <span class='ocrx_word' id='word_1_467' title='bbox 1545 5070 1642 5123; x_wconf 61' lang='grc' dir='ltr'><strong>καὶ⁸</strong></span> <span class='ocrx_word' id='word_1_468' title='bbox 1694 5071 1722 5122; x_wconf 82' lang='grc' dir='ltr'>ὁ</span> <span class='ocrx_word' id='word_1_469' title='bbox 1765 5073 1869 5142; x_wconf 87' lang='grc' dir='ltr'>μδ’,</span> 
     </span>
    </p>
   </div>
   <div class='ocr_carea' id='block_1_71' title="bbox 289 5159 1873 5232">
    <p class='ocr_par' dir='ltr' id='par_1_71' title="bbox 289 5159 1873 5232">
     <span class='ocr_line' id='line_1_71' title="bbox 289 5159 1873 5232; baseline 0 -16"><span class='ocrx_word' id='word_1_470' title='bbox 289 5163 437 5216; x_wconf 75' lang='grc' dir='ltr'>ὥστε</span> <span class='ocrx_word' id='word_1_471' title='bbox 472 5165 527 5213; x_wconf 71' lang='grc' dir='ltr'>ἒν</span> <span class='ocrx_word' id='word_1_472' title='bbox 564 5164 628 5229; x_wconf 82' lang='grc' dir='ltr'>τῇ</span> <span class='ocrx_word' id='word_1_473' title='bbox 673 5159 920 5230; x_wconf 79' lang='grc' dir='ltr'>ἀρμοδίῳ</span> <span class='ocrx_word' id='word_1_474' title='bbox 975 5163 1162 5232; x_wconf 76' lang='grc' dir='ltr'>ἡλικίᾳ</span> <span class='ocrx_word' id='word_1_475' title='bbox 1223 5162 1315 5214; x_wconf 82' lang='grc' dir='ltr'>καὶ</span> <span class='ocrx_word' id='word_1_476' title='bbox 1363 5162 1708 5224; x_wconf 79' lang='grc' dir='ltr'>διακονίσσας</span> <span class='ocrx_word' id='word_1_477' title='bbox 1746 5162 1873 5215; x_wconf 82' lang='grc' dir='ltr'>καθ-</span> 
     </span>
    </p>
   </div>
   <div class='ocr_carea' id='block_1_72' title="bbox 293 5252 1872 5323">
    <p class='ocr_par' dir='ltr' id='par_1_72' title="bbox 293 5252 1872 5323">
     <span class='ocr_line' id='line_1_72' title="bbox 293 5252 1872 5323; baseline -0.001 -18"><span class='ocrx_word' id='word_1_478' title='bbox 293 5254 544 5308; x_wconf 75' lang='grc' dir='ltr'>ίστασθαι</span> <span class='ocrx_word' id='word_1_479' title='bbox 566 5253 758 5315; x_wconf 75' lang='grc' dir='ltr'>αὑτάς.</span> <span class='ocrx_word' id='word_1_480' title='bbox 790 5253 1381 5322; x_wconf 78' lang='grc' dir='ltr'>Μετασχηματίζεσθαι</span> <span class='ocrx_word' id='word_1_481' title='bbox 1400 5253 1453 5304; x_wconf 75' lang='grc' dir='ltr'><strong>δε</strong></span> <span class='ocrx_word' id='word_1_482' title='bbox 1476 5253 1584 5306; x_wconf 80' lang='grc' dir='ltr'><strong>ἀπὸ</strong></span> <span class='ocrx_word' id='word_1_483' title='bbox 1606 5252 1697 5305; x_wconf 73' lang='grc' dir='ltr'>τοῦ</span> <span class='ocrx_word' id='word_1_484' title='bbox 1728 5270 1872 5323; x_wconf 85' lang='grc' dir='ltr'>παρ-</span> 
     </span>
    </p>
   </div>
   <div class='ocr_carea' id='block_1_73' title="bbox 287 5342 1873 5412">
    <p class='ocr_par' dir='ltr' id='par_1_73' title="bbox 287 5342 1873 5412">
     <span class='ocr_line' id='line_1_73' title="bbox 287 5342 1873 5412; baseline 0.001 -15"><span class='ocrx_word' id='word_1_485' title='bbox 287 5345 440 5405; x_wconf 85' lang='grc' dir='ltr'>όντος</span> <span class='ocrx_word' id='word_1_486' title='bbox 501 5344 724 5404; x_wconf 64' lang='grc' dir='ltr'>κανόνος</span> <span class='ocrx_word' id='word_1_487' title='bbox 773 5342 1119 5412; x_wconf 81' lang='grc' dir='ltr'>μανθάνομεν</span> <span class='ocrx_word' id='word_1_488' title='bbox 1172 5345 1310 5411; x_wconf 77' lang='grc' dir='ltr'>μετὰ</span> <span class='ocrx_word' id='word_1_489' title='bbox 1345 5345 1436 5396; x_wconf 74' lang='grc' dir='ltr'>τὸν</span> <span class='ocrx_word' id='word_1_490' title='bbox 1489 5343 1566 5396; x_wconf 84' lang='grc' dir='ltr'>κε’</span> <span class='ocrx_word' id='word_1_491' title='bbox 1607 5345 1873 5400; x_wconf 82' lang='grc' dir='ltr'>ἐνιαυτόν.</span> 
     </span>
    </p>
   </div>
   <div class='ocr_carea' id='block_1_74' title="bbox 292 5434 1870 5503">
    <p class='ocr_par' dir='ltr' id='par_1_74' title="bbox 292 5434 1870 5503">
     <span class='ocr_line' id='line_1_74' title="bbox 292 5434 1870 5503; baseline -0.001 -15"><span class='ocrx_word' id='word_1_492' title='bbox 292 5435 433 5488; x_wconf 69' lang='grc' dir='ltr'>Φασὶ</span> <span class='ocrx_word' id='word_1_493' title='bbox 465 5435 578 5503; x_wconf 78' lang='grc' dir='ltr'><strong>γάρ</strong></span> <span class='ocrx_word' id='word_1_494' title='bbox 609 5437 655 5487; x_wconf 90' lang='grc' dir='ltr'>οἱ</span> <span class='ocrx_word' id='word_1_495' title='bbox 674 5435 938 5503; x_wconf 82' lang='grc' dir='ltr'>Πατέρες,</span> <span class='ocrx_word' id='word_1_496' title='bbox 964 5436 1076 5496; x_wconf 72' lang='grc' dir='ltr'>ἵνα,</span> <span class='ocrx_word' id='word_1_497' title='bbox 1103 5434 1197 5487; x_wconf 70' lang='grc' dir='ltr'><strong>ἐὰν</strong></span> <span class='ocrx_word' id='word_1_498' title='bbox 1225 5437 1524 5497; x_wconf 67' lang='grc' dir='ltr'>ἐπίσκοπος</span> <span class='ocrx_word' id='word_1_499' title='bbox 1549 5436 1580 5496; x_wconf 79' lang='grc' dir='ltr'>ἢ</span> <span class='ocrx_word' id='word_1_500' title='bbox 1608 5435 1870 5502; x_wconf 67' lang='grc' dir='ltr'>ἐκάλυψε,</span> 
     </span>
    </p>
   </div>
   <div class='ocr_carea' id='block_1_75' title="bbox 283 5527 1871 5598">
    <p class='ocr_par' dir='ltr' id='par_1_75' title="bbox 283 5527 1871 5598">
     <span class='ocr_line' id='line_1_75' title="bbox 283 5527 1871 5598; baseline 0.001 -19"><span class='ocrx_word' id='word_1_501' title='bbox 283 5527 534 5579; x_wconf 81' lang='grc' dir='ltr'>τουτέστι</span> <span class='ocrx_word' id='word_1_502' title='bbox 559 5528 1020 5595; x_wconf 70' lang='grc' dir='ltr'>μετεσχημάτισα,</span> <span class='ocrx_word' id='word_1_503' title='bbox 1050 5529 1316 5597; x_wconf 76' lang='grc' dir='ltr'>παρθένον</span> <span class='ocrx_word' id='word_1_504' title='bbox 1345 5527 1545 5579; x_wconf 85' lang='grc' dir='ltr'>ἀνατεθ</span> <span class='ocrx_word' id='word_1_505' title='bbox 1558 5531 1711 5580; x_wconf 85' lang='grc' dir='ltr'>εἷσαν</span> <span class='ocrx_word' id='word_1_506' title='bbox 1731 5529 1871 5598; x_wconf 81' lang='grc' dir='ltr'>Θεῷ,</span> 
     </span>
    </p>
   </div>
   <div class='ocr_carea' id='block_1_76' title="bbox 292 5618 1874 5691">
    <p class='ocr_par' dir='ltr' id='par_1_76' title="bbox 292 5618 1874 5691">
     <span class='ocr_line' id='line_1_76' title="bbox 292 5618 1874 5691; baseline 0.001 -20"><span class='ocrx_word' id='word_1_507' title='bbox 292 5619 328 5689; x_wconf 79' lang='grc' dir='ltr'>ἢ</span> <span class='ocrx_word' id='word_1_508' title='bbox 361 5618 600 5686; x_wconf 73' lang='grc' dir='ltr'>καλύψει</span> <span class='ocrx_word' id='word_1_509' title='bbox 633 5618 742 5687; x_wconf 83' lang='grc' dir='ltr'>πρὸ</span> <span class='ocrx_word' id='word_1_510' title='bbox 792 5620 890 5689; x_wconf 78' lang='grc' dir='ltr'>τῆς</span> <span class='ocrx_word' id='word_1_511' title='bbox 923 5620 1134 5690; x_wconf 82' lang='grc' dir='ltr'>κείρας,</span> <span class='ocrx_word' id='word_1_512' title='bbox 1176 5623 1344 5691; x_wconf 65' lang='grc' dir='ltr'>ἤγουν</span> <span class='ocrx_word' id='word_1_513' title='bbox 1382 5621 1488 5689; x_wconf 65' lang='grc' dir='ltr'><strong>πρὸ</strong></span> <span class='ocrx_word' id='word_1_514' title='bbox 1518 5621 1615 5687; x_wconf 72' lang='grc' dir='ltr'>τῆς</span> <span class='ocrx_word' id='word_1_515' title='bbox 1655 5620 1874 5687; x_wconf 73' lang='grc' dir='ltr'>ἡλικίας</span> 
     </span>
    </p>
   </div>
   <div class='ocr_carea' id='block_1_77' title="bbox 289 5711 1872 5782">
    <p class='ocr_par' dir='ltr' id='par_1_77' title="bbox 289 5711 1872 5782">
     <span class='ocr_line' id='line_1_77' title="bbox 289 5711 1872 5782; baseline 0.001 -22"><span class='ocrx_word' id='word_1_516' title='bbox 289 5711 405 5763; x_wconf 78' lang='grc' dir='ltr'>τῶν</span> <span class='ocrx_word' id='word_1_517' title='bbox 464 5717 542 5761; x_wconf 82' lang='grc' dir='ltr'>κε’</span> <span class='ocrx_word' id='word_1_518' title='bbox 600 5711 864 5762; x_wconf 76' lang='grc' dir='ltr'>ἐνιαυτῶν</span> <span class='ocrx_word' id='word_1_519' title='bbox 920 5712 1107 5779; x_wconf 67' lang='grc' dir='ltr'>(τυχὸν</span> <span class='ocrx_word' id='word_1_520' title='bbox 1155 5715 1262 5782; x_wconf 68' lang='grc' dir='ltr'>γὰρ</span> <span class='ocrx_word' id='word_1_521' title='bbox 1332 5712 1759 5764; x_wconf 68' lang='grc' dir='ltr'>ἐπεδουλεύσατο</span> <span class='ocrx_word' id='word_1_522' title='bbox 1809 5713 1872 5782; x_wconf 77' lang='grc' dir='ltr'>τῇ</span> 
     </span>
    </p>
   </div>
   <div class='ocr_carea' id='block_1_78' title="bbox 290 5802 1874 5874">
    <p class='ocr_par' dir='ltr' id='par_1_78' title="bbox 290 5802 1874 5874">
     <span class='ocr_line' id='line_1_78' title="bbox 290 5802 1874 5874; baseline -0.001 -18"><span class='ocrx_word' id='word_1_523' title='bbox 290 5802 626 5873; x_wconf 76' lang='grc' dir='ltr'>σωφροσύνῃ</span> <span class='ocrx_word' id='word_1_524' title='bbox 677 5803 882 5872; x_wconf 83' lang='grc' dir='ltr'>ταύτης</span> <span class='ocrx_word' id='word_1_525' title='bbox 909 5804 1145 5873; x_wconf 71' lang='grc' dir='ltr'>ἐραστὴς</span> <span class='ocrx_word' id='word_1_526' title='bbox 1180 5805 1428 5869; x_wconf 65' lang='grc' dir='ltr'>δυνατὸς,</span> <span class='ocrx_word' id='word_1_527' title='bbox 1457 5805 1486 5874; x_wconf 79' lang='grc' dir='ltr'><strong>ἤ</strong></span> <span class='ocrx_word' id='word_1_528' title='bbox 1520 5802 1874 5855; x_wconf 78' lang='grc' dir='ltr'>ὑπωπτεύετο</span> 
     </span>
    </p>
   </div>
   <div class='ocr_carea' id='block_1_79' title="bbox 1961 1961 3039 2033">
    <p class='ocr_par' dir='ltr' id='par_1_79' title="bbox 1961 1961 3039 2033">
     <span class='ocr_line' id='line_1_79' title="bbox 1961 1961 3039 2033; baseline 0.004 -19"><span class='ocrx_word' id='word_1_529' title='bbox 1961 1961 2102 2028; x_wconf 89' lang='lat' dir='ltr'><strong>quit.</strong></span> <span class='ocrx_word' id='word_1_530' title='bbox 2128 1961 2190 2016; x_wconf 90' lang='lat' dir='ltr'><strong>in</strong></span> <span class='ocrx_word' id='word_1_531' title='bbox 2227 1962 2427 2018; x_wconf 77' lang='lat' dir='ltr'><strong>Africa:</strong></span> <span class='ocrx_word' id='word_1_532' title='bbox 2459 1964 2668 2033; x_wconf 78' lang='lat' dir='ltr'><strong>synodo</strong></span> <span class='ocrx_word' id='word_1_533' title='bbox 2695 1964 3039 2019; x_wconf 71' lang='lat' dir='ltr'><strong>excludatur.</strong></span> 
     </span>
    </p>
   </div>
   <div class='ocr_carea' id='block_1_80' title="bbox 1961 2231 3546 2311">
    <p class='ocr_par' dir='ltr' id='par_1_80' title="bbox 1961 2231 3546 2311">
     <span class='ocr_line' id='line_1_80' title="bbox 1961 2231 3546 2311; baseline 0.008 -26"><span class='ocrx_word' id='word_1_534' title='bbox 1961 2231 2190 2289; x_wconf 76' lang='lat' dir='ltr'><strong>ARIST.</strong></span> <span class='ocrx_word' id='word_1_535' title='bbox 2227 2254 2246 2286; x_wconf 84' lang='grc'><strong><em>‹</em></strong></span> <span class='ocrx_word' id='word_1_536' title='bbox 2293 2234 2585 2308; x_wconf 82' lang='lat' dir='ltr'><strong>Presbyter</strong></span> <span class='ocrx_word' id='word_1_537' title='bbox 2638 2247 2693 2293; x_wconf 89' lang='lat' dir='ltr'><strong>et</strong></span> <span class='ocrx_word' id='word_1_538' title='bbox 2746 2239 3032 2308; x_wconf 86' lang='lat' dir='ltr'><strong>diaconus,</strong></span> <span class='ocrx_word' id='word_1_539' title='bbox 3063 2241 3155 2311; x_wconf 92' lang='lat' dir='ltr'><strong>qui</strong></span> <span class='ocrx_word' id='word_1_540' title='bbox 3187 2240 3253 2296; x_wconf 89' lang='lat' dir='ltr'><strong>de</strong></span> <span class='ocrx_word' id='word_1_541' title='bbox 3282 2242 3546 2311; x_wconf 15' lang='lat' dir='ltr'><strong>episcopos</strong></span> 
     </span>
    </p>
   </div>
   <div class='ocr_carea' id='block_1_81' title="bbox 2039 2331 3538 2402">
    <p class='ocr_par' dir='ltr' id='par_1_81' title="bbox 2039 2331 3538 2402">
     <span class='ocr_line' id='line_1_81' title="bbox 2039 2331 3538 2402; baseline 0.007 -26"><span class='ocrx_word' id='word_1_542' title='bbox 2039 2343 2058 2376; x_wconf 76' lang='grc' dir='ltr'>ι</span> <span class='ocrx_word' id='word_1_543' title='bbox 2097 2341 2194 2380; x_wconf 88' lang='lat' dir='ltr'><strong>suo</strong></span> <span class='ocrx_word' id='word_1_544' title='bbox 2227 2341 2660 2398; x_wconf 87' lang='lat' dir='ltr'><strong>conqueruntur,</strong></span> <span class='ocrx_word' id='word_1_545' title='bbox 2695 2331 2763 2385; x_wconf 91' lang='lat' dir='ltr'><strong>ad</strong></span> <span class='ocrx_word' id='word_1_546' title='bbox 2791 2331 2998 2387; x_wconf 89' lang='lat' dir='ltr'><strong>vicinos</strong></span> <span class='ocrx_word' id='word_1_547' title='bbox 3039 2334 3323 2401; x_wconf 85' lang='lat' dir='ltr'><strong>episcopos</strong></span> <span class='ocrx_word' id='word_1_548' title='bbox 3357 2334 3538 2402; x_wconf 71' lang='lat' dir='ltr'><strong>appel~</strong></span> 
     </span>
    </p>
   </div>
   <div class='ocr_carea' id='block_1_82' title="bbox 2044 2419 3537 2493">
    <p class='ocr_par' dir='ltr' id='par_1_82' title="bbox 2044 2419 3537 2493">
     <span class='ocr_line' id='line_1_82' title="bbox 2044 2419 3537 2493; baseline 0.009 -26"><span class='ocrx_word' id='word_1_549' title='bbox 2044 2435 2060 2467; x_wconf 84' lang='grc' dir='ltr'>ι</span> <span class='ocrx_word' id='word_1_550' title='bbox 2109 2419 2218 2472; x_wconf 89' lang='lat' dir='ltr'><strong>lent</strong></span> <span class='ocrx_word' id='word_1_551' title='bbox 2259 2437 2272 2473; x_wconf 89' lang='lat'><strong>:</strong></span> <span class='ocrx_word' id='word_1_552' title='bbox 2309 2429 2363 2474; x_wconf 81' lang='lat' dir='ltr'><strong>at</strong></span> <span class='ocrx_word' id='word_1_553' title='bbox 2408 2436 2559 2475; x_wconf 91' lang='lat' dir='ltr'><strong>mare</strong></span> <span class='ocrx_word' id='word_1_554' title='bbox 2595 2437 2661 2478; x_wconf 89' lang='lat' dir='ltr'><strong>ne</strong></span> <span class='ocrx_word' id='word_1_555' title='bbox 2693 2423 2991 2493; x_wconf 80' lang='lat' dir='ltr'><strong>trajicianl.</strong></span> <span class='ocrx_word' id='word_1_556' title='bbox 3045 2424 3101 2478; x_wconf 86' lang='lat' dir='ltr'><strong>In</strong></span> <span class='ocrx_word' id='word_1_557' title='bbox 3148 2424 3332 2480; x_wconf 77' lang='lat' dir='ltr'><strong>Africa</strong></span> <span class='ocrx_word' id='word_1_558' title='bbox 3387 2425 3537 2480; x_wconf 79' lang='lat' dir='ltr'><strong>enim</strong></span> 
     </span>
    </p>
   </div>
   <div class='ocr_carea' id='block_1_83' title="bbox 2039 2513 2807 2570">
    <p class='ocr_par' dir='ltr' id='par_1_83' title="bbox 2039 2513 2807 2570">
     <span class='ocr_line' id='line_1_83' title="bbox 2039 2513 2807 2570; baseline 0.01 -8"><span class='ocrx_word' id='word_1_559' title='bbox 2039 2528 2057 2561; x_wconf 75' lang='grc' dir='ltr'>ι</span> <span class='ocrx_word' id='word_1_560' title='bbox 2096 2513 2744 2570; x_wconf 77' lang='lat' dir='ltr'><strong>exconununicabuntur.</strong></span> <span class='ocrx_word' id='word_1_561' title='bbox 2788 2535 2807 2570; x_wconf 72' lang='grc' dir='ltr'><strong>ι</strong></span> 
     </span>
    </p>
   </div>
   <div class='ocr_carea' id='block_1_84' title="bbox 2042 2605 3539 2679">
    <p class='ocr_par' dir='ltr' id='par_1_84' title="bbox 2042 2605 3539 2679">
     <span class='ocr_line' id='line_1_84' title="bbox 2042 2605 3539 2679; baseline 0.004 -20"><span class='ocrx_word' id='word_1_562' title='bbox 2042 2605 2156 2660; x_wconf 92' lang='lat' dir='ltr'><strong>lioe</strong></span> <span class='ocrx_word' id='word_1_563' title='bbox 2184 2616 2236 2660; x_wconf 90' lang='lat' dir='ltr'><strong>et</strong></span> <span class='ocrx_word' id='word_1_564' title='bbox 2262 2606 2312 2660; x_wconf 90' lang='lat' dir='ltr'><strong>in</strong></span> <span class='ocrx_word' id='word_1_565' title='bbox 2354 2609 2615 2662; x_wconf 89' lang='lat' dir='ltr'><strong>vicesimo</strong></span> <span class='ocrx_word' id='word_1_566' title='bbox 2646 2618 2839 2664; x_wconf 87' lang='lat' dir='ltr'><strong>octavo</strong></span> <span class='ocrx_word' id='word_1_567' title='bbox 2896 2610 3088 2679; x_wconf 84' lang='lat' dir='ltr'><strong>synodi</strong></span> <span class='ocrx_word' id='word_1_568' title='bbox 3125 2612 3406 2679; x_wconf 74' lang='lat' dir='ltr'><strong>praesentis</strong></span> <span class='ocrx_word' id='word_1_569' title='bbox 3448 2626 3539 2665; x_wconf 81' lang='lat' dir='ltr'><strong>ca-</strong></span> 
     </span>
    </p>
   </div>
   <div class='ocr_carea' id='block_1_85' title="bbox 1963 2699 3536 2771">
    <p class='ocr_par' dir='ltr' id='par_1_85' title="bbox 1963 2699 3536 2771">
     <span class='ocr_line' id='line_1_85' title="bbox 1963 2699 3536 2771; baseline 0.001 -17"><span class='ocrx_word' id='word_1_570' title='bbox 1963 2714 2103 2754; x_wconf 91' lang='lat' dir='ltr'><strong>none</strong></span> <span class='ocrx_word' id='word_1_571' title='bbox 2137 2699 2418 2754; x_wconf 89' lang='lat' dir='ltr'><strong>decretum</strong></span> <span class='ocrx_word' id='word_1_572' title='bbox 2451 2708 2536 2754; x_wconf 78' lang='lat' dir='ltr'><strong>est</strong></span> <span class='ocrx_word' id='word_1_573' title='bbox 2564 2716 2579 2761; x_wconf 82' lang='lat'><strong>;</strong></span> <span class='ocrx_word' id='word_1_574' title='bbox 2616 2708 2674 2754; x_wconf 86' lang='grc' dir='ltr'>ιιι</span> <span class='ocrx_word' id='word_1_575' title='bbox 2727 2701 2908 2754; x_wconf 83' lang='lat' dir='ltr'><strong>nullus</strong></span> <span class='ocrx_word' id='word_1_576' title='bbox 2941 2701 3253 2771; x_wconf 80' lang='lat' dir='ltr'><strong>presbyter,</strong></span> <span class='ocrx_word' id='word_1_577' title='bbox 3293 2709 3387 2754; x_wconf 89' lang='lat' dir='ltr'><strong>aut</strong></span> <span class='ocrx_word' id='word_1_578' title='bbox 3416 2702 3536 2755; x_wconf 85' lang='lat' dir='ltr'><strong>dia-</strong></span> 
     </span>
    </p>
   </div>
   <div class='ocr_carea' id='block_1_86' title="bbox 1961 2790 3537 2861">
    <p class='ocr_par' dir='ltr' id='par_1_86' title="bbox 1961 2790 3537 2861">
     <span class='ocr_line' id='line_1_86' title="bbox 1961 2790 3537 2861; baseline 0 -14"><span class='ocrx_word' id='word_1_579' title='bbox 1961 2806 2209 2855; x_wconf 84' lang='lat' dir='ltr'><strong>conus,a</strong></span> <span class='ocrx_word' id='word_1_580' title='bbox 2260 2805 2357 2845; x_wconf 92' lang='lat' dir='ltr'><strong>suo</strong></span> <span class='ocrx_word' id='word_1_581' title='bbox 2391 2792 2650 2861; x_wconf 83' lang='lat' dir='ltr'><strong>episcopo</strong></span> <span class='ocrx_word' id='word_1_582' title='bbox 2695 2790 3112 2851; x_wconf 85' lang='lat' dir='ltr'><strong>condemnatus.</strong></span> <span class='ocrx_word' id='word_1_583' title='bbox 3180 2800 3232 2844; x_wconf 89' lang='lat' dir='ltr'><strong>et</strong></span> <span class='ocrx_word' id='word_1_584' title='bbox 3276 2791 3537 2860; x_wconf 86' lang='lat' dir='ltr'><strong>judicium</strong></span> 
     </span>
    </p>
   </div>
   <div class='ocr_carea' id='block_1_87' title="bbox 1961 2880 3544 2951">
    <p class='ocr_par' dir='ltr' id='par_1_87' title="bbox 1961 2880 3544 2951">
     <span class='ocr_line' id='line_1_87' title="bbox 1961 2880 3544 2951; baseline 0.001 -17"><span class='ocrx_word' id='word_1_585' title='bbox 1961 2880 2404 2950; x_wconf 82' lang='lat' dir='ltr'><strong>reprehendens,</strong></span> <span class='ocrx_word' id='word_1_586' title='bbox 2475 2890 2529 2936; x_wconf 87' lang='lat' dir='ltr'><strong>et</strong></span> <span class='ocrx_word' id='word_1_587' title='bbox 2580 2891 2768 2935; x_wconf 88' lang='lat' dir='ltr'><strong>contra</strong></span> <span class='ocrx_word' id='word_1_588' title='bbox 2817 2881 2950 2934; x_wconf 85' lang='lat' dir='ltr'><strong>illud</strong></span> <span class='ocrx_word' id='word_1_589' title='bbox 3008 2881 3275 2951; x_wconf 85' lang='lat' dir='ltr'><strong>appellare</strong></span> <span class='ocrx_word' id='word_1_590' title='bbox 3328 2882 3544 2950; x_wconf 71' lang='lat' dir='ltr'><strong>volens.</strong></span> 
     </span>
    </p>
   </div>
   <div class='ocr_carea' id='block_1_88' title="bbox 1964 2973 3536 3043">
    <p class='ocr_par' dir='ltr' id='par_1_88' title="bbox 1964 2973 3536 3043">
     <span class='ocr_line' id='line_1_88' title="bbox 1964 2973 3536 3043; baseline -0.001 -17"><span class='ocrx_word' id='word_1_591' title='bbox 1964 2973 2160 3028; x_wconf 71' lang='lat' dir='ltr'><strong>Africa:</strong></span> <span class='ocrx_word' id='word_1_592' title='bbox 2219 2975 2436 3043; x_wconf 78' lang='lat' dir='ltr'><strong>pelagus</strong></span> <span class='ocrx_word' id='word_1_593' title='bbox 2487 2983 2753 3036; x_wconf 86' lang='lat' dir='ltr'><strong>transeat,</strong></span> <span class='ocrx_word' id='word_1_594' title='bbox 2812 2984 2864 3026; x_wconf 92' lang='lat' dir='ltr'><strong>et</strong></span> <span class='ocrx_word' id='word_1_595' title='bbox 2917 2973 3034 3043; x_wconf 85' lang='lat' dir='ltr'><strong>ejus</strong></span> <span class='ocrx_word' id='word_1_596' title='bbox 3086 2975 3253 3042; x_wconf 76' lang='lat' dir='ltr'><strong>gratia</strong></span> <span class='ocrx_word' id='word_1_597' title='bbox 3311 2973 3536 3026; x_wconf 78' lang='lat' dir='ltr'><strong>Romam</strong></span> 
     </span>
    </p>
   </div>
   <div class='ocr_carea' id='block_1_89' title="bbox 1962 3061 3539 3130">
    <p class='ocr_par' dir='ltr' id='par_1_89' title="bbox 1962 3061 3539 3130">
     <span class='ocr_line' id='line_1_89' title="bbox 1962 3061 3539 3130; baseline -0.003 -13"><span class='ocrx_word' id='word_1_598' title='bbox 1962 3062 2120 3117; x_wconf 85' lang='lat' dir='ltr'><strong>adeat</strong></span> <span class='ocrx_word' id='word_1_599' title='bbox 2152 3081 2165 3117; x_wconf 91' lang='lat'>:</span> <span class='ocrx_word' id='word_1_600' title='bbox 2195 3063 2289 3117; x_wconf 87' lang='lat' dir='ltr'><strong>sed</strong></span> <span class='ocrx_word' id='word_1_601' title='bbox 2323 3063 2387 3115; x_wconf 90' lang='lat' dir='ltr'><strong>ad</strong></span> <span class='ocrx_word' id='word_1_602' title='bbox 2419 3063 2624 3117; x_wconf 87' lang='lat' dir='ltr'><strong>vicinos</strong></span> <span class='ocrx_word' id='word_1_603' title='bbox 2671 3062 2961 3130; x_wconf 81' lang='lat' dir='ltr'><strong>appellabit</strong></span> <span class='ocrx_word' id='word_1_604' title='bbox 2994 3063 3302 3130; x_wconf 77' lang='lat' dir='ltr'><strong>episcopos,</strong></span> <span class='ocrx_word' id='word_1_605' title='bbox 3363 3069 3419 3114; x_wconf 87' lang='lat' dir='ltr'><strong>et</strong></span> <span class='ocrx_word' id='word_1_606' title='bbox 3472 3061 3539 3113; x_wconf 92' lang='lat' dir='ltr'><strong>iis</strong></span> 
     </span>
    </p>
   </div>
   <div class='ocr_carea' id='block_1_90' title="bbox 1966 3152 3539 3224">
    <p class='ocr_par' dir='ltr' id='par_1_90' title="bbox 1966 3152 3539 3224">
     <span class='ocr_line' id='line_1_90' title="bbox 1966 3152 3539 3224; baseline -0.001 -17"><span class='ocrx_word' id='word_1_607' title='bbox 1966 3155 2340 3223; x_wconf 86' lang='lat' dir='ltr'><strong>appellationis</strong></span> <span class='ocrx_word' id='word_1_608' title='bbox 2367 3169 2586 3207; x_wconf 86' lang='lat' dir='ltr'><strong>causam</strong></span> <span class='ocrx_word' id='word_1_609' title='bbox 2628 3154 2886 3224; x_wconf 71' lang='lat' dir='ltr'><strong>indicabit</strong></span> <span class='ocrx_word' id='word_1_610' title='bbox 2923 3171 2937 3206; x_wconf 92' lang='lat'><strong>:</strong></span> <span class='ocrx_word' id='word_1_611' title='bbox 2970 3155 3050 3208; x_wconf 92' lang='lat' dir='ltr'><strong>sin</strong></span> <span class='ocrx_word' id='word_1_612' title='bbox 3088 3152 3284 3217; x_wconf 80' lang='lat' dir='ltr'><strong>minus,</strong></span> <span class='ocrx_word' id='word_1_613' title='bbox 3320 3167 3539 3207; x_wconf 76' lang='lat' dir='ltr'><strong>evcom-</strong></span> 
     </span>
    </p>
   </div>
   <div class='ocr_carea' id='block_1_91' title="bbox 1964 3244 3535 3307">
    <p class='ocr_par' dir='ltr' id='par_1_91' title="bbox 1964 3244 3535 3307">
     <span class='ocr_line' id='line_1_91' title="bbox 1964 3244 3535 3307; baseline -0.002 -7"><span class='ocrx_word' id='word_1_614' title='bbox 1964 3247 2294 3301; x_wconf 86' lang='lat' dir='ltr'><strong>municatnm</strong></span> <span class='ocrx_word' id='word_1_615' title='bbox 2324 3260 2443 3300; x_wconf 89' lang='lat' dir='ltr'><strong>esse</strong></span> <span class='ocrx_word' id='word_1_616' title='bbox 2473 3245 2526 3299; x_wconf 89' lang='lat' dir='ltr'><strong>in</strong></span> <span class='ocrx_word' id='word_1_617' title='bbox 2562 3244 2763 3299; x_wconf 74' lang='lat' dir='ltr'><strong>Africa.</strong></span> <span class='ocrx_word' id='word_1_618' title='bbox 2805 3246 2920 3298; x_wconf 81' lang='lat' dir='ltr'><strong>Hoc</strong></span> <span class='ocrx_word' id='word_1_619' title='bbox 2948 3255 3126 3298; x_wconf 89' lang='lat' dir='ltr'><strong>autem</strong></span> <span class='ocrx_word' id='word_1_620' title='bbox 3158 3245 3381 3298; x_wconf 77' lang='lat' dir='ltr'><strong>vetitum</strong></span> <span class='ocrx_word' id='word_1_621' title='bbox 3414 3244 3535 3307; x_wconf 74' lang='lat' dir='ltr'><strong>fuit,</strong></span> 
     </span>
    </p>
   </div>
   <div class='ocr_carea' id='block_1_92' title="bbox 1963 3337 3540 3408">
    <p class='ocr_par' dir='ltr' id='par_1_92' title="bbox 1963 3337 3540 3408">
     <span class='ocr_line' id='line_1_92' title="bbox 1963 3337 3540 3408; baseline -0.003 -16"><span class='ocrx_word' id='word_1_622' title='bbox 1963 3348 2021 3392; x_wconf 92' lang='lat' dir='ltr'><strong>nt</strong></span> <span class='ocrx_word' id='word_1_623' title='bbox 2050 3339 2267 3408; x_wconf 80' lang='lat' dir='ltr'><strong>Opinor,</strong></span> <span class='ocrx_word' id='word_1_624' title='bbox 2301 3345 2352 3392; x_wconf 91' lang='lat' dir='ltr'><strong>et</strong></span> <span class='ocrx_word' id='word_1_625' title='bbox 2380 3348 2603 3407; x_wconf 78' lang='lat' dir='ltr'><strong>propter</strong></span> <span class='ocrx_word' id='word_1_626' title='bbox 2657 3337 2823 3391; x_wconf 89' lang='lat' dir='ltr'><strong>maris</strong></span> <span class='ocrx_word' id='word_1_627' title='bbox 2883 3337 3142 3404; x_wconf 90' lang='lat' dir='ltr'><strong>pericula,</strong></span> <span class='ocrx_word' id='word_1_628' title='bbox 3177 3345 3231 3390; x_wconf 91' lang='lat' dir='ltr'><strong>et</strong></span> <span class='ocrx_word' id='word_1_629' title='bbox 3265 3347 3323 3390; x_wconf 92' lang='lat' dir='ltr'><strong>ut</strong></span> <span class='ocrx_word' id='word_1_630' title='bbox 3356 3346 3540 3405; x_wconf 86' lang='lat' dir='ltr'><strong>partes</strong></span> 
     </span>
    </p>
   </div>
   <div class='ocr_carea' id='block_1_93' title="bbox 1962 3428 3542 3496">
    <p class='ocr_par' dir='ltr' id='par_1_93' title="bbox 1962 3428 3542 3496">
     <span class='ocr_line' id='line_1_93' title="bbox 1962 3428 3542 3496; baseline -0.001 -15"><span class='ocrx_word' id='word_1_631' title='bbox 1962 3430 2277 3483; x_wconf 81' lang='lat' dir='ltr'><strong>vexationes</strong></span> <span class='ocrx_word' id='word_1_632' title='bbox 2329 3440 2384 3481; x_wconf 89' lang='lat' dir='ltr'><strong>et</strong></span> <span class='ocrx_word' id='word_1_633' title='bbox 2443 3429 2820 3482; x_wconf 88' lang='lat' dir='ltr'><strong>innovationes</strong></span> <span class='ocrx_word' id='word_1_634' title='bbox 2883 3443 2986 3480; x_wconf 89' lang='lat' dir='ltr'><strong>non</strong></span> <span class='ocrx_word' id='word_1_635' title='bbox 3037 3428 3387 3485; x_wconf 74' lang='lat' dir='ltr'><strong>sustinerent.</strong></span> <span class='ocrx_word' id='word_1_636' title='bbox 3445 3443 3542 3496; x_wconf 89' lang='lat' dir='ltr'><strong>per</strong></span> 
     </span>
    </p>
   </div>
   <div class='ocr_carea' id='block_1_94' title="bbox 1965 3516 3538 3589">
    <p class='ocr_par' dir='ltr' id='par_1_94' title="bbox 1965 3516 3538 3589">
     <span class='ocr_line' id='line_1_94' title="bbox 1965 3516 3538 3589; baseline -0.001 -17"><span class='ocrx_word' id='word_1_637' title='bbox 1965 3521 2310 3589; x_wconf 74' lang='lat' dir='ltr'><strong>longinquam</strong></span> <span class='ocrx_word' id='word_1_638' title='bbox 2374 3521 2440 3572; x_wconf 89' lang='lat' dir='ltr'><strong>ad</strong></span> <span class='ocrx_word' id='word_1_639' title='bbox 2499 3519 2774 3589; x_wconf 78' lang='lat' dir='ltr'><strong>regionem</strong></span> <span class='ocrx_word' id='word_1_640' title='bbox 2843 3524 3085 3571; x_wconf 77' lang='lat' dir='ltr'><strong>cxteram</strong></span> <span class='ocrx_word' id='word_1_641' title='bbox 3147 3516 3538 3584; x_wconf 83' lang='lat' dir='ltr'><strong>peregrinatio-</strong></span> 
     </span>
    </p>
   </div>
   <div class='ocr_carea' id='block_1_95' title="bbox 1967 3626 2111 3665">
    <p class='ocr_par' dir='ltr' id='par_1_95' title="bbox 1967 3626 2111 3665">
     <span class='ocr_line' id='line_1_95' title="bbox 1967 3626 2111 3665; baseline 0.007 -1"><span class='ocrx_word' id='word_1_642' title='bbox 1967 3626 2111 3665; x_wconf 89' lang='lat' dir='ltr'><strong>nem.</strong></span> 
     </span>
    </p>
   </div>
   <div class='ocr_carea' id='block_1_96' title="bbox 2484 3788 3012 3846">
    <p class='ocr_par' dir='ltr' id='par_1_96' title="bbox 2484 3788 3012 3846">
     <span class='ocr_line' id='line_1_96' title="bbox 2484 3788 3012 3846; baseline -0.006 0"><span class='ocrx_word' id='word_1_643' title='bbox 2484 3789 2708 3846; x_wconf 71' lang='lat' dir='ltr'><strong>CANON</strong></span> <span class='ocrx_word' id='word_1_644' title='bbox 2749 3788 3012 3844; x_wconf 75' lang='lat' dir='ltr'><strong>CXXVII.</strong></span> 
     </span>
    </p>
   </div>
   <div class='ocr_carea' id='block_1_97' title="bbox 1975 3879 3543 3952">
    <p class='ocr_par' dir='ltr' id='par_1_97' title="bbox 1975 3879 3543 3952">
     <span class='ocr_line' id='line_1_97' title="bbox 1975 3879 3543 3952; baseline -0.003 -16"><span class='ocrx_word' id='word_1_645' title='bbox 1975 3902 1991 3936; x_wconf 77' lang='grc' dir='ltr'>ι</span> <span class='ocrx_word' id='word_1_646' title='bbox 2036 3885 2110 3939; x_wconf 89' lang='lat' dir='ltr'><strong>De</strong></span> <span class='ocrx_word' id='word_1_647' title='bbox 2143 3885 2324 3952; x_wconf 80' lang='lat' dir='ltr'><strong>parvis</strong></span> <span class='ocrx_word' id='word_1_648' title='bbox 2382 3884 2680 3952; x_wconf 75' lang='lat' dir='ltr'><strong>virginibus</strong></span> <span class='ocrx_word' id='word_1_649' title='bbox 2737 3881 2910 3935; x_wconf 86' lang='lat' dir='ltr'><strong>adhuc</strong></span> <span class='ocrx_word' id='word_1_650' title='bbox 2971 3882 3230 3935; x_wconf 78' lang='lat' dir='ltr'><strong>velandis.</strong></span> <span class='ocrx_word' id='word_1_651' title='bbox 3284 3879 3543 3934; x_wconf 79' lang='lat' dir='ltr'><strong>Similiter</strong></span> 
     </span>
    </p>
   </div>
   <div class='ocr_carea' id='block_1_98' title="bbox 2048 3971 3546 4044">
    <p class='ocr_par' dir='ltr' id='par_1_98' title="bbox 2048 3971 3546 4044">
     <span class='ocr_line' id='line_1_98' title="bbox 2048 3971 3546 4044; baseline -0.004 -18"><span class='ocrx_word' id='word_1_652' title='bbox 2048 3994 2066 4026; x_wconf 77' lang='grc' dir='ltr'>ι</span> <span class='ocrx_word' id='word_1_653' title='bbox 2105 3975 2302 4044; x_wconf 83' lang='lat' dir='ltr'><strong>placuit</strong></span> <span class='ocrx_word' id='word_1_654' title='bbox 2331 3985 2390 4029; x_wconf 90' lang='lat' dir='ltr'><strong>ut</strong></span> <span class='ocrx_word' id='word_1_655' title='bbox 2444 3974 2692 4042; x_wconf 80' lang='lat' dir='ltr'><strong>quisquis</strong></span> <span class='ocrx_word' id='word_1_656' title='bbox 2730 3972 3014 4040; x_wconf 87' lang='lat' dir='ltr'><strong>epise0pns</strong></span> <span class='ocrx_word' id='word_1_657' title='bbox 3050 3980 3269 4039; x_wconf 82' lang='lat' dir='ltr'><strong>propter</strong></span> <span class='ocrx_word' id='word_1_658' title='bbox 3309 3971 3546 4025; x_wconf 86' lang='lat' dir='ltr'><strong>necessi-</strong></span> 
     </span>
    </p>
   </div>
   <div class='ocr_carea' id='block_1_99' title="bbox 2048 4062 3548 4135">
    <p class='ocr_par' dir='ltr' id='par_1_99' title="bbox 2048 4062 3548 4135">
     <span class='ocr_line' id='line_1_99' title="bbox 2048 4062 3548 4135; baseline -0.005 -18"><span class='ocrx_word' id='word_1_659' title='bbox 2048 4085 2065 4117; x_wconf 78' lang='grc' dir='ltr'>ι</span> <span class='ocrx_word' id='word_1_660' title='bbox 2108 4076 2270 4120; x_wconf 90' lang='lat' dir='ltr'><strong>tatem</strong></span> <span class='ocrx_word' id='word_1_661' title='bbox 2299 4065 2577 4135; x_wconf 77' lang='lat' dir='ltr'><strong>virginalis</strong></span> <span class='ocrx_word' id='word_1_662' title='bbox 2616 4064 2890 4134; x_wconf 65' lang='lat' dir='ltr'><strong>pudicitim</strong></span> <span class='ocrx_word' id='word_1_663' title='bbox 2926 4063 2975 4116; x_wconf 94' lang='lat' dir='ltr'><strong>in</strong></span> <span class='ocrx_word' id='word_1_664' title='bbox 3024 4062 3321 4130; x_wconf 85' lang='lat' dir='ltr'><strong>periculum</strong></span> <span class='ocrx_word' id='word_1_665' title='bbox 3380 4062 3548 4114; x_wconf 82' lang='lat' dir='ltr'><strong>addo-</strong></span> 
     </span>
    </p>
   </div>
   <div class='ocr_carea' id='block_1_100' title="bbox 2047 4150 3548 4226">
    <p class='ocr_par' dir='ltr' id='par_1_100' title="bbox 2047 4150 3548 4226">
     <span class='ocr_line' id='line_1_100' title="bbox 2047 4150 3548 4226; baseline -0.005 -17"><span class='ocrx_word' id='word_1_666' title='bbox 2047 4176 2064 4208; x_wconf 78' lang='grc' dir='ltr'>ι</span> <span class='ocrx_word' id='word_1_667' title='bbox 2103 4166 2223 4220; x_wconf 83' lang='lat' dir='ltr'><strong>etae.</strong></span> <span class='ocrx_word' id='word_1_668' title='bbox 2261 4157 2482 4226; x_wconf 88' lang='lat' dir='ltr'><strong>quando</strong></span> <span class='ocrx_word' id='word_1_669' title='bbox 2515 4155 2596 4209; x_wconf 89' lang='lat' dir='ltr'><strong>vel</strong></span> <span class='ocrx_word' id='word_1_670' title='bbox 2627 4165 2822 4223; x_wconf 87' lang='lat' dir='ltr'><strong>potens</strong></span> <span class='ocrx_word' id='word_1_671' title='bbox 2851 4161 3067 4206; x_wconf 89' lang='lat' dir='ltr'><strong>amator</strong></span> <span class='ocrx_word' id='word_1_672' title='bbox 3093 4153 3175 4206; x_wconf 82' lang='lat' dir='ltr'><strong>vel</strong></span> <span class='ocrx_word' id='word_1_673' title='bbox 3230 4161 3416 4221; x_wconf 89' lang='lat' dir='ltr'><strong>raptor</strong></span> <span class='ocrx_word' id='word_1_674' title='bbox 3447 4150 3548 4203; x_wconf 85' lang='lat' dir='ltr'><strong>ali-</strong></span> 
     </span>
    </p>
   </div>
   <div class='ocr_carea' id='block_1_101' title="bbox 2049 4243 3550 4317">
    <p class='ocr_par' dir='ltr' id='par_1_101' title="bbox 2049 4243 3550 4317">
     <span class='ocr_line' id='line_1_101' title="bbox 2049 4243 3550 4317; baseline -0.003 -18"><span class='ocrx_word' id='word_1_675' title='bbox 2049 4267 2066 4299; x_wconf 77' lang='lat' dir='ltr'><strong>r</strong></span> <span class='ocrx_word' id='word_1_676' title='bbox 2108 4249 2229 4317; x_wconf 91' lang='lat' dir='ltr'><strong>quis</strong></span> <span class='ocrx_word' id='word_1_677' title='bbox 2279 4255 2566 4317; x_wconf 80' lang='lat' dir='ltr'><strong>suspectus</strong></span> <span class='ocrx_word' id='word_1_678' title='bbox 2623 4244 2808 4311; x_wconf 73' lang='lat' dir='ltr'><strong>fuerit,</strong></span> <span class='ocrx_word' id='word_1_679' title='bbox 2843 4243 2925 4296; x_wconf 80' lang='lat' dir='ltr'><strong>Vel</strong></span> <span class='ocrx_word' id='word_1_680' title='bbox 2957 4244 3068 4311; x_wconf 86' lang='lat' dir='ltr'><strong>ipsa</strong></span> <span class='ocrx_word' id='word_1_681' title='bbox 3117 4244 3276 4297; x_wconf 86' lang='lat' dir='ltr'><strong>etiam</strong></span> <span class='ocrx_word' id='word_1_682' title='bbox 3332 4250 3550 4310; x_wconf 88' lang='lat' dir='ltr'><strong>propter</strong></span> 
     </span>
    </p>
   </div>
   <div class='ocr_carea' id='block_1_102' title="bbox 2050 4329 3550 4404">
    <p class='ocr_par' dir='ltr' id='par_1_102' title="bbox 2050 4329 3550 4404">
     <span class='ocr_line' id='line_1_102' title="bbox 2050 4329 3550 4404; baseline -0.006 -12"><span class='ocrx_word' id='word_1_683' title='bbox 2050 4355 2067 4388; x_wconf 73' lang='grc' dir='ltr'>ι</span> <span class='ocrx_word' id='word_1_684' title='bbox 2108 4337 2444 4394; x_wconf 82' lang='lat' dir='ltr'><strong>mortiferum</strong></span> <span class='ocrx_word' id='word_1_685' title='bbox 2483 4335 2698 4404; x_wconf 84' lang='lat' dir='ltr'><strong>aliquod</strong></span> <span class='ocrx_word' id='word_1_686' title='bbox 2742 4331 3040 4401; x_wconf 86' lang='lat' dir='ltr'><strong>periculum</strong></span> <span class='ocrx_word' id='word_1_687' title='bbox 3074 4339 3395 4399; x_wconf 82' lang='lat' dir='ltr'><strong>compuncta</strong></span> <span class='ocrx_word' id='word_1_688' title='bbox 3431 4329 3550 4383; x_wconf 82' lang='lat' dir='ltr'><strong>fuc-</strong></span> 
     </span>
    </p>
   </div>
   <div class='ocr_carea' id='block_1_103' title="bbox 2051 4420 3553 4494">
    <p class='ocr_par' dir='ltr' id='par_1_103' title="bbox 2051 4420 3553 4494">
     <span class='ocr_line' id='line_1_103' title="bbox 2051 4420 3553 4494; baseline -0.003 -14"><span class='ocrx_word' id='word_1_689' title='bbox 2051 4447 2069 4480; x_wconf 78' lang='grc' dir='ltr'>ι</span> <span class='ocrx_word' id='word_1_690' title='bbox 2109 4430 2199 4493; x_wconf 86' lang='lat' dir='ltr'><strong>rit,</strong></span> <span class='ocrx_word' id='word_1_691' title='bbox 2232 4427 2646 4494; x_wconf 83' lang='lat' dir='ltr'><strong>adhortantibus</strong></span> <span class='ocrx_word' id='word_1_692' title='bbox 2681 4425 2769 4479; x_wconf 86' lang='lat' dir='ltr'><strong>vel</strong></span> <span class='ocrx_word' id='word_1_693' title='bbox 2834 4425 2953 4494; x_wconf 76' lang='lat' dir='ltr'><strong>eius</strong></span> <span class='ocrx_word' id='word_1_694' title='bbox 2989 4423 3325 4494; x_wconf 82' lang='lat' dir='ltr'><strong>parentibus.</strong></span> <span class='ocrx_word' id='word_1_695' title='bbox 3354 4420 3436 4475; x_wconf 88' lang='lat' dir='ltr'><strong>vel</strong></span> <span class='ocrx_word' id='word_1_696' title='bbox 3485 4421 3553 4475; x_wconf 89' lang='lat' dir='ltr'><strong>iis</strong></span> 
     </span>
    </p>
   </div>
   <div class='ocr_carea' id='block_1_104' title="bbox 2051 4512 3550 4588">
    <p class='ocr_par' dir='ltr' id='par_1_104' title="bbox 2051 4512 3550 4588">
     <span class='ocr_line' id='line_1_104' title="bbox 2051 4512 3550 4588; baseline -0.006 -16"><span class='ocrx_word' id='word_1_697' title='bbox 2051 4539 2070 4572; x_wconf 78' lang='grc' dir='ltr'>ι</span> <span class='ocrx_word' id='word_1_698' title='bbox 2115 4519 2205 4588; x_wconf 84' lang='lat' dir='ltr'><strong>qui</strong></span> <span class='ocrx_word' id='word_1_699' title='bbox 2237 4519 2353 4587; x_wconf 85' lang='lat' dir='ltr'><strong>ejus</strong></span> <span class='ocrx_word' id='word_1_700' title='bbox 2382 4532 2568 4573; x_wconf 89' lang='lat' dir='ltr'><strong>curam</strong></span> <span class='ocrx_word' id='word_1_701' title='bbox 2596 4522 2812 4586; x_wconf 75' lang='lat' dir='ltr'><strong>gerunt,</strong></span> <span class='ocrx_word' id='word_1_702' title='bbox 2851 4523 2908 4568; x_wconf 90' lang='lat' dir='ltr'><strong>ut</strong></span> <span class='ocrx_word' id='word_1_703' title='bbox 2939 4528 3044 4568; x_wconf 90' lang='lat' dir='ltr'><strong>non</strong></span> <span class='ocrx_word' id='word_1_704' title='bbox 3079 4515 3194 4567; x_wconf 86' lang='lat' dir='ltr'><strong>sine</strong></span> <span class='ocrx_word' id='word_1_705' title='bbox 3220 4512 3401 4566; x_wconf 89' lang='lat' dir='ltr'><strong>habitu</strong></span> <span class='ocrx_word' id='word_1_706' title='bbox 3432 4525 3550 4563; x_wconf 83' lang='lat' dir='ltr'><strong>mo-</strong></span> 
     </span>
    </p>
   </div>
   <div class='ocr_carea' id='block_1_105' title="bbox 2052 4603 3552 4678">
    <p class='ocr_par' dir='ltr' id='par_1_105' title="bbox 2052 4603 3552 4678">
     <span class='ocr_line' id='line_1_105' title="bbox 2052 4603 3552 4678; baseline -0.007 -14"><span class='ocrx_word' id='word_1_707' title='bbox 2052 4632 2069 4664; x_wconf 79' lang='grc' dir='ltr'>ι</span> <span class='ocrx_word' id='word_1_708' title='bbox 2115 4612 2326 4678; x_wconf 83' lang='lat' dir='ltr'><strong>riatur,</strong></span> <span class='ocrx_word' id='word_1_709' title='bbox 2397 4609 2655 4665; x_wconf 85' lang='lat' dir='ltr'><strong>velaverit</strong></span> <span class='ocrx_word' id='word_1_710' title='bbox 2706 4607 2970 4677; x_wconf 81' lang='lat' dir='ltr'><strong>virginem</strong></span> <span class='ocrx_word' id='word_1_711' title='bbox 3026 4605 3110 4660; x_wconf 86' lang='lat' dir='ltr'><strong>vel</strong></span> <span class='ocrx_word' id='word_1_712' title='bbox 3168 4603 3361 4657; x_wconf 79' lang='lat' dir='ltr'><strong>velavit</strong></span> <span class='ocrx_word' id='word_1_713' title='bbox 3411 4603 3552 4655; x_wconf 88' lang='lat' dir='ltr'><strong>intra</strong></span> 
     </span>
    </p>
   </div>
   <div class='ocr_carea' id='block_1_106' title="bbox 2049 4692 3553 4772">
    <p class='ocr_par' dir='ltr' id='par_1_106' title="bbox 2049 4692 3553 4772">
     <span class='ocr_line' id='line_1_106' title="bbox 2049 4692 3553 4772; baseline -0.007 -16"><span class='ocrx_word' id='word_1_714' title='bbox 2049 4724 2066 4756; x_wconf 74' lang='grc' dir='ltr'>ι</span> <span class='ocrx_word' id='word_1_715' title='bbox 2110 4705 2427 4759; x_wconf 86' lang='lat' dir='ltr'><strong>vicesimum</strong></span> <span class='ocrx_word' id='word_1_716' title='bbox 2512 4701 2766 4772; x_wconf 91' lang='lat' dir='ltr'><strong>quintum</strong></span> <span class='ocrx_word' id='word_1_717' title='bbox 2843 4697 3018 4753; x_wconf 74' lang='lat' dir='ltr'><strong>aetatis</strong></span> <span class='ocrx_word' id='word_1_718' title='bbox 3083 4711 3329 4759; x_wconf 88' lang='lat' dir='ltr'><strong>annum;</strong></span> <span class='ocrx_word' id='word_1_719' title='bbox 3419 4692 3553 4746; x_wconf 84' lang='lat' dir='ltr'><strong>nihil</strong></span> 
     </span>
    </p>
   </div>
   <div class='ocr_carea' id='block_1_107' title="bbox 2055 4785 3550 4847">
    <p class='ocr_par' dir='ltr' id='par_1_107' title="bbox 2055 4785 3550 4847">
     <span class='ocr_line' id='line_1_107' title="bbox 2055 4785 3550 4847; baseline -0.005 -3"><span class='ocrx_word' id='word_1_720' title='bbox 2055 4812 2074 4844; x_wconf 78' lang='grc' dir='ltr'>ι</span> <span class='ocrx_word' id='word_1_721' title='bbox 2113 4807 2234 4847; x_wconf 91' lang='lat' dir='ltr'><strong>eum</strong></span> <span class='ocrx_word' id='word_1_722' title='bbox 2272 4791 2429 4845; x_wconf 62' lang='lat' dir='ltr'><strong>laedet</strong></span> <span class='ocrx_word' id='word_1_723' title='bbox 2473 4790 2543 4845; x_wconf 90' lang='lat' dir='ltr'><strong>de</strong></span> <span class='ocrx_word' id='word_1_724' title='bbox 2569 4805 2633 4844; x_wconf 90' lang='lat' dir='ltr'><strong>eo</strong></span> <span class='ocrx_word' id='word_1_725' title='bbox 2659 4803 2922 4843; x_wconf 88' lang='lat' dir='ltr'><strong>annorum</strong></span> <span class='ocrx_word' id='word_1_726' title='bbox 2979 4799 3205 4840; x_wconf 87' lang='lat' dir='ltr'><strong>numero</strong></span> <span class='ocrx_word' id='word_1_727' title='bbox 3258 4785 3550 4837; x_wconf 85' lang='lat' dir='ltr'><strong>constituta</strong></span> 
     </span>
    </p>
   </div>
   <div class='ocr_carea' id='block_1_108' title="bbox 2048 4883 2432 4953">
    <p class='ocr_par' dir='ltr' id='par_1_108' title="bbox 2048 4883 2432 4953">
     <span class='ocr_line' id='line_1_108' title="bbox 2048 4883 2432 4953; baseline -0.005 -19"><span class='ocrx_word' id='word_1_728' title='bbox 2048 4903 2066 4934; x_wconf 77' lang='grc' dir='ltr'>ι</span> <span class='ocrx_word' id='word_1_729' title='bbox 2112 4883 2370 4953; x_wconf 80' lang='lat' dir='ltr'><strong>synodus.</strong></span> <span class='ocrx_word' id='word_1_730' title='bbox 2416 4900 2432 4932; x_wconf 73' lang='grc' dir='ltr'><strong>ι</strong></span> 
     </span>
    </p>
   </div>
   <div class='ocr_carea' id='block_1_109' title="bbox 2045 4971 3549 5041">
    <p class='ocr_par' dir='ltr' id='par_1_109' title="bbox 2045 4971 3549 5041">
     <span class='ocr_line' id='line_1_109' title="bbox 2045 4971 3549 5041; baseline -0.004 -13"><span class='ocrx_word' id='word_1_731' title='bbox 2045 4973 2240 5029; x_wconf 83' lang='lat' dir='ltr'><strong>BALS.</strong></span> <span class='ocrx_word' id='word_1_732' title='bbox 2278 4974 2597 5029; x_wconf 84' lang='lat' dir='ltr'><strong>Coosecrari</strong></span> <span class='ocrx_word' id='word_1_733' title='bbox 2633 4973 2848 5040; x_wconf 87' lang='lat' dir='ltr'><strong>quidem</strong></span> <span class='ocrx_word' id='word_1_734' title='bbox 2871 4971 3111 5041; x_wconf 78' lang='lat' dir='ltr'><strong>virgines</strong></span> <span class='ocrx_word' id='word_1_735' title='bbox 3144 4978 3337 5024; x_wconf 83' lang='lat' dir='ltr'><strong>tractat</strong></span> <span class='ocrx_word' id='word_1_736' title='bbox 3364 4979 3549 5023; x_wconf 78' lang='lat' dir='ltr'><strong>sextus</strong></span> 
     </span>
    </p>
   </div>
   <div class='ocr_carea' id='block_1_110' title="bbox 1976 5063 3545 5136">
    <p class='ocr_par' dir='ltr' id='par_1_110' title="bbox 1976 5063 3545 5136">
     <span class='ocr_line' id='line_1_110' title="bbox 1976 5063 3545 5136; baseline -0.007 -13"><span class='ocrx_word' id='word_1_737' title='bbox 1976 5081 2144 5123; x_wconf 89' lang='lat' dir='ltr'><strong>canon</strong></span> <span class='ocrx_word' id='word_1_738' title='bbox 2181 5066 2463 5135; x_wconf 75' lang='lat' dir='ltr'><strong>praesentis</strong></span> <span class='ocrx_word' id='word_1_739' title='bbox 2488 5064 2696 5136; x_wconf 83' lang='lat' dir='ltr'><strong>synodi.</strong></span> <span class='ocrx_word' id='word_1_740' title='bbox 2730 5072 2784 5116; x_wconf 83' lang='lat' dir='ltr'><strong>et</strong></span> <span class='ocrx_word' id='word_1_741' title='bbox 2813 5063 3265 5133; x_wconf 78' lang='lat' dir='ltr'><strong>quadragesimus</strong></span> <span class='ocrx_word' id='word_1_742' title='bbox 3295 5073 3545 5131; x_wconf 77' lang='lat' dir='ltr'><strong>quartus,</strong></span> 
     </span>
    </p>
   </div>
   <div class='ocr_carea' id='block_1_111' title="bbox 1978 5155 3550 5224">
    <p class='ocr_par' dir='ltr' id='par_1_111' title="bbox 1978 5155 3550 5224">
     <span class='ocr_line' id='line_1_111' title="bbox 1978 5155 3550 5224; baseline -0.006 -11"><span class='ocrx_word' id='word_1_743' title='bbox 1978 5170 2032 5213; x_wconf 92' lang='lat' dir='ltr'><strong>ut</strong></span> <span class='ocrx_word' id='word_1_744' title='bbox 2062 5160 2113 5213; x_wconf 90' lang='lat' dir='ltr'><strong>in</strong></span> <span class='ocrx_word' id='word_1_745' title='bbox 2150 5159 2489 5213; x_wconf 90' lang='lat' dir='ltr'><strong>convenienti</strong></span> <span class='ocrx_word' id='word_1_746' title='bbox 2526 5165 2682 5210; x_wconf 65' lang='lat' dir='ltr'><strong>aetate</strong></span> <span class='ocrx_word' id='word_1_747' title='bbox 2708 5155 2839 5224; x_wconf 67' lang='lat' dir='ltr'><strong>ipsa:</strong></span> <span class='ocrx_word' id='word_1_748' title='bbox 2866 5157 3028 5210; x_wconf 88' lang='lat' dir='ltr'><strong>etiam</strong></span> <span class='ocrx_word' id='word_1_749' title='bbox 3075 5155 3393 5209; x_wconf 76' lang='lat' dir='ltr'><strong>diaconissze</strong></span> <span class='ocrx_word' id='word_1_750' title='bbox 3420 5167 3550 5207; x_wconf 60' lang='lat' dir='ltr'><strong>cono</strong></span> 
     </span>
    </p>
   </div>
   <div class='ocr_carea' id='block_1_112' title="bbox 1977 5246 3549 5319">
    <p class='ocr_par' dir='ltr' id='par_1_112' title="bbox 1977 5246 3549 5319">
     <span class='ocr_line' id='line_1_112' title="bbox 1977 5246 3549 5319; baseline -0.004 -15"><span class='ocrx_word' id='word_1_751' title='bbox 1977 5252 2271 5306; x_wconf 85' lang='lat' dir='ltr'><strong>stituantur</strong></span> <span class='ocrx_word' id='word_1_752' title='bbox 2308 5269 2320 5304; x_wconf 89' lang='lat'><strong>:</strong></span> <span class='ocrx_word' id='word_1_753' title='bbox 2355 5249 2594 5303; x_wconf 87' lang='lat' dir='ltr'><strong>habitum</strong></span> <span class='ocrx_word' id='word_1_754' title='bbox 2627 5249 2786 5319; x_wconf 77' lang='lat'><strong>66]</strong></span> <span class='ocrx_word' id='word_1_755' title='bbox 2834 5257 3014 5302; x_wconf 83' lang='lat' dir='ltr'><strong>autem</strong></span> <span class='ocrx_word' id='word_1_756' title='bbox 3071 5263 3285 5302; x_wconf 87' lang='lat' dir='ltr'><strong>sumere</strong></span> <span class='ocrx_word' id='word_1_757' title='bbox 3317 5256 3436 5316; x_wconf 88' lang='lat' dir='ltr'><strong>post</strong></span> <span class='ocrx_word' id='word_1_758' title='bbox 3461 5246 3549 5298; x_wconf 80' lang='lat' dir='ltr'><strong>vi-</strong></span> 
     </span>
    </p>
   </div>
   <div class='ocr_carea' id='block_1_113' title="bbox 1977 5339 3548 5412">
    <p class='ocr_par' dir='ltr' id='par_1_113' title="bbox 1977 5339 3548 5412">
     <span class='ocr_line' id='line_1_113' title="bbox 1977 5339 3548 5412; baseline -0.004 -13"><span class='ocrx_word' id='word_1_759' title='bbox 1977 5345 2236 5399; x_wconf 83' lang='lat' dir='ltr'><strong>cesimum</strong></span> <span class='ocrx_word' id='word_1_760' title='bbox 2283 5346 2528 5411; x_wconf 87' lang='lat' dir='ltr'><strong>quintum</strong></span> <span class='ocrx_word' id='word_1_761' title='bbox 2561 5358 2760 5395; x_wconf 91' lang='lat' dir='ltr'><strong>annum</strong></span> <span class='ocrx_word' id='word_1_762' title='bbox 2796 5358 2823 5394; x_wconf 86' lang='lat' dir='ltr'><strong>a</strong></span> <span class='ocrx_word' id='word_1_763' title='bbox 2863 5342 3111 5412; x_wconf 67' lang='lat' dir='ltr'><strong>prmsenti</strong></span> <span class='ocrx_word' id='word_1_764' title='bbox 3149 5357 3355 5394; x_wconf 86' lang='lat' dir='ltr'><strong>canone</strong></span> <span class='ocrx_word' id='word_1_765' title='bbox 3386 5339 3548 5393; x_wconf 84' lang='lat' dir='ltr'><strong>disci-</strong></span> 
     </span>
    </p>
   </div>
   <div class='ocr_carea' id='block_1_114' title="bbox 1979 5432 3550 5503">
    <p class='ocr_par' dir='ltr' id='par_1_114' title="bbox 1979 5432 3550 5503">
     <span class='ocr_line' id='line_1_114' title="bbox 1979 5432 3550 5503; baseline -0.004 -13"><span class='ocrx_word' id='word_1_766' title='bbox 1979 5452 2116 5491; x_wconf 91' lang='lat' dir='ltr'><strong>mus.</strong></span> <span class='ocrx_word' id='word_1_767' title='bbox 2148 5437 2334 5490; x_wconf 80' lang='lat' dir='ltr'><strong>Dicunt</strong></span> <span class='ocrx_word' id='word_1_768' title='bbox 2367 5437 2509 5489; x_wconf 88' lang='lat' dir='ltr'><strong>enim</strong></span> <span class='ocrx_word' id='word_1_769' title='bbox 2534 5435 2742 5500; x_wconf 91' lang='lat' dir='ltr'><strong>Patres,</strong></span> <span class='ocrx_word' id='word_1_770' title='bbox 2770 5442 2826 5490; x_wconf 85' lang='lat' dir='ltr'><strong>ut</strong></span> <span class='ocrx_word' id='word_1_771' title='bbox 2848 5435 2891 5489; x_wconf 90' lang='lat' dir='ltr'><strong>si</strong></span> <span class='ocrx_word' id='word_1_772' title='bbox 2916 5435 3202 5503; x_wconf 86' lang='lat' dir='ltr'><strong>episcopus</strong></span> <span class='ocrx_word' id='word_1_773' title='bbox 3227 5435 3307 5487; x_wconf 87' lang='lat' dir='ltr'><strong>vel</strong></span> <span class='ocrx_word' id='word_1_774' title='bbox 3334 5432 3550 5493; x_wconf 88' lang='lat' dir='ltr'><strong>velavit.</strong></span> 
     </span>
    </p>
   </div>
   <div class='ocr_carea' id='block_1_115' title="bbox 1982 5523 3555 5596">
    <p class='ocr_par' dir='ltr' id='par_1_115' title="bbox 1982 5523 3555 5596">
     <span class='ocr_line' id='line_1_115' title="bbox 1982 5523 3555 5596; baseline -0.004 -14"><span class='ocrx_word' id='word_1_775' title='bbox 1982 5529 2082 5583; x_wconf 87' lang='lat' dir='ltr'><strong>boc</strong></span> <span class='ocrx_word' id='word_1_776' title='bbox 2130 5539 2232 5592; x_wconf 83' lang='lat' dir='ltr'><strong>est,</strong></span> <span class='ocrx_word' id='word_1_777' title='bbox 2286 5529 2461 5582; x_wconf 86' lang='lat' dir='ltr'><strong>induit</strong></span> <span class='ocrx_word' id='word_1_778' title='bbox 2521 5528 2785 5596; x_wconf 81' lang='lat' dir='ltr'><strong>virginem</strong></span> <span class='ocrx_word' id='word_1_779' title='bbox 2838 5527 2946 5580; x_wconf 86' lang='lat' dir='ltr'><strong>Deo</strong></span> <span class='ocrx_word' id='word_1_780' title='bbox 3004 5533 3404 5590; x_wconf 86' lang='lat' dir='ltr'><strong>consecratam,</strong></span> <span class='ocrx_word' id='word_1_781' title='bbox 3469 5523 3555 5576; x_wconf 87' lang='lat' dir='ltr'><strong>vel</strong></span> 
     </span>
    </p>
   </div>
   <div class='ocr_carea' id='block_1_116' title="bbox 1980 5618 3554 5689">
    <p class='ocr_par' dir='ltr' id='par_1_116' title="bbox 1980 5618 3554 5689">
     <span class='ocr_line' id='line_1_116' title="bbox 1980 5618 3554 5689; baseline -0.004 -16"><span class='ocrx_word' id='word_1_782' title='bbox 1980 5622 2201 5686; x_wconf 84' lang='lat' dir='ltr'><strong>velabit,</strong></span> <span class='ocrx_word' id='word_1_783' title='bbox 2265 5631 2391 5673; x_wconf 88' lang='lat' dir='ltr'><strong>ante</strong></span> <span class='ocrx_word' id='word_1_784' title='bbox 2444 5628 2658 5674; x_wconf 67' lang='lat' dir='ltr'><strong>{elatam</strong></span> <span class='ocrx_word' id='word_1_785' title='bbox 2751 5620 2938 5689; x_wconf 77' lang='lat' dir='ltr'><strong>viginti</strong></span> <span class='ocrx_word' id='word_1_786' title='bbox 2998 5618 3234 5686; x_wconf 87' lang='lat' dir='ltr'><strong>quinque</strong></span> <span class='ocrx_word' id='word_1_787' title='bbox 3290 5631 3554 5670; x_wconf 85' lang='lat' dir='ltr'><strong>annorum</strong></span> 
     </span>
    </p>
   </div>
   <div class='ocr_carea' id='block_1_117' title="bbox 1985 5706 3554 5782">
    <p class='ocr_par' dir='ltr' id='par_1_117' title="bbox 1985 5706 3554 5782">
     <span class='ocr_line' id='line_1_117' title="bbox 1985 5706 3554 5782; baseline -0.003 -18"><span class='ocrx_word' id='word_1_788' title='bbox 1985 5711 2144 5782; x_wconf 83' lang='lat' dir='ltr'><strong>(lorte</strong></span> <span class='ocrx_word' id='word_1_789' title='bbox 2171 5714 2313 5767; x_wconf 88' lang='lat' dir='ltr'><strong>enim</strong></span> <span class='ocrx_word' id='word_1_790' title='bbox 2352 5713 2470 5780; x_wconf 84' lang='lat' dir='ltr'><strong>ejus</strong></span> <span class='ocrx_word' id='word_1_791' title='bbox 2502 5711 2774 5779; x_wconf 72' lang='lat' dir='ltr'><strong>pudicitia:</strong></span> <span class='ocrx_word' id='word_1_792' title='bbox 2824 5710 3184 5765; x_wconf 87' lang='lat' dir='ltr'><strong>insidiabatur</strong></span> <span class='ocrx_word' id='word_1_793' title='bbox 3214 5719 3404 5778; x_wconf 86' lang='lat' dir='ltr'><strong>potens</strong></span> <span class='ocrx_word' id='word_1_794' title='bbox 3452 5706 3554 5760; x_wconf 71' lang='lat' dir='ltr'><strong>alio</strong></span> 
     </span>
    </p>
   </div>
   <div class='ocr_carea' id='block_1_118' title="bbox 1983 5797 3551 5873">
    <p class='ocr_par' dir='ltr' id='par_1_118' title="bbox 1983 5797 3551 5873">
     <span class='ocr_line' id='line_1_118' title="bbox 1983 5797 3551 5873; baseline -0.002 -19"><span class='ocrx_word' id='word_1_795' title='bbox 1983 5801 2125 5872; x_wconf 85' lang='lat' dir='ltr'><strong>quis.</strong></span> <span class='ocrx_word' id='word_1_796' title='bbox 2157 5802 2238 5858; x_wconf 86' lang='lat' dir='ltr'><strong>vel</strong></span> <span class='ocrx_word' id='word_1_797' title='bbox 2274 5801 2570 5873; x_wconf 85' lang='lat' dir='ltr'><strong>periculum</strong></span> <span class='ocrx_word' id='word_1_798' title='bbox 2626 5810 2744 5857; x_wconf 86' lang='lat' dir='ltr'><strong>erat</strong></span> <span class='ocrx_word' id='word_1_799' title='bbox 2787 5817 2854 5858; x_wconf 90' lang='lat' dir='ltr'><strong>ne</strong></span> <span class='ocrx_word' id='word_1_800' title='bbox 2909 5807 3193 5870; x_wconf 82' lang='lat' dir='ltr'><strong>raperetur</strong></span> <span class='ocrx_word' id='word_1_801' title='bbox 3238 5801 3303 5855; x_wconf 84' lang='lat' dir='ltr'><strong>ab</strong></span> <span class='ocrx_word' id='word_1_802' title='bbox 3347 5797 3551 5867; x_wconf 78' lang='lat' dir='ltr'><strong>aliquo,</strong></span> 
     </span>
    </p>
   </div>
  </div>
