4136 6482
612 351 720 415 407

1823 358 1922 415 ΤΠ
1936 358 2105 417 EOD.
2162 361 2560 421 BALSAMON

3737 363 3834 425 408

610 470 700 522 qut
731 469 927 509 vesano
950 456 1061 520 ejus
1124 472 1309 512 amore
1350 469 1544 528 captus
1578 469 1711 520 erat.
1764 463 1843 515 vel
1899 462 2166 515 mortifero

2283 467 2597 536 άρπαγῆναι
2629 472 2775 538 παρά
2824 486 2965 529 τινος
3002 469 3491 538 ἐρωτομανοῦντος.
3534 468 3565 538 ἢ
3606 467 3709 519 ὑπὸ
3744 468 3834 520 θα-

612 546 799 597 morbo
829 554 1097 613 correpta,
1129 562 1194 599 ne
1232 563 1262 601 e
1304 548 1408 601 vita
1442 552 1696 619 migraret
1750 552 2060 612 timebatur,
2090 562 2166 615 et,

612 650 677 687 ne
713 650 813 687 non
841 635 1075 702 perlecta
1111 650 1430 702 remaneret.
1452 642 1719 696 adhortati
1750 653 1869 697 sunt
1896 654 2165 711 parentes,

609 724 689 774 vel
725 725 813 792 qui
841 727 1038 793 alioqui
1072 727 1189 796 ejus
1222 744 1405 784 curam
1450 733 1725 801 gerebant,
1759 749 1825 788 ne
1863 750 1923 788 ea
1979 743 2167 788 sancto

608 814 793 866 habitu
824 816 1126 882 privaretur
1154 838 1168 872 :
1202 829 1253 874 et
1288 832 1505 889 propter
1532 823 1793 891 ejusmodi
1839 825 2013 891 justas
2040 840 2164 879 cau-

605 918 695 956 sas
737 919 853 957 eam
881 914 1005 958 ante
1038 908 1240 975 justum
1278 920 1489 979 tempus
1550 914 1761 982 induit)
1817 916 1961 967 nulla
2009 916 2060 967 in
2110 929 2167 967 re

611 995 920 1061 przejudicio
949 998 1208 1051 aiiir-iatur
1229 1002 1366 1068 apud
1397 1002 1687 1072 synodum,
1710 1020 1827 1073 quae
1860 1005 2165 1073 bujusmodi

607 1099 799 1137 causas
848 1088 1005 1140 debet
1060 1090 1376 1156 observare,
1427 1103 1686 1162 tanquam
1744 1098 1832 1164 qui
1857 1095 1995 1150 forte
2042 1104 2168 1149 ante

606 1176 786 1244 viginti
818 1179 1061 1247 quinque
1092 1195 1260 1237 annos
1289 1184 1587 1251 completos
1607 1187 1867 1255 virginem
1895 1188 2128 1241 induerit
2152 1226 2165 1249 ,

611 1273 664 1315 et
696 1280 960 1320 canenum
1018 1278 1385 1336 transgressor
1418 1284 1715 1341 reputetur.
1749 1276 1811 1328 Et
1846 1278 1897 1328 in
1931 1276 2016 1329 bis
2046 1277 2165 1341 qui-

603 1353 726 1405 dem
768 1358 1015 1409 consistit
1047 1373 1242 1411 canon.
1282 1359 1360 1413 Tu
1392 1372 1572 1416 autem
1622 1362 1735 1431 lege
1781 1379 2043 1419 canonem
2098 1365 2166 1418 ιο

604 1454 723 1506 ηπ.
759 1442 807 1493 in
838 1442 1059 1506 Trullo;
1091 1454 1143 1498 et
1176 1445 1258 1499 die
1305 1450 1600 1503 secundum
1630 1452 1801 1516 illum,
1852 1468 1943 1505 eos
1974 1453 2063 1519 qui
2100 1454 2164 1505 ad

607 1529 771 1582 Deum
806 1535 1087 1594 accedunt.
1127 1536 1502 1591 transformari
1552 1542 2163 1611 habitumque'mutare,

602 1623 713 1675 sive
749 1624 855 1676 sint
907 1626 1025 1688 viri,
1079 1629 1190 1681 sive
1239 1632 1515 1694 mulieres,
1555 1634 1762 1687 scilicet
1819 1646 1937 1702 post
1969 1638 2164 1689 decen-

605 1717 773 1769 nium.
810 1719 903 1772 Est
935 1722 1077 1773 enim
1111 1738 1170 1773 ea
1210 1726 1447 1792 synodus
1495 1730 1745 1795 praesenti
1790 1731 2077 1797 posterior.
2113 1740 2165 1783 et

2277 560 2585 626 νατηφόρου
2611 560 2765 612 νόσου
2803 562 3200 628 καταηεθεῖσα
3230 562 3491 629 ἠλπίζετο
3537 562 3835 614 καταλῦσαι

2274 649 2367 700 τὸν
2398 648 2547 717 βίονο
2576 651 2668 702 καὶ
2702 650 2788 703 τνα
2821 651 2893 719 μὴ
2922 651 3241 713 ἁτελείωτος
3278 652 3454 721 μείνῃ,
3491 652 3836 721 παράκλησις

2276 742 2463 805 γέγονε
2498 741 2648 807 παρὰ
2680 741 2789 793 τῶν
2819 743 3021 808 γονέων
3054 741 3270 809 αύτῆςῆ
3298 742 3608 802 cavillo);
3627 743 3693 793 τὶ
3713 743 3829 794 κατ’

2275 829 2445 897 αὐτὴν
2491 830 2925 897 οἰκονομούντων
2983 831 3056 899 μὴ
3121 831 3453 900 στερηθῆναι
3506 832 3713 897 ταύτην
3748 833 3838 884 τοῦ

2276 916 2432 982 ἁγίου
2484 920 2800 985 σχήματος’
2857 918 2949 969 καί
2988 918 3074 969 διὰ
3112 918 3212 979 τὰς
3278 918 3535 979 τοιαύτας
3590 919 3841 984 εὐλόγους

2274 1006 2451 1067 αἰτίας
2483 1008 2577 1058 καὶ
2632 1006 2740 1075 πρὸ
2768 1006 2862 1059 τοῦ
2894 1007 3286 1075 νενομισμένου
3340 1007 3538 1076 καιροῦ
3574 1025 3838 1077 μετεσχη-

2278 1098 2472 1163 ματισε
2501 1096 2753 1167 ταύτην).
2802 1101 2942 1151 κατὰ
2988 1098 3154 1167 μηδὲν
3209 1099 3655 1168 προκριματισθῇ
3694 1101 3841 1166 παρὰ

2273 1190 2337 1255 τῇ
2393 1188 2679 1258 όφειλούσῃ
2734 1190 2971 1257 τηρῆσαι
3028 1190 3233 1259 συνόδῳ
3280 1190 3349 1242 τὰ
3412 1190 3510 1257 τῆς
3586 1189 3840 1257 τοιαύτης

2276 1280 2612 1341 ὑποθέσεως,
2669 1280 2746 1341 ὡς
2775 1282 2917 1348 τάχα
2956 1281 3061 1348 πρὸ
3109 1281 3208 1346 τῆς
3244 1280 3697 1350 συμπληρώσεως
3737 1281 3844 1333 τῶν

2276 1370 2643 1423 κε’ἐνιαυτῶν
2697 1371 3190 1439 μετασχηματίσας
3220 1372 3320 1439 τὴν
3363 1373 3555 1440 κόρην,
3610 1373 3702 1423 καὶ
3743 1388 3843 1422 πα-

2277 1460 2520 1526 ραὸάτης
2540 1459 2649 1509 τῶν
2675 1458 2916 1510 κανόνων
2942 1457 3318 1525 λογιζόμενος.
3360 1459 3467 1510 Καὶ
3493 1460 3520 1508 ό
3551 1458 3649 1526 μέν
3664 1457 3845 1509 κανὼν

2283 1551 2340 1599 ἐν
2362 1548 2591 1609 τούτοις.
2623 1548 2695 1600 Σὺ
2724 1548 2778 1601 δέ
2810 1550 3127 1615 άνάγνωσον
3162 1548 3252 1599 τὸν
3309 1546 3359 1617 μ’
3387 1551 3586 1599 κανόνα
3632 1549 3729 1615 τῆς
3792 1552 3847 1598 ἐν

2275 1640 2352 1708 τῷ
2387 1640 2644 1708 Τρούλλῳ
2682 1641 2900 1693 συνόδου
2929 1657 2943 1670 ·
2976 1641 3069 1691 καὶ
3104 1642 3225 1692 κατ’
3277 1641 3485 1691 ἐκεῖνον
3522 1640 3643 1705 λέγε
3685 1656 3849 1706 μετα-

2279 1728 2709 1797 σχηματίζεσθαι
2742 1732 2877 1792 τοὺς
2904 1732 3384 1798 προσερχομένους
3431 1730 3510 1795 τῷ
3546 1728 3688 1796 Θεῷ,
3749 1727 3847 1779 κᾶν

602 1811 773 1859 sancti
811 1810 971 1864 etiam
1008 1811 1189 1866 Basilii
1216 1817 1531 1873 canonihus.
1570 1817 1623 1871 Si
1648 1831 1827 1872 autem
1863 1821 1990 1873 velis
2026 1836 2165 1888 prm-

2274 1820 2465 1888 άνδρες
2495 1813 2622 1883 ὦσι,
2665 1820 2769 1872 κᾶν
2800 1823 3079 1885 γυναῖκες,
3112 1822 3282 1888 ἤγουν
3330 1820 3466 1888 μετὰ
3495 1820 3585 1871 τὸν
3620 1820 3849 1886 δεκαετῆ

603 1905 806 1949 sentem
841 1914 1098 1953 canonem
1125 1904 1327 1967 valere,
1365 1916 1422 1959 ut
1450 1923 1552 1960 non
1584 1910 1897 1975 pra’judicio
1928 1910 2165 1963 allician-

603 1995 689 2036 tnr
723 1989 958 2058 episcopi
1008 1993 1117 2060 qui,
1152 2006 1371 2065 propter
1410 2000 1607 2067 justam
1674 2014 1916 2065 causam.
1958 2002 2169 2070 ³¹Ῐψ¹⁰³

600 2077 759 2130 etiam
784 2089 910 2133 ante
937 2082 1257 2138 decennium
1295 2088 1566 2154 vestiunt;
1619 2105 1778 2143 nemo
1809 2104 1888 2143 est
1918 2092 2006 2160 qui
2046 2107 2170 2159 pro-

602 2167 801 2225 hibeat.
838 2170 970 2224 Nota
1010 2184 1190 2227 autem
1224 2177 1395 2243 quod,
1432 2178 1595 2231 etiam
1646 2194 1708 2233 ex
1759 2182 1858 2233 hoc
1916 2182 2168 2249 prresenti

599 2276 828 2324 canone,
885 2280 988 2317 non
1026 2269 1357 2334 permittilur
1388 2271 1547 2323 alicui
1594 2271 1836 2324 homines
1867 2274 2165 2326 monastico

599 2357 797 2410 vestitu
839 2359 1064 2414 induere
1085 2362 1203 2417 sine
1230 2364 1520 2432 episcopali
1552 2365 1925 2433 permissione.

2277 1913 2491 1983 χρόνον.
2529 1914 3011 1982 Μεταγενέστερος
3037 1915 3141 1981 γάρ
3164 1918 3281 1965 ἐστι
3313 1914 3410 1981 τῆς
3453 1930 3515 1965 τε
3561 1912 3845 1981 παρούσης

2280 2004 2502 2056 συνόδου
2532 2007 2627 2057 καὶ
2675 2003 2784 2055 τῶν
2812 2004 3054 2056 κανόνων
3101 2003 3194 2055 τοῦ
3231 2003 3387 2070 ἁγίου
3421 2003 3727 2055 Βασιλείου.
3790 2002 3849 2053 Εἰ

2271 2095 2326 2147 δέ
2368 2095 2546 2158 θέλεις
2577 2100 2805 2164 κρατεῖν
2832 2098 2925 2148 τὸν
2957 2097 3205 2163 παρόντα
3266 2095 3486 2155 κανόνα,
3531 2095 3614 2156 είς
3663 2094 3724 2144 τὸ
3778 2094 3849 2160 μὴ

2274 2186 2811 2255 προκριματίζεσθαι
2858 2187 2985 2249 τοὺς
3061 2186 3400 2248 ἐπισκόπους
3468 2186 3553 2237 διά
3626 2183 3851 2251 εῦλογον

2274 2277 2460 2329 αἰτίαν
2491 2277 3075 2346 μετασχηματίζοντάς
3100 2293 3254 2337 τινας
3280 2277 3371 2327 καὶ
3400 2275 3507 2342 πρὸ
3538 2273 3635 2325 τοῦ
3660 2275 3849 2325 δεκαε-

2275 2368 2403 2428 τοῦς
2435 2369 2652 2438 χρόνου,
2709 2372 2735 2422 ό
2771 2368 2997 2421 κωλύων
3056 2369 3255 2429 οὐδείς.
3313 2367 3629 2436 Σημείωσαι
3684 2364 3743 2417 δὲ
3773 2365 3849 2416 ὅτι

603 2446 696 2497 καὶ
750 2446 859 2499 ἀπὸ
904 2450 998 2503 τοῦ
1053 2452 1320 2521 παρόντος
1373 2454 1593 2515 κανόνος
1646 2456 1744 2507 οὐκ
1802 2456 2012 2525 ἐφεῖταί
2052 2476 2157 2510 τινι
2204 2460 2711 2530 μετασχηματίζειν
2738 2461 3060 2529 ἀνθρώπους
3107 2462 3279 2531 χωρὶς
3352 2458 3673 2529 προτροπῆς
3728 2460 3850 2508 ἐπιδ

596 2538 883 2605 σκοπικῆς.

668 2629 917 2687 ΖΟΝΑΒ.
956 2634 1030 2689 Ne
1061 2653 1089 2691 a
1117 2640 1444 2710 presbyteris
1480 2655 1867 2699 consecrentur
1898 2646 2155 2715 virgines,

597 2730 752 2774 sexto
786 2723 943 2790 hujus
972 2728 1159 2795 synodi
1196 2744 1402 2785 canone
1428 2733 1777 2789 constitutum
1811 2745 1892 2791 est
1929 2753 1942 2789 :
1976 2751 2161 2791 sacras

598 2826 773 2867 autem
812 2817 1037 2883 puellas,
1077 2821 1167 2874 ubi
1202 2837 1229 2874 a
1256 2822 1508 2890 patribus
1529 2825 1807 2882 discedunt
1838 2866 1853 2891 ,
1910 2843 1938 2880 a
1968 2828 2161 2896 quibus

599 2908 1057 2975 cltslmlirlmntttr,
1088 2927 1281 2969 onrare
1308 2916 1619 2985 episcopum
1643 2958 1657 2981 ,
1716 2919 1793 2971 vel
1831 2919 1875 2972 si
1900 2920 1943 2973 is
1976 2921 2161 2973 abfue-

601 3014 626 3050 r
652 3010 692 3061 I,
724 3002 1109 3070 presbyterum.
1152 3015 1209 3058 ut
1245 3008 1481 3062 honestis
1522 3010 1833 3063 mulieribus
1884 3025 2163 3064 commcn-

2334 2647 2580 2701 ZDNAP.
2648 2647 2735 2698 Ἕν
2785 2645 2928 2714 ἕκτῳ
2979 2643 3165 2697 κανόνι
3216 2642 3315 2709 τῆς
3372 2637 3591 2691 συνόδου
3647 2632 3852 2700 ταύτης

2266 2738 2499 2809 ὥρισται
2527 2734 2854 2803 καθιέρωσιν
2886 2732 3065 2801 κορῶν
3102 2730 3209 2783 ἀπὸ
3237 2726 3625 2799 πρεσϐυτέρων
3662 2722 3735 2792 μὴ
3771 2721 3854 2785 yi-

2269 2826 2454 2881 νεσθαι
2475 2867 2489 2890 ,
2525 2827 2620 2879 καὶ
2658 2828 2715 2877 ἐν
2752 2823 2834 2890 μδ¹
2859 2839 2873 2854 ⁸
2908 2822 3048 2875 ὥστε
3075 2821 3171 2880 τὰς
3213 2818 3362 2888 ἱερὰς
3393 2816 3697 2883 παρθένους
3720 2855 3735 2876 ,
3764 2815 3853 2865 ὅτε

2266 2922 2376 2974 τῶν
2412 2920 2661 2988 πατέρων
2690 2915 3037 2989 χωρίζονται,
3064 2913 3123 2977 ἐξ
3147 2904 3221 2964 ὧν
3254 2909 3635 2980 ἐφυλάττοντο,
3663 2908 3729 2974 τῇ
3760 2901 3852 2956 τοῦ

2272 3012 2595 3072 ἐπισκόπου,
2639 3010 2695 3075 ἢ,
2728 3005 2891 3061 αὐτοῦ
2943 3004 3196 3065 ἀπόντος,
3236 3004 3303 3069 τῇ
3334 3000 3427 3052 τοῦ
3477 2996 3852 3066 πρεσϐυτέρου

601 3089 818 3153 dentur,
857 3093 1299 3161 quadragesimus
1326 3108 1550 3164 quartus
1580 3114 1750 3153 canon
1784 3100 1956 3167 jubet.
2004 3100 2166 3153 Moris

2275 3101 2500 3171 προνοίᾳ
2561 3103 2678 3157 ταῖς
2738 3096 3091 3167 τιμιωτέραις
3149 3091 3363 3159 γυναιξὶ
3431 3086 3850 3156 παρατίθεσθαι.

602 3179 745 3230 enim
775 3179 888 3238 fuit.
924 3181 1134 3249 templis
1166 3182 1347 3237 offerri
1383 3184 1586 3252 puellas
1616 3186 2030 3247 consecrandas,
2067 3185 2166 3238 hoc

601 3278 705 3331 est,
736 3280 791 3321 ut
819 3269 925 3323 Deo
952 3272 1141 3325 dicatae
1203 3274 1565 3340 virginitatem
1627 3281 2009 3343 pruriterentur
2034 3316 2048 3339 ,
2104 3290 2165 3328 ac

604 3371 784 3423 postca
817 3371 1119 3426 Oppnrlttllo
1153 3372 1391 3430 tempore
1440 3365 1491 3416 in
1549 3366 1968 3419 diaconissarum
2024 3365 2167 3417 ordi-

605 3466 723 3502 nem
781 3452 1106 3517 legerenlur.
1163 3452 1303 3521 Ergo
1342 3456 1385 3507 si
1426 3454 1651 3523 virginis
1699 3457 2003 3522 hujusmodi
2061 3455 2167 3508 Deo

603 3541 793 3593 dicatae
820 3541 1223 3611 potensaliquis
1252 3558 1436 3597 amore
1486 3554 1763 3612 correptus
1816 3552 1937 3610 est,
1998 3544 2078 3598 vel
2136 3559 2164 3597 a

604 3632 865 3685 scelerato
898 3633 1149 3701 quopiam
1208 3648 1301 3701 per
1330 3636 1435 3687 vim
1471 3636 1758 3688 abductum
1814 3635 1880 3689 iri
1935 3635 2168 3704 suspicio

603 3732 707 3786 est,
740 3738 803 3776 es
830 3738 933 3792 quo
968 3724 1203 3778 castitati
1232 3724 1373 3777 illius
1420 3726 1712 3792 periculum
1762 3726 2039 3789 imminet,
2086 3726 2167 3780 vel

604 3816 911 3870 constitutae
947 3817 997 3869 ln
1032 3818 1153 3869 vitae
1198 3816 1511 3871 discrimine
1566 3818 1873 3886 religiosum
1926 3820 2167 3875 habitum

606 3907 870 3975 indulgeri
902 3922 1022 3961 cum
1055 3909 1300 3977 ipsamet,
1332 3917 1445 3961 tum
1475 3908 1642 3977 ipsius
1673 3911 1957 3980 propinqui
2014 3926 2168 3979 roga-

605 4005 819 4061 verum,
858 4013 926 4051 ne
958 4012 1017 4051 ea
1055 3998 1171 4051 sine
1208 3998 1393 4053 habitu
1432 4000 1721 4066 moriatur;
1769 4014 1887 4055 eam
1936 4000 2057 4055 licet
2087 4002 2168 4055 vi-

606 4088 809 4141 cesimo
828 4088 1015 4156 quinto
1038 4102 1176 4143 anno
1203 4093 1439 4143 nondum
1462 4100 1673 4155 exacto,
1700 4100 1757 4145 ut
1782 4092 2167 4147 sceleratorum

610 4178 717 4230 vim
750 4176 970 4247 effugiat
996 4178 1192 4249 quippe
1221 4188 1531 4234 consecrata
1558 4221 1572 4245 ,
1604 4182 1685 4236 vel
1722 4197 1790 4235 ne
1837 4196 1899 4235 ex
1933 4183 2033 4236 bac
2063 4184 2169 4236 vita

612 4282 717 4321 non
746 4267 951 4321 initiata
982 4269 1195 4337 migret,
1226 4269 1434 4323 velandi
1463 4307 1478 4334 ,
1516 4269 1616 4323 hoc
1642 4279 1725 4324 est
1752 4310 1765 4335 ,
1796 4284 1951 4324 sacro
1975 4281 2168 4324 ornatu

610 4361 861 4415 induendi
918 4360 1145 4415 facultas
1172 4362 1441 4432 episcopis
1470 4364 1823 4429 conceditur;
1859 4378 2057 4432 eosque
2084 4379 2173 4418 ca-

2270 3194 2433 3254 Ἐθος
2478 3190 2585 3259 γὰρ
2624 3186 2689 3257 ἦν
2732 3185 3103 3257 προσάγεσθαι
3145 3184 3265 3245 ταῖς
3307 3181 3625 3247 ἐκκλησίαις
3663 3178 3851 3243 κόρας,

2270 3283 2360 3334 καὶ
2408 3276 2814 3347 καθιεροῦσθαι,
2866 3276 2987 3327 ἀντὶ
3039 3271 3132 3326 τοῦ
3176 3268 3528 3323 ἀνατίθεσθαι
3582 3266 3661 3333 τῷ
3711 3265 3851 3332 Θεῷ.

2270 3370 2704 3439 ὑπισχνουμὲνας
2764 3364 3141 3434 παρθενεύειν,
3186 3361 3327 3414 ὥστε
3380 3363 3438 3413 ἐν
3492 3362 3557 3429 τῇ
3613 3357 3855 3427 άρμοδίῳ

2270 3464 2458 3533 ἡλικίᾳ
2521 3463 2613 3513 καὶ
2666 3460 3012 3521 διακονίσσας
3062 3453 3487 3525 χειροτονεῖσθαι
3539 3450 3729 3509 αὐτάς.
3790 3448 3852 3501 Εἰ

2270 3552 2364 3608 οῦν
2402 3554 2653 3620 τοιαύτης
2700 3549 2973 3619 παρθένου
3005 3544 3433 3613 ἁνατεθειμένης
3465 3541 3584 3608 Θεῷ
3637 3537 3851 3610 ἠράσθη

2270 3660 2351 3706 τις
2394 3642 2637 3704 δυνατὸς,
2679 3643 2713 3709 ἢ
2770 3637 2975 3705 ὑποψία
3010 3633 3077 3705 ἧν
3124 3634 3443 3705 ἁρπαγῆναι
3488 3630 3658 3699 αὐτὴν
3712 3628 3854 3697 παρα

2270 3753 2415 3798 τινος
2444 3734 2741 3787 ἀκολάστου
2763 3768 2778 3793 ,
2811 3730 2907 3783 καὶ
2954 3728 3195 3789 κίνδυνος
3221 3726 3499 3794 ἐπήρτητο
3531 3724 3596 3791 τῇ
3639 3735 3853 3789 σωφροη

2274 3828 2408 3898 σύνῃ
2438 3824 2631 3894 αὖτῆς,
2662 3821 2695 3892 ἢ
2730 3822 2910 3874 θανεῖν
2937 3818 3299 3879 ἐκινδύνευσε,
3336 3814 3428 3866 καὶ
3458 3812 3636 3865 ἐδέετο
3668 3809 3850 3877 ἐκείνη

2272 3935 2330 3970 τε
2365 3918 2457 3969 καὶ
2481 3918 2529 3967 oi
2559 3915 2928 3985 προσήκοντες
2954 3910 3113 3979 αὐτῇ,
3150 3907 3226 3979 μὴ
3246 3907 3415 3977 χωρὶς
3442 3903 3536 3957 τοῦ
3572 3902 3850 3972 σχήματος

2271 4007 2627 4076 τελειωθῆναι
2666 4004 2853 4073 αὐτὴν,
2896 4002 3049 4056 ἄδεια
3078 4000 3229 4068 ἐδόθη
3257 3999 3367 4059 τοῖς
3397 3994 3724 4056 ἐπισκόπους
3757 4010 3851 4044 κα·-

2272 4101 2495 4153 λύπτειν
2520 4096 2619 4167 τὴν
2642 4096 2927 4164 παρθένον,
2956 4094 3121 4163 ἧγουν
3148 4092 3205 4142 τδ
3233 4090 3417 4159 σχῆμα
3448 4085 3616 4156 αὐτὴν
3641 4084 3849 4136 ἐκδύειν

2275 4192 2368 4244 καὶ
2398 4191 2502 4259 πρὸ
2528 4188 2618 4241 τοῦ
2647 4186 2725 4241 κε’
2756 4184 3026 4248 ἐνιαυτοῦ,
3066 4184 3149 4235 ἵνα
3181 4181 3214 4250 ἢ
3239 4181 3365 4242 τοὺς
3397 4178 3727 4236 ἀκολάστους
3760 4176 3847 4226 ἐκ·

2276 4282 2446 4355 φύγῃ,
2478 4281 2553 4343 ὼς
2588 4278 2915 4340 τελεσθεῖσα,
2946 4276 2978 4347 ἢ
3013 4275 3087 4344 μὴ
3119 4275 3215 4343 τῆς
3252 4270 3527 4342 παρούσης
3563 4267 3848 4326 ἀτέλεστος

2276 4372 2466 4442 ἐξέλθῃ
2496 4370 2663 4439 ζωῆς,
2687 4369 2779 4421 καὶ
2805 4366 2879 4436 μὴ
2916 4364 3243 4434 βλάπτεσθαι
3273 4364 3398 4424 τοὺς
3426 4358 3758 4419 ἐπισκόπους
3786 4357 3850 4408 ἐκ

610 4467 740 4515 non,
768 4453 1012 4520 quamvis
1062 4462 1274 4508 atatem
1338 4470 1365 4507 a
1437 4455 1642 4524 synodo
1696 4455 2011 4523 praeﬁnitam
2065 4470 2166 4508 non

2277 4463 2369 4517 τοῦ
2404 4464 2477 4531 μὴ
2509 4462 2809 4529 τηρηθῆναι
2838 4458 2927 4509 τὸν
2958 4458 3169 4525 καιρὸν,
3196 4454 3255 4507 ὃν
3295 4452 3421 4521 περὶ
3453 4452 3559 4503 τῶν
3586 4448 3848 4501 τοιούτων

614 4542 1062 4609 exspeCIaverint,
1087 4542 1151 4596 ab
1182 4544 1325 4596 omni
1359 4554 1534 4598 tamen
1569 4544 1725 4613 culpa
1754 4545 2022 4599 immunes
2050 4558 2169 4599 esse

612 4632 873 4685 decernit.

615 4722 844 4778 ARIST.
907 4741 926 4774 ι
970 4722 1304 4790 Quicumque
1382 4724 1574 4777 velavit
1630 4724 1710 4778 vel
1760 4724 1954 4778 velabit
2006 4724 2169 4793 virgi-

688 4834 707 4865 ε
751 4830 871 4869 nem
904 4824 1029 4869 ante
1061 4830 1231 4868 annos
1260 4814 1330 4868 ‘25
1352 4856 1367 4878 ,
1410 4815 1509 4869 hoc
1531 4826 1636 4879 est,
1671 4815 1908 4868 habitum
1962 4814 2170 4878 induit,

691 4925 709 4956 ε
748 4906 860 4960 sive
909 4906 1128 4969 induet,
1188 4914 1405 4975 propter
1457 4907 1856 4970 necessitatem,
1914 4914 1970 4956 ut
2028 4918 2167 4957 ama-

690 5016 709 5048 ι
746 5008 912 5050 torem
943 5005 1211 5064 potentem
1242 5037 1258 5060 ,
1290 4996 1371 5050 vel
1420 5005 1690 5063 raptorem
1718 5039 1732 5059 ,
1792 4996 1873 5048 vel
1929 4996 2170 5049 morbum

689 5106 706 5137 ι
748 5088 1113 5153 mortiferum;
1149 5088 1230 5153 ‘is,
1267 5087 1459 5154 quibus
1507 5086 1595 5139 illa
1644 5101 1785 5139 curm
1834 5098 1934 5149 est,
1978 5087 2175 5139 adhor'

679 5200 695 5231 ι
731 5181 969 5235 tantibus
1006 5198 1019 5233 :
1059 5179 1189 5233 nihil
1222 5178 1400 5233 damni
1428 5195 1455 5232 a
1503 5179 1708 5248 synodo
1762 5178 1825 5232 de
1873 5179 1975 5233 isto
2032 5194 2171 5232 anno

684 5292 703 5323 ι
743 5273 985 5341 accipiet.
1027 5290 1044 5323 ι

678 5364 924 5417 Decimus
954 5373 1176 5417 octavus
1208 5363 1385 5432 magni
1418 5362 1600 5417 Basilii
1642 5377 1809 5417 canon
1848 5363 1915 5417 de
1938 5378 2021 5428 ea,
2054 5378 2172 5431 qua:

610 5453 837 5508 Dmuiuo
866 5470 924 5509 se
958 5454 1113 5508 olicrt
1142 5493 1156 5518 ,
1190 5464 1244 5509 et
1277 5454 1625 5508 matrimonio
1672 5455 1980 5519 renuntiat,
2012 5466 2062 5508 et
2097 5458 2173 5507 vi-

616 5559 721 5598 tam
760 5547 810 5597 in
841 5546 1128 5600 sanctitate
1158 5556 1330 5598 actam
1361 5544 1598 5614 prmfert,
1630 5546 1884 5611 disserit,
1917 5546 2173 5612 iubetque

612 5650 731 5687 cam
762 5651 863 5687 non
891 5636 1119 5697 admitti,
1172 5633 1271 5688 nisi
1319 5636 1386 5687 sit
1443 5634 1719 5703 plusquam
1774 5635 2041 5688 sexdecim
2093 5633 2169 5687 vel

616 5727 775 5779 etiam
805 5725 1180 5793 scptemdccim
1214 5740 1383 5780 annos
1410 5734 1553 5780 nata.
1586 5723 1823 5780 Pueriles
1853 5724 1989 5780 enim
2015 5738 2171 5779 voces

2277 4552 2559 4621 παρθένων
2587 4553 2620 4619 ἡ
2651 4548 2860 4610 σύνοδος
2884 4546 3100 4616 ὥρισεν.

2280 4734 2499 4787 ΑΡΙΣΤ.
2556 4751 2573 4782 ι
2622 4732 2807 4791 Ὅστις
2833 4728 3118 4796 ἐκάλυψεν,
3146 4724 3178 4795 ἦ
3202 4724 3428 4793 καλύψει
3453 4722 3720 4791 παρθένον
3745 4720 3851 4789 πρὸ

2355 4842 2373 4873 ι
2420 4813 2593 4873 εἴκοσι
2624 4821 2780 4871 πέντε
2810 4816 3093 4881 ἐνιαυτῶν,
3121 4813 3265 4867 τοῦτ’
3296 4814 3410 4865 ἐστι
3440 4811 3630 4880 σχῆμα
3662 4808 3850 4878 περιέ-

2356 4929 2373 4960 ι
2421 4909 2602 4972 ϐαλεν,
2641 4908 2672 4977 ἢ
2712 4904 2989 4976 περιὸἀλοι
3020 4904 3086 4957 δι’
3129 4904 3395 4971 ἀνάγκην,
3450 4894 3561 4953 οἷον
3611 4896 3849 4968 ἐραστὴν

2356 5019 2373 5051 ι
2417 5000 2660 5063 δυνατὸν,
2691 4998 2937 5068 ἅρπαγα,
2976 4997 3008 5066 ἢ
3041 4994 3415 5061 θανατηφόρον
3448 4992 3636 5043 νόσον·
3669 5005 3851 5058 παρα-

2355 5109 2373 5141 ι
2424 5090 2751 5153 καλούντων,
2779 5084 2860 5150 οῖς
2885 5088 3052 5153 αὐτῆς
3072 5085 3250 5155 μέλει’
3280 5082 3432 5135 οὐδὲν
3462 5080 3565 5133 ὑπὸ
3588 5078 3691 5147 τῆς
3721 5079 3852 5148 περὶ

2356 5203 2373 5233 ι
2418 5183 2605 5235 τούτου
2634 5182 2727 5233 τοῦ
2754 5178 2999 5232 insuto?)
3032 5177 3249 5231 συνόδου
3275 5174 3625 5245 βλαϐήσεται.
3654 5190 3674 5224 ι

2356 5362 2415 5416 '0
2450 5362 2548 5431 μὲν
2590 5358 3048 5420 ὀκτωκαιδέκατος
3080 5356 3256 5410 κανὼν
3284 5355 3377 5408 τοῦ
3411 5354 3649 5423 μεγάλου
3682 5350 3846 5403 Βασι-

2275 5453 2420 5505 λείου
2459 5452 2583 5518 περὶ
2610 5452 2705 5521 τῆς
2742 5449 3121 5519 προσαγούσης
3158 5448 3357 5513 ἐαυτὴν
3389 5445 3465 5514 τῷ
3501 5444 3712 5514 Κυρίῳ,
3754 5447 3844 5495 καὶ

2277 5544 2719 5612 άποταττομένης
2752 5542 2828 5611 τῷ
2864 5543 3053 5611 γάμῳ,
3092 5543 3183 5593 καὶ
3214 5540 3304 5591 τὸν
3334 5553 3391 5591 εν
3426 5535 3683 5608 ἁγιασμῷ
3712 5551 3846 5605 προσ

2274 5634 2520 5701 τιμώσης
2553 5633 2665 5700 βίον
2686 5672 2699 5696 ,
2734 5632 3120 5699 διαλαμϐάνει,
3157 5630 3246 5683 καὶ
3277 5628 3601 5697 προστάττει
3634 5625 3713 5695 μὴ
3746 5642 3847 5677 πα-

2280 5727 2620 5793 ραδέχεσθαι,
2658 5727 2704 5777 εἰ
2745 5725 2815 5791 μὴ
2851 5726 2987 5789 ύπὶρ
3018 5725 3083 5777 τὰ
3115 5722 3338 5787 Emeisi,
3378 5721 3407 5789 ἢ
3448 5720 3539 5773 καὶ
3573 5717 3847 5772 δεκαεπτὰ
