4136 6476
322 366 430 431 ιοθ

1369 375 1447 435 1N
1490 376 1654 438 CAN.
1692 376 1988 437 CXXVIII
2015 379 2224 444 CONC.
2270 388 2647 455 CARTHAG.

3477 406 3583 474 ιιο

319 480 419 550 ιτη
471 479 731 572 γένηται·
788 483 883 546 τὰς
939 484 1044 556 γὰρ
1105 483 1360 545 παιδικὰς
1414 487 1597 553 φωνὰς
1655 489 1745 540 ἐπὶ
1797 488 1887 538 τῶι

2009 491 2073 546 ad
2131 495 2254 554 talia
2307 501 2492 557 ﬁrmas
2529 507 2770 574 reputari
2825 523 2931 565 non
2984 513 3272 580 permittit.
3336 513 3583 575 Praesens

322 573 586 625 τοιούτων
632 573 854 642 βεϐαίας
914 575 1012 628 οὐκ
1049 576 1334 644 ἐπιτρέπει
1383 577 1726 644 λογίζεσθαι⁹
1777 579 1805 630 ὁ
1847 578 1902 630 δέ

320 661 516 733 παρὼν
567 663 744 716 κανὼν
788 667 912 734 περὶ
962 667 1056 735 τῆς
1099 667 1199 736 ἤδη
1238 667 1661 737 προσελθούσης,
1703 669 1796 722 καὶ
1826 668 1902 736 τῷ

317 753 484 823 γάμῳ
547 753 1000 824 ἀποταξαμένης,
1064 757 1157 808 καὶ
1209 757 1306 826 τὴν
1372 758 1670 827 παρθενίαν
1731 761 1902 826 ἐπαγ-

318 842 652 912 γελλομένης
680 845 984 912 διαγορεύει
1010 884 1025 908 ,
1057 844 1151 898 καὶ
1178 844 1520 899 διατάττεται
1561 847 1699 900 κατὰ
1735 847 1900 916 μηδέν

315 950 370 985 τι
401 933 739 1002 βλάπτεσθαι
773 935 862 986 τὸν
893 935 1215 998 ἐπίσκοπον,
1245 937 1293 988 εί
1320 936 1416 1000 τὴν
1447 936 1589 988 οὕτω
1624 953 1901 1005 προσαγα-

311 1020 517 1084 γοῦσαν
547 1022 745 1090 ἑαυτὴν
773 1021 847 1091 τῷ
874 1021 990 1090 Θεῷ
1020 1021 1332 1091 περιϐάλλει
1364 1025 1424 1076 τὸ
1443 1024 1623 1091 σχῆμα
1658 1024 1762 1093 πρὸ
1792 1024 1899 1077 τῶν

309 1114 653 1165 εἰκοσιπέντε
682 1114 963 1175 ἐνιαυτῶν,
999 1117 1093 1168 καὶ
1141 1115 1475 1183 συγκαλύψει
1521 1116 1691 1184 αὐτὴν
1717 1115 1793 1184 τῷ
1825 1118 1899 1187 le.-

312 1201 521 1269 ρατικῷ
549 1202 719 1271 τούτῳ
759 1203 968 1271 κόσμῳ.
1013 1202 1100 1255 διὰ
1139 1203 1383 1269 ἀνάγκην
1412 1203 1512 1270 τῆς
1559 1203 1897 1272 παρθενικῆς

309 1292 666 1362 σωφροσύνης
692 1309 706 1324 ⁸
736 1294 899 1362 τυχὸν
927 1295 1036 1362 γὰρ
1062 1293 1284 1355 δυνατός
1310 1309 1394 1355 τις
1419 1291 1578 1361 ἔσχεν
1605 1293 1785 1363 ἔρωτα
1814 1295 1894 1356 είς

305 1383 478 1451 αἰτὴν
508 1386 598 1435 καὶ
633 1385 958 1449 συναλλάξαι
993 1385 1231 1452 γαμικδν
1260 1383 1620 1436 ἐϐουλεύσατο
1650 1385 1894 1436 συνοικέ-

305 1490 421 1524 σιον
448 1491 459 1502 ·
495 1474 526 1542 ἦ
555 1475 739 1543 ἕτερός
769 1493 851 1536 τις
885 1475 1067 1545 ἅρπαξ
1098 1475 1376 1544 ἠϐουλήθη
1406 1475 1652 1545 ἁρπάσαι
1688 1475 1885 1544 αὐτήν·

305 1565 400 1617 κ.ὶ
429 1567 512 1620 διὰ
543 1568 599 1619 τὸ
640 1568 713 1636 μὴ
746 1567 1187 1636 προφασίσασθαι
1213 1567 1409 1626 αὐτοὺς
1437 1569 1516 1629 είς
1541 1567 1890 1638 ἐκπλήρωσιν

301 1657 402 1722 τῆς
433 1657 567 1719 ἰδίας
594 1658 912 1726 ἐπιθυμίας,
938 1661 998 1712 τὸ
1023 1658 1101 1710 ἔτι
1127 1659 1534 1728 ἀσχημάτιστον
1558 1658 1761 1727 μένειν,
1796 1657 1890 1710 καὶ

303 1748 502 1812 ἄδηλον
537 1745 675 1801 εἶναι
709 1749 908 1815 λέγειν,
941 1751 1247 1822 είοὰνετέθη
1284 1751 1360 1819 τῷ
1390 1749 1528 1819 Θεῷ,
1559 1751 1823 1802 ἔσπευσεν
1857 1751 1884 1801 ὁ

301 1838 603 1900 ἐπίσκοπος
641 1841 986 1908 συγκαλύψαι
1045 1843 1214 1912 αὑτὴν
1253 1841 1332 1911 τῷ
1372 1841 1630 1910 ἱερατικῷ
1679 1840 1882 1909 ἀμφιά-

301 1945 506 1995 σιιατι,
545 1930 631 1982 ἵνα
672 1932 744 1999 μή
782 1948 863 1992 τις
898 1931 993 2001 ἔχῃ
1025 1933 1160 2002 πρὸς
1204 1933 1499 1997 ἀπολογίαν
1528 1933 1886 2006 καταφυγεῖν,

299 2021 394 2070 καὶ
425 2020 654 2088 ἄρνησιν
687 2021 776 2072 τοῦ
817 2022 892 2091 μὴ
924 2021 1144 2090 νύμφην
1171 2023 1342 2091 αὐτὴν
1368 2021 1621 2088 γενέσθαι
1650 2022 1818 2073 Θεοῦ·
1850 2020 1886 2090 ἢ

299 2109 562 2173 πολλάκις
593 2113 684 2162 καὶ
711 2112 987 2175 ἐτελεύτα,
1017 2114 1109 2165 καὶ
1136 2116 1417 2180 συγγενεῖς
1448 2113 1621 2181 αὐτῆς
1649 2112 1888 2180 παρεκά-

300 2200 469 2250 λεσαν
525 2201 615 2252 τὸν
682 2203 1012 2263 ἐπίσκοπον,
1071 2203 1164 2254 καὶ
1222 2204 1326 2272 πρὸ
1390 2204 1497 2254 τῶν
1551 2203 1885 2255 εἰκοσιπέντε

298 2289 568 2342 ἐνιαυτῶν
620 2291 990 2363 τελειωθῆναι,
1045 2293 1132 2348 ἵνα
1192 2293 1267 2364 μὴ
1314 2293 1525 2366 ἀπέλθῃ
1569 2295 1736 2363 χωρὶς
1792 2292 1886 2345 τοῦ

295 2380 519 2449 σχήματ
533 2397 598 2443 λς.

870 2477 1109 2530 ΚΑΝΩΝ
1139 2479 1318 2533 PKII'.

300 2585 318 2616 ι
365 2565 464 2619 Διά
496 2568 558 2619 rb
599 2567 674 2636 μὴ
711 2569 834 2632 τοὺς
867 2569 1202 2634 ἐπισκόπους
1243 2571 1473 2625 ἐπιπολὺ
1505 2572 1561 2625 ἐν
1590 2573 1653 2641 τῇ
1687 2571 1885 2641 συνόδῳ

374 2676 394 2706 ι
435 2660 783 2728 κατέχεσθαι,
827 2661 886 2725 ἐξ
927 2661 1165 2728 ἐκάττης
1203 2664 1471 2732 ἐπαρχίας
1512 2667 1659 2732 τρεῖς
1705 2665 1884 2717 ἐπιλέο

367 2768 388 2800 ι
428 2750 625 2815 ξωνται
670 2751 946 2815 δικαστάς.
990 2753 1224 2823 Ὁμοίως
1251 2748 1448 2824 ἤρεσεν
1468 2756 1617 2827 πάσῃ
1645 2759 1709 2826 τῇ
1745 2773 1883 2808 συν-

368 2853 390 2885 σ
430 2834 553 2902 ὁδῳ,
609 2835 698 2890 διὰ
731 2839 791 2890 τὸ
837 2839 913 2910 μὴ
942 2840 1169 2894 ἐπιπολὺ
1205 2841 1330 2904 τοὺς
1360 2843 1497 2912 πρὸς
1527 2843 1628 2912 τὴν
1667 2844 1880 2896 σύνοδον

365 2944 387 2976 ι
431 2927 796 2996 συναχθέντας
830 2931 1158 2994 ἐπισκόπους
1187 2931 1510 2998 σύμπαντας
1533 2932 1876 3000 κατέχεσθαι,

367 3036 389 3068 ι
435 3015 494 3082 ἐξ
541 3019 772 3084 ἐκαετης
813 3022 1076 3094 ἐπαρχίας
1119 3024 1221 3077 ἀνα
1263 3028 1410 3094 τρεῖς
1449 3024 1766 3094 ἐπιλεγῆναι
1800 3025 1877 3078 διο

369 3128 393 3162 ι
431 3113 657 3174 καστάς.
704 3113 813 3168 Καὶ
861 3113 1198 3184 ἐπελέγησαν
1240 3116 1302 3167 ἐκ
1338 3116 1438 3184 τῆς
1475 3119 1530 3168 ἐν
1569 3115 1875 3184 Καρχηδόνι
1910 3183 1940 3205 Ἴ

367 3221 388 3252 ι
431 3201 725 3271 ἐκκλησίας
754 3204 1053 3269 Βικέντιος,
1087 3206 1576 3276 Φουρτουνατιανὸς
1605 3208 1698 3259 καὶ
1726 3206 1869 3259 Κλάο

364 3313 386 3343 ε
434 3310 524 3362 ρος
555 3309 570 3323 ⁸
619 3294 682 3346 ἐκ
722 3295 820 3364 τῆς
864 3296 1220 3364 Νουμηδικῆς
1257 3298 1528 3367 ἐπαρχὲας
1584 3296 1869 3361 Ἀλύπιος,

365 3400 385 3430 ι
428 3381 786 3446 Αύγουστῖνος
818 3384 908 3436 καὶ
960 3383 1326 3446 Ῥεστιτοῦτος
1353 3402 1366 3416 ⁸
1403 3390 1466 3438 ἐκ
1494 3389 1590 3456 τῆς
1622 3388 1873 3458 Βυζακηη

369 3487 389 3519 ι
432 3468 532 3536 νῆς
559 3470 826 3541 ἐπαρχίας
859 3472 997 3540 μετὰ
1026 3471 1118 3524 τοῦ
1150 3473 1306 3540 ἁγίου
1337 3473 1587 3544 γέροντος
1613 3480 1871 3530 Δονατιαο

365 3574 384 3603 σ
427 3555 518 3608 νοῦ
557 3555 650 3619 τοῦ
696 3557 1070 3626 πρωτεύοντος
1108 3559 1491 3627 Κρεσκώνιος,
1545 3561 1872 3624 ’ῐουκοῦνδος

357 3666 380 3696 ο
423 3648 520 3699 καὶ
548 3647 865 3717 Αἰμιλιανός
884 3665 897 3680 ·
927 3649 993 3702 ἐκ
1019 3651 1115 3715 τῆς
1137 3652 1518 3720 Μαυριτανίας
1547 3654 1870 3723 Σιτιφένσης

362 3755 382 3788 ι
426 3738 777 3808 Σεῆηριανὸς,
839 3738 1150 3803 ’Δσιατικὸς
1200 3741 1295 3794 καὶ
1339 3745 1606 3808 Δονᾶτος·
1659 3746 1723 3797 ἐκ
1769 3747 1870 3814 τῆς

361 3845 382 3879 ι
423 3828 825 3898 Τριπολιτανῆς
848 3829 1118 3900 ἐπαρχίας
1145 3833 1477 3898 Πλαύτιος,6
1505 3836 1643 3890 κατὰ
1663 3836 1724 3889 τὸ
1751 3837 1870 3900 ἔθος

362 3938 383 3970 ι
424 3919 507 3980 είς
559 3921 962 3989 τοποτηρησίαν
1027 3922 1334 3991 πεμφθείς·
1403 3925 1602 3989 οἵτινες
1673 3928 1869 3990 πάντες

358 4027 379 4060 ι
425 4009 566 4078 μετὰ
579 4007 675 4062 τοῦ
699 4011 1004 4076 άγιωτάτου
1025 4012 1272 4082 γέροντος
1291 4015 1560 4087 Δύρηλίου
1580 4017 1871 4086 σύμπαντα

361 4119 380 4152 ι
424 4100 794 4169 σκοπήσουσιν
821 4115 838 4132 ο
863 4096 1032 4169 ἀφ’οὖ
1057 4086 1544 4173 ᾔτησενσύμπασα
1573 4107 1606 4175 ὴ
1631 4107 1868 4175 σύνοδος,

359 4205 381 4238 ι
427 4187 515 4240 ἵνα
565 4189 732 4240 πᾶσιν
786 4190 896 4242 εἴτε
942 4191 1356 4257 πεπραγμένοις
1404 4195 1518 4254 τοῖς
1565 4193 1666 4264 ήδη
1717 4195 1871 4248 ἐκτε-

363 4297 383 4329 ι
426 4279 717 4341 λεσθεῖσιν,
751 4280 860 4333 εἴτε
888 4279 1201 4344 ἐπιστολαῖς
1227 4281 1388 4343 αὐτὸς
1414 4282 1730 4356 ὑπογράφῃ.
1757 4286 1868 4338 Καὶ

356 4390 377 4422 ι
421 4371 756 4439 ὑπέγραψεν·
783 4371 1072 4440 Αὐρήλιος,
1104 4372 1401 4436 ἐπίσκοπος
1416 4375 1516 4443 τῆς
1550 4376 1607 4428 ἐν
1639 4378 1865 4446 Καρχη-

356 4480 376 4512 ι
419 4463 528 4516 δόνι
555 4460 866 4531 ἐκκλησίας,
887 4461 1210 4532 τῷιπαρόντι
1237 4461 1550 4533 ψηφίσματι
1578 4467 1858 4536 συνῄνεσα,

359 4572 375 4604 ι
424 4553 522 4605 καὶ
574 4552 1091 4624 παραναγνωσθέντι
1138 4554 1452 4624 ὑπέγραψα.
1505 4556 1736 4627 Ὁμοίως
1771 4559 1863 4613 καὶ

358 4662 377 4694 ι
416 4647 466 4696 ol
499 4645 694 4704 πάντες
731 4642 1018 4696 ἐπίσκοποι
1053 4644 1392 4713 ὑπέγραψαν.
1433 4665 1452 4698 ι

352 4732 602 4787 ΖΩΝΔΡ.
648 4732 737 4785 Ἐν
768 4736 834 4803 τῇ
867 4733 1182 4786 συνελεύσει
1208 4734 1383 4805 ταύτῃ
1408 4737 1840 4807 χρονοτριδησάν

270 4843 387 4880 των
415 4823 524 4878 τῶν
553 4823 948 4896 ἀθροισθέντων
979 4825 1321 4890 ἐπισκόπων,
1357 4825 1436 4879 ἔτι
1466 4827 1522 4880 δὲ
1561 4829 1720 4881 τινῶν
1751 4831 1862 4883 λοι-

273 4915 605 4984 παζομένων
634 4915 984 4984 ζητημάτων,
1015 4915 1110 4969 καὶ
1145 4915 1500 4986 ἐξετασθῆναι
1537 4917 1859 4986 μελλόντων,

275 5008 369 5060 ἵνα
439 5006 514 5075 μὴ
564 5006 657 5059 καὶ
713 5005 794 5058 ἐτι
853 5007 1192 5077 κατέχωνται
1247 5006 1339 5060 καὶ
1401 5009 1726 5079 χρονίσωσιν
1768 5011 1862 5064 ἐπὶ

277 5098 467 5162 πλέον,
501 5096 678 5162 ἔδοξεν
705 5097 762 5163 ἐξ
794 5096 1032 5164 ἑκάστης
1059 5097 1329 5168 ἐπαρχίας
1357 5101 1508 5168 τρεῖς
1543 5100 1859 5170 ἐπιλεγῆναι

277 5187 748 5258 προσμενοῦντας,
805 5189 932 5250 τοὺς
987 5187 1043 5241 δὲ
1110 5188 1330 5252 λοιποὺς
1389 5189 1679 5242 ἀπελθεῖν·
1732 5178 1900 5257 τοὺςι

272 5278 346 5332 δι’
389 5276 738 5344 ἐπιλεγέντας
779 5276 918 5346 μετὰ
955 5275 1049 5331 τοῦ
1084 5279 1358 5349 Αύρηλίου
1410 5277 1682 5348 σκοπῆσαι
1718 5280 1858 5351 σύμ-

274 5385 461 5423 παντα
493 5368 588 5421 καὶ
615 5369 990 5441 οἰκονομῆσαι.

271 5462 501 5516 ΑΡΙΣΤ.
537 5479 555 5512 ι
608 5459 731 5513 Ἐπὶ
769 5461 902 5515 πολὺ
936 5462 1012 5531 μὴ
1047 5463 1357 5535 δυναμένων
1385 5469 1702 5540 περιμένειν
1747 5471 1857 5526 τῶν

357 5569 375 5601 ι
415 5551 494 5611 εἰς
544 5547 644 5619 τὴν
696 5549 912 5604 σύνοδον
974 5553 1314 5621 ἐληλυθότων
1359 5557 1697 5626 ἐπισκόπων,
1747 5564 1853 5618 ἀνὰ

354 5659 373 5692 ι
415 5642 561 5709 τρεῖς
591 5641 650 5704 ἐξ
684 5642 920 5711 ἑκάστης
949 5644 1214 5714 ἐπαρχίας
1255 5647 1567 5716 ἐπιλεγιῖισι.
1605 5669 1623 5701 ι

347 5732 565 5786 Πολλῶν
607 5734 976 5802 trp-selibram:
1025 5738 1321 5791 κανονικῶν
1367 5739 1718 5811 ζητημάτων,
1758 5746 1851 5799 καὶ

2004 599 2183 644 autem
2204 605 2377 647 canon
2407 594 2473 648 de
2517 610 2604 662 ea,
2628 612 2746 666 quae
2767 600 2881 671 jam
2911 603 3210 668 accedit,et
3237 609 3580 664 matrimonio

2005 684 2297 748 renuntiat,
2326 696 2380 740 et
2406 689 2771 757 virginitatem
2827 695 3114 762 prolitetur
3139 733 3157 761 ,
3208 699 3450 768 pracipit
3474 739 3490 764 ,
3522 711 3579 755 et

2002 772 2588 846 decernit,episcnpnm
2621 782 2765 836 nullo
2785 782 3034 838 ail'ectum
3066 785 3179 839 fore
3207 787 3575 852 incommodo,

2000 864 2044 916 si
2077 879 2219 928 eam,
2257 880 2379 934 quae
2401 883 2459 922 se
2485 869 2594 923 Deo
2636 872 2715 926 sic
2745 873 2932 937 oﬂert,
2979 875 3163 929 habitu
3211 877 3421 940 induit,
3452 888 3578 930 ante

1999 968 2170 1010 annos
2197 955 2386 1028 viginti
2421 960 2682 1029 quinque,
2730 973 2784 1015 et
2822 975 3141 1019 ornamento
3188 965 3296 1019 illu-
3327 968 3578 1019 sacerdo-

2003 1047 2092 1099 tali
2126 1062 2244 1100 eam
2278 1049 2561 1114 velaverit,
2593 1062 2812 1120 propter
2845 1054 3122 1124 virginalis
3159 1055 3430 1121 pudicitizc
3476 1073 3572 1109 nr-

1996 1139 2326 1194 cessitatem.
2367 1140 2613 1195 Forsitan
2670 1144 2814 1197 enim
2881 1153 3071 1210 potens
3138 1147 3335 1214 aliquis
3389 1160 3576 1200 amore

1996 1243 2121 1298 erga
2159 1229 2304 1285 illam
2337 1232 2612 1302 ﬂagravit,
2648 1245 2700 1288 et
2726 1236 3128 1291 matrimonium
3158 1239 3320 1309 662
3357 1248 3571 1293 contra-

1996 1323 2127 1377 here
2159 1324 2341 1378 animo
2377 1325 2600 1379 habuit:
2653 1326 2736 1380 vel
2787 1327 2926 1381 alius
2949 1328 3146 1396 aliquis
3205 1340 3391 1396 raptor
3446 1343 3567 1382 eam

1996 1430 2188 1482 rapere
2219 1416 2420 1471 voluit:
2452 1425 2509 1470 et
2530 1427 2586 1470 ut
2613 1419 2701 1470 isti
2731 1419 2797 1470 ad
2822 1419 3270 1485 concupiscentiae
3310 1434 3423 1472 suae
3468 1433 3568 1470 ex-

1991 1508 2282 1574 pietiunem
2314 1522 2419 1562 non
2453 1509 2871 1576 pra'tenderent,
2905 1509 3047 1577 quod
3086 1510 3262 1562 adhuc
3306 1510 3423 1563 siue
3475 1509 3568 1562 lia-

1992 1599 2104 1651 bitu
2132 1608 2339 1662 manet,
2376 1600 2724 1669 dicerentque
2759 1614 2865 1653 non
2903 1610 3087 1667 patere
3115 1637 3130 1662 ,
3167 1615 3234 1652 an
3289 1597 3398 1652 Deo
3438 1614 3564 1652 con-

1990 1700 2235 1743 secratur
2262 1731 2274 1754 ,
2304 1691 2589 1759 episcopus
2621 1692 2944 1746 sacerdotali
3002 1705 3120 1743 eam
3171 1691 3350 1743 velare
3406 1689 3561 1742 indu-

1917 1807 1961 1864 Β
1992 1790 2171 1834 mento
2207 1781 2480 1834 festinavit
2501 1820 2517 1842 ,
2549 1796 2613 1835 ne
2643 1785 2762 1849 quis
2790 1781 2980 1835 habeat
3007 1797 3116 1850 quo
3144 1780 3210 1834 ad
3262 1780 3562 1849 apologiam

1991 1871 2288 1937 confugiat,
2317 1880 2369 1925 et
2397 1872 2825 1940 denegationem,
2855 1887 2975 1926 eam
3028 1887 3280 1941 sponsam
3332 1871 3422 1925 Dei
3457 1887 3562 1924 non

1989 1963 2155 2016 fuisse
2181 1979 2195 2028 ;
2224 1962 2306 2016 vel
2338 1977 2478 2032 smpe
2507 1973 2560 2016 et
2587 1964 2745 2016 morti
2778 1963 3052 2028 occubuit,
3087 1973 3138 2018 et
3162 1964 3372 2032 cognati
3420 1963 3564 2017 illius

1987 2055 2298 2122 episcopum
2337 2054 2534 2107 hortati
2567 2063 2712 2117 situt,
2758 2064 2816 2106 ut
2846 2053 3014 2108 etiam
3050 2064 3174 2107 ante
3196 2054 3380 2125 viginti
3405 2055 3564 2121 quin-

1989 2159 2092 2213 que
2128 2159 2302 2198 annos
2338 2145 2708 2212 perficeretur,
2743 2160 2810 2200 ne
2839 2145 2957 2202 sine
2986 2145 3173 2201 habitu
3219 2159 3249 2198 ο
3297 2143 3407 2197 vita
3459 2141 3563 2196 hac

1987 2236 2302 2307 euiigraret.

2487 2497 2720 2554 CANON
2756 2498 3042 2553 CXXVIII.

1991 2609 2008 2642 ι
2055 2590 2121 2646 Ut
2151 2589 2389 2659 episcopi
2420 2590 2511 2644 diu
2563 2605 2667 2645 non
2699 2590 3043 2644 detineantur
3101 2588 3153 2642 in
3207 2585 3447 2658 synodo,
3491 2599 3556 2639 ex

2062 2702 2082 2734 ι
2128 2693 2448 2751 unaquaque
2504 2681 2782 2750 provincia
2844 2687 2954 2733 tres
3003 2679 3210 2744 indices
3265 2677 3555 2748 eligantur.

2058 2795 2076 2826 ι
2113 2774 2374 2828 Similiter
2404 2772 2610 2842 placuit
2639 2772 2906 2827 universae
2931 2770 3137 2842 synodo
3162 2811 3179 2836 ,
3223 2783 3290 2822 ne
3315 2766 3554 2836 episcopi

2057 2885 2075 2917 ι
2118 2866 2184 2920 ad
2217 2866 2482 2935 synodum
2515 2863 2729 2919 collecti
2775 2863 3011 2917 universi
3053 2861 3396 2916 detineantur
3422 2899 3438 2922 ,
3489 2874 3555 2911 ex

2056 2970 2075 3003 ι
2121 2966 2443 3020 unaquaque
2473 2952 2751 3020 provincia
2780 2961 2888 3006 tres
2910 2951 3035 3018 eligi
3056 2949 3281 3020 iudices.
3311 2948 3374 3002 Et
3394 2948 3552 3002 electi

2053 3061 2071 3093 ι
2114 3051 2262 3107 sunt,
2312 3057 2374 3095 ex
2423 3042 2831 3112 Carthaginensi
2867 3041 3144 3103 Ecclesia,
3194 3038 3507 3092 Vincentius
3537 3079 3551 3100 ,

2061 3151 2079 3183 ι
2111 3131 2540 3186 Fortunatianus
2586 3124 2642 3186 et
2665 3131 2895 3196 Clarus;
2924 3145 2988 3185 ex
3021 3129 3301 3184 Numidica
3332 3127 3548 3196 provin-

2052 3237 2071 3270 ι
2107 3219 2189 3273 cia
2213 3219 2458 3289 Alypius,
2497 3220 2828 3288 Augustinus
2854 3228 2909 3273 et
2946 3219 3285 3281 Restitutus;
3333 3233 3399 3272 ex
3446 3217 3552 3288 By-

2059 3327 2078 3360 ι
2112 3322 2311 3362 zacena
2343 3309 2640 3377 provincia,
2672 3324 2792 3360 cum
2826 3319 3016 3361 sancto
3067 3322 3197 3362 sene
3248 3306 3550 3360 Dnnatiann

2050 3417 2067 3448 ι
2110 3398 2360 3466 primate.
2387 3397 2732 3461 Cresconius,
2773 3395 3048 3452 Iucundus
3083 3405 3136 3449 et
3180 3395 3547 3456 :Etlliiiattllti;

2049 3507 2067 3540 ς
2109 3503 2172 3542 ex
2200 3487 2528 3542 Mauritania
2567 3488 2835 3552 Sitifensi,
2873 3486 3199 3542 Severianus
3228 3527 3243 3552 ,
3278 3485 3551 3539 Asiaticus

2050 3599 2068 3631 ι
2103 3590 2155 3635 et
2186 3579 2459 3646 Donatus;
2488 3593 2554 3634 ex
2578 3577 2910 3649 Tripolitana
2936 3579 3235 3648 provincia,
3280 3576 3544 3635 Plautius.

2050 3690 2068 3722 ι
2108 3671 2200 3739 qui
2231 3678 2348 3724 erat
2378 3685 2442 3724 ex
2489 3684 2639 3724 more
2691 3670 2741 3723 in
2785 3669 3105 3740 legationem
3171 3669 3368 3721 missus
3405 3686 3419 3721 :
3451 3664 3545 3736 qui

2049 3779 2067 3813 ι
2111 3775 2301 3815 omnes
2340 3774 2462 3812 cum
2512 3756 2861 3812 sanctissimo
2907 3771 3037 3811 sene
3093 3757 3312 3810 Aurelio
3364 3754 3543 3809 omnia

2047 3868 2067 3901 ι
2107 3849 2610 3913 considerabunt;a
2643 3863 2751 3918 quo
2780 3849 2967 3916 petivit
2992 3847 3252 3901 universa
3277 3845 3538 3917 synodus,

2049 3961 2068 3995 ι
2106 3952 2169 3997 ut
2199 3942 2473 4006 omnibus,
2496 3942 2608 3998 sive
2631 3942 2792 4005 actis,
2815 3957 2933 4010 qua!
2957 3942 3066 4008 iam
3099 3940 3336 4006 perfecta
3361 3947 3534 4002 erant,

2044 4051 2064 4087 ι
2105 4033 2220 4088 sive
2251 4032 2517 4102 epistolis,
2549 4033 2664 4102 ipse
2686 4033 3077 4088 subscriberet.
3101 4030 3168 4084 Et
3196 4030 3517 4097 subscripsit

2049 4144 2068 4176 ι
2105 4124 2374 4191 Aurelius,
2430 4126 2718 4195 episcopus
2767 4123 3212 4194 Carthaginiensis
3261 4122 3543 4185 Ecclesizr,

2049 4233 2067 4266 ι
2108 4216 2360 4285 przesenti
2395 4216 2613 4270 decreto
2633 4217 2907 4280 consensi,
2935 4225 2988 4269 et
3043 4215 3181 4270 lecto
3223 4213 3538 4281 subscripsi.

2048 4325 2066 4360 ι
2101 4306 2365 4362 Similiter
2390 4315 2444 4362 et
2468 4321 2659 4362 omnes
2689 4305 2924 4376 episcopi
2957 4305 3418 4373 subscripserunt.
3458 4320 3478 4356 ›

2034 4745 2291 4801 ZONAR.
2327 4746 2460 4800 Cum
2499 4747 2550 4801 in
2583 4748 2684 4801 Iioc
2713 4749 2944 4802 concilio
2971 4748 3292 4803 celebrando
3308 4750 3536 4804 multum

1967 4837 2226 4906 temporis
2251 4838 2561 4905 congregati
2591 4837 2828 4908 episcopi
2858 4838 3338 4905 consumpsissem,
3365 4853 3538 4906 neque

1968 4935 2145 4980 tamen
2178 4927 2356 4982 adhuc
2380 4930 2710 4997 qumstiunes
2759 4946 2949 4986 omnes
2987 4929 3269 5002 explicata:
3318 4932 3538 4994 forent,

1965 5031 2033 5071 ne
2061 5016 2267 5073 diutius
2298 5019 2491 5074 abesse
2522 5033 2849 5089 cogerentur
2879 5062 2894 5086 ,
2935 5031 3045 5076 tres
3091 5038 3162 5076 ex
3212 5037 3534 5090 unaquaque

1965 5110 2237 5176 provincia
2273 5110 2394 5179 eligi
2424 5110 2646 5178 placuit,
2683 5111 2772 5181 qui
2808 5122 3205 5181 permanentes,
3240 5111 3380 5165 facta
3408 5111 3531 5165 aliis

1963 5200 2278 5254 discedendi
2316 5212 2606 5272 potestate,
2653 5202 2752 5271 ipsi
2799 5219 2917 5272 qua:
2971 5204 3174 5273 reliqua
3216 5213 3372 5260 erant
3408 5218 3530 5259 cum

1961 5291 2182 5346 Aurelio
2215 5300 2605 5361 cognoscerent
2636 5307 2698 5348 ac
2732 5295 3145 5351 constituerent.

1966 5467 2189 5524 IliiIS'l'.
2227 5489 2244 5522 ι
2281 5473 2727 5542 Quandoquidem
2753 5476 3011 5546 episcopi,
3038 5475 3128 5544 qui
3163 5475 3225 5528 ad
3258 5474 3529 5545 synodum

2035 5579 2053 5612 ι
2089 5572 2386 5626 venerunt,
2423 5567 2623 5620 diutius
2670 5582 2892 5622 manere
2931 5570 3071 5622 haud
3115 5577 3340 5637 possunt
3371 5607 3386 5631 ,
3419 5576 3527 5621 trt-s

2031 5671 2048 5701 ι
2091 5667 2153 5706 ex
2194 5669 2512 5724 unaquaque
2540 5658 2809 5725 provincia
2838 5658 3118 5728 eligantur.
3162 5677 3180 5709 ι

2026 5743 2204 5800 Multis
2234 5748 2512 5804 canonicis
2542 5751 2928 5819 quaestionibus
2971 5752 3258 5820 propositis
3282 5791 3296 5817 ,
3333 5760 3378 5804 el
3411 5764 3527 5802 uin-
