4136 6468
708 334 816 402 “5

1958 354 2232 414 THEOD.
2278 354 2672 416 BALSAMON
3840 356 3928 418 liii

705 451 784 501 vel
818 453 988 521 turpis
1018 455 1148 512 lucrl
1178 469 1503 529 captatores,
1541 473 1594 518 et
1637 469 1726 535 qui
1772 470 2058 532 accipiunt.
2092 482 2144 522 ut
2188 474 2254 520 w‘

2369 470 2442 531 ὡς
2483 470 2614 539 γυνὴ
2657 472 2750 522 καὶ
2795 471 3009 540 ἄνηϐος,
3055 471 3146 524 καὶ
3180 470 3346 530 ἄλλοι.
3391 469 3464 531 ὡς
3497 468 3736 530 ἐνόπλως
3783 485 3931 535 στρτ-

703 552 980 608 accusent,
1007 547 1086 600 vel
1118 564 1222 603 non
1252 563 1527 614 accusent.
1553 565 1606 609 et
1629 557 1720 626 qui
1743 560 1875 613 duas
1903 563 2254 615 accusatione:

2375 563 2674 631 τευόμενοι,
2728 563 2875 617 άλλοι
2921 565 2996 626 ὡς
3045 565 3324 633 ἄρχοντες,
3369 563 3511 616 ἄλλοι
3555 563 3632 622 ὡς
3677 562 3862 630 ἄτιμοι
3902 562 3930 629 ἢ

703 631 965 688 adversus
1013 638 1144 693 alios
1207 640 1639 710 inscripserunt,
1693 647 1783 702 alii
1837 660 2054 718 propter
2116 665 2270 705 suam

702 723 1085 794 eonditioiiem,
1147 739 1202 783 ut
1239 732 1416 788 liberti
1460 747 1849 803 patronorum;
1898 729 1984 793 alii
2046 751 2263 808 propter

703 812 984 870 calumnia:
1031 821 1418 888 suspicionem,
1448 836 1506 878 ut
1539 827 1626 895 qui
1669 827 1857 881 falsum
1910 831 2270 883 testimonium

701 899 983 969 dixerunt;
1015 907 1102 959 alii
1132 919 1346 977 prepter
1383 926 1772 982 paupertatem.
1808 927 1863 968 ιιι
1910 933 2136 985 quorum
2187 918 2267 970 fa-

701 990 925 1045 cultates
953 997 1335 1066 quinquaginta
1387 1017 1580 1058 aureos
1617 1021 1723 1059 non
1762 1007 2028 1062 vah-baut.
2065 1007 2138 1060 Hi'
2172 1024 2266 1060 an-

705 1088 808 1134 tem
840 1097 1026 1138 omnes
1053 1092 1295 1156 proprias
1334 1093 1554 1158 injurias
1601 1105 1656 1148 et
1681 1108 2032 1164 cognatorum
2068 1099 2265 1153 aedem

701 1174 947 1238 persequi
970 1189 1076 1226 non
1101 1185 1365 1233 vetantur.
1397 1181 1515 1234 Filii
1547 1192 1722 1236 autem
1753 1195 1805 1238 et
1835 1186 2009 1239 liberti
2040 1202 2070 1239 a
2118 1198 2270 1252 patre

699 1255 780 1308 vel
822 1258 1011 1315 liberto
1046 1269 1382 1332 possessione
1419 1271 1466 1322 vi
1511 1273 1668 1341 eiecti
1711 1291 1812 1329 nou
1841 1287 2061 1343 possunt
2103 1279 2170 1334 de
2215 1281 2266 1335 vi

694 1344 957 1413 judicium
985 1368 1218 1418 movere,
1252 1359 1344 1412 sed
1377 1371 1543 1428 agunt
1574 1363 1640 1416 de
1671 1367 2029 1434 recuperanda
2058 1382 2268 1433 posses-

701 1436 874 1490 simie.
902 1442 1032 1493 Nam
1063 1454 1114 1496 et
1157 1446 1296 1499 lilius
1333 1449 1592 1504 adversus
1624 1464 1846 1506 matrem
1875 1455 1941 1508 de
1989 1457 2267 1526 supposito

698 1536 849 1591 partu
901 1531 1030 1596 agit.
1083 1546 1147 1585 eo
1196 1540 1335 1603 quod
1381 1553 1484 1590 non
1524 1539 1684 1593 habet
1729 1544 2061 1599 cohmredem
2094 1585 2110 1608 ,
2160 1562 2262 1599 non

700 1630 827 1667 vero
849 1632 964 1670 eam
992 1619 1108 1691 falsi
1133 1635 1372 1679 accusat.
1406 1626 1596 1682 Mimos
1633 1641 1809 1684 autem
1837 1633 1954 1687 illos
1989 1635 2138 1697 dicit.
2171 1637 2260 1704 qui

697 1719 954 1769 persanas
999 1711 1240 1776 induunt,
1275 1731 1551 1770 servorum
1597 1719 1753 1780 forte.
1797 1722 1874 1776 vel
1932 1724 2259 1781 mulierum:

697 1810 800 1848 non
830 1809 1005 1850 autem
1030 1815 1216 1857 omnes
1248 1807 1581 1874 thymelicos.
1619 1809 1695 1862 illi
1719 1814 1881 1876 enim,
1909 1815 1997 1880 qui
2031 1823 2258 1868 tractant
2294 1795 2334 1850 Β

697 1884 1050 1940 instrumenta
1075 1893 1298 1957 musica,
1327 1895 1473 1948 bona":
1508 1906 1634 1950 sunt
1661 1900 2096 1957 existimationis.
2125 1901 2256 1956 Tur-

696 1975 918 2039 pitudini
959 1994 1136 2033 autem
1186 1993 1310 2036 sunt
1357 1987 1597 2052 obnoxii,
1637 1993 1927 2044 secundum
1975 2007 2259 2058 canonem,

695 2064 914 2120 lenones
946 2072 1033 2135 qui
1069 2076 1442 2130 meretricibus
1477 2091 1736 2143 prmsuut,
1768 2090 1822 2134 et
1858 2081 1944 2134 alii
1973 2083 2256 2150 ejusmodi.

694 2153 930 2208 lnfames
965 2172 1090 2210 vero
1129 2170 1255 2214 sunt
1288 2178 1408 2215 cum
1441 2166 1558 2219 aliis
1592 2177 1644 2220 et
1698 2169 1935 2224 bestiarii
1988 2176 2077 2240 qui
2121 2191 2260 2229 mer-

692 2245 875 2297 cedem
903 2249 1189 2316 accipiunt,
1214 2261 1272 2304 ut
1297 2263 1667 2322 pugnentcum
1692 2260 1900 2323 belluis.
1925 2273 1977 2316 et
1998 2279 2091 2330 pro
2115 2266 2260 2320 lucro

694 2334 856 2386 vitam
887 2352 1037 2390 suain
1070 2341 1399 2409 projieiunt;
1437 2361 1539 2398 non
1569 2357 1742 2400 autem
1775 2349 1870 2414 illi,
1914 2355 2001 2418 qui
2044 2357 2258 2409 virtutis

694 2429 1024 2481 ostentandae
1041 2432 1211 2497 gratia
1242 2445 1554 2489 concertant
1577 2453 1700 2492 cum
1734 2438 1939 2494 bestiis.
1969 2441 2085 2495 Non
2116 2447 2255 2498 enim

693 2516 853 2575 actio.
881 2519 973 2570 sed
1004 2521 1165 2574 animi
1221 2526 1550 2591 propositum
1600 2529 1684 2582 hic
1737 2531 2001 2600 punitur:
2043 2535 2164 2601 quia
2202 2547 2256 2589 et

694 2603 793 2671 ipsi
825 2620 975 2676 reges
1006 2623 1242 2678 pugnant
1282 2630 1400 2668 cum
1439 2617 1643 2673 bestiis.

763 2903 1011 2958 ZONAR.
1069 2905 1172 2961 Nec
1221 2923 1474 2965 accusare
1520 2915 1683 2980 servi,
1746 2931 1840 2971 nec
1894 2922 2256 2977 testimonium

693 2991 889 3055 dicere.
937 3010 1034 3048 nec
1077 2999 1176 3050 alia
1210 3001 1451 3066 quasdam
1498 3019 1750 3059 exercere
1801 3009 2001 3067 legibus
2037 3015 2258 3078 permit-

2373 652 2802 722 αίσχροκερδεῖς,
2835 654 2926 705 καὶ
2953 654 3316 721 λαμϐάνοντες
3345 655 3432 706 ἐπὶ
3456 653 3534 722 τῷ
3565 653 3933 721 κατηγορῆσαι

2372 741 2406 810 ἢ
2432 744 2504 811 μὴ
2524 744 2916 812 κατηγορῆσαι,
2945 745 3036 796 καὶ
3058 745 3106 796 ol
3129 744 3219 798 δύο
3243 746 3574 814 κατηγορίας
3597 744 3719 798 καθ’
3738 745 3936 809 ἐτέρων

2371 832 2816 901 ἐγγραψάμενοι·
2864 835 3013 887 ἄλλοι
3055 834 3145 885 διὰ
3195 833 3293 902 τὴν
3345 833 3552 904 αἵρεσιν
3606 833 3812 893 αὐτῶν,
3864 835 3937 895 ὠς

2370 922 2720 988 ἀπελεύθεροι
2748 924 2852 975 τῶν
2877 923 3172 990 πατρὼνων
3197 941 3209 954 ο
3246 924 3393 976 ἄλλοι
3425 923 3492 975 δι’
3520 924 3757 989 ὑποψίαν
3783 939 3937 975 συκο-

2371 1013 2619 1079 φαντίας,
2681 1013 2754 1074 ὡς
2815 1016 2861 1066 οῖ
2924 1013 3578 1082 ψευδομαρτυρήσαντες·
3642 1011 3800 1064 ἄλλοι
3851 1012 3938 1064 διὰ

2369 1107 2583 1166 πενίαν,
2643 1104 2717 1165 ὡς
2777 1104 2854 1172 μὴ
2915 1104 3126 1172 ἔχοντες
3187 1104 3523 1171 πεντήκοντα
3583 1103 3937 1172 νομισμάτων

2367 1194 2572 1249 οὐσίαν.
2613 1188 2773 1248 Οὗτοι
2810 1195 2867 1248 δὲ
2910 1196 3108 1255 πάντες
3160 1195 3480 1262 ἐγκλήματα
3516 1194 3619 1245 ἴδια
3657 1193 3749 1245 καῖ⁵
3781 1192 3936 1260 φόνον

2370 1285 2648 1352 συγγενῶν
2685 1285 2918 1337 ἐκδικεῖν
2947 1285 3220 1339 δύνανται.
3268 1284 3459 1340 Παῖδες
3487 1283 3542 1335 δέ
3577 1286 3667 1336 καὶ
3701 1282 3935 1335 ἀττελεὺ-

2368 1375 2515 1443 θεροι
2551 1375 2736 1444 βιαίως
2767 1376 2937 1443 νομῆς
2970 1375 3321 1442 ἐκϐληθέντες
3356 1375 3504 1444 πατιά
3535 1372 3629 1426 τοῦ
3665 1373 3876 1438 πατρὸς
3903 1372 3933 1442 ἢ

2365 1467 2458 1517 τοῦ
2491 1467 2790 1535 πάτρωκος,
2820 1466 2878 1519 τὸ
2907 1467 3004 1536 μὲν
3038 1467 3286 1535 ἔγκλημα
3317 1467 3414 1534 τῆς
3446 1466 3562 1534 βίας
3592 1465 3652 1517 οὗ
3680 1466 3934 1517 δύνανται

2364 1559 2533 1608 κινεῖν
2558 1573 2571 1586 ο
2603 1559 2681 1618 είς
2710 1557 2766 1609 δέ
2796 1559 2855 1610 τδ
2886 1558 3173 1610 ἀναλαϐεῖν
3193 1557 3288 1626 τὴν
3313 1559 3481 1626 νομὴν
3509 1556 3742 1610 κινοῦσι.
3775 1557 3884 1608 Καὶ
3909 1557 3934 1606 ὁ

2366 1647 2480 1708 υἱὸς
2516 1647 2623 1714 γάρ
2652 1647 2796 1703 κατά
2828 1649 3032 1718 μητρὸς
3064 1649 3189 1716 περὶ
3223 1647 3609 1716 ὑποϐολιμαίου
3642 1649 3818 1709 κινεῖ,
3850 1647 3933 1699 διά

2363 1738 2420 1790 τ’)
2465 1739 2539 1809 μὴ
2590 1743 2736 1806 σχεῖν
2765 1740 2928 1792 αὑτὸν
2961 1739 3429 1808 συγκληρονόμον,
3470 1738 3530 1791 οὑ
3572 1740 3682 1808 μὴν
3715 1739 3778 1792 τὸ
3812 1739 3933 1807 περὶ

2363 1829 2836 1898 πλαστογραφίας.
2872 1829 3086 1898 Μίμους
3133 1828 3315 1896 μέντοι
3347 1829 3586 1890 ἐκείνους
3616 1829 3780 1894 λέγε,
3816 1829 3933 1889 τοὺς

2361 1922 2680 1987 προσωπεῖα
2705 1920 3123 1988 ὑποδυομένους,
3147 1918 3348 1970 δούλων
3377 1919 3538 1986 τυχὸν
3561 1919 3594 1988 ἢ
3626 1919 3720 1970 καὶ
3751 1935 3933 1985 γυναι-

2361 2010 2492 2069 κῶν,
2525 2011 2617 2061 καὶ
2653 2009 2725 2077 μὴ
2755 2010 2961 2068 πάντας
2991 2009 3114 2069 τοὺς
3142 2010 3240 2076 τῆς
3267 2009 3532 2077 θυμέληςε
3571 2009 3803 2078 Ἐκεῖνοι
3829 2007 3930 2076 γάρ

2360 2099 2409 2152 οἱ
2469 2100 2534 2152 τά
2593 2099 2824 2167 μουσικά
2886 2098 3092 2166 ὄργανα
3163 2099 3661 2169 μεταχειριζόμενοι
3718 2100 3924 2168 ιντιμοί

2364 2193 2526 2243 εἰσιν.
2567 2192 2900 2261 ΑΜχρότησι
2930 2193 2985 2245 δέ
3017 2191 3410 2261 ὑποϐέϐληνται
3443 2192 3584 2244 κατὰ
3613 2191 3704 2243 τὸν
3736 2192 3931 2244 κανόνα

2359 2282 2409 2333 οἱ
2457 2282 2788 2350 προαγωγοὶ.
2844 2283 2892 2334 οῖ
2948 2282 3324 2352 πορνευουσῶν
3379 2283 3791 2350 προϊστάμενοι.
3842 2280 3935 2333 καὶ

2359 2372 2538 2441 {tepet
2575 2371 2823 2424 τοιοῦτοι.
2862 2370 2965 2424 Καὶ
2993 2373 3176 2442 ἄτιμοι
3205 2372 3260 2424 δέ
3293 2374 3396 2426 είσι
3429 2373 3524 2424 σὺν
3553 2373 3737 2433 ἀλλοις
3770 2371 3862 2424 καὶ
3885 2374 3929 2424 οἱ

2360 2462 2718 2531 θηριομάχοι,
2753 2465 2800 2516 οί
2839 2463 3028 2532 μισθὸν
3062 2463 3435 2530 λαμϐάνοντες
3465 2464 3623 2532 χάριν
3654 2462 3751 2515 τοῦ
3777 2463 3929 2516 πολε·

2363 2556 2533 2622 μῆσαι
2557 2554 2762 2622 θηρίον,
2795 2555 2888 2605 καὶ
2910 2555 3001 2606 διὰ
3027 2553 3213 2622 κέρδος
3239 2553 3337 2623 τὴν
3359 2553 3565 2605 οίκείαν
3588 2553 3930 2623 προδιδόντες

2360 2645 2528 2712 ζωὴν,
2559 2645 2617 2698 οὑ
2653 2645 2760 2714 μὴν
2784 2646 2831 2696 οί
2857 2644 2946 2698 διὰ
2971 2645 3230 2708 ἐπίδειξιν
3256 2643 3505 2714 ἀνδρείας
3533 2644 3930 2715 θηριομαχοῧνο

2358 2753 2465 2798 τες.
2496 2738 2571 2790 0-3
2606 2738 2714 2806 γάρ
2757 2738 2790 2805 ἡ
2823 2736 3038 2806 πρᾶξις.
3087 2735 3221 2788 ἀλλά
3259 2737 3291 2804 ὴ
3344 2732 3933 2804 προαίρεσιςιέπαῦοα

2360 2830 2675 2891 κολάζεται·
2712 2830 2792 2881 ὅτι
2833 2829 2929 2881 καὶ
2963 2827 3203 2895 βασιλεῖς
3233 2824 3685 2894 θηριομαχοῦσιν.

2430 2920 2674 2972 ΖΟΝΑΡ.
2710 2921 2772 2972 Ol
2808 2919 2984 2971 δοῦλοι
3024 2919 3135 2978 τοῖς
3167 2919 3352 2984 νόμοις
3401 2917 3764 2985 ἀπρδσδεκτοί
3797 2917 3930 2969 εἰσιν

2360 3010 2438 3070 εἰς
2465 3009 2522 3061 τὸ
2549 3009 2771 3074 ἀνάγειν
2797 3009 2827 3076 ἢ
2863 3010 3160 3077 μαρτυρεῖν
3188 3007 3280 3060 καὶ⁵
3307 3008 3382 3068 εἰς
3401 3007 3562 3074 ἔτερα
3593 3023 3606 3036 ο
3639 3009 3688 3059 οί
3719 3008 3776 3059 δέ
3804 3009 3929 3060 ἀπε·

695 3092 916 3138 tnnlur:
965 3085 1138 3139 liberti
1172 3104 1322 3152 vero,
1355 3092 1488 3143 alios
1522 3095 1732 3160 quidem
1785 3097 1835 3150 in
1879 3102 2137 3164 judicium
2183 3105 2254 3157 rei

2359 3099 2604 3167 λεύθεροι
2639 3099 2780 3151 κατά
2825 3098 2921 3168 μὲν
2953 3098 3124 3152 ἄλλων
3160 3099 3412 3150 δύνανται
3460 3098 3676 3164 ἐνάγειν
3711 3101 3807 3150 καὶ
3846 3101 3930 3163 ἐγ-

693 3186 907 3239 quoque
931 3177 1178 3241 capitalis
1201 3194 1390 3232 vocare
1415 3193 1635 3250 possunt
1663 3201 1675 3246 ;
1715 3201 1818 3238 non
1854 3199 2026 3242 tamen
2059 3207 2172 3253 eos.
2219 3209 2247 3246 a

691 3264 884 3327 quibus
936 3269 1268 3332 manumissi,
1299 3284 1387 3322 aut
1417 3288 1601 3325 corum
1631 3276 1848 3340 liberos,
1891 3294 1987 3331 nec
2020 3283 2082 3333 ad
2115 3298 2250 3350 quos

692 3353 1001 3408 Increditate
1027 3367 1338 3420 patronatus
1364 3364 1480 3426 jura
1519 3379 1828 3430 pervenere.
1861 3368 1950 3420 Est
1985 3385 2108 3423 vero
2154 3388 2248 3440 pa.

693 3449 932 3495 tronatus
979 3443 1162 3496 Latina
1193 3449 1378 3512 dictio,
1404 3466 1429 3499 ιι
1458 3450 1658 3506 Grmcis
1701 3470 1915 3523 quoque
1966 3469 2246 3525 usurpata,

689 3547 809 3598 qum
846 3533 933 3599 jus
982 3538 1246 3602 quoddam
1285 3542 1619 3596 auctoritatis
1657 3544 1708 3594 in
1743 3544 1900 3598 alium
1960 3560 2020 3598 ae
2076 3547 2250 3600 tutelte

692 3623 907 3677 indicat.
947 3625 1127 3691 Neque
1157 3628 1319 3694 igitur
1352 3647 1539 3684 servus
1574 3635 1638 3684 ad
1679 3635 1908 3702 episcopi
1949 3651 2038 3687 aut
2066 3638 2247 3692 clerici

689 3716 1085 3768 accusationem
1114 3733 1282 3770 canon
1329 3722 1584 3785 admittit,
1629 3739 1726 3777 nec
1766 3736 2134 3780 accusatorum
2181 3728 2248 3780 li-

689 3807 887 3878 bertos,
925 3823 1019 3860 nec
1054 3810 1261 3872 aliquos
1285 3810 1437 3874 alios,
1473 3814 1564 3880 qui
1616 3814 1789 3880 legum
1835 3817 2067 3870 civilium
2114 3836 2246 3873 con-

687 3896 1055 3949 stilulinnihus
1084 3898 1150 3949 ab
1181 3903 1528 3955 accusatione
1557 3905 1815 3957 criminali
1844 3916 2114 3971 arcentur,
2156 3925 2247 3962 ne-

687 4001 790 4050 que
823 3985 1072 4047 infames,
1107 3989 1291 4054 quales
1315 4001 1438 4043 sunt
1471 3993 1640 4055 mimi,
1674 3995 1874 4064 quique
1905 4012 2024 4051 cunt
2059 3999 2248 4055 bestiis

689 4089 928 4144 pugnant
966 4081 1044 4132 vel
1077 4081 1167 4146 qui
1202 4081 1571 4146 gladiatoriam
1601 4096 1854 4141 exercent
1885 4127 1898 4140 .
1932 4088 2031 4142 Per
2057 4091 2248 4144 mimos

687 4181 813 4219 vero
852 4168 1094 4221 scenicos
1136 4183 1323 4222 omnes
1367 4170 1645 4236 intellexit,
1670 4189 1977 4240 quoruntcx
2002 4193 2245 4241 numero,

684 4258 774 4324 qui
801 4258 1012 4322 quidem
1039 4269 1314 4324 spectante
1341 4262 1660 4328 imperatore
1681 4267 1813 4320 artis
1837 4281 1949 4319 sua:
1973 4270 2244 4335 specimen

683 4349 868 4409 edunt,
905 4349 1108 4402 honesti
1140 4365 1167 4401 a
1217 4351 1420 4415 legibus
1453 4355 1866 4410 existimantur:
1902 4359 1992 4425 qui
2031 4374 2153 4412 vero
2191 4361 2242 4413 in

2359 3189 2729 3257 κληματικῶς,
2755 3190 2892 3242 κατά
2922 3190 2975 3242 δὲ
2999 3189 3108 3240 τῶν
3133 3188 3512 3258 ἐλευθερωτῶν
3538 3189 3742 3249 αὐτῶν,
3770 3190 3802 3258 ἢ
3827 3189 3927 3240 τῶν

2358 3281 2564 3333 παίδων
2597 3281 2796 3339 αὐτῶν,
2832 3281 2862 3348 ἦ
2895 3280 3002 3330 τῶν
3026 3280 3378 3348 κληρονόμων
3403 3280 3508 3330 τῶν
3542 3280 3777 3346 ἐχόντων
3811 3280 3924 3331 κατ’

2357 3373 2534 3425 αὐτῶν
2566 3371 2884 3438 πατρωνικᾶ
2917 3370 3098 3422 δίκαια
3129 3370 3188 3421 οὑ
3223 3370 3500 3422 δύνανται.
3547 3370 3608 3421 Ἠ
3647 3369 3924 3438 πατριυνία

2355 3463 2412 3514 δι
2453 3463 2734 3530 Ῥωμαῖκὴ
2757 3458 2889 3514 οὖσα
2920 3461 3061 3524 λέξις
3089 3461 3181 3512 καὶ
3211 3460 3660 3528 ἐξελληνιζομένη
3695 3477 3928 3525 προστα-

2358 3551 2447 3602 σία
2497 3552 2720 3602 νοεῖται.
2774 3551 2912 3602 Οὔτε
2967 3549 3060 3601 οὖν
3095 3548 3312 3610 δούλους
3352 3549 3565 3616 δέχεται
3603 3549 3929 3615 κατηγορεῖν

2355 3641 2668 3693 ἐπισκόπων
2702 3642 2794 3695 καῖ⁵
2828 3639 3110 3708 κληρικῶν
3154 3639 3181 3690 δ
3217 3637 3427 3692 κανὼν.
3477 3637 3598 3690 οὔτε
3633 3639 3928 3690 ἁπελευθέ·

2359 3747 2482 3798 ρους
2516 3733 2676 3792 ἰδίους
2699 3731 2805 3783 τῶν
2833 3728 3348 3798 κατηγορουμένων,
3377 3727 3498 3780 οὒτε
3530 3729 3681 3790 τινάς
3715 3730 3922 3790 ἄλλους.

2353 3821 2446 3885 οὓς
2495 3825 2541 3873 oi
2588 3819 2854 3874 πολιτικοὶ
2901 3819 3056 3887 νόμοι
3109 3820 3436 3886 κατηγορεῖν
3489 3818 3792 3870 κωλύουσιν
3843 3820 3930 3872 ἐπ’

2354 3914 2708 3981 ἐγκλήμασιν,
2738 3911 2860 3962 οὒτε
2891 3910 3136 3977 ἀτίμους,
3167 3904 3277 3960 οἷον
3310 3909 3504 3976 μίμους
3539 3916 3630 3959 καὶ
3662 3909 3924 3977 θηριομά-

2353 4020 2479 4073 χους
2503 4003 2533 4071 ἢ
2561 4001 2919 4070 μονομάχους.
2943 4000 3038 4052 Διά
3060 3999 3114 4050 δὲ
3143 3998 3251 4049 τῶν
3281 3999 3464 4065 μίμων
3491 4002 3615 4059 τοὺς
3641 4003 3928 4068 σκηνικοὺς

2356 4095 2561 4154 πάντας
2590 4092 2860 4161 ἐδήλωσεν
2881 4133 2895 4154 ,
2930 4084 3005 4142 ὧν
3043 4092 3090 4142 οἱ
3128 4091 3258 4158 μένῖ,
3290 4089 3538 4150 εἰωθότες
3571 4090 3804 4143 ἐνώπιον
3837 4091 3924 4143 τοῦ

2355 4183 2618 4253 βασιλέως
2673 4182 2742 4234 τά
2797 4181 3005 4233 ἑαυτῶν
3061 4179 3432 4232 ἐνδείκνυσθαι
3491 4181 3924 4250 ἐπιτηδεύματα.

2353 4274 2559 4340 ἔντιμοι
2591 4274 2701 4331 τοῖς
2734 4271 2918 4338 νόμοις
2950 4269 3295 4335 λογίζονται·
3327 4270 3375 4320 οί
3407 4260 3463 4321 δέ
3496 4270 3553 4321 ἐν
3584 4272 3925 4340 πανηγύρεσι

2355 4366 2445 4416 καὶ
2475 4364 2794 4428 δημοτικαῖς
2823 4360 3168 4412 συνελεύσεσι
3195 4361 3475 4422 παίζοντες
3499 4359 3687 4427 ἄτιμοι
3715 4363 3924 4431 κρίνον-

687 4440 800 4490 l'uro
855 4455 1032 4490 coram
1081 4441 1326 4508 imperita
1381 4445 1718 4498 mulzitudine
1766 4447 1918 4501 ludos
1963 4449 2241 4514 exhibent,

2357 4466 2462 4502 ταιο
2521 4450 2723 4518 ὁμοίως
2785 4450 2875 4500 καὶ
2930 4450 2977 4500 οί
3033 4449 3380 4518 θηριομάχοι,
3441 4448 3491 4498 οἳ
3546 4452 3640 4500 καὶ
3697 4455 3925 4517 κυνηγοὶ

687 4528 911 4582 infames
938 4530 1222 4583 ducuntur.
1262 4533 1516 4585 Similiter
1563 4545 1616 4587 et
1665 4535 1698 4586 ii
1736 4537 1825 4604 qui
1885 4552 2006 4589 cum
2057 4538 2242 4592 bestiis

683 4628 938 4683 pugnant,
975 4619 1064 4684 qni
1096 4620 1253 4683 etiam
1305 4631 1588 4676 venatores
1623 4624 1895 4686 dicuntur,
1931 4636 1988 4677 ut
2034 4635 2088 4678 et
2135 4629 2247 4694 gla-

683 4709 962 4773 diatores;
1001 4711 1043 4762 si
1077 4711 1289 4776 quidem
1323 4711 1652 4767 fortitudinis
1680 4719 2010 4769 ostentandm
2033 4719 2245 4785 μιυτῑω-

681 4812 783 4864 que
805 4801 1174 4865 eomparandm
1216 4801 1391 4853 studio
1422 4802 1702 4856 bestiarios
1731 4815 1896 4870 agunt
1926 4817 2018 4858 aut
2047 4808 2247 4874 gladia-

681 4897 847 4952 tores,
878 4891 1017 4943 nulla
1053 4893 1176 4944 hinc
1219 4906 1311 4945 eos
1341 4893 1561 4946 honoris
1589 4894 1797 4960 jactura
1848 4899 2195 4964 consequitur
2227 4914 2240 4949 :

681 4982 764 5063 sin
823 4984 1066 5035 mercede
1110 4982 1387 5046 conducti,
1442 4985 1733 5051 ignominia
1777 4997 2054 5040 notantur.
2111 4987 2240 5040 Nam

681 5073 979 5140 quicunque
1006 5075 1125 5128 vita:
1150 5090 1259 5128 sua:
1287 5074 1430 5128 haud
1456 5091 1702 5144 parcens,
1733 5093 1848 5130 eam
1880 5080 2051 5146 pretio
2081 5096 2244 5131 vena-

683 5163 782 5215 lem
815 5164 988 5222 hahet.
1035 5177 1368 5234 mortemque
1418 5182 1577 5221 causa
1618 5169 1748 5221 Ini-ri
1790 5172 2086 5223 centcmnit
2113 5189 2126 5233 ;
2151 5171 2242 5238 qui

686 5254 796 5306 lleri
843 5265 1036 5322 potest.
1065 5257 1225 5325 665
1262 5268 1318 5309 ut
1351 5258 1740 5313 existimationi
1788 5277 1896 5311 sua:
1943 5261 2243 5330 honorique

683 5346 910 5412 pareat?
945 5346 1046 5399 Sed
1081 5364 1252 5415 nqute
1294 5350 1560 5402 haereticis
1609 5360 1702 5402 aut
1744 5352 2043 5404 inlidelibus
2083 5368 2240 5405 accu-

683 5450 802 5489 sare
829 5439 1002 5489 datum
1024 5449 1126 5491 eSI.
1151 5438 1251 5502 Qui
1277 5450 1448 5494 tamen
1472 5456 1680 5505 omnes,
1711 5443 1754 5494 si
1785 5443 1979 5510 aliquid
2013 5444 2243 5498 habeant

686 5526 902 5592 primum
935 5531 1335 5592 contrmersize.
1385 5549 1447 5587 ac
1477 5533 1542 5586 de
1575 5549 1637 5587 ea
1671 5533 1769 5586 sibi
1817 5533 2074 5602 judicium
2125 5537 2238 5587 dari

2346 4540 2720 4608 ὀνομάζονται,
2754 4541 2846 4591 καὶ
2877 4539 3330 4607 μονομαχοῦντες,
3366 4541 3414 4591 εί
3446 4540 3543 4607 μὲν
3568 4539 3636 4591 δι’
3669 4541 3925 4607 ἐπίδειξιν

2343 4632 2592 4700 ἀνδρείας
2635 4632 2729 4682 καὶ
2752 4631 2905 4698 δόξης
2929 4629 3103 4699 ἔρωτα
3143 4629 3568 4698 θηριομιχοῦσιν
3611 4635 3643 4697 ἢ
3682 4650 3922 4702 μονομαο

2343 4721 2550 4791 χοῦσιν,
2583 4723 2821 4792 ἐπίτιμοί
2842 4719 2998 4773 εἰσιν·
3020 4721 3139 4772 είδέ
3161 4721 3246 4773 διὰ
3271 4722 3479 4789 μισθὸν,
3501 4724 3708 4788 ἄτιμοι.
3742 4723 3802 4775 Ὀ
3820 4727 3921 4793 γὰρ

2339 4814 2650 4879 τῆςοίκεῖας
2671 4811 2812 4882 ζωῆς
2833 4813 2904 4880 μὴ
2924 4812 3254 4880 φειδόμενος,
3281 4812 3412 4864 ἀλλά
3433 4812 3624 4878 μισθοῦ
3643 4814 3920 4882 προδιδοὺς

2341 4901 2531 4971 αὐτὴν,
2575 4903 2667 4954 καὶ
2695 4903 2925 4954 θανάτου
2967 4902 3053 4953 διὰ
3080 4901 3267 4968 κέρδος
3301 4901 3674 4966 καταφρονῶν,
3719 4903 3836 4964 πῶς
3860 4905 3919 4955 ἂν

2343 4993 2440 5058 τῆς
2463 4992 2663 5052 οἰκείας
2703 4993 2946 5057 φείσεται
2971 4992 3287 5060 ὑπολήψεως
3313 5007 3328 5054 ;
3365 4991 3610 5043 ἀλλὀὑδέ
3629 4993 3919 5060 αἱρετικοῖς

2346 5083 2378 5148 ἦ
2414 5081 2660 5143 ἀπίστοις
2683 5082 2863 5134 δίδωσι
2888 5085 3228 5150 κατηγορεῖν.
3261 5083 3321 5134 Εἰ
3361 5083 3416 5133 δὲ
3445 5082 3576 5145 ίδίας
3620 5085 3670 5136 οί
3693 5086 3917 5138 τοιοῦτοι

2347 5173 2522 5236 αἰτίας
2555 5173 2757 5242 ἔχουσι,
2784 5174 2877 5225 καὶ
2909 5175 3033 5241 περὶ
3059 5172 3262 5224 τούτων
3282 5173 3552 5239 ἐνάγουσι.
3585 5176 3916 5245 προσδεχθήο

2350 5281 2550 5326 σονται,
2603 5265 2707 5317 κᾶν
2751 5263 2869 5315 κατ’
2911 5263 3221 5315 ἐπισκόπων
3260 5264 3292 5330 ἢ
3344 5264 3618 5333 κληρικῶν
3665 5268 3912 5335 ἐνάγωσι.

2347 5357 2425 5407 Τὰ
2479 5355 2617 5407 αὑτά
2677 5354 2733 5405 δὲ
2788 5353 3077 5422 διορίζεται
3148 5353 3241 5404 καὶ
3300 5357 3327 5406 ὁ
3373 5355 3526 5417 ἕκτος
3585 5355 3768 5408 κανὼν
3823 5357 3913 5420 τῆς

2347 5447 2601 5515 δευτέρας
2629 5445 2866 5498 σιν-ὁδου.
2908 5445 3306 5514 ⁹Ανιειγνωςιτέον
3329 5444 3419 5497 καὶ
3442 5445 3506 5498 τὶι
3532 5446 3589 5496 ἐν
3616 5447 3815 5516 ἐκείνῳ
3832 5461 3916 5513 γε-

2348 5541 2657 5604 γραμμένα.

683 5622 1044 5684 ve!int.ct'am
1069 5632 1617 5698 adversusepiseopm
1655 5643 1704 5685 et
1749 5632 1975 5688 clericos
2015 5635 2314 5688 audiuntur.
2373 5633 2565 5687 Eadem
2641 5643 2822 5689 sextus
2889 5649 3101 5704 quoque
3181 5633 3426 5689 secunda:
3479 5632 3670 5703 synodi
3749 5643 3914 5687 canon

691 5718 873 5772 edicit.
914 5719 988 5775 Tu
1017 5739 1133 5795 qua:
1164 5727 1214 5782 in
1240 5742 1358 5782 eum
1389 5729 1586 5795 scripta
1617 5736 1737 5782 sunt
1771 5727 1902 5781 vide.
