4136 6464
271 443 379 508 ll'l

1267 444 1348 506 ΙΝ
1387 446 1549 508 CAN.
1585 442 1822 505 CXXXI
1861 445 2067 506 CONC.
2131 447 2506 508 CARTHAG.

3396 448 3501 511 418

284 556 525 613 ’ΔΡΙΣἹἏ
567 575 586 610 ε
624 559 729 610 Καὶ
774 559 801 610 6
831 557 1035 622 δοῦλος,
1066 556 1161 610 καὶ
1204 557 1232 608 6
1265 557 1644 626 ἀπελεύθερος,
1689 559 1819 611 καὶι

1942 556 2162 611 ARIST.
2195 577 2213 609 ι
2251 559 2312 612 Ει
2341 574 2550 623 servus,
2579 569 2632 613 et
2660 560 2902 622 libertus,
2931 568 2983 614 et
3011 559 3099 629 qui
3126 571 3249 614 ante
3276 573 3500 616 accusa-

355 668 374 700 ε
413 649 914 718 προκατηγορηθεὶς
955 647 1045 699 ἐπί
1078 665 1130 700 τι
1167 648 1276 700 τῶν
1302 648 1362 700 οὐ
1399 647 1838 718 προσδεχομένων

353 757 372 790 ι
411 737 488 807 τῷ
523 739 784 807 δημοσίῳ,
820 739 916 790 καὶ
949 739 978 790 6
1013 741 1194 808 μῖμος,
1231 740 1324 791 καὶ
1359 739 1388 790 6
1419 738 1651 814 Ἕλλην,
1691 740 1782 791 καὶ
1812 739 1840 791 6

356 845 379 880 ε
417 827 713 897 αίρετικὸς,
749 828 840 878 καὶ
871 829 899 880 6
942 826 1211 890 Ἰουδαῖος.
1255 845 1273 878 ι

347 923 421 975 Οὐ
457 919 539 974 δεῖ
564 920 928 984 ἀνεξετάστως
954 922 1050 983 τὰς
1083 921 1220 974 κατὰ
1251 922 1558 974 ἐπισκόπων
1587 921 1621 991 ἢ
1652 921 1839 990 κληρι-

274 1009 390 1062 κῶν
434 1008 764 1078 κατηγορίας
810 1007 842 1077 ἢ
886 1008 1189 1077 μαρτυρίας
1231 1007 1658 1078 προσδέχεσθαι·
1705 1009 1838 1062 ἀλλὰ

272 1100 589 1169 ἀνακρίνειν
637 1100 758 1160 τοὺς
813 1099 1247 1167 κατηγοροῦντας
1301 1098 1334 1168 ἢ
1390 1099 1834 1168 μαρτυροῦντας,

270 1190 446 1243 ὁποῖοί
479 1191 584 1240 είσι
617 1188 756 1241 κατὰ
788 1189 878 1240 τὸν
903 1188 1058 1240 ἕκτον
1091 1189 1287 1240 κανόνα
1320 1189 1418 1256 τῆς
1451 1191 1507 1241 ὲν
1541 1191 1834 1243 Κωνστανο

268 1277 574 1330 τινουπόλει
626 1279 887 1331 συνόδου·
937 1279 1031 1330 καὶ
1078 1278 1126 1328 εί
1183 1277 1280 1345 μὲν
1323 1277 1415 1329 τὸν
1461 1277 1573 1346 βίον
1624 1279 1836 1347 ἔχουσιν

268 1371 579 1438 ἄμεμπτον,
613 1370 703 1421 καὶ
736 1371 834 1437 τὴν
862 1368 1157 1438 θρησκείαν
1186 1367 1485 1436 ὀρθόδοξον,
1517 1369 1833 1439 προσίεσθαι

266 1458 466 1520 αὐτούς
485 1473 500 1491 ⁸
529 1461 576 1511 εί
604 1459 661 1513 δδ
687 1461 721 1529 ἢ
748 1459 923 1512 δοῦλοί
951 1461 1086 1512 εἰσιν
1121 1453 1286 1527 (οὗτοι
1314 1460 1422 1528 γὰρ
1456 1462 1548 1512 καὶ
1589 1460 1696 1512 άπδ
1727 1459 1833 1511 τῶν

265 1548 563 1601 πολιτικῶν
587 1549 767 1618 νόμων
789 1549 904 1602 οὖδὶ
930 1550 1050 1603 καθ’
1069 1549 1394 1619 οίουδήτινος
1413 1551 1832 1619 ὲγκληματικῶς

274 1639 309 1706 ἢ
346 1639 702 1708 χρηματικῶς
729 1677 745 1702 ,
793 1638 1005 1705 ἐνάγειν
1045 1639 1078 1708 ἢ
1121 1641 1414 1707 μαρτυρεῖν
1446 1639 1743 1706 δύνανται),
1797 1641 1828 1709 ἢ

261 1729 619 1795 ἀπελεύθεροι
667 1731 788 1782 ίδιοι
840 1730 933 1784 τοῦ
985 1730 1460 1799 κατηγορουμένου
1513 1729 1828 1800 (κωλύονται

261 1820 373 1889 γάρ
413 1820 505 1870 καὶ
530 1812 676 1871 οὗτοι
709 1819 815 1872 ἀπὸ
843 1820 1018 1888 νόμων
1051 1821 1188 1872 κατὰ
1211 1819 1318 1870 τῶν
1347 1819 1826 1888 ἑλευθερωσάντων

260 1911 462 1972 αὐτοὺς
485 1908 573 1962 ἐπ’
599 1909 907 1978 ιγκλήμασι
937 1911 1255 1979 μαρτυρεῖν,
1285 1910 1372 1962 διὰ
1400 1909 1460 1961 τὸ
1482 1909 1826 1962 ἁπαιτείσθαι

259 1999 472 2067 τιμίους
500 2001 594 2051 καὶ
623 1999 810 2066 ἁγίους
837 1999 962 2062 τοὺς
995 1999 1282 2068 πάτρωνας
1321 1998 1518 2064 αὐτῶν,
1551 1999 1669 2068 ἦτοι
1703 2001 1828 2062 τοὺς

257 2087 651 2159 ιλευθερωτας,
686 2087 1096 2159 λογίζεσθαι),ἧ
1131 2091 1698 2160 προκατηγορηθέντες
1731 2093 1826 2143 καὶ

256 2179 336 2245 μὴ
388 2179 752 2248 προφανέντες
791 2178 1089 2245 ἀνεύθυνοι,
1122 2179 1154 2248 ἢ
1201 2181 1256 2232 ὲν
1284 2181 1526 2250 δημοσίῳ
1559 2197 1824 2246 κατακρι-

256 2269 441 2330 θέντες
471 2269 825 2339 δικαστηρίῳ,
850 2272 944 2323 καὶ
973 2272 1137 2340 μήπω
1161 2270 1268 2324 ἀπὸ
1297 2270 1580 2340 βασιλικῆς
1604 2273 1823 2339 εὐεργε-

256 2362 376 2424 σίας
403 2361 482 2423 είς
505 2361 604 2432 τὴν
629 2361 831 2414 οἰκείαν
855 2362 1133 2431 ἐπιτιμίαν
1157 2363 1649 2426 άποκαταστάντες,
1677 2364 1708 2432 ἢ
1736 2365 1824 2416 τὸν

255 2451 372 2520 βίον
402 2452 722 2522 ὲφύϐριστον
755 2454 962 2522 ἔχοντες
985 2495 999 2517 ,
1031 2453 1105 2516 ὡς
1133 2458 1309 2521 μῖμοι,
1343 2455 1438 2507 καὶ
1471 2455 1716 2522 σκηνικοί
1739 2468 1754 2483 °
1788 2455 1820 2523 ἢ

257 2543 355 2610 τῆς
377 2543 648 2612 ἡμετέρας
670 2543 960 2613 θρησκείας
981 2543 1128 2606 ὄντες
1151 2543 1438 2614 ἀλλότριοι,
1465 2544 1535 2603 ὡς
1561 2546 1820 2608 Ἰουδαῖοι,

255 2633 526 2700 αίρετικοε
557 2649 614 2684 τε
651 2634 742 2685 καὶ
777 2633 1036 2703 Ἕλληνες
1063 2650 1075 2664 ·
1107 2637 1164 2686 οὺ
1202 2635 1707 2705 παραδεχθήσονται
1741 2640 1821 2700 είς

255 2721 596 2788 κατηγορίαν
617 2722 647 2788 ἢ
679 2723 758 2782 είς
785 2721 1090 2792 μαρτυρίαν
1113 2725 1424 2777 ἐπισκόπων
1448 2725 1478 2792 ἢ
1507 2726 1781 2793 κληρικῶν
1803 2743 1818 2760 ο

252 2811 342 2862 διὰ
374 2812 434 2862 τὸ
465 2811 632 2880 μηδέν
663 2830 713 2864 τι
741 2813 936 2874 αὐτοὺς
963 2814 1145 2882 ἕτερον
1172 2815 1418 2867 σπεύδειν
1451 2817 1480 2884 ἢ
1514 2817 1820 2885 μῶμονκαὶ

253 2901 446 2954 σπίλον
474 2904 593 2963 ταῖς
637 2901 936 2971 ὑπολήψεσι
973 2905 1306 2974 προσάπτειν
1342 2905 1447 2958 τῶν
1477 2907 1663 2975 ίερέων
1684 2947 1697 2970 ,
1729 2909 1821 2961 καὶ

257 2990 494 3060 ταραχὰς
531 2991 756 3060 ιπάγειν
781 2995 846 3062 τῇ
890 2994 1204 3064 Ἐκκλησία.

826 3085 1060 3137 ΚΑΝΩΝ
1092 3086 1260 3139 ΡΔΑ⁶.

2016 667 2034 698 ι
2067 656 2152 700 ιιιι·
2169 649 2346 718 aliquo
2367 664 2550 703 eorum
2574 649 2858 702 criminum
2887 650 2957 702 ob
2996 664 3112 716 qua:
3134 649 3200 700 ad
3232 649 3497 718 publicum

2015 757 2033 789 ι
2061 738 2317 805 judicium
2348 755 2448 792 nou
2480 739 2799 804 admittitur,
2823 748 2874 793 et
2918 739 3130 802 mimus,
3161 747 3213 791 et
3256 737 3498 801 Gnaeus,

2015 847 2033 879 ι
2065 839 2116 882 et
2145 829 2445 892 ltzcretieus,
2470 838 2524 882 et
2549 828 2785 882 Judame.
2826 847 2844 879 ι

2008 916 2122 970 Non
2169 927 2378 986 oportet
2432 919 2797 972 accusationes
2847 929 2901 974 et
2960 919 3258 973 testimonia
3307 932 3492 975 contra

1937 1009 2218 1076 episcopos
2253 1009 2332 1062 vel
2363 1010 2587 1063 clericos
2627 1011 2742 1063 sine
2770 1013 3161 1065 examinatione
3203 1013 3444 1077 accipere
3475 1027 3492 1069 :

1936 1096 2028 1149 sed
2060 1106 2396 1151 accusatores
2422 1101 2534 1151 sive
2569 1107 2730 1152 testes
2765 1100 3093 1162 examinare,
3133 1100 3318 1168 quales
3361 1101 3485 1164 siut,

1931 1185 2081 1253 juxta
2113 1197 2321 1239 sextum
2361 1187 2546 1255 synodi
2579 1186 3174 1256 Constantinopolitanze
3203 1204 3493 1246 eanonem.

1936 1276 2000 1329 Et
2023 1279 2063 1330 si
2103 1280 2312 1345 quidem
2347 1278 2450 1330 vita
2479 1279 2584 1332 sint
2619 1279 2890 1347 iuculpati,
2929 1290 2984 1334 et
3022 1282 3274 1347 religione
3298 1282 3491 1336 orthoo

1935 1367 2082 1428 doxi,
2117 1381 2209 1421 eos
2246 1370 2527 1423 admittere
2558 1387 2572 1423 :
2598 1370 2678 1422 sin
2722 1379 2896 1422 autem
2939 1369 3022 1422 vel
3063 1371 3203 1424 servi
3261 1370 3370 1424 sint
3412 1371 3487 1442 (hi

1933 1457 2073 1509 enim
2104 1471 2132 1508 a
2160 1457 2361 1522 legibus
2400 1459 2628 1525 politicis
2652 1466 2840 1511 contra
2869 1459 3135 1512 nemiuem
3177 1461 3395 1512 omnino
3435 1460 3488 1512 in

1931 1560 2118 1610 causa,
2165 1547 2245 1600 vel
2292 1546 2559 1601 crimiuali
2599 1548 2680 1602 vel
2726 1548 3053 1616 pecuniaria,
3088 1551 3486 1604 accusationem

1932 1631 2069 1687 ferre
2096 1645 2184 1686 aut
2211 1636 2571 1688 testimonium
2599 1636 2726 1690 dare
2758 1637 3021 1704 possunt),
3059 1636 3140 1690 vel
3177 1639 3487 1690 manumissi

1930 1724 2128 1790 proprii
2164 1725 2394 1778 accusati
2433 1725 2484 1794 (a
2515 1725 2719 1793 legibus
2760 1727 2898 1779 enim
2920 1736 2972 1778 et
3020 1725 3107 1779 isti
3141 1726 3490 1792 prohibentur

1929 1825 2113 1867 contra
2138 1829 2228 1868 eos
2281 1820 2369 1883 qui
2412 1817 2558 1884 ipsos
2599 1816 3042 1873 manumiseruut.
3077 1815 3129 1868 in
3174 1815 3489 1869 criminibus

1935 1909 2294 1963 testimonium
2325 1909 2450 1962 dare
2468 1947 2485 1972 ,
2513 1908 2636 1978 quia
2663 1909 2966 1974 requiritur,
2991 1917 3049 1962 ut
3081 1916 3337 1976 patronos
3359 1923 3487 1962 suos

1933 2009 1986 2052 et
2035 1998 2349 2052 liberatores
2401 2000 2742 2052 honorandos
2784 2007 3104 2068 sanctosque
3128 1999 3480 2061 existiment),

1935 2091 2012 2142 vel
2045 2103 2198 2142 antea
2239 2091 2469 2142 accusati
2512 2097 2565 2142 et
2613 2089 2923 2144 innocentes
2975 2105 3078 2143 non
3111 2089 3242 2156 visi,
3295 2091 3378 2144 vel
3431 2091 3483 2142 in

1933 2183 2139 2251 publico
2160 2184 2492 2237 condemnati
2520 2183 2740 2251 judicio,
2765 2190 2818 2236 et
2850 2183 3079 2235 nondum
3106 2186 3171 2235 ab
3195 2182 3486 2249 imperato-

1933 2271 2008 2324 ria
2043 2271 2386 2324 beneficentia
2415 2272 2480 2323 ad
2506 2273 2767 2339 integrum
2797 2284 2950 2322 suum
2977 2277 3173 2322 statum
3209 2269 3442 2322 rest‘tnti
3467 2309 3480 2326 ,

1931 2361 2010 2415 vel
2033 2362 2192 2414 vitam
2211 2362 2646 2416 contumeliosam
2664 2369 2902 2429 agentes,
2938 2369 2996 2412 ut
3022 2361 3167 2412 mimi
3190 2370 3239 2412 et
3262 2359 3426 2412 secuit
3444 2359 3481 2419 i,

1933 2457 2025 2502 aut
2053 2465 2079 2499 a
2107 2458 2285 2502 nostra
2321 2449 2574 2518 religione
2613 2449 2774 2502 alieni
2798 2487 2812 2511 ,
2839 2460 2895 2502 ut
2923 2447 3111 2510 Judaei,
3136 2447 3393 2511 haeretici,
3427 2458 3482 2500 et

1930 2537 2134 2592 Cra-ci:
2173 2540 2238 2592 ad
2272 2541 2644 2608 episcOporum
2693 2549 2786 2592 aut
2821 2538 3136 2593 clericorum
3186 2539 3482 2592 locnsalio-

1932 2643 2050 2681 nem
2080 2628 2192 2682 sive
2245 2630 2602 2683 testimonium
2637 2645 2742 2683 nou
2792 2628 3164 2690 adutitteutur,
3202 2638 3480 2694 propterea

1927 2719 2069 2787 quod
2108 2721 2192 2772 isti
2245 2721 2376 2773 nihil
2401 2721 2542 2772 aliud
2591 2721 2645 2773 in
2698 2722 2877 2773 animo
2928 2719 3125 2772 habent
3167 2727 3221 2771 et
3264 2729 3477 2774 conatu.

1925 2825 2085 2876 quam
2109 2811 2382 2864 infamiam
2412 2823 2463 2864 et
2494 2810 2754 2864 maculam
2781 2814 3117 2864 sacerdotum
3140 2808 3481 2878 opiu‘Onibus

1926 2900 2156 2969 affigere,
2179 2909 2232 2954 et
2264 2899 2512 2957 Eclcesia:
2537 2901 2962 2971 perturbationes
2985 2903 3177 2955 εισι-πο

2440 3099 2666 3157 CANON
2701 3098 2932 3153 CXXXI.

253 3189 276 3223 ε
317 3171 434 3226 Ἵνα
463 3175 490 3227 6
521 3176 647 3243 περὶ
678 3175 793 3238 ἐνὸς
823 3175 1161 3244 ἐγκλήματος
1187 3177 1460 3241 ἀποδείξαι
1492 3179 1565 3247 μὴ
1596 3181 1819 3248 δυνίιμε⁴

1930 3208 1948 3242 ι
1993 3191 2063 3245 L't
2087 3190 2174 3259 qui
2195 3204 2356 3243 unum
2389 3190 2588 3242 crimen
2621 3187 2848 3254 probare
2882 3203 2985 3240 non
3017 3195 3210 3256 potest,
3253 3188 3318 3242 ad
3348 3189 3479 3242 a'tro

327 3278 346 3310 ε
389 3277 478 3323 νος
512 3261 648 3329 πρὸς
684 3263 868 3330 ἕτερον
898 3263 974 3331 μὴ
1007 3262 1276 3331 είσδεχθῇ.
1317 3263 1547 3332 ὐμοίως
1579 3267 1774 3336 ήρεσεν
1801 3308 1816 3332 ,

325 3369 344 3402 ε
391 3352 479 3403 ἵνα
541 3353 933 3422 δσακισδήποτε
989 3352 1272 3422 κληρικοῖς
1329 3355 1437 3407 άπὸ
1497 3357 1817 3426 κατηγόρων

325 3458 345 3492 ε
387 3441 553 3495 πολλὰ
587 3442 904 3513 ἐγκλήματα
930 3443 1333 3494 ὑπιιὸἁλλωνται
1356 3483 1369 3506 ,
1406 3445 1499 3495 καὶ
1531 3446 1588 3496 ἓν
1621 3446 1679 3508 ἐξ
1717 3446 1815 3499 αὑ-

323 3548 345 3581 ε
387 3530 517 3594 τῶν,
569 3533 696 3598 περὶ
752 3525 812 3584 οὗ
857 3532 1071 3597 πρῶτον
1117 3532 1388 3601 ἐπράχθη,
1435 3533 1815 3602 ἀποδειχθῆναι

324 3637 342 3665 ε
384 3622 485 3672 οὑκ
534 3621 790 3689 ἠδυνήθη,
843 3621 977 3690 πρὸς
1022 3622 1087 3672 τὰ
1131 3621 1290 3673 λοιπὰ
1345 3625 1480 3689 μετλι
1526 3622 1696 3675 ταῦτα
1739 3624 1815 3692 μὴ

325 3727 344 3758 ι
389 3708 808 3777 προεδεχθῶσιν.
844 3729 862 3760 ι

319 3797 519 3850 ΒΑΛΣ.
565 3799 918 3867 Ἐνεστησατό
952 3817 1033 3860 τις
1073 3800 1300 3870 διάφορα
1331 3802 1647 3871 ἐγκλήματα
1677 3803 1815 3855 κατά

240 3904 389 3949 τινος
424 3890 715 3958 ἱερωμένου
734 3928 750 3952 ,
793 3893 886 3943 καὶ
917 3893 1217 3958 ἐγύμνασεν
1256 3895 1318 3944 ὲκ
1348 3893 1452 3943 τῶν
1484 3893 1688 3944 πολλῶν
1715 3894 1772 3945 ἐν
1795 3911 1810 3926 ο

246 3980 326 4047 μὴ
358 3979 606 4044 δυνηθεὶς
635 3979 690 4031 δὲ
719 3977 876 4031 τοῦτο
909 3981 1185 4046 ἀποδεῖξαι
1213 4023 1223 4044 ,
1255 3983 1512 4049 ἠδούλετο
1539 3986 1812 4052 γυμνάσαι

238 4069 313 4119 τὰ
345 4067 506 4123 λοιπᾶ
532 4088 546 4102 ·
583 4071 746 4138 φησὶν
778 4066 870 4123 οὖν
902 4071 930 4121 6
962 4070 1143 4122 κανὼν
1174 4071 1254 4121 ὅτι
1283 4077 1309 4124 6
1337 4073 1571 4136 τοιοῦτος
1594 4075 1811 4143 ἀπαρά-

239 4165 435 4223 δεκτός
467 4165 603 4222 ἐστι,
637 4159 812 4225 ζητῶν
841 4158 1303 4227 κατεξετασθῆναί
1326 4177 1373 4211 τι
1402 4162 1590 4229 ἕτερον
1617 4164 1712 4229 ἀφ’
1737 4159 1811 4215 ὦν

243 4251 551 4322 προέθετο’
607 4251 699 4300 καὶ
741 4247 964 4309 είκότως
997 4246 1155 4298 τοῦτο
1198 4248 1348 4317 παρὰ
1397 4249 1504 4299 τῶν
1553 4251 1810 4319 Πατέρων

237 4339 473 4409 ὡρίσθη.
535 4337 593 4389 ⁸0
638 4336 740 4404 γὰρ
781 4334 856 4404 μὴ
899 4333 1183 4396 ἀποδείξας
1221 4333 1249 4384 ὃ
1293 4335 1552 4403 προέθετο
1599 4336 1809 4404 πρῶτον

238 4429 496 4497 ἔγκλημα
522 4466 537 4488 ,
576 4425 866 4478 κάντεῦθεν
899 4425 1314 4485 καταδικασθεὶς
1340 4463 1353 4486 ,
1388 4426 1419 4493 ἢ
1452 4425 1651 4492 ἔφθασε
1681 4426 1804 4479 δοῦ-

239 4539 334 4574 ναι
373 4519 653 4587 ἐγγραφὰς
684 4533 698 4547 ⁶
727 4518 822 4570 καὶ
855 4517 1148 4584 ὑφίσταται
1171 4517 1238 4567 τὰ
1267 4521 1364 4584 τῆς
1396 4519 1808 4582 ταυτοπαθείας,
1846 4517 1884 4568 D

245 4613 421 4680 ἤγουν
465 4606 786 4676 άτιμοῦται,
837 4606 932 4658 καὶ
960 4606 1028 4657 τὰ
1077 4605 1238 4657 λοιπὰ
1285 4607 1483 4674 πάσχει
1531 4609 1631 4659 ὅσα
1659 4611 1753 4660 καὶ
1784 4612 1811 4662 6

237 4699 643 4768 κατηγορηθεὶς
679 4698 870 4767 ἔμελλε
903 4698 1097 4751 παθεῖν
1122 4717 1135 4730 ·
1168 4701 1214 4750 εί
1248 4700 1293 4751 δ’
1329 4699 1394 4752 ἂν
1427 4702 1809 4770 κατεδικάσθη,

238 4792 339 4843 καὶ
375 4791 461 4841 διὰ
490 4788 645 4840 τοῦτο
688 4789 984 4856 γυμνάζειν
1023 4790 1427 4856 ἐγκληματικὸν
1460 4793 1811 4859 δικαστήριον

237 4884 302 4933 οὐ
357 4879 580 4931 δύναται
621 4879 722 4947 ἠδη
765 4878 1062 4946 άτιμωθείς
1089 4895 1102 4907 ·
1151 4879 1182 4949 ἢ
1237 4879 1336 4931 οὐκ
1390 4880 1587 4945 ἔφθασε
1630 4880 1810 4933 δοῦναι

238 4969 563 5037 ἐγγραφὰς,
621 4968 714 5020 καὶ
762 4967 923 5021 πάλιν
980 4967 1269 5036 άτιμοῦται
1320 4971 1394 5031 ὡς
1449 4970 1807 5038 συκοφάντης.

239 5061 391 5127 Πλὴν
448 5057 604 5110 τοῦτό
647 5074 704 5108 τε
754 5058 848 5109 καὶ
905 5060 933 5109 6
989 5058 1180 5127 παρὼν
1228 5059 1406 5111 κανὼν
1452 5059 1634 5128 χώραν
1677 5061 1809 5128 ἔχει,

234 5153 318 5211 ὡς
371 5147 545 5218 οἶμαι,
591 5149 719 5201 ὅταν
767 5149 795 5198 ὁ
845 5149 1080 5211 δικάζων
1125 5151 1469 5218 ἀποφήνηται
1523 5151 1662 5204 κατὰ
1715 5169 1809 5202 συ-

237 5244 542 5307 κοφαντίαν
580 5239 910 5308 προτεθῆναι
943 5239 1068 5307 περὶ
1102 5239 1195 5290 τοῦ
1235 5239 1719 5301 καταδικασθέντος
1751 5240 1810 5292 τὸ

235 5329 474 5398 πρώτως
496 5329 726 5398 λαληθὲν
754 5329 1027 5398 ἔγκλημα.
1051 5332 1109 5382 El
1137 5329 1244 5398 γὰρ
1270 5330 1572 5399 διαγνωτθῇ
1600 5331 1680 5383 ὅτι
1710 5331 1811 5383 οὐκ

232 5423 560 5489 ἀπεδείχθη,
613 5422 733 5474 ἐπεὶ
787 5421 889 5473 οὐκ
939 5420 1228 5488 ὰτιμοῧται
1291 5423 1320 5473 6
1371 5421 1807 5487 καταδικασθεὶς,

233 5513 421 5574 καλῶς
473 5511 558 5564 ἴνα
601 5512 856 5581 γυμνάσῃ
917 5512 1012 5564 καὶ⁵
1063 5511 1248 5579 ἕτερον
1297 5509 1551 5578 ἔγκλημα
1593 5512 1686 5579 ἀφ’
1735 5507 1809 5565 ὠν

233 5601 525 5670 προέθετο.
592 5600 700 5651 Καὶ
754 5601 1026 5667 ἀνάγνωθι
1068 5600 1262 5668 κεφάλ.
1317 5606 1349 5652 ι’
1394 5599 1486 5652 τοῦ
1532 5607 1577 5653 α’
1627 5600 1806 5654 τίτλον

231 5689 329 5742 τοῦ
365 5688 408 5752 ξ’
451 5687 697 5756 βιϐλίου,
743 5689 920 5755 λέγον,
948 5689 1103 5742 Κατὰ
1150 5694 1295 5760 τρεῖς
1343 5691 1578 5760 τρόπους
1631 5693 1663 5762 ἡ
1719 5709 1808 5744 ou-

231 5779 510 5849 κοφαντία
550 5777 780 5847 γίνεται,
831 5779 922 5834 καὶ
963 5778 1204 5850 τριπλῶς
1255 5782 1288 5850 η
1331 5780 1688 5847 ἔπεξέλευσις.
1738 5781 1804 5835 'll

1987 3299 2006 3333 ι
2041 3297 2156 3335 rum
2186 3283 2316 3347 (non
2358 3280 2690 3333 admittatur.
2718 3277 2978 3333 Similiter
3005 3280 3207 3346 placuit
3232 3292 3289 3334 ut
3339 3297 3475 3348 quu-

1993 3393 2007 3424 ι
2051 3374 2360 3439 ticscunquc
2390 3370 2600 3424 clericis
2642 3373 2708 3424 ab
2733 3371 3135 3423 accusatoribus
3168 3369 3335 3423 multa
3363 3371 3474 3423 cri-

1987 3483 2003 3514 ι
2037 3464 2175 3516 mina
2200 3461 2402 3528 objecta
2435 3459 2652 3523 fuerint,
2675 3468 2730 3514 et
2751 3475 2913 3512 unum
2937 3474 2999 3512 ex
3027 3458 3112 3520 iis,
3135 3458 3202 3511 de
3227 3473 3332 3527 qun
3361 3464 3472 3528 pri-

1988 3573 2005 3604 ι
2047 3569 2186 3607 mum
2217 3565 2389 3607 actum
2421 3561 2524 3614 est,
2569 3550 2788 3619 probari
2832 3565 2936 3604 non
2968 3551 3220 3619 potuerit,
3251 3549 3316 3602 ad
3349 3553 3472 3604 reii-

1991 3664 2008 3695 ι
2041 3661 2144 3713 qtta
2181 3659 2284 3696 non
2312 3642 2678 3696 admittantur.
2725 3670 2744 3693 ο

1979 3819 2167 3874 BALS.
2201 3819 2466 3872 Adversus
2498 3827 2765 3872 sacratum
2799 3816 3080 3884 quemdam
3106 3817 3314 3870 diversa
3347 3817 3466 3886 quis

1911 3910 2130 3961 crimina
2165 3907 2410 3969 intendit,
2435 3916 2488 3958 et
2515 3921 2579 3960 ex
2600 3906 2776 3958 multis
2799 3921 2960 3958 unum
2990 3907 3324 3958 trac.andutn
3351 3920 3470 3959 sits-

1912 4000 2049 4066 cepit
2089 4015 2103 4050 :
2137 4014 2255 4055 cum
2286 4001 2385 4051 hoc
2419 4009 2595 4051 autem
2645 3999 2872 4066 probare
2905 4013 3008 4050 non
3046 4000 3296 4066 potu:-rit,
3338 3999 3464 4050 reli-

1912 4101 2014 4153 qua
2049 4098 2261 4153 quoque
2298 4083 2512 4152 aggredi
2549 4085 2736 4136 voluit.
2779 4083 2913 4136 Dicit
2954 4097 3082 4150 ergo
3127 4098 3296 4136 canon
3342 4099 3461 4135 eum

1913 4193 2016 4230 non
2045 4191 2160 4230 esse
2191 4177 2601 4238 admittendum,
2622 4177 2743 4228 dum
2773 4177 2881 4227 vult
2903 4174 2970 4229 de
2989 4175 3092 4228 alio
3119 4189 3148 4226 e
3178 4177 3465 4243 propositis

1910 4267 2094 4330 qumri,
2128 4274 2181 4316 et
2239 4265 2336 4318 hoc
2373 4267 2564 4318 merito
2592 4280 2619 4316 a
2652 4265 2899 4318 Patribus
2927 4266 3204 4319 definitqu
3235 4276 3335 4320 est.
3360 4267 3462 4331 Qui

1910 4352 2048 4405 enim
2087 4353 2315 4419 primum
2356 4352 2682 4419 propositum
2727 4355 2930 4406 crimen
2975 4370 3078 4407 non
3113 4355 3376 4422 probavit“,
3411 4367 3464 4409 et

1911 4456 1974 4493 ex
2005 4457 2067 4493 eo
2102 4443 2214 4508 ipso
2267 4423 2348 4494 est
2373 4443 2780 4504 condemnatus,
2817 4444 2894 4497 vel
2921 4445 3063 4497 dedit
3094 4446 3238 4511 prius
3274 4447 3464 4498 inscri-

1913 4533 2169 4599 ptionem,
2204 4542 2257 4582 et
2295 4531 2407 4598 lege
2446 4534 2656 4585 talionis
2688 4535 2922 4598 punitus,
2968 4537 3170 4589 εοίιίοιι
3215 4537 3272 4589 lit
3329 4535 3466 4589 infa-

1915 4623 2032 4682 tnis,
2060 4632 2113 4673 et
2153 4623 2350 4689 reliqua
2385 4623 2742 4694 patitur,qtta2
2769 4628 2928 4678 etiam
2980 4627 3088 4692 ille,
3119 4628 3207 4695 qui
3253 4641 3467 4681 accitsa-

1915 4721 1997 4764 tus
2029 4722 2128 4775 est,
2161 4723 2280 4765 erat
2309 4726 2562 4780 passurus
2597 4730 2611 4766 :
2645 4715 2724 4766 sin
2751 4723 2930 4767 autem
2953 4725 3032 4770 est
3057 4719 3465 4780 condemuatm,

1911 4798 2182 4852 criminale
2209 4807 2487 4868 prepterea
2546 4800 2806 4867 judicium
2850 4818 3061 4856 movere
3114 4819 3215 4857 non
3271 4815 3464 4871 potest,

1913 4899 1970 4940 ut
1995 4889 2084 4955 qui
2108 4890 2176 4940 sit
2199 4888 2442 4954 infamis;
2466 4890 2546 4942 vel
2575 4892 2724 4957 prius
2750 4892 3150 4957 inscriptionem
3173 4908 3276 4945 non
3299 4895 3464 4948 dedit.

1911 4985 1965 5031 et
1998 4995 2180 5032 rursus
2229 4979 2285 5031 fit
2319 4979 2558 5038 infamis.
2598 4991 2654 5031 ttt
2683 4981 3055 5035 calumniator.
3088 4981 3190 5036 Sed
3219 4982 3303 5035 hic.
3333 4998 3466 5049 prata

1911 5084 2036 5122 seus
2068 5069 2280 5136 quidem
2320 5083 2490 5122 canon
2521 5078 2648 5123 tunc
2687 5070 2857 5123 locum
2901 5073 3077 5137 habet,
3110 5083 3164 5124 ut
3196 5072 3465 5134 existimo,

1911 5159 2122 5223 quando
2159 5157 2321 5223 judex
2363 5159 2724 5225 pronuntiarit
2785 5159 3010 5223 crimen,
3057 5162 3120 5214 de
3167 5175 3274 5229 quo
3319 5162 3467 5227 prius

1911 5253 2084 5299 actum
2103 5254 2204 5310 est,
2233 5245 2395 5300 fuisse
2411 5247 2764 5299 condemnato
2781 5248 3157 5315 sycophantice
3176 5249 3463 5315 ubjecmm.

1912 5336 1966 5389 Si
1995 5338 2136 5390 enim
2179 5336 2439 5404 prolatum
2475 5338 2657 5402 fuerit,
2694 5353 2796 5390 non
2827 5353 2949 5392 esse
3004 5340 3306 5406 probatum,
3339 5341 3464 5406 quia

1909 5424 2297 5478 condemnatus
2323 5439 2427 5476 non
2462 5426 2518 5476 fit
2547 5426 2795 5492 infamis;
2825 5436 2964 5481 recte
2995 5428 3221 5482 alterum
3252 5445 3467 5500 quoque

1909 5512 2109 5564 crimen
2131 5527 2338 5577 eorum,
2360 5529 2478 5582 quae
2500 5515 2716 5583 objecit,
2747 5528 3115 5585 persequetur.
3143 5519 3280 5588 Lege
3304 5531 3467 5588 (aput

1909 5603 2169 5654 decimum
2209 5602 2362 5670 ptimi
2393 5604 2528 5657 tituli
2573 5607 2886 5674 sexagesimi
2937 5607 3076 5670 lib-ri,
3111 5612 3248 5675 quod
3279 5609 3413 5663 dicit
3447 5625 3461 5662 :

1909 5689 2102 5745 Tt‘ihus
2151 5694 2323 5746 tnodis
2370 5694 2428 5746 fit
2468 5695 2755 5761 calumnia,
2807 5706 2860 5749 ct
2905 5699 3183 5766 lripliciler
3228 5701 3460 5756 vindicta

1906 5781 2152 5839 sumitur.
2186 5783 2276 5838 Vel
2319 5784 2461 5839 enim
2505 5784 2860 5842 calumniatur
2903 5788 3188 5859 quiSpiatn.
3243 5801 3298 5846 ut
3343 5792 3464 5850 ﬁcto
