4136 6464
274 415 378 482 421

1250 427 1329 486 1N
1369 427 1535 488 CAN.
1573 427 1839 487 CXXXII
1870 430 2072 488 CONC.
2124 431 2498 491 CARTIIAG.

3401 430 3515 499 42'!

276 534 539 601 δημοσίαν
590 533 852 599 ἐξέτασιν.
900 533 1182 589 Οἰκειακαὶ
1231 538 1287 590 δέ
1339 541 1498 603 εἰσιν,
1547 541 1612 602 ἃς
1661 541 1832 594 δοῦλοι

1938 544 2206 611 degentes.
2243 544 2373 596 Cum
2403 551 2581 595 autem
2613 558 2846 611 praesens
2901 558 3072 597 canon
3107 544 3254 623 dicat
3279 559 3372 599 eos
3419 542 3512 616 qui

274 621 490 674 ποιοῦσι
517 623 769 694 δεσπότῃ,
801 625 895 677 καὶ
923 625 1278 697 ἀπελεύθεροι
1309 632 1421 690 τοῖς
1454 631 1721 698 πάτρωσι,
1751 634 1844 683 καὶ

277 712 484 782 μίσθιοι
531 716 643 776 τοῖς
682 716 1114 784 μισθωσαμένοις
1165 719 1293 788 παρ’
1333 721 1514 782 αὐτοῖς
1544 721 1841 788 διάγοντες.

275 802 383 858 ’1ὀῦ
413 803 468 854 δὲ
501 805 766 873 παρόντος
797 808 1018 869 κανόνος
1044 809 1295 874 λέγοντος
1331 812 1454 872 τοὺς
1485 813 1713 880 ἥττονας
1737 812 1844 863 τῶν

275 895 340 945 ιδ’
356 894 394 944 ἐκ
419 893 614 945 ιαυτῶν
632 895 705 963 μὴ
731 900 1046 966 μαρτυρεῖν,
1071 899 1202 951 ἀλλά
1227 900 1353 962 τοὺς
1377 901 1629 952 ἐπέκεινα
1653 902 1842 953 τούτου

273 985 368 1034 τοῦ
407 986 620 1052 χρόνου,
665 985 759 1037 καὶ
805 986 896 1038 τοῦ
943 988 992 1039 κ’
1021 993 1155 1056 ξκεφ.
1199 991 1294 1042 τοῦ
1347 990 1395 1042 α’
1423 992 1558 1042 τίτλ.
1605 991 1698 1043 τοῦ
1752 997 1836 1043 κα¹

273 1073 482 1141 βιϐλίου
508 1073 754 1141 λέγοντος
790 1076 932 1130 οὕτω
967 1081 1147 1148 ρητῶς
1169 1096 1184 1111 ο
1231 1081 1293 1134 '0
1329 1083 1630 1150 κατήγορος
1664 1083 1726 1133 ού
1754 1083 1842 1133 δύ-

272 1179 429 1217 ναται
458 1165 641 1217 καλεῖν
664 1168 742 1227 είς
773 1168 1079 1237 μαρτυρίαν
1102 1169 1192 1220 τὸν
1215 1169 1484 1237 δημοσίως
1509 1172 1842 1239 κατηγορού-

273 1269 462 1322 μενον,
496 1254 620 1306 οὗτε
650 1257 740 1307 τὸν
766 1257 963 1324 ἥττονα
996 1259 1102 1308 τῶν
1140 1257 1340 1310 εἴκοσιν
1373 1257 1508 1309 ἑτῶν
1529 1273 1542 1286 ·
1577 1259 1840 1328 ἐρωτήσει

275 1359 388 1404 τις,
423 1343 539 1395 Τίνι
577 1344 864 1411 προσέχειν
897 1345 1223 1412 όφείλομενς
1256 1347 1361 1396 Καὶ
1405 1346 1548 1396 δοκεί
1583 1362 1673 1412 μοι
1709 1347 1844 1413 μᾶλο

272 1433 359 1485 λον
387 1432 464 1502 τῷ
487 1433 656 1502 νόμῳ.
682 1435 777 1495 Ei;
800 1435 908 1504 γὰρ
937 1436 1243 1504 μαρτυρίαν
1271 1435 1686 1504 ἑγκληματικῆς
1714 1438 1841 1487 ὑπο·

269 1522 470 1584 θέσεως
510 1524 736 1592 et}:th
764 1524 872 1575 τῶν
913 1523 1116 1577 εἴκοσιν
1153 1525 1412 1577 ἐνιαυτῶν
1457 1526 1550 1578 καὶ
1587 1525 1840 1578 ἐπέκεινα

267 1613 376 1664 τῶν
417 1611 476 1665 ιδ’
501 1614 705 1683 χρόνων
744 1615 1144 1684 ύπάρχων.ούκ
1183 1615 1300 1668 ἐστι
1336 1617 1731 1686 παραδεκτέοςτ
1765 1617 1842 1680 ὡς

271 1702 407 1771 μηδὶ
439 1702 670 1772 βεϐηκὸς
708 1704 847 1772 ἔχων
879 1705 1155 1775 φρόνημα.
1202 1707 1355 1757 Ἐστι
1401 1707 1456 1758 δὲ
1491 1709 1584 1758 καὶ
1619 1710 1646 1760 ὁ
1680 1709 1840 1776 νόμος

267 1793 411 1844 κατά
439 1793 570 1846 πολὺ
605 1795 1060 1862 μεταγενέστερος
1087 1795 1180 1847 τοῦ
1219 1797 1460 1860 κανόνος,
1494 1799 1584 1849 διὰ
1610 1799 1668 1850 τὸ
1702 1799 1838 1864 μετὰ

1949 634 2496 700 suntquatuordecim
2534 635 2688 686 annis
2714 635 2965 697 minores,
3001 650 3104 686 non
3139 638 3321 690 dicere
3352 640 3506 690 testi-

1945 724 2208 785 monium,
2231 724 2322 777 sed
2351 739 2444 777 eos
2465 723 2553 790 qui
2590 733 2713 776 sunt
2747 723 2882 775 uitia
2916 724 3056 775 illam
3084 735 3326 788 atatem;
3355 737 3408 779 et
3437 729 3511 780 vi-

1945 811 2200 864 cesimum
2226 821 2383 879 caput
2411 812 2566 878 primi
2601 811 2737 862 tituli
2769 812 2860 863 lib.
2890 827 2977 862 xxi
3032 813 3175 864 dicat
3203 827 3455 880 expresse
3487 833 3503 869 :

1943 899 2061 953 Non
2090 910 2263 967 potest
2297 910 2577 952 accusator
2615 913 2811 951 vocare
2869 899 2922 950 in
2972 901 3330 953 testimonium
3385 918 3506 957 eum

1945 991 2032 1058 qui
2072 989 2280 1055 publice
2323 997 2625 1048 accuSatur,
2662 1003 2757 1038 nec
2791 1001 2912 1037 eum
2947 988 3036 1054 qui
3078 997 3164 1040 est
3206 990 3378 1041 tninor
3427 992 3507 1040 vi-

1945 1081 2077 1148 ginti
2130 1079 2285 1130 annis
2318 1094 2330 1129 :
2366 1078 2636 1144 rogaverit
2669 1076 2970 1143 quispiam,
3009 1079 3136 1143 quid
3173 1079 3240 1130 sit
3285 1094 3511 1146 sequen-

1942 1170 2092 1222 dum.
2128 1167 2192 1217 Et
2220 1166 2344 1217 mihi
2377 1165 2586 1216 videtur
2615 1166 2695 1216 lex
2728 1179 2850 1217 esse
2896 1168 3064 1231 magis
3105 1166 3372 1231 sequenda
3410 1182 3425 1219 :
3456 1166 3508 1217 in

1946 1259 2302 1311 testimonium
2337 1256 2478 1307 enim
2502 1269 2677 1306 causa:
2715 1254 3030 1314 criminans,
3069 1256 3156 1320 qui
3211 1257 3384 1305 minor
3426 1266 3511 1307 est

1943 1348 2127 1416 viginti
2165 1347 2342 1408 annis,
2393 1345 2515 1396 licet
2547 1345 2614 1397 sit
2654 1345 2822 1405 major
2873 1346 3274 1410 quatuordecim
3331 1348 3510 1407 annis.

1945 1452 2048 1488 non
2073 1436 2176 1487 erit
2204 1435 2602 1490 admittendus;
2657 1445 2710 1484 ut
2747 1437 2835 1500 qni
2866 1451 2959 1486 nec
2987 1436 3195 1485 iittnum
3223 1434 3508 1501 judicmtn,

1943 1542 2042 1581 nec
2065 1526 2238 1578 adhuc
2263 1533 2598 1577 constantem
2623 1525 2957 1591 prudentiam
2980 1524 3188 1575 habeat.
3214 1524 3308 1575 Est
3334 1536 3508 1575 autem

1943 1617 2023 1670 lex
2049 1628 2255 1669 canone
2287 1613 2455 1666 multo
2481 1613 2783 1681 posterior;
2819 1627 2880 1664 eo
2909 1613 3048 1680 quod
3084 1614 3240 1680 longo
3268 1622 3508 1680 tempore

1943 1717 2064 1774 post
2110 1706 2248 1758 hanc
2290 1705 2553 1772 synodum
2583 1703 2635 1754 in
2673 1701 3027 1756 Basilicorutn
3060 1705 3337 1770 repetitam
3371 1717 3508 1770 pra:-

1945 1796 2222 1849 lectionem
2258 1793 2342 1845 ille
2364 1802 2612 1859 receptus
2655 1793 2747 1844 sit.
2783 1793 2919 1859 Lege
2959 1803 3263 1844 sanctorum
3295 1802 3515 1850 aposto-

269 1883 497 1969 χρόνους
545 1884 769 1948 πολλοτδς
827 1887 926 1952 τῆς
983 1885 1260 1956 παρούσης
1311 1889 1530 1939 συνόδου
1581 1889 1835 1957 δεχθῆναι

1941 1891 2111 1940 lorum
2145 1885 2600 1954 septuagesimum
2632 1885 2883 1950 quintum
2927 1898 3215 1937 canonetn.

269 1975 458 2028 τοῦτον
499 1978 578 2037 εἰς
626 1977 722 2045 τὴν
756 1976 863 2028 τῶν
908 1977 1206 2030 Βασιλικῶν
1251 1979 1641 2048 ἀνακάθαρσιν.
1681 1979 1980 2044 ’Δνάγνωθι
2015 1977 2123 2027 τῶν
2151 1975 2323 2042 ἀγίων
2354 1971 2669 2024 ἀποστόλων
2704 1971 2906 2025 κανόνα
2950 1985 3042 2026 οε’.

334 2070 584 2125 ΖΩΝΔΡ.
609 2071 866 2132 Εἰπόντες
889 2074 937 2123 ol
959 2074 1055 2140 τῆς
1081 2074 1297 2126 συνόδου
1333 2076 1459 2143 περὶ
1491 2074 1834 2153 κατηγόρων⁹

263 2161 359 2214 νῦν
390 2165 487 2215 καὶ
529 2165 652 2230 περὶ
679 2162 969 2231 μαρτύρων
996 2163 1367 2217 διατάττονται
1389 2204 1402 2227 ,
1432 2165 1525 2216 καί
1554 2151 1685 2231 φασι
1713 2151 1835 2224 τοὺς

265 2251 638 2320 κωλυομένους
675 2253 1096 2318 ἑγκληματικῶς
1126 2253 1360 2318 ἐνάγειν,
1397 2252 1530 2320 μηδὲ
1577 2253 1655 2314 είς
1697 2269 1836 2321 μαρ-

262 2341 458 2408 τυρίαν
485 2340 893 2408 προσδέχεσθαι.
919 2342 1026 2392 Καὶ
1047 2343 1174 2402 τοὺς
1201 2341 1588 2410 προσδέχεσθαι
1615 2341 1670 2392 δὲ
1693 2342 1836 2409 ὀφεί-

263 2433 454 2492 λοντας
482 2432 557 2500 μὴ
588 2431 820 2500 ἀνήϐους
851 2426 1006 2484 εἶναι.
1037 2431 1100 2482 Οί
1126 2432 1230 2498 γὰρ
1262 2430 1425 2499 μὴ’πω
1446 2431 1535 2481 τὸν
1567 2431 1626 2482 ιδ’
1653 2433 1836 2482 ἐνιαυ-

262 2525 356 2575 τὶν
413 2523 512 2590 τῆς
566 2523 782 2591 ἡλικίας
833 2523 1012 2575 αὐτῶν
1066 2521 1368 2587 προϐάντες
1426 2521 1615 2588 ἀνηϐοί
1670 2522 1828 2571 εἰσιν.

275 2612 522 2680 ’Δνήϐοις
543 2613 620 2673 δὲ,
648 2611 726 2673 οἷς
749 2617 914 2680 μήπω
935 2615 992 2664 τὸ
1020 2613 1274 2681 φρόνημα
1302 2613 1592 2680 σταθηρδν,
1623 2629 1828 2680 μαρτυ-

264 2704 380 2770 ρεῖν
411 2704 470 2753 οὐ
522 2702 827 2768 δοθήσεται.
879 2701 1018 2752 Ἀλλ’
1052 2701 1172 2752 οὐδὲ
1206 2702 1514 2759 οἰκειακοτλς
1547 2704 1828 2768 μάρτυρας

259 2794 354 2844 τὸν
415 2791 721 2859 κατήγορον
781 2793 1122 2858 παραγαγεῖν
1173 2792 1404 2842 δίδωσιν.
1454 2791 1730 2842 Οίκειακοὶ
1757 2791 1825 2856 Ιδὲ

260 2884 419 2942 εἰσιν,
456 2881 507 2931 οἱ
561 2883 623 2930 ἐκ
676 2879 768 2931 τοῦ
815 2881 964 2932 οἴκου
1015 2879 1289 2932 αύτοῠ·ού
1345 2883 1551 2938 πάντας
1596 2880 1652 2930 δὲ
1700 2887 1826 2942 τοὺς

258 2970 535 3030 τοιούτους
615 2968 918 3021 κωλύουσιν
966 2973 1027 3022 ὀἱ
1097 2974 1245 3038 νόμοι
1318 2974 1635 3042 μαρτυρεῖν,
1691 2970 1829 3022 ἀλλά

259 3078 434 3122 τινας,
500 3060 668 3128 ἧγουν
724 3058 1074 3122 ύπεξουσίους
1133 3061 1296 3113 αύτοῦ
1345 3063 1436 3114 τοῦ
1492 3062 1828 3132 παράγοντος

2004 2065 2254 2120 ZONAR.
2290 2065 2578 2132 Postquam
2621 2063 2686 2117 de
2725 2064 3131 2118 accusatoribus
3156 2063 3362 2130 _synndi
3406 2061 3511 2115 Pa-

1937 2168 2043 2210 tres
2073 2158 2336 2217 dixerunt,
2378 2156 2445 2209 de
2479 2157 2702 2210 testibus
2740 2171 2953 2223 quoque
2998 2164 3262 2214 Slatttunt,
3299 2169 3360 2204 ac
3390 2167 3505 2215 eos,

1933 2247 2022 2313 qui
2060 2262 2315 2298 accusare
2350 2248 2719 2313 prohibentur,
2772 2261 2799 2296 a
2840 2247 3144 2296 teStimonio
3179 2258 3391 2311 quojue
3422 2244 3508 2293 di-

1933 2337 2104 2390 cendo
2123 2337 2284 2404 667
2308 2335 2708 2402 arcerijubent.
2732 2335 2809 2388 Ad
2835 2337 2947 2387 ιιως
2975 2335 3276 2401 impubeies
3294 2345 3509 2399 quoque

1933 2429 2310 2496 rejiciunt,qui
2339 2437 2588 2496 quartum
2617 2431 2880 2482 decimum
2924 2428 3170 2481 videlicet
3211 2430 3386 2480 anatis
3415 2442 3512 2476 at.-

1933 2534 2055 2570 num
2081 2535 2184 2570 non
2209 2533 2520 2582 excessere;
2552 2521 2766 2587 quibus,
2813 2536 2934 2573 Cum
2979 2521 3174 2574 [Lentis
3206 2518 3508 2571 constantia

1929 2609 2086 2670 desit,
2111 2611 2399 2661 testimonii
2423 2625 2635 2677 quoque
2658 2611 2864 2664 dicendi
2897 2612 3030 2662 ratio
3056 2613 3193 2661 haud
3215 2609 3507 2662 constabit.

1931 2700 2038 2752 Sed
2065 2715 2235 2768 neque
2259 2703 2583 2753 domesticos
2606 2711 2768 2753 testes
2792 2702 3114 2767 producendi
3149 2710 3390 2767 potestas
3417 2717 3507 2750 at:-

1927 2793 2158 2842 cusatori
2180 2791 2301 2842 data
2339 2799 2440 2843 est.
2477 2791 2610 2842 Sunt
2640 2804 2764 2842 vero
2795 2792 3070 2841 domestici
3097 2800 3282 2850 testes,
3311 2791 3399 2854 qui
3439 2803 3505 2840 ix

1931 2879 2097 2946 ipsius
2122 2883 2452 2933 accusatoris
2492 2881 2650 2933 domo
2700 2881 2964 2946 prodeunt
2994 2896 3007 2931 :
3037 2881 3123 2942 qui
3181 2889 3355 2931 tamen
3401 2894 3447 2928 ιιι
3473 2892 3506 2929 ιι

1929 2984 2115 3023 omnes
2142 2972 2502 3024 testimonium
2536 2971 2718 3024 dicere
2763 2971 2967 3038 legibus
3000 2971 3371 3036 prohibentur,
3409 2969 3502 3020 scd

1929 3059 2092 3126 aliqui
2112 3070 2339 3124 tantum,
2360 3061 2394 3114 ii
2419 3062 2800 3128 nimirum,qui
2827 3063 2967 3128 ipsos
2994 3060 3335 3126 pt'oduceutis
3353 3069 3506 3126 potu-

258 3149 459 3209 αὐτοὺς
511 3150 545 3218 ἡ
613 3146 959 3214 ὑποχειρίους
1019 3149 1274 3214 εὐτελεῖς,
1341 3151 1435 3202 καὶ
1495 3153 1826 3218 προστάσσε-

1938 3149 2057 3202 stati
2087 3151 2321 3213 obnoxii,
2360 3151 2546 3203 aliisve
2587 3151 2834 3218 subjecti,
2864 3149 2994 3201 viles
3029 3158 3175 3208 sunt,
3216 3149 3408 3214 quibus
3452 3156 3506 3198 ιι

261 3242 385 3293 σθαι
426 3242 775 3309 δυναμένους,
821 3242 914 3292 καὶ
934 3241 982 3291 εί
1013 3239 1088 3309 μὴ
1126 3240 1392 3292 πείθοιντο
1413 3241 1825 3308 κολαζομένους.

259 3334 322 3384 Εἰ
341 3331 394 3382 δδ
418 3331 680 3397 ἀξιόλογοι
699 3326 810 3382 εἷεν
833 3329 1151 3398 ὑποχείριοι,
1177 3326 1287 3381 οἷον
1311 3331 1494 3397 ἱερεῖς,
1519 3330 1549 3397 ἢ
1569 3330 1825 3393 διάκονοι,

260 3424 294 3489 ἡ
323 3421 723 3490 γραμματικοὶ,
759 3421 852 3473 καῖ
887 3422 1000 3471 ὅσοι
1033 3421 1207 3487 ὅμοιοι
1239 3420 1470 3484 τούτοις,
1505 3420 1827 3490 ούκιάπρόσο

256 3512 436 3564 δεκτοι
469 3511 681 3564 ἔσονται
709 3511 844 3580 πρὸς
879 3509 1214 3580 μαρτυρίαν.

256 3691 482 3746 ΔΡΙΣΤ.
515 3709 532 3742 ι
554 3690 660 3743 Καὶ
685 3689 712 3740 ὁ
741 3689 816 3758 μὴ
845 3687 1104 3741 ἐνιαυτῶν
1133 3688 1560 3754 δεκατεσσάρων.
1590 3705 1610 3737 ι

331 3867 443 3919 Καὶ
473 3861 624 3927 οὗτος
655 3867 732 3926 είς
765 3864 1069 3934 μαρτυρίαν
1101 3863 1318 3923 ἀδεκτος
1341 3863 1426 3915 eis
1456 3863 1554 3930 τὴν
1583 3862 1681 3930 τῆς
1713 3864 1821 3931 ἡλι-

258 3961 384 4019 κίας
434 3958 714 4009 άῖέλειανο
759 3956 839 4006 δεῖ
888 3958 993 4022 γὰρ
1041 3955 1127 4005 τὸν
1183 3953 1561 4023 μαρτυροῦντα
1610 3956 1704 4004 συν
1751 3951 1828 4019 τῷ

257 4054 479 4117 ἔντιμον
508 4049 601 4099 καὶ
629 4047 904 4116 ὁρθόδοξον
944 4042 1083 4097 εἶναι
1117 4045 1212 4096 καὶ
1244 4044 1616 4113 σταθηρότητα
1649 4044 1792 4110 ἐχειν
1812 4058 1826 4071 ⁸

256 4145 284 4191 ό
320 4139 374 4190 δὲ
407 4137 602 4204 ἀνηϐος
635 4134 920 4202 ὀλισθηρός
960 4137 1074 4184 εστι
1110 4132 1210 4198 τὴν
1243 4132 1501 4183 διάνοιαν.
1534 4129 1604 4181 Τὸ
1633 4131 1688 4182 δὲ
1717 4129 1835 4181 δεύ-

256 4245 421 4296 ἰερον
448 4227 589 4293 θέμα
617 4225 706 4276 τοῦ
739 4222 1199 4274 ἑπτακαιδεκάτου
1233 4221 1531 4288 κεφαλαίου
1561 4219 1652 4272 τοῦ
1686 4222 1834 4288 πρὼο

260 4336 355 4370 του
388 4317 566 4368 τίτλου
604 4314 697 4366 τοῦ
731 4313 976 4365 εἰκοστοῦ
1017 4318 1064 4362 α’
1095 4310 1299 4379 βιϐλίου
1322 4351 1337 4375 ,
1371 4312 1489 4363 οὐδὲ
1522 4313 1610 4364 τὸν
1633 4313 1832 4381 ἥττονα

258 4406 371 4458 τῶν
427 4405 627 4456 εἴκοσιν
674 4403 811 4455 ἑτῶν
864 4403 944 4462 εἰς
1013 4401 1316 4468 μαρτυρίαν
1369 4399 1508 4453 κατά
1558 4417 1698 4461 τινος
1753 4401 1840 4453 ἐπ’

261 4495 571 4566 ἐγκλήμασι
605 4491 992 4561 παραδέχεται.

265 4607 284 4638 ι
339 4586 399 4639 ⁸0
443 4587 744 4654 κατήγορος
797 4586 862 4635 ὲκ
914 4582 1009 4635 τοῦ
1073 4582 1203 4634 ίδίου
1245 4581 1393 4632 οῐκου
1441 4581 1722 4650 μάρτυρας
1774 4582 1835 4632 ού

862 4693 879 4724 ι
918 4672 1226 4740 καθίστησι.
1255 4691 1271 4724 ι

331 4764 401 4815 Ai
432 4763 704 4816 οίκειακαὶ
734 4763 1035 4833 μαρτυρίαι
1065 4761 1364 4829 ἀπόϐλητοι
1397 4761 1486 4814 καὶ
1513 4761 1621 4813 ἀπὸ
1657 4761 1836 4828 νόμων

261 4856 372 4908 είσί
397 4870 412 4885 ·
444 4856 579 4925 φησὶ
608 4855 716 4925 γὰρ
742 4857 804 4907 τὸ
837 4853 921 4925 κα’
958 4854 1249 4919 κεφάλαιον
1278 4853 1370 4906 τοῦ
1410 4853 1628 4922 πρώτου
1660 4853 1836 4904 τίτλου

256 4945 358 4998 τοῦ
399 4924 728 5014 καίβιϐλίου
776 4924 952 5014 ρητίῦς
997 4943 1205 4996 οὑπωσί
1231 4959 1247 4974 ο
1306 4943 1363 4995 ’0
1417 4950 1721 5012 κατήγορος
1763 4944 1839 4995 οι-

261 5037 518 5096 κειακοὺς
548 5033 710 5087 αὐτοῦ
743 5034 1024 5104 μάρτυρας
1058 5035 1118 5086 οὐ
1151 5033 1374 5087 δύναται
1403 5034 1671 5103 παράγειν
1692 5049 1706 5062 ο
1743 5033 1840 5085 καὶ

255 5130 322 5180 τὸ
351 5131 428 5178 κε’
460 5124 752 5190 κεφάλαιον
790 5123 883 5175 τοῦ
911 5123 1074 5175 αὑτοῦ
1101 5123 1280 5174 τίτλου
1311 5124 1402 5176 καὶ
1429 5122 1652 5191 βιϐλίου,
1682 5122 1754 5184 ὡς
1783 5125 1836 5174 αἱ

257 5217 535 5270 οἱκειακαὶ
577 5213 875 5284 μαρτυρίαι
906 5213 1415 5282 άποδοκιμάζονται.
1452 5214 1746 5282 Μάρτυρας
1782 5213 1838 5266 δὲ

257 5309 564 5367 οίκειακοὺς
587 5306 796 5374 νοήσεις
821 5304 945 5366 τοὺς
968 5303 1071 5356 ὑπὸ
1095 5304 1340 5368 ἐξουσίαν
1365 5304 1505 5365 τινὸς
1532 5303 1834 5368 τελοῦντας,

258 5402 358 5450 καὶ
387 5396 716 5464 δυναμένους
749 5394 1177 5464 προστάττεσθαι
1207 5394 1338 5464 παρ’
1362 5394 1557 5448 αὐτοῦ·
1591 5395 1639 5448 οἱ
1665 5395 1838 5448 τοιοῦ-

256 5504 343 5541 τοι
373 5485 480 5554 γὰρ
509 5484 632 5537 οὔτε
657 5485 795 5552 ὑπὲρ
831 5485 1018 5548 αὑτοῦ,
1041 5487 1075 5557 ἢ
1108 5488 1226 5539 κατ’
1258 5487 1440 5550 ἄλλου,
1475 5487 1841 5556 κατηγοροῦν-

257 5595 350 5641 τος
378 5575 544 5630 αὐτοῦ
568 5617 584 5640 ,
610 5578 686 5639 είς
721 5579 1026 5647 μαρτυρίαν
1053 5578 1605 5648 παραδεχθήσονταιῆ
1633 5579 1718 5630 ἐπ’
1748 5582 1839 5647 ἐγ-

270 5668 588 5737 κληματικῇ
617 5667 650 5737 ἦ
700 5668 792 5719 επὶ
822 5671 1134 5738 χρηματικῇ
1168 5671 1422 5724 αἰτιάσει.
1455 5671 1512 5722 Ei
1543 5671 1598 5724 δὲ
1651 5671 1836 5738 ἕτερός

257 5775 344 5823 τις
369 5758 577 5827 ἐνάγει,
634 5757 726 5808 καὶ
755 5755 1006 5827 βούλεται
1037 5757 1200 5811 ἄλλου
1251 5760 1495 5827 οίκειακῇ
1557 5758 1835 5827 μαρτυρία

1935 3239 2210 3306 imperari,
2229 3250 2283 3292 et
2301 3239 2403 3294 nisi
2430 3243 2651 3309 imperio
2669 3251 2911 3308 pareant,
2938 3254 3092 3307 pinna
3115 3238 3276 3303 iulligi
3306 3246 3500 3303 potest.

1932 3325 2066 3378 Nam
2093 3329 2135 3380 si
2161 3328 2524 3382 honestiorem
2556 3329 2607 3381 in
2652 3327 2853 3381 familia
2883 3327 3058 3379 locum
3089 3325 3383 3384 obtineant,
3420 3335 3506 3374 ut-

1935 3428 2056 3482 pote
2086 3421 2413 3482 sacerdott-s,
2446 3421 2676 3480 diaconi,
2706 3419 2786 3470 vel
2820 3417 3178 3485 grammatici,
3203 3423 3254 3468 et
3280 3416 3505 3481 quiem.-

1933 3522 2038 3576 que
2065 3510 2223 3577 hujus
2253 3511 2486 3578 generis,
2512 3525 2540 3562 a
2571 3508 2876 3562 testimonio
2905 3508 3128 3561 dicendo
3162 3521 3499 3573 nequaquam

1933 3599 2286 3652 eXCltttlentttr

1929 3689 2154 3743 ARIST.
2216 3709 2236 3742 ι
2293 3691 2356 3744 Ει
2421 3694 2509 3760 qui
2580 3707 2752 3745 annos
2807 3691 3213 3759 quatuordecim
3269 3690 3505 3742 nondum

2523 3801 2540 3832 ι
2577 3784 2856 3848 transegit.
2901 3800 2919 3831 ι

1998 3869 2066 3922 Et
2099 3871 2183 3923 hic
2233 3873 2296 3923 ad
2363 3874 2722 3925 testimonium
2779 3887 2882 3924 non
2947 3879 3029 3922 est
3089 3868 3497 3933 admittendus,

1933 3974 2152 4028 pmpter
2183 3964 2360 4016 aetatis
2394 3960 2876 4030 imperfectimtem.
2915 3959 3127 4014 Testem
3161 3963 3302 4013 enim
3342 3975 3506 4025 θροι-

1933 4060 2028 4113 tet,
2066 4067 2170 4105 non
2205 4063 2412 4105 tantum
2459 4055 2608 4106 bonae
2646 4067 2768 4105 esse
2809 4051 2964 4104 fama:
3012 4061 3067 4104 et
3093 4052 3454 4104 ortliodoxum
3489 4090 3505 4113 ,

1935 4144 2026 4193 sed
2062 4151 2116 4195 et
2150 4143 2498 4195 stabilitatem
2533 4143 2733 4194 habere
2765 4158 2780 4194 :
2807 4154 2857 4192 at
2890 4143 2979 4209 qui
3011 4143 3341 4208 pubertatem
3377 4156 3507 4191 not;-

1935 4229 2325 4299 dum.attigit,
2378 4230 2580 4298 judicio
2639 4231 2879 4284 lubricus
2927 4242 3029 4283 est.
3079 4231 3146 4282 At
3205 4229 3504 4282 secundum

1939 4321 2114 4373 thema
2150 4336 2266 4388 cap.
2303 4323 2364 4374 l7
2405 4324 2489 4376 tit.
2521 4323 2545 4374 1
2591 4323 2682 4377 lib.
2714 4326 2840 4388 xta,"
2880 4338 2974 4376 nec
3005 4324 3189 4390 viginti
3225 4322 3380 4373 annis
3412 4321 3510 4373 tui-

1939 4425 2122 4463 noretn
2151 4412 2214 4463 ad
2242 4412 2608 4464 testimonium
2663 4423 2846 4464 contra
2873 4412 3179 4480 quempiam
3232 4411 3286 4464 in
3337 4425 3502 4464 eausa

1868 4480 1911 4533 υ
1941 4501 2206 4555 criminali
2241 4501 2476 4554 dandum
2510 4501 2768 4554 admittit.

1944 4610 1962 4642 ι
2000 4592 2321 4658 {Accusator
2369 4605 2399 4644 e
2455 4591 2669 4660 propria
2714 4592 2871 4644 domo
2925 4599 3093 4645 testes
3185 4604 3291 4643 non
3367 4603 3495 4658 pro-

2578 4699 2596 4730 ι
2654 4681 2821 4734 ducit.
2866 4698 2884 4731 ι

2008 4772 2333 4825 Testimonia
2369 4771 2667 4825 domestica
2705 4771 2869 4824 etiam
2904 4785 2933 4822 a
2971 4771 3175 4838 legibus
3222 4780 3348 4823 sunt
3387 4771 3510 4836 reji-

1946 4863 2156 4915 cirnda.
2193 4861 2326 4914 Nam
2387 4877 2505 4930 cap.
2561 4863 2624 4914 21
2672 4861 2812 4915 tit.l
2869 4861 2962 4914 llb.
3003 4877 3092 4915 xxi
3141 4861 3219 4915 sic
3255 4877 3512 4929 expresse

1939 4953 2069 5005 dicit
2108 4970 2121 5005 :
2150 4954 2446 5006 Accusator
2483 4952 2811 5006 domesticos
2855 4967 2983 5006 suos
3011 4961 3174 5004 testes
3201 4969 3302 5004 non
3331 4963 3509 5019 potest

1943 5041 2239 5109 producere
2293 5057 2307 5092 :
2365 5050 2418 5093 et
2475 5053 2596 5107 cap.
2654 5039 2724 5091 25
2777 5039 3016 5107 ejusdem
3074 5039 3206 5091 tituli
3261 5048 3314 5092 et
3363 5040 3509 5100 libri.

1941 5131 2080 5198 quod
2137 5129 2444 5184 testimonia
2498 5129 2797 5183 domestica
2850 5128 3246 5195 improbantur.
3313 5129 3509 5181 Trstes

1940 5227 2117 5272 autem
2136 5219 2459 5272 domesticos
2485 5216 2770 5286 intelligas,
2797 5218 2887 5285 qui
2925 5219 3173 5285 potestati
3221 5218 3511 5284 cujuslibet

1946 5307 2174 5376 Snbjecti
2212 5319 2360 5370 sunt,
2399 5319 2453 5360 et
2480 5309 2674 5375 quibus
2705 5309 2817 5375 ipse
2850 5308 3102 5360 mandare
3131 5314 3304 5374 potest
3331 5323 3344 5358 :
3377 5307 3514 5360 tales

1939 5400 2103 5461 cnim,
2137 5415 2233 5453 nec
2259 5414 2354 5466 pro
2389 5414 2473 5463 eo,
2507 5414 2603 5452 nec
2629 5408 2818 5453 contra
2851 5399 3011 5451 alium
3033 5435 3048 5462 ,
3083 5413 3148 5450 eo
3171 5408 3462 5452 accusante
3490 5437 3506 5460 .

1942 5491 1994 5543 in
2023 5491 2383 5543 testimonium
2416 5489 2760 5557 recipientur,
2816 5489 2869 5542 in
2900 5503 3060 5542 causa
3114 5487 3194 5540 vel
3237 5488 3508 5541 criminali

1941 5579 2022 5632 vel
2056 5579 2395 5647 pecuniaria.
2436 5576 2492 5630 Si
2525 5579 2659 5631 alius
2706 5587 2886 5632 autem
2937 5578 3200 5646 quispiam
3251 5587 3508 5640 accuset,

1941 5683 1995 5722 et
2027 5669 2162 5722 alius
2197 5667 2495 5722 domestico
2527 5667 2833 5722 testimonio
2864 5669 2938 5721 uti
2989 5669 3180 5730 vellet,
3217 5683 3329 5720 non
3382 5686 3510 5736 pm-

1952 5761 2184 5814 hibctur.
2230 5756 2361 5813 Nam
2397 5772 2462 5812 ex
2497 5773 2603 5813 uua
2637 5759 2794 5814 domo
2818 5766 2991 5823 potest
3022 5771 3069 5813 et
3107 5767 3261 5826 pater
3295 5773 3341 5812 e.
3371 5761 3510 5808 tinus
