4136 6450
667 401 773 464 623

1917 401 2192 463 THEOD.
2237 401 2636 462 BALSAMON

3794 405 3890 467 6'24

661 524 753 587 qul
784 527 864 572 est
895 520 994 572 sub
1024 527 1310 588 potestate,
1336 527 1387 570 et
1417 519 1520 572 duo
1545 517 1634 570 lilii
1670 516 1867 573 fratres
1918 520 2079 574 simul
2117 524 2214 576 sub

2323 517 2647 588 χρήσασθαι,
2690 515 2751 568 οὐ
2818 516 3140 571 κεκώλυται.
3212 519 3345 571 ‘Aab
3404 525 3510 588 γὰρ
3561 520 3680 581 ἑνὸς
3754 522 3899 574 οἴκου

664 619 949 676 potestate,
978 609 1058 662 vel
1087 620 1274 661 contra
1311 609 1544 676 aliquem
1593 609 1672 660 vel
1704 623 1802 676 pro
1833 607 2013 676 aliquo
2067 612 2224 665 testi-

667 695 904 748 monium
951 695 1151 760 dicere,
1184 708 1238 748 ut
1269 711 1389 764 cap.
1417 696 1484 749 l5
1512 695 1749 764 ejusdem
1783 695 1899 760 lib.,
1933 697 2016 753 tit.
2051 701 2070 751 ι
2129 699 2222 753 lib.

666 797 755 838 ut
781 784 989 838 statuit.

1186 1041 1412 1096 CANON
1445 1041 1726 1098 thXlll.

670 1155 689 1188 ι
726 1136 799 1189 De
831 1136 1101 1204 epismpo.
1134 1137 1222 1203 qtti
1250 1153 1368 1186 cunt
1391 1149 1418 1185 a
1451 1136 1828 1186 communione
1857 1133 2104 1195 removit,
2132 1132 2222 1200 qui

738 1244 758 1277 ι
800 1227 898 1279 sibi
932 1226 1028 1278 soli
1064 1225 1336 1293 prOprium
1384 1226 1589 1278 crimen
1624 1223 1902 1277 Confessus
1932 1236 2032 1276 est.
2061 1224 2224 1277 Simi-

732 1336 752 1369 t
793 1318 913 1370 liter
935 1317 1131 1384 plaettit
1165 1327 1242 1379 ιιι,
1270 1318 1314 1370 si
1355 1317 1640 1383 episcopus
1689 1316 1830 1368 dicat
1863 1316 2091 1381 aliquem
2124 1315 2222 1369 sibi

737 1426 756 1458 ε
799 1407 896 1460 soli
931 1405 1204 1474 proprium
1238 1406 1442 1458 crimen
1494 1419 1613 1457 εοεαε
1657 1403 1968 1458 confessum
1997 1441 2011 1466 ,
2043 1413 2095 1456 et
2139 1404 2226 1456 ille

737 1518 754 1549 ι
797 1508 974 1566 neget,
1004 1513 1068 1550 ne
1094 1496 1365 1550 existimet
1392 1496 1675 1562 episcopus
1703 1497 1752 1546 id
1796 1495 1859 1548 ad
1902 1509 2052 1548 suam
2084 1494 2225 1559 iniu-

737 1608 756 1640 ι
801 1590 934 1643 riam
965 1588 1255 1656 pertinere,
1291 1590 1432 1656 quod
1462 1587 1512 1639 ei
1551 1586 1647 1640 soli
1679 1586 1809 1640 fides
1834 1601 1936 1638 non
1961 1585 2220 1638 habetur:

736 1699 754 1731 ι
789 1679 997 1734 etiamsi
1051 1678 1277 1744 propriae
1315 1677 1656 1730 conscientiae
1687 1675 1940 1744 scrupulo
1972 1677 2110 1728 dicat
2167 1690 2224 1729 se

733 1789 751 1820 ι
785 1768 924 1822 nolle
944 1768 1015 1830 ei,
1048 1768 1137 1835 qui
1166 1775 1342 1835 negat,
1371 1765 1795 1819 communicare.
1830 1785 1848 1817 ι

730 1946 926 2000 BALS.
962 1943 1031 1998 Ut
1061 1954 1145 1998 est
1176 1944 1488 2008 verisimile,
1519 1946 1732 2012 quidem
1765 1946 1955 2011 laicus,
1988 1947 2069 2001 vel
2111 1948 2221 2002 t-le-

2322 609 2543 660 δύναται
2595 607 2687 660 καὶ
2745 608 2944 676 πατήρ,
2997 608 3093 660 καὶ
3131 608 3244 670 υίὸς
3290 609 3627 673 ὑπεξούσιος.
3681 613 3776 664 καὶ
3819 612 3906 664 δύο

2325 698 2733 762 σεδνυπεξοὺσιοι
2760 699 2865 750 υίοὶ
2902 699 3120 765 ἀδελφοὶ
3159 699 3252 750 καὶ
3283 701 3426 752 κατά
3463 716 3605 762 τινος
3645 701 3745 752 καῖ
3769 701 3906 769 ὑπέρ

2322 807 2463 850 τινος
2506 791 2802 858 μαρτυρεῖν
2830 805 2844 820 ο
2874 787 2950 850 ὡς
2981 788 3040 840 τὸ
3070 789 3557 850 πεντεκαιδέκατον
3613 791 3905 857 κετὰλαιον

2322 875 2416 932 τοῦ
2439 877 2600 931 αὑτοῦ
2621 877 2836 946 πρώτου
2863 877 3040 930 τίτλου
3067 878 3157 931 τοῦ
3181 879 3426 931 εἰκοστοῦ
3454 879 3671 948 πρώτου
3701 879 3906 948 βιόλίου

2323 967 2693 1038 διαλαμϐάνει.

2883 1061 3122 1116 ΚΑΝΩΝ
3172 1059 3338 1114 PM".

2331 1168 2349 1200 ι
2395 1151 2528 1220 Περὶ
2566 1155 2866 1207 ἐπισκόπου
2902 1155 2994 1206 τοῦ
3035 1154 3141 1205 ἀπὸ
3176 1152 3457 1212 κοινωνίας
3498 1149 3780 1212 ποιοῦντος
3822 1151 3911 1203 τὸν

2403 1259 2420 1293 ι
2462 1243 2611 1312 αὐτῷ
2670 1247 2814 1313 μόνῳ
2869 1247 2929 1297 τὸ
2981 1246 3110 1297 ίδιον
3170 1241 3418 1311 ἔγκλημα
3475 1243 3907 1310 ὁμολογήσαντα.

2403 1350 2420 1383 ι
2471 1331 2699 1401 Ὁμοίως
2739 1336 2932 1404 ἤρεσεν
2987 1335 3090 1398 ίνα,
3147 1335 3242 1386 ἐάν
3280 1350 3405 1384 ποτε
3443 1334 3740 1392 ἐπίσκοπος
3779 1333 3908 1401 λέγῃ

2404 1439 2422 1472 ι
2464 1425 2586 1474 τινὰ
2621 1424 2768 1493 αὐτῷ
2814 1426 2958 1491 μόνῳ
2992 1426 3050 1476 τὸ
3085 1425 3216 1475 ίδιον
3264 1424 3517 1492 ἔγκλημα
3545 1426 3907 1491 ὁμολογήσαι,

2403 1531 2422 1565 ι
2468 1517 2562 1567 καὶ
2594 1518 2797 1578 ἐκεῖνος
2828 1520 3091 1587 ἀρνεῖται,
3137 1519 3211 1585 μή
3242 1517 3526 1585 λογίσηται
3553 1519 3582 1568 6
3608 1519 3908 1578 ἐπίσκοπος

2399 1623 2417 1655 ι
2453 1608 2534 1668 είς
2585 1607 2720 1658 ἰδίαν
2759 1607 2914 1675 ὕϐριν
2958 1608 3279 1669 συντείνειν,
3318 1609 3399 1660 ὃτι
3433 1608 3593 1666 αὐτὸς
3640 1610 3801 1672 μόνος
3845 1608 3904 1658 οὑ

2403 1715 2422 1747 ι
2460 1698 2812 1750 πιστεύεται·
2837 1701 2884 1750 εί
2918 1701 3012 1749 καὶ
3046 1697 3121 1766 τῷ
3152 1697 3458 1765 οιινδιλμῷ
3485 1700 3581 1765 τῆς
3619 1698 3759 1759 ίδίας
3791 1715 3911 1750 συν-

2404 1805 2421 1836 ι
2461 1788 2714 1856 ιιδήσεως
2749 1788 2893 1854 λέγει
2935 1787 3010 1856 μὴ
3060 1788 3234 1840 θέλειν
3282 1789 3467 1842 ἑαυτὸν
3509 1792 3789 1843 κοινωνεῖν
3832 1791 3908 1858 τῷ

2403 1896 2422 1927 ι
2459 1877 2792 1946 ἀρνουμένῳ.
2823 1896 2840 1927 ι

2400 1967 2590 2018 ΒΔΛΣ.
2637 1967 2724 2027 Ὠς
2755 1967 2920 2031 ἔοικε,
2949 1970 3028 2029 τις
3064 1967 3246 2028 λαῖκδς
3282 1967 3314 2038 ἢ
3350 1969 3440 2020 καί
3473 1969 3732 2037 κληρικθις
3769 1970 3903 2033 sau-

661 2036 806 2088 ricus
851 2035 1065 2101 proprio
1092 2035 1345 2102 episcopo
1398 2032 1676 2087 confessus
1700 2045 1783 2088 est
1823 2037 1889 2090 de
1917 2038 2096 2104 aliquo
2117 2053 2147 2091 ι
2169 2054 2214 2094 ει

2333 2055 2669 2124 μολογήσατο
2703 2057 2780 2124 τῷ
2816 2057 2929 2124 ίδίῳ
2963 2059 3247 2124 ἑπισκόπῳ
3286 2032 3411 2124 περί
3437 2032 3589 2120 τινος
3619 2060 3712 2110 ὐπ’
3740 2032 3903 2112 αὑτοῦ

657 2125 945 2176 commisso
978 2134 1216 2189 peccato.
1252 2121 1314 2174 Et
1335 2137 1452 2175 cum
1475 2138 1636 2176 causa
1675 2124 1882 2191 publice
1913 2136 2030 2180 acta
2057 2139 2222 2192 esset,

658 2213 750 2280 qui
782 2213 1171 2266 confessionem
1208 2213 1420 2279 quidem
1455 2210 1653 2265 fecerat
1679 2215 1884 2267 crimen
1945 2217 2223 2270 inficiaba-

659 2313 780 2365 tur;
807 2303 1084 2369 episcopus
1105 2312 1278 2353 autem
1309 2316 1429 2353 eum
1471 2303 1848 2366 redarguebat.
1884 2304 1948 2356 Et
1987 2307 2104 2358 ideo
2129 2321 2224 2357 vo-

657 2391 802 2443 lebat
826 2407 967 2450 eum,
1000 2393 1089 2458 qui
1122 2390 1405 2442 confessus
1468 2391 1628 2442 fuerit
1668 2428 1683 2453 ,
1717 2391 1890 2459 puniri
1923 2437 1934 2456 ,
1968 2403 2221 2463 tauquam

654 2479 744 2549 qui
773 2480 943 2546 ipsum
972 2480 1164 2546 injuria
1197 2478 1494 2541 affecisset;
1527 2493 1590 2532 eo
1620 2483 1761 2547 quod
1814 2497 1923 2533 non
1964 2496 2224 2537 sunueret

658 2571 742 2629 iis,
786 2584 902 2635 qua:
933 2571 998 2621 ab
1031 2570 1145 2634 ipso
1184 2569 1522 2621 dicebantur.
1557 2567 1694 2622 Dicit
1726 2585 1852 2638 ergo
1882 2585 2077 2633 canon,
2104 2573 2219 2640 epi-

655 2669 873 2727 scopum
907 2659 1099 2724 injutia
1137 2675 1243 2711 non
1271 2660 1431 2719 allici,
1468 2663 1512 2712 si
1553 2661 1682 2712 fides
1710 2660 1781 2712 illi
1814 2674 1916 2712 nou
1969 2663 2221 2715 adhibea-

655 2760 745 2802 tur
777 2750 872 2802 οι)Ιί
895 2750 1114 2813 dicenti,
1145 2765 1262 2801 cum
1291 2789 1305 2813 ,
1343 2751 1434 2816 qui
1490 2762 1779 2803 aecttsatur
1807 2791 1821 2813 ,
1856 2754 2059 2804 crimen
2110 2754 2213 2807 sibi

653 2840 1007 2905 deposuisse:
1039 2839 1252 2892 etiamsi
1290 2839 1434 2892 dicat
1465 2841 1747 2906 episcopus
1772 2882 1785 2903 ,
1811 2839 1945 2894 Nolo
1979 2859 2101 2895 eum
2150 2844 2218 2897 ad

653 2928 1085 2980 communionem
1117 2928 1420 2990 admittere,
1459 2944 1580 2980 cum
1614 2946 1726 2982 inea
1754 2931 1806 2983 in
1850 2947 1913 2986 eo
1941 2936 2222 2988 οοιιε‹ἱ;·ιι-

654 3017 728 3069 tia
753 3016 1092 3080 offendatur,
1147 3029 1432 3084 pr0pterea
1493 3019 1636 3086 quod
1693 3021 1897 3074 crimen
1938 3023 2217 3078 confessus

2327 2148 2667 2215 πραχθέντος
2707 2148 3121 2216 ἁμαρτήματος.
3157 2149 3264 2198 Καὶ
3294 2147 3619 2216 λαληθείσης
3649 2148 3751 2216 τῆς
3780 2150 3906 2202 ὑπο-

2325 2237 2522 2297 θέσεως
2563 2237 2652 2288 ἐπὶ
2685 2237 2887 2300 κοινοῦ,
2921 2239 2950 2288 6
2992 2238 3090 2305 μιν
3119 2239 3217 2306 τὴν
3249 2238 3638 2306 ἐξομολόγησιν
3673 2241 3905 2306 ποιησά-

2327 2342 2485 2394 μενος
2530 2329 2746 2394 ήρνείτο
2788 2327 3116 2395 τὸῐγκλημα
3143 2343 3158 2358 ³
3205 2329 3233 2379 6
3275 2328 3332 2379 δὲ
3371 2329 3664 2390 ἐπίσκοπος
3708 2331 3902 2398 ἧλεγχε

2321 2413 2524 2469 τοῦτον.
2555 2417 2646 2467 Διὸ
2673 2416 2765 2468 καὶ
2791 2416 2947 2485 ήθελε
2976 2419 3066 2468 τὸν
3098 2418 3635 2488 ὲξομολογησάμενον
3661 2438 3904 2487 τιμωρη-

2322 2502 2479 2570 θῆναι
2518 2505 2591 2565 ὡς
2628 2503 2888 2574 ὑϐριστὴν
2919 2506 3108 2569 αὑτοῦ,
3147 2507 3236 2558 διὰ
3278 2508 3351 2576 μή
3378 2509 3697 2562 κατανεύειν
3724 2512 3806 2572 είς
3837 2511 3900 2562 τὰ

2321 2594 2584 2662 λεγόμενα
2623 2595 2770 2664 παρὰ
2807 2595 3018 2648 τούτου.
3058 2597 3223 2665 Φησὶν
3254 2592 3345 2650 οὖν
3379 2599 3405 2649 6
3446 2597 3626 2650 κανὼν
3670 2600 3753 2650 ὅτι
3805 2601 3900 2651 οὐκ

2321 2684 2465 2736 ἐστιν
2497 2685 2650 2754 ὕϐρις
2689 2683 2780 2736 τοῦ
2821 2687 3117 2739 ιπισκόπου
3157 2688 3217 2740 τὸ
3251 2689 3327 2756 μὴ
3363 2688 3714 2742 πιστεύεσθαι
3742 2690 3898 2741 αὐτὸν

2321 2774 2416 2822 καὶ
2455 2773 2611 2835 μόνον
2647 2772 2873 2838 λέγοντα
2909 2774 3238 2827 καταθέσθαι
3270 2775 3356 2826 ἐπ’
3385 2777 3532 2845 αὑτῷ
3560 2776 3621 2827 τὸ
3651 2777 3898 2844 ἔγκλημα

2319 2861 2408 2914 τὸν
2456 2862 2961 2932 κατηγορούμενον·
2995 2864 3096 2915 κᾶν
3136 2865 3270 2933 λέγῃ
3297 2869 3323 2916 6
3356 2866 3652 2928 ἑπίσιοπος
3683 2870 3787 2930 ὅτι,
3824 2869 3894 2919 0-3

2323 2951 2459 3004 θέλω
2486 2951 2877 3020 προσδέξασθαι
2903 2952 3064 3004 αὑτὸν
3090 2953 3170 3014 είς
3208 2955 3511 3017 κοινωνίαν,
3550 2957 3898 3016 σκανδαλιςοο

2325 3044 2488 3108 μένης
2519 3038 2605 3090 ἐπ’
2651 3039 2796 3107 αὐτῷ
2842 3041 2939 3108 τῆς
2971 3042 3325 3108 συνειδήσεώς
3361 3059 3460 3111 μου
3482 3081 3498 3105 ,
3528 3043 3616 3095 διὰ
3663 3046 3761 3113 τὴν
3791 3047 3900 3110 ἐξο-

656 3121 761 3165 est.
794 3109 1146 3179 Ittterrogabit
1191 3123 1367 3165 autem
1396 3112 1658 3178 quispiam
1690 3154 1703 3176 ,
1737 3129 1857 3165 Ctttll
1891 3129 2062 3167 canon
2114 3132 2214 3168 non

2326 3130 2616 3199 μολόγησιν
2651 3130 2745 3181 τοῦ
2791 3131 3206 3200 ἁμαρτήματος.
3260 3109 3556 3202 Ἐρωτήσει
3584 3136 3640 3186 δέ
3673 3109 3794 3196 τις,
3830 3109 3900 3196 ὧς

651 3215 771 3255 esse
803 3201 1193 3255 admittendum
1227 3205 1388 3256 ducat
1418 3203 1651 3271 episcopi
1679 3206 2065 3267 testiinonium,
2093 3215 2207 3260 tan.

651 3304 812 3356 quam
839 3291 996 3344 unius
1020 3291 1258 3345 hominis
1285 3332 1300 3356 ,
1346 3295 1640 3345 secundum
1681 3295 1849 3362 legem
1882 3311 1999 3362 quae
2033 3297 2162 3350 dicit
2196 3313 2212 3355 ς

652 3380 769 3434 Non
801 3381 966 3450 668
1015 3390 1096 3434 est
1156 3382 1313 3434 unius
1372 3382 1759 3435 admittendum
1813 3386 2212 3448 testimonium,

647 3473 860 3526 etiamsi
889 3475 956 3525 sit
981 3483 1198 3524 senator
1232 3489 1245 3525 :
1283 3473 1598 3528 audieturne
1635 3474 1941 3542 episcopus,
1963 3485 2214 3542 tanquam

650 3565 726 3625 ei,
757 3564 850 3631 qui
881 3577 1188 3626 accusatur,
1231 3574 1374 3617 recte
1418 3580 1520 3616 non
1552 3568 1976 3628 communicatis,
1999 3577 2216 3634 propter

650 3651 1063 3716 confessionem,
1102 3669 1168 3704 an
1199 3653 1344 3705 non?
1372 3652 1599 3705 Salutio.
1643 3653 1767 3706 Μιίιί
1799 3655 2008 3708 videtur
2053 3658 2214 3723 quod,

654 3739 871 3791 etiamsi
901 3753 1086 3791 revera
1117 3743 1395 3793 confessus
1426 3751 1506 3792 est
1533 3781 1546 3802 ,
1581 3741 1670 3804 qui
1716 3751 2029 3805 accusatur,
2055 3756 2117 3792 ex
2152 3757 2216 3793 eo

651 3830 767 3881 sulo
794 3845 897 3880 non
932 3829 1124 3894 poterit
1159 3830 1442 3898 episcopus
1475 3846 1595 3882 eum
1641 3847 1668 3882 a
1705 3833 2080 3884 communione
2125 3848 2214 3884 se-

649 3935 858 3987 parare,
891 3930 948 3970 ut
977 3922 1064 3987 qui
1095 3936 1195 3972 non
1249 3921 1319 3973 sit
1359 3921 1745 3975 condemnatus
1778 3939 1790 3974 :
1827 3923 1871 3974 si
1906 3933 2085 3974 autem
2117 3922 2214 3975 hoc

649 4013 856 4072 fecerit,
906 4023 965 4063 ut
992 4011 1081 4079 qui
1134 4012 1250 4064 sine
1286 4014 1491 4064 ratione
1538 4013 1806 4064 hominem
1865 4028 1894 4063 a
1949 4014 2211 4079 spirituali

645 4116 678 4155 ο
700 4103 1019 4154 nnniuuione
1040 4102 1394 4170 separaverit,
1424 4103 1764 4169 separabitur
1797 4112 1850 4154 et
1887 4102 1999 4167 ipse
2032 4118 2057 4152 a
2096 4118 2211 4154 ma-

642 4190 1024 4257 jnriantistite,
1057 4204 1140 4252 eo,
1170 4189 1259 4257 qui
1298 4191 1577 4243 confessus
1600 4201 1720 4253 est,
1770 4191 2036 4242 absoluto.
2082 4189 2212 4242 Nota

645 4296 773 4348 ergo
815 4290 1135 4349 pra'seutem
1171 4295 1433 4334 Canonettt
1464 4293 1680 4350 propter
1713 4283 1991 4350 epist-epos
2019 4295 2070 4336 et
2100 4298 2214 4336 mo-

646 4375 872 4435 nacbos,
905 4372 992 4439 qui
1024 4381 1365 4438 peccatorum
1402 4373 1677 4424 hominum
1715 4371 2083 4428 confessiones
2117 4391 2213 4425 au-

2315 3221 2407 3274 τοῦ
2434 3222 2649 3283 κανόνος
2669 3222 3042 3291 ἁπαράὸεκτον
3060 3223 3410 3292 λογιζομένου
3441 3226 3540 3294 τὴν
3566 3226 3660 3277 τοῦ
3684 3228 3901 3278 ἐπισκὸ-

2317 3329 2418 3363 που
2458 3312 2790 3380 μαρτυρίαν,
2831 3314 2906 3374 ὡς
2940 3313 3227 3383 ἀνθρώπου
3260 3316 3408 3378 ὲνὶς,
3444 3319 3586 3368 κατὰ
3614 3318 3707 3368 τὸν
3742 3321 3900 3387 νόμον

2314 3407 2405 3453 τὸν
2457 3404 2703 3468 λέγοντα,
2763 3403 2910 3466 Ἐνδς
2956 3406 3230 3474 μαρτυρία
3264 3408 3364 3459 οὐκ
3415 3407 3529 3460 ἐστι
3571 3409 3758 3478 δεκτὴ,
3802 3409 3900 3461 κᾶν

2318 3494 2674 3560 συγκλητικός
2724 3496 2894 3558 ἐστιν,
2933 3497 3328 3565 ἀκουσθήσεται
3380 3498 3409 3549 6
3457 3501 3780 3566 ἐπίσκοπος,
3828 3500 3899 3560 ὡς

2316 3583 2555 3649 εὐλόγως
2592 3583 2666 3652 μὴ
2699 3585 3072 3650 συγκοινωνῶν
3096 3586 3172 3654 τῷ
3204 3590 3666 3657 κατηγορουμένῳ
3689 3591 3779 3642 διὰ
3803 3593 3897 3658 τὴν

2315 3671 2717 3741 ἐξομολόγησιν,
2750 3671 2782 3740 ή
2815 3673 2924 3740 μή,
2961 3675 3170 3737 Λύσις.
3222 3675 3374 3743 Ἐμοὶ
3397 3677 3541 3728 δοκεί
3574 3678 3671 3741 ὡς,
3704 3678 3806 3730 κᾶν
3835 3681 3896 3747 τῇ

2317 3761 2542 3828 ἀληθείᾳ
2573 3761 3020 3828 ἑξωμολογήσατο
3055 3766 3080 3816 6
3115 3767 3590 3836 κατηγορούμενος
3611 3808 3627 3831 ,
3660 3772 3769 3821 ἀπὸ
3801 3773 3893 3838 μὸο

2314 3869 2404 3904 νου
2436 3852 2625 3903 τούτου
2669 3852 2727 3903 οὖ
2763 3851 3047 3920 δυνήσεται
3096 3856 3258 3908 αὑτὲν
3303 3858 3534 3925 χωρίσαι
3574 3859 3673 3927 τῆς
3705 3877 3898 3914 κοινω-

2315 3941 2431 3999 νίας
2486 3941 2514 3990 6
2567 3942 2898 4003 ιπίσκοπος,
2959 3943 3033 4003 ὡς
3099 3944 3233 4010 μηδὲ
3293 3947 3792 4000 καταδικασθέντα·
3849 3953 3897 4002 εί

2313 4030 2366 4080 δὲ
2398 4029 2554 4082 τοῦτο
2583 4033 2816 4101 ποιήσει,
2851 4034 2926 4094 ὼς
2957 4034 3268 4100 ἀνευλόγως
3294 4036 3528 4104 χωρίσας
3563 4039 3657 4090 τὸν
3685 4039 3898 4109 ἄνθρω·

2315 4136 2414 4169 πον
2437 4122 2542 4171 ἀπὸ
2576 4120 2672 4188 τῆς
2706 4123 3082 4191 πνευματικῆς
3139 4125 3456 4190 κοινωνίας,
3495 4128 3896 4198 χωριιθήσεται

2317 4211 2408 4259 καὶ
2439 4209 2595 4271 αὐτὸς
2627 4210 2730 4261 ὑπὸ
2757 4210 2846 4262 τοῦ
2884 4211 3130 4278 μείζονος
3162 4214 3487 4282 ἀρχιερέως,
3511 4213 3605 4266 τοῦ
3637 4217 3897 4285 ἐξομολο-

2314 4300 2624 4366 γησαμένου
2660 4299 2938 4368 λυομένου.
2966 4301 3279 4369 Σημείωσαι
3303 4303 3394 4354 τὸν
3420 4303 3661 4372 παρόντα
3691 4306 3892 4357 κανόνα

2315 4386 2400 4438 διὰ
2431 4390 2553 4449 τοὺς
2586 4389 2914 4451 ἀπισκόπους
2955 4392 3049 4442 καὶ
3076 4394 3198 4454 τοὺς
3233 4390 3557 4460 δεχομένους
3586 4393 3895 4462 ἀνθρώπων

645 4461 819 4524 diunt,
850 4469 903 4513 ct
931 4461 1298 4514 testimonium
1325 4459 1510 4514 ferunt
1545 4463 1804 4514 adversus
1835 4477 1949 4525 eos,
1979 4465 2067 4530 qui
2123 4463 2206 4516 di-

2316 4476 2604 4543 λογισμοὺς
2659 4481 2943 4545 μοναχοὺς,
2997 4480 3090 4531 καὶ
3139 4481 3552 4551 μαρτυροῦντας
3592 4484 3736 4535 κατά
3785 4485 3896 4536 τῶν

643 4563 838 4604 cuntur
863 4552 1055 4606 fecisse
1100 4554 1242 4621 apud
1297 4553 1442 4620 ipsos
1509 4551 1905 4606 confessionem
1947 4555 2208 4608 criminis.

645 4643 797 4706 Quod
830 4652 1009 4695 autem
1044 4657 1149 4696 non
1203 4653 1287 4695 est
1335 4643 1723 4696 admittendum
1767 4644 1926 4696 unius
1975 4648 2210 4697 testimo-

646 4731 814 4792 nium,
851 4730 965 4799 lege
986 4733 1146 4784 etiam
1183 4745 1443 4783 cauonem
1481 4730 1548 4784 75
1594 4741 1905 4793 sanctorum
1941 4733 2209 4798 apostolo-

646 4833 788 4872 rum.
823 4821 1209 4874 b.:n«-tissimus
1249 4822 1462 4888 quidem
1491 4831 1634 4872 certe
1688 4821 1986 4888 patriartba
2041 4823 2208 4874 domi-

644 4923 746 4961 nus
774 4907 942 4961 Lucas
980 4910 1556 4965 excommunicatiouis
1601 4927 1774 4980 poenae
1815 4912 2044 4980 subjecit
2092 4929 2208 4965 tuo-

646 5000 866 5051 nasterti
895 4999 1235 5068 Gerotrophii
1266 5001 1573 5069 praefectum
1599 5040 1617 5069 ,
1646 5003 1735 5069 qui
1783 5002 1959 5056 fuerat
1995 5004 2209 5057 archie-

643 5090 893 5155 pisc0pus
915 5086 1210 5153 Heracleae,
1245 5092 1383 5156 quod
1428 5091 1533 5145 tale
1583 5093 1944 5147 testimonium
2004 5097 2208 5150 tulisset

643 5195 673 5228 a
697 5182 900 5232 tversus
930 5194 1086 5231 suum
1123 5181 1456 5246 spiritualetn
1496 5182 1685 5236 filium.

717 5266 968 5320 ZONAR.
1001 5269 1262 5332 Quamvis
1295 5271 1578 5338 episcopus
1599 5273 1824 5341 alicujus
1873 5290 1931 5329 se
1957 5278 2204 5342 crimina,

644 5357 714 5408 ob
737 5371 854 5424 quae
885 5357 930 5410 is
954 5358 1336 5412 communione
1360 5360 1653 5414 movendus
1684 5374 1788 5426 est,
1813 5363 1981 5430 ipsius
2002 5365 2209 5418 canfes-

644 5450 793 5499 sionc
853 5449 1170 5515 cognovisse
1228 5447 1491 5515 allirmet,
1556 5453 1646 5520 qui
1707 5464 1884 5507 tamen
1941 5457 2205 5525 ejusmodi

643 5533 914 5601 quidpiam
966 5533 1271 5588 confessum
1305 5552 1364 5591 se
1409 5552 1531 5593 esse
1576 5552 1758 5610 neget;
1805 5545 1900 5597 soli
1959 5548 2207 5614 episcopo

647 5623 698 5673 in
729 5637 791 5674 ea
821 5637 879 5675 re
913 5621 1048 5676 fides
1081 5638 1189 5677 non
1219 5625 1524 5682 habebitur.
1553 5630 1735 5700 Neque
1777 5649 1934 5698 vero,
1961 5636 2206 5706 inquiunt

644 5709 851 5777 Patres,
886 5712 940 5768 iu
971 5728 1037 5769 eo
1067 5713 1318 5784 iujuriam
1339 5718 1439 5773 sibi
1472 5722 1585 5776 lleri
1605 5724 1890 5793 episcopus
1910 5729 2204 5791 existimet,

2311 4565 2614 4633 λεγομένων
2666 4570 2888 4638 ποιῆσαι
2939 4571 3074 4638 πρὸς
3121 4571 3322 4632 αὐτοὺς
3363 4571 3754 4640 ἐξομολόγησιν
3797 4574 3895 4628 τοῦ

2311 4655 2723 4724 ἁμαρτήματος.
2755 4659 2876 4710 Ὀτι
2906 4659 2962 4710 δὲ
2991 4660 3211 4722 ἄδεκτός
3241 4662 3390 4712 ἑστιν
3419 4663 3450 4729 ή
3486 4661 3578 4714 τοῦ
3607 4662 3724 4724 ἑνὸς
3755 4681 3895 4733 μαρο

2308 4747 2490 4814 τυρία,
2545 4749 2817 4814 ἀνάγνωθι
2866 4751 2959 4802 καὶ
3009 4751 3102 4803 τὸν
3154 4759 3226 4804 σε’
3283 4755 3482 4806 κανόνα
3541 4755 3648 4806 τῶν
3719 4756 3893 4821 ἁγίων

2310 4837 2641 4889 ἀποστόλων.
2690 4839 2747 4890 '0
2780 4837 2963 4908 μέντοι
3013 4841 3312 4907 ἁγιώτατος
3350 4843 3690 4913 πατριάρχης
3725 4846 3891 4913 κυρὸς

2309 4927 2520 4985 Λουκᾶς
2561 4928 2824 4998 ἐπιτιμίῳ
2865 4929 3317 4998 ἀλειτουργησίας
3367 4933 3746 4986 καθυπέὸαλλε
3794 4936 3886 4986 τὸν

2309 5014 2714 5084 καθηγούμενον
2748 5018 2846 5085 τῆς
2879 5021 3044 5087 μονῆς
3073 5021 3165 5072 τοῦ
3204 5025 3568 5094 γηροτρόφου,
3601 5024 3694 5075 τὸν
3723 5040 3886 5091 γεγο-

2306 5104 2430 5156 νότα
2464 5106 2888 5174 ἀρχιεπίσκοπον
2922 5109 3252 5178 Ἡρακλείας
3271 5153 3285 5178 ,
3316 5114 3557 5166 τοιοῦτόν
3588 5131 3638 5166 τι
3671 5132 3882 5184 μαρτυ-

2310 5193 2548 5263 ρήσαντα
2584 5198 2727 5247 κατὰ
2749 5199 3120 5264 πνευματικοῦ
3146 5203 3331 5263 παιδὸς
3358 5203 3546 5261 αὑτοῦ.

2376 5284 2614 5338 ΖΩΝΑΡ.
2667 5285 2784 5337 Κᾶν
2835 5287 3132 5351 ἐπίσκοπος
3182 5291 3317 5362 λέγῃ
3377 5292 3878 5364 ἐξομολογήσασθαι

2305 5371 2453 5440 ας,τῷ
2482 5389 2607 5424 τινα
2636 5373 2939 5444 ἁμάρτημα
2978 5377 3209 5446 χωρίζον
3237 5380 3398 5432 αὑτὸν
3433 5385 3531 5450 τῆς
3562 5387 3879 5452 κοινωνίας,

2303 5465 2331 5516 6
2358 5463 2413 5514 δὲ
2451 5465 2699 5533 ἀρνῆται,
2731 5463 2906 5530 λέγων
2934 5466 3008 5536 μὴ
3045 5470 3220 5520 εἰπεῖν
3256 5470 3404 5540 αὐτῷ
3433 5473 3675 5526 τοιοῦτον
3704 5477 3883 5545 ἁμάρι

2303 5570 2475 5622 τημα,
2526 5555 2586 5603 οὑ
2639 5554 3056 5624 πιστευθήσεται
3111 5558 3269 5625 μόνος
3323 5563 3350 5612 6
3399 5562 3722 5627 ἐπίσκοπος.
3773 5567 3882 5620 Καὶ

2304 5645 2483 5706 τοῦτο,
2518 5645 2682 5709 φασὶν
2708 5646 2754 5695 οί
2785 5645 3046 5715 Πατέρες,
3078 5649 3152 5719 μὴ
3175 5649 3472 5717 λογιζέσθω
3493 5653 3572 5723 τῷ
3601 5656 3883 5726 interdum

2308 5737 2386 5796 εἶς
2447 5734 2626 5801 ὓϐριν,
2688 5736 2769 5788 ὅτι
2823 5737 2882 5788 οὐ
2946 5739 3259 5794 πιστεύεται
3319 5744 3501 5812 μόνος,
3552 5748 3648 5799 καὶ
3697 5748 3880 5802 λοιπὸν
