4136 6472
303 431 417 496 425

1319 429 1592 492 IN.CAN.
1635 427 1918 490 CXXXIV
1951 426 2158 491 CONC.
2213 430 2591 490 CARTHAG.

3426 436 3534 496 426

298 548 675 614 ἀναγκάζεται
740 551 1123 616 συγκοινωνεϊν
1184 548 1407 616 ἐκείνῳ,
1474 546 1578 598 κᾶν
1639 545 1771 615 λέγῃ
1838 546 1858 597 ἐ

1970 543 2109 608 quod
2139 544 2241 599 soli
2280 545 2381 600 sibi
2415 561 2519 600 non
2539 545 2840 608 credatur,
2865 546 3120 616 quodque
3162 546 3213 600 in
3255 557 3530 616 posterum

299 636 602 698 ἐπίσκοπος
630 639 711 688 ὅτι
746 639 820 689 Οὐ
852 638 987 690 θέλω
1025 637 1416 707 προσδέξασθαι
1450 635 1611 689 αὐτὸν
1644 635 1720 696 είς
1751 650 1865 686 κοιο

297 725 532 785 νωνίαν,
575 726 1061 795 ακανδαλιζομένης
1091 727 1176 778 ἐπ’
1210 725 1355 793 αὑτῴ
1383 726 1477 792 τῆς
1516 721 1868 790 συνειδήσεώς

303 830 435 881 μου.
488 815 816 884 Σκινδαλμδν
844 817 952 884 γὰρ
985 817 1016 884 ἢ
1061 817 1120 868 τὸ
1162 815 1450 867 σκάνδαλον
1474 814 1687 880 νοητέον
1716 813 1746 880 ἢ
1776 811 1868 863 τὸν

300 899 535 968 Θόρυσον
563 903 662 969 τῆς
690 903 1043 971 συνειδήσεως
1070 903 1466 973 θορυϐουμένης
1495 902 1586 953 καὶ
1613 909 1867 969 ταραττο-

303 989 475 1058 μένης
503 991 589 1043 διὰ
615 993 711 1059 τὴν
736 991 1118 1062 ἐξομολόγησιν
1146 994 1239 1047 τοῦ
1279 994 1690 1064 ἁμαρτήματος.

302 1159 527 1212 ΔΡΙΣΤ.
578 1179 597 1212 ι
636 1163 824 1230 Λέγων
861 1165 1155 1227 ἐπίσκοπος
1190 1166 1272 1218 ὃτι
1317 1163 1390 1217 Τὸ
1433 1164 1682 1233 ἔγκλημα
1725 1163 1865 1216 κατὰ

395 1269 410 1300 ι
457 1256 624 1322 μόνας
655 1257 682 1305 6
710 1255 877 1317 πέλας
911 1273 1000 1324 μοι
1025 1256 1395 1325 ὡμολόγησεν,
1428 1258 1478 1308 εί
1510 1257 1538 1306 6
1569 1255 1732 1316 πέλας
1764 1255 1867 1323 ἀρα

381 1365 400 1398 ι
438 1349 626 1408 νεῖται,
659 1345 755 1396 οὐκ
787 1344 1062 1409 εὕπιστος.

378 1459 451 1512 Οὐ
479 1458 582 1527 χρὴ
612 1456 960 1509 πιστεύεσθαι
1079 1459 1365 1527 ἐπισκόπῳ
1388 1457 1595 1524 λέγοντι
1619 1457 1690 1516 ὡς
1713 1456 1867 1509 Κατὰ

307 1550 473 1617 μόνας
499 1552 525 1600 ὁ
552 1549 697 1600 δεῖνα.
728 1547 984 1616 κληρικὸς
1014 1548 1263 1617 ἐγκλημά
1296 1566 1384 1618 μοι
1405 1548 1737 1618 ὡμολόγησε,
1773 1548 1866 1599 καὶ

300 1639 389 1692 διὰ
433 1639 587 1691 τοῦτο
636 1641 668 1708 ἢ
719 1638 813 1690 τοῦ
871 1637 1077 1706 βαθμοῦ
1127 1639 1160 1708 ἦ
1216 1640 1316 1708 τῆς
1367 1639 1646 1700 κοινωνίας
1703 1637 1865 1690 αὐτὸν

298 1731 575 1798 ἀπείργω.
620 1730 680 1780 El
722 1729 828 1798 γὰρ
876 1729 1122 1798 ἀρνεῖται
1169 1731 1394 1793 ἐκεῖνος,
1433 1728 1491 1779 ὃν
1531 1727 1864 1796 ὁμολογῆσαι

300 1819 475 1882 λέγει,
508 1820 605 1870 οὐκ
637 1817 838 1884 ὀφείλει
871 1817 1252 1880 καταδικάζειν
1285 1819 1445 1870 αὑτὸν
1475 1818 1506 1886 ἢ
1547 1818 1681 1870 ίδίαν
1708 1817 1864 1888 ὕϐριν

296 1911 458 1962 τοῦτο
482 1907 810 1974 λογίζεσθαι,
836 1910 917 1960 ὅτι
947 1908 1106 1970 αὐτὸς
1137 1910 1196 1959 οὺ
1233 1907 1552 1960 πιστεύεται
1581 1909 1758 1977 μόνος.

873 2060 1107 2115 ΚΔΝΩΝ
1132 2060 1301 2116 ΡΛΔ’.

301 2217 322 2251 ε
366 2200 487 2252 Ἵνα
532 2197 626 2265 μὴ,
671 2197 744 2259 ὡς
778 2197 958 2265 ἐτυχε,
1000 2196 1124 2249 τινὰ
1168 2198 1404 2266 στερήσῃ
1445 2195 1541 2265 τῆς
1586 2195 1868 2258 κοινωνίας

374 2307 393 2339 ε
433 2289 746 2348 ἐπίσκοπος.
791 2287 907 2354 Ἐφ’
938 2288 1060 2338 ὅσον
1088 2285 1164 2354 τῷ
1186 2286 1551 2355 ἁφωρισμένῳ
1578 2284 1652 2354 μὴ
1679 2300 1864 2336 κοινω-

375 2398 392 2430 ι
429 2381 510 2430 νεῖ
543 2381 570 2430 6
610 2379 739 2438 ῐδιος
770 2379 1061 2438 ἐπίσκοπος
1083 2417 1096 2440 ,
1131 2375 1207 2444 τῷ
1240 2376 1385 2445 αὑτῷ
1412 2377 1691 2443 ἐπισκόπῳ
1719 2374 1866 2427 ἄλλοι

372 2489 391 2520 ε
435 2470 508 2538 μὴ
559 2469 1073 2536 συγκοινωνήσουσιν
1121 2467 1439 2518 ἐπίσκοποι·
1482 2465 1620 2517 ὥστε
1668 2466 1866 2534 μᾶλλον

375 2577 394 2609 ι
437 2557 948 2627 παραφυλάττεσθαι
970 2556 1060 2608 τὸν
1090 2556 1385 2606 ἐπίσκοπον
1415 2553 1490 2623 μὴ
1518 2553 1695 2619 λέγειν
1725 2554 1866 2606 κατά

376 2669 395 2699 ε
432 2666 596 2714 τινος,
627 2649 763 2717 ὅπερ
788 2647 1121 2712 ἀποδείξεσιν
1151 2647 1366 2714 ἐλέγξαι
1397 2646 1530 2714 παρ’
1566 2647 1773 2715 ἑτέροις
1802 2644 1863 2696 οὐ

375 2758 392 2790 ι
431 2739 670 2792 δύναται.
700 2756 720 2790 ι

369 2851 641 2902 ΒΑΛΣ.Ὃ
669 2849 1086 2920 παρεσιὼπησεν
1113 2852 1140 2903 ὁ
1173 2849 1439 2920 ἀνῶτερος
1475 2848 1678 2909 κανὼν,
1711 2840 1865 2909 οὗτος

296 2940 639 3008 προήνεγκεν
659 2942 735 2997 είς
761 2938 1006 3006 φανερόν.
1037 2939 1108 2989 Τὸ
1131 2935 1185 2988 δὲ
1218 2934 1285 3006 ἦν
1318 2939 1401 3002 τὸ,
1439 2937 1564 2989 Ἐὰν
1598 2940 1672 3004 μὴ
1705 2935 1865 3005 Θελή-

297 3027 419 3096 σῃό
477 3027 770 3083 ἐπίσκοπος
829 3026 1150 3094 κοινωνῆσαι
1221 3025 1299 3090 τῷ
1373 3026 1503 3094 παρ’
1548 3023 1712 3077 αὑτοῦ
1760 3026 1864 3093 ἁφ-

295 3117 592 3185 ορισθέντι,
621 3115 695 3178 ὡς
719 3115 968 3182 ἔγκλημά
986 3133 1036 3168 τι
1059 3116 1204 3185 αὑτῷ
1229 3116 1664 3187 ἐξαγορεύσαντι,
1694 3117 1745 3168 τί
1773 3117 1863 3169 ἐπὶ

293 3209 378 3274 τῷ
415 3205 636 3271 τοιούτῳ
683 3207 962 3275 ἐπισκόπῳ
1009 3207 1294 3276 γενήσεται
1335 3207 1637 3272 άνευλόγως
1673 3207 1864 3275 ἀφορί-

298 3311 457 3346 σαντι
490 3295 582 3346 καὶ
621 3295 723 3360 πρὸ
766 3296 1056 3363 καταδίκης
1090 3297 1180 3347 τὸν
1210 3296 1522 3364 άνθρωπον;
1565 3296 1702 3365 Φησὶ⁵
1729 3295 1859 3362 γοῦν

295 3388 382 3438 ὅτι
429 3388 522 3439 ἐὰν
562 3385 792 3455 ἀφορίσῃ
835 3387 956 3436 τινὰ
999 3386 1322 3452 ἁνευλόγως,
1365 3385 1449 3454 ἐφ’
1501 3387 1624 3438 ὅσον
1670 3388 1858 3457 καιρὸν

294 3479 504 3536 ἐκεῖνος
536 3477 594 3527 οὐ
619 3479 862 3528 κοινωνεῖ
888 3477 966 3545 τῷ
997 3477 1362 3544 ἀφορισθέντι,
1400 3476 1531 3546 μηδὲ
1559 3477 1749 3545 ἐκείνῳ
1782 3476 1857 3546 τῷ

294 3566 616 3634 άφορίσαντι
653 3566 873 3635 δηλαδὴ,
916 3567 1243 3620 κοινωνῶσιν
1282 3568 1328 3618 ol
1367 3567 1513 3621 ἄλλοι
1551 3567 1854 3620 ἐπίσκοποι.

307 3655 535 3721 Ἐπαγει
569 3655 621 3706 δὲ
670 3656 761 3706 καὶ
790 3655 886 3722 τὴν
916 3656 1117 3721 αἰτίαν,
1151 3657 1237 3707 ἵνα
1282 3656 1357 3726 μή
1387 3658 1570 3724 ταχεῖς
1598 3658 1690 3708 καὶ
1728 3657 1860 3708 άπε-

300 3744 586 3813 ρίσκεπτοι
602 3739 699 3797 ὦσι
731 3746 864 3813 πρὸς
880 3746 1218 3815 »κατηγορίας
1246 3750 1338 3799 καὶ
1366 3747 1500 3814 πρὸς
1533 3747 1854 3815 ἀφορισμὸν,

296 3835 398 3886 καὶ
442 3836 516 3904 μὴ
544 3837 686 3888 κατὰ
723 3853 882 3890 τινων
913 3838 1142 3902 λέγωσιν
1186 3838 1221 3892 ἃ
1260 3837 1466 3904 ἐλέγξαι
1497 3839 1556 3891 οὐ
1587 3837 1855 3891 δύνανται.

298 3927 412 3978 Καὶ
441 3927 548 3977 ἀπὸ
590 3927 686 3994 μὲν
717 3926 812 3978 τοῦ
851 3929 1116 3996 παρόντος
1146 3929 1364 3989 κανόνος
1399 3928 1540 3982 οὕτω
1573 3928 1857 3992 κολάζεται

296 4017 327 4066 6
354 4015 656 4081 ἀνευλόγως
677 4016 938 4085 ἀφορίσας
960 4017 1277 4079 ἐπίσκοπος.
1309 4020 1449 4086 Ἐγὼ
1468 4019 1523 4072 δὲ
1549 4018 1748 4087 νομίζω
1775 4019 1855 4070 ὅτι

295 4104 359 4154 οὐ
429 4104 586 4169 μόνον
643 4103 814 4156 ταῦτα
875 4104 1015 4157 οὕτω
1074 4106 1468 4178 κολασθήσεται
1534 4111 1562 4161 6
1616 4107 1857 4168 τοιοῦτος

295 4186 614 4256 ἐπίσκοπος,
637 4193 771 4245 ἀλλὰ
792 4195 885 4246 καὶ
913 4194 1002 4246 τοῦ
1029 4196 1313 4263 ἀνευλόγου
1333 4197 1522 4249 τούτου
1553 4197 1854 4267 ἁφορισμοῦ

295 4281 620 4350 λαληθέντος
654 4285 803 4353 παρὰ
833 4283 1038 4352 μείζονι
1068 4287 1329 4355 ἀρχιερεῖ,
1361 4290 1387 4338 6
1412 4289 1511 4355 μὲν
1546 4289 1856 4358 άφορισθεὶς

294 4371 594 4440 λυθήσεται
624 4373 716 4425 τοῦ
747 4375 1075 4443 ἁφορισμοῦ,
1105 4377 1132 4428 ό
1161 4377 1217 4428 δὲ
1250 4377 1512 4446 ἀφορίσας
1541 4378 1856 4448 τιμωρηθή-

298 4476 454 4512 σεται
478 4463 618 4513 κατὰ
638 4461 734 4532 τὴν
771 4463 1187 4517 Ἰουστινιάνειον
1235 4466 1466 4534 Νεαρὰν,
1493 4467 1608 4537 ἦτοι
1636 4468 1772 4520 κατὰ
1796 4467 1853 4520 τὸ

297 4551 380 4605 κδ’
409 4553 600 4620 κεφάλ.
632 4553 724 4605 τοῦ
749 4560 796 4606 α’
827 4555 1002 4606 τίτλου
1029 4555 1123 4607 τοῦ
1159 4555 1206 4622 γ’
1233 4557 1460 4624 βιϐλίου,
1493 4557 1520 4609 ὂ
1549 4562 1635 4610 καὶ
1664 4561 1718 4611 ἐν
1741 4560 1857 4611 δια-

297 4643 486 4710 φόροις
534 4645 720 4695 κανόσι
753 4645 1122 4714 κατεστρώθη,
1167 4647 1260 4697 καὶ
1297 4647 1435 4698 κατὰ
1466 4648 1555 4700 τὸν
1584 4648 1625 4700 δ’
1658 4651 1858 4702 κανόνα

297 4732 400 4800 τῆς
419 4731 460 4792 ζ’
491 4733 730 4788 συνόδου.
757 4735 867 4788 Καὶ
887 4735 1154 4803 ἀνάγνωθι
1180 4736 1270 4788 τὸν
1288 4736 1524 4790 τοιοῦτον
1552 4740 1745 4790 κανόνα
1767 4741 1859 4793 καὶ

299 4823 401 4891 τὴν
431 4821 642 4890 Νεαρὰν
664 4825 1133 4894 καταστρωθείσαν
1154 4828 1232 4888 είς
1251 4827 1346 4897 τὴν
1361 4829 1649 4898 ἑρμηνείαν
1671 4831 1854 4897 αὑτοῦ,

299 4913 395 4964 καὶ
419 4913 510 4963 τον
544 4908 603 4965 ιδ’
639 4915 836 4968 κανόνα
865 4914 960 4980 τῆς
985 4915 1044 4968 ἐν
1072 4916 1303 4985 Σαρδικῇ
1339 4919 1577 4973 συνόδου.

370 5023 612 5077 ΖΩΝΑΡ.
653 5026 717 5077 Ὀ
779 5027 1199 5097 παρεσιώπησεν
1240 5032 1268 5082 6
1321 5031 1573 5099 άνωτέρευ
1650 5050 1853 5100 κανων,

295 5113 451 5179 οὗτος
475 5120 809 5189 προήνεγκεν
839 5119 917 5181 είς
950 5121 1200 5188 φανερόν.
1233 5122 1304 5174 Τὸ
1330 5123 1386 5175 δέ
1410 5119 1476 5193 ἦν
1499 5125 1580 5189 τὸ,
1628 5126 1750 5179 Ἐὰν
1779 5129 1854 5198 μὴ

300 5208 481 5277 θέλῃό
510 5211 801 5269 ἐπίσκοπος
853 5210 1182 5278 κοινωνῆσαι
1217 5211 1294 5278 τῷ
1342 5216 1468 5282 παρ’
1529 5215 1694 5271 αὑτοῦ
1752 5220 1855 5286 ἀφ-

300 5298 589 5366 ορισθέντι,
635 5299 708 5360 ὡς
753 5300 1001 5368 ἔγκλημά
1048 5319 1094 5354 τι
1141 5299 1287 5372 αὖτῷ
1325 5303 1763 5375 ἐξαγορεύσαντι,
1799 5312 1850 5362 τί

294 5390 420 5456 περὶ
458 5388 550 5438 τοῦ
570 5390 810 5441 τοιούτου
836 5392 1316 5461 οἰκονομηθήσεται
1349 5413 1364 5460 ;
1411 5398 1545 5465 Φησὶ
1594 5397 1721 5464 γοῦν
1744 5400 1846 5465 ὅτι,

293 5481 390 5530 ἐὰν
418 5480 658 5549 ἁφορίσῃ
716 5483 836 5533 τινὰ
860 5483 920 5534 οὐ
949 5483 1195 5548 δικαίως,
1223 5487 1306 5552 ἐφ’
1339 5486 1462 5538 ὅσον
1493 5490 1682 5555 καιρὸν
1710 5492 1847 5542 ἐκεῖ⁹

291 5587 380 5632 νος
399 5572 457 5621 οὐ
475 5573 717 5623 κοινωνεῖ
737 5572 809 5640 τῷ
837 5575 1200 5642 άεορισθέντι,
1224 5577 1354 5644 μηδέ
1373 5578 1581 5649 ἐκείνῳ,
1615 5580 1690 5648 τῷ
1716 5581 1848 5650 ἀφο-

296 5659 732 5730 ρίσαντιδηλαδή,
752 5665 1074 5718 κοινωνῶσιν
1090 5667 1136 5716 οί
1156 5665 1301 5720 ἄλλοι
1326 5669 1631 5723 ἐπίσκοποι·
1650 5674 1674 5722 ἐ
1686 5673 1844 5741 πάγει

291 5753 346 5806 δὲ
386 5753 479 5805 καὶ
511 5752 609 5820 τὴν
657 5753 854 5819 αἰτίαν,
885 5756 970 5809 ἵνα
1003 5760 1076 5828 μὴ
1102 5763 1285 5828 ταχεῖς
1327 5762 1420 5813 καὶ
1447 5765 1839 5833 ἀπερίσκεπτοι

570 5843 836 5908 Ριτιιυι..
868 5849 980 5909 Gn.
1032 5851 1415 5919 CXXXVIII.

1977 634 2118 689 illius
2163 638 2595 690 communionem
2677 637 2962 692 admittere
3019 651 3241 692 necesse
3295 637 3530 702 habeat;

1974 725 2221 792 quamvis
2250 726 2318 779 ab
2345 741 2404 779 ea
2439 727 2927 781 communicatione
2967 741 3024 781 se
3076 729 3349 782 abstinere
3397 728 3533 780 velle

1975 814 2324 879 proﬁteatur,
2367 831 2432 870 ex
2482 831 2654 886 eaque
2714 817 3102 872 conscientiam
3134 833 3282 872 suam
3333 818 3531 873 offendi

1973 916 2248 959 causetur.
2282 905 2380 960 Hic
2401 907 2544 960 enim
2572 924 2664 976 per
2693 909 3037 977 σκινδαλμὸν,
3071 919 3162 963 aut
3194 910 3531 976 scandalum,

1974 1003 2067 1046 aut
2093 996 2440 1050 conscientia:
2473 997 2809 1052 confessione
2845 999 3010 1051 auditi
3042 998 3301 1054 facinoris
3346 1001 3534 1054 conci-

1979 1092 2098 1136 tata:
2127 1100 2188 1139 ac
2217 1087 2544 1154 perturbata:
2578 1088 2864 1142 tumultum
2899 1088 3162 1158 intellige.

1975 1171 2195 1226 ARIST.
2239 1191 2257 1224 ι
2294 1173 2554 1243 EpiscOpo
2584 1175 2800 1239 dicenti,
2835 1177 2974 1244 quod
3019 1180 3223 1231 crimen
3254 1178 3384 1231 mihi
3431 1178 3534 1231 soli

2050 1283 2069 1316 r
2101 1264 2306 1319 vicinus
2329 1264 2607 1321 confessus
2630 1273 2734 1331 est,
2767 1266 2813 1320 si
2840 1267 3050 1323 vicinus
3081 1269 3375 1337 negaverit,
3404 1269 3535 1326 ﬁdes

2051 1373 2069 1408 ι
2110 1374 2214 1412 non
2241 1369 2325 1415 est
2357 1360 2514 1415 facile
2547 1362 2810 1416 habenda.
2857 1383 2874 1414 ι

2043 1464 2200 1523 Fides
2228 1470 2481 1538 episcOpo
2509 1486 2613 1526 non
2654 1481 2739 1528 est
2791 1474 3037 1528 habenda
3100 1475 3330 1538 dicenti,
3390 1479 3531 1546 quod

1976 1562 2208 1616 clericus
2238 1566 2505 1634 quispiam
2543 1567 2675 1620 milii
2705 1567 2806 1622 soli
2835 1569 3034 1622 crimen
3061 1567 3336 1622 confessus
3351 1577 3456 1632 est,
3479 1578 3534 1622 et

1974 1653 2044 1706 ob
2069 1653 2123 1706 id
2152 1656 2318 1720 gradu
2351 1665 2443 1708 aut
2475 1659 2852 1713 communione
2883 1673 3005 1711 eum
3058 1673 3236 1713 arceo.
3285 1659 3340 1712 Si
3387 1660 3529 1713 enim

1975 1757 2131 1812 negat
2163 1747 2269 1810 ille,
2304 1761 2462 1816 quem
2506 1749 2809 1804 confessum
2841 1764 2960 1804 esse
3001 1751 3166 1813 dicit,
3219 1765 3326 1804 non
3375 1751 3534 1804 debet

1974 1854 2093 1893 eum
2120 1842 2518 1907 condemnare;
2567 1852 2660 1894 aut
2718 1855 2778 1896 se
2820 1841 3016 1910 injuria
3069 1843 3318 1898 allectum
3343 1840 3531 1897 existi-

1971 1946 2137 1996 mare,
2169 1932 2309 2000 quod
2344 1931 2442 2000 ipsi
2467 1931 2565 1986 soli
2593 1946 2700 1986 non
2739 1933 3020 1987 adhibetur
3062 1933 3213 1988 ﬁdes.

2453 2089 2681 2146 CANON
2712 2089 2999 2146 CXXXIV.

1975 2242 1992 2274 ι
2032 2223 2110 2276 Ne
2137 2225 2419 2292 episcopus
2453 2234 2654 2278 temere
2686 2225 2989 2293 quempiam
3053 2225 3226 2292 privet
3276 2238 3531 2277 commu-

2045 2332 2064 2364 ι
2105 2313 2283 2366 nione.
2326 2311 2592 2377 Quamdiu
2652 2323 2931 2381 segregem
2999 2327 3102 2367 non
3174 2313 3532 2367 communicat

2046 2420 2064 2452 ι
2102 2401 2346 2470 proprius
2395 2402 2697 2471 episcopus,
2746 2401 2920 2457 eidem
2979 2401 3230 2471 episcopo
3285 2401 3374 2455 alii
3424 2416 3528 2454 non

2045 2511 2063 2541 ι
2095 2491 2570 2546 communicabunt
2629 2489 2863 2559 episcopi
2919 2507 2934 2544 :
2987 2500 3048 2544 ut
3114 2491 3285 2558 magis
3341 2500 3530 2544 caveat

2046 2598 2067 2632 ι
2103 2581 2402 2650 episcopus,
2444 2594 2509 2634 ne
2538 2581 2792 2634 adversus
2832 2580 3064 2649 aliquem
3093 2581 3235 2634 dicat
3262 2581 3313 2634 id
3337 2620 3352 2645 ,
3386 2581 3527 2648 quod

2041 2690 2059 2723 ι
2095 2671 2432 2726 documentis
2457 2669 2683 2738 probare
2711 2669 2848 2738 apud
2877 2671 3012 2724 alios
3039 2685 3143 2724 non
3177 2678 3371 2738 potest.
3400 2689 3418 2722 ι

2039 2870 2229 2926 BALS.
2261 2869 2410 2936 Quod
2442 2870 2688 2939 superior
2725 2883 2896 2924 canon
2947 2869 3369 2937 praetermiserat
3394 2908 3408 2930 ,
3445 2868 3528 2920 hic

1967 2963 2018 3016 in
2047 2971 2287 3031 apertum
2325 2961 2560 3030 protulit.
2611 2960 2667 3014 l'd
2699 2967 2880 3014 autem
2913 2968 3028 3013 erat
3058 2975 3074 3014 :
3117 2959 3171 3013 Si
3197 2959 3365 3012 noluit
3410 2959 3528 3027 epi-

1966 3069 2159 3122 sc0pus
2183 3054 2230 3107 ei
2267 3053 2671 3105 communicare
2709 3051 2800 3119 qui
2837 3065 2864 3102 a
2897 3065 2954 3104 se
2983 3059 3294 3118 segregatus
3323 3058 3436 3112 est,
3471 3061 3528 3103 ut

1965 3146 2054 3214 qui
2091 3145 2187 3214 ipsi
2222 3143 2437 3211 aliquod
2472 3142 2675 3194 crimen
2729 3141 2924 3195 dixerit
2954 3157 2968 3193 :
3002 3141 3128 3207 quid
3180 3142 3226 3193 ei
3281 3141 3371 3194 liet
3411 3141 3527 3205 epi-

1966 3249 2148 3302 scopo,
2178 3235 2266 3303 qui
2303 3232 2501 3300 injuria
2534 3241 2659 3284 ante
2689 3230 3190 3285 condemnationem
3243 3229 3514 3284 hominem

1967 3323 2304 3392 segregavit?
2337 3323 2473 3376 Dicit
2499 3336 2646 3390 ergo,
2677 3321 2818 3389 quod
2849 3321 2891 3374 si
2925 3321 3157 3389 aliquem
3199 3319 3393 3385 injuria
3427 3334 3513 3373 se-

1965 3417 2248 3484 gregavit,
2298 3414 2550 3478 quamdiu
2608 3413 2695 3474 ei,
2751 3410 2842 3479 qui
2892 3420 3203 3478 segregatus
3245 3418 3365 3472 est,
3413 3424 3520 3463 non

1964 3505 2343 3567 communicat,
2381 3518 2478 3556 nec
2520 3502 2619 3565 illi,
2651 3501 2741 3569 qui
2786 3500 3087 3570 segregavit
3134 3501 3378 3564 scilicet,
3430 3501 3520 3554 alii

1965 3594 2437 3650 communicabunt
2467 3593 2727 3663 episcopi.
2759 3589 3042 3659 Subjungit
3073 3591 3232 3643 etiam
3256 3605 3475 3644 causam
3503 3631 3518 3654 ,

1966 3699 2029 3738 ne
2062 3684 2362 3752 prazcipites
2415 3683 2525 3738 sint
2566 3693 2619 3736 et
2651 3679 3034 3736 inconsiderati
3079 3679 3132 3733 in
3177 3681 3521 3733 accusatione

1963 3783 2016 3828 et
2063 3772 2344 3843 inﬂigenda
2367 3772 2856 3841 segregationezet
2907 3770 3203 3828 ne_dicant
3262 3769 3520 3824 adversus

1965 3863 2192 3931 aliquos,
2217 3877 2334 3931 qua:
2371 3863 2599 3932 probare
2633 3876 2737 3914 non
2769 3869 3014 3929 possunt.
3054 3861 3120 3914 Et
3175 3874 3202 3911 a
3260 3860 3515 3930 praesenti

1963 3954 2175 4022 quidem
2205 3968 2410 4007 canone
2449 3954 2528 4007 sic
2556 3954 2775 4020 punitur
2807 3953 3089 4020 episcopus
3117 3989 3132 4013 ,
3188 3951 3276 4018 qui
3319 3950 3518 4016 injuste

1963 4044 2283 4113 segregavit.
2321 4043 2431 4111 Ego
2457 4055 2635 4096 autem
2669 4043 2939 4106 existimo,
2963 4042 3102 4110 quod
3129 4042 3173 4096 is
3208 4041 3517 4109 episcopus,

1963 4150 2066 4189 non
2099 4135 2269 4188 solum
2298 4133 2376 4186 sic
2406 4133 2660 4200 punietur
2683 4172 2698 4198 ,
2743 4133 2836 4186 sed
2875 4140 2930 4184 et
2975 4131 3113 4185 dicta
3145 4131 3515 4199 segregatione

1963 4224 2149 4294 majori
2179 4224 2408 4277 antistiti
2440 4224 2703 4290 exposita,
2735 4223 2780 4275 is
2819 4223 3056 4289 quidem,
3083 4221 3171 4289 qui
3207 4230 3290 4274 est
3330 4235 3512 4289 segre-

1962 4325 2135 4381 gatus,
2172 4331 2197 4367 a
2229 4317 2596 4383 segregatione
2627 4314 2864 4366 solvetur
2904 4329 2918 4365 :
2962 4311 3054 4380 qui
3105 4321 3283 4365 autem
3336 4325 3517 4379 segrev

1961 4405 2132 4472 gavit,
2174 4404 2424 4471 punietur
2451 4403 2738 4456 secundum
2767 4401 3051 4456 Jnstiniani
3090 4401 3349 4454 novellam
3373 4441 3388 4466 ,
3421 4415 3513 4454 seu

1886 4516 1931 4572 υ
1961 4494 2252 4548 secundum
2303 4494 2618 4546 vicesimum
2649 4503 2901 4561 quartum
2946 4499 3105 4559 caput
3149 4491 3314 4560 669
3355 4490 3513 4559 primi

1965 4582 2101 4635 tituli
2135 4583 2274 4635 tertii
2302 4582 2444 4646 librt,
2474 4583 2613 4650 quod
2638 4583 2801 4635 etiam
2855 4582 2910 4634 in
2947 4580 3171 4634 diversis
3216 4579 3513 4633 canonibus

1959 4672 2118 4725 situm
2157 4681 2275 4734 est;
2304 4681 2356 4724 et
2383 4673 2672 4725 secundum
2707 4680 2959 4738 quartum
2991 4683 3249 4722 canonem
3274 4666 3512 4735 septimae

1958 4760 2170 4829 synodi.
2204 4759 2267 4812 Et
2296 4759 2410 4825 lege
2440 4759 2582 4812 huttc
2612 4771 2866 4811 canonem
2925 4765 2979 4808 et
3026 4755 3300 4809 Novellam
3353 4754 3508 4807 sitam

1959 4849 2010 4902 in
2038 4849 2156 4918 ejus
2189 4851 2661 4918 interpretatione;
2697 4856 2750 4902 et
2783 4860 2903 4900 can.
2944 4845 3007 4899 ιι
3056 4845 3253 4899 sardic.
3299 4844 3507 4912 synodi.

2028 5046 2276 5102 ZONAR.
2303 5047 2457 5114 Quou
2491 5047 2708 5101 silentio
2753 5062 3004 5116 superior
3047 5060 3218 5099 canon
3269 5051 3501 5103 texerat,

1954 5137 2042 5190 hic
2072 5138 2124 5191 in
2164 5147 2408 5205 apertum
2452 5137 2693 5206 protulit.
2719 5137 2777 5191 id
2808 5146 2989 5189 autem
3039 5143 3159 5188 erat
3203 5131 3507 5200 ejusmodi;

1956 5223 2011 5276 Si
2054 5225 2185 5278 nolit
2229 5225 2515 5294 episcopus
2540 5226 2589 5279 ei
2644 5225 3041 5280 communicare
3067 5261 3082 5289 ,
3136 5237 3294 5290 quem
3353 5221 3506 5289 quasi

1952 5315 2178 5369 crimina
2240 5316 2339 5383 ipsi
2385 5318 2691 5372 confessum
2721 5316 3044 5384 segregavit,
3077 5314 3206 5384 quid
3244 5313 3368 5368 huic
3406 5311 3507 5379 ipsi

1950 5407 2205 5472 episcopo
2236 5405 2372 5458 {loti
2407 5407 2712 5474 Respondet
2764 5405 2950 5474 igitur,
2989 5405 3132 5476 quod
3179 5404 3225 5458 si
3273 5405 3504 5471 aliquem

1951 5497 2141 5564 injuria
2175 5500 2501 5568 segregavit,
2533 5498 2774 5568 quandiu
2825 5499 2896 5564 ei,
2926 5498 3018 5567 qui
3054 5507 3366 5565 segregatus
3396 5504 3501 5554 est,

1950 5589 2063 5655 ipse
2094 5603 2199 5640 non
2235 5591 2637 5656 communicat;
2671 5605 2771 5644 nec
2801 5589 2876 5643 illi
2909 5588 3156 5643 videlicet
3186 5587 3276 5654 qui
3312 5597 3503 5652 segre-

1948 5680 2094 5747 gavit
2138 5680 2228 5733 alii
2282 5681 2520 5750 episcopi
2593 5680 3114 5746 communicabunt;
3170 5690 3502 5745 causamque

1948 5781 2203 5840 praeterea
2259 5774 2562 5838 subnectit;
2594 5789 2660 5828 ne
2686 5773 2736 5828 in
2766 5774 3112 5827 accusatione
3167 5768 3498 5838 segregatio-

3121 5863 3188 5927 14
