4136 6448
693 388 786 452 ιιι
1927 379 2196 442 ῨΗΕΟΙ).
2233 377 2322 442 ΒΑ

1927 379 2196 442 ΤΗΕΟῘ).
2233 377 2625 443 BALSAMON

781 527 797 556 ε
850 505 992 560 nioni
1039 507 1316 559 restitutus
1347 509 1447 555 est.
1475 499 1688 554 Primus
1719 499 1863 554 enim
1888 499 2243 568 coepiscopus
2272 509 2317 564 Α

788 618 802 646 ε
849 605 1031 650 noster
1061 592 1308 648 Urbanus
1339 590 1528 656 Siccae,
1555 588 1809 659 quidquid
1833 597 1949 643 erat
1977 604 2005 640 a
2034 604 2093 643 se
2121 603 2246 644 cor-

783 705 800 734 ε
841 684 1138 750 rigendum,
1185 683 1302 735 sine
1355 680 1692 732 dubitatione
1727 679 1984 732 correxit.
2019 677 2084 730 Et
2122 678 2246 745 quia

774 799 789 825 ε
827 773 1209 828 ecclesiastica:
1241 771 1356 838 paci
1384 769 1616 837 etquieti
1638 808 1653 833 ,
1683 784 1789 821 non
1822 768 1994 822 solum
2027 769 2078 822 in
2109 784 2248 836 pre-

776 885 794 915 ι
826 880 971 928 sens,
1015 866 1105 917 sed
1139 865 1190 916 in
1216 861 1456 914 futurum
1493 862 1656 913 etiam
1697 870 1929 927 tempus,
1960 861 2248 927 providen-

773 979 790 1008 ι
828 959 950 1011 dum
981 967 1101 1021 est;
1129 955 1384 1024 quoniam
1437 953 1602 1005 multa
1646 951 1914 1019 ejusmodi
1947 965 2246 1019 praecesse~

778 1075 793 1101 ι
835 1062 976 1114 runt,
1008 1059 1119 1104 uta
1146 1049 1435 1112 similibus,
1481 1047 1562 1098 vel
1603 1046 1766 1099 etiam
1792 1045 2159 1114 gravioribus,
2194 1045 2247 1097 in

777 1165 793 1192 ε
836 1152 1105 1212 posterum
1138 1134 1460 1193 caveamus:
1492 1137 1714 1205 placuit,
1765 1146 1822 1189 ut
1878 1136 2117 1189 Siccensi
2150 1135 2248 1188 Ec-

778 1254 794 1282 ‹
835 1233 997 1286 elesia
1047 1241 1327 1285 moveatur
1371 1230 1654 1297 presbyter
1686 1227 1959 1296 Apiarius,
1992 1227 2041 1280 ei
2099 1225 2248 1278 scili-

785 1345 803 1376 ι
846 1337 930 1382 cet
977 1337 1191 1380 servato
1236 1326 1428 1392 gradus
1481 1323 1564 1376 sui
1595 1325 1826 1388 hortere;
1869 1331 1922 1374 et
1972 1321 2246 1387 accipiens

790 1437 805 1468 ε
851 1418 1144 1473 secundum
1178 1431 1414 1470 canones
1444 1414 1747 1481 epistolam,
1783 1413 2095 1478 ubicunque
2118 1409 2243 1462 alibi

784 1529 802 1559 ι
835 1510 1061 1563 voluerit
1097 1519 1148 1560 et
1187 1508 1439 1574 potuerit,
1477 1505 1775 1573 presbyteri
1825 1502 2055 1556 olliciutn
2088 1503 2248 1556 obeat

789 1621 804 1650 ε
840 1609 894 1653 et
934 1611 1084 1653 sacra
1145 1597 1398 1649 celebret.
1442 1595 1592 1660 Quod
1621 1593 1835 1661 quidem
1876 1593 1976 1659 ipsi
2005 1593 2243 1660 Apiario,

790 1711 806 1742 ε
851 1706 971 1744 cum
1003 1689 1054 1741 id
1085 1687 1316 1756 propriis
1345 1685 1542 1738 litteris
1583 1684 1882 1753 petivisset,
1911 1684 2114 1749 absque
2138 1681 2244 1734 ulla

794 1802 810 1833 ε
851 1780 1155 1835 diﬂicultate
1196 1775 1580 1831 concessimus.
1615 1776 1912 1843 Antequam
1951 1783 2128 1826 autem
2161 1769 2242 1824 vel

794 1892 810 1922 ι
847 1873 961 1940 ipsa
1017 1883 1179 1922 causa
1222 1868 1292 1920 ita
1325 1866 1590 1930 finiretur,
1623 1863 1762 1917 inter
1796 1865 1922 1927 alia,
1969 1875 2087 1929 qua:
2112 1859 2247 1913 assi-
2279 1877 2322 1933 Β

786 1981 804 2012 ε
846 1962 964 2015 duis
1015 1958 1494 2024 disceptationibus
1537 1952 2088 2021 versabatnus.671
2127 1965 2250 2004 cum

785 2073 802 2104 ι
846 2053 956 2121 ipsa
1016 2052 1151 2104 ratio
1209 2048 1523 2116 postularet,
1558 2055 1614 2098 ut
1658 2060 1685 2097 a
1713 2043 1973 2096 fratribus
2020 2040 2245 2105 nostris,

779 2162 798 2194 ι
835 2142 1088 2196 Faustino
1136 2139 1454 2205 coepiscopo
1490 2145 1696 2198 nostro,
1752 2143 1806 2188 et
1826 2135 2002 2188 Aseilo
2037 2145 2090 2187 et
2119 2132 2251 2186 Phi-

773 2253 790 2284 ι
827 2234 970 2301 lippo
1005 2229 1352 2300 presbyteris,
1388 2237 1712 2294 peteremus,
1759 2233 1816 2277 ut
1857 2221 2244 2278 ecclesiasticis

772 2343 788 2373 ι
823 2322 955 2375 actis
983 2321 1254 2381 atl'errcnt,
1311 2317 1355 2369 si
1403 2315 1526 2383 quid
1551 2317 1629 2366 eis
1683 2322 1824 2366 esset
1879 2312 2248 2374 commissum,

775 2432 794 2463 ‹
827 2414 966 2480 quod
1005 2426 1105 2463 una
1131 2409 1407 2462 nobiscum
1467 2415 1607 2458 eSset
1637 2404 1935 2472 agendum;
1997 2401 2250 2454 nonnulla

763 2524 778 2553 ε
810 2503 1028 2571 quidem
1101 2499 1216 2552 sine
1274 2497 1492 2563 scriptis
1557 2495 1738 2548 verbis
1789 2493 2058 2561 persecuti
2103 2499 2247 2545 sunt.

777 2609 795 2641 ι
829 2591 959 2644 Cum
999 2599 1173 2642 autem
1201 2601 1298 2640 nos
1314 2585 1739 2653 postulassemus
1755 2583 2248 2643 commonitorium,

772 2700 791 2733 ε
833 2681 973 2748 quod
1000 2682 1066 2732 ab
1096 2680 1174 2732 eis
1206 2678 1259 2730 in
1308 2675 1524 2743 scriptis
1587 2674 1976 2741 proferebatur,
2022 2673 2073 2725 id
2124 2685 2249 2740 pro-

774 2787 793 2821 ε
832 2771 1130 2830 duxerunt;
1160 2767 1304 2833 quod
1341 2781 1369 2816 ιι
1403 2764 1556 2818 nobis
1593 2752 1808 2826 lectum,
1842 2764 2250 2829 actlsprxterea

781 2877 798 2908 ε
837 2858 1099 2912 insertum
1155 2863 1257 2919 est,
1290 2870 1407 2922 qua:
1467 2855 1634 2906 etiam
1685 2855 1749 2906 ad
1784 2869 1876 2906 vos
1935 2869 2027 2920 per
2069 2868 2163 2906 eos
2196 2853 2248 2905 in

777 2970 798 3002 ν
834 2950 1113 3019 praesentia
1150 2945 1412 2998 teruntur.
1453 2942 1509 2997 ln
1537 2959 1642 3011 quo
1667 2953 1899 3011 quatuor
1930 2945 1996 2995 ab
2024 2944 2103 2996 eis
2150 2957 2244 2996 no-

772 3056 790 3090 ε
829 3038 1033 3090 biscum
1071 3038 1271 3102 agenda
1305 3033 1505 3086 inserta
1537 3043 1723 3094 erant;
1754 3048 1919 3085 unum
1958 3033 2025 3085 de
2066 3033 2251 3100 appel-

776 3147 794 3179 t
833 3128 1123 3182 latiOuibus
1152 3126 1529 3193 episcoporum
1562 3128 1625 3177 ad
1689 3125 1941 3178 llomante
1993 3125 2250 3178 Ecelesite

776 3239 792 3272 t
837 3221 1204 3282 sacerdotem;
1231 3218 1548 3282 secundum,
1581 3234 1645 3271 ne
1683 3219 1920 3286 episcopi
1950 3218 2017 3270 ad
2076 3197 2320 3271 COIlli-‘c

777 3329 794 3361 ι
825 3320 990 3362 latum
1017 3320 1219 3361 temere
1251 3311 1598 3375 navigarent;
1658 3309 1873 3360 tertium
1927 3318 2127 3369 autem,
2197 3317 2252 3358 ut

773 3419 791 3452 ι
825 3401 1256 3469 presbyterorum
1283 3409 1332 3452 el
1365 3400 1710 3452 tliacouorum
1739 3414 1914 3452 causae
1944 3413 1973 3449 a
2013 3397 2253 3449 ﬁnitimis

772 3513 791 3544 ε
824 3494 1087 3560 episcopis
1113 3490 1565 3552 exatniuarentur,
1622 3490 1665 3544 si
1707 3505 1735 3541 ιι
1792 3489 2024 3557 propriis
2054 3497 2254 3540 temere

779 3600 796 3631 ε
835 3581 1220 3634 communione
1251 3580 1380 3632 moti
1450 3579 1687 3632 fuerint:
1720 3587 1972 3646 quartum
2033 3577 2099 3629 de
2154 3572 2256 3628 Ur-

775 3690 790 3721 I
827 3671 1233 3739 banoepiscopo
1297 3669 1834 3733 exeommnnicando,
1885 3667 1970 3721 vel
2028 3665 2251 3719 Romam

782 3775 799 3807 ε
836 3758 1071 3819 citaudo,
1119 3757 1221 3809 nisi
1283 3771 1401 3824 quae
1450 3756 1645 3822 corrigi
1701 3764 1932 3822 oportet,
1996 3762 2249 3822 corrigat.

774 3866 793 3898 ε
831 3848 905 3901 Ex
931 3847 1126 3916 quibus
1165 3846 1413 3899 omnibus
1448 3846 1512 3898 de
1547 3845 1718 3911 primo
1739 3855 1791 3897 et
1832 3843 2016 3905 tertio,
2065 3844 2114 3894 id
2149 3851 2251 3901 est,

780 3957 798 3990 ε
829 3947 884 3991 ιιι
934 3938 1093 3991 liceat
1133 3937 1402 4005 episcopis
1457 3935 1676 3986 Romam
1728 3935 2021 4002 appellare,
2082 3944 2138 3986 et
2196 3940 2252 3983 ιιι

784 4045 801 4080 ι
831 4041 1006 4081 causa:
1055 4026 1372 4080 clericorum
1432 4027 1498 4078 ab
1553 4025 1789 4092 ipsarum
1839 4024 2248 4092 provinciarum

787 4116 1098 4185 tepiscopis
1157 4115 1430 4175 liniantur,
1491 4127 1634 4166 anno
1681 4113 2013 4180 przeeedente
2056 4111 2251 4164 nostris

789 4229 805 4261 ε
849 4221 1062 4277 quoque
1123 4205 1316 4258 litteris
1371 4203 1549 4256 eidem
1605 4201 1924 4256 venerandae
1978 4202 2251 4254 memoriae

777 4321 793 4352 t
827 4299 1040 4353 Zosimo
1058 4297 1310 4363 episeopo
1329 4296 1466 4347 datis
1484 4297 1768 4349 ostendere
1781 4294 2168 4358 studuimusmt
2189 4308 2250 4346 ea

778 4411 795 4443 ι
829 4390 942 4444 sine
967 4388 1068 4439 ulla
1097 4388 1236 4440 illius
1263 4385 1454 4451 injuria
1485 4385 1868 4452 aliquantisper
1889 4398 2248 4446 servaremus,

780 4500 797 4534 t
835 4483 1003 4534 donec
1033 4478 1262 4531 Nicena:
1287 4477 1474 4544 synodi
1531 4479 1864 4528 decreturum
1922 4475 2059 4526 facta
2107 4486 2251 4528 esset
2290 4513 2330 4566 ο

779 4591 797 4624 ι
825 4571 1120 4639 inquisitio.
1151 4568 1214 4620 Et
1246 4583 1438 4621 notion
1466 4575 1556 4618 tua
1594 4568 1881 4618 sanctitate
1906 4567 2158 4630 petimus,
2195 4577 2252 4618 ut

778 4681 796 4716 ι
825 4661 1092 4730 quomodo
1129 4674 1189 4713 ea
1218 4675 1244 4710 a
1276 4658 1521 4710 Patribus
1560 4655 1748 4708 Nicaeae
1797 4659 1937 4708 facta
1966 4666 2113 4718 sunt,
2169 4671 2249 4709 SlC

781 4770 800 4802 ι
837 4767 896 4805 ea
929 4767 958 4803 a
986 4749 1138 4802 nobis
1167 4749 1466 4808 servari,et
1499 4747 1607 4799 illic
1651 4750 1787 4811 apud
1828 4761 1920 4798 vos
1971 4761 2089 4813 quae
2126 4755 2252 4800 sunt

786 4859 803 4891 ε
838 4841 888 4893 ἱιι
923 4842 1036 4908 ipso
1069 4839 1478 4891 comtnouitorio
1530 4837 1698 4902 posita
1740 4838 1978 4887 exerceri
2036 4835 2204 4888 facias
2236 4853 2250 4890 ε

788 4951 804 4983 ι
832 4932 930 4984 hoc
971 4939 1074 4992 est,
1134 4939 1191 4980 ut
1244 4927 1289 4980 si
1339 4926 1618 4994 episcopus
1645 4935 1926 4977 accusatus
1980 4927 2164 4988 fuerit,
2199 4935 2254 4978 et

776 5040 794 5072 ε
831 5018 1135 5087 Congregati
1174 5018 1407 5085 ejusdem
1431 5019 1718 5084 provinciae
1745 5019 1980 5083 «ἐριδαιβί
2018 5034 2136 5070 ettnt
2167 5017 2253 5083 ju-

784 5127 801 5159 ι
835 5111 1150 5169 dieanerint,
1183 5116 1235 5158 et
1263 5121 1291 5158 e
1324 5122 1420 5158 suo
1444 5109 1608 5171 gradu
1642 5108 2007 5169 depOsuerint,
2040 5110 2252 5172 quando

775 5217 791 5248 ε
828 5197 1094 5265 appellare
1134 5198 1298 5248 visum
1334 5194 1512 5259 fuerit,
1546 5208 1596 5245 et
1627 5197 1691 5246 ad
1735 5199 2102 5248 beatiSsitnttm
2141 5195 2250 5249 lio-

776 5304 793 5337 ι
827 5301 994 5340 ιιιιιιιεε
1026 5285 1277 5336 Ecclesrce
1299 5289 1599 5351 epismpum
1649 5285 1993 5349 confugerit;
2047 5287 2088 5337 si
2126 5302 2246 5338 eum

782 5399 798 5429 ι
842 5393 959 5433 esse
989 5379 1308 5431 audiendum
1337 5379 1626 5441 censuerit,
1653 5378 1963 5445 justumth
1999 5393 2118 5432 esse
2156 5381 2251 5431 du-

781 5487 798 5518 ι
837 5469 994 5534 xerit,
1022 5479 1076 5520 ιιι
1103 5479 1384 5520 renovetur
1422 5470 1704 5535 judicium,
1752 5469 1994 5522 ﬁnitimis
2042 5471 2251 5535 episco-

787 5581 805 5610 ε
843 5561 942 5627 pis,
967 5569 1020 5612 et
1050 5561 1100 5611 in
1135 5561 1430 5626 propinqua
1467 5560 1736 5624 provincia
1775 5560 2078 5612 eonStitutis
2115 5559 2250 5611 scri-

783 5669 800 5700 t
841 5649 961 5701 bere
986 5650 1254 5715 dignetur,
1276 5658 1331 5700 ιιι
1365 5650 1459 5715 ipsi
1479 5651 1652 5700 Utttttiat
1679 5649 2250 5717 diligetttcrittquiranl

782 5758 811 5790 ε-
841 5751 893 5795 et
923 5756 987 5796 ex
1019 5740 1274 5795 veritatis.
1296 5739 1398 5796 [ide
1433 5740 1640 5794 ﬁniant.
1680 5738 1774 5796 Sin
1803 5749 1981 5796 autem
2042 5740 2108 5810 is,
2153 5739 2247 5810 qui

3801 382 3905 452 ωε

2423 517 2441 550 ι
2489 498 2669 563 τονίας
2715 498 2808 553 καὶ
2841 498 2939 568 τῆς
2965 499 3362 570 ἁκοινωνησίας
3400 501 3492 556 καὶ
3539 503 3905 572 προκλήσεως

2422 611 2440 644 ι
2488 597 2694 663 ἀνεφύη
2718 595 2778 647 οὐ
2805 596 2962 662 μόνον
2981 597 3046 665 τῇ
3067 597 3122 646 ἐν
3151 595 3304 667 Σίκη,
3330 597 3464 650 ἀλλὰ
3488 598 3584 650 καὶ
3601 601 3666 667 τῇ
3688 599 3747 650 ὲν
3763 598 3906 669 πάσῃ

2425 704 2442 734 ι
2491 687 2556 753 τῇ
2589 685 2818 753 ’Δφρικῇ
2854 685 3118 755 ἐκκλησίᾳ
3144 687 3203 736 οὑ
3236 689 3428 756 μικρὸν
3457 688 3752 740 σκάνδαλον
3779 694 3905 756 περὶ

2424 795 2441 826 ι
2491 778 2707 828 πάντων
2753 768 2828 827 ὧν
2858 775 3136 845 ἁπλανήθη
3196 777 3525 846 συγγνώμην
3555 780 3809 846 αἰτήσας,
3835 781 3900 847 τῇ

2424 885 2442 917 t
2492 867 2744 936 κοινωνίᾳ
2808 855 3176 934 ἀποκατέστη.
3223 868 3444 938 Πρῶτος
3492 869 3601 937 γὰρ
3631 870 3659 919 ὁ
3689 869 3908 922 συνεπί-

2426 979 2442 1010 t
2493 975 2688 1020 σκοπος
2725 959 2875 1027 ἡμῶν
2909 958 3180 1027 Οὐρϐανὺς
3209 960 3236 1010 ό
3267 960 3365 1028 τῆς
3398 962 3586 1030 Σίκης.
3615 957 3820 1030 ὅσονῆν
3850 963 3909 1013 ἐν

2425 1068 2442 1100 ι
2487 1049 2633 1118 αὺτῷ
2690 1050 3042 1118 διορθωτέον,
3108 1052 3490 1120 ἀναμφιϐόλως
3536 1053 3907 1122 διωρθώσατο.

2416 1159 2433 1191 ε
2480 1141 2696 1210 Ἐπειδὴ
2726 1141 2778 1193 δὲ
2802 1143 2893 1210 τῆς
2920 1143 3373 1213 ἐκκλησιαστικῆς
3394 1147 3617 1215 εἰρήνης
3651 1147 3746 1198 καὶ
3779 1148 3907 1214 ησυ-

2424 1251 2440 1282 t
2485 1233 2606 1301 χίας
2660 1234 2719 1285 οὑ
2768 1234 2928 1302 μόνον
2977 1233 3112 1300 πρὸς
3137 1236 3196 1286 τὸ
3219 1235 3412 1304 παρὸν.
3435 1236 3571 1288 ἀλλὰ
3601 1237 3694 1290 καὶ
3729 1239 3812 1298 είς
3849 1237 3911 1286 τὸ

2420 1343 2436 1374 ι
2483 1324 2608 1392 ἑξῆς
2643 1324 2748 1376 ἔδει
2805 1326 3060 1393 πρόνοιαν
3089 1328 3438 1395 ποιήσασθαι,
3490 1327 3572 1378 ὅτι
3601 1327 3772 1377 πολλὰ
3802 1345 3911 1379 τοι.

2431 1434 2448 1467 ε
2495 1415 2631 1468 αὔτα
2654 1417 3054 1485 προηγήσαντο,
3085 1418 3230 1476 ὅπως
3255 1418 3361 1470 ἀπὸ
3387 1419 3492 1469 τῶν
3515 1419 3713 1484 ὁμοίωι
3750 1419 3783 1486 ἢ
3818 1418 3914 1468 καὶ

2421 1523 2439 1556 ι
2480 1505 2789 1574 βαρυτέρων
2805 1508 2910 1559 τῶν
2931 1507 3064 1576 μετὰ
3081 1507 3246 1560 ταῦτα
3264 1507 3911 1576 προσφυλαξώμεθανῆρε.

2424 1614 2441 1649 t
2490 1613 2578 1648 σεν
2595 1599 2744 1666 ἡμῖν,
2764 1599 2922 1650 ἴναὲκ
2949 1600 3042 1666 τῆς
3057 1601 3111 1650 ὲν
3141 1599 3273 1671 Σίκῃ
3298 1598 3618 1667 Ἐκκλησίας
3642 1600 3914 1665 ἁποκινηο

2427 1705 2445 1738 ε
2492 1687 2557 1757 θῇ
2599 1691 2623 1740 ό
2648 1690 3009 1758 πρεσϐύτερος
3028 1691 3744 1758 Ἀπιάριος,φυλαττομένης
3767 1687 3914 1758 αὐτῷ

2423 1797 2438 1828 ι
2482 1778 2720 1846 δηλονότι
2749 1780 2843 1844 τῆς
2873 1781 3036 1848 τιμῆς
3067 1781 3159 1834 τοῦ
3186 1783 3396 1851 βαθμοῦ
3429 1776 3626 1834 αὐτοῦ’
3649 1785 3744 1834 καὶ
3772 1782 3913 1848 λαμ·

2427 1885 2444 1918 ε
2491 1866 2669 1956 δείνων
2701 1869 2839 1920 κατὰ
2896 1870 3019 1931 τοὺς
3065 1873 3293 1932 κανόνας
3337 1870 3644 1938 επιστολὴν,
3678 1870 3913 1938 ὁπουδή-

2431 1977 2448 2010 t
2493 1976 2619 2010 ποτε
2644 1959 2874 2028 ἀλλαχοῦ
2902 1959 3184 2031 βουληθείη
3221 1963 3314 2014 καὶ
3340 1963 3613 2030 δυνηθείη,
3635 1962 3714 2030 τῷ
3739 1961 3913 2027 καθή-

2427 2069 2444 2101 t
2491 2067 2636 2102 κοντι
2671 2051 2762 2103 τοῦ
2792 2051 3184 2120 πρεσϐυτερίου
3214 2053 3596 2121 λειτουργήσῃ.
3627 2054 3808 2121 Ὅπερ
3834 2050 3914 2119 τῷ

2427 2157 2445 2190 ε
2489 2139 2636 2209 αὐτῷ
2695 2142 2962 2209 ’Δπιαρίῳ
3031 2141 3098 2193 δι’
3151 2144 3369 2195 οίκείων
3428 2143 3777 2211 γραμμάτων
3837 2143 3914 2192 αἱ.

2426 2248 2445 2280 (
2489 2233 2713 2300 τησαντι
2759 2235 2924 2301 χωρίς
2959 2250 3104 2295 τινος
3149 2233 3470 2301 δυσχερείας
3537 2235 3910 2304 συνεχωρήσαυ

2425 2341 2445 2373 ε
2493 2339 2613 2390 μεν.
2682 2325 2793 2393 Πρὸ
2843 2325 2944 2376 ’τοῦ
3000 2325 3054 2376 δὲ
3095 2325 3125 2394 ἢ
3172 2327 3318 2377 αἰτία
3372 2326 3508 2389 αὕτη
3558 2326 3635 2393 τῷ
3686 2327 3912 2394 τοιούτῳ

2427 2433 2445 2466 ε
2494 2416 2688 2485 πέρατι
2749 2416 3046 2484 παραδοθῇ,
3112 2417 3312 2484 μεταξὺ
3345 2417 3450 2470 τῶν
3515 2416 3712 2479 ἄλλων,
3752 2417 3916 2469 ἅτινα

2427 2522 2445 2554 t
2489 2504 2758 2572 διηνεκέσι
2799 2505 3151 2568 διαγνώσεσιν
3213 2507 3617 2575 ἀνεστρέφομεν
3649 2547 3664 2569 ,
3742 2505 3914 2558 αὐτοῦ

2425 2611 2442 2643 t
2487 2593 2578 2644 τοῦ
2641 2593 2798 2660 λόγου
2849 2595 3269 2662 ἁπιιτήσαντος,
3316 2595 3455 2647 ὥστε
3517 2599 3630 2659 τοῖς
3712 2598 3916 2665 ἐκκλη-

2429 2703 2445 2736 ι
2489 2686 2780 2744 σιαστικοτς
2809 2688 3205 2753 πεπραγμένοι,
3265 2686 3496 2755 ζητῆσαι
3555 2689 3701 2756 ημᾶς
3764 2692 3917 2755 παρὰ

2427 2793 2443 2824 ι
2488 2775 2596 2826 τῶν
2655 2775 2896 2841 ἀδελφῶν
2960 2777 3116 2843 ἡμῶν
3185 2777 3480 2829 Φαυστίνου
3539 2778 3634 2830 τοῦ
3695 2796 3916 2832 συνεπι-

2427 2883 2443 2915 t
2486 2865 2707 2927 σκόπου,
2763 2866 2854 2917 καὶ
2907 2866 3168 2917 Φιλίππου
3216 2865 3308 2918 καὶ
3364 2867 3611 2923 Ἀσὲ).λου
3644 2869 3751 2920 τῶν
3777 2867 3917 2938 συμ-

2986 2958 3074 3011 ῐνα
3139 2960 3545 3026 προενέγκωσινν
3603 2960 3659 3014 ετ
3713 2972 3765 3012 τι
3823 2961 3917 3031 δή-

2431 3065 2448 3097 t
2489 3064 2614 3099 ποτε
2646 3045 2713 3118 ἦν
2754 3051 2933 3112 αὐτοῖς
2967 3052 3079 3119 ἅμα
3113 3050 3241 3119 ἡμῖν
3287 3054 3557 3120 πρακτέον
3589 3051 3917 3125 ἑπιτραπὲν,

2431 3156 2448 3187 ι
2495 3137 2615 3190 τινὰ
2651 3139 2748 3208 μὲν
2777 3142 3040 3208 ἀγράφως
3086 3143 3172 3195 διὰ
3215 3142 3387 3207 λόγων
3425 3143 3917 3214 ἐπεξειργάσαντο·

2435 3247 2453 3279 ι
2496 3230 2652 3297 ἡμῶν
2696 3230 2751 3282 δὲ
2817 3234 3235 3300 ἁπαιτησάντων
3278 3235 3417 3304 ὅπερ
3465 3237 3798 3304 ἐπεφέροντο
3827 3237 3918 3302 εγ-

2434 3338 2451 3369 ι
2489 3337 2698 3388 γραφον
2728 3327 3162 3392 κομμονιτόριον,
3195 3326 3350 3378 τοῦτο
3385 3331 3719 3396 προήγαγον·
3753 3330 3917 3399 ὅπερ,

2434 3429 2450 3460 ι
2493 3412 2843 3476 ἀναγνωσθὲν
2894 3414 3020 3483 παρ’
3090 3416 3282 3484 ἡμῶν,
3336 3419 3442 3479 τοῖς
3501 3422 3916 3485 πεπραγμένοις

2430 3515 2448 3548 ε
2486 3500 2567 3550 ἔτι
2596 3501 2702 3570 μὴν
2733 3503 2987 3572 ενετάγη,
3010 3505 3119 3564 τοῖς
3153 3507 3243 3556 καὶ
3279 3507 3413 3572 πρὸς
3457 3507 3601 3573 ὑμᾶς
3631 3507 3699 3559 δι’
3730 3510 3917 3561 αὐτῶν

2433 3609 2450 3638 ι
2492 3589 2584 3641 ἐπὶ
2617 3589 2709 3642 ιοῦ
2761 3591 3028 3653 παρόντος
3087 3593 3428 3663 φερομένοις.
3485 3595 3572 3646 Ἐν
3598 3590 3642 3662 ᾧ
3669 3597 3917 3666 τέσσαρα

2432 3700 2450 3732 ι
2493 3682 2670 3742 αὐτοῖς
2697 3698 2816 3733 τινα
2843 3682 2958 3749 ἅμα
2989 3683 3118 3749 ἡμῖν
3163 3685 3412 3752 πρακτέα
3462 3686 3822 3756 ινετάγησαψ
3856 3689 3918 3742 ιν

2433 3790 2450 3822 ι
2495 3772 2619 3840 περὶ
2678 3771 2954 3836 ἐγκλήιτων
2989 3773 3304 3824 επισκόπων
3332 3775 3464 3843 πρὸς
3510 3776 3602 3827 τὸν
3634 3779 3735 3846 τῆς
3787 3780 3916 3831 Ῥω-

2434 3879 2452 3911 t
2494 3860 2664 3928 μαίων
2709 3859 3030 3927 Ἐκκλησίας
3081 3861 3228 3929 ἱερέα
3253 3879 3268 3892 ·
3320 3862 3572 3934 δεύτερον
3603 3867 3691 3918 ἴνα
3725 3871 3821 3922 ἐπὶ
3852 3871 3917 3922 τὸ

2433 3970 2451 4002 ι
2494 3951 2782 4019 κομιτᾶτον
2813 3950 3125 4011 ἐπίσκοποι,
3153 3951 3227 4014 ὡς
3261 3951 3440 4021 ἔτυχε,
3469 3953 3545 4024 μὴ
3574 3956 3911 4010 πλεύσωσινο

2434 4058 2452 4091 ε
2491 4041 2669 4109 τρίτον
2719 4039 2966 4108 περὶτοῦ
3007 4042 3102 4101 τὰς
3135 4043 3312 4105 αἰτίας
3366 4043 3474 4096 τῶν
3526 4047 3916 4118 πρεσϐυτέρων

2434 4149 2452 4182 ε
2491 4132 2582 4184 καὶ
2647 4131 2905 4182 διακόνων
2954 4131 3230 4199 ζητεῖσθαι
3299 4134 3450 4203 παρὰ
3509 4138 3621 4198 τοῖς
3690 4140 3916 4208 ὁμόροις

2433 4237 2451 4270 ε
2496 4221 2832 4284 ἐπισκόποις,
2887 4219 2979 4271 ἐὰν
3033 4222 3096 4272 ἑκ
3131 4221 3238 4273 τῶν
3274 4223 3419 4276 ίδίων
3478 4225 3584 4277 ἀπὸ
3621 4231 3912 4293 κοινωνίας

2431 4328 2449 4360 ι
2497 4311 2779 4377 προπετῶς
2823 4309 3101 4376 γένωνται·
3133 4311 3412 4379 τέταρτον,
3443 4315 3571 4383 περὶ
3625 4316 3912 4383 Οὐρϐανοῦ

2432 4419 2450 4450 ε
2486 4400 2581 4452 τοῦ
2619 4400 2920 4452 ἑπισκόπου
2981 4401 3469 4470 ἀποκοινωνητίου,
3511 4405 3542 4473 ἢ
3577 4405 3655 4456 ἔτι
3710 4409 3816 4476 μὴν
3853 4411 3914 4461 ὲν

2429 4508 2447 4540 ε
2505 4488 2686 4558 Ῥώμῃ
2720 4490 2965 4558 κλητέον,
3013 4491 3060 4540 εί
3089 4490 3163 4558 μὴ
3204 4492 3269 4542 τὰ
3305 4491 3585 4558 ὀφείλοντα
3614 4495 3915 4568 διορθωθῆ-

2432 4597 2451 4631 ε
2489 4596 2574 4631 ναι
2602 4578 2976 4646 διορθώσηται.
3011 4577 3100 4640 Ἐξ
3129 4572 3202 4630 ὧν
3238 4580 3454 4632 πάντων
3484 4584 3610 4650 περὶ
3639 4586 3732 4637 τοῦ
3759 4587 3914 4656 πρῶ-

2432 4686 2451 4718 ε
2487 4683 2580 4719 του
2629 4667 2718 4717 καὶ
2775 4663 2980 4733 τρίτου,
3029 4664 3173 4716 τοῦτ’
3220 4665 3388 4729 ἔστιν,
3446 4670 3532 4720 ἵνα
3562 4671 3770 4733 ἔξεστιν
3829 4680 3915 4738 εἰς

2426 2976 2444 3009 ε
2492 2958 2873 3026 πρεσϐυτέρων
2911 2998 2926 3022 ,

2435 4775 2452 4809 ι
2507 4754 2726 4823 Ῥώμην
2756 4757 2869 4815 τοῖς
2923 4755 3242 4817 ἐπισκόποις
3289 4757 3659 4823 ἐκκαλεῖσθαι,
3702 4766 3794 4815 καὶ
3826 4766 3914 4818 ὅτι

2432 4861 2450 4894 ι
2489 4844 2543 4894 ai
2570 4845 2672 4894 τῶν
2709 4841 2980 4910 κληρικῶν
3009 4844 3176 4892 αἰτίαι
3231 4845 3377 4910 παρὰ
3434 4849 3545 4906 τοῖς
3577 4849 3681 4899 τῶν
3739 4852 3912 4920 ιπαρο

2430 4951 2448 4984 ε
2491 4934 2618 5001 χιὼν
2660 4933 2837 4984 αὐτῶν
2904 4933 3228 4993 ἐπισκόποις
3287 4936 3651 5003 περατῶνται,
3711 4941 3810 5010 ἤδη
3855 4947 3912 4996 ἐν

2431 5041 2447 5073 ι
2487 5023 2561 5091 τῷ
2613 5021 2936 5090 προλαϐόντι
2999 5023 3226 5090 ἐνιαυτῷ
3275 5025 3596 5092 γράμμασιν
3658 5029 3738 5080 ἔτι
3801 5035 3911 5100 μὴν

2429 5129 2446 5162 ε
2492 5113 2781 5180 ἡμετέροις
2836 5111 3130 5176 πεμφθεῖσι
3165 5111 3243 5178 τῴ
3291 5113 3439 5180 αὑτῴ
3469 5113 3569 5181 τῆς
3596 5131 3908 5190 προσκυνη.

2427 5218 2444 5250 t
2491 5201 2587 5267 τῆς
2614 5203 2829 5268 μνήμης
2855 5199 3087 5267 Ζωσίμῳ
3129 5200 3204 5267 τῷ
3242 5202 3525 5270 επισνκόπῳ
3561 5207 3907 5260 ἐσπουδάσα-

2427 5309 2445 5340 ι
2493 5307 2590 5357 μεν
2636 5289 2947 5357 ἐμφανίσαι,
3007 5290 3089 5340 [va
3118 5290 3286 5342 ταῦτα
3320 5295 3487 5362 χωρίς
3524 5309 3639 5346 τινο
3695 5296 3905 5364 ὕϐρεως

2428 5399 2445 5429 ι
2484 5380 2645 5432 αυτοῦ
2676 5383 2806 5447 πρὸς
2834 5380 3010 5444 ὀλίγον
3054 5380 3394 5448 φυλάξωμεν,
3443 5384 3544 5444 ἕως
3573 5385 3632 5436 οὗ
3680 5387 3903 5457 ζήτησις

2427 5489 2444 5521 ι
2489 5471 2708 5536 γένηται
2739 5471 2844 5520 τῶν
2875 5471 3015 5538 ὅρων
3043 5475 3138 5538 τῆς
3191 5473 3248 5522 ἐν
3278 5471 3482 5542 Νικαίᾳ
3517 5477 3758 5531 συνόδου.
3797 5481 3902 5532 Καὶ

2428 5579 2445 5611 ‹
2485 5562 2576 5612 νῦν
2605 5561 2660 5610 δὲ
2689 5561 2796 5611 ἀπὸ
2830 5561 2926 5627 τῆς
2957 5561 3052 5628 σῆς
3097 5562 3392 5630 αἰτούμεθα
3427 5565 3756 5636 ἁγιωσύνης.
3793 5570 3902 5638 ἵνα,

2432 5669 2449 5702 ι
2499 5651 2555 5701 ὃν
2587 5652 2785 5720 τρόπον
2817 5650 2986 5703 ταῦτα
3031 5653 3174 5703 τὰνὲν
3205 5651 3406 5723 Νικαίᾳ
3437 5657 3543 5706 απὸ
3589 5659 3696 5711 τῶν
3734 5661 3905 5713 Πατέο

2427 5759 2444 5792 ι
2487 5759 2594 5811 ρων
2627 5742 3005 5812 ἐπράχθησαν,
3047 5741 3215 5806 οὓτως
3260 5745 3398 5799 αὐτὰ
3428 5747 3563 5812 παρ’
3603 5750 3761 5814 ἡμῶν
3802 5769 3904 5815 φυ-
