4136 6472
264 398 390 456 οιτῖ3

1251 405 1334 466 ΙΝ
1374 406 1538 468 CAN.
1569 401 1835 472 'CXXXV
1865 408 2073 474 CONC.
2097 411 2290 477 CART
2295 413 2470 477 HAG.
3407 425 3510 486 434

361 525 382 555 σ
427 507 696 577 λαχθῆναι
723 512 980 583 ποιήσῃς·
1038 514 1128 568 καὶ
1156 516 1342 570 αὐτόθι
1389 519 1521 590 παρ’
1552 521 1680 590 ὑμῖν
1703 523 1769 575 τά
1800 525 1858 576 ἐν
1887 531 1930 587 Α

1887 531 1930 587 Α
2039 541 2059 577 ι
2095 540 2316 581 causam
2374 525 2586 583 suam’a
2637 528 2902 599 principio
2957 529 3129 586 audiri
3181 538 3353 602 rogat,
3414 550 3511 589 sua

358 617 378 649 ι
417 597 496 668 τῷ
538 601 689 670 αύτῷ
729 605 960 672 κείμενα
1015 611 1424 680 κομμονιτορίῳ
1469 615 1850 683 γυμνασθῆναι

355 708 377 742 ι
423 694 677 763 ποιήσῃςο
711 695 856 748 τοῦτ’
893 696 1060 763 ἐστιν,
1113 701 1208 754 ἐάν
1258 702 1562 766 ἐπίσκοπος
1618 723 1852 776 κατηγο-

359 791 378 836 t
423 778 586 853 ρηθῇ.
614 787 707 839 καὶ
729 787 778 840 ei
826 790 1169 856 συνελθόντες
1201 795 1499 851 ἐπίσκοποι
1535 801 1636 870 τῆς
1679 800 1851 869 αὐτῆς

351 892 379 924 ε
418 874 691 945 ἐπαρχίας
751 879 1002 947 κρίνωσι,
1051 882 1151 936 καὶ
1187 886 1262 937 ’ἐκ
1314 888 1410 940 τοῦ
1443 889 1654 958 βαθμοῦ
1683 892 1849 946 αὑτοῦ

354 982 375 1016 ι
422 965 733 1021 καθέλωσιν
776 969 960 1032 αὑτὸν.
1020 973 1148 1027 δταν
1190 977 1315 1048 δόξῃ
1360 981 1731 1047 ἐκκαλεῖσθαι,
1756 985 1852 1037 καὶ

353 1072 377 1106 ε
415 1055 553 1125 πρὸς
573 1058 664 1110 τὸν
693 1061 1117 1130 μακαριώτατον
1143 1067 1244 1137 τῆς
1287 1068 1578 1139 Ῥωμαίων
1623 1075 1851 1144 Ἐκκλη-

354 1162 379 1198 ε
417 1146 540 1211 σίας
577 1149 882 1204 ἐπίσκοπον
936 1158 1252 1228 καταφύγῃ·
1300 1160 1395 1213 ἐάν
1444 1162 1628 1235 συνίδῃ
1687 1166 1849 1219 αὐτὸν

355 1251 379 1286 ι
419 1236 780 1307 ἀκουσθῆναι,
807 1241 903 1294 καὶ
927 1243 1140 1299 δίκαιον
1189 1246 1496 1319 λογίσηται,
1530 1253 1670 1308 ὥστε
1721 1257 1850 1309 ἀνα-

356 1344 376 1376 ι
413 1325 684 1397 νεωθῆναι
739 1330 842 1402 τὴν
884 1333 1088 1402 κρίσιν,
1133 1340 1342 1408 γράψαι
1393 1343 1712 1416 καταξιώσῃ
1733 1349 1850 1411 τοῖς

351 1438 373 1470 ι
416 1420 475 1472 ἐν
499 1423 562 1491 τῇ
593 1421 781 1492 ὁμόρῳ
825 1425 920 1478 καὶ
966 1427 1272 1502 ἐγγιζούσῃ
1301 1433 1540 1504 ἐπαρχίᾳ
1565 1437 1850 1492 καθεστῶ·

351 1529 373 1562 ι
417 1527 502 1564 σιν
553 1513 902 1579 ἐπισκόποις,
959 1517 1049 1571 ῖνα
1089 1521 1248 1574 αὐτοὶ
1313 1525 1493 1578 πάντα
1567 1528 1848 1598 ἐπιμελῶς

348 1619 372 1652 ε
415 1603 826 1673 ἀναζητήσωσι,
845 1607 942 1662 καὶ
965 1611 1108 1664 κατὰ
1127 1613 1230 1682 τὴν
1258 1614 1443 1668 πίστιν
1467 1617 1566 1686 τῆς
1591 1617 1850 1686 ἀληθείας

351 1712 372 1745 ι
416 1695 829 1765 περατιῖηωσιν,
907 1700 1036 1754 Ἐὰν
1071 1703 1130 1756 δέ
1177 1706 1274 1758 καὶ
1313 1709 1340 1760 ὀ
1382 1709 1719 1778 παρακαλῶν
1748 1714 1849 1782 τὴν

348 1805 388 1837 ε’
411 1786 592 1840 αἰτίαν
613 1789 778 1842 αὐτοῦ
798 1791 1004 1846 ἄνωθεν
1019 1795 1354 1865 ἀκουσθῆναι
1380 1798 1486 1871 ίδίᾳ
1503 1801 1677 1870 ἱκεσίᾳ
1696 1805 1850 1873 κινήο

363 1899 385 1930 ι
423 1897 490 1950 σῃ
522 1879 614 1933 τὸν
651 1880 970 1952 Ῥωμαϊκὸν
1000 1889 1321 1955 ἐπίσκοπον,
1349 1893 1435 1946 ῖνα
1464 1894 1529 1948 ἐκ
1553 1896 1647 1950 τοῦ
1680 1898 1844 1951 αὑτοῦ

356 1988 376 2019 ι
414 1968 653 2039 πλευροῦ
678 1974 1050 2046 πρεσϐύτερον
1084 1979 1466 2052 ἀποστείλῃ,ἐν
1502 1989 1567 2055 τῇ
1618 1987 1841 2058 ἐξουσίᾳ

352 2078 372 2110 ι
417 2059 562 2113 τοῦτ’
616 2061 742 2115 ἐστι
792 2065 887 2119 τοῦ
935 2068 1258 2133 ἐπισκόπου,
1313 2073 1365 2126 τί
1416 2075 1652 2148 βουληθῇ
1679 2079 1774 2132 καὶ
1795 2080 1850 2132 τί

351 2169 372 2203 ι
413 2152 598 2223 κρίνῃ.
622 2155 729 2208 Καὶ
752 2157 848 2209 ἐάν
869 2156 1174 2232 ψηφίσηται
1200 2168 1328 2228 τοὺς
1358 2167 1677 2235 ὀφείλοντας
1706 2172 1849 2238 μετά

345 2257 374 2289 ll
417 2241 526 2294 τῶν
563 2244 883 2299 ἐπισκόπων
921 2251 1200 2317 παρόντας
1237 2257 1442 2325 κρῖναι,
1487 2258 1707 2329 ἔχοντας
1747 2262 1850 2331 τὴν

355 2352 374 2385 ι
421 2335 707 2390 αύθεντίαν
742 2339 910 2393 αὑτοῦ
966 2343 1023 2410 ἐξ
1055 2338 1116 2399 οῦ
1149 2347 1564 2420 ἀπεστάλησαν,
1599 2354 1763 2406 ’ἔσται
1789 2352 1848 2409 ἐν

351 2442 371 2474 ι
421 2427 486 2494 τῇ
531 2427 712 2496 κρίσει
764 2430 953 2485 αὐτοῦ’
987 2435 1084 2487 ἐὰν
1131 2436 1188 2490 δὲ
1227 2441 1318 2492 καὶ
1347 2443 1616 2515 πιστεύσῃ
1657 2446 1849 2514 ἀρκεῖν

351 2531 372 2561 ι
414 2514 542 2576 τοὺς
608 2517 945 2583 ἐπισκόπους
997 2526 1135 2590 πρὸς
1180 2527 1242 2580 τὸ
1309 2514 1628 2600 περατῶσαι
1657 2535 1724 2587 τά
1752 2536 1847 2589 τοῦ

355 2621 374 2652 ι
431 2604 783 2697 πράγματος,
821 2612 1024 2684 ποιήσῃ
1054 2615 1191 2686 ὅπερ
1219 2618 1304 2688 τῷ
1351 2626 1645 2695 σοφωτάτῳ
1699 2627 1849 2697 αύτῷ

354 2709 374 2741 ι
415 2693 602 2765 συνίδῃ
639 2695 988 2768 βουλεύματι.
1029 2704 1264 2775 Ὁμοίως
1310 2711 1437 2780 περὶ
1464 2693 1850 2785 πρεσϐυτέρων

352 2802 374 2834 ι
427 2787 520 2838 καὶ
549 2787 832 2854 διακόνων,
864 2792 960 2845 ἐάν
981 2812 1064 2857 τις
1107 2797 1404 2863 ἐπίσκοπος
1454 2802 1689 2871 ὀργίλος,
1715 2805 1850 2875 ὅπερ

349 2893 374 2926 4
417 2870 562 2930 εἰναι
617 2878 719 2930 οὐκ
756 2879 981 2946 ὀφείλει,
1015 2885 1224 2954 ταχέως
1278 2887 1311 2956 ἢ
1368 2870 1614 2958 τραχέως
1653 2870 1848 2963 κινηθῂ

351 2983 375 3016 ε
418 2967 560 3019 κατά
624 2970 999 3041 πρεσϐυτέρου
1052 2975 1084 3046 ἢ
1143 2975 1393 3031 διακόνου
1440 2980 1594 3044 ίδίου,
1637 2985 1848 3037 καῖ’θε-

355 3075 376 3106 ι
422 3057 576 3125 λήσοι
613 3057 802 3111 τοῦτον
833 3061 897 3114 ἐκ
924 3062 1040 3130 «τῆς
1070 3065 1206 3127 ίδίας
1239 3069 1477 3137 ἐξορίσαι
1521 3072 1839 3142 ἐκκλησίσςθ

355 3166 374 3199 ι
422 3151 754 3220 προνοητέον
804 3151 976 3219 ἐστὶν,
1014 3154 1099 3208 ίνα
1157 3157 1231 3228 μὴ
1261 3160 1519 3226 ἀναιτίως
1550 3165 1847 3220 καταδικα-
1879 3197 1926 3258 α

353 3255 373 3286 ε
416 3236 516 3305 σθῇ
553 3239 587 3308 ἢ
639 3239 884 3314 ἀπολέσῃ
938 3241 1037 3313 τὴν
1088 3247 1393 3304 κοινωνίαν.
1449 3251 1566 3305 Καὶ
1614 3254 1784 3324 ἐχέτω
1823 3259 1853 3312 ὀ

350 3345 377 3381 σ
425 3327 712 3398 ἐκϐληθεὶς
736 3331 987 3396 ἐξουσίαν
1015 3337 1330 3405 προσελθεῖν
1387 3343 1500 3404 τοῖς
1565 3344 1849 3416 ὀμοροῦσι,

353 3438 373 3471 ι
415 3419 508 3472 καὶ
537 3421 568 3488 ή
599 3421 750 3476 αίτία
781 3425 943 3479 αὐτοῦ
977 3427 1239 3499 ἀκουσθῇ,
1285 3429 1385 3483 καὶ
1432 3431 1852 3507 ἐπιμελέστερον

357 3526 376 3558 ε
423 3506 656 3579 ζητηθῇ·
687 3512 768 3564 ὅτι
810 3514 912 3566 ούκ
949 3516 1155 3584 ὀφείλει
1184 3519 1586 3589 παρακαλοῦντι
1635 3506 1786 3594 αὐτῷ
1819 3529 1851 3598 η

349 3614 370 3645 ε
419 3596 685 3665 ἀκρόασις
714 3600 1038 3670 ἀρνηθῆναι*
1098 3604 1352 3669 κάκεῖνος
1382 3607 1439 3661 δέ
1474 3609 1502 3662 ὀ
1530 3596 1850 3678 ἐπίσκοπος,

350 3706 372 3738 ι
417 3689 506 3759 ὀῆ
554 3690 784 3755 δικαίως
843 3692 877 3762 ἢ
934 3693 1136 3759 ἀδίκως
1187 3697 1455 3765 ἐκϐαλὼν,
1514 3701 1854 3770 ἀνεξικάκως

354 3796 376 3829 ι
418 3780 782 3846 καταδέξηται
841 3785 909 3838 τά
957 3787 1052 3840 τοῦ
1107 3790 1438 3858 πράγματος
1473 3791 1849 3864 ἐξετασθῆναι,

349 3887 371 3920 ι
422 3869 564 3940 ῐναῆ
592 3874 812 3944 κυρωθῇ
845 3875 876 3945 ἢ
899 3876 1162 3949 διορθωθῇ
1197 3880 1228 3950 ἠ
1253 3882 1446 3952 γνώμη
1476 3885 1852 3943 αύτοῦ.Ταῦτα

350 3979 372 4014 ι
420 3961 664 4031 δηλονότι
695 3966 800 4027 ἕως
833 3968 929 4034 τῆς
952 3970 1258 4038 παρουσίας
1308 3972 1413 4025 τῶν
1470 3975 1850 4044 ἀληθεστάτων

347 4070 371 4104 ε
415 4052 697 4122 ἐξέμπλων
724 4057 823 4123 τῆς
875 4058 933 4112 ἐν
968 4058 1170 4131 Νικαίᾳ
1205 4064 1422 4118 συνόδου
1454 4069 1568 4130 τοῖς
1602 4086 1852 4140 πεπραγ-

346 4161 369 4194 ε
425 4144 607 4212 μένοις
677 4146 1064 4218 ἐνεϐλήθησαν·
1125 4153 1284 4207 ἅτινα
1340 4155 1436 4209 ἐάν
1465 4157 1598 4222 ἐκεῖ,
1640 4159 1699 4211 δν
1723 4161 1842 4230 τρό-

350 4251 372 4284 ε
420 4249 523 4286 πον
554 4239 614 4288 ἐν
643 4237 789 4305 αύτῷ
822 4238 899 4305 τῷ
927 4243 1330 4314 κομμονιτορίῳ
1376 4248 1715 4317 περιέχεται,
1771 4251 1849 4321 τῷ

345 4344 367 4375 σ
411 4327 545 4393 ἡμῖν
586 4327 673 4380 διὰ
723 4329 833 4380 τῶν
885 4332 1306 4387 ἀποσταλέντων
1361 4337 1603 4407 ἀδελφῶν
1658 4343 1722 4395 ἐκ
1749 4342 1850 4411 τῆς

348 4435 370 4467 ι
414 4417 785 4485 ἀποστολικῆς
811 4419 1083 4491 καθέδρας
1132 4424 1544 4493 ἐμφανισθέντι,
1593 4431 1688 4483 καὶ⁵
1715 4432 1848 4502 παρ’

1816 1851 1923 1911 LB

2029 617 2472 687 (supplicatione
2498 619 2798 675 Romanum
2819 621 3128 689 episcopum
3182 623 3432 688 moverit,
3454 635 3514 680 ut

2025 726 2044 760 ι
2080 722 2143 762 ex
2200 711 2420 778 proprio
2469 725 2568 765 suo
2619 711 2786 766 latere
2835 713 3226 782 presbyterium
3291 715 3509 780 mittat;

2030 815 2048 849 ι
2085 799 2189 852 erit
2221 798 2271 852 in
2327 809 2600 869 potestate
2648 802 2888 872 episcopi
2951 803 3080 872 quid
3114 805 3242 858 velit
3289 812 3344 859 et
3382 806 3514 874 quid

2020 907 2039 940 ι
2075 888 2304 958 iudicet.
2344 889 2406 945 Et
2435 891 2482 946 si
2532 894 2807 956 statuerit,
2853 894 3072 961 quinam
3129 894 3360 966 debeant
3391 911 3513 950 cum

2023 995 2043 1029 ι
2083 977 2353 1047 episcOpis
2404 989 2715 1047 ’prmsentes
2763 981 3038 1050 judicare,
3086 981 3348 1038 habentes
3396 984 3514 1053 ejus

2023 1084 2042 1117 ι
2078 1069 2456 1124 auctoritatem
2489 1085 2516 1123 a
2546 1087 2651 1140 quo
2687 1073 2834 1128 missi
2895 1082 3045 1137 sunt,
3136 1073 3250 1141 ejus
3314 1075 3516 1143 judicio

2028 1175 2048 1209 ι
2085 1155 2457 1226 relinquetur:
2518 1159 2602 1212 sln
2664 1171 2843 1214 autem
2911 1159 3207 1215 crediderit
3272 1160 3516 1214 sumcere

2026 1266 2045 1299 ι
2085 1249 2365 1319 episcopos
2384 1251 2449 1304 ad
2489 1250 2780 1307 ﬁniendum
2815 1254 3109 1322 negotium,
3173 1253 3337 1307 faciat
3372 1254 3518 1322 quod

2028 1354 2047 1388 ι
2078 1338 2485 1406 sapientissimo
2522 1354 2621 1394 suo
2654 1343 2892 1395 concilio
2916 1342 3086 1395 visum
3135 1341 3319 1396 fuerit.
3356 1342 3520 1396 Simi-

2025 1445 2042 1478 ι
2078 1426 2200 1481 liter
2225 1428 2288 1481 de
2328 1430 2662 1498 presbyteris
2691 1440 2745 1485 et
2773 1431 3020 1487 diaconls
3051 1449 3064 1495 ;
3120 1431 3175 1487 Si
3212 1433 3338 1502 quis
3397 1434 3516 1501 cpi-

2031 1534 2051 1568 ι
2083 1532 2275 1586 scopus
2307 1519 2780 1590 iracundus,'quod
2805 1538 2923 1577 esse
2945 1539 3048 1578 non
3073 1524 3256 1586 debet,
3273 1523 3521 1578 celeriter

2028 1625 2047 1659 ι
2086 1618 2178 1662 aut
2213 1624 2402 1679 aspere
2425 1615 2684 1666 adversus
2717 1618 3090 1683 presbyterum
3120 1615 3203 1669 vel
3232 1614 3517 1677 diaconum

2029 1716 2047 1750 ι
2080 1712 2237 1753 suum
2271 1711 2448 1756 motus
2481 1703 2663 1768 fuerit,
2720 1712 2774 1758 et
2827 1707 2959 1759 velit
3001 1720 3124 1760 eum
3181 1720 3268 1766 ex,
3295 1705 3516 1774 propria

2026 1807 2045 1840 ι
2088 1789 2329 1845 Ecclesia
2361 1807 2678 1862 segregare;
2709 1795 3100 1862 providendum
3144 1805 3250 1858 est,
3275 1811 3341 1849 ne
3398 1796 3518 1848 sine

2029 1901 2058 1930 ιι
2087 1895 2246 1935 causa
2282 1883 2696 1949 condemnetur,
2723 1884 2808 1938 vel
2837 1884 3027 1953 perdat
3048 1886 3514 1940 communionem.

2037 1992 2056 2023 ι
2087 1972 2154 2027 Ει
2177 1973 2223 2027 is
2244 1975 2336 2041 qui
2364 1974 2572 2042 eiectus
2596 1985 2702 2038 est,
2742 1984 3064 2042 potestatem
3114 1976 3312 2032 habeat
3365 1993 3523 2032 acce-

2030 2081 2048 2115 ι
2085 2063 2245 2118 dendi
2281 2066 2345 2118 ad
2380 2065 2662 2130 ﬁnitimos,
2692 2076 2747 2121 et
2775 2082 2935 2122 causa
2997 2069 3113 2133 ejus
3164 2068 3437 2132 audiatur,
3465 2079 3520 2124 et

2033 2175 2052 2208 ι
2096 2157 2409 2226 diligentius
2465 2161 2830 2223 examinetur,
2887 2161 3009 2230 quia
3073 2177 3180 2215 non
3254 2163 3417 2217 debet
3473 2165 3522 2218 ei

2037 2264 2056 2298 t
2087 2249 2301 2316 roganti
2337 2249 2594 2302 auxilium
2619 2251 2910 2319 denegari:
2953 2253 3041 2307 ille
3088 2265 3267 2306 autem
3313 2255 3524 2321 episco-

2031 2356 2050 2390 ι
2082 2352 2204 2405 pus,
2229 2339 2319 2408 qui
2358 2340 2630 2407 sivejuste
2665 2342 2996 2412 siveinjuste
3016 2343 3195 2413 eiecit,
3229 2345 3527 2399 toleranter

2030 2447 2049 2481 ι
2082 2429 2220 2484 feret
2251 2447 2362 2485 rem
2417 2432 2745 2498 examinari,
2788 2444 2843 2487 ut
2903 2434 2985 2488 vel
3037 2436 3397 2491 conﬁrmetur
3443 2438 3524 2491 vel

2036 2540 2055 2574 ι
2085 2523 2394 2592 corrigatur
2415 2525 2530 2592 eius
2557 2528 2850 2582 sententia.
2885 2526 3010 2581 Hac
3061 2528 3293 2594 scillcet,
3348 2546 3520 2599 usque

2032 2618 2149 2666 «ad
2228 2616 2572 2683 praesentiam
2644 2619 3053 2674 verissimorum
3129 2622 3518 2691 exemplarium

2030 2724 2047 2758 ι
2090 2707 2319 2762 Nicaeae
2335 2709 2545 2779 synodi,
2577 2711 2713 2764 actis
2745 2712 2950 2767 inserta
2982 2724 3138 2769 sunt:
3159 2730 3277 2782 quae
3303 2715 3519 2784 quidem

2027 2817 2043 2850 t
2077 2799 2120 2852 si
2151 2799 2283 2861 illic,
2315 2804 2662 2867 quomoda-in
2701 2803 2817 2870 ipso
2873 2806 3290 2860 commonitorio
3346 2808 3526 2861 conti-

2032 2906 2055 2939 ι
2089 2899 2265 2956 netur,
2297 2891 2442 2960 quod
2472 2893 2630 2947 nobis
2661 2908 2757 2963 per
2782 2894 2980 2951 fratres
3011 2911 3038 2950 a
3077 2901 3205 2952 sede
3224 2899 3537 2966 apostolica?

2038 2996 2057 3030 ι
2097 2979 2293 3036 missos
2339 2993 2622 3037 ostensum
2687 2995 2793 3050 est,
2851 2988 2993 3056 apud
3059 3002 3156 3042 vos
3204 3004 3416 3058 quoque
3472 2991 3525 3046 in

2031 3089 2048 3122 ι
2090 3072 2279 3128 eodem
2312 3076 2503 3131 ordine
2533 3076 2586 3130 in
2627 3076 2777 3132 ltalia
2834 3089 3146 3148 servantur,
3202 3096 3301 3137 nos
3328 3099 3524 3138 eorum

2038 3181 2054 3213 ι
2101 3178 2440 3234 nequaquam
2477 3168 2794 3223 meminisse
2819 3170 3088 3236 volumus,
3138 3173 3222 3228 vel
3275 3189 3380 3229 non
3415 3176 3529 3229 suf-

2037 3273 2054 3306 ι
2088 3253 2230 3308 ferre
2259 3258 2670 3322 contendimus;
2699 3259 2863 3329 672
2889 3263 2982 3316 sed
3034 3265 3332 3329 credimus,
3377 3268 3524 3334 quod

2031 3364 2050 3398 ι
2084 3346 2372 3416 adiuvante
2395 3347 2606 3403 Domini
2639 3353 2731 3405 Dei
2764 3354 2935 3407 nostri
2988 3356 3387 3423 misericordia,
3433 3367 3524 3410 tua

2029 3455 2048 3489 ι
2087 3439 2376 3492 sanctitate
2401 3438 2660 3494 Romana:
2685 3441 2945 3498 Ecclesiae
2978 3449 3322 3514 praesidente,
3377 3448 3522 3502 hunc

2031 3547 2050 3580 ι
2082 3529 2339 3598 deinceps
2368 3540 2566 3585 metum
2593 3548 2706 3587 non
2729 3537 3113 3604 suscipiemus.
3146 3537 3527 3593 Servabuntur

2020 3638 2048 3686 ι
2087 3630 2266 3673 autem
2311 3622 2473 3674 etiam
2510 3639 2645 3693 erga
2683 3641 2802 3691 nos,
2835 3642 2956 3696 quae
2983 3630 3141 3685 nobis
3192 3647 3407 3702 quoque
3444 3644 3523 3688 ta-

2027 3727 2048 3762 ι
2079 3712 2328 3766 centibus
2391 3717 2595 3770 servari
2648 3718 2846 3773 debent
2903 3722 3196 3778 dilectione
3236 3722 3519 3780 fraterna:

2025 3820 2044 3855 ι
2073 3816 2192 3869 quae
2216 3818 2314 3871 pro
2346 3807 2608 3873 sapientia
2653 3818 2707 3862 et
2751 3810 2982 3878 justitia,
3018 3827 3179 3881 quam
3231 3814 3325 3868 tibi
3375 3818 3522 3871 dedit

2032 3908 2050 3942 ι
2080 3890 2414 3954 Altissimus,
2451 3893 2564 3962 ipse
2593 3910 2810 3964 quoque
2839 3898 3010 3952 sentis
3033 3901 3236 3953 servari
3278 3901 3475 3955 debere
3504 3943 3520 3967 ,

2027 3983 2118 4036 «si
2161 3984 2302 4038 forte
2359 3983 2518 4039 aliter
2568 4001 2625 4040 se
2686 3985 2926 4041 habeant
2989 4003 3223 4044 canones
3291 3989 3522 4047 Nicaeum

2033 4090 2051 4125 ι
2094 4073 2311 4142 synodi.
2351 4073 2459 4128 Nos
2486 4076 2653 4143 enim,
2695 4077 2866 4144 quiin
2912 4079 3092 4148 plures
3148 4080 3315 4135 libros
3380 4083 3520 4137 inci-

2027 4182 2047 4216 ι
2087 4166 2298 4230 dimus,
2350 4182 2628 4234 nunquam
2681 4169 2906 4239 legimus
2933 4172 2986 4226 in
3047 4173 3200 4228 libris
3237 4174 3517 4239 Romanis,

2027 4273 2046 4306 ι
2087 4254 2139 4309 ἰη
2167 4257 2430 4326 synodum
2461 4256 3230 4328 Nicaenam,quetnadmodum
3285 4263 3336 4316 in
3385 4280 3521 4332 prsc-

2016 4363 2038 4398 ‹
2079 4347 2225 4402 dicto
2285 4350 2700 4404 commonitorio
2764 4351 2966 4405 istbinc
3027 4357 3336 4409 transmissi
3365 4366 3513 4411 sunt:

2019 4454 2041 4486 ε
2074 4447 2251 4491 tamen
2300 4440 2423 4508 quia
2455 4440 2542 4493 hic
2567 4441 2616 4493 in
2664 4442 2811 4495 nullo
2835 4443 2972 4498 libro
3026 4442 3218 4498 Grmco
3277 4448 3390 4500 baac
3432 4448 3518 4499 in-

348 4524 369 4559 ι
409 4505 542 4572 ὑμῖν
593 4509 660 4578 τῇ
715 4510 850 4580 αὐτῇ
893 4510 1042 4575 τάξει
1096 4514 1155 4566 ἐν
1206 4516 1408 4587 Ἰταλίᾳ
1468 4521 1846 4588 φυλάττονται,
1873 4549 1926 4608 D

1881 4549 1926 4608 υ
2027 4541 2046 4574 ι
2084 4525 2268 4580 venire
2317 4505 2633 4594 potuimus,
2692 4545 2754 4582 ex
2813 4530 3072 4586 Ecclesiis
3127 4534 3514 4598 Orientalibus,

351 4617 375 4649 ε
417 4597 670 4666 οὐδαμῶς
727 4604 821 4654 καὶ
877 4604 1040 4672 ἡμεῖς
1089 4606 1199 4659 τῶν
1245 4609 1502 4664 τοιούτων
1538 4616 1845 4685 μεμνῆσθαι

345 4709 368 4741 ‹
418 4688 742 4758 βουλόμεθα,
787 4691 947 4762 ῆούχ
990 4696 1285 4766 ὑποφέρειν
1326 4701 1677 4771 ἐπειγόμεθα,
1711 4708 1848 4763 ἀλλά

344 4799 369 4830 ι
413 4781 744 4848 πιστεύομεν
801 4783 881 4836 ὅτι
939 4784 1264 4854 βοηθοῦντος
1292 4791 1385 4844 τοῦ
1416 4793 1600 4859 ἐλέους
1641 4799 1846 4867 Κυρίου

346 4887 372 4919 α
414 4868 510 4921 τοῦ
545 4869 680 4923 Θεοῦ
715 4872 897 4940 ἡμῶν,
926 4876 1024 4943 τῆς
1059 4876 1159 4944 σῆς
1200 4880 1510 4950 ἁγιωσύνης
1565 4889 1846 4954 προεστώ-

349 4977 371 5008 σ
418 4975 518 5028 σης
565 4961 663 5028 τῆς
703 4961 1019 5033 Ῥωμαῖκῆς
1051 4967 1399 5039 Ἐκκλησίας,
1432 4974 1612 5027 οὐκέτι
1662 4977 1846 5030 λοιπὸν

348 5067 372 5100 ε
413 5049 801 5119 ὑπομείνωμεν
829 5054 918 5106 τὸν
945 5057 1107 5122 φόϐον
1149 5059 1358 5115 τοῦτον.
1399 5065 1713 5136 Φυλαχθῶσι
1784 5070 1842 5124 δὲ

350 5161 372 5193 ε
421 5142 552 5211 περὶ
592 5145 737 5213 ἡμᾶς
765 5146 920 5200 ἅτινα
951 5152 1047 5202 καὶ
1079 5150 1152 5220 μὴ
1175 5151 1478 5209 λαλούντων
1511 5159 1668 5228 ἡμῶν
1695 5161 1847 5228 ὀφει-

353 5252 375 5283 ι
411 5231 565 5287 λουσι
597 5234 941 5305 φυλαχθῆναι
993 5241 1256 5312 ἀδελφικῇ
1284 5245 1498 5323 ἀγάπῃ,
1527 5249 1670 5320 ἀπερ
1700 5252 1844 5305 κατά

351 5339 372 5371 ι
416 5320 518 5387 τὴν
559 5325 750 5390 σοφίαν
776 5327 872 5378 καὶ
901 5327 1275 5398 δικαιοσύνην,
1306 5335 1374 5404 ἦν
1427 5320 1510 5389 σοι
1534 5339 1561 5390 ό
1584 5339 1844 5408 ’Υψιστος

350 5430 372 5461 ι
417 5411 750 5482 ἐδωρήσατο,
783 5416 876 5468 καὶ
910 5418 1070 5480 αὐτὸς
1091 5420 1174 5473 ἔτι
1207 5424 1314 5494 μὴν
1347 5431 1577 5499 συνορᾷς
1607 5431 1842 5498 ὀφείλειν

351 5521 370 5552 ι
417 5503 778 5572 φυλαχθῆναι,
804 5509 898 5559 ἐάν
923 5510 1084 5577 τυχὸν
1116 5512 1346 5578 ἀλλοίως
1379 5518 1573 5586 ἔχωσιν
1607 5523 1657 5577 ei
1684 5522 1841 5574 κανό-

347 5611 369 5642 ι
421 5608 510 5655 νες
540 5593 640 5663 τῆς
665 5595 722 5647 ἐν
749 5595 952 5668 Νικαία
988 5601 1231 5656 συνόδου.
1297 5604 1487 5674 Ἡμεῖς
1527 5611 1634 5679 γὰρ
1692 5611 1838 5664 πλεί-

349 5703 368 5733 ι
415 5700 562 5746 στοις
599 5687 913 5756 ἐντυχόντες
947 5690 1191 5758 βιϐλίοις,
1225 5695 1462 5764 οὐδαμοῦ
1523 5699 1838 5773 ἀνέγνωμεν

349 5793 367 5823 ι
409 5777 488 5836 είς
517 5775 616 5845 τὴν
663 5777 721 5830 ἐν
753 5776 954 5852 Νικαίίι
1011 5782 1227 5839 σύνοδον
1282 5787 1339 5841 ὲν
1378 5789 1705 5859 Ῥωμαῖκοῖς
1759 5794 1835 5863 βι-

2019 4636 2037 4668 ι
2075 4617 2165 4672 ubi
2211 4619 2326 4689 ipsa
2386 4620 2607 4676 decreta
2670 4623 2981 4678 autbentica
3031 4625 3288 4680 dicuntur
3337 4629 3515 4682 adhuc

2025 4727 2043 4759 ι
2074 4724 2234 4776 posse
2267 4710 2519 4777 inveniri,
2559 4714 2624 4767 ad
2652 4727 2749 4767 nos
2783 4716 2870 4768 illa
2904 4716 3104 4771 deferri
3165 4717 3319 4773 valde
3372 4721 3517 4774 desi-

2023 4802 2349 4857 tderamus.
2413 4803 2597 4869 Quare
2665 4816 2811 4860 tuam
2875 4808 3036 4862 etiam
3105 4813 3511 4867 venerationem

2022 4908 2041 4942 ι
2083 4906 2352 4960 rcgamus,
2398 4903 2457 4946 ut
2497 4894 2609 4962 ipse
2661 4907 2924 4964 pmterea
2977 4899 3216 4954 scribere
3269 4903 3510 4970 digneris

2024 4999 2042 5032 ι
2078 4983 2142 5034 ad
2175 4983 2384 5035 illarum
2420 4987 2652 5050 partium
2700 4988 2990 5053 antistites,
3044 4990 3095 5044 id
3161 5003 3268 5057 est,
3324 4996 3515 5048 Antio-

2023 5091 2042 5124 ι
2075 5075 2293 5139 οιιοιιιε,
2350 5075 2729 5130 Alexandrina:
2783 5089 2838 5133 et
2882 5079 3512 5150 Constantinopolitanze

2012 5181 2030 5215 ι
2061 5163 2342 5228 Ecclesiae,
2373 5173 2428 5219 et
2455 5166 2520 5218 ad
2547 5165 2702 5231 alios,
2731 5168 2775 5222 si
2803 5171 3203 5225 tuaesanctitati
3241 5173 3507 5242 videatur,

2022 5274 2042 5306 ι
2075 5265 2134 5310 ιιι
2148 5255 2292 5311 illinc
2309 5258 2373 5309 ad
2391 5272 2489 5312 nos
2509 5257 2740 5313 Nicaeam
2759 5261 3221 5330 salictisgl’etribus
3233 5267 3510 5323 constituti

2020 5363 2038 5396 ι
2084 5361 2320 5401 canones
2366 5349 2687 5415 mittantur;
2723 5360 2776 5404 te
2827 5354 3098 5422 prmcipue
3152 5356 3253 5410 boc
3309 5357 3512 5410 benefi-

2025 5453 2043 5487 ι
2083 5436 2226 5489 cium
2303 5435 2732 5494 Occidentalibus
2785 5442 3036 5497 omnibus
3081 5443 3339 5500 Ecclesiis
3415 5446 3505 5507 Dei

2022 5541 2042 5573 ι
2083 5525 2285 5578 auxilio
2316 5526 2646 5583 conterente.
2677 5529 2814 5592 Quis
2866 5533 3007 5586 enim
3071 5535 3273 5590 dubitat
3324 5551 3510 5596 exent-

2023 5631 2041 5664 ι
2080 5615 2248 5682 plaria
2277 5618 2466 5685 synodi
2502 5617 2692 5673 Nicaea:
2715 5635 3053 5689 congregatae
3084 5628 3363 5680 verissima
3379 5641 3504 5682 essu

2019 5722 2037 5753 ι
2080 5707 2129 5757 in
2162 5704 2384 5770 Graecis,
2419 5722 2540 5775 qua:
2572 5724 2601 5762 a
2629 5719 2736 5764 tam
2791 5714 3024 5768 diversis
3082 5717 3213 5770 locis
3263 5729 3320 5772 et
3367 5718 3502 5771 insi-

2019 5812 2037 5844 ι
2075 5796 2265 5865 gnibus
2298 5797 2501 5855 Cra'cis
2555 5800 2808 5859 Ecclesiis
2868 5806 3151 5874 deportata
3207 5819 3260 5864 et
3305 5809 3505 5865 collata
