4136 6452
696 373 800 435 135

1920 374 2194 434 ΤΗΕΟῙ).
2236 373 2637 434 BALSAMON

3802 362 3902 427 436

744 502 760 532 ι
792 484 1169 536 consentiunt?
1233 482 1383 547 Quod
1422 483 1633 550 quidem
1687 482 1852 535 donec
1889 482 2087 535 factum
2114 481 2232 535 fue-

2413 500 2430 533 ι
2474 483 2664 545 ὀλίοις,
2692 481 2751 534 δν
2779 480 2978 549 τρόπον
3014 480 3072 531 tv
3125 476 3203 547 τῷ
3235 475 3587 547 προλεχθέντι
3636 492 3901 543 κομμονι-

748 592 764 619 ε
805 574 894 633 rit.
945 588 1064 639 qua:
1114 573 1163 624 ia
1227 572 1371 625 dicto
1407 571 1819 626 commonitorio
1871 572 2025 625 nobis
2067 571 2225 624 allata

748 682 763 711 ι
799 671 937 726 sunt,
981 664 1047 714 de
1076 661 1528 729 appellationibus
1578 662 1952 730 episcoporum
2002 663 2069 712 ad
2120 660 2229 715 Ro-

745 772 762 800 ε
801 767 969 804 mana:
995 752 1253 805 Ecclesiae
1283 753 1641 813 sacerdotem.
1672 762 1723 804 et
1754 752 1817 805 de
1867 753 2046 803 causis
2072 751 2231 804 cleri-

750 862 767 892 ι
806 858 1013 905 corum,
1046 858 1167 911 quae
1219 845 1413 896 debent
1461 859 1488 893 a
1550 858 1769 895 suarum
1825 843 2226 911 provinciarum

746 951 761 981 ι
797 932 1065 999 episcopis
1087 932 1251 993 ﬁniri,
1281 946 1378 984 nos
1402 932 1561 983 etiam
1582 938 1891 985 servaturos
1916 930 2233 997 profitemur

750 1042 767 1071 ε
812 1037 980 1090 usque
1015 1022 1079 1073 ad
1112 1023 1479 1088 probationem
1505 1039 1515 1073 :
1546 1032 1597 1074 et
1645 1030 1877 1073 vestram
1941 1020 2231 1072 beatitudi-

748 1130 764 1159 ι
809 1125 949 1172 nem,
980 1111 1085 1164 Deo
1114 1112 1344 1172 volente,
1372 1111 1525 1163 nobis
1548 1109 1613 1162 ad
1652 1112 1751 1163 hoc
1788 1110 2044 1163 auxilium
2095 1109 2231 1162 latu-

748 1221 765 1249 ‹
806 1215 915 1253 ram
945 1201 1287 1253 confidimus.
1339 1198 1563 1267 Reliqua
1590 1206 1787 1262 autem,
1814 1214 1931 1268 qua
1961 1198 2012 1251 in
2046 1211 2229 1252 nostra

747 1310 764 1338 ε
794 1289 999 1357 synodo
1030 1298 1146 1339 acta
1172 1297 1227 1340 ct
1256 1286 1572 1339 conﬁrmata
1608 1297 1752 1350 sunt,
1800 1286 1926 1354 quia
1984 1287 2229 1353 pra-dicti

747 1398 763 1427 ε
800 1378 998 1431 fratres
1041 1378 1210 1430 nostri
1262 1376 1554 1429 Faustinus
1597 1378 1968 1444 coepiscopns,
2027 1376 2225 1446 Philip-

750 1490 766 1519 ι
803 1486 898 1538 pus
930 1480 981 1523 et
1038 1469 1248 1522 Asellus
1276 1469 1598 1536 presbyteri,
1633 1483 1815 1521 secum
1876 1468 2148 1531 deferunt,
2188 1470 2231 1523 si

750 1579 766 1610 ι
797 1559 949 1611 vobis
978 1558 1151 1611 visunt
1203 1557 1389 1619 fuerit,
1455 1571 1515 1610 ea
1568 1566 1762 1609 vestrm
1786 1558 2065 1610 sanctitati
2110 1570 2231 1611 nota

745 1670 761 1699 ε
795 1650 1009 1703 facient.
1042 1649 1106 1702 Et
1132 1649 1568 1717 subscripserunt
1597 1665 1611 1713 ;
1667 1648 1926 1703 Dominus
1952 1661 2133 1704 noster
2182 1660 2235 1703 te

752 1760 767 1789 ι
802 1740 1032 1793 nobisin
1069 1739 1261 1792 multos
1313 1754 1486 1793 annos
1558 1749 1867 1802 conservet,
1922 1741 2234 1797 beatissime

2406 594 2425 624 ε
2462 574 2624 641 τορῖῳ
2676 572 2900 625 αὐτόθεν
2944 570 3347 639 ἀπεστάλησαν·
3387 570 3557 634 ὅμως,
3588 564 3781 641 ¹ἐπειδὴ
3812 567 3898 616 tv-

2408 684 2424 713 ε
2464 664 2634 717 ταῦθα
2664 664 2741 726 είς
2787 663 2937 715 οὐδὲν
2968 661 3172 731 βιϐλίον
3221 658 3455 729 Γραικὸν
3484 656 3655 710 ταῦτα
3708 655 3887 723 εόρεϊν

2413 774 2430 805 ι
2469 754 2833 823 ἠδυνήθημεν,
2878 755 2941 804 ἑκ
2989 752 3094 805 τῶν
3140 748 3495 804 ’Δνατολικῶν
3540 746 3892 813 Ἐκκλησιῶν,

2408 866 2423 896 ι
2469 845 2596 899 ἔνθα
2623 846 2873 912 λέγονται
2899 845 2966 897 τὰ
3001 845 3141 897 αὐτὰ
3186 843 3515 910 ψηφίσματα
3544 838 3801 893 δύνασθαι
3834 838 3896 891 τά

2412 954 2429 985 ι
2477 934 2769 988 αὑθεντικά
2820 935 2899 988 ἑτι
2952 935 3059 1001 μὴν
3105 932 3418 1001 εὑρεθῆναι,
3472 930 3603 1007 ἡμίν
3668 944 3896 994 προσεν-

2408 1043 2426 1075 ι
2481 1024 2700 1093 εχθῆναι
2730 1024 2899 1077 ταῦτα
2927 1022 3128 1091 μᾶλλον
3180 1019 3476 1087 ποθοῦμεν.
3522 1016 3613 1068 Διδ
3659 1017 3755 1069 καὶ
3802 1015 3896 1085 τὴν

2412 1135 2429 1166 ι
2479 1117 2574 1183 σὴν
2606 1116 3013 1184 σεϐασμιότητα
3042 1110 3416 1177 δυσωποῦμεν,
3449 1108 3537 1160 τνα
3563 1105 3765 1175 γράψαι
3806 1106 3900 1159 καὶ

2408 1226 2426 1256 ι
2472 1207 2631 1269 αὐτὸς
2661 1206 2741 1258 ἑτι
2776 1206 2881 1275 μὴν
2928 1203 3275 1273 καταειὼσῃς
3314 1199 3451 1268 πρὸς
3503 1200 3627 1259 τοὺς
3679 1197 3899 1249 ἑκείνων

2414 1314 2428 1345 ι
2473 1296 2576 1346 τῶν
2612 1296 2793 1364 μερῶν
2826 1297 3008 1363 ίερεῖς,
3054 1292 3197 1345 τοῦτ’
3246 1291 3389 1350 ἑστι.
3452 1289 3549 1355 τῆς
3607 1288 3664 1340 tv
3695 1286 3902 1339 Ἀντιο-

2420 1403 2436 1436 ι
2486 1386 2607 1455 χείᾳ
2654 1384 3002 1450 Ἐκκλησίας,
3054 1383 3148 1435 καὶ
3182 1382 3279 1448 τῆς
3334 1376 3753 1444 Ἀλεξανδρέων,
3813 1374 3904 1427 καὶ

2413 1493 2430 1524 ι
2472 1477 2566 1544 τῆς
2601 1478 2657 1528 tv
2688 1472 3281 1535 Κωνσταντινουπόλει,
3330 1472 3424 1523 καὶ
3478 1468 3659 1527 ἄλλοις
3685 1468 3765 1530 δὲ,
3799 1465 3897 1517 ἑὰν

2417 1584 2436 1616 r
2483 1569 2731 1635 παραστῇ
2767 1568 2832 1634 τῇ
2872 1568 2937 1633 σῇ
2964 1562 3263 1634 ἁγιωσύνῃ,
3323 1563 3470 1623 ὅπως
3503 1557 3721 1635 ἑκεῐθεν
3772 1558 3906 1624 πρὸς

2412 1676 2430 1708 ι
2471 1658 2615 1727 ἡμᾶς
2642 1634 2767 1709 oltv
2797 1656 3000 1726 Νικαίᾳ
3047 1656 3199 1724 παρὰ
3261 1654 3369 1706 τῶν
3431 1652 3605 1720 ἁγίων
3651 1634 3908 1715 Πατέρων

2413 1765 2430 1797 ι
2482 1748 2785 1814 όρισθέντες
2816 1748 3047 1801 ιλθωσιν
3084 1746 3329 1809 κανόνες,
3382 1742 3478 1796 σοῦ
3532 1742 3655 1795 κατ’
3693 1741 3907 1807 ἑξαίρε-

750 1854 766 1883 ι
806 1832 991 1885 frater.
1025 1831 1471 1897 Subscripserunt
1496 1846 1712 1898 quoque
1745 1831 1991 1899 Alypius.
2041 1833 2224 1901 Augu-

2414 1855 2431 1887 r
2479 1855 2567 1889 τον
2622 1837 2719 1906 τὴν
2763 1838 3082 1907 εὐεργεσίαν
3138 1836 3343 1901 ταύτην
3371 1834 3570 1895 πάσαις
3598 1834 3722 1893 ταῖς
3752 1832 3909 1882 Δοτι-

747 1941 764 1971 ι
792 1922 987 1986 stinus,
1014 1920 1309 1980 Possidius,
1342 1917 1599 1975 Marinus.
1626 1929 1677 1971 et
1699 1919 1877 1972 caeteri
1900 1920 2155 1987 episcopi.
2193 1939 2211 1971 ι

2409 1944 2425 1975 ι
2473 1928 2592 1986 καῖς
2634 1926 2977 1994 Ἐκκλησίαις
3009 1929 3075 1994 τῇ
3115 1924 3206 1977 τοῦ
3252 1924 3457 1995 Κυρίου
3508 1922 3729 1991 βοηθείᾳ
3793 1936 3911 1970 συν-

748 2034 765 2063 ε
814 2018 1146 2080 εισάγοντος.
1210 2012 1306 2068 Τίς
1369 2011 1477 2081 γὰρ
1564 2011 1890 2079 ἁμφιὸάλὶει
1940 2014 2006 2063 τὰ
2065 2013 2153 2066 ῐσα
2219 2015 2556 2084 ἀληθέστατα
2613 2012 2751 2071 εἶναι
2792 2020 2849 2070 ἑν
2914 2018 3167 2087 Γραικοῖς
3220 2019 3315 2083 τῆς
3378 2016 3433 2067 ἑν
3502 2012 3707 2081 Νικαίᾳ⁵
3780 2027 3908 2061 συν-

758 2123 777 2157 ε
820 2104 1200 2172 αθροισθείσης
1244 2102 1460 2154 συνόδου
1500 2102 1655 2155 άτινα
1689 2100 1795 2152 άπὸ
1824 2101 1992 2163 οὕτως
2047 2103 2316 2174 διαφόρων
2354 2108 2531 2159 τόπων
2589 2107 2683 2160 καὶ
2750 2108 3036 2177 ἐπισήμων
3102 2105 3353 2175 Γραικῶν
3406 2101 3711 2168 ἐκκλησιῶν
3737 2116 3909 2166 προσο

747 2217 762 2246 ι
810 2196 1099 2263 ενεχθέντα
1164 2196 1257 2248 καὶ
1314 2195 1675 2262 συγκριθέντα
1699 2195 2235 2268 όμονοοῦσιηὉπερ
2310 2200 2415 2261 ἑως
2444 2193 2504 2251 οὗ
2539 2202 2783 2269 γένηται,
2850 2202 2918 2255 τά
2980 2201 3036 2253 ἑν
3098 2199 3178 2268 τῷ
3267 2195 3617 2268 προλεχθέντι

3701 2208 3911 2259 κομμο-

744 2314 760 2343 ε
810 2291 1027 2359 νιτορίῳ
1086 2292 1215 2359 ἡμῖν
1268 2290 1720 2359 προσενεχθέντα.
1780 2292 1908 2359 περὶ
1960 2293 2068 2343 τῶν
2138 2296 2272 2361 πρὸς
2333 2296 2425 2347 τὸν
2492 2297 2587 2365 τῆς
2626 2296 2937 2365 Ῥωμαῖκῆς
3020 2294 3346 2361 Ἐκκλησίας
3419 2292 3566 2360 ίερέα
3624 2288 3905 2357 ἑκκλήεων

748 2398 763 2428 ι
813 2379 919 2431 τῶν
948 2380 1287 2438 ἐπισκόπων,
1355 2377 1450 2429 καὶ
1486 2379 1615 2445 περὶ
1678 2379 1785 2430 τῶν
1844 2379 2036 2432 αἰτιῶν
2082 2380 2189 2433 τῶν
2256 2384 2531 2452 κληρικῶν
2592 2386 2699 2437 τῶν
2766 2385 3103 2453 όφειλουσῶν
3152 2381 3521 2452 περατοῦσθαι
3595 2378 3748 2449 παρὰ
3810 2382 3914 2437 τοῖς

746 2492 763 2523 ι
810 2474 919 2525 τῶν
983 2474 1129 2525 ἰδίων
1210 2471 1389 2525 αὐτῶν
1435 2473 1712 2541 ἐπαρχιῶν
1760 2476 2099 2537 ἑπισκόποις,

2188 2480 2347 2546 ἡμεῖς
2410 2479 2793 2561 κόμολογοῦμεν
2856 2481 2951 2531 καὶ
3018 2478 3353 2546 φυλάξοντας
3414 2475 3517 2535 ἕως
3572 2473 3671 2540 τῆς
3718 2475 3906 2523 ἐπικυ-

742 2584 757 2612 ε
808 2566 1049 2632 ρώσεως,
1095 2565 1187 2615 καὶ
1247 2563 1344 2631 τὴν
1403 2564 1671 2632 ὑμετέραν
1742 2568 2140 2635 μακαριότητα,
2215 2568 2463 2633 θέλοντος
2528 2572 2620 2624 τοῦ
2685 2571 2844 2634 Θεοῦ,
2912 2571 3048 2640 πρὸς
3114 2570 3274 2621 τοῦτο
3342 2569 3473 2635 ἡμῖν
3544 2564 3917 2633 βοηθήσουσαν

746 2673 762 2705 ι
804 2654 1129 2724 θαρροῦμεν.
1200 2653 1280 2707 Τὰ
1341 2654 1396 2707 δὲ
1462 2654 1643 2717 λοιπὰ,
1717 2655 1784 2707 τὰ
1848 2656 1904 2708 ἓν
1962 2660 2027 2727 τῇ
2078 2660 2327 2729 ἡμετέρᾳ
2391 2664 2593 2731 συνόδῳ
2655 2662 2967 2731 πραχθέντα
3019 2663 3113 2714 καὶ
3167 2659 3557 2729 βεϐαιωθέντα,
3604 2655 3792 2724 ἐπειδὴ
3869 2648 3917 2707 οι

745 2764 760 2792 ι
804 2746 1189 2814 προλεχθέντες
1243 2745 1462 2812 ἀδελφοὶ
1529 2747 1685 2813 ἡμῶν
1725 2748 2021 2809 Φαυστίνος
2087 2752 2114 2801 ό
2182 2750 2602 2815 συνεπίσκοπος,
2662 2751 2931 2812 Φίλιππος

3002 2753 3097 2803 καὶ
3174 2748 3418 2809 Ἀσέλλος
3492 2749 3541 2798 ol
3615 2745 3917 2815 πρεσϐύτεο

748 2857 762 2883 ι
818 2854 921 2903 ροι,
1008 2837 1129 2904 μεθ’
1196 2837 1407 2889 ἑαυτῶν
1463 2838 1836 2905 ἐπιφέρονται,
1915 2840 2010 2892 ἑὰν
2073 2840 2476 2910 καταξιώσητε,
2554 2844 2771 2909 γνωστὰ
2839 2846 3125 2910 ποιήσουσι
3183 2842 3247 2908 τῇ
3320 2838 3562 2907 ὑμετέρα
3617 2835 3917 2907 ἁγιωσύνῃ·

747 2949 763 2979 ι
814 2932 919 2981 Καὶ
990 2930 1337 2997 ὑπέγραψαν·
1398 2930 1425 2980 ό
1493 2931 1696 2998 Κύριος
1751 2930 1908 2998 ἡμῶν
1984 2932 2209 2998 φυλάξοι
2292 2951 2351 2987 σε
2424 2938 2557 3003 ἡμῖν
2648 2938 2739 2988 επὶ
2848 2936 3134 2995 πλείστους
3206 2933 3470 3001 χρόνους,
3532 2929 3918 2999 μακαριώτατε

750 3045 766 3075 ι
810 3025 1024 3092 ἀδελφέ.
1070 3022 1425 3091 Ὑπέγραψαν
1461 3024 1681 3091 ὁμοίως.
1712 3025 1982 3088 Ἀλόπιος,
2034 3026 2424 3093 Ἀὐγουστῖνος,
2471 3029 2795 3093 Ποσσείδιος,
2824 3028 3083 3096 Μαρῖνος.
3129 3026 3225 3077 καὶ
3265 3026 3312 3075 οι
3352 3024 3524 3075 λοιποὶ
3548 3023 3853 3076 ἐπίσκοποι.
3894 3040 3913 3073 ι

743 3123 934 3177 ιιλιλς.
982 3120 1117 3175 Cum
1176 3120 1426 3173 Zosimus
1476 3134 1611 3187 papa
1665 3118 1960 3184 Romanus,
2026 3122 2114 3188 qui
2163 3121 2227 3172 ad

2403 3122 2600 3176 ΒΑΛΣ.
2632 3121 2881 3189 Ζωσίμου
2910 3118 3003 3172 τοῦ
3037 3122 3241 3172 πάππα
3274 3116 3514 3187 Ῥώμης,
3539 3116 3633 3169 τοῦ
3663 3116 3919 3168 ἀποστεί-

677 3221 986 3281 pr.esentem
1007 3208 1267 3278 synodum
1295 3208 1499 3276 legatos
1528 3208 1770 3271 miserat,
1795 3218 1939 3261 esset
1966 3219 2235 3272 mortuus,

676 3300 983 3355 ltouil’acius
1014 3300 1130 3367 ejus
1161 3299 1281 3351 loco
1323 3296 1649 3349 constitutus
1691 3306 1800 3359 est,
1840 3297 1904 3350 ad
1933 3313 2093 3365 quem
2149 3314 2236 3366 sy-

676 3396 843 3448 nodus
877 3391 1087 3451 scribit,
1123 3403 1241 3456 qua:
1273 3389 1323 3440 in
1350 3387 1464 3453 ipsa
1498 3396 1645 3453 gesta
1694 3397 1819 3441 sunt
1873 3387 1924 3440 in
1980 3402 2238 3455 compen-

676 3487 818 3535 iiium
857 3483 1125 3548 redigens.
1169 3477 1417 3531 Declarat
1450 3485 1628 3527 autem
1655 3484 1709 3527 et
1742 3491 1860 3543 qua:
1891 3476 1958 3529 de
2020 3476 2238 3543 Apiario

675 3574 984 3641 presbytero
1026 3578 1145 3621 acta
1182 3566 1416 3628 fuerant,
1477 3572 1638 3632 atque
1662 3564 1824 3617 etiam
1863 3579 1955 3618 eos
1996 3576 2240 3619 servatu-

678 3677 764 3716 ros
818 3661 1210 3729 appellationes
1255 3671 1373 3725 qme
1432 3656 1758 3723 petebantur
1811 3654 1877 3707 ad
1940 3654 2237 3709 Romanam

680 3753 999 3815 Ecclesiam,
1042 3750 1213 3803 donec
1248 3748 1389 3800 allati
1428 3746 1632 3801 fuerint
1664 3759 1923 3807 canones,
1970 3746 2060 3813 qui
2095 3762 2122 3799 a
2147 3745 2239 3799 Ni-

676 3856 821 3894 ea-na
848 3838 1053 3908 synodo
1082 3835 1212 3891 editi
1246 3835 1414 3887 fuere.

804 4015 1056 4071 lONAB.
1089 4014 1189 4079 Qui
1224 4014 1391 4065 Roma
1429 4011 1577 4063 missi
1633 4011 1792 4079 legati
1817 4011 1881 4064 ad
1910 4010 2045 4063 hanc
2068 4026 2225 4079 syno-

683 4113 804 4164 dum
831 4120 1153 4169 convenere,
1186 4119 1411 4174 quorum
1442 4104 1757 4155 nominatim
1790 4102 2013 4170 epistola
2053 4103 2243 4157 memi-

684 4202 782 4263 nit,
808 4214 835 4251 a
861 4198 1074 4250 Zosimo
1100 4208 1233 4262 papa
1270 4191 1515 4245 Romano
1539 4192 1689 4243 missi
1727 4191 1969 4247 fuerant:
2004 4193 2239 4261 quicum

680 4292 883 4343 interea
914 4287 1055 4341 diem
1082 4298 1237 4338 suum
1297 4281 1539 4344 obiisset,
1602 4281 1653 4333 in
1718 4281 1834 4347 ejus
1869 4281 2047 4334 locum
2078 4280 2239 4334 Boni-

680 4386 846 4437 ficius
900 4379 1155 4436 suffectus
1238 4385 1348 4430 est:
1407 4375 1475 4426 ad
1527 4387 1685 4439 quem
1746 4372 1983 4442 synodus
2030 4373 2238 4429 litteras

2340 3214 2531 3271 λαντος
2587 3211 2967 3279 τοποτηρητὰς
3040 3213 3120 3272 εἰς
3176 3209 3273 3278 τὴν
3342 3206 3622 3275 παροῦσαν
3675 3205 3917 3269 σύνοδον,

2341 3302 2787 3370 τελευτήσαντος,
2825 3301 2853 3350 ό
2888 3300 3204 3367 Βονιφάτιος
3250 3297 3389 3367 πρὸς
3426 3297 3515 3349 τόν
3546 3296 3754 3347 ἑκείνου
3797 3294 3919 3363 θρόο

2339 3409 2429 3446 νον
2458 3393 2719 3459 κατέστη,
2758 3391 2892 3460 πρὸς
2920 3392 2978 3443 όν
3003 3392 3035 3460 ἠ
3066 3391 3285 3452 σύνοδος
3316 3389 3539 3457 γράφει,
3570 3386 3918 3453 ἀναφέρουσα

2341 3481 2410 3534 τὰ
2435 3482 2493 3532 ἑν
2522 3483 2660 3550 αὐτῇ
2694 3481 3005 3550 πραχθέντα
3050 3482 3169 3532 κατ’
3199 3479 3494 3545 ἐπιτομήν.
3530 3475 3838 3544 Παραδηὶοῐ
3859 3475 3915 3526 δὲ

2342 3570 2436 3621 κα)⁵
2466 3570 2534 3619 τὰ
2563 3571 2691 3638 περὶ
2721 3569 2817 3619 τοῦ
2852 3569 3139 3639 ’Λπιαρίου
3183 3567 3279 3619 τοῦ
3332 3564 3727 3636 πρεσόυτέρουο
3780 3564 3918 3616 ἀλλὰ

2344 3658 2451 3728 μὴν
2509 3659 2600 3710 καὶ
2652 3658 2713 3709 τὸ
2766 3658 2998 3725 φυλάξαι
3061 3658 3156 3719 τὰς
3210 3657 3347 3725 πρδις
3416 3655 3753 3723 Ἐκκλησίαν
3808 3654 3909 3720 τῆς

2354 3748 2571 3814 Ῥώμης
2629 3748 2967 3816 ζητουμένας
3015 3747 3337 3815 ἑκκλήτους,
3374 3748 3567 3815 μέχρις
3613 3744 3679 3797 ἂν
3718 3761 3916 3808 προκο·

2347 3840 2611 3909 μισθῶσιν
2640 3841 2688 3891 οι
2718 3840 2868 3907 παρὰ
2899 3838 2999 3906 τῆς
3030 3839 3086 3890 tv
3113 3838 3317 3907 Νικαίᾳ
3353 3836 3572 3889 συνόδου
3596 3835 3913 3897 ἑκτεθέντες

2343 3935 2589 3993 κανόνες.

2413 4021 2651 4074 ΖΩΝΑΡ.
2686 4023 2748 4074 Oi
2781 4022 3064 4081 σταλέντες
3103 4021 3166 4073 ἑκ
3214 4018 3436 4087 Ῥώμης
3487 4017 3622 4087 πρὸς
3664 4017 3765 4085 τὴν
3820 4017 3914 4070 σύ·

2342 4111 2488 4163 νοδον
2522 4111 2722 4181 ταύτην
2742 4112 3136 4179 τοποτηρηταὶ,
3160 4104 3234 4162 ὦν
3270 4110 3407 4180 πρὸς
3437 4109 3609 4176 ὄνομα
3637 4110 3915 4177 μέμνηται

2346 4203 2377 4267 ἡ
2411 4201 2692 4271 ἐπιστολὴ,
2731 4200 2881 4269 παρὰ
2916 4201 3167 4267 Ζωσίμου
3197 4199 3292 4251 τοῦ
3325 4199 3523 4250 πάππα
3562 4197 3658 4265 τῆς
3694 4197 3914 4265 Ῥώμης

2344 4290 2664 4358 ἑστάλησαν·
2692 4289 2899 4341 ἑκείνου
2931 4289 2989 4341 δὲ
3023 4291 3085 4340 ἑν
3129 4288 3207 4357 τῷ
3263 4290 3412 4357 μέσῳ
3462 4289 3911 4354 τελευτησαντος,

2344 4381 2372 4430 ό
2398 4378 2712 4443 Βονιφάτιος
2750 4379 2829 4437 είς
2859 4376 2949 4428 τὸν
3001 4376 3209 4427 ἑκείνου
3270 4374 3460 4445 θρόνον
3518 4376 3909 4442 ἀντικατέστη,

680 4474 862 4535 mittit,
891 4482 1115 4539 queque
1136 4477 1253 4520 acta
1278 4465 1602 4529 decretaque
1651 4462 1879 4527 fuerant.
1930 4465 2081 4517 brevi
2118 4479 2236 4518 ser-

2346 4464 2481 4533 πρδς
2518 4465 2577 4516 ὃν
2606 4467 2639 4533 η
2676 4463 2891 4525 σύνοδος
2944 4462 3173 4529 γράφει,
3221 4461 3564 4531 ἀναφέρουσα
3590 4460 3660 4512 τά
3689 4462 3745 4511 ἑν
3774 4460 3909 4529 αὐτῇ

681 4561 856 4617 monis
886 4558 1203 4627 compendio
1227 4565 1281 4609 et
1312 4546 1545 4617 concise,
1597 4567 1721 4615 non,
1782 4554 2235 4619 quemadmodum

681 4664 826 4723 gesta
852 4653 1085 4711 fuerant,
1113 4649 1267 4714 longo
1288 4644 1551 4697 orationis
1582 4644 1785 4698 ambitu
1834 4660 1897 4699 ac
1944 4647 2233 4699 verborum

683 4742 973 4797 involucris
1003 4738 1425 4804 circuitioneque
1453 4735 1635 4790 refert.
1673 4734 1931 4789 Nuntiare
1969 4750 2128 4803 porro
2179 4749 2236 4788 se

682 4851 798 4901 qua:
826 4833 1101 4899 utriusque
1132 4828 1300 4896 partis
1333 4843 1597 4881 consensu
1634 4835 1833 4881 statuta
1893 4827 2107 4881 fuerant
2149 4842 2239 4894 sy-

683 4927 849 4977 notius
873 4922 1089 4976 asserit.
1142 4919 1377 4986 Uterque
1411 4928 1587 4970 autem
1624 4918 1687 4969 de
1741 4919 1947 4972 duobus
1980 4916 2236 4984 intelligi-

683 5026 792 5067 tur.
831 5012 1086 5074 Proinde,
1110 5019 1161 5063 et
1184 5012 1271 5077 qui
1308 5010 1513 5079 synodo
1544 5008 1765 5060 aderant
1797 5009 1847 5061 in
1883 5011 2015 5061 duas
2050 5018 2233 5075 partes

682 5106 881 5159 divisus
906 5104 1067 5156 fuisse
1087 5101 1323 5154 indicant
1346 5118 1361 5164 ;
1387 5099 1607 5152 alteram
1635 5098 1872 5165 quidem,
1904 5113 2020 5165 quae
2049 5100 2242 5153 Africa:

683 5197 999 5263 episcopos;
1032 5194 1253 5246 alteram
1282 5206 1431 5253 vero.
1471 5205 1590 5259 qua:
1622 5189 1790 5245 Roma
1849 5190 2045 5243 missos
2102 5192 2242 5261 lega-

683 5302 764 5341 tos
792 5286 1239 5353 complecteretur
1274 5301 1286 5335 :
1338 5281 1465 5347 Quae
1509 5282 1688 5351 igitur,
1730 5282 1998 5348 inquiunt,
2048 5283 2238 5335 utrius-

684 5394 785 5445 que
816 5378 987 5447 partis
1018 5374 1245 5428 consilio
1280 5371 1497 5427 decreta
1533 5382 1680 5437 sunt,
1712 5386 1773 5425 ea
1811 5372 1893 5425 his
1924 5372 2017 5425 tibi
2047 5373 2238 5428 litteris

686 5471 1038 5523 declaramus.
1077 5464 1325 5532 Apiarius
1355 5463 1425 5516 ob
1460 5462 1700 5530 quazdam
1742 5461 1966 5515 crimina
2002 5462 2069 5513 ab
2120 5462 2235 5529 epi-

689 5560 855 5622 st‘OplS
897 5556 1091 5611 Africa:
1141 5563 1471 5621 segregatus,
1536 5550 1757 5605 Romam
1806 5550 2078 5619 profectus
2130 5561 2231 5607 est.

687 5651 740 5702 lu
772 5646 1006 5701 Africam
1039 5658 1200 5715 porro
1261 5644 1519 5698 remissus
1567 5656 1596 5695 a
1648 5641 1808 5711 673
1846 5656 2001 5709 papa,
2084 5656 2143 5694 ea
2182 5644 2233 5694 in

688 5740 877 5800 suibus
906 5738 1249 5795 aberraverat
1279 5734 1584 5792 confitetur.
1614 5732 1867 5799 Quaedam
1898 5734 2041 5789 enim
2083 5732 2232 5787 illum

2347 4554 2675 4623 πραχθέντα,
2710 4556 2805 4605 κα)⁵
2842 4552 3290 4621 οίκονομηθέντα,
3338 4552 3603 4619 ἀναφέρει
3647 4550 3705 4601 δὲ
3736 4550 3910 4601 ταῦτα

2344 4644 2430 4696 διὰ
2498 4644 2743 4713 βραχέων
2786 4644 2904 4695 ἀντὶ
2940 4642 3032 4694 τοῦ
3088 4646 3387 4711 συντόμως,
3422 4641 3513 4693 καὶ
3543 4643 3600 4692 tv
3644 4642 3907 4709 ἑπιτομῇ,

2343 4732 2402 4782 οὑ
2448 4732 2553 4800 μὴν
2576 4732 2650 4795 ὡς
2696 4731 3049 4800 ιπράχθησαν
3104 4731 3194 4783 διὰ
3231 4732 3610 4799 μακρηγορίας
3637 4732 3731 4782 καὶ
3788 4733 3909 4781 ἑπι-

2340 4824 2651 4890 τεταμένων
2701 4822 3071 4888 κυλισμάτων,
3130 4821 3296 4889 ἤγουν
3356 4818 3582 4889 μακρῶν
3642 4820 3907 4887 περιόδων

2343 4915 2435 4965 καὶ
2486 4913 2720 4981 στροφῆς
2777 4912 2968 4976 λόγων.
3047 4910 3366 4979 Ἀναφέρειν
3428 4910 3483 4961 δὲ
3524 4909 3671 4975 λέγει
3718 4910 3787 4961 τά
3841 4910 3905 4976 τῇ

2345 5008 2621 5073 ἑκατέρων
2677 5004 2899 5072 ὁμονοίᾳ
2956 5001 3361 5071 περατωθέντα.
3414 5002 3486 5051 Τὸ
3538 4999 3593 5051 δὲ
3626 5000 3906 5069 ἑκατέρων

2345 5095 2436 5147 ἑπὶ
2463 5096 2555 5147 δύο
2590 5097 2811 5147 νοεῖται.
2849 5094 2939 5156 Εἰς
2980 5092 3073 5145 δύο
3111 5092 3202 5144 οὖν
3243 5092 3433 5161 μοίρας
3464 5090 3557 5142 καὶ
3606 5084 3750 5144 οὗτοι
3782 5092 3908 5150 τοὺς

2345 5190 2440 5255 τῆς
2472 5187 2683 5237 συνόδου
2710 5185 2919 5237 διεῖλον·
2954 5184 3085 5252 μίαν
3118 5183 3215 5252 μὲν
3250 5184 3347 5249 τὴν
3400 5182 3509 5233 τῶν
3535 5179 3595 5245 ἑξ
3630 5182 3906 5255 Ἀφρικςτης

2345 5278 2672 5338 έπισκόπων,
2693 5276 2882 5343 ἑτέραν
2904 5276 2962 5333 δὲ
2996 5275 3094 5345 τὴν
3120 5274 3227 5325 τῶν
3256 5275 3320 5326 ἑκ
3354 5272 3571 5341 Ῥώμης
3602 5270 3915 5381 σταλέντξων

2342 5366 2745 5437 τοποτηρητῶν.
2801 5366 2868 5417 ’Δ
2901 5365 3051 5433 γοῦν,
3106 5363 3265 5432 φησὶ,
3294 5362 3427 5432 παρ’
3465 5362 3743 5431 ἑκατέρων
3796 5362 3918 5437 τξὼν

2354 5460 2532 5529 μερῶν
2582 5458 2914 5528 ᾠκονόμητο,
2984 5453 3190 5523 φανερά
3247 5470 3329 5504 σοι
3391 5451 3772 5521 παριστῶμεν.

2359 5550 2633 5617 ’Δπιάριος
2665 5548 2753 5601 διά
2782 5563 2901 5598 τινα
2936 5546 3232 5613 αίτιάματα
3255 5543 3569 5613 άφορισθεὶς
3596 5544 3749 5611 παρὰ
3791 5561 3816 5593 τ

2342 5644 2397 5693 ἑν
2421 5641 2651 5708 Ἀφρικῇ
2683 5636 3018 5699 ἐπισκόπων,
3068 5633 3312 5703 ἀπῆλθεν
3344 5634 3424 5693 είς
3461 5621 3701 5700 Ῥώμην.
3741 5621 3925 5708 ’Δῇαο

2342 5731 2607 5794 τεμφθεὶς
2634 5729 2687 5783 δὶ
2720 5727 2866 5791 παρὰ
2895 5724 2988 5779 τοῦ
3022 5723 3222 5777 πάππα
3268 5724 3345 5786 εἰς
3373 5721 3661 5787 ’Δφρικὴὴ
3694 5721 3836 5788 ὠμοὶ

3881 5474 3918 5505 υ

3814 5474 3931 6217 Ῠ
