4136 6468
298 379 406 439 437

1288 374 1369 435 ΙΝ
1405 374 1571 439 CAN.
1610 372 1867 436 CXXXV
1897 369 2105 434 CONC.
2136 371 2517 434 CARTHAG.

3381 335 3383 338 ⁴
3465 371 3571 435 tas

299 503 442 555 γησε
473 487 546 540 τά
569 488 698 557 περὶ
725 480 800 540 ὧν
825 485 1128 556 ἐπλανήθη.
1177 487 1368 541 Ἐοικε
1402 488 1510 558 γὰρ
1546 488 1729 554 λέγειν
1761 489 1886 542 τινα

1993 493 2184 540 contra
2211 485 2622 544 ecclesiasticos»
2661 487 2881 542 ordines
2912 485 3158 541 locutum
3207 484 3376 540 fuisse
3404 499 3570 554 appa-

300 581 457 650 παρά
486 582 616 643 τοὺς
680 580 780 648 τῆς
846 578 1178 650 Ἐκκλησίας
1229 580 1486 649 θεσμούς.
1551 581 1736 641 Ταῦτα
1792 578 1886 635 οὖν

297 671 664 740 ὁμολογήσας.
712 672 1044 742 συγγνώμης
1080 672 1300 740 ἠξίωτο,
1338 674 1448 725 καὶ’
1466 673 1648 743 μένειν
1675 675 1773 742 μὲν
1795 675 1888 727 ἐπὶ

298 763 401 829 τῆς
433 764 641 824 οἰκείας
673 761 830 830 είάθη
860 763 1048 831 τιμῆς.
1089 763 1150 814 οὐ
1179 763 1364 831 μέντοι
1398 765 1493 817 καὶ
1515 765 1574 818 ἐν
1603 766 1667 835 τῇ
1693 765 1889 835 ἐκκλη-

302 854 395 922 σίᾳ
421 847 584 918 εἶναι,
643 845 759 924 ἐνῇ
794 856 888 904 καὶ
939 853 1207 924 πρότερον
1259 850 1350 923 ἦν,
1378 855 1514 908 ἀλλά
1545 857 1624 916 είς
1667 856 1884 925 ἐτέραν,

301 945 424 995 ὅποι
455 942 696 1011 βούλοιτο
725 983 740 1008 ,
772 944 1050 998 ἀπελθεῖν.
1076 945 1185 997 Καὶ
1211 947 1341 1012 περὶ
1367 947 1557 1000 τούτου
1584 947 1660 1016 τῷ
1687 949 1890 1020 πάππα

303 1038 336 1104 ἡ
371 1035 591 1098 σύνοδος
627 1036 887 1107 ἔγραψεν·
916 1039 1120 1108 ὁμοίως
1151 1040 1245 1091 καὶ
1280 1040 1406 1106 περὶ
1444 1039 1555 1092 τῶν
1608 1040 1888 1093 ἐνταλθέν-

303 1146 410 1180 τον
480 1129 593 1190 τοῖς
651 1130 714 1180 ἐκ
775 1128 995 1198 Ῥώμης
1051 1130 1294 1182 σταλεῖσι
1355 1133 1780 1200 τοποτηρηταῖς,
1821 1130 1888 1195 ἃς

303 1221 397 1271 καὶ
449 1219 829 1290 ἀπαριθμοῦσι
878 1223 972 1274 καὶ
1028 1222 1328 1293 ὑπέσχοντο
1380 1223 1617 1290 φυλάξαι
1672 1224 1732 1275 τὸ
1788 1225 1889 1288 τὰς

302 1312 602 1382 ἐκκλήτους
630 1313 770 1382 πρὸς
825 1315 990 1368 αὐτὸν
1044 1316 1436 1386 ἀναφέρεσθαι,
1501 1318 1698 1388 μέχρις
1742 1319 1808 1372 ἂν
1837 1320 1889 1371 oi

303 1406 456 1473 παρὰ
491 1407 594 1475 τῆς
624 1410 680 1460 ἐν
713 1407 918 1480 Νικαίᾳ
945 1409 1172 1482 πρώτης
1206 1411 1426 1473 συνόδου
1447 1413 1889 1482 προκομισθῶσιν

304 1496 488 1558 αὐτοῖς
520 1496 768 1561 κανόνες,
805 1497 894 1550 ἵνα
917 1499 966 1549 εί
1009 1499 1240 1560 ἐκείνοις
1271 1501 1383 1562 τοῖς
1417 1501 1663 1571 Πατράσι
1715 1502 1887 1556 ταῦτα

303 1584 502 1650 ἔδοξεν,
553 1586 698 1639 οὕτω
790 1587 1030 1656 γίνηται.
1103 1588 1374 1655 Ἣξίωσαν
1429 1591 1484 1644 δὲ
1535 1591 1744 1662 γράψαι
1792 1593 1888 1646 καὶ

306 1675 444 1742 πρὸς
476 1676 567 1727 τὸν
636 1676 992 1746 Ἀντιοχείας,
1035 1680 1126 1732 καὶ
1155 1679 1566 1751 Ἀλεξανδρείας
1614 1684 1707 1736 καὶ
1735 1685 1886 1737 Κων-

306 1767 818 1830 σταντινουπόλεως,
868 1770 1074 1822 στεῖλαι
1125 1772 1458 1835 αὐτοῖςτοὺς
1509 1776 1739 1836 κανόνας
1771 1779 1870 1845 τῆς

306 1861 363 1910 ιν
391 1859 597 1928 Nmis.
629 1860 887 1920 συνόδου,
947 1863 1033 1915 ἵνα
1105 1865 1622 1936 πληῳφορηθῶσιν,
1677 1869 1725 1920 εί
1775 1872 1887 1934 τοῖς

305 1948 592 2016 Πατράσιν
621 1949 850 2010 ἐκείνοις
884 1952 1278 2006 κεκανόνισται
1306 1954 1368 2005 τὸ
1398 1955 1770 2026 ἀναφέρεσθαι
1793 1959 1890 2022 τὰς

305 2036 603 2106 ἐκκλήτους
632 2038 740 2091 τῶν
767 2038 1086 2092 ἐπισκόπων
1107 2043 1244 2111 πρὸς
1267 2043 1360 2096 τὸν
1407 2042 1628 2115 Ῥώμης
1663 2048 1891 2102 ἐπίσκο-

305 2145 424 2183 πον.
464 2129 655 2200 Ἡμεῖς
686 2130 817 2200 γὰρ,
849 2131 1003 2199 φασὶ,
1030 2119 1291 2198 πλείστας
1320 2137 1643 2203 ἀναγνόντες
1678 2138 1891 2208 βίϐλους

310 2221 659 2290 Ῥωμαϊκὰς,
715 2224 995 2286 τοιούτους
1041 2225 1270 2290 κανόνας
1295 2229 1393 2299 οὐχ
1421 2230 1687 2298 εΰρομενο
1722 2235 1890 2303 Γραι-

308 2313 399 2366 ut’w
431 2313 488 2366 δὲ
541 2312 768 2383 βιϐλίον,
837 2316 1010 2384 ἧγουν
1071 2318 1399 2394 Ἑλληνικῆς
1454 2322 1758 2393 διαλέκτου,
1788 2327 1888 2397 οὐχ

308 2402 570 2472 εὕρομεν.

371 2495 594 2550 ΔΡΙΣΤ.
637 2516 658 2549 ι
699 2497 979 2568 Οὐρϐανὸς
1014 2500 1313 2565 ἐπίσκοπος
1357 2507 1581 2577 Σίκκης,
1631 2511 1679 2562 εί
1718 2510 1792 2580 μὴ
1820 2512 1890 2566 τά

384 2605 404 2637 ε
455 2588 740 2655 ὀφείλοντα
791 2589 1191 2665 διορθωθῆναιζ
1213 2595 1890 2672 διορθώσεται,ῆάποκοι-

379 2697 400 2730 ε
438 2679 703 2746 νωνητέος
731 2679 906 2741 ἐσται,
937 2680 969 2750 ῆ
1007 2682 1066 2734 ἐν
1105 2672 1297 2756 Ῥώμῃ
1330 2689 1581 2757 κλητέος.
1613 2712 1633 2744 ι

377 2769 492 2838 Πρὸ
518 2769 613 2822 τοῦ
673 2772 740 2824 τά
772 2773 1085 2843 ἀντίγραφα
1139 2780 1236 2846 τῆς
1284 2780 1341 2831 ἐν
1398 2781 1599 2855 Νικαίᾳ
1667 2789 1888 2844 συνόδου

311 2861 462 2929 παρά
517 2876 576 2911 τε
625 2861 720 2914 τοῦ
749 2863 907 2929 ἀγίου
948 2866 1219 2936 Κυρίλλου
1267 2871 1363 2923 τοῦ
1396 2873 1695 2930 ἐπισκόπου
1739 2880 1896 2934 Ἀλεο

309 2951 589 3022 ξανδρείας
646 2953 739 3005 καὶ
784 2955 880 3007 τοῦ
923 2956 1171 3010 Ἀττικοῦ
1225 2960 1320 3013 τοῦ
1372 2965 1892 3025 Κωνσταντινουπόο

309 3041 448 3103 λεως
482 3044 787 3097 ἐπισκόπου
808 3045 1069 3110 δέξασθαι
1104 3049 1298 3118 βέϐαια
1326 3054 1424 3123 τὴν
1477 3056 1537 3108 ἐν
1558 3059 1888 3133 Καρθαγένῃ

1999 587 2121 642 ret;
2182 592 2302 644 quae
2357 578 2572 642 culpam
2647 592 2801 632 suam
2864 576 3180 647 agnoscenti
3232 575 3572 642 ueniamque

1995 667 2288 737 postulanti
2321 669 2625 723 condonata
2657 678 2807 735 sunt,
2856 679 3020 737 utque
3073 665 3391 733 dignitatem
3436 663 3572 718 reti-

1996 768 2170 823 neret,
2199 760 2500 816 indultum:
2531 776 2635 815 non
2679 762 2751 814 ita
2805 770 2986 814 tamen
3050 768 3106 812 ut
3134 757 3432 812 Ecclesiam
3488 765 3568 809 te-

1995 861 2173 919 neret,
2212 855 2264 907 in
2291 869 2396 924 qua
2428 863 2585 909 antea
2612 854 2811 919 fuerat,
2855 855 2948 909 sed
2982 854 3034 907 in
3087 853 3244 906 aliam
3271 866 3569 919 quamcun-

1996 961 2102 1016 que
2126 947 2411 1011 voluisset,
2449 947 2644 1002 abiret.
2678 947 2756 1001 Ac
2782 946 2848 1000 de
2873 961 2939 1000 eo
2972 947 3209 1016 synodus
3233 958 3385 1013 papas
3434 943 3572 996 scri-

1998 1037 2149 1107 psit:
2191 1037 2445 1092 similiter
2468 1045 2520 1091 et
2545 1037 2610 1091 de
2648 1036 2733 1099 iis,
2760 1051 2880 1104 qua:
2916 1034 3078 1104 legati
3113 1034 3280 1087 Roma
3319 1031 3468 1088 missi
3516 1031 3572 1085 in

1997 1127 2270 1180 mandatis
2299 1126 2591 1190 habebant,
2632 1141 2752 1194 quae
2783 1124 2946 1180 etiam
2984 1124 3196 1193 singula
3227 1131 3571 1191 percensent,

1996 1226 2054 1272 et»
2083 1227 2392 1272 servaturos
2415 1231 2472 1273 se
2504 1217 2849 1285 pollicentur,
2885 1216 3014 1270 illud
3044 1215 3252 1270 scilicet
3284 1224 3342 1267 ut
3385 1213 3574 1282 appel-

1995 1309 2228 1362 lationes
2261 1309 2325 1361 ad
2351 1323 2472 1363 eum
2511 1308 2664 1370 ﬂant,
2716 1307 2890 1361 donec
2939 1308 3005 1359 ad
3059 1305 3207 1374 ipsos
3264 1305 3449 1375 prima
3479 1302 3574 1356 Ni-

1995 1413 2158 1453 oaauaa
2185 1400 2371 1470 synodi
2398 1415 2636 1454 canones
2661 1399 2978 1464 afferantur,
3034 1407 3090 1450 ut
3151 1397 3275 1450 huic
3336 1407 3572 1449 consue-

1998 1490 2192 1554 tudini,
2223 1493 2269 1543 sl
2305 1488 2492 1543 Patres
2543 1490 2616 1544 illi
2683 1490 2753 1542 ita
2814 1488 3148 1551 censuerint,
3197 1486 3573 1556 acquiescant.

1996 1578 2099 1634 Per
2121 1580 2332 1633 litteras
2365 1594 2582 1648 quoque
2616 1594 2738 1634 cum
2770 1571 3146 1639 Antioclteuo,
3179 1574 3572 1637 Alexandrino.

1994 1667 2709 1736 Constantiuopolitanoque
2750 1667 3025 1735 episcopo,
3063 1668 3128 1718 de
3177 1662 3460 1717 mittendis
3503 1663 3575 1714 ad

1995 1760 2141 1828 ipsos
2170 1758 2401 1814 Nicaeum
2424 1758 2613 1830 synodi
2647 1757 2950 1812 canonibus
2972 1758 3055 1825 agi
3093 1756 3455 1824 postulavere,
3488 1763 3571 1817 ut,

1918 1831 1962 1885 Β
1992 1868 2059 1908 an
2085 1853 2227 1908 inter
2255 1852 2403 1907 illius
2441 1848 2654 1905 concilii
2697 1851 2913 1903 decreta
2947 1849 3048 1904 hoc
3071 1863 3290 1918 quoque
3327 1851 3393 1901 de
3447 1861 3577 1916 pro-

1990 1946 2366 2001 vocationibus
2393 1944 2462 1998 ad
2496 1944 2803 1998 Romanum
2831 1943 3146 2010 episcopum
3181 1937 3568 2001 concedeudis,

1991 2045 2193 2099 exstet,
2225 2043 2374 2090 certo
2433 2041 2640 2103 queant
2693 2046 3047 2103 cognoscere.
3117 2030 3226 2084 Nos
3270 2028 3437 2090 enlm,
3493 2029 3574 2081 iu—

1991 2130 2205 2198 quiunt,
2241 2128 2294 2181 in
2328 2125 2538 2181 Latinis
2588 2125 2769 2187 libris,
2805 2139 3038 2193 quorum
3075 2122 3261 2191 plures
3318 2120 3575 2190 legimus,

1992 2234 2256 2274 cauonem
2301 2218 2449 2273 hunc
2513 2232 2855 2286 nequaquam
2896 2215 3173 2269 .invenire
3248 2214 3525 2282 potuimus
3553 2227 3582 2270 τ’

1990 2311 2236 2367 Graecum
2302 2319 2483 2366 autem
2537 2308 2835 2377 exemplar,
2896 2309 2996 2363 hoc
3032 2316 3136 2371 est,
3189 2305 3380 2363 Grmco
3437 2309 3588 2362 idio-‘

1993 2412 2137 2458 male
2163 2413 2466 2467 exaratum,
2511 2401 2716 2456 nullum
2778 2401 3066 2461 habemus.

1991 2494 2222 2552 ARIST.
2254 2514 2273 2546 ι
2300 2494 2551 2551 Urbanus
2602 2495 2889 2562 episcopus
2923 2494 3115 2557 Siccae,
3146 2495 3246 2548 nisi
3280 2507 3398 2562 quae
3441 2505 3468 2545 a
3499 2506 3567 2546 se

2066 2608 2085 2640 ε
2125 2589 2438 2657 corrigenda
2492 2595 2641 2650 sunt,
2684 2587 3006 2642 correxerit.
3065 2585 3147 2639 vel
3198 2584 3571 2639 excommuni-

2068 2700 2087 2733 ι
2125 2680 2331 2736 candus
2359 2689 2464 2743 est,
2493 2679 2576 2733 vel
2613 2677 2797 2732 Romae
2828 2677 3132 2731 CilaﬂdllSJ

2063 2773 2368 2837 Antequam
2426 2771 2540 2825 haec
2600 2768 3048 2838 Carthaginensis
3103 2769 3344 2839 synodus
3411 2767 3580 2821 ﬁrma

1993 2862 2441 2934 synodiNirmua:
2472 2861 2805 2929 exemplaria
2838 2876 2867 2913 a
2941 2869 3134 2915 sancto
3184 2859 3388 2931 Cyrillo
3454 2860 3587 2928 epi-

1992 2967 2159 3022 scopo
2176 2952 2541 3005 Alexandrino
2571 2949 2824 3006 etAttico
2875 2951 3134 3020 episcopo
3178 2951 3570 3005 Constantium

1990 3045 2231 3114 politano
2269 3046 2586 3114 accepisset,
2643 3060 2907 3099 canouem
2961 3046 3154 3115 synodi
3201 3040 3565 3108 Sardicensis,

308 3132 528 3186 σύνοδον
577 3135 804 3205 ταύτην,
835 3136 929 3191 τδν
986 3140 1088 3211 τῆς
1127 3142 1187 3196 ἐν
1249 3144 1488 3215 Σαρδικῇ
1529 3149 1749 3203 συνόδου
1780 3132 1887 3206 καιζ

1993 3140 2059 3194 de
2084 3141 2464 3209 episcoporum
2502 3141 2568 3194 ad
2627 3138 2887 3195 Romana:
2933 3139 3190 3195 Ecclesiae
3248 3141 3564 3210 episcopum

311 3228 454 3289 νόνα,
491 3229 621 3296 περὶ
650 3229 760 3282 τῶν
789 3231 1072 3300 ἐκκλήτων
1119 3234 1231 3286 τῶν
1278 3237 1599 3292 ἐπισκόπων
1630 3243 1766 3311 πρὸς
1795 3245 1890 3299 τὸν

315 3317 407 3385 τῆς
444 3318 762 3387 Ῥωμαῖκῆς
819 3321 1152 3390 Ἐκκλησίας
1212 3324 1536 3391 ἐπίσκοπον,
1561 3328 1636 3391 ὡς
1687 3331 1889 3387 κανόνα

309 3408 410 3476 τῆς
443 3410 500 3460 ἐν
540 3409 742 3480 Νικαίᾳ
768 3413 992 3466 συνόδου
1028 3415 1296 3485 ἐδέχοντο.
1354 3419 1461 3472 Καὶ
1491 3421 1578 3474 διὰ
1609 3421 1768 3476 τοῦτο
1796 3428 1891 3480 καὶ

311 3501 404 3552 τὸν
435 3502 737 3555 ἐπίσκοπον
768 3505 974 3576 Σίκκης
1008 3507 1100 3561 τὸν
1145 3510 1429 3582 Οὐρϐανὸν
1457 3512 1688 3583 ὥρισαν,
1724 3517 1777 3568 ἐί
1813 3518 1912 3588 μὴ’

310 3593 660 3662 διορθώσεται
696 3597 764 3652 τά
793 3597 1082 3665 ὀφείλοντα
1135 3604 1267 3672 παρ’
1293 3602 1460 3658 αὑτοῦ
1502 3606 1886 3677 διορθωθῆναι,

311 3684 341 3755 ἢ
391 3687 778 3755 ἀφωρισμένον
832 3685 994 3743 εἶναι·
1042 3691 1074 3762 ἦ
1137 3695 1186 3745 εί
1240 3695 1540 3764 ἀμφιδάλει
1609 3702 1736 3769 περὶ
1793 3701 1888 3755 τοῦ

311 3775 645 3844 ἁφορισμοῦ,
704 3779 1111 3850 μετακληθῆναι
1145 3784 1224 3844 εις
1266 3781 1508 3853 Ῥώμην,
1534 3787 1630 3840 καὶ
1661 3788 1730 3843 τὰ
1763 3793 1887 3864 περὶ

310 3864 500 3919 τούτου
541 3869 690 3937 παρά
720 3867 813 3921 τοῦ
839 3869 1042 3924 πάππα
1072 3869 1453 3944 ἐξετασθῆναι.

388 3974 407 4008 ε
455 3959 720 4026 ’Δρχεται
752 3959 822 4011 τὰ
852 3960 990 4029 πρὸς
1018 3959 1118 4030 τὴν
1145 3963 1202 4015 ἐν
1226 3961 1458 4037 Ἀφρικῇ
1493 3969 1709 4026 σύνοδον
1739 3975 1889 4028 ἀντί-

316 4065 336 4098 σ
382 4065 570 4118 γραφα
598 4050 870 4119 Κυρίλλου
907 4050 1003 4104 τοῦ
1025 4051 1124 4121 τῆς
1146 4051 1544 4125 Ἀλεξανδρέων
1566 4063 1886 4119 ἐπισκόπου·

316 4157 335 4189 ι
384 4141 440 4190 ἐν
481 4134 564 4204 οἷς
619 4143 686 4195 τὰ
715 4140 1008 4196 αύθεντικά
1045 4144 1144 4212 τῆς
1197 4147 1254 4198 ἐν
1285 4146 1484 4219 Νικαίᾳ
1532 4153 1752 4207 συνόδου
1779 4156 1890 4211 ἀπὸ

316 4250 334 4280 ι
377 4230 628 4299 Γραικῶν
659 4230 1070 4302 μεταϐληθέντα
1095 4234 1183 4286 διὰ
1219 4236 1566 4293 ἰννοκεντίου
1590 4243 1891 4310 πρεσϐυτέ-

317 4341 335 4372 ι
385 4337 479 4391 ρου
510 4323 822 4376 ἐπέστειλεν
851 4322 1086 4388 καὶτοὺς
1106 4327 1358 4393 κανόνας,
1386 4330 1588 4396 αἵτινες
1611 4333 1889 4390 ἐπιστολαὶ

316 4431 337 4464 ε
381 4412 520 4480 μετὰ
549 4411 646 4480 τῆς
669 4414 726 4465 ἐν
746 4412 949 4484 Νικαίᾳ
985 4416 1230 4481 συνόδου,
1253 4417 1342 4471 διὰ
1365 4419 1460 4473 τοῦ
1485 4427 1889 4492 μνημονευθέν-

315 4522 333 4554 ε
382 4519 475 4565 τος
548 4502 896 4557 Ίννοκεντίου
958 4507 1337 4579 πρεσὸυτέρου
1396 4485 1497 4565 καί
1553 4485 1882 4585 ήαρκὲλλου
1921 4485 1968 4543 D

315 4612 335 4646 ι
384 4594 739 4648 ύποδιακόνου
799 4598 899 4665 τῆς
944 4598 1002 4650 ἐν
1059 4599 1366 4669 Καρχηδόνι
1430 4604 1749 4676 ἐκκλησίας,
1809 4610 1888 4683 τῷ

315 4705 333 4736 ‹
384 4685 675 4756 ἁγιωτάτῳ
732 4687 1038 4758 Βονιφατίῳ
1076 4690 1365 4763 ἐπισκόπῳ
1401 4693 1503 4764 τῆς
1573 4696 1888 4771 Ῥωμαῖκῆς

317 4793 336 4826 ι
400 4775 731 4845 Ἐκκλησίας
789 4780 856 4847 τῇ
921 4778 1031 4849 πρὸ
1100 4778 1162 4845 ἐξ
1207 4781 1490 4837 καλανδῶν
1530 4786 1887 4860 Δεκεμϐρίων

313 4885 332 4918 ε
383 4866 797 4934 ἀπεστάλησαν.
848 4885 867 4919 ι

383 4975 402 5007 ε
449 4955 717 5026 Κύριλλος
772 4957 982 5027 κυρίοις
1032 4961 1388 5030 τιμιωτάτοις
1439 4965 1534 5020 καὶ
1562 4968 1890 5034 ἁγιωτάτοις

311 5066 334 5100 ε
382 5048 632 5114 ἀδελφοῖς
659 5050 752 5100 καὶ
790 5052 1235 5119 συνεπισκόποις,
1261 5055 1540 5128 Αὐρηλίῳ,
1566 5057 1886 5131 Βαλεντίνῳ,

319 5158 337 5190 ι
382 5138 479 5191 καὶ
511 5138 658 5211 πάσῃ
701 5142 767 5210 τῇ
801 5142 858 5192 ἐν
897 5142 1206 5212 Καρχηδόνι
1233 5148 1685 5222 συναθροισθείσῃ
1719 5152 1890 5220 ἀγιω-

319 5247 338 5278 ι
385 5230 526 5299 τάτῃ
557 5229 780 5298 συνόδῳ.
814 5230 1201 5302 ’Δσπαζόμεθα
1246 5238 1305 5289 ἐν
1347 5239 1540 5309 Κυρίῳ
1570 5239 1669 5310 τὴν
1692 5242 1891 5310 ὑμετέ-

321 5335 340 5367 ι
392 5333 490 5386 ραν
540 5318 780 5386 ἀγάπην.
833 5321 917 5373 Τὰ
953 5323 1242 5392 γραφέντα
1276 5328 1425 5397 παρὰ
1475 5330 1577 5399 τῆς
1616 5331 1891 5403 ὑμετέρας

318 5427 337 5460 ι
385 5409 716 5478 τιμιότητος,
746 5412 954 5482 ’πολλὴν
977 5414 1169 5484 ἔχοντα
1199 5418 1517 5489 θρησκείαν,
1555 5424 1694 5492 μετά
1711 5424 1892 5493 πάσης

319 5517 339 5552 ‹
388 5502 558 5568 lupi;
590 5501 681 5554 διά
712 5502 808 5555 τοῦ
841 5506 1034 5557 τέκνου
1065 5507 1222 5576 ἡμῶν
1247 5510 1601 5564 Ἰννοκεντίου
1628 5515 1722 5566 τοῦ
1757 5531 1892 5584 πρε-

322 5608 341 5641 ε
395 5590 662 5662 σδυτὲρου
693 5592 981 5666 ἐδεξάμην.
1033 5598 1252 5654 Τούτων
1283 5602 1341 5655 δὲ
1369 5605 1498 5674 παρ’
1530 5605 1685 5674 ἡμῶν
1740 5606 1893 5658 ἐλπι-

323 5703 341 5734 ι
392 5685 814 5751 σθέντων,ὥστε
865 5692 930 5742 ἐκ
958 5690 1050 5744 τοῦ
1102 5693 1204 5762 τῆς
1268 5696 1542 5766 ἡμετέρας
1594 5699 1891 5768 ἐκκλησίας

322 5793 343 5829 ι
389 5777 634 5846 σκρινίου
668 5779 736 5835 τὰ
786 5779 1127 5850 ἀληθέστατα
1194 5783 1281 5837 ίσα
1320 5785 1419 5856 τῆς
1455 5789 1512 5840 ἐν
1541 5791 1606 5859 τῇ
1640 5787 1888 5843 Νικαέων

1995 3229 2463 3299 appellationibus,
2500 3239 2833 3297 uttanquam
2883 3230 3070 3299 synodi
3121 3230 3348 3284 Nicena:
3403 3244 3568 3283 cano-

1993 3335 2118 3375 nem
2142 3322 2495 3376 admiserunt.
2525 3321 2591 3375 Et
2616 3321 2818 3374 idcirco
2845 3320 3008 3374 etiam
3054 3319 3334 3378 Urbanum
3392 3321 3583 3376 Sicca-

1991 3413 2305 3483 episcopum
2339 3412 2720 3474 decreverunt,
2753 3414 2795 3465 sl
2846 3427 2951 3466 non
2990 3414 3305 3468 emendaret
3343 3428 3467 3483 quae
3498 3413 3576 3466 ab

1992 3519 2058 3560 eo
2091 3504 2366 3560 emendari
2407 3505 2728 3564 debuerunt.
2757 3513 2850 3557 aut
2881 3515 3222 3575 segregatum
3262 3520 3417 3570 esse;
3451 3513 3581 3568 aut,

1991 3595 2038 3651 si
2071 3596 2136 3650 de
2164 3596 2543 3665 segregatione
2602 3595 2832 3659 dubitet,
2875 3594 3102 3650 Romam
3157 3613 3282 3654 esse
3334 3615 3571 3653 emeatu-

1991 3688 2144 3753 dum,
2179 3698 2232 3743 et
2270 3688 2484 3757 negotia
2510 3703 2606 3743 sua
2638 3703 2664 3740 a
2695 3701 2831 3759 papa
2859 3690 3182 3744 examinari.

2073 3971 2091 4004 ε
2131 3952 2402 4022 Incipiunt
2435 3954 2701 4024 rescripta
2737 3955 2923 4026 Cyrilli
2946 3957 3290 4013 Alexandriae
3326 3959 3580 4031 episcopi-

1998 4061 2017 4095 ς
2048 4043 2115 4098 ad
2139 4041 2454 4097 Africanam
2491 4045 2754 4114 synodum
2776 4062 2790 4099 :
2815 4046 2868 4102 in
2897 4047 3093 4115 quibus
3129 4048 3438 4102 authentira
3472 4051 3584 4102 ΝΞ-.

1999 4153 2018 4187 ι
2053 4149 2219 4189 caena:
2235 4135 2423 4206 synodi
2451 4150 2482 4189 e
2513 4135 2706 4190 Graeco
2737 4138 2999 4192 translata
3026 4154 3123 4208 per
3185 4139 3564 4195 Innocentium

1999 4245 2018 4273 σ
2052 4229 2426 4299 presbyterum
2463 4228 2612 4285 misit
2647 4238 2702 4284 et
2750 4245 3019 4286 canones:
3054 4239 3172 4301 qua:
3206 4233 3422 4303 quidem
3451 4234 3569 4303 epi-

1999 4337 2017 4370 ε
2051 4319 2204 4373 stolae
2237 4334 2356 4374 cum
2382 4320 2599 4375 Nicmna
2646 4322 2875 4392 synodo,
2910 4337 3010 4390 per
3069 4335 3424 4379 memoratum
3483 4324 3567 4378 lu-

1999 4428 2018 4462 ι
2048 4411 2357 4466 nocentium
2378 4413 2750 4484 presbyterum
2773 4424 2826 4468 et
2846 4412 3157 4468 Marcellum
3181 4413 3567 4470 subttlaconum

2001 4519 2021 4554 ι
2061 4502 2314 4558 Εοειεείω
2377 4502 2844 4573 Carthaginensis,
2897 4503 3243 4559 sanctissimo
3292 4504 3571 4560 Bouifacio

2000 4611 2021 4647 ε
2055 4591 2310 4648 Romana:
2333 4594 2588 4650 Ecclesiae
2610 4595 2865 4663 episcopo
2896 4595 2962 4653 A.
3011 4595 3075 4650 D.
3124 4603 3278 4652 sexto
3341 4594 3564 4651 calend.

2000 4700 2019 4736 ι
2057 4684 2371 4741 Decembris
2411 4687 2590 4741 missa
2641 4694 2787 4741 sunt.

2069 4989 2088 5021 ‹
2125 4970 2616 5038 Εντίηυεόοηιίηἰε
2650 4975 3137 5031 venerabilissimis
3191 4985 3248 5030 et
3281 4973 3570 5030 sanctissi-

1998 5081 2018 5110 σ
2050 5064 2153 5117 mis
2181 5061 2445 5118 fratribus
2475 5074 2531 5118 et
2552 5066 2910 5135 coepiscopis,
2969 5067 3210 5132 Aurelio,
3256 5067 3585 5144 Valentino,

1998 5172 2017 5207 ι
2054 5161 2107 5209 et
2138 5154 2404 5208 universa:
2435 5155 2783 5211 sanctissime
2819 5157 3024 5226 synodo
3053 5157 3382 5229 Carthagine
3418 5175 3551 5217 cono

1999 5267 2017 5298 ε
2057 5255 2311 5317 gregatae.
2347 5246 2660 5302 Salutamus
2686 5248 2737 5302 in
2770 5248 2998 5304 Domino
3048 5263 3280 5304 vestram
3327 5251 3577 5308 dilectio-

1999 5357 2017 5390 ι
2059 5354 2202 5392 nem.
2253 5338 2385 5404 Quae
2427 5353 2457 5391 a
2524 5347 2705 5393 vestra
2766 5343 3074 5395 reverentia
3140 5343 3339 5410 scripta
3402 5355 3574 5410 sunt,

1999 5447 2017 5479 ε
2056 5429 2280 5482 multam
2305 5430 2560 5498 pietatem
2609 5429 2959 5494 continentia,
3003 5447 3125 5486 cum
3169 5433 3314 5486 omni
3383 5433 3568 5488 laetitia

2000 5540 2018 5571 ι
2054 5537 2150 5590 per
2170 5521 2336 5574 lilium
2377 5519 3014 5577 uostrumlonocentium
3071 5525 3446 5593 presbyterum
3479 5541 3577 5580 su-

1975 5628 2016 5660 ’1
2061 5611 2231 5679 scepi.
2257 5609 2390 5666 Cum
2428 5609 2541 5664 haec
2568 5621 2748 5664 autem
2785 5626 2812 5662 a
2845 5613 2998 5665 nobis
3063 5620 3277 5678 sperata
3338 5611 3562 5680 fuerim,

2003 5720 2018 5752 ι
2056 5717 2156 5754 nos
2190 5715 2255 5755 ex
2290 5699 2780 5756 Itostrae‘Ecclcsiae
2816 5704 3016 5757 scrinio
3057 5705 3334 5758 vrrissima
3386 5721 3568 5759 exemo

2005 5812 2022 5844 ι
2058 5793 2224 5862 pluria
2261 5792 2582 5849 autltcntica:
2606 5794 2817 5861 synodi,
2852 5811 2969 5861 qua:
2998 5795 3179 5851 habita
3234 5794 3565 5854 fuitNicmze.
