4136 6450
675 338 703 396 ’I
713 341 777 402 39
1930 345 2202 410 THEOD.

2322 349 2640 411 tLSAMON
3790 349 3894 414 ΗΟ

679 474 697 509 ι
731 455 1024 525 Bithynice
1050 453 1354 524 metropoli,
1387 467 1448 509 ea
1472 468 1589 522 qua:
1636 468 1665 507 a
1722 455 1924 509 sanctis
1987 455 2217 510 Patribu:

2343 481 2361 514 ι
2410 465 2736 534 μητροπόλει
2762 466 2858 533 τῆς
2890 463 3141 526 Βιθυνίας
3197 461 3522 531 αὑθεντικῆς
3555 461 3796 526 συνόδου,
3826 464 3892 514 τὰ

676 565 694 596 s
734 546 954 599 definita
987 554 1036 598 et
1061 542 1378 597 confirmata
1421 552 1567 609 sunt,
1603 544 1702 598 sub
1727 553 1924 598 nostra:
1953 544 2075 598 fidei
2103 559 2217 612 pro-

2340 573 2358 604 ‹
2400 554 2549 621 παρὰ
2574 554 2682 606 τῶν
2707 555 2877 621 ἁγίων
2906 555 3162 623 Πατέρων
3184 551 3469 623 ὁρισθέντα
3518 553 3612 603 καὶ
3659 550 3890 618 βεϐαιω-

675 657 694 687 σ
731 635 977 696 fessione,
1013 641 1203 686 vestra:
1235 634 1506 688 charitate
1532 635 1830 698 missuros;
1866 634 2217 686 necessarium

2338 662 2356 694 ι
2397 644 2554 696 θέντα
2612 645 2865 698 ὑποκάτω
2899 643 3000 709 τῆς
3040 642 3326 711 ὁμολογίας
3354 642 3452 709 τῆς
3481 640 3756 710 ἡμετέρας
3797 641 3886 693 πί-

675 747 693 776 ι
731 726 882 787 duxi,
916 725 1120 778 domini
1163 724 1360 780 fratres
1392 729 1444 780 in
1471 727 1658 795 primis
1715 727 2081 792 venerabiles,
2144 743 2217 781 σοι

2337 753 2355 784 σ
2405 751 2607 797 στεως,
2669 738 2734 803 τῇ
2791 735 3034 803 ὑμετέρᾳ
3088 734 3278 804 ἀγάπῃ
3331 734 3476 802 ἡμᾶς
3545 732 3888 788 ἀποστεῖλαι.

672 838 692 870 ‹
727 820 983 872 lutatione
1011 818 1366 885 praecedente,
1394 835 1490 888 per
1521 820 1765 872 eumdem
1795 817 1958 870 ﬁlium
1990 826 2217 871 nostrurr

2338 845 2356 876 ι
2400 829 2690 892 ἀναγκαῖον
2723 825 3041 894 ἡγησάμην,
3087 824 3268 895 κύριοι
3291 825 3609 894 τιμιώτατοι
3649 824 3885 890 ἀδελφοὶ,

674 927 691 958 ι
723 909 1098 963 Innocentium
1134 909 1508 977 presbyterum
1541 909 1855 962 fidelissima
1898 908 2217 976 exemplaria

2336 935 2354 968 ι
2396 917 2689 982 ἀσπασμοῦ
2738 914 3177 984 προηγουμένου,
3231 914 3318 966 διὰ
3369 914 3464 966 τοῦ
3495 911 3660 966 αὑτοῦ
3694 911 3884 964 τέκνου

670 1016 686 1046 ο
724 997 1047 1051 authenticze
1075 999 1264 1066 synodi
1322 995 1534 1064 Nica'ar,
1599 1012 1716 1065 qua:
1778 997 2042 1066 Bithynia:
2100 998 2217 1050 urbs

2335 1027 2354 1059 ‹
2390 1006 2546 1074 ἡμῶν
2585 1004 2931 1059 Ἰννοκεντίου
2959 1004 3051 1057 τοῦ
3095 1005 3470 1074 πρεσϐυτέρου
3499 1003 3570 1056 τὰ
3592 1002 3888 1056 πιστότατα

671 1106 691 1140 ι
725 1098 826 1151 est,
857 1089 1072 1152 habitae,
1101 1098 1292 1142 vestra:
1323 1089 1575 1142 charitati
1601 1089 1859 1152 mittere;:
1893 1089 2034 1156 quod
2063 1088 2225 1141 etiam

674 1200 690 1230 ι
727 1181 778 1232 in
833 1179 1198 1233 ecclesiastica
1265 1179 1499 1233 Historia
1566 1191 1866 1246 quaerentes
1920 1179 2223 1232 invenietis.

671 1284 688 1313 ι
726 1265 796 1316 De
831 1263 1034 1318 Pascha
1093 1276 1296 1330 autem,
1361 1275 1420 1319 ut
1481 1266 1795 1334 scripsistis,
1850 1267 2226 1321 renuntiamus

672 1372 689 1402 ι
729 1354 896 1415 vobis,
931 1355 995 1408 Α.
1032 1354 1092 1407 D.
1115 1356 1345 1422 septimo
1378 1355 1587 1409 decimo
1621 1355 1723 1408 cal.
1752 1355 1918 1409 Maias
1967 1364 2226 1422 sequente

672 1464 691 1493 ‹
726 1443 1015 1498 indictione
1047 1459 1144 1498 uos
1174 1445 1566 1499 celebraturos.
1605 1446 1942 1514 Subscriptio
1975 1445 2150 1500 :Deus
2171 1456 2226 1500 et

677 1555 695 1584 ε
737 1534 995 1588 Dominus
1030 1543 1213 1589 noster
1235 1546 1476 1589 sanctam
1530 1546 1766 1590 vestram
1824 1537 2090 1607 synodum
2133 1553 2226 1592 eu-

669 1644 687 1677 σ
717 1625 932 1680 stodiat.
961 1627 1114 1690 Quod
1143 1640 1381 1691 oramus,
1408 1626 1860 1682 venerabilissimi
1907 1627 2124 1684 fratres.
2160 1646 2179 1680 ι

663 1907 828 1979 674
868 1926 886 1958 ι
922 1907 1114 1976 Incipit
1148 1910 1364 1972 epistola
1409 1910 1569 1964 Attici
1591 1910 1812 1976 episcopi
1847 1908 2220 1966 Constantino-

1099 1997 1118 2029 ι
1156 1981 1376 2046 politani
1405 1981 1472 2031 ad
1503 1980 1727 2034 eosdem.
1751 1999 1768 2030 ι

737 2067 978 2123 Dominis
1031 2069 1507 2124 venerabilissimis
1560 2076 1614 2124 et
1654 2070 1984 2124 beatissimis
2042 2070 2222 2124 fratri-

661 2161 760 2214 bus
791 2168 844 2214 et
876 2161 1226 2229 coepiscopis,
1263 2161 1507 2224 Aurelio,
1563 2161 1869 2222 Valentino,
1910 2172 1964 2216 et
2002 2162 2222 2231 reliquis

660 2250 748 2318 qui
787 2250 838 2304 in
867 2249 1120 2305 Africana
1149 2252 1355 2322 synodo
1416 2263 1809 2317 convenerunt,
1840 2253 2048 2308 Atticus
2104 2253 2221 2323 epi-

660 2355 875 2410 scopus.

665 2453 683 2483 s
714 2433 816 2487 Per
859 2433 1022 2488 filium
1053 2445 1294 2490 nostrum
1326 2437 1636 2493 Marcellum
1697 2441 2088 2497 subdiaconum
2120 2457 2217 2500 ve-

746 2533 988 2588 «strum,
1018 2527 1229 2582 litteras
1285 2539 1474 2583 vestrae
1531 2531 1838 2587 dilectionis
1895 2547 2018 2587 cum
2071 2537 2216 2590 omni

752 2638 768 2667 ε
801 2618 985 2672 laetitia
1018 2623 1223 2689 accepi,
1251 2620 1357 2675 Deo
1377 2623 1579 2691 gratias
1603 2637 1786 2692 agens,
1810 2626 1950 2691 quod
1972 2624 2220 2694 dignatus

750 2729 768 2760 ‹
802 2727 918 2765 sum
952 2712 1055 2765 frui
1099 2721 1366 2766 tantorum
1430 2712 1656 2767 fratrum
1691 2713 2088 2772 benedictione.
2117 2717 2220 2771 Do-

755 2822 773 2851 ι
802 2804 930 2856 mini
965 2803 1264 2858 beatissimi
1322 2805 1536 2871 fratres,
1588 2804 1904 2872 scripsistis,
1939 2814 1997 2860 ut
2051 2806 2219 2860 veris-

741 2912 758 2942 σ
795 2895 961 2949 simos
981 2910 1235 2958 canones,
1277 2897 1367 2961 qui
1397 2895 1607 2960 Nicmm,
1661 2912 1780 2965 quae
1819 2905 1902 2950 est
1952 2897 2216 2970 Bithyniae

741 3003 760 3032 ε
797 2986 1132 3052 metropolis,
1194 3001 1222 3038 a
1276 2987 1528 3040 Patribus
1581 2989 1857 3043 constituti
1899 2998 2045 3058 sunt,
2096 3002 2219 3060 post

746 3095 763 3125 ι
798 3075 918 3129 fidei
955 3076 1348 3144 expositionem
1405 3077 1636 3131 mittam.
1682 3079 1748 3132 Et
1787 3079 1910 3147 quis
1969 3090 2072 3142 est,
2125 3083 2214 3150 qui
2245 3103 2291 3166 ο

742 3187 761 3218 ι
790 3181 1128 3220 communem
1155 3166 1312 3222 fidem
1342 3176 1397 3221 et
1423 3169 1636 3222 decreta
1661 3183 1690 3223 a
1730 3169 1982 3224 Patrihus
2015 3175 2216 3226 consti-

735 3279 753 3310 ε
786 3270 920 3322 tuta,
985 3261 1214 3330 propriis
1260 3260 1516 3316 fratribus
1582 3263 1850 3329 deneget?
1905 3262 2058 3317 Unde
2121 3278 2217 3332 per

739 3371 758 3402 σ
791 3353 1039 3407 eumdem
1067 3352 1237 3405 filium
1275 3361 1516 3405 nostrum
1555 3349 1870 3406 Marcellum
1929 3351 2216 3409 subdiaco-

745 3463 760 3493 ι
795 3459 920 3496 num
953 3454 1193 3497 vestrum
1224 3441 1381 3496 valde
1437 3442 1803 3504 festinantem,
1857 3446 2215 3510 quemadmo-

740 3555 758 3585 ι
789 3535 913 3589 dum
949 3549 1184 3590 canones
1214 3532 1402 3589 Nicaea
1429 3549 1457 3588 a
1510 3533 1758 3589 Patribus
1815 3535 2018 3588 definiti
2068 3543 2214 3599 sunt,

743 3625 1026 3692 «integre,
1083 3633 1140 3678 ut
1170 3623 1436 3692 jussistis,
1503 3623 1662 3687 misi;
1729 3637 1926 3692 rogans
1978 3631 2213 3677 vestram

737 3735 755 3766 ε
793 3724 1031 3770 sanctam
1098 3716 1402 3783 synodum,
1478 3723 1537 3768 ut
1601 3730 1696 3782 pro
1762 3729 1848 3769 me
1922 3715 2212 3784 plurimum

739 3825 757 3857 s
794 3820 952 3860 orare
982 3805 1256 3875 dignetur.
1290 3805 1630 3872 Subscriptio
1663 3823 1678 3860 :
1717 3804 1970 3860 Dominus
2031 3814 2216 3860 noster

734 3917 752 3949 ι
793 3897 1060 3952 custodiat
1095 3905 1328 3950 vestram
1361 3897 1724 3961 sanctitatem,
1764 3897 1906 3967 quod
1957 3910 2199 3964 oramus,

741 4005 760 4040 ι
790 3987 1117 4043 sanctissimi
1150 3985 1365 4041 fratres.
1411 4005 1428 4037 ι

730 4296 749 4328 ‹
782 4277 1051 4345 Incipiunt
1103 4273 1432 4342 exemplaria
1498 4271 1729 4326 Nicena:
1786 4269 1976 4338 synodi
2036 4270 2102 4324 Α.
2138 4269 2200 4324 D.

659 4392 676 4422 ι
715 4379 867 4424 sexto
898 4367 1152 4422 calendas
1180 4364 1512 4429 Decembris,
1547 4371 1668 4430 post
1697 4362 2039 4416 consulatum
2089 4361 2202 4414 cla-

657 4484 675 4513 ε
712 4462 1043 4516 rissimorum
1068 4459 1479 4526 imperatorum,
1517 4454 1734 4508 Honorii
1768 4452 1862 4508 ΧΠ
1923 4465 1977 4509 et
2021 4446 2208 4507 Theo-

663 4572 681 4602 ι
717 4551 851 4606 dosii
884 4548 978 4613 lx,
1005 4551 1396 4617 Augustorum,
1461 4544 1737 4598 Bonifacio
1791 4543 2035 4596 Romano
2091 4543 2208 4611 epi-

663 4663 681 4694 s
729 4656 895 4710 scopo
923 4641 1110 4694 missa.
1136 4639 1420 4694 Credimus
1444 4637 1494 4690 in
1556 4650 1718 4690 unum
1756 4635 1922 4690 Deum
1943 4634 2154 4688 Patrem
2190 4651 2204 4697 ;

659 4756 676 4782 ε
723 4747 777 4788 et
804 4733 1061 4799 deinceps
1090 4740 1332 4785 sanctum
1370 4729 1672 4799 symbolum
1719 4735 1779 4780 ut
1812 4728 1868 4781 in
1904 4725 2074 4797 prima
2126 4742 2211 4797 sy-

660 4848 676 4878 ι
718 4828 854 4881 nodo
886 4825 1145 4892 scriptum
1193 4831 1332 4876 est.»

722 5003 973 5058 ZONAR.
1001 5002 1134 5055 Huic
1166 5000 1410 5071 symbolo
1467 4999 1610 5060 fidei,
1658 4999 1822 5052 etiam
1871 4997 2204 5066 exemplaria

656 5095 1030 5149 definitionum
1077 5093 1274 5146 Νίσαεηί
1309 5090 1521 5145 concilii
1551 5105 1617 5142 ex
1666 5089 1978 5142 memoratis
2029 5102 2210 5141 sacer.

656 5187 872 5241 dotibus
901 5185 1154 5253 adjuncta
1214 5191 1360 5246 sunt,
1428 5192 1490 5237 ut
1543 5182 1789 5250 superius
1847 5181 1900 5234 in
1954 5181 2206 5234 omnibus

653 5279 1032 5333 continentur:
1073 5290 1190 5343 qua:
1223 5290 1321 5328 nos
1352 5289 1494 5326 nunc
1547 5288 1764 5327 rursum
1827 5271 2015 5326 eadem
2067 5277 2207 5326 scrt-

655 5364 828 5418 benda
866 5378 985 5417 esse
1011 5376 1232 5416 necesse
1259 5377 1366 5415 non
1393 5362 1723 5429 putavimus.

967 5539 1236 5604 Rescripta
1282 5538 1469 5607 Cyrilli
1532 5538 1889 5593 Alexandria.

656 5630 874 5684 ARIST.
918 5650 936 5681 ι
965 5630 1422 5696 Quemadmodum
1470 5631 1536 5684 ad
1579 5647 1677 5684 nos
1730 5631 2058 5700 scripsistis;
2111 5647 2208 5687 nos

727 5738 745 5769 ι
786 5722 1038 5775 fidissima
1080 5722 1408 5778 exemplaria
1438 5722 1760 5776 authenticm
1781 5722 1968 5788 synodi
1991 5723 2201 5788 Νίσαιαν,

2334 1119 2350 1151 ι
2393 1101 2480 1152 [σα
2505 1099 2575 1151 τὰ
2601 1099 2698 1167 τῆς
2728 1097 3054 1165 αὑθεντικῆς
3087 1098 3303 1150 συνόδου
3331 1096 3431 1164 τῆς
3457 1097 3514 1148 tv
3543 1098 3608 1164 τῇ
3638 1094 3889 1149 Νικαέων

2334 1209 2352 1240 ι
2397 1189 2547 1241 πόλει
2576 1191 2672 1259 τῆς
2725 1188 2976 1248 Βιθυνίας
3033 1189 3290 1257 ιχόμενα,
3344 1190 3410 1257 τῇ
3462 1187 3712 1254 ὑμετέρα
3746 1186 3886 1238 ἀπο·

2335 1301 2354 1334 ι
2401 1281 2601 1334 στεῖλαι
2655 1282 2862 1350 ἀγάπῃο
2903 1281 3042 1349 ὅπερ
3094 1280 3188 1335 καὶ
3243 1281 3302 1332 tv
3359 1281 3424 1348 τῇ
3459 1279 3883 1346 ἑκκλησιαστικῇ

2332 1392 2350 1424 ι
2399 1371 2606 1442 ἱστορία
2634 1372 2917 1442 ζητοῦντες
2955 1371 3234 1440 εὑρήσετε.
3275 1369 3410 1438 Περὶ
3441 1369 3500 1422 δὲ
3528 1369 3620 1422 τοῦ
3671 1370 3881 1438 Πάσχα,

2332 1481 2352 1514 ε
2391 1464 2464 1516 ὡς
2496 1463 2795 1533 ἐγράψατε,
2855 1461 3262 1529 ἀναγγέλλομεν
3298 1462 3445 1530 ὑμῖν,
3501 1464 3564 1529 τῇ
3591 1461 3697 1530 πρὸ
3727 1463 3886 1512 δεκα-

2332 1572 2351 1605 s
2387 1553 2522 1606 επτὰ
2579 1553 2854 1606 καλανδῶν
2906 1553 3100 1606 Μαῖων
3156 1553 3305 1620 ἡμᾶς
3370 1551 3780 1611 ἑπιτελέσοντας
3821 1553 3884 1618 τῇ

2334 1666 2353 1699 ι
2398 1645 2837 1715 ὑπεισερχομένῃ
2867 1643 3176 1698 ἱνδικτιῶνι.
3217 1643 3280 1696 Ἥ
3311 1643 3628 1709 ὑπογραφήο
3672 1642 3732 1692 '0
3755 1639 3886 1700 Θεὸς

2331 1756 2350 1789 ι
2390 1739 2517 1792 καὶὸ
2530 1737 2730 1806 Κύριος
2750 1737 2904 1805 ἡμῶν
2919 1738 3018 1807 τὴν
3035 1735 3193 1804 ἁγίαν
3211 1735 3365 1802 ὑμῶν
3389 1733 3604 1787 σύνοδον
3627 1731 3879 1799 φυλάξοι,

2333 1849 2351 1881 ι
2396 1829 2531 1897 ὅπερ
2564 1828 2856 1898 εὐχόμεθα,
2905 1827 3221 1898 τιμιώτατοι
3244 1825 3482 1892 ἀδελφοί.
3518 1843 3536 1874 ι

2326 1945 2599 2010 Ἀρχεται
2654 1943 2693 2010 ἠ
2733 1941 3027 2006 ἐπιστολὴ
3096 1938 3360 1993 Ἀττικοῦ
3388 1937 3494 2010 τοῦ
3538 1935 3879 2010 tamen;de

2429 2006 3125 2072 Κωνσταιτινουπόλεως
3161 2010 3312 2075 πρὸς
3363 2007 3507 2070 τοὺς
3532 2006 3778 2067 αὐτούς.

2389 2101 2511 2161 Τοῖς
2571 2101 2782 2171 κυρίοις
2847 2099 3209 2166 τιμιωτάτοις
3285 2098 3375 2148 καὶ
3439 2091 3882 2164 μακαριωτάτοις

2321 2192 2569 2260 ἀδελφοῖς
2620 2193 2716 2245 καὶ
2763 2191 3203 2250 συνεπισκόποις,
3256 2187 3536 2257 Δὺρηλίῳ,
3581 2185 3883 2254 Βαλεντίνῳ

2322 2284 2415 2337 καὶ
2457 2284 2569 2344 τοῖς
2629 2282 2835 2344 λοιποῖς
2888 2282 3000 2343 τοῖς
3061 2281 3118 2332 ιν
3161 2281 3225 2349 τῇ
3269 2279 3501 2347 ’Δφρικῇ
3537 2275 3883 2328 συνελθοῦσιν

2323 2374 2543 2443 συνόδῳ,
2597 2373 2843 2434 ’Δττικὸς
2870 2372 3188 2432 ἐπίσκοπος.

2327 2483 2345 2515 ι
2389 2465 2487 2516 Διὰ
2535 2463 2627 2516 τοῦ
2683 2462 2872 2515 τέκνου
2901 2459 3058 2527 ἡμῶν
3083 2455 3425 2527 Μαρκέλλου,
3460 2455 3555 2508 τοῦ
3595 2453 3882 2507 ὑποδιακό-

2395 2574 2414 2606 s
2456 2571 2548 2607 vou
2606 2554 2780 2622 ὑμῶν,
2842 2552 3145 2622 γράμματα
3199 2550 3294 2618 τῆς
3335 2548 3605 2618 ὑμετέρας
3649 2547 3881 2613 -ἀγάπης

2396 2665 2414 2698 ι
2464 2647 2600 2715 μετὰ
2640 2647 2818 2714 πάσης
2868 2640 3217 2713 εὐχαριστίας
3249 2641 3542 2708 ὶδεξάμην,
3580 2639 3660 2707 τῷ
3692 2638 3880 2708 Κυρίῳ

2396 2756 2415 2790 ι
2457 2737 2812 2804 εὐχαριστῶν,
2863 2735 2943 2787 ὅτι
2995 2729 3235 2800 ἠξιώθην
3306 2729 3575 2781 τοσούτων
3635 2726 3881 2793 ἀδελφῶν

2396 2845 2414 2876 ι
2457 2825 2705 2890 εὐλογίας
2773 2819 3097 2887 ἀπολαῦσαι,
3190 2817 3385 2887 Κύριοι
3472 2814 3880 2884 μακαριώτατα

2393 2934 2413 2968 ι
2455 2915 2694 2984 ἀδελφοὶ,
2757 2912 3069 2982 ἐγράψατε,
3138 2909 3223 2962 ἵνα
3290 2910 3416 2969 τοὺς
3481 2905 3880 2974 ἀληθεστάτους

2394 3023 2413 3054 ι
2453 3005 2704 3066 κανόνας,
2758 3005 2883 3065 τοὺς
2913 3004 2970 3054 tv
3004 3003 3068 3069 τῇ
3118 2997 3368 3051 Νικαέων
3406 2997 3737 3066 μητροπόλει
3785 2997 3880 3063 τῆς

2399 3113 2416 3145 ι
2460 3092 2710 3155 Βιθυνίας
2739 3091 2888 3161 παρὰ
2944 3090 3052 3142 τῶν
3083 3089 3346 3158 Πατέρων
3378 3087 3716 3156 ὁρισθέντας,
3748 3085 3880 3153 μετὰ

2398 3205 2414 3234 ι
2453 3184 2550 3252 τὴν
2598 3183 2833 3247 πίστεως
2867 3181 3082 3233 ἔκθεσιν
3127 3178 3453 3244 ἀποστείλω.
3492 3179 3601 3229 Καὶ
3621 3177 3704 3238 τίς
3733 3178 3878 3228 ἐστιν

2395 3294 2412 3326 ι
2454 3275 2482 3326 ό
2519 3272 2618 3343 τὴν
2649 3272 2835 3341 κοινὴν
2864 3272 3068 3329 πίστιν,
3125 3271 3220 3321 καὶ
3268 3271 3395 3331 τοὺς
3426 3270 3584 3336 ὄρους
3623 3271 3749 3329 τοὺς
3779 3267 3880 3318 ἀπὸ

2394 3385 2412 3417 s
2452 3365 2557 3417 τῶν
2605 3364 2863 3431 Πατέρων
2918 3360 3333 3429 βεϐαιωθέντας,
3393 3361 3505 3421 τοῖς
3559 3358 3707 3418 ἰδίοις
3735 3357 3878 3409 ἁδελ-

2395 3474 2412 3507 s
2459 3458 2578 3523 φοϊς
2616 3453 2984 3524 ἀρνούμενος;
3025 3450 3189 3504 Ὅθεν
3214 3450 3301 3503 διὰ
3356 3449 3446 3502 τοῦ
3476 3449 3640 3502 αὑτοῦ
3689 3449 3878 3500 τέκνου

2396 3565 2414 3597 ι
2458 3544 2616 3614 ἡμῶν
2645 3543 2965 3614 Μαρκέλλου
3016 3541 3111 3594 τοῦ
3147 3542 3507 3595 ὑποδιακόνου
3551 3539 3708 3609 ὑμῶν
3737 3542 3876 3592 πάνυ

2396 3655 2413 3687 ι
2462 3635 2801 3698 σπεύδοντος,
2834 3632 3016 3695 καθὼς
3054 3634 3103 3686 οἱ
3139 3635 3196 3685 tv
3235 3632 3440 3702 Νικαίςι
3493 3631 3599 3684 ἀπὸ
3631 3631 3742 3682 τῶν
3767 3631 3877 3686 Πα-

2392 3751 2411 3784 ‹
2453 3731 2626 3798 τέρων
2687 3728 3002 3799 ὠρίσθησαν
3052 3727 3295 3789 κανόνες,
3360 3727 3419 3778 tv
3470 3725 3769 3793 ὁλοκλήρῳ,
3807 3722 3877 3786 ὡς

2393 3841 2411 3872 ι
2456 3821 2796 3885 ἐκελεύσατε,
2859 3817 3179 3881 ἀπέστειλα,
3239 3816 3408 3869 αίτῶν
3466 3816 3566 3885 τὴν
3606 3816 3877 3882 ὑμετέραν

2393 3930 2411 3964 ι
2454 3911 2614 3979 ἁγίαν
2666 3911 2881 3964 σύνοδον
2936 3910 3077 3979 ὑπὲρ
3128 3907 3263 3976 ἐμοῦ
3325 3906 3581 3963 πλείστας
3623 3904 3877 3969 εὔξασθαι

2392 4023 2411 4056 ι
2451 4003 2810 4068 καταξιῶσαι.
2858 4000 2919 4054 Ἦ
2976 4000 3267 4069 ὑπογραφὴ
3294 4014 3311 4031 ο
3353 3998 3411 4050 '0
3477 3996 3680 4065 Κύριος
3723 3995 3876 4063 ἡμῶν
3916 4012 3928 4026 ·

2391 4114 2409 4145 ι
2455 4094 2681 4163 φυλάξοι
2725 4094 2823 4162 τὴν
2854 4090 3125 4160 ὑμετέραν
3159 4087 3494 4159 ἁγιωσύνην,
3544 4087 3681 4156 ὅπερ
3728 4085 3875 4156 εὑχόο

2390 4205 2409 4236 ε
2453 4186 2609 4254 μεθα,
2644 4185 2934 4252 ἁγιώτατοι
2966 4182 3204 4248 ἀδελφοί.
3245 4199 3263 4231 ι

2389 4297 2406 4328 ι
2454 4279 2712 4348 Ἀρχεται
2741 4276 2810 4327 τὰ
2847 4275 2937 4326 ἶσα
2963 4274 3059 4341 τῆς
3086 4274 3143 4324 tv
3172 4271 3377 4338 Νικαία
3409 4267 3628 4320 συνόδου
3660 4267 3727 4320 τὰ
3749 4269 3875 4320 ἀπο-

2324 4386 2340 4416 ι
2389 4366 2649 4419 σταλέντα
2693 4368 2758 4435 τῇ
2805 4365 2910 4433 πρὸ
2942 4363 2998 4428 ἒξ
3023 4360 3302 4415 καλανδῶν
3341 4358 3708 4427 Δεκεμϐρίων,
3745 4358 3875 4427 μετὰ

2322 4475 2339 4506 ι
2384 4456 2479 4526 τὴν
2495 4455 2754 4508 ὑπατείαν
2780 4453 2886 4506 τῶν
2909 4452 3263 4517 ἐνδοξοτάτων
3288 4449 3575 4519 βασιλέων,
3612 4449 3870 4516 Ὀνωρίου

2321 4567 2339 4600 ‹
2384 4548 2445 4600 τὸ
2491 4548 2828 4608 δωδέκατον,
2881 4545 2975 4597 καὶ
3026 4543 3306 4596 Θεοδοσίου
3355 4542 3414 4593 τὸ
3469 4540 3711 4603 ἔννατον,
3770 4539 3875 4590 τῶν

2320 4659 2337 4690 ι
2385 4639 2729 4706 Αὑγούστων,
2777 4636 3081 4704 Βονιφατίῳ
3141 4633 3217 4702 τῷ
3286 4632 3573 4700 ὲπισκόπῳ
3637 4630 3874 4698 Ῥώμης.

2318 4751 2335 4783 ι
2384 4730 2720 4799 Πιστεύομεν
2771 4730 2849 4789 είς
2897 4729 2994 4781 ἕνα
3037 4726 3170 4779 Θεὸν
3226 4725 3464 4792 Πατέρα’
3517 4724 3615 4775 καὶ
3678 4721 3873 4788 ἑφεξῆς

2321 4842 2338 4874 ι
2383 4823 2443 4875 τὸ
2497 4823 2651 4889 ἇγιον
2712 4818 3002 4888 σύμϐολον,
3068 4818 3143 4879 ὡς
3199 4816 3262 4868 tv
3317 4817 3381 4885 τῇ
3440 4813 3636 4885 πρώτῃ
3679 4813 3873 4881 συνόδῳ

2318 4932 2336 4964 s
2384 4913 2620 4981 ἐγράφη.
2659 4931 2678 4962 ι

2385 5000 2628 5052 ΖΩΝΑΡ.
2660 4997 2750 5066 Τῷ
2776 4996 3002 5065 παρόντι
3041 4993 3295 5062 συμϐόλῳ
3334 4993 3432 5060 τῆς
3487 4991 3748 5055 πίστεως,
3782 4988 3872 5040 καὶ

2311 5092 2378 5144 τὰ
2404 5091 2492 5142 ῐσα
2524 5091 2630 5143 τῶν
2657 5090 2801 5158 ὅρων
2849 5089 2946 5156 τῆς
3001 5087 3176 5153 αὑτῆς
3199 5087 3258 5137 ὲν
3316 5083 3521 5152 Νικαίᾳ
3554 5082 3776 5134 συνόδου
3813 5083 3871 5132 ιγ

2311 5181 2420 5233 τῶν
2447 5178 2932 5249 μνημονευθέντων
2999 5177 3190 5246 ἱερέων
3247 5171 3746 5242 προσεξεύχθησαν,
3801 5171 3870 5231 ὡς

2311 5270 2566 5339 ἀνωτέρω
2593 5272 2651 5321 tv
2679 5271 2810 5321 πᾶσι
2876 5268 3242 5337 περιέχονται·
3277 5268 3421 5334 ᾰπερ
3453 5267 3613 5333 ἡμεῖς
3637 5262 3868 5314 ἐνταῦθα

2313 5360 2476 5412 πάλιν
2520 5359 2588 5409 τὰ
2649 5358 2787 5412 αὐτὰ
2843 5357 3119 5426 γραφῆναι
3173 5355 3469 5421 ἀναγκαῖον
3519 5353 3616 5419 οὑχ
3669 5348 3868 5420 ἡγησά-

2313 5451 2471 5519 μεθα.

2502 5542 2854 5609 ’ΔγτίγῬαςρα
2875 5533 3665 5606 ΚυρίλλουἈλεξανδρείας.

2309 5633 2526 5687 ΑΡΙΣΤ.
2594 5652 2612 5684 ι
2673 5634 2864 5694 Καθὼς
2936 5634 3065 5700 ἡμῖν
3120 5628 3416 5698 ἐγράψατε,
3450 5623 3517 5676 τὰ
3577 5623 3868 5676 πιστότατα

2394 5744 2411 5776 ι
2457 5727 2545 5778 ἴσα
2606 5727 2704 5789 ’ξς
2765 5722 3088 5784 αὐθεντικῆς
3139 5719 3357 5773 συνόδου
3385 5717 3483 5782 τῆς
3513 5718 3569 5769 ἐν
3628 5716 3870 5769 Νικαέων
