  <div class='ocr_page' id='page_1' title='image "/cluster/home/n/w/nwhite01/storage/ocr_20150623/138/uva.x030486987/260.png"; bbox 0 0 4136 6480; ppageno 0'>
   <div class='ocr_carea' id='block_1_1' title="bbox 241 397 345 464">
    <p class='ocr_par' dir='ltr' id='par_1_1' title="bbox 241 397 345 464">
     <span class='ocr_line' id='line_1_1' title="bbox 241 397 345 464; baseline -0.01 0"><span class='ocrx_word' id='word_1_1' title='bbox 241 397 345 464; x_wconf 63' lang='grc' dir='ltr'><strong>ιιι</strong></span> 
     </span>
    </p>
   </div>
   <div class='ocr_carea' id='block_1_2' title="bbox 323 513 1820 586">
    <p class='ocr_par' dir='ltr' id='par_1_2' title="bbox 323 513 1820 586">
     <span class='ocr_line' id='line_1_2' title="bbox 323 513 1820 586; baseline -0.001 -20"><span class='ocrx_word' id='word_1_2' title='bbox 323 535 340 566; x_wconf 78' lang='grc' dir='ltr'><strong>ι</strong></span> <span class='ocrx_word' id='word_1_3' title='bbox 386 515 538 567; x_wconf 85' lang='grc' dir='ltr'>πόλει</span> <span class='ocrx_word' id='word_1_4' title='bbox 592 514 690 582; x_wconf 86' lang='grc' dir='ltr'>τῆς</span> <span class='ocrx_word' id='word_1_5' title='bbox 737 513 1006 577; x_wconf 77' lang='grc' dir='ltr'><strong>Βιθυνίας,</strong></span> <span class='ocrx_word' id='word_1_6' title='bbox 1048 516 1113 586; x_wconf 80' lang='grc' dir='ltr'>τῇ</span> <span class='ocrx_word' id='word_1_7' title='bbox 1173 513 1417 586; x_wconf 75' lang='grc' dir='ltr'>ὑμετὲρᾳ</span> <span class='ocrx_word' id='word_1_8' title='bbox 1462 515 1654 586; x_wconf 81' lang='grc' dir='ltr'>ἀγάπῃ</span> <span class='ocrx_word' id='word_1_9' title='bbox 1686 514 1820 567; x_wconf 87' lang='grc' dir='ltr'>ἀπε-</span> 
     </span>
    </p>
   </div>
   <div class='ocr_carea' id='block_1_3' title="bbox 318 605 754 671">
    <p class='ocr_par' dir='ltr' id='par_1_3' title="bbox 318 605 754 671">
     <span class='ocr_line' id='line_1_3' title="bbox 318 605 754 671; baseline 0 -16"><span class='ocrx_word' id='word_1_10' title='bbox 318 622 338 654; x_wconf 75' lang='grc' dir='ltr'><strong>ε</strong></span> <span class='ocrx_word' id='word_1_11' title='bbox 388 605 699 671; x_wconf 79' lang='grc' dir='ltr'>στείλαμεν.</span> <span class='ocrx_word' id='word_1_12' title='bbox 735 622 754 655; x_wconf 85' lang='grc'>›</span> 
     </span>
    </p>
   </div>
   <div class='ocr_carea' id='block_1_4' title="bbox 516 696 1550 762">
    <p class='ocr_par' dir='ltr' id='par_1_4' title="bbox 516 696 1550 762">
     <span class='ocr_line' id='line_1_4' title="bbox 516 696 1550 762; baseline 0 -11"><span class='ocrx_word' id='word_1_13' title='bbox 516 696 782 751; x_wconf 72' lang='grc' dir='ltr'>Ἀττικοῦ</span> <span class='ocrx_word' id='word_1_14' title='bbox 828 699 1550 762; x_wconf 76' lang='grc' dir='ltr'>Κωνσταντινουπόλεως.</span> 
     </span>
    </p>
   </div>
   <div class='ocr_carea' id='block_1_5' title="bbox 254 787 1822 858">
    <p class='ocr_par' dir='ltr' id='par_1_5' title="bbox 254 787 1822 858">
     <span class='ocr_line' id='line_1_5' title="bbox 254 787 1822 858; baseline 0.005 -22"><span class='ocrx_word' id='word_1_15' title='bbox 254 805 266 836; x_wconf 88' lang='grc' dir='ltr'><strong>ι</strong></span> <span class='ocrx_word' id='word_1_16' title='bbox 317 788 382 839; x_wconf 82' lang='lat' dir='ltr'><strong>0i</strong></span> <span class='ocrx_word' id='word_1_17' title='bbox 431 789 527 854; x_wconf 84' lang='grc' dir='ltr'>τῆς</span> <span class='ocrx_word' id='word_1_18' title='bbox 589 789 646 840; x_wconf 81' lang='grc' dir='ltr'>ὲν</span> <span class='ocrx_word' id='word_1_19' title='bbox 699 787 901 857; x_wconf 61' lang='grc' dir='ltr'><strong>Νικαίιρ⁵</strong></span> <span class='ocrx_word' id='word_1_20' title='bbox 957 789 1199 854; x_wconf 82' lang='grc' dir='ltr'><strong>κανόνες,</strong></span> <span class='ocrx_word' id='word_1_21' title='bbox 1261 790 1442 853; x_wconf 84' lang='grc' dir='ltr'>καθὼς</span> <span class='ocrx_word' id='word_1_22' title='bbox 1497 792 1644 858; x_wconf 82' lang='grc' dir='ltr'>παρὰ</span> <span class='ocrx_word' id='word_1_23' title='bbox 1711 788 1822 844; x_wconf 83' lang='grc' dir='ltr'><strong>τῶν</strong></span> 
     </span>
    </p>
   </div>
   <div class='ocr_carea' id='block_1_6' title="bbox 325 879 1818 954">
    <p class='ocr_par' dir='ltr' id='par_1_6' title="bbox 325 879 1818 954">
     <span class='ocr_line' id='line_1_6' title="bbox 325 879 1818 954; baseline 0.006 -23"><span class='ocrx_word' id='word_1_24' title='bbox 325 899 344 931; x_wconf 76' lang='grc' dir='ltr'><strong>ι</strong></span> <span class='ocrx_word' id='word_1_25' title='bbox 396 879 654 951; x_wconf 77' lang='grc' dir='ltr'>Πατέρων</span> <span class='ocrx_word' id='word_1_26' title='bbox 710 881 1050 950; x_wconf 85' lang='grc' dir='ltr'>ὡρίσθησαν,</span> <span class='ocrx_word' id='word_1_27' title='bbox 1107 882 1512 952; x_wconf 80' lang='grc' dir='ltr'><strong>ἀπεστάλησαν,</strong></span> <span class='ocrx_word' id='word_1_28' title='bbox 1548 884 1624 948; x_wconf 85' lang='grc' dir='ltr'>ὡς</span> <span class='ocrx_word' id='word_1_29' title='bbox 1652 885 1818 954; x_wconf 72' lang='grc' dir='ltr'>ἐγρά-</span> 
     </span>
    </p>
   </div>
   <div class='ocr_carea' id='block_1_7' title="bbox 322 971 542 1040">
    <p class='ocr_par' dir='ltr' id='par_1_7' title="bbox 322 971 542 1040">
     <span class='ocr_line' id='line_1_7' title="bbox 322 971 542 1040; baseline 0.018 -19"><span class='ocrx_word' id='word_1_30' title='bbox 322 989 342 1021; x_wconf 73' lang='grc' dir='ltr'><strong>ι</strong></span> <span class='ocrx_word' id='word_1_31' title='bbox 382 971 542 1040; x_wconf 79' lang='grc' dir='ltr'>ψατε.</span> 
     </span>
    </p>
   </div>
   <div class='ocr_carea' id='block_1_8' title="bbox 255 1061 1815 1136">
    <p class='ocr_par' dir='ltr' id='par_1_8' title="bbox 255 1061 1815 1136">
     <span class='ocr_line' id='line_1_8' title="bbox 255 1061 1815 1136; baseline 0.003 -22"><span class='ocrx_word' id='word_1_32' title='bbox 255 1083 269 1114; x_wconf 85' lang='grc' dir='ltr'><strong>ι</strong></span> <span class='ocrx_word' id='word_1_33' title='bbox 325 1061 664 1130; x_wconf 87' lang='grc' dir='ltr'>Πιστεύομεν</span> <span class='ocrx_word' id='word_1_34' title='bbox 698 1064 780 1124; x_wconf 85' lang='grc' dir='ltr'><strong>είς</strong></span> <span class='ocrx_word' id='word_1_35' title='bbox 809 1063 906 1117; x_wconf 74' lang='grc' dir='ltr'>ἕνα</span> <span class='ocrx_word' id='word_1_36' title='bbox 937 1065 1090 1128; x_wconf 80' lang='grc' dir='ltr'>Θεὸν,</span> <span class='ocrx_word' id='word_1_37' title='bbox 1127 1065 1349 1134; x_wconf 79' lang='grc' dir='ltr'><strong>Πατέρα</strong></span> <span class='ocrx_word' id='word_1_38' title='bbox 1377 1068 1815 1136; x_wconf 85' lang='grc' dir='ltr'>παντοκράτορα,</span> 
     </span>
    </p>
   </div>
   <div class='ocr_carea' id='block_1_9' title="bbox 325 1154 1816 1226">
    <p class='ocr_par' dir='ltr' id='par_1_9' title="bbox 325 1154 1816 1226">
     <span class='ocr_line' id='line_1_9' title="bbox 325 1154 1816 1226; baseline 0.005 -22"><span class='ocrx_word' id='word_1_39' title='bbox 325 1172 343 1205; x_wconf 82' lang='grc' dir='ltr'><strong>ι</strong></span> <span class='ocrx_word' id='word_1_40' title='bbox 382 1154 594 1223; x_wconf 79' lang='grc' dir='ltr'>ὁρατῶν</span> <span class='ocrx_word' id='word_1_41' title='bbox 613 1172 670 1206; x_wconf 89' lang='grc' dir='ltr'><strong>τε</strong></span> <span class='ocrx_word' id='word_1_42' title='bbox 696 1155 788 1207; x_wconf 73' lang='grc' dir='ltr'>καὶ</span> <span class='ocrx_word' id='word_1_43' title='bbox 811 1156 1060 1226; x_wconf 81' lang='grc' dir='ltr'><strong>ἀοράτων</strong></span> <span class='ocrx_word' id='word_1_44' title='bbox 1085 1157 1333 1226; x_wconf 83' lang='grc' dir='ltr'>ποιητήν·</span> <span class='ocrx_word' id='word_1_45' title='bbox 1358 1155 1544 1218; x_wconf 74' lang='grc' dir='ltr'>καὶείς</span> <span class='ocrx_word' id='word_1_46' title='bbox 1575 1157 1668 1210; x_wconf 72' lang='grc' dir='ltr'>ἕνα</span> <span class='ocrx_word' id='word_1_47' title='bbox 1702 1158 1816 1211; x_wconf 84' lang='grc' dir='ltr'><strong>Κύ-</strong></span> 
     </span>
    </p>
   </div>
   <div class='ocr_carea' id='block_1_10' title="bbox 325 1246 1816 1318">
    <p class='ocr_par' dir='ltr' id='par_1_10' title="bbox 325 1246 1816 1318">
     <span class='ocr_line' id='line_1_10' title="bbox 325 1246 1816 1318; baseline 0.003 -22"><span class='ocrx_word' id='word_1_48' title='bbox 325 1264 344 1296; x_wconf 83' lang='grc'><em>‹</em></span> <span class='ocrx_word' id='word_1_49' title='bbox 384 1263 495 1313; x_wconf 90' lang='grc' dir='ltr'>ριον</span> <span class='ocrx_word' id='word_1_50' title='bbox 512 1246 716 1314; x_wconf 81' lang='grc' dir='ltr'><strong>Ἰησοῦν</strong></span> <span class='ocrx_word' id='word_1_51' title='bbox 730 1248 1078 1318; x_wconf 81' lang='grc' dir='ltr'>Χριστὸν,τδν</span> <span class='ocrx_word' id='word_1_52' title='bbox 1096 1249 1223 1301; x_wconf 81' lang='grc' dir='ltr'>Υίδν</span> <span class='ocrx_word' id='word_1_53' title='bbox 1239 1247 1328 1300; x_wconf 92' lang='grc' dir='ltr'><strong>τοῦ</strong></span> <span class='ocrx_word' id='word_1_54' title='bbox 1341 1247 1475 1301; x_wconf 86' lang='grc' dir='ltr'>Θεοῦ</span> <span class='ocrx_word' id='word_1_55' title='bbox 1489 1251 1816 1318; x_wconf 81' lang='grc' dir='ltr'>γεννηθέντα</span> 
     </span>
    </p>
   </div>
   <div class='ocr_carea' id='block_1_11' title="bbox 326 1337 1816 1412">
    <p class='ocr_par' dir='ltr' id='par_1_11' title="bbox 326 1337 1816 1412">
     <span class='ocr_line' id='line_1_11' title="bbox 326 1337 1816 1412; baseline 0.005 -25"><span class='ocrx_word' id='word_1_56' title='bbox 326 1354 342 1387; x_wconf 85' lang='grc' dir='ltr'><strong>ι</strong></span> <span class='ocrx_word' id='word_1_57' title='bbox 386 1339 448 1390; x_wconf 80' lang='grc' dir='ltr'>ὲκ</span> <span class='ocrx_word' id='word_1_58' title='bbox 477 1337 568 1390; x_wconf 81' lang='grc' dir='ltr'><strong>τοῦ</strong></span> <span class='ocrx_word' id='word_1_59' title='bbox 596 1340 798 1410; x_wconf 83' lang='grc' dir='ltr'>Πατρδς</span> <span class='ocrx_word' id='word_1_60' title='bbox 822 1343 1106 1412; x_wconf 79' lang='grc' dir='ltr'><strong>μονογενῆ,</strong></span> <span class='ocrx_word' id='word_1_61' title='bbox 1130 1344 1408 1395; x_wconf 77' lang='grc' dir='ltr'>τουτέστιν</span> <span class='ocrx_word' id='word_1_62' title='bbox 1428 1343 1491 1394; x_wconf 81' lang='grc' dir='ltr'>ἐκ</span> <span class='ocrx_word' id='word_1_63' title='bbox 1507 1342 1608 1410; x_wconf 81' lang='grc' dir='ltr'>τῆς</span> <span class='ocrx_word' id='word_1_64' title='bbox 1631 1341 1816 1405; x_wconf 81' lang='grc' dir='ltr'><strong>οὐσίας</strong></span> 
     </span>
    </p>
   </div>
   <div class='ocr_carea' id='block_1_12' title="bbox 324 1429 1818 1502">
    <p class='ocr_par' dir='ltr' id='par_1_12' title="bbox 324 1429 1818 1502">
     <span class='ocr_line' id='line_1_12' title="bbox 324 1429 1818 1502; baseline 0.005 -23"><span class='ocrx_word' id='word_1_65' title='bbox 324 1447 342 1479; x_wconf 78' lang='grc' dir='ltr'><strong>ι</strong></span> <span class='ocrx_word' id='word_1_66' title='bbox 387 1429 481 1481; x_wconf 86' lang='grc' dir='ltr'><strong>τοῦ</strong></span> <span class='ocrx_word' id='word_1_67' title='bbox 525 1433 764 1502; x_wconf 76' lang='grc' dir='ltr'>Πατρὺς,</span> <span class='ocrx_word' id='word_1_68' title='bbox 803 1433 934 1486; x_wconf 84' lang='grc' dir='ltr'>Θεδν</span> <span class='ocrx_word' id='word_1_69' title='bbox 980 1436 1042 1486; x_wconf 81' lang='grc' dir='ltr'>ἐκ</span> <span class='ocrx_word' id='word_1_70' title='bbox 1072 1433 1228 1496; x_wconf 73' lang='grc' dir='ltr'>Θεοῦ,</span> <span class='ocrx_word' id='word_1_71' title='bbox 1261 1433 1376 1502; x_wconf 81' lang='grc' dir='ltr'><strong>φῶς</strong></span> <span class='ocrx_word' id='word_1_72' title='bbox 1401 1436 1464 1487; x_wconf 82' lang='grc' dir='ltr'>ὲκ</span> <span class='ocrx_word' id='word_1_73' title='bbox 1487 1435 1818 1501; x_wconf 78' lang='grc' dir='ltr'>φωτὸς,Θεὸν</span> 
     </span>
    </p>
   </div>
   <div class='ocr_carea' id='block_1_13' title="bbox 319 1520 1820 1593">
    <p class='ocr_par' dir='ltr' id='par_1_13' title="bbox 319 1520 1820 1593">
     <span class='ocr_line' id='line_1_13' title="bbox 319 1520 1820 1593; baseline 0.005 -25"><span class='ocrx_word' id='word_1_74' title='bbox 319 1537 337 1566; x_wconf 79' lang='grc' dir='ltr'><strong>ι</strong></span> <span class='ocrx_word' id='word_1_75' title='bbox 387 1520 645 1588; x_wconf 83' lang='grc' dir='ltr'>ἀληθινὸν</span> <span class='ocrx_word' id='word_1_76' title='bbox 670 1523 734 1576; x_wconf 71' lang='grc' dir='ltr'>ἐκ</span> <span class='ocrx_word' id='word_1_77' title='bbox 758 1523 894 1576; x_wconf 84' lang='grc' dir='ltr'>Θεοῦ</span> <span class='ocrx_word' id='word_1_78' title='bbox 913 1523 1188 1592; x_wconf 70' lang='grc' dir='ltr'>ἀληθινοῦο</span> <span class='ocrx_word' id='word_1_79' title='bbox 1209 1524 1560 1592; x_wconf 71' lang='grc' dir='ltr'>γεννηθέντα,</span> <span class='ocrx_word' id='word_1_80' title='bbox 1585 1525 1644 1576; x_wconf 81' lang='grc' dir='ltr'>οὐ</span> <span class='ocrx_word' id='word_1_81' title='bbox 1666 1541 1820 1593; x_wconf 90' lang='grc' dir='ltr'>ποιη-</span> 
     </span>
    </p>
   </div>
   <div class='ocr_carea' id='block_1_14' title="bbox 320 1609 1820 1684">
    <p class='ocr_par' dir='ltr' id='par_1_14' title="bbox 320 1609 1820 1684">
     <span class='ocr_line' id='line_1_14' title="bbox 320 1609 1820 1684; baseline 0.005 -24"><span class='ocrx_word' id='word_1_82' title='bbox 320 1629 337 1660; x_wconf 75' lang='grc' dir='ltr'><strong>ι</strong></span> <span class='ocrx_word' id='word_1_83' title='bbox 386 1609 568 1663; x_wconf 81' lang='grc' dir='ltr'>θέντα·</span> <span class='ocrx_word' id='word_1_84' title='bbox 627 1613 910 1682; x_wconf 85' lang='grc' dir='ltr'>ὁμοούσιον</span> <span class='ocrx_word' id='word_1_85' title='bbox 956 1615 1032 1682; x_wconf 81' lang='grc' dir='ltr'><strong>τῷ</strong></span> <span class='ocrx_word' id='word_1_86' title='bbox 1084 1615 1283 1684; x_wconf 84' lang='grc' dir='ltr'>Πατρί·</span> <span class='ocrx_word' id='word_1_87' title='bbox 1333 1615 1401 1667; x_wconf 85' lang='grc' dir='ltr'><strong>δι’</strong></span> <span class='ocrx_word' id='word_1_88' title='bbox 1446 1610 1506 1669; x_wconf 77' lang='grc' dir='ltr'><strong>οὗ</strong></span> <span class='ocrx_word' id='word_1_89' title='bbox 1548 1618 1617 1669; x_wconf 79' lang='grc' dir='ltr'>τὰ</span> <span class='ocrx_word' id='word_1_90' title='bbox 1646 1617 1820 1670; x_wconf 82' lang='grc' dir='ltr'>πάντα</span> 
     </span>
    </p>
   </div>
   <div class='ocr_carea' id='block_1_15' title="bbox 325 1703 1820 1778">
    <p class='ocr_par' dir='ltr' id='par_1_15' title="bbox 325 1703 1820 1778">
     <span class='ocr_line' id='line_1_15' title="bbox 325 1703 1820 1778; baseline 0.005 -26"><span class='ocrx_word' id='word_1_91' title='bbox 325 1720 343 1752; x_wconf 78' lang='grc' dir='ltr'><strong>ι</strong></span> <span class='ocrx_word' id='word_1_92' title='bbox 388 1703 628 1769; x_wconf 78' lang='grc' dir='ltr'>ἐγένετο·</span> <span class='ocrx_word' id='word_1_93' title='bbox 655 1704 748 1755; x_wconf 80' lang='grc' dir='ltr'><strong>τὸν</strong></span> <span class='ocrx_word' id='word_1_94' title='bbox 792 1703 860 1756; x_wconf 82' lang='grc' dir='ltr'><strong>δι’</strong></span> <span class='ocrx_word' id='word_1_95' title='bbox 890 1706 1039 1775; x_wconf 78' lang='grc' dir='ltr'>ἡμᾶς</span> <span class='ocrx_word' id='word_1_96' title='bbox 1081 1706 1174 1758; x_wconf 70' lang='grc' dir='ltr'>καὶ</span> <span class='ocrx_word' id='word_1_97' title='bbox 1205 1705 1302 1776; x_wconf 76' lang='grc' dir='ltr'>τὴν</span> <span class='ocrx_word' id='word_1_98' title='bbox 1335 1708 1612 1778; x_wconf 78' lang='grc' dir='ltr'>ἡμετέραν</span> <span class='ocrx_word' id='word_1_99' title='bbox 1643 1725 1820 1777; x_wconf 83' lang='grc' dir='ltr'>σωτη-</span> 
     </span>
    </p>
   </div>
   <div class='ocr_carea' id='block_1_16' title="bbox 327 1794 1820 1869">
    <p class='ocr_par' dir='ltr' id='par_1_16' title="bbox 327 1794 1820 1869">
     <span class='ocr_line' id='line_1_16' title="bbox 327 1794 1820 1869; baseline 0.005 -24"><span class='ocrx_word' id='word_1_100' title='bbox 327 1813 346 1845; x_wconf 82' lang='grc' dir='ltr'><strong>ι</strong></span> <span class='ocrx_word' id='word_1_101' title='bbox 389 1794 512 1864; x_wconf 89' lang='grc' dir='ltr'>ρίαν</span> <span class='ocrx_word' id='word_1_102' title='bbox 551 1795 905 1858; x_wconf 81' lang='grc' dir='ltr'>κατελθόντα,</span> <span class='ocrx_word' id='word_1_103' title='bbox 960 1797 1335 1867; x_wconf 83' lang='grc' dir='ltr'>σαρκωθέντα,</span> <span class='ocrx_word' id='word_1_104' title='bbox 1387 1800 1481 1852; x_wconf 65' lang='grc' dir='ltr'>καὶ</span> <span class='ocrx_word' id='word_1_105' title='bbox 1550 1801 1820 1869; x_wconf 70' lang='grc' dir='ltr'>ἔνανθρω-</span> 
     </span>
    </p>
   </div>
   <div class='ocr_carea' id='block_1_17' title="bbox 326 1884 1818 1952">
    <p class='ocr_par' dir='ltr' id='par_1_17' title="bbox 326 1884 1818 1952">
     <span class='ocr_line' id='line_1_17' title="bbox 326 1884 1818 1952; baseline 0.005 -18"><span class='ocrx_word' id='word_1_106' title='bbox 326 1901 344 1934; x_wconf 79' lang='grc' dir='ltr'><strong>ι</strong></span> <span class='ocrx_word' id='word_1_107' title='bbox 386 1884 658 1952; x_wconf 87' lang='grc' dir='ltr'>πήσαντα,</span> <span class='ocrx_word' id='word_1_108' title='bbox 713 1885 976 1950; x_wconf 79' lang='grc' dir='ltr'>παθόντα,</span> <span class='ocrx_word' id='word_1_109' title='bbox 1028 1887 1358 1949; x_wconf 82' lang='grc' dir='ltr'>ἀναστάντα,</span> <span class='ocrx_word' id='word_1_110' title='bbox 1393 1889 1488 1941; x_wconf 79' lang='grc' dir='ltr'>καὶ</span> <span class='ocrx_word' id='word_1_111' title='bbox 1525 1889 1818 1942; x_wconf 80' lang='grc' dir='ltr'>ἀνελθόντα</span> 
     </span>
    </p>
   </div>
   <div class='ocr_carea' id='block_1_18' title="bbox 321 1973 1819 2049">
    <p class='ocr_par' dir='ltr' id='par_1_18' title="bbox 321 1973 1819 2049">
     <span class='ocr_line' id='line_1_18' title="bbox 321 1973 1819 2049; baseline 0.005 -25"><span class='ocrx_word' id='word_1_112' title='bbox 321 1991 339 2024; x_wconf 83' lang='grc' dir='ltr'><strong>ι</strong></span> <span class='ocrx_word' id='word_1_113' title='bbox 382 1975 462 2033; x_wconf 83' lang='grc' dir='ltr'><strong>είς</strong></span> <span class='ocrx_word' id='word_1_114' title='bbox 491 1973 616 2036; x_wconf 74' lang='grc' dir='ltr'>τοὺς</span> <span class='ocrx_word' id='word_1_115' title='bbox 640 1973 923 2042; x_wconf 75' lang='grc' dir='ltr'>οὐρανοὺς,</span> <span class='ocrx_word' id='word_1_116' title='bbox 948 1975 1046 2028; x_wconf 75' lang='grc' dir='ltr'><strong>καὶ</strong></span> <span class='ocrx_word' id='word_1_117' title='bbox 1080 1979 1248 2030; x_wconf 86' lang='grc' dir='ltr'>πάλιν</span> <span class='ocrx_word' id='word_1_118' title='bbox 1279 1979 1579 2048; x_wconf 74' lang='grc' dir='ltr'>ἐρχόμενον</span> <span class='ocrx_word' id='word_1_119' title='bbox 1635 1982 1819 2049; x_wconf 81' lang='grc' dir='ltr'>κρῖναι</span> 
     </span>
    </p>
   </div>
   <div class='ocr_carea' id='block_1_19' title="bbox 320 2061 1820 2134">
    <p class='ocr_par' dir='ltr' id='par_1_19' title="bbox 320 2061 1820 2134">
     <span class='ocr_line' id='line_1_19' title="bbox 320 2061 1820 2134; baseline 0.004 -21"><span class='ocrx_word' id='word_1_120' title='bbox 320 2081 341 2114; x_wconf 86' lang='grc'><em>‹</em></span> <span class='ocrx_word' id='word_1_121' title='bbox 391 2061 604 2125; x_wconf 81' lang='grc' dir='ltr'>ζῶντας</span> <span class='ocrx_word' id='word_1_122' title='bbox 661 2077 756 2117; x_wconf 85' lang='grc' dir='ltr'><strong>και</strong></span> <span class='ocrx_word' id='word_1_123' title='bbox 821 2065 1073 2134; x_wconf 81' lang='grc' dir='ltr'>νεκρούς·</span> <span class='ocrx_word' id='word_1_124' title='bbox 1115 2067 1209 2118; x_wconf 77' lang='grc' dir='ltr'>καὶ</span> <span class='ocrx_word' id='word_1_125' title='bbox 1249 2069 1330 2130; x_wconf 89' lang='grc' dir='ltr'><strong>είς</strong></span> <span class='ocrx_word' id='word_1_126' title='bbox 1383 2067 1444 2119; x_wconf 79' lang='grc' dir='ltr'>τὸ</span> <span class='ocrx_word' id='word_1_127' title='bbox 1505 2068 1725 2134; x_wconf 84' lang='grc' dir='ltr'>Πνεῦμα</span> <span class='ocrx_word' id='word_1_128' title='bbox 1760 2070 1820 2119; x_wconf 82' lang='grc' dir='ltr'><strong>τδ</strong></span> 
     </span>
    </p>
   </div>
   <div class='ocr_carea' id='block_1_20' title="bbox 321 2153 1819 2227">
    <p class='ocr_par' dir='ltr' id='par_1_20' title="bbox 321 2153 1819 2227">
     <span class='ocr_line' id='line_1_20' title="bbox 321 2153 1819 2227; baseline 0.003 -23"><span class='ocrx_word' id='word_1_129' title='bbox 321 2171 340 2203; x_wconf 80' lang='grc' dir='ltr'><strong>ι</strong></span> <span class='ocrx_word' id='word_1_130' title='bbox 387 2153 561 2219; x_wconf 74' lang='grc' dir='ltr'>ἅγιον.</span> <span class='ocrx_word' id='word_1_131' title='bbox 622 2155 759 2217; x_wconf 82' lang='grc' dir='ltr'>Τοὺς</span> <span class='ocrx_word' id='word_1_132' title='bbox 794 2155 851 2208; x_wconf 83' lang='grc' dir='ltr'>δέ</span> <span class='ocrx_word' id='word_1_133' title='bbox 904 2157 1185 2223; x_wconf 81' lang='grc' dir='ltr'>λέγοντας,</span> <span class='ocrx_word' id='word_1_134' title='bbox 1221 2154 1329 2211; x_wconf 84' lang='grc' dir='ltr'>Ἦν</span> <span class='ocrx_word' id='word_1_135' title='bbox 1378 2159 1568 2227; x_wconf 80' lang='grc' dir='ltr'>καιρὸς</span> <span class='ocrx_word' id='word_1_136' title='bbox 1607 2159 1695 2220; x_wconf 78' lang='grc' dir='ltr'>ὅτε</span> <span class='ocrx_word' id='word_1_137' title='bbox 1722 2159 1819 2210; x_wconf 80' lang='grc' dir='ltr'>οὐκ</span> 
     </span>
    </p>
   </div>
   <div class='ocr_carea' id='block_1_21' title="bbox 318 2240 1815 2320">
    <p class='ocr_par' dir='ltr' id='par_1_21' title="bbox 318 2240 1815 2320">
     <span class='ocr_line' id='line_1_21' title="bbox 318 2240 1815 2320; baseline 0.005 -24"><span class='ocrx_word' id='word_1_138' title='bbox 318 2265 337 2296; x_wconf 76' lang='grc' dir='ltr'><strong>ι</strong></span> <span class='ocrx_word' id='word_1_139' title='bbox 388 2240 477 2315; x_wconf 82' lang='grc' dir='ltr'>ἧν,</span> <span class='ocrx_word' id='word_1_140' title='bbox 505 2250 599 2299; x_wconf 74' lang='grc' dir='ltr'><strong>καὶ</strong></span> <span class='ocrx_word' id='word_1_141' title='bbox 622 2249 703 2300; x_wconf 86' lang='grc' dir='ltr'>ὅτι</span> <span class='ocrx_word' id='word_1_142' title='bbox 735 2249 830 2313; x_wconf 79' lang='grc' dir='ltr'><strong>Ἐξ</strong></span> <span class='ocrx_word' id='word_1_143' title='bbox 859 2250 959 2302; x_wconf 84' lang='grc' dir='ltr'>οὐκ</span> <span class='ocrx_word' id='word_1_144' title='bbox 978 2250 1146 2302; x_wconf 81' lang='grc' dir='ltr'>δντων</span> <span class='ocrx_word' id='word_1_145' title='bbox 1195 2252 1491 2320; x_wconf 80' lang='grc' dir='ltr'>ὲγένετο,ἢ</span> <span class='ocrx_word' id='word_1_146' title='bbox 1537 2252 1594 2316; x_wconf 77' lang='grc' dir='ltr'><strong>ἐξ</strong></span> <span class='ocrx_word' id='word_1_147' title='bbox 1626 2253 1815 2317; x_wconf 77' lang='grc' dir='ltr'>ἑτέρας</span> 
     </span>
    </p>
   </div>
   <div class='ocr_carea' id='block_1_22' title="bbox 321 2336 1812 2412">
    <p class='ocr_par' dir='ltr' id='par_1_22' title="bbox 321 2336 1812 2412">
     <span class='ocr_line' id='line_1_22' title="bbox 321 2336 1812 2412; baseline 0.005 -26"><span class='ocrx_word' id='word_1_148' title='bbox 321 2355 340 2386; x_wconf 84' lang='grc'><strong><em>‹</em></strong></span> <span class='ocrx_word' id='word_1_149' title='bbox 387 2336 760 2403; x_wconf 82' lang='grc' dir='ltr'>ὑποστάσεως,</span> <span class='ocrx_word' id='word_1_150' title='bbox 811 2340 844 2409; x_wconf 79' lang='grc' dir='ltr'>ἢ</span> <span class='ocrx_word' id='word_1_151' title='bbox 899 2342 1110 2406; x_wconf 82' lang='grc' dir='ltr'>οὐσίας,</span> <span class='ocrx_word' id='word_1_152' title='bbox 1151 2343 1182 2412; x_wconf 85' lang='grc' dir='ltr'>ἧ</span> <span class='ocrx_word' id='word_1_153' title='bbox 1229 2342 1485 2412; x_wconf 73' lang='grc' dir='ltr'>τρεπτὸν,</span> <span class='ocrx_word' id='word_1_154' title='bbox 1519 2342 1550 2411; x_wconf 81' lang='grc' dir='ltr'><strong>ἦ</strong></span> <span class='ocrx_word' id='word_1_155' title='bbox 1590 2343 1812 2395; x_wconf 80' lang='grc' dir='ltr'>ἀλλοιω-</span> 
     </span>
    </p>
   </div>
   <div class='ocr_carea' id='block_1_23' title="bbox 323 2428 1784 2503">
    <p class='ocr_par' dir='ltr' id='par_1_23' title="bbox 323 2428 1784 2503">
     <span class='ocr_line' id='line_1_23' title="bbox 323 2428 1784 2503; baseline 0.005 -24"><span class='ocrx_word' id='word_1_156' title='bbox 323 2447 342 2479; x_wconf 77' lang='grc' dir='ltr'><strong>ι</strong></span> <span class='ocrx_word' id='word_1_157' title='bbox 388 2428 477 2481; x_wconf 76' lang='grc' dir='ltr'><strong>τὺν</strong></span> <span class='ocrx_word' id='word_1_158' title='bbox 498 2431 588 2482; x_wconf 83' lang='grc' dir='ltr'>τὸν</span> <span class='ocrx_word' id='word_1_159' title='bbox 619 2432 748 2486; x_wconf 66' lang='grc' dir='ltr'>Υἱδν</span> <span class='ocrx_word' id='word_1_160' title='bbox 777 2432 870 2486; x_wconf 83' lang='grc' dir='ltr'><strong>τοῦ</strong></span> <span class='ocrx_word' id='word_1_161' title='bbox 898 2434 1057 2487; x_wconf 78' lang='grc' dir='ltr'>Θεοῦο</span> <span class='ocrx_word' id='word_1_162' title='bbox 1079 2437 1204 2496; x_wconf 73' lang='grc' dir='ltr'>τοὺς</span> <span class='ocrx_word' id='word_1_163' title='bbox 1249 2435 1520 2496; x_wconf 82' lang='grc' dir='ltr'>τοιούτους</span> <span class='ocrx_word' id='word_1_164' title='bbox 1537 2435 1784 2503; x_wconf 85' lang='grc' dir='ltr'>ἀναθεμα</span> 
     </span>
    </p>
   </div>
   <div class='ocr_carea' id='block_1_24' title="bbox 323 2523 1797 2598">
    <p class='ocr_par' dir='ltr' id='par_1_24' title="bbox 323 2523 1797 2598">
     <span class='ocr_line' id='line_1_24' title="bbox 323 2523 1797 2598; baseline 0.005 -28"><span class='ocrx_word' id='word_1_165' title='bbox 323 2539 341 2570; x_wconf 80' lang='grc' dir='ltr'><strong>ι</strong></span> <span class='ocrx_word' id='word_1_166' title='bbox 390 2523 528 2586; x_wconf 83' lang='grc' dir='ltr'>τίζει</span> <span class='ocrx_word' id='word_1_167' title='bbox 558 2524 875 2594; x_wconf 76' lang='grc' dir='ltr'>ἠκαθολικὴ</span> <span class='ocrx_word' id='word_1_168' title='bbox 913 2527 1008 2580; x_wconf 78' lang='grc' dir='ltr'>καὶ</span> <span class='ocrx_word' id='word_1_169' title='bbox 1036 2528 1364 2598; x_wconf 80' lang='grc' dir='ltr'>ἀποστολικὴ</span> <span class='ocrx_word' id='word_1_170' title='bbox 1416 2529 1732 2597; x_wconf 76' lang='grc' dir='ltr'>Ἐκκλησία.</span> <span class='ocrx_word' id='word_1_171' title='bbox 1778 2544 1797 2577; x_wconf 73' lang='grc' dir='ltr'><strong>ι</strong></span> 
     </span>
    </p>
   </div>
   <div class='ocr_carea' id='block_1_25' title="bbox 330 2613 1820 2691">
    <p class='ocr_par' dir='ltr' id='par_1_25' title="bbox 330 2613 1820 2691">
     <span class='ocr_line' id='line_1_25' title="bbox 330 2613 1820 2691; baseline 0.005 -28"><span class='ocrx_word' id='word_1_172' title='bbox 330 2613 460 2665; x_wconf 73' lang='grc' dir='ltr'>Ἰδοὺ</span> <span class='ocrx_word' id='word_1_173' title='bbox 493 2615 587 2664; x_wconf 72' lang='grc' dir='ltr'>καὶ</span> <span class='ocrx_word' id='word_1_174' title='bbox 617 2616 683 2668; x_wconf 80' lang='grc' dir='ltr'>τὰ</span> <span class='ocrx_word' id='word_1_175' title='bbox 716 2616 806 2668; x_wconf 84' lang='grc' dir='ltr'><strong>ίσα</strong></span> <span class='ocrx_word' id='word_1_176' title='bbox 841 2617 938 2685; x_wconf 80' lang='grc' dir='ltr'>τῆς</span> <span class='ocrx_word' id='word_1_177' title='bbox 966 2619 1022 2669; x_wconf 80' lang='grc' dir='ltr'>ὲν</span> <span class='ocrx_word' id='word_1_178' title='bbox 1053 2617 1258 2691; x_wconf 80' lang='grc' dir='ltr'>Νικαίᾳ</span> <span class='ocrx_word' id='word_1_179' title='bbox 1289 2619 1531 2680; x_wconf 89' lang='grc' dir='ltr'>συνόδου,</span> <span class='ocrx_word' id='word_1_180' title='bbox 1566 2619 1820 2688; x_wconf 80' lang='grc' dir='ltr'>ἀντιόλη-</span> 
     </span>
    </p>
   </div>
   <div class='ocr_carea' id='block_1_26' title="bbox 244 2699 1814 2782">
    <p class='ocr_par' dir='ltr' id='par_1_26' title="bbox 244 2699 1814 2782">
     <span class='ocr_line' id='line_1_26' title="bbox 244 2699 1814 2782; baseline 0.006 -30"><span class='ocrx_word' id='word_1_181' title='bbox 244 2699 409 2753; x_wconf 79' lang='grc' dir='ltr'>θέντα</span> <span class='ocrx_word' id='word_1_182' title='bbox 472 2704 610 2769; x_wconf 85' lang='grc' dir='ltr'><strong>μετά</strong></span> <span class='ocrx_word' id='word_1_183' title='bbox 660 2704 770 2756; x_wconf 84' lang='grc' dir='ltr'><strong>τῶν</strong></span> <span class='ocrx_word' id='word_1_184' title='bbox 817 2707 1260 2779; x_wconf 74' lang='grc' dir='ltr'>ἐναποκειμένων</span> <span class='ocrx_word' id='word_1_185' title='bbox 1314 2710 1692 2782; x_wconf 83' lang='grc' dir='ltr'>πρωτοτύπων</span> <span class='ocrx_word' id='word_1_186' title='bbox 1747 2712 1814 2780; x_wconf 79' lang='grc' dir='ltr'>τῇ</span> 
     </span>
    </p>
   </div>
   <div class='ocr_carea' id='block_1_27' title="bbox 251 2792 1818 2873">
    <p class='ocr_par' dir='ltr' id='par_1_27' title="bbox 251 2792 1818 2873">
     <span class='ocr_line' id='line_1_27' title="bbox 251 2792 1818 2873; baseline 0.009 -31"><span class='ocrx_word' id='word_1_187' title='bbox 251 2792 560 2864; x_wconf 78' lang='grc' dir='ltr'>Ἐκκλησία</span> <span class='ocrx_word' id='word_1_188' title='bbox 596 2797 992 2870; x_wconf 82' lang='grc' dir='ltr'>Ἀλεξανδρέων</span> <span class='ocrx_word' id='word_1_189' title='bbox 1045 2803 1137 2854; x_wconf 70' lang='grc' dir='ltr'>καὶ</span> <span class='ocrx_word' id='word_1_190' title='bbox 1179 2805 1245 2873; x_wconf 81' lang='grc' dir='ltr'>τῇ</span> <span class='ocrx_word' id='word_1_191' title='bbox 1298 2804 1818 2858; x_wconf 73' lang='grc' dir='ltr'>Κωνσταντινουπό-</span> 
     </span>
    </p>
   </div>
   <div class='ocr_carea' id='block_1_28' title="bbox 246 2885 1814 2964">
    <p class='ocr_par' dir='ltr' id='par_1_28' title="bbox 246 2885 1814 2964">
     <span class='ocr_line' id='line_1_28' title="bbox 246 2885 1814 2964; baseline 0.008 -29"><span class='ocrx_word' id='word_1_192' title='bbox 246 2892 407 2947; x_wconf 73' lang='grc' dir='ltr'>λεως*</span> <span class='ocrx_word' id='word_1_193' title='bbox 427 2885 521 2938; x_wconf 74' lang='grc' dir='ltr'>καὶ</span> <span class='ocrx_word' id='word_1_194' title='bbox 546 2886 914 2954; x_wconf 77' lang='grc' dir='ltr'>βεϐαιωθέντα</span> <span class='ocrx_word' id='word_1_195' title='bbox 940 2894 1092 2964; x_wconf 86' lang='grc' dir='ltr'>παρὰ</span> <span class='ocrx_word' id='word_1_196' title='bbox 1125 2894 1234 2947; x_wconf 86' lang='grc' dir='ltr'><strong>τῶν</strong></span> <span class='ocrx_word' id='word_1_197' title='bbox 1262 2896 1580 2948; x_wconf 79' lang='grc' dir='ltr'>ἐπισκόπων</span> <span class='ocrx_word' id='word_1_198' title='bbox 1615 2897 1814 2960; x_wconf 82' lang='grc' dir='ltr'>αὐτῶν,</span> 
     </span>
    </p>
   </div>
   <div class='ocr_carea' id='block_1_29' title="bbox 249 2974 1815 3059">
    <p class='ocr_par' dir='ltr' id='par_1_29' title="bbox 249 2974 1815 3059">
     <span class='ocr_line' id='line_1_29' title="bbox 249 2974 1815 3059; baseline 0.011 -33"><span class='ocrx_word' id='word_1_199' title='bbox 249 2974 342 3027; x_wconf 83' lang='grc' dir='ltr'><strong>τοῦ</strong></span> <span class='ocrx_word' id='word_1_200' title='bbox 369 2993 429 3028; x_wconf 80' lang='grc' dir='ltr'><strong>τε</strong></span> <span class='ocrx_word' id='word_1_201' title='bbox 469 2978 735 3046; x_wconf 85' lang='grc' dir='ltr'>Κυρίλλου</span> <span class='ocrx_word' id='word_1_202' title='bbox 765 2983 855 3035; x_wconf 86' lang='grc' dir='ltr'><strong>καί</strong></span> <span class='ocrx_word' id='word_1_203' title='bbox 884 2983 978 3037; x_wconf 89' lang='grc' dir='ltr'><strong>τοῦ</strong></span> <span class='ocrx_word' id='word_1_204' title='bbox 1025 2985 1298 3052; x_wconf 76' lang='grc' dir='ltr'>Ἀττικοῦ,</span> <span class='ocrx_word' id='word_1_205' title='bbox 1320 2989 1385 3057; x_wconf 86' lang='grc' dir='ltr'><strong>τῇ</strong></span> <span class='ocrx_word' id='word_1_206' title='bbox 1416 2988 1620 3059; x_wconf 83' lang='grc' dir='ltr'>συνόδῳ</span> <span class='ocrx_word' id='word_1_207' title='bbox 1645 2987 1815 3058; x_wconf 79' lang='grc' dir='ltr'>ταύτῃ</span> 
     </span>
    </p>
   </div>
   <div class='ocr_carea' id='block_1_30' title="bbox 245 3066 581 3134">
    <p class='ocr_par' dir='ltr' id='par_1_30' title="bbox 245 3066 581 3134">
     <span class='ocr_line' id='line_1_30' title="bbox 245 3066 581 3134; baseline 0.015 -17"><span class='ocrx_word' id='word_1_208' title='bbox 245 3066 581 3134; x_wconf 67' lang='grc' dir='ltr'>ἐστάλησαν.</span> 
     </span>
    </p>
   </div>
   <div class='ocr_carea' id='block_1_31' title="bbox 1208 399 2432 466">
    <p class='ocr_par' dir='ltr' id='par_1_31' title="bbox 1208 399 2432 466">
     <span class='ocr_line' id='line_1_31' title="bbox 1208 399 2432 466; baseline 0.003 -6"><span class='ocrx_word' id='word_1_209' title='bbox 1208 402 1292 462; x_wconf 78' lang='lat' dir='ltr'><strong>IN</strong></span> <span class='ocrx_word' id='word_1_210' title='bbox 1316 401 1483 461; x_wconf 75' lang='lat' dir='ltr'><strong>CAN.</strong></span> <span class='ocrx_word' id='word_1_211' title='bbox 1520 401 1776 466; x_wconf 73' lang='lat' dir='ltr'><strong>CXXXV</strong></span> <span class='ocrx_word' id='word_1_212' title='bbox 1811 399 2023 464; x_wconf 80' lang='lat' dir='ltr'><strong>CONC.</strong></span> <span class='ocrx_word' id='word_1_213' title='bbox 2056 402 2432 466; x_wconf 80' lang='lat' dir='ltr'><strong>CARTHAG.</strong></span> 
     </span>
    </p>
   </div>
   <div class='ocr_carea' id='block_1_32' title="bbox 3384 411 3490 468">
    <p class='ocr_par' dir='ltr' id='par_1_32' title="bbox 3384 411 3490 468">
     <span class='ocr_line' id='line_1_32' title="bbox 3384 411 3490 468; baseline 0.038 -4"><span class='ocrx_word' id='word_1_214' title='bbox 3384 411 3490 468; x_wconf 65' lang='lat'><strong>“‘2</strong></span> 
     </span>
    </p>
   </div>
   <div class='ocr_carea' id='block_1_33' title="bbox 2001 517 3493 587">
    <p class='ocr_par' dir='ltr' id='par_1_33' title="bbox 2001 517 3493 587">
     <span class='ocr_line' id='line_1_33' title="bbox 2001 517 3493 587; baseline 0.005 -23"><span class='ocrx_word' id='word_1_215' title='bbox 2001 532 2020 564; x_wconf 75' lang='grc' dir='ltr'><strong>ι</strong></span> <span class='ocrx_word' id='word_1_216' title='bbox 2057 530 2174 582; x_wconf 71' lang='lat' dir='ltr'><strong>qua:</strong></span> <span class='ocrx_word' id='word_1_217' title='bbox 2209 517 2476 587; x_wconf 61' lang='lat' dir='ltr'><strong>Bithyniae</strong></span> <span class='ocrx_word' id='word_1_218' title='bbox 2507 517 2636 572; x_wconf 86' lang='lat' dir='ltr'><strong>urbs</strong></span> <span class='ocrx_word' id='word_1_219' title='bbox 2669 526 2776 582; x_wconf 84' lang='lat' dir='ltr'><strong>est,</strong></span> <span class='ocrx_word' id='word_1_220' title='bbox 2806 518 3024 583; x_wconf 70' lang='lat' dir='ltr'><strong>habitae,</strong></span> <span class='ocrx_word' id='word_1_221' title='bbox 3059 527 3257 573; x_wconf 65' lang='lat' dir='ltr'><strong>vestra</strong></span> <span class='ocrx_word' id='word_1_222' title='bbox 3316 517 3493 573; x_wconf 85' lang='lat' dir='ltr'><strong>chari-</strong></span> 
     </span>
    </p>
   </div>
   <div class='ocr_carea' id='block_1_34' title="bbox 2002 607 2489 662">
    <p class='ocr_par' dir='ltr' id='par_1_34' title="bbox 2002 607 2489 662">
     <span class='ocr_line' id='line_1_34' title="bbox 2002 607 2489 662; baseline 0.006 -5"><span class='ocrx_word' id='word_1_223' title='bbox 2002 623 2021 657; x_wconf 83' lang='grc' dir='ltr'><strong>ε</strong></span> <span class='ocrx_word' id='word_1_224' title='bbox 2052 607 2146 660; x_wconf 83' lang='lat' dir='ltr'><strong>tati</strong></span> <span class='ocrx_word' id='word_1_225' title='bbox 2177 608 2442 662; x_wconf 83' lang='lat' dir='ltr'><strong>misimus.</strong></span> <span class='ocrx_word' id='word_1_226' title='bbox 2470 627 2489 660; x_wconf 75' lang='grc' dir='ltr'><strong>ι</strong></span> 
     </span>
    </p>
   </div>
   <div class='ocr_carea' id='block_1_35' title="bbox 2351 700 3071 768">
    <p class='ocr_par' dir='ltr' id='par_1_35' title="bbox 2351 700 3071 768">
     <span class='ocr_line' id='line_1_35' title="bbox 2351 700 3071 768; baseline 0 -15"><span class='ocrx_word' id='word_1_227' title='bbox 2351 700 2517 753; x_wconf 81' lang='lat' dir='ltr'><strong>Attici</strong></span> <span class='ocrx_word' id='word_1_228' title='bbox 2570 700 3071 768; x_wconf 72' lang='lat' dir='ltr'><strong>Constantinopolis.</strong></span> 
     </span>
    </p>
   </div>
   <div class='ocr_carea' id='block_1_36' title="bbox 1932 789 3490 862">
    <p class='ocr_par' dir='ltr' id='par_1_36' title="bbox 1932 789 3490 862">
     <span class='ocr_line' id='line_1_36' title="bbox 1932 789 3490 862; baseline 0.001 -22"><span class='ocrx_word' id='word_1_229' title='bbox 1932 805 1952 840; x_wconf 81' lang='grc' dir='ltr'><strong>ι</strong></span> <span class='ocrx_word' id='word_1_230' title='bbox 1996 789 2197 858; x_wconf 85' lang='lat' dir='ltr'><strong>Synodi</strong></span> <span class='ocrx_word' id='word_1_231' title='bbox 2233 791 2466 846; x_wconf 68' lang='lat' dir='ltr'><strong>Nicaeum</strong></span> <span class='ocrx_word' id='word_1_232' title='bbox 2512 806 2768 857; x_wconf 83' lang='lat' dir='ltr'><strong>canones,</strong></span> <span class='ocrx_word' id='word_1_233' title='bbox 2823 791 3278 862; x_wconf 81' lang='lat' dir='ltr'><strong>quemadmodum</strong></span> <span class='ocrx_word' id='word_1_234' title='bbox 3335 806 3363 843; x_wconf 88' lang='lat' dir='ltr'><strong>a</strong></span> <span class='ocrx_word' id='word_1_235' title='bbox 3396 789 3490 843; x_wconf 81' lang='lat' dir='ltr'><strong>Pa-</strong></span> 
     </span>
    </p>
   </div>
   <div class='ocr_carea' id='block_1_37' title="bbox 2004 883 3404 953">
    <p class='ocr_par' dir='ltr' id='par_1_37' title="bbox 2004 883 3404 953">
     <span class='ocr_line' id='line_1_37' title="bbox 2004 883 3404 953; baseline 0.001 -19"><span class='ocrx_word' id='word_1_236' title='bbox 2004 900 2024 934; x_wconf 74' lang='grc' dir='ltr'><strong>ι</strong></span> <span class='ocrx_word' id='word_1_237' title='bbox 2061 883 2232 944; x_wconf 82' lang='lat' dir='ltr'><strong>tribus</strong></span> <span class='ocrx_word' id='word_1_238' title='bbox 2256 884 2457 940; x_wconf 88' lang='lat' dir='ltr'><strong>decreti</strong></span> <span class='ocrx_word' id='word_1_239' title='bbox 2482 893 2628 950; x_wconf 91' lang='lat' dir='ltr'><strong>sunt,</strong></span> <span class='ocrx_word' id='word_1_240' title='bbox 2656 887 2962 952; x_wconf 89' lang='lat' dir='ltr'><strong>mittuntur,</strong></span> <span class='ocrx_word' id='word_1_241' title='bbox 2998 893 3056 939; x_wconf 92' lang='lat' dir='ltr'><strong>ut</strong></span> <span class='ocrx_word' id='word_1_242' title='bbox 3087 885 3404 953; x_wconf 74' lang='lat' dir='ltr'><strong>scripsistis.</strong></span> 
     </span>
    </p>
   </div>
   <div class='ocr_carea' id='block_1_38' title="bbox 1847 512 1897 569">
    <p class='ocr_par' dir='ltr' id='par_1_38' title="bbox 1847 512 1897 569">
     <span class='ocr_line' id='line_1_38' title="bbox 1847 512 1897 569; baseline 0 0"><span class='ocrx_word' id='word_1_243' title='bbox 1847 512 1897 569; x_wconf 77' lang='grc' dir='ltr'><strong>Δ</strong></span> 
     </span>
    </p>
   </div>
   <div class='ocr_carea' id='block_1_39' title="bbox 1929 1061 3496 1129">
    <p class='ocr_par' dir='ltr' id='par_1_39' title="bbox 1929 1061 3496 1129">
     <span class='ocr_line' id='line_1_39' title="bbox 1929 1061 3496 1129; baseline -0.003 -14"><span class='ocrx_word' id='word_1_244' title='bbox 1929 1082 1948 1115; x_wconf 76' lang='grc' dir='ltr'><strong>ι</strong></span> <span class='ocrx_word' id='word_1_245' title='bbox 1984 1061 2268 1118; x_wconf 81' lang='lat' dir='ltr'><strong>Credimus</strong></span> <span class='ocrx_word' id='word_1_246' title='bbox 2301 1061 2353 1116; x_wconf 94' lang='lat' dir='ltr'><strong>in</strong></span> <span class='ocrx_word' id='word_1_247' title='bbox 2385 1077 2552 1116; x_wconf 88' lang='lat' dir='ltr'><strong>unum</strong></span> <span class='ocrx_word' id='word_1_248' title='bbox 2579 1063 2769 1124; x_wconf 88' lang='lat' dir='ltr'><strong>Deum,</strong></span> <span class='ocrx_word' id='word_1_249' title='bbox 2801 1063 3015 1116; x_wconf 78' lang='lat' dir='ltr'><strong>Patrem</strong></span> <span class='ocrx_word' id='word_1_250' title='bbox 3049 1062 3496 1129; x_wconf 86' lang='lat' dir='ltr'><strong>omnipotentem,</strong></span> 
     </span>
    </p>
   </div>
   <div class='ocr_carea' id='block_1_40' title="bbox 2016 1152 3496 1219">
    <p class='ocr_par' dir='ltr' id='par_1_40' title="bbox 2016 1152 3496 1219">
     <span class='ocr_line' id='line_1_40' title="bbox 2016 1152 3496 1219; baseline -0.001 -14"><span class='ocrx_word' id='word_1_251' title='bbox 2016 1173 2034 1205; x_wconf 80' lang='grc' dir='ltr'><strong>ι</strong></span> <span class='ocrx_word' id='word_1_252' title='bbox 2073 1154 2364 1207; x_wconf 76' lang='lat' dir='ltr'><strong>visibilium</strong></span> <span class='ocrx_word' id='word_1_253' title='bbox 2398 1153 2604 1219; x_wconf 83' lang='lat' dir='ltr'><strong>pariter</strong></span> <span class='ocrx_word' id='word_1_254' title='bbox 2635 1163 2688 1207; x_wconf 82' lang='lat' dir='ltr'><strong>et</strong></span> <span class='ocrx_word' id='word_1_255' title='bbox 2747 1153 3099 1207; x_wconf 86' lang='lat' dir='ltr'><strong>invisibilium</strong></span> <span class='ocrx_word' id='word_1_256' title='bbox 3136 1152 3451 1212; x_wconf 86' lang='lat' dir='ltr'><strong>Creatorem</strong></span> <span class='ocrx_word' id='word_1_257' title='bbox 3482 1169 3496 1204; x_wconf 88' lang='lat'><strong>:</strong></span> 
     </span>
    </p>
   </div>
   <div class='ocr_carea' id='block_1_41' title="bbox 2014 1243 3494 1310">
    <p class='ocr_par' dir='ltr' id='par_1_41' title="bbox 2014 1243 3494 1310">
     <span class='ocr_line' id='line_1_41' title="bbox 2014 1243 3494 1310; baseline -0.001 -12"><span class='ocrx_word' id='word_1_258' title='bbox 2014 1266 2032 1298; x_wconf 79' lang='grc' dir='ltr'><strong>ι</strong></span> <span class='ocrx_word' id='word_1_259' title='bbox 2069 1256 2122 1299; x_wconf 90' lang='lat' dir='ltr'><strong>et</strong></span> <span class='ocrx_word' id='word_1_260' title='bbox 2159 1248 2209 1300; x_wconf 89' lang='lat' dir='ltr'><strong>in</strong></span> <span class='ocrx_word' id='word_1_261' title='bbox 2243 1261 2405 1299; x_wconf 86' lang='lat' dir='ltr'><strong>unum</strong></span> <span class='ocrx_word' id='word_1_262' title='bbox 2437 1247 2722 1300; x_wconf 89' lang='lat' dir='ltr'><strong>Dominum</strong></span> <span class='ocrx_word' id='word_1_263' title='bbox 2747 1244 2934 1299; x_wconf 78' lang='lat' dir='ltr'><strong>Jesum</strong></span> <span class='ocrx_word' id='word_1_264' title='bbox 2969 1246 3272 1310; x_wconf 82' lang='lat' dir='ltr'><strong>Christum,</strong></span> <span class='ocrx_word' id='word_1_265' title='bbox 3295 1243 3494 1297; x_wconf 88' lang='lat' dir='ltr'><strong>Filium</strong></span> 
     </span>
    </p>
   </div>
   <div class='ocr_carea' id='block_1_42' title="bbox 2005 1337 3498 1406">
    <p class='ocr_par' dir='ltr' id='par_1_42' title="bbox 2005 1337 3498 1406">
     <span class='ocr_line' id='line_1_42' title="bbox 2005 1337 3498 1406; baseline -0.001 -16"><span class='ocrx_word' id='word_1_266' title='bbox 2005 1357 2023 1390; x_wconf 78' lang='grc' dir='ltr'><strong>ι</strong></span> <span class='ocrx_word' id='word_1_267' title='bbox 2060 1338 2175 1402; x_wconf 87' lang='lat' dir='ltr'><strong>Dei,</strong></span> <span class='ocrx_word' id='word_1_268' title='bbox 2219 1348 2402 1391; x_wconf 88' lang='lat' dir='ltr'><strong>natum</strong></span> <span class='ocrx_word' id='word_1_269' title='bbox 2436 1353 2500 1390; x_wconf 79' lang='lat' dir='ltr'><strong>ex</strong></span> <span class='ocrx_word' id='word_1_270' title='bbox 2531 1338 2690 1392; x_wconf 86' lang='lat' dir='ltr'><strong>Patre</strong></span> <span class='ocrx_word' id='word_1_271' title='bbox 2738 1338 3104 1406; x_wconf 79' lang='lat' dir='ltr'><strong>unigenitum,</strong></span> <span class='ocrx_word' id='word_1_272' title='bbox 3157 1337 3262 1392; x_wconf 85' lang='lat' dir='ltr'><strong>hoc</strong></span> <span class='ocrx_word' id='word_1_273' title='bbox 3321 1347 3405 1392; x_wconf 92' lang='lat' dir='ltr'><strong>est</strong></span> <span class='ocrx_word' id='word_1_274' title='bbox 3469 1350 3498 1388; x_wconf 90' lang='lat' dir='ltr'><strong>e</strong></span> 
     </span>
    </p>
   </div>
   <div class='ocr_carea' id='block_1_43' title="bbox 2016 1428 3499 1493">
    <p class='ocr_par' dir='ltr' id='par_1_43' title="bbox 2016 1428 3499 1493">
     <span class='ocr_line' id='line_1_43' title="bbox 2016 1428 3499 1493; baseline 0.001 -14"><span class='ocrx_word' id='word_1_275' title='bbox 2016 1448 2034 1479; x_wconf 80' lang='grc' dir='ltr'><strong>ι</strong></span> <span class='ocrx_word' id='word_1_276' title='bbox 2074 1430 2379 1484; x_wconf 68' lang='lat' dir='ltr'><strong>substantia</strong></span> <span class='ocrx_word' id='word_1_277' title='bbox 2425 1429 2624 1493; x_wconf 84' lang='lat' dir='ltr'><strong>Patris,</strong></span> <span class='ocrx_word' id='word_1_278' title='bbox 2680 1428 2850 1483; x_wconf 90' lang='lat' dir='ltr'><strong>Deum</strong></span> <span class='ocrx_word' id='word_1_279' title='bbox 2902 1443 2964 1482; x_wconf 84' lang='lat' dir='ltr'><strong>ex</strong></span> <span class='ocrx_word' id='word_1_280' title='bbox 3030 1429 3162 1492; x_wconf 91' lang='lat' dir='ltr'><strong>Deo,</strong></span> <span class='ocrx_word' id='word_1_281' title='bbox 3194 1429 3376 1480; x_wconf 85' lang='lat' dir='ltr'><strong>lumen</strong></span> <span class='ocrx_word' id='word_1_282' title='bbox 3433 1442 3499 1480; x_wconf 80' lang='lat' dir='ltr'><strong>ex</strong></span> 
     </span>
    </p>
   </div>
   <div class='ocr_carea' id='block_1_44' title="bbox 2014 1515 3501 1584">
    <p class='ocr_par' dir='ltr' id='par_1_44' title="bbox 2014 1515 3501 1584">
     <span class='ocr_line' id='line_1_44' title="bbox 2014 1515 3501 1584; baseline -0.001 -14"><span class='ocrx_word' id='word_1_283' title='bbox 2014 1537 2032 1570; x_wconf 77' lang='grc' dir='ltr'><strong>ι</strong></span> <span class='ocrx_word' id='word_1_284' title='bbox 2066 1520 2291 1582; x_wconf 87' lang='lat' dir='ltr'><strong>lumine,</strong></span> <span class='ocrx_word' id='word_1_285' title='bbox 2327 1521 2492 1574; x_wconf 90' lang='lat' dir='ltr'><strong>Deum</strong></span> <span class='ocrx_word' id='word_1_286' title='bbox 2541 1535 2730 1574; x_wconf 85' lang='lat' dir='ltr'><strong>verum</strong></span> <span class='ocrx_word' id='word_1_287' title='bbox 2776 1536 2841 1574; x_wconf 85' lang='lat' dir='ltr'><strong>ex</strong></span> <span class='ocrx_word' id='word_1_288' title='bbox 2889 1518 3001 1573; x_wconf 89' lang='lat' dir='ltr'><strong>Deo</strong></span> <span class='ocrx_word' id='word_1_289' title='bbox 3049 1533 3202 1582; x_wconf 87' lang='lat' dir='ltr'><strong>vero,</strong></span> <span class='ocrx_word' id='word_1_290' title='bbox 3255 1515 3501 1584; x_wconf 75' lang='lat' dir='ltr'><strong>genitum</strong></span> 
     </span>
    </p>
   </div>
   <div class='ocr_carea' id='block_1_45' title="bbox 2009 1609 3500 1676">
    <p class='ocr_par' dir='ltr' id='par_1_45' title="bbox 2009 1609 3500 1676">
     <span class='ocr_line' id='line_1_45' title="bbox 2009 1609 3500 1676; baseline -0.003 -13"><span class='ocrx_word' id='word_1_291' title='bbox 2009 1631 2026 1663; x_wconf 78' lang='grc' dir='ltr'><strong>ι</strong></span> <span class='ocrx_word' id='word_1_292' title='bbox 2058 1627 2160 1666; x_wconf 93' lang='lat' dir='ltr'><strong>non</strong></span> <span class='ocrx_word' id='word_1_293' title='bbox 2219 1610 2443 1676; x_wconf 80' lang='lat' dir='ltr'><strong>factum,</strong></span> <span class='ocrx_word' id='word_1_294' title='bbox 2477 1610 2990 1664; x_wconf 81' lang='lat' dir='ltr'><strong>consubstantialem</strong></span> <span class='ocrx_word' id='word_1_295' title='bbox 3021 1609 3194 1668; x_wconf 83' lang='lat' dir='ltr'><strong>Patri.</strong></span> <span class='ocrx_word' id='word_1_296' title='bbox 3219 1622 3314 1676; x_wconf 88' lang='lat' dir='ltr'><strong>per</strong></span> <span class='ocrx_word' id='word_1_297' title='bbox 3339 1621 3500 1674; x_wconf 87' lang='lat' dir='ltr'><strong>quem</strong></span> 
     </span>
    </p>
   </div>
   <div class='ocr_carea' id='block_1_46' title="bbox 1999 1702 3496 1771">
    <p class='ocr_par' dir='ltr' id='par_1_46' title="bbox 1999 1702 3496 1771">
     <span class='ocr_line' id='line_1_46' title="bbox 1999 1702 3496 1771; baseline -0.003 -18"><span class='ocrx_word' id='word_1_298' title='bbox 1999 1723 2017 1753; x_wconf 81' lang='grc' dir='ltr'><strong>ε</strong></span> <span class='ocrx_word' id='word_1_299' title='bbox 2053 1703 2233 1757; x_wconf 87' lang='lat' dir='ltr'><strong>omnia</strong></span> <span class='ocrx_word' id='word_1_300' title='bbox 2267 1702 2406 1756; x_wconf 75' lang='lat' dir='ltr'><strong>facta</strong></span> <span class='ocrx_word' id='word_1_301' title='bbox 2444 1711 2609 1761; x_wconf 86' lang='lat' dir='ltr'><strong>sunt:</strong></span> <span class='ocrx_word' id='word_1_302' title='bbox 2651 1702 2742 1771; x_wconf 92' lang='lat' dir='ltr'><strong>qui</strong></span> <span class='ocrx_word' id='word_1_303' title='bbox 2767 1711 2989 1770; x_wconf 85' lang='lat' dir='ltr'><strong>propter</strong></span> <span class='ocrx_word' id='word_1_304' title='bbox 3014 1716 3137 1765; x_wconf 91' lang='lat' dir='ltr'><strong>nos,</strong></span> <span class='ocrx_word' id='word_1_305' title='bbox 3173 1710 3227 1754; x_wconf 90' lang='lat' dir='ltr'><strong>et</strong></span> <span class='ocrx_word' id='word_1_306' title='bbox 3253 1708 3496 1753; x_wconf 88' lang='lat' dir='ltr'><strong>nostram</strong></span> 
     </span>
    </p>
   </div>
   <div class='ocr_carea' id='block_1_47' title="bbox 2009 1790 3501 1858">
    <p class='ocr_par' dir='ltr' id='par_1_47' title="bbox 2009 1790 3501 1858">
     <span class='ocr_line' id='line_1_47' title="bbox 2009 1790 3501 1858; baseline -0.003 -11"><span class='ocrx_word' id='word_1_307' title='bbox 2009 1814 2026 1847; x_wconf 80' lang='grc' dir='ltr'><strong>ι</strong></span> <span class='ocrx_word' id='word_1_308' title='bbox 2058 1795 2313 1858; x_wconf 81' lang='lat' dir='ltr'><strong>salutem,</strong></span> <span class='ocrx_word' id='word_1_309' title='bbox 2371 1793 2675 1856; x_wconf 73' lang='lat' dir='ltr'><strong>descendit,</strong></span> <span class='ocrx_word' id='word_1_310' title='bbox 2731 1793 3046 1845; x_wconf 82' lang='lat' dir='ltr'><strong>incarnatus</strong></span> <span class='ocrx_word' id='word_1_311' title='bbox 3092 1800 3198 1856; x_wconf 89' lang='lat' dir='ltr'><strong>est,</strong></span> <span class='ocrx_word' id='word_1_312' title='bbox 3229 1798 3285 1844; x_wconf 89' lang='lat' dir='ltr'><strong>et</strong></span> <span class='ocrx_word' id='word_1_313' title='bbox 3339 1790 3501 1843; x_wconf 93' lang='lat' dir='ltr'><strong>homo</strong></span> 
     </span>
    </p>
   </div>
   <div class='ocr_carea' id='block_1_48' title="bbox 2010 1879 3498 1956">
    <p class='ocr_par' dir='ltr' id='par_1_48' title="bbox 2010 1879 3498 1956">
     <span class='ocr_line' id='line_1_48' title="bbox 2010 1879 3498 1956; baseline -0.004 -16"><span class='ocrx_word' id='word_1_314' title='bbox 2010 1909 2027 1940; x_wconf 86' lang='grc'><em>‹</em></span> <span class='ocrx_word' id='word_1_315' title='bbox 2071 1888 2267 1952; x_wconf 81' lang='lat' dir='ltr'><strong>factus,</strong></span> <span class='ocrx_word' id='word_1_316' title='bbox 2305 1901 2499 1956; x_wconf 89' lang='lat' dir='ltr'><strong>passus</strong></span> <span class='ocrx_word' id='word_1_317' title='bbox 2531 1894 2636 1948; x_wconf 90' lang='lat' dir='ltr'><strong>est,</strong></span> <span class='ocrx_word' id='word_1_318' title='bbox 2672 1884 3000 1947; x_wconf 80' lang='lat' dir='ltr'><strong>resurrexit,</strong></span> <span class='ocrx_word' id='word_1_319' title='bbox 3037 1890 3090 1937; x_wconf 88' lang='lat' dir='ltr'><strong>et</strong></span> <span class='ocrx_word' id='word_1_320' title='bbox 3147 1882 3396 1936; x_wconf 87' lang='lat' dir='ltr'><strong>ascendit</strong></span> <span class='ocrx_word' id='word_1_321' title='bbox 3442 1879 3498 1934; x_wconf 89' lang='lat' dir='ltr'><strong>in</strong></span> 
     </span>
    </p>
   </div>
   <div class='ocr_carea' id='block_1_49' title="bbox 2016 1974 3493 2043">
    <p class='ocr_par' dir='ltr' id='par_1_49' title="bbox 2016 1974 3493 2043">
     <span class='ocr_line' id='line_1_49' title="bbox 2016 1974 3493 2043; baseline -0.007 -11"><span class='ocrx_word' id='word_1_322' title='bbox 2016 2000 2033 2032; x_wconf 79' lang='grc' dir='ltr'><strong>ι</strong></span> <span class='ocrx_word' id='word_1_323' title='bbox 2070 1981 2261 2043; x_wconf 65' lang='lat' dir='ltr'><strong>caelos,</strong></span> <span class='ocrx_word' id='word_1_324' title='bbox 2295 1988 2350 2033; x_wconf 90' lang='lat' dir='ltr'><strong>et</strong></span> <span class='ocrx_word' id='word_1_325' title='bbox 2382 1979 2575 2031; x_wconf 86' lang='lat' dir='ltr'><strong>iterum</strong></span> <span class='ocrx_word' id='word_1_326' title='bbox 2609 1975 3057 2040; x_wconf 78' lang='lat' dir='ltr'><strong>vcniet‘judicare</strong></span> <span class='ocrx_word' id='word_1_327' title='bbox 3082 1974 3233 2028; x_wconf 83' lang='lat' dir='ltr'><strong>vivos</strong></span> <span class='ocrx_word' id='word_1_328' title='bbox 3266 1982 3320 2026; x_wconf 88' lang='lat' dir='ltr'><strong>et</strong></span> <span class='ocrx_word' id='word_1_329' title='bbox 3348 1986 3493 2024; x_wconf 91' lang='lat' dir='ltr'><strong>mor-</strong></span> 
     </span>
    </p>
   </div>
   <div class='ocr_carea' id='block_1_50' title="bbox 2008 2061 3498 2135">
    <p class='ocr_par' dir='ltr' id='par_1_50' title="bbox 2008 2061 3498 2135">
     <span class='ocr_line' id='line_1_50' title="bbox 2008 2061 3498 2135; baseline -0.006 -11"><span class='ocrx_word' id='word_1_330' title='bbox 2008 2092 2026 2124; x_wconf 85' lang='grc'><strong><em>‹</em></strong></span> <span class='ocrx_word' id='word_1_331' title='bbox 2073 2083 2226 2135; x_wconf 87' lang='lat' dir='ltr'><strong>tuos;</strong></span> <span class='ocrx_word' id='word_1_332' title='bbox 2267 2080 2321 2125; x_wconf 85' lang='lat' dir='ltr'><strong>et</strong></span> <span class='ocrx_word' id='word_1_333' title='bbox 2366 2071 2418 2122; x_wconf 91' lang='lat' dir='ltr'><strong>in</strong></span> <span class='ocrx_word' id='word_1_334' title='bbox 2450 2069 2707 2134; x_wconf 90' lang='lat' dir='ltr'><strong>Spiritum</strong></span> <span class='ocrx_word' id='word_1_335' title='bbox 2735 2077 3007 2122; x_wconf 88' lang='lat' dir='ltr'><strong>sanctum.</strong></span> <span class='ocrx_word' id='word_1_336' title='bbox 3042 2065 3141 2131; x_wconf 87' lang='lat' dir='ltr'><strong>Qui</strong></span> <span class='ocrx_word' id='word_1_337' title='bbox 3186 2075 3366 2117; x_wconf 86' lang='lat' dir='ltr'><strong>autem</strong></span> <span class='ocrx_word' id='word_1_338' title='bbox 3411 2061 3498 2115; x_wconf 89' lang='lat' dir='ltr'><strong>di-</strong></span> 
     </span>
    </p>
   </div>
   <div class='ocr_carea' id='block_1_51' title="bbox 1995 2152 3497 2226">
    <p class='ocr_par' dir='ltr' id='par_1_51' title="bbox 1995 2152 3497 2226">
     <span class='ocr_line' id='line_1_51' title="bbox 1995 2152 3497 2226; baseline -0.007 -13"><span class='ocrx_word' id='word_1_339' title='bbox 1995 2183 2012 2213; x_wconf 71' lang='lat' dir='ltr'><strong>c</strong></span> <span class='ocrx_word' id='word_1_340' title='bbox 2047 2172 2200 2222; x_wconf 87' lang='lat' dir='ltr'><strong>cunt,</strong></span> <span class='ocrx_word' id='word_1_341' title='bbox 2246 2161 2385 2215; x_wconf 83' lang='lat' dir='ltr'><strong>Erat</strong></span> <span class='ocrx_word' id='word_1_342' title='bbox 2414 2170 2624 2226; x_wconf 83' lang='lat' dir='ltr'><strong>tempus</strong></span> <span class='ocrx_word' id='word_1_343' title='bbox 2657 2158 2869 2225; x_wconf 79' lang='lat' dir='ltr'><strong>quando</strong></span> <span class='ocrx_word' id='word_1_344' title='bbox 2899 2171 3003 2209; x_wconf 89' lang='lat' dir='ltr'><strong>non</strong></span> <span class='ocrx_word' id='word_1_345' title='bbox 3038 2162 3179 2216; x_wconf 90' lang='lat' dir='ltr'><strong>erat,</strong></span> <span class='ocrx_word' id='word_1_346' title='bbox 3241 2162 3295 2207; x_wconf 91' lang='lat' dir='ltr'><strong>et</strong></span> <span class='ocrx_word' id='word_1_347' title='bbox 3356 2152 3497 2214; x_wconf 91' lang='lat' dir='ltr'><strong>quod</strong></span> 
     </span>
    </p>
   </div>
   <div class='ocr_carea' id='block_1_52' title="bbox 2013 2243 3498 2312">
    <p class='ocr_par' dir='ltr' id='par_1_52' title="bbox 2013 2243 3498 2312">
     <span class='ocr_line' id='line_1_52' title="bbox 2013 2243 3498 2312; baseline -0.006 -8"><span class='ocrx_word' id='word_1_348' title='bbox 2013 2271 2032 2304; x_wconf 81' lang='grc' dir='ltr'><strong>ε</strong></span> <span class='ocrx_word' id='word_1_349' title='bbox 2071 2269 2137 2309; x_wconf 80' lang='lat' dir='ltr'><strong>ex</strong></span> <span class='ocrx_word' id='word_1_350' title='bbox 2174 2267 2278 2304; x_wconf 90' lang='lat' dir='ltr'><strong>non</strong></span> <span class='ocrx_word' id='word_1_351' title='bbox 2309 2251 2700 2304; x_wconf 79' lang='lat' dir='ltr'><strong>exsistentibus</strong></span> <span class='ocrx_word' id='word_1_352' title='bbox 2764 2249 2935 2302; x_wconf 80' lang='lat' dir='ltr'><strong>factus</strong></span> <span class='ocrx_word' id='word_1_353' title='bbox 2978 2257 3084 2312; x_wconf 87' lang='lat' dir='ltr'><strong>est,</strong></span> <span class='ocrx_word' id='word_1_354' title='bbox 3142 2244 3226 2300; x_wconf 89' lang='lat' dir='ltr'><strong>vel</strong></span> <span class='ocrx_word' id='word_1_355' title='bbox 3267 2259 3333 2299; x_wconf 82' lang='lat' dir='ltr'><strong>ex</strong></span> <span class='ocrx_word' id='word_1_356' title='bbox 3391 2243 3498 2296; x_wconf 83' lang='lat' dir='ltr'><strong>alia</strong></span> 
     </span>
    </p>
   </div>
   <div class='ocr_carea' id='block_1_53' title="bbox 2001 2339 3499 2404">
    <p class='ocr_par' dir='ltr' id='par_1_53' title="bbox 2001 2339 3499 2404">
     <span class='ocr_line' id='line_1_53' title="bbox 2001 2339 3499 2404; baseline -0.003 -8"><span class='ocrx_word' id='word_1_357' title='bbox 2001 2365 2018 2396; x_wconf 81' lang='grc' dir='ltr'><strong>ι</strong></span> <span class='ocrx_word' id='word_1_358' title='bbox 2059 2344 2360 2398; x_wconf 83' lang='lat' dir='ltr'><strong>substantia</strong></span> <span class='ocrx_word' id='word_1_359' title='bbox 2395 2354 2488 2395; x_wconf 87' lang='lat' dir='ltr'><strong>aut</strong></span> <span class='ocrx_word' id='word_1_360' title='bbox 2525 2342 2786 2404; x_wconf 84' lang='lat' dir='ltr'><strong>essentia,</strong></span> <span class='ocrx_word' id='word_1_361' title='bbox 2816 2341 2900 2395; x_wconf 92' lang='lat' dir='ltr'><strong>vel</strong></span> <span class='ocrx_word' id='word_1_362' title='bbox 2949 2339 3232 2393; x_wconf 88' lang='lat' dir='ltr'><strong>mutabilis</strong></span> <span class='ocrx_word' id='word_1_363' title='bbox 3281 2349 3364 2394; x_wconf 90' lang='lat' dir='ltr'><strong>est</strong></span> <span class='ocrx_word' id='word_1_364' title='bbox 3405 2348 3499 2392; x_wconf 88' lang='lat' dir='ltr'><strong>aut</strong></span> 
     </span>
    </p>
   </div>
   <div class='ocr_carea' id='block_1_54' title="bbox 2007 2433 3497 2503">
    <p class='ocr_par' dir='ltr' id='par_1_54' title="bbox 2007 2433 3497 2503">
     <span class='ocr_line' id='line_1_54' title="bbox 2007 2433 3497 2503; baseline -0.003 -10"><span class='ocrx_word' id='word_1_365' title='bbox 2007 2459 2025 2493; x_wconf 79' lang='grc' dir='ltr'><strong>ι</strong></span> <span class='ocrx_word' id='word_1_366' title='bbox 2057 2437 2433 2494; x_wconf 85' lang='lat' dir='ltr'><strong>convertibilis</strong></span> <span class='ocrx_word' id='word_1_367' title='bbox 2460 2435 2554 2490; x_wconf 87' lang='lat' dir='ltr'><strong>Dei</strong></span> <span class='ocrx_word' id='word_1_368' title='bbox 2580 2435 2781 2488; x_wconf 82' lang='lat' dir='ltr'><strong>Filius:</strong></span> <span class='ocrx_word' id='word_1_369' title='bbox 2817 2433 2952 2486; x_wconf 82' lang='lat' dir='ltr'><strong>tales</strong></span> <span class='ocrx_word' id='word_1_370' title='bbox 2991 2433 3254 2487; x_wconf 86' lang='lat' dir='ltr'><strong>catholica</strong></span> <span class='ocrx_word' id='word_1_371' title='bbox 3286 2440 3341 2487; x_wconf 90' lang='lat' dir='ltr'><strong>et</strong></span> <span class='ocrx_word' id='word_1_372' title='bbox 3364 2447 3497 2503; x_wconf 89' lang='lat' dir='ltr'><strong>apo-</strong></span> 
     </span>
    </p>
   </div>
   <div class='ocr_carea' id='block_1_55' title="bbox 2011 2526 3046 2584">
    <p class='ocr_par' dir='ltr' id='par_1_55' title="bbox 2011 2526 3046 2584">
     <span class='ocr_line' id='line_1_55' title="bbox 2011 2526 3046 2584; baseline -0.007 -3"><span class='ocrx_word' id='word_1_373' title='bbox 2011 2549 2031 2581; x_wconf 81' lang='grc' dir='ltr'><strong>ι</strong></span> <span class='ocrx_word' id='word_1_374' title='bbox 2065 2530 2254 2584; x_wconf 78' lang='lat' dir='ltr'><strong>Stolica</strong></span> <span class='ocrx_word' id='word_1_375' title='bbox 2285 2527 2527 2582; x_wconf 81' lang='lat' dir='ltr'><strong>Ecclesia</strong></span> <span class='ocrx_word' id='word_1_376' title='bbox 2563 2526 3002 2579; x_wconf 79' lang='lat' dir='ltr'><strong>anatltematizat.</strong></span> <span class='ocrx_word' id='word_1_377' title='bbox 3028 2541 3046 2574; x_wconf 77' lang='grc' dir='ltr'><strong>ι</strong></span> 
     </span>
    </p>
   </div>
   <div class='ocr_carea' id='block_1_56' title="bbox 1993 2617 3497 2689">
    <p class='ocr_par' dir='ltr' id='par_1_56' title="bbox 1993 2617 3497 2689">
     <span class='ocr_line' id='line_1_56' title="bbox 1993 2617 3497 2689; baseline -0.003 -12"><span class='ocrx_word' id='word_1_378' title='bbox 1993 2624 2130 2677; x_wconf 82' lang='lat' dir='ltr'><strong>Ecce</strong></span> <span class='ocrx_word' id='word_1_379' title='bbox 2158 2632 2211 2676; x_wconf 89' lang='lat' dir='ltr'><strong>et</strong></span> <span class='ocrx_word' id='word_1_380' title='bbox 2252 2619 2582 2688; x_wconf 77' lang='lat' dir='ltr'><strong>exemplaria</strong></span> <span class='ocrx_word' id='word_1_381' title='bbox 2621 2618 2811 2689; x_wconf 85' lang='lat' dir='ltr'><strong>synodi</strong></span> <span class='ocrx_word' id='word_1_382' title='bbox 2841 2618 3073 2674; x_wconf 70' lang='lat' dir='ltr'><strong>Nicaame</strong></span> <span class='ocrx_word' id='word_1_383' title='bbox 3128 2631 3249 2672; x_wconf 90' lang='lat' dir='ltr'><strong>cum</strong></span> <span class='ocrx_word' id='word_1_384' title='bbox 3302 2617 3497 2672; x_wconf 85' lang='lat' dir='ltr'><strong>arche-</strong></span> 
     </span>
    </p>
   </div>
   <div class='ocr_carea' id='block_1_57' title="bbox 1921 2709 3495 2787">
    <p class='ocr_par' dir='ltr' id='par_1_57' title="bbox 1921 2709 3495 2787">
     <span class='ocr_line' id='line_1_57' title="bbox 1921 2709 3495 2787; baseline -0.005 -18"><span class='ocrx_word' id='word_1_385' title='bbox 1921 2716 2062 2787; x_wconf 85' lang='lat' dir='ltr'><strong>typis</strong></span> <span class='ocrx_word' id='word_1_386' title='bbox 2130 2714 2246 2767; x_wconf 86' lang='lat' dir='ltr'><strong>sive</strong></span> <span class='ocrx_word' id='word_1_387' title='bbox 2284 2712 2689 2780; x_wconf 77' lang='lat' dir='ltr'><strong>exemplaribus</strong></span> <span class='ocrx_word' id='word_1_388' title='bbox 2770 2710 3112 2780; x_wconf 84' lang='lat' dir='ltr'><strong>primigeniis</strong></span> <span class='ocrx_word' id='word_1_389' title='bbox 3150 2709 3202 2763; x_wconf 90' lang='lat' dir='ltr'><strong>in</strong></span> <span class='ocrx_word' id='word_1_390' title='bbox 3255 2709 3495 2763; x_wconf 84' lang='lat' dir='ltr'><strong>Ecclesia</strong></span> 
     </span>
    </p>
   </div>
   <div class='ocr_carea' id='block_1_58' title="bbox 1918 2802 3496 2871">
    <p class='ocr_par' dir='ltr' id='par_1_58' title="bbox 1918 2802 3496 2871">
     <span class='ocr_line' id='line_1_58' title="bbox 1918 2802 3496 2871; baseline -0.003 -12"><span class='ocrx_word' id='word_1_391' title='bbox 1918 2802 2286 2859; x_wconf 78' lang='lat' dir='ltr'><strong>Alexandrina</strong></span> <span class='ocrx_word' id='word_1_392' title='bbox 2325 2815 2378 2857; x_wconf 93' lang='lat' dir='ltr'><strong>et</strong></span> <span class='ocrx_word' id='word_1_393' title='bbox 2399 2804 3003 2870; x_wconf 82' lang='lat' dir='ltr'><strong>Constantinupolitana</strong></span> <span class='ocrx_word' id='word_1_394' title='bbox 3062 2803 3316 2871; x_wconf 89' lang='lat' dir='ltr'><strong>repositis</strong></span> <span class='ocrx_word' id='word_1_395' title='bbox 3384 2802 3496 2855; x_wconf 89' lang='lat' dir='ltr'><strong>col-</strong></span> 
     </span>
    </p>
   </div>
   <div class='ocr_carea' id='block_1_59' title="bbox 1919 2895 3497 2968">
    <p class='ocr_par' dir='ltr' id='par_1_59' title="bbox 1919 2895 3497 2968">
     <span class='ocr_line' id='line_1_59' title="bbox 1919 2895 3497 2968; baseline 0 -19"><span class='ocrx_word' id='word_1_396' title='bbox 1919 2895 2046 2962; x_wconf 78' lang='lat' dir='ltr'><strong>lata,</strong></span> <span class='ocrx_word' id='word_1_397' title='bbox 2082 2908 2138 2951; x_wconf 92' lang='lat' dir='ltr'><strong>ct</strong></span> <span class='ocrx_word' id='word_1_398' title='bbox 2162 2899 2229 2952; x_wconf 88' lang='lat' dir='ltr'><strong>ab</strong></span> <span class='ocrx_word' id='word_1_399' title='bbox 2285 2913 2472 2951; x_wconf 88' lang='lat' dir='ltr'><strong>earum</strong></span> <span class='ocrx_word' id='word_1_400' title='bbox 2533 2899 2839 2964; x_wconf 81' lang='lat' dir='ltr'><strong>episcopis,</strong></span> <span class='ocrx_word' id='word_1_401' title='bbox 2900 2897 3098 2968; x_wconf 83' lang='lat' dir='ltr'><strong>Cyrillo</strong></span> <span class='ocrx_word' id='word_1_402' title='bbox 3158 2907 3214 2954; x_wconf 90' lang='lat' dir='ltr'><strong>et</strong></span> <span class='ocrx_word' id='word_1_403' title='bbox 3289 2897 3497 2960; x_wconf 81' lang='lat' dir='ltr'><strong>Attico,</strong></span> 
     </span>
    </p>
   </div>
   <div class='ocr_carea' id='block_1_60' title="bbox 1919 2987 3067 3044">
    <p class='ocr_par' dir='ltr' id='par_1_60' title="bbox 1919 2987 3067 3044">
     <span class='ocr_line' id='line_1_60' title="bbox 1919 2987 3067 3044; baseline 0.001 -2"><span class='ocrx_word' id='word_1_404' title='bbox 1919 2989 2244 3043; x_wconf 79' lang='lat' dir='ltr'><strong>conﬁrmata</strong></span> <span class='ocrx_word' id='word_1_405' title='bbox 2291 2988 2419 3043; x_wconf 89' lang='lat' dir='ltr'><strong>huic</strong></span> <span class='ocrx_word' id='word_1_406' title='bbox 2451 2989 2655 3042; x_wconf 81' lang='lat' dir='ltr'><strong>svnodo</strong></span> <span class='ocrx_word' id='word_1_407' title='bbox 2687 2987 3067 3044; x_wconf 87' lang='lat' dir='ltr'><strong>mittebantur.</strong></span> 
     </span>
    </p>
   </div>
   <div class='ocr_carea' id='block_1_61' title="bbox 1849 1836 1892 1892">
    <p class='ocr_par' dir='ltr' id='par_1_61' title="bbox 1849 1836 1892 1892">
     <span class='ocr_line' id='line_1_61' title="bbox 1849 1836 1892 1892; baseline 0 0"><span class='ocrx_word' id='word_1_408' title='bbox 1849 1836 1892 1892; x_wconf 87' lang='grc' dir='ltr'><strong>Β</strong></span> 
     </span>
    </p>
   </div>
   <div class='ocr_carea' id='block_1_62' title="bbox 244 3163 1816 3260">
    <p class='ocr_par' dir='ltr' id='par_1_62' title="bbox 244 3180 1816 3260">
     <span class='ocr_line' id='line_1_62' title="bbox 244 3180 1816 3260; baseline 0.012 -31"><span class='ocrx_word' id='word_1_409' title='bbox 244 3180 523 3260; x_wconf 74' lang='grc' dir='ltr'>Ἀρχετᾳι</span> <span class='ocrx_word' id='word_1_410' title='bbox 666 3182 959 3260; x_wconf 57' lang='lat' dir='ltr'><strong>(imagth</strong></span> <span class='ocrx_word' id='word_1_411' title='bbox 1021 3187 1128 3260; x_wconf 72' lang='grc' dir='ltr'>τῆς</span> <span class='ocrx_word' id='word_1_412' title='bbox 1160 3191 1228 3243; x_wconf 83' lang='grc' dir='ltr'><strong>ἐν</strong></span> <span class='ocrx_word' id='word_1_413' title='bbox 1269 3190 1520 3260; x_wconf 66' lang='grc' dir='ltr'>Ἀφρικῇ</span> <span class='ocrx_word' id='word_1_414' title='bbox 1548 3191 1816 3247; x_wconf 82' lang='grc' dir='ltr'>συνόδου</span> 
     </span>
    </p>
   </div>
   <div class='ocr_carea' id='block_1_63' title="bbox 1925 3163 3500 3260">
    <p class='ocr_par' dir='ltr' id='par_1_63' title="bbox 1925 3182 3500 3260">
     <span class='ocr_line' id='line_1_63' title="bbox 1925 3182 3500 3260; baseline -0.006 -17"><span class='ocrx_word' id='word_1_415' title='bbox 1925 3187 2084 3258; x_wconf 80' lang='lat'><strong>675</strong></span> <span class='ocrx_word' id='word_1_416' title='bbox 2118 3186 2311 3256; x_wconf 79' lang='lat' dir='ltr'><strong>Incipit</strong></span> <span class='ocrx_word' id='word_1_417' title='bbox 2336 3188 2550 3255; x_wconf 72' lang='lat' dir='ltr'><strong>epistola</strong></span> <span class='ocrx_word' id='word_1_418' title='bbox 2584 3187 2774 3260; x_wconf 63' lang='lat' dir='ltr'><strong>synodj</strong></span> <span class='ocrx_word' id='word_1_419' title='bbox 2795 3187 3064 3254; x_wconf 62' lang='lat' dir='ltr'><strong>Africana:</strong></span> <span class='ocrx_word' id='word_1_420' title='bbox 3080 3184 3147 3238; x_wconf 88' lang='lat' dir='ltr'><strong>ad</strong></span> <span class='ocrx_word' id='word_1_421' title='bbox 3179 3182 3500 3238; x_wconf 81' lang='lat' dir='ltr'><strong>Celestinum</strong></span> 
     </span>
    </p>
   </div>
   <div class='ocr_carea' id='block_1_64' title="bbox 387 3253 1669 3330">
    <p class='ocr_par' dir='ltr' id='par_1_64' title="bbox 387 3253 1669 3330">
     <span class='ocr_line' id='line_1_64' title="bbox 387 3253 1669 3330; baseline 0.01 -28"><span class='ocrx_word' id='word_1_422' title='bbox 387 3253 535 3316; x_wconf 85' lang='grc' dir='ltr'>πρὸς</span> <span class='ocrx_word' id='word_1_423' title='bbox 574 3256 942 3310; x_wconf 73' lang='grc' dir='ltr'>Κελεστῖνον</span> <span class='ocrx_word' id='word_1_424' title='bbox 971 3253 1084 3325; x_wconf 12' lang='lat' dir='ltr'><strong>{dri</strong></span> <span class='ocrx_word' id='word_1_425' title='bbox 1105 3253 1389 3314; x_wconf 53' lang='lat' dir='ltr'><strong>acim-ra}:</strong></span> <span class='ocrx_word' id='word_1_426' title='bbox 1420 3253 1669 3330; x_wconf 79' lang='grc' dir='ltr'>Ῥὧμης.</span> 
     </span>
    </p>
   </div>
   <div class='ocr_carea' id='block_1_65' title="bbox 326 3345 1817 3422">
    <p class='ocr_par' dir='ltr' id='par_1_65' title="bbox 326 3345 1817 3422">
     <span class='ocr_line' id='line_1_65' title="bbox 326 3345 1817 3422; baseline 0.009 -30"><span class='ocrx_word' id='word_1_427' title='bbox 326 3361 344 3392; x_wconf 83' lang='grc' dir='ltr'><strong>ι</strong></span> <span class='ocrx_word' id='word_1_428' title='bbox 390 3345 632 3416; x_wconf 80' lang='grc' dir='ltr'>Δεσπότῃ</span> <span class='ocrx_word' id='word_1_429' title='bbox 651 3349 917 3418; x_wconf 83' lang='grc' dir='ltr'>ἀγαπητῷ</span> <span class='ocrx_word' id='word_1_430' title='bbox 940 3352 1032 3403; x_wconf 73' lang='grc' dir='ltr'>καὶ</span> <span class='ocrx_word' id='word_1_431' title='bbox 1060 3353 1374 3420; x_wconf 82' lang='grc' dir='ltr'>τιμιωτάτῳ</span> <span class='ocrx_word' id='word_1_432' title='bbox 1411 3353 1625 3422; x_wconf 80' lang='grc' dir='ltr'>ἀδελφῷ</span> <span class='ocrx_word' id='word_1_433' title='bbox 1653 3354 1817 3406; x_wconf 80' lang='grc' dir='ltr'>Κελε-</span> 
     </span>
    </p>
   </div>
   <div class='ocr_carea' id='block_1_66' title="bbox 243 3436 1813 3510">
    <p class='ocr_par' dir='ltr' id='par_1_66' title="bbox 243 3436 1813 3510">
     <span class='ocr_line' id='line_1_66' title="bbox 243 3436 1813 3510; baseline 0.008 -26"><span class='ocrx_word' id='word_1_434' title='bbox 243 3453 262 3484; x_wconf 77' lang='grc' dir='ltr'><strong>ι</strong></span> <span class='ocrx_word' id='word_1_435' title='bbox 318 3436 481 3504; x_wconf 78' lang='grc' dir='ltr'>στίνῳ</span> <span class='ocrx_word' id='word_1_436' title='bbox 513 3439 805 3508; x_wconf 77' lang='grc' dir='ltr'>Αὐρήλιος,</span> <span class='ocrx_word' id='word_1_437' title='bbox 853 3444 1170 3506; x_wconf 83' lang='grc' dir='ltr'>Παλατῖνος,</span> <span class='ocrx_word' id='word_1_438' title='bbox 1223 3446 1556 3506; x_wconf 80' lang='grc' dir='ltr'>Ἀντωνῖνος.</span> <span class='ocrx_word' id='word_1_439' title='bbox 1592 3445 1813 3510; x_wconf 86' lang='grc' dir='ltr'>Τοῦτος,</span> 
     </span>
    </p>
   </div>
   <div class='ocr_carea' id='block_1_67' title="bbox 244 3527 1815 3607">
    <p class='ocr_par' dir='ltr' id='par_1_67' title="bbox 244 3527 1815 3607">
     <span class='ocr_line' id='line_1_67' title="bbox 244 3527 1815 3607; baseline 0.008 -31"><span class='ocrx_word' id='word_1_440' title='bbox 244 3545 264 3576; x_wconf 88' lang='grc'><em>‹</em></span> <span class='ocrx_word' id='word_1_441' title='bbox 318 3527 694 3596; x_wconf 72' lang='grc' dir='ltr'>Σερϐοὺε-Δέῖ,</span> <span class='ocrx_word' id='word_1_442' title='bbox 755 3533 1040 3599; x_wconf 80' lang='grc' dir='ltr'>Τερέντιος</span> <span class='ocrx_word' id='word_1_443' title='bbox 1077 3535 1170 3588; x_wconf 75' lang='grc' dir='ltr'><strong>καὶ</strong></span> <span class='ocrx_word' id='word_1_444' title='bbox 1207 3537 1254 3587; x_wconf 76' lang='lat' dir='ltr'><strong>oi</strong></span> <span class='ocrx_word' id='word_1_445' title='bbox 1281 3535 1457 3588; x_wconf 80' lang='grc' dir='ltr'>λοιποὶ</span> <span class='ocrx_word' id='word_1_446' title='bbox 1479 3537 1526 3589; x_wconf 86' lang='grc' dir='ltr'><strong>οί</strong></span> <span class='ocrx_word' id='word_1_447' title='bbox 1559 3538 1617 3588; x_wconf 79' lang='grc' dir='ltr'>ἐν</span> <span class='ocrx_word' id='word_1_448' title='bbox 1669 3537 1815 3607; x_wconf 74' lang='grc' dir='ltr'>πάσῃ</span> 
     </span>
    </p>
   </div>
   <div class='ocr_carea' id='block_1_68' title="bbox 244 3621 1509 3698">
    <p class='ocr_par' dir='ltr' id='par_1_68' title="bbox 244 3621 1509 3698">
     <span class='ocr_line' id='line_1_68' title="bbox 244 3621 1509 3698; baseline 0.011 -32"><span class='ocrx_word' id='word_1_449' title='bbox 244 3634 263 3666; x_wconf 78' lang='grc' dir='ltr'><strong>ε</strong></span> <span class='ocrx_word' id='word_1_450' title='bbox 317 3622 384 3686; x_wconf 80' lang='grc' dir='ltr'>τῇ</span> <span class='ocrx_word' id='word_1_451' title='bbox 415 3621 617 3689; x_wconf 80' lang='grc' dir='ltr'>συνόδῳ</span> <span class='ocrx_word' id='word_1_452' title='bbox 647 3623 746 3690; x_wconf 84' lang='grc' dir='ltr'>τῆς</span> <span class='ocrx_word' id='word_1_453' title='bbox 776 3624 1124 3692; x_wconf 74' lang='grc' dir='ltr'>Καρχηδόνος</span> <span class='ocrx_word' id='word_1_454' title='bbox 1169 3627 1509 3698; x_wconf 80' lang='grc' dir='ltr'>εὑρεθέντες.</span> 
     </span>
    </p>
   </div>
   <div class='ocr_carea' id='block_1_69' title="bbox 246 3708 1818 3788">
    <p class='ocr_par' dir='ltr' id='par_1_69' title="bbox 246 3708 1818 3788">
     <span class='ocr_line' id='line_1_69' title="bbox 246 3708 1818 3788; baseline 0.017 -34"><span class='ocrx_word' id='word_1_455' title='bbox 246 3728 264 3754; x_wconf 76' lang='grc' dir='ltr'><strong>ε</strong></span> <span class='ocrx_word' id='word_1_456' title='bbox 315 3708 607 3778; x_wconf 79' lang='grc' dir='ltr'>Ηύχόμεθα</span> <span class='ocrx_word' id='word_1_457' title='bbox 643 3711 727 3764; x_wconf 82' lang='grc' dir='ltr'>ἵνα</span> <span class='ocrx_word' id='word_1_458' title='bbox 751 3712 811 3764; x_wconf 82' lang='grc' dir='ltr'><strong>δν</strong></span> <span class='ocrx_word' id='word_1_459' title='bbox 835 3715 1035 3780; x_wconf 81' lang='grc' dir='ltr'>τρόπον</span> <span class='ocrx_word' id='word_1_460' title='bbox 1060 3718 1090 3777; x_wconf 78' lang='grc' dir='ltr'><strong>η</strong></span> <span class='ocrx_word' id='word_1_461' title='bbox 1143 3717 1207 3787; x_wconf 80' lang='grc' dir='ltr'>σὴ</span> <span class='ocrx_word' id='word_1_462' title='bbox 1237 3718 1515 3784; x_wconf 85' lang='grc' dir='ltr'>ἀγιωσύνη</span> <span class='ocrx_word' id='word_1_463' title='bbox 1549 3718 1672 3788; x_wconf 65' lang='grc' dir='ltr'>περὶ</span> <span class='ocrx_word' id='word_1_464' title='bbox 1717 3717 1818 3785; x_wconf 80' lang='grc' dir='ltr'><strong>τῆς</strong></span> 
     </span>
    </p>
   </div>
   <div class='ocr_carea' id='block_1_70' title="bbox 323 3804 1816 3879">
    <p class='ocr_par' dir='ltr' id='par_1_70' title="bbox 323 3804 1816 3879">
     <span class='ocr_line' id='line_1_70' title="bbox 323 3804 1816 3879; baseline 0.008 -29"><span class='ocrx_word' id='word_1_465' title='bbox 323 3819 342 3850; x_wconf 80' lang='grc' dir='ltr'><strong>ι</strong></span> <span class='ocrx_word' id='word_1_466' title='bbox 391 3804 687 3870; x_wconf 80' lang='grc' dir='ltr'>παρουσίας</span> <span class='ocrx_word' id='word_1_467' title='bbox 716 3805 808 3858; x_wconf 89' lang='grc' dir='ltr'><strong>τοῦ</strong></span> <span class='ocrx_word' id='word_1_468' title='bbox 826 3806 1108 3878; x_wconf 78' lang='grc' dir='ltr'>Ἀπιαρίου</span> <span class='ocrx_word' id='word_1_469' title='bbox 1132 3811 1403 3879; x_wconf 79' lang='grc' dir='ltr'>χαρέντας</span> <span class='ocrx_word' id='word_1_470' title='bbox 1434 3811 1578 3878; x_wconf 75' lang='grc' dir='ltr'>ὑμᾶς</span> <span class='ocrx_word' id='word_1_471' title='bbox 1609 3810 1816 3878; x_wconf 73' lang='grc' dir='ltr'>ἐδήλω-</span> 
     </span>
    </p>
   </div>
   <div class='ocr_carea' id='block_1_71' title="bbox 323 3897 1806 3972">
    <p class='ocr_par' dir='ltr' id='par_1_71' title="bbox 323 3897 1806 3972">
     <span class='ocr_line' id='line_1_71' title="bbox 323 3897 1806 3972; baseline 0.008 -29"><span class='ocrx_word' id='word_1_472' title='bbox 323 3912 340 3942; x_wconf 77' lang='grc' dir='ltr'><strong>ι</strong></span> <span class='ocrx_word' id='word_1_473' title='bbox 391 3909 470 3957; x_wconf 87' lang='grc' dir='ltr'><strong>σε,</strong></span> <span class='ocrx_word' id='word_1_474' title='bbox 501 3897 843 3964; x_wconf 81' lang='grc' dir='ltr'>γραμμάτων</span> <span class='ocrx_word' id='word_1_475' title='bbox 867 3900 1225 3966; x_wconf 80' lang='grc' dir='ltr'>πεμφθέντων</span> <span class='ocrx_word' id='word_1_476' title='bbox 1253 3902 1338 3953; x_wconf 78' lang='grc' dir='ltr'>διὰ</span> <span class='ocrx_word' id='word_1_477' title='bbox 1354 3901 1447 3952; x_wconf 87' lang='grc' dir='ltr'><strong>τοῦ</strong></span> <span class='ocrx_word' id='word_1_478' title='bbox 1467 3903 1806 3972; x_wconf 77' lang='grc' dir='ltr'>συμπρεσῦυο</span> 
     </span>
    </p>
   </div>
   <div class='ocr_carea' id='block_1_72' title="bbox 323 3986 1818 4065">
    <p class='ocr_par' dir='ltr' id='par_1_72' title="bbox 323 3986 1818 4065">
     <span class='ocr_line' id='line_1_72' title="bbox 323 3986 1818 4065; baseline 0.008 -29"><span class='ocrx_word' id='word_1_479' title='bbox 323 4003 342 4034; x_wconf 76' lang='grc' dir='ltr'>ι</span> <span class='ocrx_word' id='word_1_480' title='bbox 391 3986 547 4054; x_wconf 87' lang='grc' dir='ltr'>τέρου</span> <span class='ocrx_word' id='word_1_481' title='bbox 567 3991 725 4056; x_wconf 80' lang='grc' dir='ltr'>ἡμῶν</span> <span class='ocrx_word' id='word_1_482' title='bbox 747 3989 994 4053; x_wconf 56' lang='grc' dir='ltr'>Λέοντος</span> <span class='ocrx_word' id='word_1_483' title='bbox 1018 3991 1158 4044; x_wconf 77' lang='grc' dir='ltr'>οὕτω</span> <span class='ocrx_word' id='word_1_484' title='bbox 1175 3995 1268 4047; x_wconf 75' lang='grc' dir='ltr'>καὶ</span> <span class='ocrx_word' id='word_1_485' title='bbox 1285 3995 1446 4064; x_wconf 75' lang='grc' dir='ltr'>ἡμεῖς</span> <span class='ocrx_word' id='word_1_486' title='bbox 1464 3995 1670 4062; x_wconf 77' lang='grc' dir='ltr'>ὁμοίως</span> <span class='ocrx_word' id='word_1_487' title='bbox 1690 3996 1818 4065; x_wconf 74' lang='grc' dir='ltr'>περὶ</span> 
     </span>
    </p>
   </div>
   <div class='ocr_carea' id='block_1_73' title="bbox 322 4079 1819 4158">
    <p class='ocr_par' dir='ltr' id='par_1_73' title="bbox 322 4079 1819 4158">
     <span class='ocr_line' id='line_1_73' title="bbox 322 4079 1819 4158; baseline 0.008 -28"><span class='ocrx_word' id='word_1_488' title='bbox 322 4099 341 4128; x_wconf 75' lang='grc' dir='ltr'><strong>ι</strong></span> <span class='ocrx_word' id='word_1_489' title='bbox 391 4079 482 4132; x_wconf 86' lang='grc' dir='ltr'><strong>τοῦ</strong></span> <span class='ocrx_word' id='word_1_490' title='bbox 536 4081 875 4151; x_wconf 79' lang='grc' dir='ltr'>καθαρισμοῦ</span> <span class='ocrx_word' id='word_1_491' title='bbox 924 4084 1016 4136; x_wconf 87' lang='grc' dir='ltr'><strong>τοῦ</strong></span> <span class='ocrx_word' id='word_1_492' title='bbox 1041 4086 1204 4137; x_wconf 80' lang='grc' dir='ltr'>αὐτοῦ</span> <span class='ocrx_word' id='word_1_493' title='bbox 1260 4087 1328 4139; x_wconf 88' lang='grc' dir='ltr'><strong>τά</strong></span> <span class='ocrx_word' id='word_1_494' title='bbox 1364 4089 1610 4158; x_wconf 88' lang='grc' dir='ltr'>παρόντα</span> <span class='ocrx_word' id='word_1_495' title='bbox 1631 4089 1819 4158; x_wconf 85' lang='grc' dir='ltr'>γράμ-</span> 
     </span>
    </p>
   </div>
   <div class='ocr_carea' id='block_1_74' title="bbox 321 4173 1820 4248">
    <p class='ocr_par' dir='ltr' id='par_1_74' title="bbox 321 4173 1820 4248">
     <span class='ocr_line' id='line_1_74' title="bbox 321 4173 1820 4248; baseline 0.005 -25"><span class='ocrx_word' id='word_1_496' title='bbox 321 4191 339 4223; x_wconf 82' lang='grc' dir='ltr'><strong>ι</strong></span> <span class='ocrx_word' id='word_1_497' title='bbox 393 4189 538 4239; x_wconf 84' lang='grc' dir='ltr'>ματα</span> <span class='ocrx_word' id='word_1_498' title='bbox 568 4173 702 4241; x_wconf 76' lang='grc' dir='ltr'>μετὰ</span> <span class='ocrx_word' id='word_1_499' title='bbox 735 4175 909 4242; x_wconf 73' lang='grc' dir='ltr'>χαρᾶς</span> <span class='ocrx_word' id='word_1_500' title='bbox 953 4173 1490 4246; x_wconf 84' lang='grc' dir='ltr'>ἀπεστείλαμεν.Ἦν</span> <span class='ocrx_word' id='word_1_501' title='bbox 1518 4179 1625 4247; x_wconf 82' lang='grc' dir='ltr'>γὰρ</span> <span class='ocrx_word' id='word_1_502' title='bbox 1659 4177 1820 4248; x_wconf 88' lang='grc' dir='ltr'>δηλα-</span> 
     </span>
    </p>
   </div>
   <div class='ocr_carea' id='block_1_75' title="bbox 321 4263 1818 4338">
    <p class='ocr_par' dir='ltr' id='par_1_75' title="bbox 321 4263 1818 4338">
     <span class='ocr_line' id='line_1_75' title="bbox 321 4263 1818 4338; baseline 0.005 -24"><span class='ocrx_word' id='word_1_503' title='bbox 321 4282 341 4314; x_wconf 76' lang='grc' dir='ltr'><strong>ε</strong></span> <span class='ocrx_word' id='word_1_504' title='bbox 388 4263 454 4331; x_wconf 74' lang='grc' dir='ltr'>δὴ</span> <span class='ocrx_word' id='word_1_505' title='bbox 491 4263 642 4332; x_wconf 76' lang='grc' dir='ltr'>καὶὴ</span> <span class='ocrx_word' id='word_1_506' title='bbox 681 4265 926 4334; x_wconf 77' lang='grc' dir='ltr'>ἡμετέρα</span> <span class='ocrx_word' id='word_1_507' title='bbox 966 4267 1112 4335; x_wconf 79' lang='grc' dir='ltr'>καὶὴ</span> <span class='ocrx_word' id='word_1_508' title='bbox 1137 4268 1381 4338; x_wconf 81' lang='grc' dir='ltr'>ὑμετέρα</span> <span class='ocrx_word' id='word_1_509' title='bbox 1406 4270 1684 4337; x_wconf 83' lang='grc' dir='ltr'>προθυμία</span> <span class='ocrx_word' id='word_1_510' title='bbox 1718 4271 1818 4322; x_wconf 84' lang='grc' dir='ltr'>ἀσ-</span> 
     </span>
    </p>
   </div>
   <div class='ocr_carea' id='block_1_76' title="bbox 322 4355 1818 4431">
    <p class='ocr_par' dir='ltr' id='par_1_76' title="bbox 322 4355 1818 4431">
     <span class='ocr_line' id='line_1_76' title="bbox 322 4355 1818 4431; baseline 0.006 -26"><span class='ocrx_word' id='word_1_511' title='bbox 322 4373 342 4405; x_wconf 79' lang='grc' dir='ltr'><strong>ε</strong></span> <span class='ocrx_word' id='word_1_512' title='bbox 391 4355 722 4422; x_wconf 81' lang='grc' dir='ltr'>φαλεστέρα,</span> <span class='ocrx_word' id='word_1_513' title='bbox 778 4357 874 4408; x_wconf 78' lang='grc' dir='ltr'>καὶ</span> <span class='ocrx_word' id='word_1_514' title='bbox 931 4358 1052 4409; x_wconf 78' lang='grc' dir='ltr'>οὐδὲ</span> <span class='ocrx_word' id='word_1_515' title='bbox 1118 4359 1386 4428; x_wconf 76' lang='grc' dir='ltr'>πευστικὴ</span> <span class='ocrx_word' id='word_1_516' title='bbox 1418 4361 1650 4430; x_wconf 81' lang='grc' dir='ltr'>ὲδόκειή</span> <span class='ocrx_word' id='word_1_517' title='bbox 1686 4361 1818 4431; x_wconf 63' lang='grc' dir='ltr'><strong>περὶ⁹</strong></span> 
     </span>
    </p>
   </div>
   <div class='ocr_carea' id='block_1_77' title="bbox 322 4443 1814 4520">
    <p class='ocr_par' dir='ltr' id='par_1_77' title="bbox 322 4443 1814 4520">
     <span class='ocr_line' id='line_1_77' title="bbox 322 4443 1814 4520; baseline 0.005 -24"><span class='ocrx_word' id='word_1_518' title='bbox 322 4464 342 4496; x_wconf 79' lang='grc' dir='ltr'><strong>ε</strong></span> <span class='ocrx_word' id='word_1_519' title='bbox 389 4443 484 4496; x_wconf 88' lang='grc' dir='ltr'><strong>τοῦ</strong></span> <span class='ocrx_word' id='word_1_520' title='bbox 537 4445 720 4514; x_wconf 80' lang='grc' dir='ltr'>ἀκμὴν</span> <span class='ocrx_word' id='word_1_521' title='bbox 777 4446 1068 4499; x_wconf 86' lang='grc' dir='ltr'>ἀκουστέου</span> <span class='ocrx_word' id='word_1_522' title='bbox 1121 4449 1265 4518; x_wconf 72' lang='grc' dir='ltr'>ἥπερ</span> <span class='ocrx_word' id='word_1_523' title='bbox 1338 4452 1413 4512; x_wconf 84' lang='grc' dir='ltr'><strong>ὡς</strong></span> <span class='ocrx_word' id='word_1_524' title='bbox 1465 4453 1594 4520; x_wconf 80' lang='grc' dir='ltr'>περὶ</span> <span class='ocrx_word' id='word_1_525' title='bbox 1648 4454 1814 4505; x_wconf 82' lang='grc' dir='ltr'>ἀκου-</span> 
     </span>
    </p>
   </div>
   <div class='ocr_carea' id='block_1_78' title="bbox 323 4536 1818 4610">
    <p class='ocr_par' dir='ltr' id='par_1_78' title="bbox 323 4536 1818 4610">
     <span class='ocr_line' id='line_1_78' title="bbox 323 4536 1818 4610; baseline 0.008 -25"><span class='ocrx_word' id='word_1_526' title='bbox 323 4557 340 4585; x_wconf 81' lang='grc' dir='ltr'><strong>ι</strong></span> <span class='ocrx_word' id='word_1_527' title='bbox 393 4536 608 4598; x_wconf 82' lang='grc' dir='ltr'>σθέντος</span> <span class='ocrx_word' id='word_1_528' title='bbox 645 4538 1097 4606; x_wconf 76' lang='grc' dir='ltr'>προηγησαμένη.</span> <span class='ocrx_word' id='word_1_529' title='bbox 1163 4540 1618 4610; x_wconf 85' lang='grc' dir='ltr'>Παραγενομένου</span> <span class='ocrx_word' id='word_1_530' title='bbox 1640 4546 1818 4596; x_wconf 87' lang='grc' dir='ltr'>τοίνυν</span> 
     </span>
    </p>
   </div>
   <div class='ocr_carea' id='block_1_79' title="bbox 324 4627 1822 4698">
    <p class='ocr_par' dir='ltr' id='par_1_79' title="bbox 324 4627 1822 4698">
     <span class='ocr_line' id='line_1_79' title="bbox 324 4627 1822 4698; baseline 0.007 -21"><span class='ocrx_word' id='word_1_531' title='bbox 324 4646 344 4677; x_wconf 77' lang='grc' dir='ltr'><strong>ι</strong></span> <span class='ocrx_word' id='word_1_532' title='bbox 392 4628 522 4695; x_wconf 76' lang='grc' dir='ltr'>πρὸς</span> <span class='ocrx_word' id='word_1_533' title='bbox 545 4628 691 4694; x_wconf 81' lang='grc' dir='ltr'>ἡμᾶς</span> <span class='ocrx_word' id='word_1_534' title='bbox 723 4627 813 4680; x_wconf 90' lang='grc' dir='ltr'><strong>τοῦ</strong></span> <span class='ocrx_word' id='word_1_535' title='bbox 860 4629 1168 4695; x_wconf 86' lang='grc' dir='ltr'>ἀγιωτάτου</span> <span class='ocrx_word' id='word_1_536' title='bbox 1210 4631 1442 4698; x_wconf 85' lang='grc' dir='ltr'>ἀδελφοῦ</span> <span class='ocrx_word' id='word_1_537' title='bbox 1473 4634 1568 4686; x_wconf 77' lang='grc' dir='ltr'>καὶ</span> <span class='ocrx_word' id='word_1_538' title='bbox 1603 4651 1822 4687; x_wconf 81' lang='grc' dir='ltr'>συνεπι-</span> 
     </span>
    </p>
   </div>
   <div class='ocr_carea' id='block_1_80' title="bbox 325 4718 1821 4792">
    <p class='ocr_par' dir='ltr' id='par_1_80' title="bbox 325 4718 1821 4792">
     <span class='ocr_line' id='line_1_80' title="bbox 325 4718 1821 4792; baseline 0.008 -24"><span class='ocrx_word' id='word_1_539' title='bbox 325 4737 343 4768; x_wconf 76' lang='grc' dir='ltr'><strong>ι</strong></span> <span class='ocrx_word' id='word_1_540' title='bbox 395 4718 600 4770; x_wconf 81' lang='grc' dir='ltr'>σκόπου</span> <span class='ocrx_word' id='word_1_541' title='bbox 646 4719 805 4786; x_wconf 78' lang='grc' dir='ltr'>ἡμῶν</span> <span class='ocrx_word' id='word_1_542' title='bbox 858 4722 1181 4784; x_wconf 80' lang='grc' dir='ltr'>Φαυστίνου,</span> <span class='ocrx_word' id='word_1_543' title='bbox 1242 4721 1555 4792; x_wconf 80' lang='grc' dir='ltr'>συνήξαμεν</span> <span class='ocrx_word' id='word_1_544' title='bbox 1605 4725 1821 4779; x_wconf 87' lang='grc' dir='ltr'>σύνοδον</span> 
     </span>
    </p>
   </div>
   <div class='ocr_carea' id='block_1_81' title="bbox 325 4808 1818 4880">
    <p class='ocr_par' dir='ltr' id='par_1_81' title="bbox 325 4808 1818 4880">
     <span class='ocr_line' id='line_1_81' title="bbox 325 4808 1818 4880; baseline 0.008 -22"><span class='ocrx_word' id='word_1_545' title='bbox 325 4827 344 4858; x_wconf 74' lang='grc' dir='ltr'><strong>ι</strong></span> <span class='ocrx_word' id='word_1_546' title='bbox 394 4809 489 4860; x_wconf 82' lang='grc' dir='ltr'><strong>καὶ</strong></span> <span class='ocrx_word' id='word_1_547' title='bbox 510 4808 910 4878; x_wconf 74' lang='grc' dir='ltr'>ἐπιστεύσαμεν</span> <span class='ocrx_word' id='word_1_548' title='bbox 938 4811 1028 4863; x_wconf 82' lang='grc' dir='ltr'><strong>διὰ</strong></span> <span class='ocrx_word' id='word_1_549' title='bbox 1057 4811 1214 4866; x_wconf 87' lang='grc' dir='ltr'>τοῦτο</span> <span class='ocrx_word' id='word_1_550' title='bbox 1245 4815 1408 4866; x_wconf 79' lang='grc' dir='ltr'>αὑτὸν</span> <span class='ocrx_word' id='word_1_551' title='bbox 1445 4817 1566 4880; x_wconf 79' lang='grc' dir='ltr'>μετ’</span> <span class='ocrx_word' id='word_1_552' title='bbox 1611 4818 1818 4870; x_wconf 76' lang='grc' dir='ltr'>ἐκείνου</span> 
     </span>
    </p>
   </div>
   <div class='ocr_carea' id='block_1_82' title="bbox 333 4898 1820 4980">
    <p class='ocr_par' dir='ltr' id='par_1_82' title="bbox 333 4898 1820 4980">
     <span class='ocr_line' id='line_1_82' title="bbox 333 4898 1820 4980; baseline 0.007 -30"><span class='ocrx_word' id='word_1_553' title='bbox 333 4917 352 4950; x_wconf 76' lang='grc' dir='ltr'><strong>ε</strong></span> <span class='ocrx_word' id='word_1_554' title='bbox 401 4901 740 4968; x_wconf 82' lang='grc' dir='ltr'>πεμφθέντα,</span> <span class='ocrx_word' id='word_1_555' title='bbox 755 4901 840 4954; x_wconf 84' lang='grc' dir='ltr'>ἵνα</span> <span class='ocrx_word' id='word_1_556' title='bbox 864 4901 1050 4972; x_wconf 81' lang='grc' dir='ltr'>ὥσπερ</span> <span class='ocrx_word' id='word_1_557' title='bbox 1066 4898 1220 4966; x_wconf 79' lang='grc' dir='ltr'>οὗτος</span> <span class='ocrx_word' id='word_1_558' title='bbox 1238 4908 1302 4973; x_wconf 78' lang='grc' dir='ltr'>τῇ</span> <span class='ocrx_word' id='word_1_559' title='bbox 1334 4907 1497 4959; x_wconf 84' lang='grc' dir='ltr'>αὐτοῦ</span> <span class='ocrx_word' id='word_1_560' title='bbox 1525 4909 1724 4978; x_wconf 83' lang='grc' dir='ltr'>σπουδῇ</span> <span class='ocrx_word' id='word_1_561' title='bbox 1744 4910 1820 4980; x_wconf 83' lang='grc' dir='ltr'>τῷ</span> 
     </span>
    </p>
   </div>
   <div class='ocr_carea' id='block_1_83' title="bbox 328 4991 1820 5069">
    <p class='ocr_par' dir='ltr' id='par_1_83' title="bbox 328 4991 1820 5069">
     <span class='ocr_line' id='line_1_83' title="bbox 328 4991 1820 5069; baseline 0.007 -28"><span class='ocrx_word' id='word_1_562' title='bbox 328 5010 347 5040; x_wconf 78' lang='grc' dir='ltr'><strong>ι</strong></span> <span class='ocrx_word' id='word_1_563' title='bbox 393 4991 774 5062; x_wconf 76' lang='grc' dir='ltr'>πρεσϐυτερίῳ</span> <span class='ocrx_word' id='word_1_564' title='bbox 809 4993 1065 5062; x_wconf 75' lang='grc' dir='ltr'>ἀπεδόθη,</span> <span class='ocrx_word' id='word_1_565' title='bbox 1092 4995 1347 5047; x_wconf 75' lang='grc' dir='ltr'>οὕτωκαὶ</span> <span class='ocrx_word' id='word_1_566' title='bbox 1383 4996 1477 5048; x_wconf 85' lang='grc' dir='ltr'><strong>νῦν</strong></span> <span class='ocrx_word' id='word_1_567' title='bbox 1507 4998 1707 5068; x_wconf 83' lang='grc' dir='ltr'>δυνηθῇ</span> <span class='ocrx_word' id='word_1_568' title='bbox 1740 4999 1820 5069; x_wconf 84' lang='grc' dir='ltr'>τῷ</span> 
     </span>
    </p>
   </div>
   <div class='ocr_carea' id='block_1_84' title="bbox 329 5080 1820 5154">
    <p class='ocr_par' dir='ltr' id='par_1_84' title="bbox 329 5080 1820 5154">
     <span class='ocr_line' id='line_1_84' title="bbox 329 5080 1820 5154; baseline 0.007 -24"><span class='ocrx_word' id='word_1_569' title='bbox 329 5100 347 5130; x_wconf 78' lang='grc' dir='ltr'><strong>ι</strong></span> <span class='ocrx_word' id='word_1_570' title='bbox 403 5080 568 5132; x_wconf 84' lang='grc' dir='ltr'>αὑτοῦ</span> <span class='ocrx_word' id='word_1_571' title='bbox 593 5081 745 5148; x_wconf 81' lang='grc' dir='ltr'>κόπῳ</span> <span class='ocrx_word' id='word_1_572' title='bbox 764 5081 945 5132; x_wconf 80' lang='grc' dir='ltr'>ἐκτῶν</span> <span class='ocrx_word' id='word_1_573' title='bbox 962 5082 1070 5134; x_wconf 84' lang='grc' dir='ltr'>ἀπὸ</span> <span class='ocrx_word' id='word_1_574' title='bbox 1086 5084 1194 5136; x_wconf 81' lang='grc' dir='ltr'><strong>τῶν</strong></span> <span class='ocrx_word' id='word_1_575' title='bbox 1212 5086 1268 5136; x_wconf 75' lang='grc' dir='ltr'>ὲν</span> <span class='ocrx_word' id='word_1_576' title='bbox 1291 5085 1670 5154; x_wconf 81' lang='grc' dir='ltr'>Θαϐρακηναῑς</span> <span class='ocrx_word' id='word_1_577' title='bbox 1692 5089 1820 5141; x_wconf 71' lang='grc' dir='ltr'>ὑποο</span> 
     </span>
    </p>
   </div>
   <div class='ocr_carea' id='block_1_85' title="bbox 327 5170 1816 5246">
    <p class='ocr_par' dir='ltr' id='par_1_85' title="bbox 327 5170 1816 5246">
     <span class='ocr_line' id='line_1_85' title="bbox 327 5170 1816 5246; baseline 0.006 -24"><span class='ocrx_word' id='word_1_578' title='bbox 327 5195 343 5222; x_wconf 72' lang='grc' dir='ltr'><strong>ε</strong></span> <span class='ocrx_word' id='word_1_579' title='bbox 392 5170 697 5239; x_wconf 79' lang='grc' dir='ltr'>ὁληθέντων</span> <span class='ocrx_word' id='word_1_580' title='bbox 723 5171 994 5224; x_wconf 80' lang='grc' dir='ltr'>τοσούτων</span> <span class='ocrx_word' id='word_1_581' title='bbox 1044 5174 1407 5244; x_wconf 80' lang='grc' dir='ltr'>ἐγκλημάτων</span> <span class='ocrx_word' id='word_1_582' title='bbox 1442 5178 1816 5246; x_wconf 79' lang='grc' dir='ltr'>καταρθῆναιο</span> 
     </span>
    </p>
   </div>
   <div class='ocr_carea' id='block_1_86' title="bbox 330 5255 1819 5337">
    <p class='ocr_par' dir='ltr' id='par_1_86' title="bbox 330 5255 1819 5337">
     <span class='ocr_line' id='line_1_86' title="bbox 330 5255 1819 5337; baseline 0.007 -25"><span class='ocrx_word' id='word_1_583' title='bbox 330 5281 349 5312; x_wconf 75' lang='grc' dir='ltr'><strong>ι</strong></span> <span class='ocrx_word' id='word_1_584' title='bbox 398 5255 607 5322; x_wconf 77' lang='grc' dir='ltr'>οὗτινος</span> <span class='ocrx_word' id='word_1_585' title='bbox 637 5263 704 5314; x_wconf 84' lang='grc' dir='ltr'>τὰ</span> <span class='ocrx_word' id='word_1_586' title='bbox 734 5262 973 5315; x_wconf 86' lang='grc' dir='ltr'>τοσαῦτα</span> <span class='ocrx_word' id='word_1_587' title='bbox 1023 5265 1119 5318; x_wconf 75' lang='grc' dir='ltr'>καὶ</span> <span class='ocrx_word' id='word_1_588' title='bbox 1146 5264 1289 5318; x_wconf 76' lang='grc' dir='ltr'>οὕτω</span> <span class='ocrx_word' id='word_1_589' title='bbox 1333 5269 1661 5337; x_wconf 78' lang='grc' dir='ltr'>παμμεγέθη</span> <span class='ocrx_word' id='word_1_590' title='bbox 1694 5271 1819 5322; x_wconf 86' lang='grc' dir='ltr'>ἀτο-</span> 
     </span>
    </p>
   </div>
   <div class='ocr_carea' id='block_1_87' title="bbox 325 5352 1820 5429">
    <p class='ocr_par' dir='ltr' id='par_1_87' title="bbox 325 5352 1820 5429">
     <span class='ocr_line' id='line_1_87' title="bbox 325 5352 1820 5429; baseline 0.005 -25"><span class='ocrx_word' id='word_1_591' title='bbox 325 5375 343 5404; x_wconf 80' lang='grc' dir='ltr'><strong>ε</strong></span> <span class='ocrx_word' id='word_1_592' title='bbox 391 5355 618 5420; x_wconf 77' lang='grc' dir='ltr'>πήματα</span> <span class='ocrx_word' id='word_1_593' title='bbox 649 5353 680 5419; x_wconf 85' lang='grc' dir='ltr'><strong>ἡ</strong></span> <span class='ocrx_word' id='word_1_594' title='bbox 712 5352 918 5421; x_wconf 76' lang='grc' dir='ltr'>πληθὺς</span> <span class='ocrx_word' id='word_1_595' title='bbox 959 5355 1384 5424; x_wconf 81' lang='grc' dir='ltr'>καταδραμοῦσα</span> <span class='ocrx_word' id='word_1_596' title='bbox 1416 5362 1515 5428; x_wconf 84' lang='grc' dir='ltr'>τῆς</span> <span class='ocrx_word' id='word_1_597' title='bbox 1549 5361 1820 5429; x_wconf 83' lang='grc' dir='ltr'>ἡμετέρας</span> 
     </span>
    </p>
   </div>
   <div class='ocr_carea' id='block_1_88' title="bbox 328 5437 1819 5522">
    <p class='ocr_par' dir='ltr' id='par_1_88' title="bbox 328 5437 1819 5522">
     <span class='ocr_line' id='line_1_88' title="bbox 328 5437 1819 5522; baseline 0.005 -26"><span class='ocrx_word' id='word_1_598' title='bbox 328 5463 346 5496; x_wconf 79' lang='grc' dir='ltr'><strong>ι</strong></span> <span class='ocrx_word' id='word_1_599' title='bbox 398 5444 615 5495; x_wconf 79' lang='grc' dir='ltr'>συνόδου</span> <span class='ocrx_word' id='word_1_600' title='bbox 669 5437 830 5512; x_wconf 69' lang='grc' dir='ltr'>εὗρεν</span> <span class='ocrx_word' id='word_1_601' title='bbox 859 5447 938 5497; x_wconf 83' lang='grc' dir='ltr'>ὅτι</span> <span class='ocrx_word' id='word_1_602' title='bbox 976 5448 1074 5499; x_wconf 76' lang='grc' dir='ltr'>’καὶ</span> <span class='ocrx_word' id='word_1_603' title='bbox 1106 5449 1197 5500; x_wconf 80' lang='grc' dir='ltr'><strong>τοῦ</strong></span> <span class='ocrx_word' id='word_1_604' title='bbox 1234 5450 1692 5517; x_wconf 78' lang='grc' dir='ltr'>μνημονευθέντος</span> <span class='ocrx_word' id='word_1_605' title='bbox 1722 5454 1819 5522; x_wconf 84' lang='grc' dir='ltr'>τὴν</span> 
     </span>
    </p>
   </div>
   <div class='ocr_carea' id='block_1_89' title="bbox 331 5535 1820 5610">
    <p class='ocr_par' dir='ltr' id='par_1_89' title="bbox 331 5535 1820 5610">
     <span class='ocr_line' id='line_1_89' title="bbox 331 5535 1820 5610; baseline 0.005 -24"><span class='ocrx_word' id='word_1_606' title='bbox 331 5554 349 5586; x_wconf 82' lang='grc' dir='ltr'><strong>ε</strong></span> <span class='ocrx_word' id='word_1_607' title='bbox 397 5535 714 5603; x_wconf 82' lang='grc' dir='ltr'>πατρωνίαν</span> <span class='ocrx_word' id='word_1_608' title='bbox 772 5537 971 5603; x_wconf 79' lang='grc' dir='ltr'>μᾶλλον</span> <span class='ocrx_word' id='word_1_609' title='bbox 1023 5539 1165 5606; x_wconf 72' lang='grc' dir='ltr'>ἥπερ</span> <span class='ocrx_word' id='word_1_610' title='bbox 1219 5544 1422 5609; x_wconf 75' lang='grc' dir='ltr'>κρίσιν,</span> <span class='ocrx_word' id='word_1_611' title='bbox 1481 5542 1574 5592; x_wconf 79' lang='grc' dir='ltr'>καὶ</span> <span class='ocrx_word' id='word_1_612' title='bbox 1617 5543 1713 5610; x_wconf 76' lang='grc' dir='ltr'>τὴν</span> <span class='ocrx_word' id='word_1_613' title='bbox 1744 5544 1820 5605; x_wconf 81' lang='grc' dir='ltr'>ὡς</span> 
     </span>
    </p>
   </div>
   <div class='ocr_carea' id='block_1_90' title="bbox 327 5624 1819 5697">
    <p class='ocr_par' dir='ltr' id='par_1_90' title="bbox 327 5624 1819 5697">
     <span class='ocr_line' id='line_1_90' title="bbox 327 5624 1819 5697; baseline 0.007 -23"><span class='ocrx_word' id='word_1_614' title='bbox 327 5643 346 5674; x_wconf 74' lang='grc' dir='ltr'><strong>ε</strong></span> <span class='ocrx_word' id='word_1_615' title='bbox 394 5624 609 5675; x_wconf 82' lang='grc' dir='ltr'>ὲκδίκου</span> <span class='ocrx_word' id='word_1_616' title='bbox 672 5625 910 5694; x_wconf 80' lang='grc' dir='ltr'>σπουδὴν</span> <span class='ocrx_word' id='word_1_617' title='bbox 966 5627 1166 5695; x_wconf 80' lang='grc' dir='ltr'>μᾶλλον</span> <span class='ocrx_word' id='word_1_618' title='bbox 1199 5630 1344 5697; x_wconf 73' lang='grc' dir='ltr'>ἥπερ</span> <span class='ocrx_word' id='word_1_619' title='bbox 1377 5630 1708 5696; x_wconf 86' lang='grc' dir='ltr'>διαγνώστου</span> <span class='ocrx_word' id='word_1_620' title='bbox 1741 5632 1819 5684; x_wconf 82' lang='grc' dir='ltr'>δι-</span> 
     </span>
    </p>
   </div>
   <div class='ocr_carea' id='block_1_91' title="bbox 325 5712 1814 5792">
    <p class='ocr_par' dir='ltr' id='par_1_91' title="bbox 325 5712 1814 5792">
     <span class='ocr_line' id='line_1_91' title="bbox 325 5712 1814 5792; baseline 0.007 -26"><span class='ocrx_word' id='word_1_621' title='bbox 325 5734 344 5766; x_wconf 82' lang='grc'><strong>(</strong></span> <span class='ocrx_word' id='word_1_622' title='bbox 391 5712 688 5784; x_wconf 81' lang='grc' dir='ltr'>καιοσύνην</span> <span class='ocrx_word' id='word_1_623' title='bbox 722 5716 1138 5784; x_wconf 86' lang='grc' dir='ltr'>ύπερενίκησεν.</span> <span class='ocrx_word' id='word_1_624' title='bbox 1168 5720 1386 5787; x_wconf 82' lang='grc' dir='ltr'>Πρῶτον</span> <span class='ocrx_word' id='word_1_625' title='bbox 1408 5720 1506 5788; x_wconf 84' lang='grc' dir='ltr'>μὲν</span> <span class='ocrx_word' id='word_1_626' title='bbox 1536 5722 1642 5792; x_wconf 81' lang='grc' dir='ltr'><strong>γὰρ</strong></span> <span class='ocrx_word' id='word_1_627' title='bbox 1657 5724 1814 5776; x_wconf 80' lang='grc' dir='ltr'><strong>ἁντέο</strong></span> 
     </span>
    </p>
   </div>
   <div class='ocr_carea' id='block_1_92' title="bbox 319 5806 1816 5886">
    <p class='ocr_par' dir='ltr' id='par_1_92' title="bbox 319 5806 1816 5886">
     <span class='ocr_line' id='line_1_92' title="bbox 319 5806 1816 5886; baseline 0.007 -27"><span class='ocrx_word' id='word_1_628' title='bbox 319 5826 338 5859; x_wconf 81' lang='grc' dir='ltr'><strong>ε</strong></span> <span class='ocrx_word' id='word_1_629' title='bbox 389 5823 489 5876; x_wconf 86' lang='grc' dir='ltr'><strong>στη</strong></span> <span class='ocrx_word' id='word_1_630' title='bbox 522 5806 768 5877; x_wconf 85' lang='grc' dir='ltr'>μεγάλως</span> <span class='ocrx_word' id='word_1_631' title='bbox 801 5808 948 5878; x_wconf 81' lang='grc' dir='ltr'>πάσῃ</span> <span class='ocrx_word' id='word_1_632' title='bbox 979 5811 1045 5877; x_wconf 86' lang='grc' dir='ltr'>τῇ</span> <span class='ocrx_word' id='word_1_633' title='bbox 1075 5809 1602 5881; x_wconf 60' lang='grc' dir='ltr'>συνόότε›,διαφόρους</span> <span class='ocrx_word' id='word_1_634' title='bbox 1634 5815 1816 5886; x_wconf 76' lang='grc' dir='ltr'>ὕϐρεις</span> 
     </span>
    </p>
   </div>
   <div class='ocr_carea' id='block_1_93' title="bbox 1851 4501 1894 4555">
    <p class='ocr_par' dir='ltr' id='par_1_93' title="bbox 1851 4501 1894 4555">
     <span class='ocr_line' id='line_1_93' title="bbox 1851 4501 1894 4555; baseline 0 0"><span class='ocrx_word' id='word_1_635' title='bbox 1851 4501 1894 4555; x_wconf 89' lang='lat' dir='ltr'><strong>D</strong></span> 
     </span>
    </p>
   </div>
   <div class='ocr_carea' id='block_1_94' title="bbox 2481 3256 2928 3323">
    <p class='ocr_par' dir='ltr' id='par_1_94' title="bbox 2481 3256 2928 3323">
     <span class='ocr_line' id='line_1_94' title="bbox 2481 3256 2928 3323; baseline 0 -16"><span class='ocrx_word' id='word_1_636' title='bbox 2481 3273 2677 3323; x_wconf 84' lang='lat' dir='ltr'><strong>papam</strong></span> <span class='ocrx_word' id='word_1_637' title='bbox 2729 3256 2928 3309; x_wconf 69' lang='lat' dir='ltr'><strong>Roma.</strong></span> 
     </span>
    </p>
   </div>
   <div class='ocr_carea' id='block_1_95' title="bbox 1995 3342 3495 3416">
    <p class='ocr_par' dir='ltr' id='par_1_95' title="bbox 1995 3342 3495 3416">
     <span class='ocr_line' id='line_1_95' title="bbox 1995 3342 3495 3416; baseline -0.001 -17"><span class='ocrx_word' id='word_1_638' title='bbox 1995 3365 2014 3399; x_wconf 74' lang='grc' dir='ltr'><strong>ι</strong></span> <span class='ocrx_word' id='word_1_639' title='bbox 2059 3347 2285 3402; x_wconf 86' lang='lat' dir='ltr'><strong>Domino</strong></span> <span class='ocrx_word' id='word_1_640' title='bbox 2334 3348 2529 3401; x_wconf 89' lang='lat' dir='ltr'><strong>dilecto</strong></span> <span class='ocrx_word' id='word_1_641' title='bbox 2594 3362 2647 3401; x_wconf 88' lang='lat' dir='ltr'><strong>et</strong></span> <span class='ocrx_word' id='word_1_642' title='bbox 2698 3347 2750 3401; x_wconf 93' lang='lat' dir='ltr'><strong>in</strong></span> <span class='ocrx_word' id='word_1_643' title='bbox 2800 3348 2988 3416; x_wconf 89' lang='lat' dir='ltr'><strong>primis</strong></span> <span class='ocrx_word' id='word_1_644' title='bbox 3050 3344 3342 3401; x_wconf 77' lang='lat' dir='ltr'><strong>venerabili</strong></span> <span class='ocrx_word' id='word_1_645' title='bbox 3377 3342 3495 3397; x_wconf 84' lang='lat' dir='ltr'><strong>l&#39;ra-</strong></span> 
     </span>
    </p>
   </div>
   <div class='ocr_carea' id='block_1_96' title="bbox 1932 3438 3490 3503">
    <p class='ocr_par' dir='ltr' id='par_1_96' title="bbox 1932 3438 3490 3503">
     <span class='ocr_line' id='line_1_96' title="bbox 1932 3438 3490 3503; baseline -0.002 -13"><span class='ocrx_word' id='word_1_646' title='bbox 1932 3457 1951 3490; x_wconf 82' lang='grc'><strong>(</strong></span> <span class='ocrx_word' id='word_1_647' title='bbox 1989 3441 2054 3493; x_wconf 86' lang='lat' dir='ltr'><strong>tri</strong></span> <span class='ocrx_word' id='word_1_648' title='bbox 2114 3439 2387 3493; x_wconf 89' lang='lat' dir='ltr'><strong>Celestino</strong></span> <span class='ocrx_word' id='word_1_649' title='bbox 2453 3440 2745 3503; x_wconf 85' lang='lat' dir='ltr'><strong>Aurelius,</strong></span> <span class='ocrx_word' id='word_1_650' title='bbox 2812 3439 3113 3502; x_wconf 85' lang='lat' dir='ltr'><strong>Palatinus,</strong></span> <span class='ocrx_word' id='word_1_651' title='bbox 3161 3438 3490 3499; x_wconf 80' lang='lat' dir='ltr'><strong>Antoninus,</strong></span> 
     </span>
    </p>
   </div>
   <div class='ocr_carea' id='block_1_97' title="bbox 1925 3529 3492 3595">
    <p class='ocr_par' dir='ltr' id='par_1_97' title="bbox 1925 3529 3492 3595">
     <span class='ocr_line' id='line_1_97' title="bbox 1925 3529 3492 3595; baseline -0.001 -13"><span class='ocrx_word' id='word_1_652' title='bbox 1925 3550 1943 3582; x_wconf 79' lang='grc' dir='ltr'><strong>ι</strong></span> <span class='ocrx_word' id='word_1_653' title='bbox 1975 3531 2169 3595; x_wconf 87' lang='lat' dir='ltr'><strong>Tutus,</strong></span> <span class='ocrx_word' id='word_1_654' title='bbox 2220 3531 2570 3594; x_wconf 90' lang='lat' dir='ltr'><strong>Servus-Dei,</strong></span> <span class='ocrx_word' id='word_1_655' title='bbox 2612 3532 2902 3585; x_wconf 87' lang='lat' dir='ltr'><strong>Terentius</strong></span> <span class='ocrx_word' id='word_1_656' title='bbox 2956 3540 3010 3584; x_wconf 91' lang='lat' dir='ltr'><strong>et</strong></span> <span class='ocrx_word' id='word_1_657' title='bbox 3067 3530 3273 3592; x_wconf 64' lang='lat' dir='ltr'><strong>caeteri,</strong></span> <span class='ocrx_word' id='word_1_658' title='bbox 3322 3529 3492 3595; x_wconf 85' lang='lat' dir='ltr'><strong>quiin</strong></span> 
     </span>
    </p>
   </div>
   <div class='ocr_carea' id='block_1_98' title="bbox 1926 3620 3490 3693">
    <p class='ocr_par' dir='ltr' id='par_1_98' title="bbox 1926 3620 3490 3693">
     <span class='ocr_line' id='line_1_98' title="bbox 1926 3620 3490 3693; baseline -0.001 -19"><span class='ocrx_word' id='word_1_659' title='bbox 1926 3642 1944 3674; x_wconf 82' lang='grc' dir='ltr'><strong>ι</strong></span> <span class='ocrx_word' id='word_1_660' title='bbox 1980 3623 2276 3677; x_wconf 86' lang='lat' dir='ltr'><strong>universali</strong></span> <span class='ocrx_word' id='word_1_661' title='bbox 2333 3622 2752 3690; x_wconf 78' lang='lat' dir='ltr'><strong>Carthagiueusi</strong></span> <span class='ocrx_word' id='word_1_662' title='bbox 2805 3623 3014 3693; x_wconf 87' lang='lat' dir='ltr'><strong>synodo</strong></span> <span class='ocrx_word' id='word_1_663' title='bbox 3047 3620 3435 3674; x_wconf 82' lang='lat' dir='ltr'><strong>interfuerunt.</strong></span> <span class='ocrx_word' id='word_1_664' title='bbox 3470 3638 3490 3673; x_wconf 72' lang='grc' dir='ltr'><strong>ι</strong></span> 
     </span>
    </p>
   </div>
   <div class='ocr_carea' id='block_1_99' title="bbox 1925 3713 3494 3785">
    <p class='ocr_par' dir='ltr' id='par_1_99' title="bbox 1925 3713 3494 3785">
     <span class='ocr_line' id='line_1_99' title="bbox 1925 3713 3494 3785; baseline 0.001 -19"><span class='ocrx_word' id='word_1_665' title='bbox 1925 3733 1943 3766; x_wconf 80' lang='grc' dir='ltr'><strong>ι</strong></span> <span class='ocrx_word' id='word_1_666' title='bbox 1986 3715 2333 3785; x_wconf 84' lang='lat' dir='ltr'><strong>Optaremus,</strong></span> <span class='ocrx_word' id='word_1_667' title='bbox 2379 3723 2438 3767; x_wconf 89' lang='lat' dir='ltr'><strong>ut</strong></span> <span class='ocrx_word' id='word_1_668' title='bbox 2471 3717 2926 3781; x_wconf 84' lang='lat' dir='ltr'><strong>quemadmodum</strong></span> <span class='ocrx_word' id='word_1_669' title='bbox 2972 3724 3062 3768; x_wconf 90' lang='lat' dir='ltr'><strong>tua</strong></span> <span class='ocrx_word' id='word_1_670' title='bbox 3119 3715 3381 3767; x_wconf 78' lang='lat' dir='ltr'><strong>sanctitas</strong></span> <span class='ocrx_word' id='word_1_671' title='bbox 3431 3713 3494 3767; x_wconf 87' lang='lat' dir='ltr'><strong>de</strong></span> 
     </span>
    </p>
   </div>
   <div class='ocr_carea' id='block_1_100' title="bbox 2004 3807 3488 3876">
    <p class='ocr_par' dir='ltr' id='par_1_100' title="bbox 2004 3807 3488 3876">
     <span class='ocr_line' id='line_1_100' title="bbox 2004 3807 3488 3876; baseline -0.001 -16"><span class='ocrx_word' id='word_1_672' title='bbox 2004 3828 2023 3860; x_wconf 79' lang='grc' dir='ltr'><strong>ι</strong></span> <span class='ocrx_word' id='word_1_673' title='bbox 2059 3807 2268 3876; x_wconf 81' lang='lat' dir='ltr'><strong>Apiarii</strong></span> <span class='ocrx_word' id='word_1_674' title='bbox 2324 3809 2606 3876; x_wconf 62' lang='lat' dir='ltr'><strong>praesentia</strong></span> <span class='ocrx_word' id='word_1_675' title='bbox 2661 3807 2872 3861; x_wconf 76' lang='lat' dir='ltr'><strong>laetatos</strong></span> <span class='ocrx_word' id='word_1_676' title='bbox 2919 3823 3015 3862; x_wconf 92' lang='lat' dir='ltr'><strong>vos</strong></span> <span class='ocrx_word' id='word_1_677' title='bbox 3077 3807 3268 3869; x_wconf 80' lang='lat' dir='ltr'><strong>fuisse,</strong></span> <span class='ocrx_word' id='word_1_678' title='bbox 3306 3807 3488 3859; x_wconf 87' lang='lat' dir='ltr'><strong>missis</strong></span> 
     </span>
    </p>
   </div>
   <div class='ocr_carea' id='block_1_101' title="bbox 1994 3897 3496 3970">
    <p class='ocr_par' dir='ltr' id='par_1_101' title="bbox 1994 3897 3496 3970">
     <span class='ocr_line' id='line_1_101' title="bbox 1994 3897 3496 3970; baseline -0.001 -17"><span class='ocrx_word' id='word_1_679' title='bbox 1994 3920 2012 3953; x_wconf 76' lang='grc' dir='ltr'><strong>ι</strong></span> <span class='ocrx_word' id='word_1_680' title='bbox 2045 3916 2143 3970; x_wconf 85' lang='lat' dir='ltr'><strong>per</strong></span> <span class='ocrx_word' id='word_1_681' title='bbox 2167 3899 2670 3970; x_wconf 85' lang='lat' dir='ltr'><strong>compresbyterum</strong></span> <span class='ocrx_word' id='word_1_682' title='bbox 2719 3909 2962 3953; x_wconf 91' lang='lat' dir='ltr'><strong>nostrum</strong></span> <span class='ocrx_word' id='word_1_683' title='bbox 3012 3898 3247 3952; x_wconf 88' lang='lat' dir='ltr'><strong>Leonem</strong></span> <span class='ocrx_word' id='word_1_684' title='bbox 3296 3897 3496 3951; x_wconf 81' lang='lat' dir='ltr'><strong>litteris</strong></span> 
     </span>
    </p>
   </div>
   <div class='ocr_carea' id='block_1_102' title="bbox 2015 3989 3492 4058">
    <p class='ocr_par' dir='ltr' id='par_1_102' title="bbox 2015 3989 3492 4058">
     <span class='ocr_line' id='line_1_102' title="bbox 2015 3989 3492 4058; baseline -0.003 -12"><span class='ocrx_word' id='word_1_685' title='bbox 2015 4012 2034 4045; x_wconf 77' lang='grc' dir='ltr'><strong>ι</strong></span> <span class='ocrx_word' id='word_1_686' title='bbox 2078 3992 2418 4046; x_wconf 85' lang='lat' dir='ltr'><strong>declaravit:</strong></span> <span class='ocrx_word' id='word_1_687' title='bbox 2482 3992 2557 4044; x_wconf 89' lang='lat' dir='ltr'><strong>ita</strong></span> <span class='ocrx_word' id='word_1_688' title='bbox 2607 4000 2661 4046; x_wconf 90' lang='lat' dir='ltr'><strong>et</strong></span> <span class='ocrx_word' id='word_1_689' title='bbox 2703 4007 2807 4046; x_wconf 89' lang='lat' dir='ltr'><strong>nos</strong></span> <span class='ocrx_word' id='word_1_690' title='bbox 2853 3990 3104 4044; x_wconf 86' lang='lat' dir='ltr'><strong>similiter</strong></span> <span class='ocrx_word' id='word_1_691' title='bbox 3136 3990 3200 4042; x_wconf 91' lang='lat' dir='ltr'><strong>de</strong></span> <span class='ocrx_word' id='word_1_692' title='bbox 3245 3989 3492 4058; x_wconf 80' lang='lat' dir='ltr'><strong>ejusdem</strong></span> 
     </span>
    </p>
   </div>
   <div class='ocr_carea' id='block_1_103' title="bbox 2005 4082 3495 4153">
    <p class='ocr_par' dir='ltr' id='par_1_103' title="bbox 2005 4082 3495 4153">
     <span class='ocr_line' id='line_1_103' title="bbox 2005 4082 3495 4153; baseline -0.001 -19"><span class='ocrx_word' id='word_1_693' title='bbox 2005 4102 2024 4134; x_wconf 76' lang='grc' dir='ltr'><strong>ι</strong></span> <span class='ocrx_word' id='word_1_694' title='bbox 2063 4084 2387 4153; x_wconf 79' lang='lat' dir='ltr'><strong>purgatione</strong></span> <span class='ocrx_word' id='word_1_695' title='bbox 2419 4092 2716 4148; x_wconf 65' lang='lat' dir='ltr'><strong>praesentes</strong></span> <span class='ocrx_word' id='word_1_696' title='bbox 2751 4082 2962 4136; x_wconf 87' lang='lat' dir='ltr'><strong>litteras</strong></span> <span class='ocrx_word' id='word_1_697' title='bbox 2985 4095 3106 4136; x_wconf 89' lang='lat' dir='ltr'><strong>cum</strong></span> <span class='ocrx_word' id='word_1_698' title='bbox 3142 4083 3338 4150; x_wconf 85' lang='lat' dir='ltr'><strong>gaudio</strong></span> <span class='ocrx_word' id='word_1_699' title='bbox 3367 4082 3495 4134; x_wconf 89' lang='lat' dir='ltr'><strong>mil-</strong></span> 
     </span>
    </p>
   </div>
   <div class='ocr_carea' id='block_1_104' title="bbox 2010 4173 3494 4243">
    <p class='ocr_par' dir='ltr' id='par_1_104' title="bbox 2010 4173 3494 4243">
     <span class='ocr_line' id='line_1_104' title="bbox 2010 4173 3494 4243; baseline -0.001 -15"><span class='ocrx_word' id='word_1_700' title='bbox 2010 4193 2030 4228; x_wconf 81' lang='grc' dir='ltr'><strong>ι</strong></span> <span class='ocrx_word' id='word_1_701' title='bbox 2067 4186 2323 4230; x_wconf 87' lang='lat' dir='ltr'><strong>teremus.</strong></span> <span class='ocrx_word' id='word_1_702' title='bbox 2380 4174 2530 4228; x_wconf 89' lang='lat' dir='ltr'><strong>Esset</strong></span> <span class='ocrx_word' id='word_1_703' title='bbox 2579 4173 2823 4243; x_wconf 76' lang='lat' dir='ltr'><strong>profecto</strong></span> <span class='ocrx_word' id='word_1_704' title='bbox 2874 4183 2928 4228; x_wconf 89' lang='lat' dir='ltr'><strong>et</strong></span> <span class='ocrx_word' id='word_1_705' title='bbox 2986 4184 3170 4227; x_wconf 90' lang='lat' dir='ltr'><strong>nostra</strong></span> <span class='ocrx_word' id='word_1_706' title='bbox 3208 4182 3262 4227; x_wconf 88' lang='lat' dir='ltr'><strong>et</strong></span> <span class='ocrx_word' id='word_1_707' title='bbox 3316 4182 3494 4227; x_wconf 85' lang='lat' dir='ltr'><strong>vestra</strong></span> 
     </span>
    </p>
   </div>
   <div class='ocr_carea' id='block_1_105' title="bbox 2015 4265 3493 4334">
    <p class='ocr_par' dir='ltr' id='par_1_105' title="bbox 2015 4265 3493 4334">
     <span class='ocr_line' id='line_1_105' title="bbox 2015 4265 3493 4334; baseline -0.001 -15"><span class='ocrx_word' id='word_1_708' title='bbox 2015 4287 2034 4319; x_wconf 81' lang='grc' dir='ltr'><strong>ι</strong></span> <span class='ocrx_word' id='word_1_709' title='bbox 2078 4268 2336 4321; x_wconf 86' lang='lat' dir='ltr'><strong>alacritas</strong></span> <span class='ocrx_word' id='word_1_710' title='bbox 2383 4266 2572 4329; x_wconf 85' lang='lat' dir='ltr'><strong>tutior,</strong></span> <span class='ocrx_word' id='word_1_711' title='bbox 2622 4273 2671 4319; x_wconf 89' lang='lat' dir='ltr'><strong>et</strong></span> <span class='ocrx_word' id='word_1_712' title='bbox 2706 4281 2806 4319; x_wconf 80' lang='lat' dir='ltr'><strong>nec.</strong></span> <span class='ocrx_word' id='word_1_713' title='bbox 2842 4265 3246 4334; x_wconf 84' lang='lat' dir='ltr'><strong>percontatoria</strong></span> <span class='ocrx_word' id='word_1_714' title='bbox 3283 4265 3493 4318; x_wconf 82' lang='lat' dir='ltr'><strong>videre-</strong></span> 
     </span>
    </p>
   </div>
   <div class='ocr_carea' id='block_1_106' title="bbox 2016 4357 3494 4426">
    <p class='ocr_par' dir='ltr' id='par_1_106' title="bbox 2016 4357 3494 4426">
     <span class='ocr_line' id='line_1_106' title="bbox 2016 4357 3494 4426; baseline -0.005 -13"><span class='ocrx_word' id='word_1_715' title='bbox 2016 4379 2034 4412; x_wconf 78' lang='grc' dir='ltr'><strong>ι</strong></span> <span class='ocrx_word' id='word_1_716' title='bbox 2081 4368 2189 4424; x_wconf 89' lang='lat' dir='ltr'><strong>tur,</strong></span> <span class='ocrx_word' id='word_1_717' title='bbox 2221 4373 2340 4426; x_wconf 80' lang='lat' dir='ltr'><strong>qua:</strong></span> <span class='ocrx_word' id='word_1_718' title='bbox 2375 4359 2441 4411; x_wconf 91' lang='lat' dir='ltr'><strong>de</strong></span> <span class='ocrx_word' id='word_1_719' title='bbox 2498 4372 2641 4411; x_wconf 89' lang='lat' dir='ltr'><strong>nunc</strong></span> <span class='ocrx_word' id='word_1_720' title='bbox 2685 4357 2976 4420; x_wconf 90' lang='lat' dir='ltr'><strong>audiendo,</strong></span> <span class='ocrx_word' id='word_1_721' title='bbox 3018 4371 3180 4421; x_wconf 89' lang='lat' dir='ltr'><strong>quam</strong></span> <span class='ocrx_word' id='word_1_722' title='bbox 3214 4370 3334 4424; x_wconf 72' lang='lat' dir='ltr'><strong>quae</strong></span> <span class='ocrx_word' id='word_1_723' title='bbox 3388 4365 3494 4406; x_wconf 85' lang='lat' dir='ltr'><strong>tan-</strong></span> 
     </span>
    </p>
   </div>
   <div class='ocr_carea' id='block_1_107' title="bbox 2013 4448 3494 4519">
    <p class='ocr_par' dir='ltr' id='par_1_107' title="bbox 2013 4448 3494 4519">
     <span class='ocr_line' id='line_1_107' title="bbox 2013 4448 3494 4519; baseline -0.002 -15"><span class='ocrx_word' id='word_1_724' title='bbox 2013 4471 2030 4504; x_wconf 81' lang='grc' dir='ltr'><strong>ι</strong></span> <span class='ocrx_word' id='word_1_725' title='bbox 2069 4466 2229 4519; x_wconf 86' lang='lat' dir='ltr'><strong>quam</strong></span> <span class='ocrx_word' id='word_1_726' title='bbox 2256 4452 2322 4503; x_wconf 90' lang='lat' dir='ltr'><strong>de</strong></span> <span class='ocrx_word' id='word_1_727' title='bbox 2345 4449 2531 4504; x_wconf 88' lang='lat' dir='ltr'><strong>audito</strong></span> <span class='ocrx_word' id='word_1_728' title='bbox 2569 4458 2944 4516; x_wconf 81' lang='lat' dir='ltr'><strong>praecesserat.</strong></span> <span class='ocrx_word' id='word_1_729' title='bbox 2972 4448 3105 4502; x_wconf 88' lang='lat' dir='ltr'><strong>Cum</strong></span> <span class='ocrx_word' id='word_1_730' title='bbox 3142 4463 3270 4515; x_wconf 81' lang='lat' dir='ltr'><strong>ergo</strong></span> <span class='ocrx_word' id='word_1_731' title='bbox 3293 4449 3359 4500; x_wconf 84' lang='lat' dir='ltr'><strong>ad</strong></span> <span class='ocrx_word' id='word_1_732' title='bbox 3399 4462 3494 4501; x_wconf 85' lang='lat' dir='ltr'><strong>nos</strong></span> 
     </span>
    </p>
   </div>
   <div class='ocr_carea' id='block_1_108' title="bbox 2017 4541 3493 4607">
    <p class='ocr_par' dir='ltr' id='par_1_108' title="bbox 2017 4541 3493 4607">
     <span class='ocr_line' id='line_1_108' title="bbox 2017 4541 3493 4607; baseline 0.001 -13"><span class='ocrx_word' id='word_1_733' title='bbox 2017 4563 2034 4594; x_wconf 82' lang='grc' dir='ltr'><strong>ε</strong></span> <span class='ocrx_word' id='word_1_734' title='bbox 2071 4544 2399 4597; x_wconf 83' lang='lat' dir='ltr'><strong>accessisset</strong></span> <span class='ocrx_word' id='word_1_735' title='bbox 2443 4542 2825 4597; x_wconf 82' lang='lat' dir='ltr'><strong>sanctissimus</strong></span> <span class='ocrx_word' id='word_1_736' title='bbox 2860 4541 3026 4595; x_wconf 83' lang='lat' dir='ltr'><strong>frater</strong></span> <span class='ocrx_word' id='word_1_737' title='bbox 3053 4549 3106 4595; x_wconf 90' lang='lat' dir='ltr'><strong>et</strong></span> <span class='ocrx_word' id='word_1_738' title='bbox 3137 4541 3493 4607; x_wconf 83' lang='lat' dir='ltr'><strong>coepiscopus</strong></span> 
     </span>
    </p>
   </div>
   <div class='ocr_carea' id='block_1_109' title="bbox 2018 4633 3492 4702">
    <p class='ocr_par' dir='ltr' id='par_1_109' title="bbox 2018 4633 3492 4702">
     <span class='ocr_line' id='line_1_109' title="bbox 2018 4633 3492 4702; baseline -0.003 -14"><span class='ocrx_word' id='word_1_739' title='bbox 2018 4654 2036 4688; x_wconf 87' lang='grc'>‹</span> <span class='ocrx_word' id='word_1_740' title='bbox 2074 4644 2262 4688; x_wconf 89' lang='lat' dir='ltr'><strong>noster</strong></span> <span class='ocrx_word' id='word_1_741' title='bbox 2287 4633 2606 4697; x_wconf 74' lang='lat' dir='ltr'><strong>Faustinus,</strong></span> <span class='ocrx_word' id='word_1_742' title='bbox 2637 4633 2905 4702; x_wconf 86' lang='lat' dir='ltr'><strong>synodum</strong></span> <span class='ocrx_word' id='word_1_743' title='bbox 2941 4633 3256 4700; x_wconf 81' lang='lat' dir='ltr'><strong>coegimus;</strong></span> <span class='ocrx_word' id='word_1_744' title='bbox 3288 4641 3341 4684; x_wconf 91' lang='lat' dir='ltr'><strong>et</strong></span> <span class='ocrx_word' id='word_1_745' title='bbox 3375 4645 3492 4684; x_wconf 82' lang='lat' dir='ltr'><strong>crc-</strong></span> 
     </span>
    </p>
   </div>
   <div class='ocr_carea' id='block_1_110' title="bbox 2023 4724 3495 4797">
    <p class='ocr_par' dir='ltr' id='par_1_110' title="bbox 2023 4724 3495 4797">
     <span class='ocr_line' id='line_1_110' title="bbox 2023 4724 3495 4797; baseline -0.002 -18"><span class='ocrx_word' id='word_1_746' title='bbox 2023 4747 2040 4779; x_wconf 80' lang='grc' dir='ltr'><strong>ι</strong></span> <span class='ocrx_word' id='word_1_747' title='bbox 2076 4729 2312 4784; x_wconf 89' lang='lat' dir='ltr'><strong>didimus</strong></span> <span class='ocrx_word' id='word_1_748' title='bbox 2346 4730 2520 4797; x_wconf 89' lang='lat' dir='ltr'><strong>ipsum</strong></span> <span class='ocrx_word' id='word_1_749' title='bbox 2552 4738 2841 4796; x_wconf 83' lang='lat' dir='ltr'><strong>pmpterea</strong></span> <span class='ocrx_word' id='word_1_750' title='bbox 2887 4742 3009 4780; x_wconf 88' lang='lat' dir='ltr'><strong>cum</strong></span> <span class='ocrx_word' id='word_1_751' title='bbox 3070 4726 3160 4778; x_wconf 92' lang='lat' dir='ltr'><strong>illo</strong></span> <span class='ocrx_word' id='word_1_752' title='bbox 3193 4740 3316 4779; x_wconf 79' lang='lat' dir='ltr'><strong>esse</strong></span> <span class='ocrx_word' id='word_1_753' title='bbox 3366 4724 3495 4777; x_wconf 91' lang='lat' dir='ltr'><strong>mis-</strong></span> 
     </span>
    </p>
   </div>
   <div class='ocr_carea' id='block_1_111' title="bbox 2009 4816 3480 4888">
    <p class='ocr_par' dir='ltr' id='par_1_111' title="bbox 2009 4816 3480 4888">
     <span class='ocr_line' id='line_1_111' title="bbox 2009 4816 3480 4888; baseline -0.002 -16"><span class='ocrx_word' id='word_1_754' title='bbox 2009 4840 2027 4872; x_wconf 80' lang='grc' dir='ltr'><strong>ι</strong></span> <span class='ocrx_word' id='word_1_755' title='bbox 2067 4836 2208 4882; x_wconf 91' lang='lat' dir='ltr'><strong>sum,</strong></span> <span class='ocrx_word' id='word_1_756' title='bbox 2237 4830 2293 4872; x_wconf 92' lang='lat' dir='ltr'><strong>ut</strong></span> <span class='ocrx_word' id='word_1_757' title='bbox 2314 4821 2768 4888; x_wconf 85' lang='lat' dir='ltr'><strong>quemadmodum</strong></span> <span class='ocrx_word' id='word_1_758' title='bbox 2801 4819 2971 4887; x_wconf 82' lang='lat' dir='ltr'><strong>ipsius</strong></span> <span class='ocrx_word' id='word_1_759' title='bbox 2998 4818 3181 4872; x_wconf 88' lang='lat' dir='ltr'><strong>studio</strong></span> <span class='ocrx_word' id='word_1_760' title='bbox 3214 4816 3480 4887; x_wconf 75' lang='lat' dir='ltr'><strong>presbyte-</strong></span> 
     </span>
    </p>
   </div>
   <div class='ocr_carea' id='block_1_112' title="bbox 2017 4907 3492 4972">
    <p class='ocr_par' dir='ltr' id='par_1_112' title="bbox 2017 4907 3492 4972">
     <span class='ocr_line' id='line_1_112' title="bbox 2017 4907 3492 4972; baseline 0 -12"><span class='ocrx_word' id='word_1_761' title='bbox 2017 4929 2036 4960; x_wconf 82' lang='grc'><strong>‹</strong></span> <span class='ocrx_word' id='word_1_762' title='bbox 2078 4911 2158 4963; x_wconf 85' lang='lat' dir='ltr'><strong>rio</strong></span> <span class='ocrx_word' id='word_1_763' title='bbox 2200 4919 2359 4964; x_wconf 82' lang='lat' dir='ltr'><strong>antea</strong></span> <span class='ocrx_word' id='word_1_764' title='bbox 2408 4918 2527 4963; x_wconf 87' lang='lat' dir='ltr'><strong>erat</strong></span> <span class='ocrx_word' id='word_1_765' title='bbox 2563 4910 2827 4972; x_wconf 88' lang='lat' dir='ltr'><strong>redditus,</strong></span> <span class='ocrx_word' id='word_1_766' title='bbox 2862 4910 2942 4962; x_wconf 89' lang='lat' dir='ltr'><strong>sic</strong></span> <span class='ocrx_word' id='word_1_767' title='bbox 2985 4918 3038 4961; x_wconf 87' lang='lat' dir='ltr'><strong>et</strong></span> <span class='ocrx_word' id='word_1_768' title='bbox 3071 4923 3214 4961; x_wconf 88' lang='lat' dir='ltr'><strong>nunc</strong></span> <span class='ocrx_word' id='word_1_769' title='bbox 3248 4907 3492 4972; x_wconf 87' lang='lat' dir='ltr'><strong>ejusdem</strong></span> 
     </span>
    </p>
   </div>
   <div class='ocr_carea' id='block_1_113' title="bbox 2002 4998 3493 5068">
    <p class='ocr_par' dir='ltr' id='par_1_113' title="bbox 2002 4998 3493 5068">
     <span class='ocr_line' id='line_1_113' title="bbox 2002 4998 3493 5068; baseline 0.001 -17"><span class='ocrx_word' id='word_1_770' title='bbox 2002 5019 2019 5051; x_wconf 79' lang='grc' dir='ltr'><strong>ι</strong></span> <span class='ocrx_word' id='word_1_771' title='bbox 2051 5015 2210 5068; x_wconf 88' lang='lat' dir='ltr'><strong>opera</strong></span> <span class='ocrx_word' id='word_1_772' title='bbox 2238 5008 2420 5068; x_wconf 89' lang='lat' dir='ltr'><strong>posset</strong></span> <span class='ocrx_word' id='word_1_773' title='bbox 2449 5017 2476 5054; x_wconf 91' lang='lat' dir='ltr'><strong>a</strong></span> <span class='ocrx_word' id='word_1_774' title='bbox 2511 5009 2589 5054; x_wconf 90' lang='lat' dir='ltr'><strong>tot</strong></span> <span class='ocrx_word' id='word_1_775' title='bbox 2613 5001 2935 5055; x_wconf 86' lang='lat' dir='ltr'><strong>criminibus</strong></span> <span class='ocrx_word' id='word_1_776' title='bbox 2983 5000 3056 5054; x_wconf 93' lang='lat' dir='ltr'><strong>illi</strong></span> <span class='ocrx_word' id='word_1_777' title='bbox 3104 5001 3155 5052; x_wconf 94' lang='lat' dir='ltr'><strong>in</strong></span> <span class='ocrx_word' id='word_1_778' title='bbox 3181 4998 3493 5053; x_wconf 87' lang='lat' dir='ltr'><strong>Thabrace-</strong></span> 
     </span>
    </p>
   </div>
   <div class='ocr_carea' id='block_1_114' title="bbox 2014 5091 3490 5162">
    <p class='ocr_par' dir='ltr' id='par_1_114' title="bbox 2014 5091 3490 5162">
     <span class='ocr_line' id='line_1_114' title="bbox 2014 5091 3490 5162; baseline 0.001 -20"><span class='ocrx_word' id='word_1_779' title='bbox 2014 5111 2031 5142; x_wconf 78' lang='grc' dir='ltr'><strong>ι</strong></span> <span class='ocrx_word' id='word_1_780' title='bbox 2070 5093 2156 5146; x_wconf 91' lang='lat' dir='ltr'><strong>nis</strong></span> <span class='ocrx_word' id='word_1_781' title='bbox 2186 5091 2417 5158; x_wconf 85' lang='lat' dir='ltr'><strong>objectis</strong></span> <span class='ocrx_word' id='word_1_782' title='bbox 2454 5094 2672 5161; x_wconf 76' lang='lat' dir='ltr'><strong>purgari</strong></span> <span class='ocrx_word' id='word_1_783' title='bbox 2708 5112 2722 5148; x_wconf 91' lang='lat'><strong>:</strong></span> <span class='ocrx_word' id='word_1_784' title='bbox 2759 5093 2918 5162; x_wconf 83' lang='lat' dir='ltr'><strong>cujus</strong></span> <span class='ocrx_word' id='word_1_785' title='bbox 2951 5102 3026 5145; x_wconf 92' lang='lat' dir='ltr'><strong>tot</strong></span> <span class='ocrx_word' id='word_1_786' title='bbox 3076 5102 3131 5146; x_wconf 91' lang='lat' dir='ltr'><strong>et</strong></span> <span class='ocrx_word' id='word_1_787' title='bbox 3169 5102 3274 5145; x_wconf 86' lang='lat' dir='ltr'><strong>tam</strong></span> <span class='ocrx_word' id='word_1_788' title='bbox 3301 5107 3490 5160; x_wconf 67' lang='lat' dir='ltr'><strong>magna</strong></span> 
     </span>
    </p>
   </div>
   <div class='ocr_carea' id='block_1_115' title="bbox 2018 5182 3490 5251">
    <p class='ocr_par' dir='ltr' id='par_1_115' title="bbox 2018 5182 3490 5251">
     <span class='ocr_line' id='line_1_115' title="bbox 2018 5182 3490 5251; baseline 0.001 -18"><span class='ocrx_word' id='word_1_789' title='bbox 2018 5202 2035 5233; x_wconf 81' lang='grc' dir='ltr'><strong>ι</strong></span> <span class='ocrx_word' id='word_1_790' title='bbox 2071 5184 2277 5236; x_wconf 88' lang='lat' dir='ltr'><strong>scelera</strong></span> <span class='ocrx_word' id='word_1_791' title='bbox 2326 5193 2527 5236; x_wconf 74' lang='lat' dir='ltr'><strong>nostrae</strong></span> <span class='ocrx_word' id='word_1_792' title='bbox 2572 5184 2757 5251; x_wconf 84' lang='lat' dir='ltr'><strong>synodi</strong></span> <span class='ocrx_word' id='word_1_793' title='bbox 2816 5182 3106 5236; x_wconf 91' lang='lat' dir='ltr'><strong>multitudo</strong></span> <span class='ocrx_word' id='word_1_794' title='bbox 3141 5196 3490 5250; x_wconf 84' lang='lat' dir='ltr'><strong>percurrens,</strong></span> 
     </span>
    </p>
   </div>
   <div class='ocr_carea' id='block_1_116' title="bbox 2000 5273 3491 5342">
    <p class='ocr_par' dir='ltr' id='par_1_116' title="bbox 2000 5273 3491 5342">
     <span class='ocr_line' id='line_1_116' title="bbox 2000 5273 3491 5342; baseline 0.002 -19"><span class='ocrx_word' id='word_1_795' title='bbox 2000 5293 2016 5323; x_wconf 83' lang='grc'><strong><em>‹</em></strong></span> <span class='ocrx_word' id='word_1_796' title='bbox 2055 5273 2302 5335; x_wconf 91' lang='lat' dir='ltr'><strong>invenit,</strong></span> <span class='ocrx_word' id='word_1_797' title='bbox 2358 5281 2417 5325; x_wconf 87' lang='lat' dir='ltr'><strong>ut</strong></span> <span class='ocrx_word' id='word_1_798' title='bbox 2484 5282 2537 5325; x_wconf 89' lang='lat' dir='ltr'><strong>et</strong></span> <span class='ocrx_word' id='word_1_799' title='bbox 2598 5275 2882 5328; x_wconf 90' lang='lat' dir='ltr'><strong>memorati</strong></span> <span class='ocrx_word' id='word_1_800' title='bbox 2940 5275 3344 5342; x_wconf 80' lang='lat' dir='ltr'><strong>patrocinium,</strong></span> <span class='ocrx_word' id='word_1_801' title='bbox 3397 5288 3491 5340; x_wconf 85' lang='lat' dir='ltr'><strong>po-</strong></span> 
     </span>
    </p>
   </div>
   <div class='ocr_carea' id='block_1_117' title="bbox 2003 5361 3490 5430">
    <p class='ocr_par' dir='ltr' id='par_1_117' title="bbox 2003 5361 3490 5430">
     <span class='ocr_line' id='line_1_117' title="bbox 2003 5361 3490 5430; baseline 0.003 -19"><span class='ocrx_word' id='word_1_802' title='bbox 2003 5380 2019 5411; x_wconf 79' lang='grc' dir='ltr'><strong>ι</strong></span> <span class='ocrx_word' id='word_1_803' title='bbox 2057 5362 2162 5414; x_wconf 87' lang='lat' dir='ltr'><strong>tius</strong></span> <span class='ocrx_word' id='word_1_804' title='bbox 2207 5376 2369 5430; x_wconf 90' lang='lat' dir='ltr'><strong>quam</strong></span> <span class='ocrx_word' id='word_1_805' title='bbox 2399 5361 2662 5426; x_wconf 88' lang='lat' dir='ltr'><strong>judicium</strong></span> <span class='ocrx_word' id='word_1_806' title='bbox 2698 5401 2713 5422; x_wconf 89' lang='lat'><strong>,</strong></span> <span class='ocrx_word' id='word_1_807' title='bbox 2771 5372 2826 5415; x_wconf 89' lang='lat' dir='ltr'><strong>et</strong></span> <span class='ocrx_word' id='word_1_808' title='bbox 2885 5374 3136 5429; x_wconf 86' lang='lat' dir='ltr'><strong>tanquam</strong></span> <span class='ocrx_word' id='word_1_809' title='bbox 3189 5362 3490 5425; x_wconf 76' lang='lat' dir='ltr'><strong>defensoris</strong></span> 
     </span>
    </p>
   </div>
   <div class='ocr_carea' id='block_1_118' title="bbox 1996 5451 3490 5518">
    <p class='ocr_par' dir='ltr' id='par_1_118' title="bbox 1996 5451 3490 5518">
     <span class='ocr_line' id='line_1_118' title="bbox 1996 5451 3490 5518; baseline 0.004 -18"><span class='ocrx_word' id='word_1_810' title='bbox 1996 5471 2012 5500; x_wconf 76' lang='grc' dir='ltr'><strong>ε</strong></span> <span class='ocrx_word' id='word_1_811' title='bbox 2053 5451 2312 5513; x_wconf 88' lang='lat' dir='ltr'><strong>studium,</strong></span> <span class='ocrx_word' id='word_1_812' title='bbox 2353 5453 2532 5516; x_wconf 76' lang='lat' dir='ltr'><strong>potius</strong></span> <span class='ocrx_word' id='word_1_813' title='bbox 2583 5467 2744 5518; x_wconf 83' lang='lat' dir='ltr'><strong>quam</strong></span> <span class='ocrx_word' id='word_1_814' title='bbox 2783 5455 3078 5518; x_wconf 75' lang='lat' dir='ltr'><strong>cognitoris</strong></span> <span class='ocrx_word' id='word_1_815' title='bbox 3111 5454 3375 5514; x_wconf 87' lang='lat' dir='ltr'><strong>justitiam</strong></span> <span class='ocrx_word' id='word_1_816' title='bbox 3411 5455 3490 5506; x_wconf 84' lang='lat' dir='ltr'><strong>vi-</strong></span> 
     </span>
    </p>
   </div>
   <div class='ocr_carea' id='block_1_119' title="bbox 2003 5541 3487 5610">
    <p class='ocr_par' dir='ltr' id='par_1_119' title="bbox 2003 5541 3487 5610">
     <span class='ocr_line' id='line_1_119' title="bbox 2003 5541 3487 5610; baseline 0.004 -20"><span class='ocrx_word' id='word_1_817' title='bbox 2003 5559 2020 5590; x_wconf 77' lang='grc' dir='ltr'><strong>ι</strong></span> <span class='ocrx_word' id='word_1_818' title='bbox 2059 5541 2212 5593; x_wconf 84' lang='lat' dir='ltr'><strong>cerit.</strong></span> <span class='ocrx_word' id='word_1_819' title='bbox 2266 5541 2506 5593; x_wconf 88' lang='lat' dir='ltr'><strong>Primum</strong></span> <span class='ocrx_word' id='word_1_820' title='bbox 2537 5542 2682 5594; x_wconf 87' lang='lat' dir='ltr'><strong>enim</strong></span> <span class='ocrx_word' id='word_1_821' title='bbox 2715 5546 2808 5594; x_wconf 88' lang='lat' dir='ltr'><strong>toti</strong></span> <span class='ocrx_word' id='word_1_822' title='bbox 2835 5545 3020 5610; x_wconf 84' lang='lat' dir='ltr'><strong>synodi</strong></span> <span class='ocrx_word' id='word_1_823' title='bbox 3075 5544 3226 5596; x_wconf 87' lang='lat' dir='ltr'><strong>valde</strong></span> <span class='ocrx_word' id='word_1_824' title='bbox 3269 5545 3487 5605; x_wconf 87' lang='lat' dir='ltr'><strong>restitit,</strong></span> 
     </span>
    </p>
   </div>
   <div class='ocr_carea' id='block_1_120' title="bbox 2001 5633 3484 5702">
    <p class='ocr_par' dir='ltr' id='par_1_120' title="bbox 2001 5633 3484 5702">
     <span class='ocr_line' id='line_1_120' title="bbox 2001 5633 3484 5702; baseline 0.003 -20"><span class='ocrx_word' id='word_1_825' title='bbox 2001 5653 2016 5682; x_wconf 79' lang='grc' dir='ltr'><strong>ι</strong></span> <span class='ocrx_word' id='word_1_826' title='bbox 2056 5633 2236 5685; x_wconf 87' lang='lat' dir='ltr'><strong>varias</strong></span> <span class='ocrx_word' id='word_1_827' title='bbox 2288 5633 2646 5686; x_wconf 80' lang='lat' dir='ltr'><strong>contumciias</strong></span> <span class='ocrx_word' id='word_1_828' title='bbox 2710 5633 2966 5700; x_wconf 79' lang='lat' dir='ltr'><strong>ingerens</strong></span> <span class='ocrx_word' id='word_1_829' title='bbox 3001 5673 3017 5695; x_wconf 90' lang='lat'><strong>,</strong></span> <span class='ocrx_word' id='word_1_830' title='bbox 3081 5643 3329 5699; x_wconf 84' lang='lat' dir='ltr'><strong>tanquam</strong></span> <span class='ocrx_word' id='word_1_831' title='bbox 3392 5633 3484 5702; x_wconf 87' lang='lat' dir='ltr'><strong>qui</strong></span> 
     </span>
    </p>
   </div>
   <div class='ocr_carea' id='block_1_121' title="bbox 1996 5706 3484 5793">
    <p class='ocr_par' dir='ltr' id='par_1_121' title="bbox 1996 5706 3484 5793">
     <span class='ocr_line' id='line_1_121' title="bbox 1996 5706 3484 5793; baseline 0.004 -19"><span class='ocrx_word' id='word_1_832' title='bbox 1996 5743 2014 5774; x_wconf 80' lang='grc' dir='ltr'><strong>ι</strong></span> <span class='ocrx_word' id='word_1_833' title='bbox 2063 5706 2318 5776; x_wconf 69' lang='lat' dir='ltr'><strong>Romanae</strong></span> <span class='ocrx_word' id='word_1_834' title='bbox 2404 5723 2658 5778; x_wconf 78' lang='lat' dir='ltr'><strong>Ecclesiae</strong></span> <span class='ocrx_word' id='word_1_835' title='bbox 2723 5725 3002 5793; x_wconf 73' lang='lat' dir='ltr'><strong>privilegia</strong></span> <span class='ocrx_word' id='word_1_836' title='bbox 3065 5726 3400 5788; x_wconf 81' lang='lat' dir='ltr'><strong>defenderet,</strong></span> <span class='ocrx_word' id='word_1_837' title='bbox 3430 5736 3484 5780; x_wconf 89' lang='lat' dir='ltr'><strong>et</strong></span> 
     </span>
    </p>
   </div>
   <div class='ocr_carea' id='block_1_122' title="bbox 2005 5815 3474 5886">
    <p class='ocr_par' dir='ltr' id='par_1_122' title="bbox 2005 5815 3474 5886">
     <span class='ocr_line' id='line_1_122' title="bbox 2005 5815 3474 5886; baseline 0.002 -18"><span class='ocrx_word' id='word_1_838' title='bbox 2005 5837 2020 5868; x_wconf 84' lang='grc'><strong>‹</strong></span> <span class='ocrx_word' id='word_1_839' title='bbox 2059 5816 2216 5872; x_wconf 88' lang='lat' dir='ltr'><strong>vellet</strong></span> <span class='ocrx_word' id='word_1_840' title='bbox 2238 5816 2409 5886; x_wconf 86' lang='lat' dir='ltr'><strong>ipsum</strong></span> <span class='ocrx_word' id='word_1_841' title='bbox 2435 5830 2462 5868; x_wconf 91' lang='lat' dir='ltr'><strong>a</strong></span> <span class='ocrx_word' id='word_1_842' title='bbox 2492 5815 2718 5872; x_wconf 86' lang='lat' dir='ltr'><strong>nobisin</strong></span> <span class='ocrx_word' id='word_1_843' title='bbox 2751 5819 3186 5873; x_wconf 83' lang='lat' dir='ltr'><strong>communionem</strong></span> <span class='ocrx_word' id='word_1_844' title='bbox 3216 5818 3426 5872; x_wconf 88' lang='lat' dir='ltr'><strong>admitti</strong></span> <span class='ocrx_word' id='word_1_845' title='bbox 3457 5834 3474 5882; x_wconf 85' lang='lat'><strong>;</strong></span> 
     </span>
    </p>
   </div>
  </div>
