4136 6478
693 367 798 430 “3
1982 369 2255 429 THEOD.
2295 369 2326 427 Ε

2295 369 2691 428 BALSAMON
3824 373 3917 437 444

771 499 788 530 ι
822 495 984 549 quem
1023 489 1117 550 tua.
1168 480 1452 544 sanctitas,
1479 495 1604 536 cum
1632 480 1957 536 credidisset
1985 482 2261 550 appellare
2285 487 2334 543 Α

2285 487 2334 543 Α
2441 499 2460 531 ι
2505 481 2802 549 ίπιφίριυν,
2831 481 3031 535 ὡσανεὶ
3054 484 3120 534 τὰ
3149 482 3461 553 πρισιλέγια
3485 485 3580 554 τῆς
3614 487 3915 557 Ῥωμαῖκῆς

769 591 786 621 s
821 571 961 640 quod
985 571 1206 640 quidem
1241 571 1477 640 probare
1526 586 1634 625 non
1661 572 1855 640 potuit,
1886 573 2252 627 communioni

2433 589 2450 620 ι
2514 572 2835 640 Ἐκκλησίας
2883 573 3186 635 διικδικῶν,
3247 575 3338 627 καὶ
3373 574 3540 626 θέλων
3589 578 3754 630 αὐτὸν
3789 581 3911 648 παρ’

761 681 780 714 ι
832 663 1114 719 restituit:
1165 663 1269 718 hoc
1322 673 1500 717 tamen
1543 664 1592 716 ei
1638 677 1745 716 non
1795 665 2076 731 processit,
2110 665 2251 731 quod

2433 679 2451 710 ι
2494 663 2649 728 ἡμῶν
2669 663 2746 721 si;
2772 663 3053 714 κοινωνίαν
3083 662 3357 730 δεχθῆναι,
3388 663 3500 732 ὂνή
3532 666 3598 734 σὴ
3634 668 3906 738 ἁγιωσύνη

763 775 782 805 ‹
814 755 992 808 adhuc
1019 771 1083 810 ex
1111 765 1353 810 actorum
1403 754 1631 810 lectione
1667 755 1863 810 melius
1914 754 2250 825 cognoveris.

2432 768 2448 799 ι
2497 751 2831 803 πιστεύσασα
2894 751 3265 816 ἐκκαλεῖσθαι,
3325 753 3462 824 ὅπερ
3513 755 3790 820 ἀποδεῖξαι
3817 759 3908 813 οὐκ

761 863 795 894 ιη
819 844 1092 899 Triduano
1118 845 1262 899 enim
1292 854 1440 900 moto
1490 845 1763 899 laborioso
1785 845 2012 914 judicio,
2058 845 2109 898 in
2144 859 2253 912 quo

2431 857 2448 888 ι
2500 841 2755 910 ἠδυνήθη,
2781 845 2844 911 τῇ
2881 843 3135 912 κοινωνίᾳ
3177 845 3517 898 ἀποδέδωκεν
3539 857 3554 874 ·
3580 848 3727 915 ὅμως
3759 844 3913 918 ἦττον

765 955 782 986 ι
827 935 1067 999 diversa,
1124 950 1246 1004 qua:
1299 936 1348 990 ei
1418 935 1855 1013 objicieliantur,
1915 935 2249 988 aﬂlictissimi

2430 950 2447 981 ι
2506 932 2652 1000 αύτῷ
2683 931 2839 984 τοῦτο
2868 932 3161 1000 ἐξεγένετο,
3183 936 3319 1004 ὅπερ
3350 936 3432 988 ἔτι
3461 937 3567 1008 μὴν
3590 941 3655 1007 τῇ
3675 938 3913 1005 ἀναγνώε

761 1044 776 1074 ι
806 1023 1218 1090 quaerebamus.
1252 1025 1393 1077 Deus
1419 1025 1603 1093 justus
1641 1024 1827 1091 judex,
1856 1026 2010 1080 fortis
2034 1034 2088 1080 et
2122 1026 2250 1079 lon-

2428 1038 2444 1070 ι
2495 1038 2576 1074 σει
2609 1039 2717 1074 των
2749 1025 3152 1093 πεπραγμένων
3176 1027 3497 1094 κρειττόνως
3525 1029 3726 1097 γνοίης.
3748 1031 3915 1100 Τριηο

762 1132 780 1164 s
820 1113 1076 1182 ganintis,
1124 1123 1180 1168 et
1210 1113 1516 1182 coepiscopi
1551 1115 1725 1170 nostri
1757 1115 2002 1169 Faustini
2035 1116 2250 1168 dilatio-

2425 1130 2443 1161 ι
2491 1112 2658 1183 μέρου
2724 1117 2911 1182 μέντοι
2943 1116 3098 1183 δίκης
3143 1117 3235 1168 ἰπὶ
3292 1115 3494 1185 μόχθου
3578 1117 3911 1188 κινηθείσης,

765 1223 783 1251 σ
829 1217 944 1265 nes,
976 1212 1030 1256 et
1062 1202 1236 1270 ipsius
1295 1203 1499 1269 Apisrii
1555 1203 1903 1258 frustatorias
1930 1205 1984 1258 in
2015 1203 2248 1258 dicendo

2425 1221 2443 1252 ι
2487 1205 2544 1254 ὲν
2573 1206 2680 1274 ὅσῳ
2708 1208 2776 1258 τὰ
2801 1206 3033 1274 διάφορα
3085 1207 3162 1276 τῷ
3184 1207 3334 1274 αύτῷ
3359 1207 3737 1275 ὑποϐληθέντα
3786 1226 3913 1261 συν-

767 1313 783 1342 ι
822 1294 1324 1361 ιετκὶνει-ειιίοηοε,
1375 1297 1575 1363 quibus
1609 1295 1849 1350 nefarias
1904 1310 2031 1349 suas
2087 1294 2249 1362 turpi-

2427 1311 2443 1341 ι
2491 1293 2801 1362 τριϐόμενοι
2835 1295 3155 1364 ἐζητοῦμεν.
3191 1299 3218 1348 ό
3253 1295 3387 1358 Θεὸς
3412 1297 3439 1346 ὁ
3472 1296 3674 1358 δίκαιος
3702 1297 3911 1367 κριτὴς,

761 1403 779 1432 s
821 1384 1032 1439 tudines
1081 1385 1259 1440 velare
1312 1387 1635 1450 conabatur;
1676 1400 1872 1455 magno
1925 1386 2247 1451 compendio

2425 1401 2442 1433 ι
2486 1386 2512 1434 ὁ
2546 1385 2762 1454 ἰσχυρὸς
2794 1389 2887 1439 καὶ
2942 1387 3316 1456 μακρόθυμος,
3372 1387 3470 1449 τάς
3524 1404 3582 1440 τε
3635 1390 3913 1458 παρολκὰς

764 1494 776 1520 ο
815 1476 1148 1542 amputavit;
1191 1476 1418 1531 molesta
1461 1478 1665 1531 scilicet
1715 1487 1768 1531 et
1801 1477 1956 1545 longe
2012 1475 2248 1530 faetidis-

2425 1492 2443 1525 ι
2484 1474 2578 1527 τοῦ
2623 1478 3019 1530 συνεπισκόπου
3078 1479 3235 1546 ἡμῶν
3298 1478 3617 1540 Φαυστίνου,
3683 1481 3778 1532 καὶ
3818 1480 3915 1543 τὰς

759 1581 778 1613 ι
819 1563 952 1617 sima
994 1562 1364 1620 obstinatione
1418 1581 1728 1634 compressa
1755 1605 1770 1628 ,
1832 1567 2247 1635 negationisque

2423 1582 2440 1613 ι
2486 1564 2812 1634 τριψεργίας
2836 1567 2928 1618 τοῦ
2960 1567 3123 1620 αὑτοῦ
3170 1567 3474 1634 Ἀπιαρίου,
3523 1564 3614 1631 αἷς
3658 1570 3762 1626 τὰς
3787 1570 3913 1622 ἀθε-

759 1671 778 1704 ι
815 1652 1170 1721 impudentia,
1214 1670 1309 1724 per
1332 1671 1490 1723 quam
1531 1666 1736 1710 tantum
1766 1657 2100 1725 voluptatum
2130 1672 2245 1711 co:-

2422 1670 2440 1701 r
2489 1653 2674 1720 μίτους
2695 1655 2862 1716 αὑτοῦ
2887 1656 3259 1726 αἰσχρότητας
3297 1657 3645 1726 συγκαλύψαι
3684 1659 3912 1728 ἐπηρεί-

759 1761 778 1794 ι
819 1758 944 1795 ntnn
976 1744 1207 1799 obruere
1257 1745 1492 1800 volebat.
1526 1745 1662 1800 Cum
1696 1747 1842 1800 enim
1895 1747 2035 1800 Deus
2063 1756 2246 1802 noster
2279 1808 2317 1819 __

2282 1808 2317 1819 _
2421 1761 2438 1794 ι
2487 1743 2626 1806 δετο,
2687 1747 2899 1818 μεγάλῃ
2945 1749 3208 1818 συντομία
3247 1749 3431 1817 ἔτεμε,
3485 1749 3584 1814 τῆς
3621 1751 3915 1819 σικχαντῆς

757 1851 777 1884 ι
811 1835 928 1902 ejus
962 1837 1347 1890 conscientiam
1400 1837 1454 1890 in
1490 1837 1770 1905 angustias
1809 1838 2143 1897 deduxisset,
2192 1845 2246 1890 et
2279 1808 2320 1863 Β

2284 1808 2320 1863 Β
2423 1851 2440 1882 ι
2489 1808 2815 1903 δηλαδὴάῶ
2866 1808 3276 1906 δυσωδεστέρας
3319 1808 3585 1907 ὲηπιμονης
3637 1808 3917 1908 καταργηλ

758 1945 775 1976 ι
812 1943 932 1994 quae
966 1928 1178 1981 occulta
1229 1937 1385 1987 erant
1423 1929 1476 1982 in
1508 1931 1672 1984 corde
1713 1938 1955 1998 peccata,
1992 1941 2246 1998 tanquam

2425 1943 2443 1973 ι
2493 1925 2694 1991 θείσης,
2749 1929 2843 1979 καὶ
2899 1929 2995 1997 τῆς
3060 1930 3448 1997 ἀναισχυντίας
3475 1931 3573 1997 τῆς
3607 1933 3912 1999 ἀρνήσεως,

753 2033 774 2066 s
813 2020 866 2070 in
894 2019 1183 2072 criminum
1221 2034 1378 2073 οωηο
1431 2021 1541 2088 jam
1573 2021 1958 2084 condemnata,
1994 2021 2247 2077 omnibus

2431 2033 2448 2065 ι
2495 2017 2562 2068 δι’
2612 2012 2680 2086 ἦς
2736 2018 2846 2070 τῶν
2923 2019 3195 2072 τοσούτων
3263 2019 3466 2088 ἡδονῶν
3517 2020 3608 2072 τὸν
3653 2021 3915 2093 βόρϐορον

749 2125 767 2159 ι
805 2108 968 2162 etiam
1007 2109 1320 2164 hominibus
1349 2111 1706 2179 publicasset,
1758 2120 1985 2180 repente
2017 2111 2084 2165 ad
2117 2126 2247 2165 con-

2424 2122 2440 2153 ι
2491 2105 2737 2160 ἑδούλετο
2767 2109 3157 2167 κατασυθίσαι.
3191 2108 3296 2162 Τοῦ
3331 2110 3435 2180 γὰρ
3470 2109 3604 2163 Θεοῦ
3633 2111 3792 2180 ἡμῶν
3817 2111 3914 2181 τὴν

757 2215 778 2250 ι
819 2200 1110 2254 fessionem
1165 2201 1406 2255 omnium
1453 2200 1554 2254 sibi
1590 2200 1921 2268 objectorum
1956 2201 2242 2255 criminum

2423 2215 2439 2245 ι
2488 2198 2789 2266 συνείδησιν
2844 2199 3010 2253 αὐτοῦ
3059 2201 3586 2268 στενοχωρὴσαντος,
3637 2204 3731 2253 καὶ
3763 2202 3834 2256 τά
3855 2205 3914 2257 ιν

753 2305 772 2338 ι
812 2288 1181 2344 fraudulentus
1234 2289 1504 2344 lnficiator
1561 2291 1782 2358 erupit,
1811 2300 1865 2344 et
1902 2290 1988 2342 vix
2027 2291 2244 2344 tandem

2421 2305 2438 2336 ι
2485 2291 2774 2359 τῇικαρδίᾳ
2804 2292 3042 2360 κρυπτὰ,
3087 2290 3162 2353 ώς
3193 2293 3249 2343 εν
3291 2291 3396 2343 ίλύῖ
3419 2291 3526 2344 τῶν
3549 2293 3914 2362 ἐγκλημάτων

756 2397 772 2429 ι
814 2379 1053 2432 omnittm
1086 2379 1483 2433 incredibilium
1515 2381 1833 2447 probrorum
1864 2379 1982 2448 ipse
2002 2381 2242 2447 seipsum

2423 2397 2439 2428 ι
2484 2381 2582 2448 ἤδη
2618 2380 3142 2450 καταδεδικασμένα,
3202 2383 3368 2434 πᾶσιν
3405 2382 3487 2434 ἔτι
3550 2381 3658 2450 μὲν
3689 2385 3802 2446 τοῖς
3823 2385 3917 2436 άν-

753 2487 771 2518 ι
809 2483 903 2520 sua
937 2478 1130 2536 sponte
1159 2469 1339 2538 arguit
1367 2485 1381 2533 ;
1415 2481 1469 2522 et
1505 2467 1674 2537 ipsam
1696 2469 1944 2522 similiter
1972 2484 2119 2536 spem
2147 2483 2245 2521 no-

2422 2488 2440 2519 r
2489 2471 2724 2538 θρώποις
2746 2470 3225 2540 δημοσιεύσαντος,
3255 2472 3538 2540 αἰφνιδίως
3587 2474 3669 2534 είς
3717 2475 3913 2540 ὁμολο-

750 2578 768 2608 s
806 2573 998 2623 stram,
1021 2561 1106 2615 cui
1125 2561 1298 2628 ipsum
1324 2561 1768 2614 commiseramus
1786 2561 2165 2622 etorabantus,
2185 2569 2244 2613 ιιι

2423 2579 2441 2610 ‹
2488 2560 2609 2626 γίαν
2643 2561 2859 2614 πάντων
2898 2561 3315 2630 ύποόληθέντων
3358 2561 3505 2630 αύτῷ
3545 2563 3915 2631 ἐγκλημάτων

754 2668 772 2699 ι
814 2665 842 2702 a
869 2660 975 2702 tam
1005 2651 1268 2717 pudendis
1292 2650 1517 2704 maculis
1541 2659 1721 2717 posset
1744 2650 1981 2717 purgari,
2015 2664 2244 2702 conver-

2420 2667 2438 2698 ε
2491 2652 2518 2700 ό
2538 2649 2706 2712 δόλιος
2737 2651 2968 2720 άρνητδς
3001 2651 3284 2722 ιξέῥρηξε,
3305 2653 3399 2704 καὶ⁷
3432 2653 3582 2722 μόλις
3609 2657 3740 2706 ποτε
3784 2657 3916 2724 περὶ

752 2760 770 2791 ι
817 2743 878 2794 tit
906 2741 958 2794 in
987 2741 1164 2794 luctus
1197 2759 1208 2793 :
1243 2743 1344 2795 nisi
1371 2745 1511 2810 quod
1542 2742 1679 2795 hanc
1707 2753 1942 2795 nostram
1968 2743 2240 2795 tristitiam

2421 2758 2439 2789 ι
2489 2742 2706 2794 πάντων
2753 2743 2862 2794 τῶν
2908 2743 3188 2796 ἀπιθάνων
3234 2743 3454 2796 ὀνειδῶν
3526 2745 3716 2798 ἑκοντὶ
3749 2748 3915 2810 αὐτὸς

753 2852 771 2883 ι
815 2847 923 2885 uno
953 2847 1124 2899 eoque
1181 2833 1297 2885 solo
1344 2832 1538 2885 solatio
1585 2833 1867 2900 mitigavit,
1904 2832 2044 2899 quod
2075 2831 2240 2884 etiam

2419 2850 2436 2880 ι
2479 2831 2671 2884 ἑαυτὸν
2703 2833 2949 2902 ἤλεγξεν,
2976 2838 3064 2886 καὶ⁵
3084 2835 3254 2903 αὐτὴν
3281 2836 3485 2904 ὁμοίως
3507 2835 3605 2906 τὴν
3635 2840 3915 2909 ἡμετέραν

757 2943 776 2974 ι
819 2940 916 2979 nos
983 2941 1010 2976 a
1092 2925 1344 2978 mmroris
1403 2936 1660 2993 perpetuo
1711 2926 1899 2979 labore
1957 2926 2235 2988 liberavit!,

2418 2935 2435 2967 ι
2485 2920 2694 2982 ἐλπίδα,
2745 2917 2888 2993 ᾗτινι
2942 2923 3034 2974 καὶ
3115 2923 3520 2992 ἑπιστεύσαμεν
3567 2925 3753 2990 αὐτὸν,
3818 2930 3916 2982 καὶ

751 3035 768 3062 ι
809 3026 862 3067 et
921 3015 1036 3070 suis
1086 3017 1424 3080 vulneribus,
1461 3017 1673 3070 etiamsi
1708 3017 1906 3070 invitus
1939 3025 1992 3069 et
2027 3017 2239 3083 propria

2421 3027 2438 3059 ι
2485 3010 2765 3077 ηὐχόμεθα
2790 3013 2854 3064 ὲκ
2879 3013 2986 3064 τῶν
3049 3013 3222 3075 οὕτως
3257 3015 3664 3082 ἐπαισχυντέων
3705 3018 3915 3072 σπίλων

756 3121 773 3152 ι
810 3105 1147 3170 repugnante
1207 3104 1544 3156 conscientia
1603 3106 1911 3169 confessus,
1971 3107 2309 3200 medelamc

2286 3143 2309 3200 :
2423 3115 2440 3147 ι
2487 3097 2746 3153 δύνασθαι
2778 3100 3142 3170 καθαρθῆναι,
3183 3104 3546 3173 μετέστρεψεν
3578 3108 3658 3168 είς
3692 3125 3919 3176 στεναγ-

755 3213 772 3242 σ
810 3195 1245 3260 qualemcunque
1280 3194 1533 3262 providit,
1575 3195 1788 3248 domine
1821 3195 2009 3248 frater.
2041 3195 2096 3248 In
2127 3196 2237 3263 pri-
2267 3187 2309 3200 “’

2274 3187 2309 3200 ““”
2419 3206 2438 3238 ι
2489 3187 2620 3256 μούς
2645 3203 2658 3218 ·
2685 3193 2732 3242 εί
2765 3191 2838 3258 μὴ
2857 3193 2937 3244 ὅτι
2955 3192 3156 3260 ταύτην
3192 3193 3347 3260 ἡμῶν
3376 3193 3472 3264 τὴν
3500 3195 3678 3265 λύπην
3702 3201 3801 3269 μιᾷ
3819 3202 3907 3254 καὶ

749 3303 768 3334 ι
807 3286 908 3338 ntls
940 3299 1065 3351 ergo
1120 3283 1296 3337 olIicio
1351 3283 1544 3338 debita:
1596 3285 1963 3337 venerationls
1994 3285 2235 3352 impleto,

2419 3295 2438 3328 ι
2482 3278 2613 3348 μόνῃ
2633 3281 2957 3350 παραμυθίᾳ
2983 3284 3380 3351 κατεπράῦνεν,
3403 3285 3484 3336 ὅτι
3520 3292 3613 3338 καὶ
3637 3289 3784 3355 ἡμᾶς
3818 3291 3916 3345 τοῦ

745 3393 763 3424 s
805 3375 1074 3441 supplices
1111 3375 1364 3441 petimus,
1393 3389 1458 3427 ne
1487 3374 1742 3441 deinceps
1766 3375 1829 3427 ad
1852 3385 2060 3429 vestras
2078 3390 2238 3430 aures

2421 3387 2438 3416 s
2485 3369 2720 3437 ὀδυρμοῦ
2739 3370 2831 3423 τοῦ
2864 3370 3144 3439 διηνεκοῦς
3173 3374 3419 3441 καμάτου
3483 3376 3779 3444 εύλύτωσε,
3818 3384 3918 3434 καὶ

752 3484 769 3515 ι
808 3479 921 3527 eos,
951 3466 1039 3531 qui
1098 3464 1224 3518 liinc
1252 3464 1511 3528 veniunt,
1553 3463 1711 3517 facile
1741 3465 2042 3519 admittatis
2085 3483 2099 3518 :
2136 3479 2237 3519 nec

2420 3477 2439 3509 ι
2487 3463 2594 3520 τοῖς
2651 3459 2799 3520 ίδίοις
2838 3461 3150 3529 τραύμασιν
3195 3462 3492 3530 ότεδήποτε
3529 3466 3704 3532 ίασεν,
3737 3471 3787 3520 εί
3817 3472 3917 3524 καὶ

751 3571 768 3600 ι
811 3553 900 3621 qui
956 3567 984 3603 τι
1045 3551 1202 3605 nobis
1263 3553 1714 3604 excommunicati
1752 3553 1970 3616 fuerint,
2009 3554 2058 3606 in
2089 3569 2236 3608 com-

2421 3569 2438 3599 ι
2485 3550 2752 3611 ἀκουσίως
2769 3551 2972 3612 καὶτῆς
2997 3552 3132 3614 ιδίας
3157 3553 3514 3622 συνειδήσεως
3537 3557 3918 3628 άντιμαχομέ-

753 3660 772 3692 ι
820 3642 1127 3694 munioncm
1188 3640 1367 3694 velitis
1427 3641 1566 3693 ultra
1628 3641 1890 3709 recipere.
1953 3641 2082 3695 Nam
2133 3645 2236 3697 hoc

2420 3659 2437 3690 ι
2486 3659 2580 3709 νης
2608 3639 2944 3708 ὁμολογήσας
2980 3643 3369 3712 προενοήσατο,
3403 3644 3554 3714 κύριε
3588 3649 3804 3715 ἀδελφέ.
3825 3653 3918 3706 Ἐν

751 3751 770 3783 ι
810 3747 1022 3799 quoque
1072 3733 1122 3784 in
1181 3731 1394 3785 Nicaana
1467 3732 1670 3800 synodo
1721 3731 1997 3785 definitum
2051 3743 2233 3787 vestra

2420 3750 2436 3780 ι
2496 3732 2753 3800 προφάτῳ
2771 3732 2950 3783 τοίνυν
2972 3732 3063 3784 τοῦ
3088 3734 3417 3802 καθήκοντος
3435 3736 3531 3802 τῆς
3560 3737 3919 3811 ὀφειλομένης

752 3841 769 3868 s
809 3821 964 3875 facile
1016 3822 1254 3874 inveniet
1316 3821 1618 3875 beatitudo.
1673 3821 1726 3876 Si
1787 3821 1928 3875 enim
1981 3823 2139 3876 etiam
2169 3824 2234 3877 de

2420 3839 2437 3869 ι
2483 3821 2897 3889 προσκυνήσεως
2942 3821 3412 3891 ἐκπληρουμένου,
3449 3826 3787 3896 ἱκετεύομεν,
3826 3833 3919 3886 ἵνα

755 3931 772 3960 ι
818 3911 1166 3964 inferioribus
1197 3911 1412 3965 clericis
1447 3919 1501 3965 et
1525 3911 1676 3966 laicis
1701 3912 1808 3966 illic
1840 3915 2048 3965 servari
2081 3913 2233 3968 vide-

2419 3929 2436 3960 ι
2485 3911 2575 3963 τοῦ
2598 3912 2781 3964 λοιποῦ
2809 3912 2941 3981 πρὸς
2959 3913 3055 3976 τὰς
3089 3915 3357 3985 ὑμετέρας
3376 3916 3542 3980 ἀκοὰς
3571 3919 3695 3982 τοὺς
3727 3923 3923 3977 ἐντεῦ-

753 4021 771 4050 ε
809 4012 928 4065 tur;
981 4001 1081 4053 hoc
1111 3999 1223 4051 vult
1256 4000 1424 4053 multo
1476 4000 1649 4068 magis
1676 4001 1836 4052 etiam
1866 4001 1931 4054 de
1969 4001 2234 4069 episcopis

2421 4021 2438 4052 ε
2484 4004 2574 4054 θεν
2609 4007 3076 4071 παραγινομένους
3130 4006 3368 4075 εὐχερῶς
3417 4009 3490 4077 μὴ
3518 4012 3917 4083 προσδέχησθε·

750 4109 769 4140 s
813 4091 1036 4144 servari.
1074 4089 1238 4159 676
1263 4088 1338 4143 Ne
1369 4104 1517 4158 ergo,
1555 4089 1645 4158 qui
1677 4089 1732 4143 in
1765 4090 1981 4158 propria
2013 4093 2232 4158 provin-

2417 4112 2434 4144 ι
2481 4093 2610 4160 μηδὲ
2638 4095 2764 4155 τοὺς
2794 4094 2921 4163 παρ’
2950 4095 3108 4162 ἡμῶν
3130 4096 3648 4165 ἀποκοινωνητέους,
3680 4105 3760 4166 είς
3801 4124 3919 4160 κοι.

755 4201 770 4231 ι
806 4184 887 4234 cia
921 4196 948 4233 a
981 4183 1361 4234 communlune
1404 4182 1651 4248 suspensi
1688 4189 1832 4241 sunt,
1863 4195 1891 4233 a
1919 4189 2008 4234 tua
2032 4181 2237 4234 sancti-

2420 4203 2437 4234 ι
2487 4186 2684 4238 νωνίαν
2715 4185 2808 4236 τοῦ
2837 4185 3022 4238 λοιποῦ
3058 4185 3322 4256 θελήσητε
3375 4187 3650 4253 δέξασθαι.
3693 4195 3915 4269 Ἐπειδὴ

751 4292 772 4322 ι
810 4282 935 4337 tate,
972 4272 1147 4326 dedita
1175 4286 1364 4338 opera,
1413 4281 1467 4324 et
1501 4282 1556 4324 ut
1591 4285 1693 4323 non
1727 4280 1962 4338 oportet,
1992 4287 2233 4325 commu-

2415 4292 2433 4323 ι
2476 4275 2630 4327 τοῦτο
2658 4274 2752 4326 καλ⁵
2775 4277 2840 4344 τῇ
2874 4277 2930 4328 ὲν
2962 4275 3166 4344 Νικαίᾳ
3197 4277 3399 4346 συνόδῳ
3425 4279 3641 4348 ὁρισθὲν
3671 4284 3917 4353 εὐχερῶς

751 4384 770 4416 ι
808 4364 956 4418 nloni
992 4363 1225 4418 restituti
1286 4361 1593 4416 videantur.
1652 4359 2099 4430 Presbyterorum
2133 4375 2232 4411 att-

2417 4383 2433 4415 ι
2477 4365 2667 4435 εὗροιή
2697 4365 2762 4434 σὴ
2785 4365 3164 4434 σεϐασμιότης.
3194 4366 3251 4418 Et
3271 4367 3376 4434 γάρ
3406 4371 3500 4421 καὶ
3526 4371 3653 4438 περὶ
3673 4377 3916 4425 κατωτέε

753 4477 769 4506 s
805 4468 910 4509 tem
961 4454 1210 4509 similiter
1271 4464 1325 4507 et
1379 4452 1826 4518 consequentium
1907 4449 2228 4503 clericorum
2269 4473 2315 4531 ι)

2285 4474 2315 4529 D
2419 4473 2434 4502 ε
2485 4471 2596 4521 ρων
2620 4453 2896 4519 κληρικῶν
2941 4453 3033 4504 καὶ
3090 4454 3218 4520 περὶ
3275 4451 3478 4507 λαῖκῶν
3517 4457 3766 4521 φαίνεται
3798 4461 3918 4513 ἐκεῖ

747 4549 1150 4616 «impudentes
1205 4545 1378 4612 fugas,
1442 4555 1499 4596 ut
1561 4554 1610 4594 te
1639 4541 1859 4610 dignum
1914 4549 2018 4602 est,
2055 4552 2235 4606 perse-

2415 4563 2430 4593 ι
2481 4540 3014 4610 παραφυλάττεσθαι,
3040 4541 3218 4610 πολλῷ
3251 4543 3450 4611 μᾶλλον
3470 4535 3622 4596 τοῦτο
3645 4565 3708 4597 πε
3719 4549 3775 4615 pi
3791 4555 3916 4604 ἐπι.

748 4655 768 4685 ι
815 4651 1010 4704 quetur
1073 4645 1160 4688 tua
1217 4636 1499 4689 sanctitas.
1550 4631 1684 4684 Nam
1735 4645 1908 4699 neque
1939 4644 2032 4697 per
2068 4629 2231 4681 ullum

2417 4651 2434 4680 ι
2482 4633 2695 4683 σκόπων
2743 4629 2990 4698 βούλεται
3025 4629 3546 4698 παραφυλαχθῆναι.
3584 4634 3678 4702 Μὴ
3703 4630 3801 4687 οὖν
3861 4640 3912 4690 οι

750 4745 771 4775 4
817 4727 1035 4779 Patrum
1090 4726 1364 4778 decretum
1419 4724 1520 4776 ltoc
1577 4721 1842 4774 Africauze
1870 4720 2122 4774 Ecclesia:
2153 4727 2232 4772 est

2413 4741 2430 4772 ι
2480 4725 2538 4774 ὲν
2568 4725 2631 4790 τῇ
2669 4721 2774 4786 ἰδίᾳ
2807 4719 3048 4790 ἐπαρχίᾳ
3081 4721 3187 4772 άπὸ
3209 4720 3306 4788 τῆς
3342 4723 3625 4785 κοινωνίας
3673 4727 3918 4799 ἀναρτη-

752 4835 772 4867 ‹
816 4816 1138 4880 prohibitum
1174 4833 1187 4869 :
1236 4827 1289 4868 et
1345 4813 1578 4866 Nicatore
1631 4812 1821 4881 synodi
1857 4820 2081 4874 statuta,
2115 4809 2232 4863 sive

2416 4829 2432 4858 ι
2484 4810 2663 4870 θέντες
2720 4807 2868 4877 παρὰ
2897 4809 2993 4876 τῆς
3045 4808 3144 4875 σῆς
3193 4808 3527 4874 ἁγιωσύνης,
3582 4814 3914 4881 σπουδαίαν,

755 4926 774 4956 ‹
811 4907 1035 4960 clericos
1065 4904 1337 4959 inferioris
1367 4905 1586 4972 gradus,
1618 4902 1730 4955 sive
1761 4902 1908 4969 ipsos
1933 4902 2232 4970 episcopos,

2413 4919 2429 4949 ι
2480 4901 2570 4952 καὶ
2602 4899 2784 4960 καθώς
2841 4898 2916 4968 μὴ
2944 4899 3073 4968 χρὴ,
3125 4899 3364 4968 φανῶσιν
3410 4902 3917 4973 ἀποκαθιστάμενοι

758 5017 773 5046 ι
820 4999 1054 5067 propriis
1083 4994 1511 5064 Metropolitanis
1569 4993 1912 5060 apertissime
1943 4993 2232 5045 commise-

2415 5013 2431 5042 ι
2479 4996 2542 5061 τῇ
2568 4991 2842 5060 κοινωνίᾳ.
2904 4991 3012 5043 Καὶ
3044 4991 3152 5072 τῶν
3180 4991 3568 5061 πρεσϐυτέρων
3603 4993 3661 5043 δὲ
3707 4995 3919 5060 ὁμοίως

754 5109 772 5138 ι
814 5099 957 5143 runt.
1009 5088 1294 5156 Sapienter
1327 5086 1468 5138 enim
1503 5095 1556 5137 et
1612 5084 1756 5150 juste
1802 5094 2188 5150 perspexerunt
2219 5121 2233 5145 ,

2415 5103 2429 5131 ι
2482 5084 2572 5133 καὶ
2629 5081 2736 5132 τῶν
2766 5081 3048 5148 ἑπομένων
3073 5079 3347 5149 κληρικῶν
3378 5082 3475 5143 τὰς
3507 5083 3744 5145 ἀναιδεῖς
3772 5087 3919 5137 άπερ-

754 5201 774 5230 ‹
817 5194 1148 5249 quaecunque
1175 5176 1375 5230 fuerint
1425 5183 1608 5227 exorta
1655 5177 1892 5240 negotia,
1930 5188 1989 5225 ea
2023 5174 2075 5225 itt
2108 5188 2236 5241 pro-

2418 5193 2434 5223 ι
2483 5175 2674 5242 φυγὰς,
2718 5175 2793 5236 ώς
2823 5173 2967 5224 ἐστιν
3011 5189 3104 5224 σου
3141 5174 3308 5237 ἄξιον,
3346 5173 3632 5237 ἀποδιώξει
3679 5178 3711 5243 ὴ
3737 5178 3921 5243 άγιω..

752 5291 770 5321 ι
813 5269 942 5337 priis
976 5268 1104 5320 locis
1136 5266 1412 5320 terminari
1473 5265 1693 5317 debere.
1725 5262 1906 5330 Neque
1934 5263 2076 5316 enim
2111 5262 2233 5315 uni-

2419 5284 2436 5313 ι
2486 5265 2616 5333 σύνη
2650 5265 2684 5333 ἡ
2707 5263 2795 5332 σή.
2854 5262 3070 5330 Ἐπειδὴ
3102 5265 3195 5312 καὶ
3229 5262 3289 5312 ού
3341 5262 3429 5313 διά
3459 5279 3604 5324 τινος
3643 5265 3772 5332 ὅρου
3803 5267 3922 5317 τῶν

756 5381 776 5412 ι
816 5359 1007 5425 cuique
1045 5356 1396 5425 providentiae
1450 5353 1638 5408 Sancti
1710 5354 1950 5424 Spiritus
2011 5353 2235 5421 gratiam

2417 5373 2433 5402 ι
2483 5353 2738 5419 Πατέρων
2755 5349 2911 5402 τοῦτο
2930 5348 3301 5417 ἀπηγόρευται
3323 5351 3386 5416 τῇ
3416 5350 3472 5399 ὲν
3511 5349 3745 5419 Ἀφρικῇ
3789 5352 3922 5404 Ἐκ.

759 5468 780 5501 ι
821 5453 1010 5505 deesse
1065 5456 1340 5517 putarunt,
1380 5462 1473 5514 per
1530 5461 1689 5514 quam
1719 5445 1929 5512 justitia
1974 5459 2002 5496 a
2033 5443 2235 5497 Christi

2421 5463 2437 5493 ι
2483 5443 2682 5512 κλησίᾳ
2704 5455 2715 5469 °
2747 5441 2841 5493 xui
2871 5439 2936 5490 τὰ
2966 5439 3289 5506 ψηφίσματα
3331 5439 3426 5504 τῆς
3451 5439 3508 5490 ὲν
3555 5439 3762 5511 Νικαίᾳ
3787 5457 3924 5501 συν-

763 5563 782 5594 ι
815 5541 1185 5596 sacerdOtibus
1241 5549 1294 5592 ct
1354 5541 1564 5590 videtur
1597 5538 1907 5605 prudenter,
1933 5544 1984 5589 et
2015 5535 2239 5600 firmiter

2422 5555 2438 5583 ι
2486 5535 2626 5596 όδου,
2685 5531 2795 5583 εἴτε
2837 5530 3131 5598 κληρικους
3198 5528 3293 5580 τοῦ
3354 5530 3666 5600 κατωτέρου
3701 5531 3923 5601 βαθμοῦ

765 5651 787 5683 ς
835 5644 1071 5694 tenetur,
1105 5633 1335 5685 maxime
1392 5631 1532 5696 quod
1598 5630 1758 5680 etiam
1793 5626 2085 5693 unicuique
2111 5640 2242 5678 con-

2423 5644 2438 5673 t
2491 5625 2599 5676 εἴτε
2657 5621 2856 5681 αὐτοὺς
2891 5620 3015 5680 τοὺς
3062 5619 3420 5686 ἐπισκόπους,
3475 5623 3584 5682 τοῖς
3628 5621 3778 5684 ίδίοις
3809 5639 3923 5691 μη-

767 5743 786 5775 σ
829 5737 1036 5777 cessum
1061 5733 1160 5787 est,
1187 5723 1230 5777 si
1262 5721 1310 5775 ci
1332 5721 1593 5784 videntur,
1620 5721 1684 5771 de
1711 5717 1949 5786 judicunt
1975 5715 2240 5769 sententia

2433 5735 2450 5767 ι
2499 5714 2840 5782 τροπολίταις
2884 5709 3237 5779 φανερώτατα
3262 5713 3640 5781 κατέπεμψαν.
3666 5714 3918 5776 Συνετῶς
