4136 6462
2746 20 2822 26 -..-.».
2835 18 2866 24 -ι
2879 17 3018 24 ...κηρ-
3041 18 3048 22 -
3061 17 3112 22 νη.-

284 396 402 459 με»
1298 397 1378 455 IN
1429 397 1592 457 CAN.
1621 396 1871 455 CXXXV
1904 395 2112 458 CONC.
2148 399 2530 457 CARTI‘lAG.
3211 407 3217 413 '
3407 393 3510 455 446

368 521 389 552 ι
436 500 542 569 γὰρ
590 501 679 552 καὶ
716 499 936 562 δικαίως
987 499 1246 562 συνεῖδεν,
1307 500 1665 568 ἀτιναδήποτι
1711 501 1853 569 πρά-

2039 521 2057 553 ι
2098 504 2164 556 ad
2202 506 2438 572 synodos
2487 503 2718 571 propriae
2774 503 3082 571 provinciae.
3115 504 3196 559 vel
3255 515 3513 571 praeterea

367 607 387 640 ι
435 605 616 656 γματα
685 588 990 654 ἀναφυῶσι,
1048 588 1224 639 ταῦτα
1251 587 1308 638 ἐν
1365 589 1477 648 τοῖς
1522 587 1671 649 ἰδίοις
1710 587 1856 653 ὀφεί-

371 700 391 730 r
440 681 550 732 λειν
579 679 944 749 περατοῦσθαι
979 679 1185 741 τόποις.
1215 678 1350 731 Οὐτε
1383 681 1491 746 γὰρ
1524 679 1625 747 μιᾷ
1655 679 1858 748 ἑκάστῃ

367 791 385 820 ι
440 772 662 839 προνοίᾳ.
720 770 1031 837 ἐλογίσαντο
1079 769 1346 822 ἐλλείπειν
1393 770 1492 838 τὴν
1531 770 1694 840 χάριν
1763 767 1856 822 τοῦ

369 877 391 911 ι
441 860 596 927 ἁγίου
617 861 947 928 Πνεύματος,
962 861 1028 912 δι’
1043 855 1109 929 ἧς
1136 861 1166 928 ἡ
1186 860 1499 929 δικαιοσύνη
1516 862 1622 913 ἀπὸ
1637 861 1744 913 τῶν
1767 861 1858 913 τοῦ

377 971 397 1001 ι
444 952 680 1017 Χριστοῦ
749 953 935 1020 ἱερέων
997 952 1090 1004 καὶ
1143 951 1337 1021 ὁρᾶται
1398 952 1707 1020 φρονίμως,
1764 954 1859 1003 καὶ

371 1062 390 1090 ι
434 1045 728 1109 κατέχεται
794 1041 1114 1108 σταθερῶς,
1204 1041 1439 1108 μάλιστα
1487 1043 1567 1095 ὅτι
1638 1043 1730 1096 καὶ
1781 1042 1860 1095 ἐνὶ

373 1150 391 1194 ι
439 1133 652 1199 ἑκάστῳ
686 1131 1122 1201 συγκεχώρηται,
1158 1133 1252 1183 ἐὰν
1300 1133 1552 1202 περὶτῆς
1574 1134 1727 1202 δίκης
1763 1135 1860 1203 τῆς

365 1239 387 1274 r
433 1222 538 1274 τῶν
557 1223 898 1289 διαγνωστῶν
933 1223 1244 1291 προΐσταται
1270 1223 1415 1292 αὐτῷ
1445 1228 1580 1294 πρὸς
1599 1224 1696 1287 τὰς
1715 1226 1864 1277 συνό-

368 1331 388 1363 ι
435 1313 558 1372 δους
590 1313 688 1380 τῆς
721 1311 856 1373 ιδίας
888 1314 1238 1383 ἐπαρχίας,ἢ
1286 1314 1363 1366 ἔτι
1403 1313 1508 1384 μὴν
1555 1317 1634 1376 είς
1688 1317 1861 1367 οίκουο

370 1422 386 1452 ι
439 1401 668 1470 μενικὴν
724 1401 962 1465 σύνοδον,
1016 1403 1384 1458 ἐκκαλεῖσθαι.
1456 1405 1618 1474 Είμὴ
1646 1405 1752 1472 ἄρα
1782 1405 1862 1466 τίς

373 1511 399 1542 ι’
439 1493 606 1555 ἐστιν,
657 1492 805 1553 ὅστις
864 1493 1258 1556 πιστεύσει,⁹ἐνὶ
1306 1495 1663 1564 ᾡτινιδήποτε
1691 1497 1854 1549 δύνα-

372 1600 390 1631 ι
443 1583 563 1636 σθαι
587 1582 675 1634 τὸν
695 1581 826 1634 Θεὸν
859 1582 1012 1652 ἡμῶν
1041 1583 1140 1651 τῆς
1171 1583 1402 1654 κρίσεως
1429 1586 1730 1653 ἐμπνεῦσαι
1761 1587 1860 1655 τὴν

369 1691 387 1723 ι
435 1673 800 1742 δικαιοσύνην,
830 1676 941 1734 τοῖς
973 1673 1031 1726 δὲ
1091 1674 1484 1744 ἀναριθμήτοις
1538 1676 1617 1737 είς
1648 1675 1866 1729 σύνοδον

369 1780 390 1814 σ
443 1763 916 1832 συνηθροισμένοις
942 1763 1176 1830 ίερεῦσιν
1207 1764 1511 1830 ἀρνεῖσθαι.
1536 1763 1658 1827 Πῶς
1679 1767 1733 1817 δέ
1757 1766 1862 1831 ἄρα

372 1869 389 1900 ι
439 1851 626 1921 αῦτηή
649 1852 996 1920 περαματικὴ
1020 1853 1198 1921 κρίσις
1228 1852 1419 1921 βεϐαία
1451 1855 1625 1914 ἔσται,
1646 1855 1861 1924 πρδς’ἢν

372 1959 389 1988 ι
430 1941 539 1992 τῶν
565 1942 858 2010 μαρτύρων
875 1941 940 1994 τὰ
973 1944 1243 2008 ἀναγκαῖα.
1280 1944 1567 2008 πρόσωπα.
1589 1943 1620 2012 ἢ
1644 1945 1730 1996 διὰ
1762 1946 1860 2012 τὴν

374 2048 392 2078 ι
439 2034 537 2099 τῆς
565 2031 777 2098 φύσεως
817 2032 848 2097 ἢ
901 2032 988 2083 διὰ
1018 2033 1115 2100 τὴν
1178 2033 1266 2083 τοῦ
1315 2034 1514 2101 γήρως
1558 2035 1859 2098 ἀσθένειαν,

372 2138 392 2170 ι
458 2122 490 2188 ἢ
538 2121 751 2183 πολλοῖς
778 2120 955 2179 ἄλλοις
977 2122 1348 2188 ἐμποδισμοτς,
1378 2122 1654 2192 ἐνεχθῆναι
1681 2124 1755 2176 οὐ-
1773 2124 1864 2176 δύ-

263 2237 265 2239 ι
370 2227 391 2260 ι
439 2227 612 2263 ναται.
639 2213 710 2264 Πε
722 2212 772 2280 pi
790 2213 892 2278 γὰρ
912 2211 1026 2270 τοῦ,
1041 2213 1189 2274 τινὰς
1209 2211 1406 2265 ὡσανεὶ
1438 2213 1500 2264 ἐκ
1519 2212 1612 2265 τοῦ
1631 2214 1862 2281 πλευροῦ

373 2318 394 2349 ι
438 2300 536 2368 τῆς
555 2302 650 2367 σῆς
683 2302 991 2370 ἁγιωσύνης
1014 2302 1342 2370 πέμπεσθαι,
1365 2303 1589 2372 οὐδεμιᾷ
1609 2305 1714 2357 τῶν
1745 2308 1856 2358 Πα-

381 2408 398 2437 ι
446 2390 618 2458 τέρων
654 2391 856 2458 συνόδῳ
898 2391 1109 2460 ὁρισθὲν
1137 2392 1480 2462 εὑρίσκομεν.
1501 2393 1713 2462 Ἐπειδὴ
1733 2397 1864 2465 ὅπερ

377 2497 395 2529 ι
449 2479 610 2531 πάλαι
651 2481 738 2532 διὰ
768 2481 864 2533 τοῦ
915 2481 1077 2534 αὐτοῦ
1111 2483 1505 2535 συνεπισκόπου
1550 2486 1704 2552 ἡμῶν
1732 2487 1865 2538 Φαυ-

381 2590 397 2619 ι
453 2572 651 2633 στίνου,
673 2571 870 2624 ὡσανεὶ
893 2574 954 2623 ἐκ
985 2574 1181 2643 μέρους
1201 2575 1297 2642 τῆς
1328 2576 1384 2626 ὲν
1400 2575 1602 2643 Νικαίᾳ
1626 2577 1864 2640 συνόδου,

370 2683 399 2712 Α
446 2663 672 2714 αὐτόθεν
713 2664 1036 2724 ἀπέσταλτο,
1092 2667 1147 2715 έν
1178 2667 1296 2726 ταῖς
1320 2665 1703 2735 ἀληθεστέρως
1729 2670 1866 2721 ἁπο-

381 2772 400 2802 ι
447 2754 684 2821 γραφαῖς
721 2754 817 2819 τῆς
849 2754 903 2806 ἐν
935 2754 1159 2821 Νικαίᾳ,
1193 2754 1372 2820 ἇσπερ
1417 2754 1715 2823 ἐδεξάμεθα
1762 2758 1867 2810 ἀπὸ

383 2870 402 2895 ι
446 2843 540 2896 τ·ῦ
572 2845 871 2910 ἀγ.ωτάτου
903 2845 1182 2912 Κυρίλλου,
1219 2846 1313 2898 τοῦ
1345 2849 1441 2915 τῆς
1479 2847 1868 2916 Ἀλεξανδρέων

379 2954 398 2986 r
447 2935 739 3004 ἐκκλησίας
791 2937 1190 2988 συνεπισκόπου
1249 2938 1428 3004 ἡμῶν,
1453 2937 1546 2989 καὶ
1579 2940 1728 3006 παρὰ
1761 2938 1868 2992 τῶν

379 3046 398 3076 ι
445 3026 537 3078 τοῦ
565 3027 940 3097 προσκυνητοῦ
973 3028 1214 3080 Ἀττικοῦ
1233 3028 1325 3080 τοῦ
1349 3029 1406 3079 ἐν
1441 3029 1870 3082 Κωνσναντινου-

381 3137 399 3167 ι
447 3118 600 3170 πόλει
660 3119 983 3181 ἐπισκόπου,
1009 3118 1348 3185 πεμφθείσας
1386 3120 1448 3171 ἐκ
1474 3118 1580 3172 τῶν
1619 3119 1865 3173 αὐθεντιο
1894 3123 1934 3178 C

375 3227 394 3259 σ
446 3209 558 3260 κῶν
583 3225 597 3239 ο
624 3209 828 3270 αἵτινες
852 3209 929 3260 ἔτι
963 3209 1067 3277 μὴν
1089 3209 1194 3277 πρὸ
1229 3207 1418 3260 τούτου
1452 3208 1539 3260 διὰ
1609 3209 1864 3261 Ἰννοκεν-

377 3314 395 3345 ι
448 3297 560 3348 τίου
591 3296 684 3347 τοῦ
731 3297 1103 3364 πρεσϐυτέρου
1129 3298 1219 3348 καὶ
1243 3294 1562 3360 Μαρκέλλου
1613 3294 1706 3346 τοῦ
1738 3295 1866 3347 ὐπο-

376 3404 396 3437 ι
444 3386 712 3450 διακόνου,
748 3388 816 3439 δι’
847 3382 920 3438 ὦν
953 3387 1086 3455 πρὸς
1146 3388 1290 3454 ἡμᾶς
1321 3385 1451 3455 παρ’
1474 3385 1698 3439 ἐκείνοιν
1729 3387 1865 3440 ἀπε-

375 3496 394 3527 r
445 3475 740 3544 στάλησαν,
772 3477 848 3545 τῷ
877 3478 973 3545 τῆς
1020 3477 1405 3545 προσκυνητῆς
1466 3478 1683 3547 μνήμης
1719 3476 1867 3527 Βονι-

374 3584 392 3615 ι
444 3567 616 3636 φατίῳ
672 3568 750 3632 τῷ
800 3569 1084 3637 ἐπισκόπῳ
1138 3567 1216 3635 τῷ
1247 3567 1690 3637 προηγησαμένῳ
1722 3567 1866 3634 ὑμᾶς

377 3675 396 3705 ι
447 3656 577 3722 παρ’
624 3657 784 3725 ἡμῶν
846 3657 1282 3728 ἐξεπέμφθησαν,
1349 3657 1560 3709 τοιοῦτό
1621 3657 1674 3708 τί
1735 3674 1865 3708 ποτε

380 3764 400 3794 ι
446 3747 544 3797 οὐκ
609 3747 952 3817 ἠδυνήθημεν
1025 3746 1222 3814 εὑρεῖν.
1291 3745 1653 3806 Ἐκόισαστὰς
1690 3745 1867 3797 τοίνυν

381 3853 402 3884 ι
449 3835 747 3905 κληρικούς
813 3837 965 3904 ὑμῶν
1016 3836 1177 3888 τινῶν
1221 3835 1518 3887 αἰτούντων
1581 3837 1653 3903 μὴ
1685 3833 1866 3887 θέλετε

379 3947 401 3977 σ
448 3927 816 3989 ἀποστέλλειν,
845 3927 980 3995 μήτε
1012 3929 1384 3995 παραχωρεῖν,
1427 3927 1513 3978 ἵνα
1533 3926 1624 3978 τὸν
1653 3926 1869 3978 καπνώ-

2036 612 2053 644 ι
2093 595 2256 647 etiam
2313 594 2378 648 ad
2432 595 2794 648 universalem
2859 595 3146 663 synodum,
3213 595 3514 664 appellare.

2035 704 2052 736 ι
2093 685 2204 738 Nisi
2235 689 2418 755 utique
2453 687 2522 738 sit
2556 685 2772 753 aliquis.
2805 687 2893 749 qui
2926 669 3129 747 credat.
3156 686 3510 752 unicuipiam,

2037 796 2055 828 ι
2087 779 2394 844 quicunque
2449 778 2493 830 is
2522 778 2611 839 sit,
2643 791 2797 842 posse
2823 778 2989 830 Deum
3043 786 3290 830 nostrum
3322 776 3514 846 judicii

2036 866 2355 935 «justitiam
2437 864 2724 932 inspirare,
2786 867 3272 921 innumerabilibus
3335 876 3514 920 autem

2038 975 2056 1008 ι
2088 957 2457 1010 sacerdotibus
2506 958 2558 1009 in
2607 957 2866 1026 synodum
2901 957 3244 1024 congregatis
3295 969 3514 1021 negare.

2038 1070 2057 1102 r
2100 1050 2379 1115 Quomodo
2404 1064 2532 1117 ergo
2585 1050 2799 1102 firmum
2833 1049 2936 1102 erit
2962 1048 3062 1100 hoc
3094 1047 3521 1100 transmarinum

2039 1161 2057 1193 ι
2092 1141 2376 1209 judicium,
2410 1141 2475 1192 ad
2507 1140 2648 1205 quod
2709 1138 2924 1193 testium
2983 1136 3303 1199 necessaria:
3339 1149 3522 1200 perso-

2042 1250 2061 1284 ι
2105 1245 2206 1291 me,
2239 1230 2324 1283 vel
2380 1239 2595 1296 propter
2627 1239 2829 1280 naturae
2883 1226 2964 1280 vel
2997 1234 3214 1293 propter
3256 1223 3391 1277 senii
3425 1224 3496 1276 im

2031 1340 2049 1374 ι
2097 1321 2465 1383 liecillitatem,
2526 1319 2606 1371 vel
2667 1327 2886 1384 prppter
2939 1317 3098 1369 multa
3136 1315 3239 1368 alia
3289 1313 3523 1384 impedi-
3601 1368 3607 1372 ,

2043 1434 2062 1466 ι
2105 1423 2308 1475 menta,
2365 1411 2550 1465 deduci
2613 1425 2716 1462 non
2751 1408 3012 1474 possunt?
3045 1407 3174 1460 Nam
3204 1405 3270 1460 de
3304 1405 3524 1459 mitten-

2043 1524 2060 1556 ι
2103 1505 2184 1558 dis
2214 1500 2560 1570 quihusdam.
2597 1499 2759 1553 veluti
2785 1514 2812 1551 a
2865 1499 3032 1551 latere
3083 1505 3276 1550 vestrm
3324 1493 3524 1549 sancti-

2039 1613 2058 1646 ι
2097 1595 2243 1657 tatis,
2275 1609 2302 1646 a
2337 1594 2479 1646 nulla
2523 1591 2743 1644 Patrum
2782 1589 2987 1659 synodo
3027 1587 3383 1640 constitutum
3434 1584 3524 1638 in-

2044 1705 2063 1738 ι
2105 1687 2366 1739 venimus.
2399 1685 2550 1750 Quod
2611 1683 2741 1736 olim
2801 1681 2943 1734 enim
2999 1694 3095 1747 per
3145 1679 3287 1732 lntnc
3348 1678 3524 1746 ipsum

2046 1790 2063 1822 r
2097 1772 2476 1840 coepiscopum
2513 1781 2752 1823 nostrum
2798 1768 3141 1830 Faustinum,
3177 1776 3432 1834 tanquam
3460 1780 3525 1819 ex
3612 1813 3618 1817 .

2032 1882 2049 1914 r
2081 1871 2235 1930 parte
2281 1862 2510 1915 Nicaeuae
2558 1860 2769 1931 synodi,
2822 1859 3022 1912 istliinc
3071 1858 3294 1911 missum
3329 1855 3525 1918 fuerat,

2042 1971 2058 2003 ι
2097 1956 2150 2005 in
2183 1952 2489 2004 verioribus
2525 1949 2751 2003 Nicaeum
2798 1949 2990 2017 synodi
3037 1947 3369 2012 repertoriis.
3406 1959 3526 2014 qua:

2039 2063 2057 2094 ι
2094 2059 2120 2096 a
2166 2042 2520 2096 sanctissimo
2581 2041 2781 2111 Cyrillo
2830 2038 3211 2092 Alexandrina
3269 2034 3528 2091 Ecclesiae

2040 2152 2058 2185 ι
2097 2134 2442 2199 coepiscopo,
2473 2141 2526 2185 et
2557 2145 2585 2183 a
2619 2130 2929 2183 venerando
2985 2129 3164 2181 Attico
3212 2125 3526 2183 Constanti-

2041 2243 2060 2276 ι
2101 2223 2312 2291 nopolis
2342 2224 2615 2289 episcopo,
2657 2236 2720 2275 ex
2755 2219 3086 2274 authenticis
3115 2218 3278 2272 missa
3314 2219 3527 2281 accepi-

2042 2327 2065 2362 ι
2107 2325 2260 2374 mus;
2322 2326 2440 2378 qua!
2492 2310 2710 2378 quidem
2745 2310 2974 2362 antehac
3009 2323 3103 2376 per
3148 2307 3525 2360 Innocentium

2044 2421 2061 2454 ι
2100 2402 2469 2471 presbyterum
2501 2411 2554 2453 et
2609 2399 2918 2455 Marcellum
2974 2399 3389 2460 subdiaconum,
3431 2411 3526 2462 per

2061 2510 2079 2543 ι
2122 2505 2256 2561 quos
2284 2494 2350 2545 ad
2385 2507 2479 2544 nos
2509 2491 2574 2544 de
2608 2492 2715 2546 illis
2751 2491 2911 2544 missa
2939 2490 3171 2552 fuerant,
3207 2489 3527 2542 venerandae

2046 2601 2065 2634 ι
2105 2582 2378 2636 memoriae
2425 2581 2704 2641 Bonifacio
2737 2581 2992 2649 episcopo
3041 2579 3312 2634 decessori
3348 2585 3528 2630 vestro

2047 2688 2066 2722 ι
2101 2686 2129 2723 a
2163 2669 2317 2724 nobis
2365 2671 2633 2723 destinata
2671 2677 2798 2722 sunt
2831 2687 2843 2720 :
2875 2667 3026 2720 nihil
3077 2665 3338 2732 ejusmodi
3373 2665 3527 2720 inve-

2047 2780 2065 2812 ι
2099 2759 2218 2812 nire
2252 2759 2603 2826 potuerimus.
2633 2757 2989 2811 Exsecutores
3020 2772 3148 2826 ergo
3171 2766 3378 2811 vestros
3411 2755 3528 2807 cle-

2051 2868 2068 2899 ι
2110 2850 2249 2902 ricos
2291 2849 2598 2914 petentibus
2628 2849 2896 2916 aliquibus
2931 2862 2996 2901 ne
3052 2847 3230 2901 velitis
3287 2846 3525 2906 mittere,

2047 2959 2065 2991 r
2105 2955 2204 2992 nec
2257 2939 2593 3006 permittere,
2631 2947 2688 2992 ut
2745 2939 3014 2990 fumosum
3077 2936 3261 2990 mundi
3325 2934 3529 2987 fastum

2046 3047 2064 3080 ι
2100 3027 2300 3083 Christi
2327 3027 2579 3081 Ecclesia:
2607 3029 2862 3081 inducere
2893 3027 3211 3089 videamur;
3247 3039 3366 3093 qua;
3391 3024 3528 3076 sim-

2046 3140 2064 3173 ι
2110 3122 2369 3190 plicitatis
2403 3121 2574 3175 lucem
2601 3131 2654 3174 et
2703 3121 3024 3173 humilitatis
3058 3119 3196 3173 diem
3253 3117 3411 3170 affert
3440 3115 3529 3177 iis,

2046 3227 2065 3261 ι
2097 3210 2187 3277 qui
2244 3208 2408 3262 Deum
2462 3209 2647 3262 videre
2697 3210 2940 3278 cupiunt.
2990 3209 3065 3261 De
3100 3205 3348 3259 deﬂendo
3383 3205 3526 3257 enim

2047 3318 2066 3351 ι
2102 3299 2339 3368 Apiario,
2361 3299 2471 3367 jam
2505 3313 2533 3352 a
2585 3299 2749 3352 fratre
2782 3309 2966 3354 nostro
3000 3298 3261 3352 Faustino
3287 3311 3384 3366 pro
3416 3297 3530 3348 suis

2048 3409 2066 3441 ι
2105 3391 2326 3442 nefariis
2359 3390 2611 3457 nequitiis
2641 3389 2844 3444 Christi
2877 3391 3119 3443 Ecclesia
3169 3400 3340 3446 moto,
3374 3383 3523 3439 sollié

2049 3495 2066 3528 r
2107 3477 2198 3529 citi
2231 3493 2334 3529 non
2374 3493 2593 3542 sumus;
2651 3477 2790 3544 quod
2826 3491 2946 3530 eum
2978 3487 3173 3530 vestra!
3221 3472 3530 3528 sanctitatis

2050 3584 2068 3616 ι
2109 3567 2423 3633 probatione
2454 3576 2508 3619 et
2533 3568 2869 3621 correctione
2899 3568 2952 3620 in
2993 3566 3262 3621 servanda
3292 3565 3528 3616 fraterna

2055 3673 2073 3706 ι
2111 3656 2380 3708 charitate
2440 3654 2620 3711 Africa
2657 3673 2994 3725 nequaquam
3029 3658 3256 3726 amplius
3299 3656 3530 3710 sustineo

2053 3765 2070 3796 r
2112 3746 2206 3799 bit.
2241 3747 2599 3814 Subscriptio.
2653 3749 2790 3801 Deus
2842 3757 3030 3800 noster
3066 3745 3406 3798 sanctitatem
3437 3761 3528 3798 ve-

2054 3853 2072 3886 r
2114 3844 2282 3888 stram
2334 3836 2384 3888 in
2434 3835 2812 3905 longissimum
2866 3847 3081 3904 tempus
3111 3835 3404 3898 custodiat,
3435 3849 3530 3904 pro

2052 3945 2070 3977 ι
2114 3927 2267 3980 nobis
2295 3937 2559 3991 orantem,
2594 3929 2807 3981 domine
2832 3928 3020 3981 frater.
3051 3945 3070 3978 ι

373 4038 395 4070 ι
439 4019 504 4088 δη
536 4019 703 4087 τῦφον
742 4019 838 4072 τοῦ
874 4019 1079 4085 κόσμου
1110 4019 1353 4088 δόξωμεν
1387 4017 1631 4082 είσάγειν
1657 4020 1723 4086 τῇ
1754 4020 1849 4069 τοῦ
1925 4019 2162 4088 Χριστοῦ
2197 4018 2516 4087 Ἐκκλησία,
2577 4019 2698 4088 ἥτις
2759 4019 2817 4070 τὸ
2883 4018 2998 4086 φῶς
3057 4018 3158 4085 τῆς
3223 4017 3529 4083 ἁπλότητος

377 4128 400 4161 ‹
449 4123 540 4161 και
602 4111 701 4177 τῆς
763 4107 1261 4175 ταπεινοφροσύνης
1311 4108 1410 4177 τὴν
1474 4107 1692 4176 ἡμέραν
1776 4108 1886 4170 τοῖς
1953 4107 2045 4160 τὸν
2117 4107 2251 4159 Θεὸν
2303 4105 2431 4158 ίδεῖν
2488 4105 2845 4174 ἐπιθυμοῦσιν
2905 4106 3222 4174 προσφέρει.
3269 4103 3374 4156 Τοῦ
3422 4106 3529 4171 γὰρ

379 4218 401 4249 ‹
449 4200 754 4268 κλαυσίμου

858 4200 1146 4268 Ἀπιαρίου
1217 4198 1318 4267 ἢδη
1413 4198 1520 4249 ἀπὸ
1607 4196 1701 4250 τοῦ
1755 4198 1983 4268 ἀδελφοῦ

2060 4199 2216 4268 ἡμῶν
2266 4198 2564 4252 Φαυστίνου
2623 4197 2765 4250 κατὰ
2847 4199 2947 4260 τὰς
3017 4198 3150 4260 ἰδίας
3243 4197 3530 4264 ἀθεμίτους

377 4311 395 4341 ι
443 4289 795 4358 ἁχρειοσύνας
833 4291 896 4341 ἐκ
953 4289 1052 4358 τῆς
1108 4286 1201 4338 τοῦ
1259 4284 1495 4354 Χριστοῦ
1569 4287 1890 4355 Ἐκκλησίας
1962 4287 2382 4358 ἀποκινηθέντος
2433 4287 2732 4356 ἀμέριμνοί
2802 4289 3010 4354 ἐσμενο
3067 4288 3150 4339 ὅτι
3211 4287 3401 4340 τοῦτον
3462 4288 3527 4354 τῇ

377 4397 396 4429 ι
444 4379 750 4448 δοκιμῇκαὶ
781 4377 1034 4448 ῥυθμίσει
1073 4377 1171 4445 τῆς
1198 4375 1297 4441 σῆς
1343 4371 1651 4442 ἁγιωσύνης
1713 4375 1770 4426 ἐν
1837 4375 1914 4443 τῷ
1987 4375 2255 4438 σώζεσθαι
2342 4375 2440 4443 τὴν
2491 4376 2786 4443 ἀδελφικὴν
2849 4375 3071 4444 ἀγάπην
3131 4375 3439 4443 περαιτέρω
3495 4374 3528 4442 ἠ

377 4492 396 4522 ι
457 4471 687 4538 Ἀφρικὴ
733 4468 980 4536 οὐδαμῶς
1043 4465 1314 4536 ὑπομείνῃ
1351 4463 1733 4532 ἠύπογραφή.
1801 4462 1860 4516 Ὀ
1934 4463 2064 4526 Θεὸς
2098 4465 2254 4534 ἡμῶν
2323 4464 2422 4532 τὴν
2491 4463 2798 4529 ἁγιωσύνην
2885 4463 3040 4532 ὐμῶν
3099 4466 3192 4518 ἐπὶ
3264 4467 3528 4538 μήκιστον

383 4586 400 4613 ι
444 4563 632 4631 χρόνον
688 4559 934 4624 φυλάξοι,
972 4557 1110 4625 ὑπὲρ
1165 4556 1321 4623 ἡμῶν
1352 4554 1674 4622 εὐχομένην,
1704 4551 1860 4621 κύριε
1905 4554 2117 4621 ἀδελφέ.
2162 4574 2180 4606 ι

377 4655 570 4711 ΒΑΛΣ.
634 4651 740 4703 Τοῦ
810 4649 1094 4719 ’Δπιαρίου
1126 4645 1516 4715 ἀφορισθέντος
1550 4647 1614 4697 ἐκ
1671 4645 1768 4711 τῆς
1806 4645 1864 4697 ἐν

2039 4646 2235 4700 BALS.
2287 4647 2507 4715 Apiario
2556 4662 2585 4700 a
2651 4647 2856 4716 synodo
2906 4641 3161 4702 Africana
3223 4653 3525 4715 segregatm

312 4753 551 4819 ’Δφρικῇ
607 4744 850 4807 συνόδου,
887 4742 983 4795 καὶ
1018 4741 1408 4810 προσελθόντος
1433 4738 1509 4806 τῷ
1543 4738 1740 4807 πάππα
1766 4739 1870 4790 Κε-

1992 4723 2090 4790 τυιῐῖ
2111 4737 2155 4790 is
2193 4739 2256 4789 ad
2290 4753 2480 4805 papam
2528 4736 2856 4792 Celestinum
2885 4739 3223 4802 accessisset,
3261 4750 3313 4790 et
3345 4750 3528 4804 segre-

299 4843 534 4908 λεστένῳ
566 4838 659 4890 καὶ
690 4835 940 4894 λυθέντος
966 4831 1060 4884 τοῦ
1123 4828 1450 4898 ἁφορισμοῦ,
1517 4831 1544 4879 ὁ
1576 4829 1870 4889 ἐπίσκοπος

1992 4828 2114 4891 {alio
2154 4827 2329 4879 soluta
2369 4837 2533 4892 esset,
2585 4827 2873 4881 Faustinus
2906 4844 3007 4880 una
3034 4844 3154 4881 cum
3188 4828 3278 4880 illo
3299 4827 3528 4881 Cartha-

298 4931 599 4988 Φαυστῖνος
629 4925 826 4991 ἐστάλη
881 4922 990 4973 σὺν
1031 4918 1224 4985 ἐκείνῳ
1280 4919 1358 4978 είς
1397 4911 1718 4984 Καρχηδόνα
1750 4916 1868 4979 ἐξε.

1992 4918 2143 4985 ginem
2180 4918 2379 4972 missus
2434 4927 2536 4979 est,
2583 4917 2850 4986 negotium
2902 4918 3021 4984 ejus
3071 4919 3523 4972 examinaturus:

297 5022 484 5075 τάσων
512 5018 578 5069 τὰ
614 5015 751 5068 κατὰ
780 5011 967 5064 τούτου
997 5023 1015 5042 ο
1043 5007 1298 5075 λυθείσης
1336 5006 1392 5058 δὲ
1412 5008 1506 5076 τῆς
1537 5005 1868 5069 ὑποθέσεως,

1992 5010 2148 5062 Iecisa
2185 5016 2384 5085 autem.
2409 5022 2567 5061 causa
2609 5010 2754 5062 misit
2803 5010 3038 5077 synodus
3069 5007 3344 5061 Celestino
3380 5009 3524 5060 hanc

301 5108 585 5163 ἐπέστειλε
626 5105 695 5173 τῷ
742 5099 1108 5168 Κελεστίνῳή
1154 5095 1368 5157 σύνοδος
1436 5095 1533 5163 τὴν
1583 5095 1868 5163 ἐπιστολὴν

1992 5097 2368 5167 ιρίεῑοΙοιη.Ει
2424 5100 2656 5164 primum
2720 5099 2936 5167 quidem
2997 5100 3272 5151 accusavit
3307 5098 3525 5150 Fausti-

299 5199 533 5265 ταύτην.
565 5197 670 5246 Καὶ
729 5193 918 5260 πρῶτα
974 5189 1073 5258 μὲν
1103 5189 1362 5259 ᾐτιάσατο
1404 5188 1492 5238 τὸν
1548 5188 1864 5249 Φαυστῖνον,

1992 5205 2127 5252 tum,
2161 5191 2299 5257 quod
2337 5190 2614 5256 Apiarium
2653 5200 2843 5256 praeter
2889 5191 3151 5241 rationem
3187 5187 3526 5240 defenderet.

300 5290 382 5349 ὡς
441 5285 765 5352 παραλόγως
813 5279 1233 5348 ἀντιποιηοέντα
1261 5278 1356 5330 τοῦ
1397 5279 1701 5347 Ἀπιαρίου.
1738 5274 1866 5329 Εἶτα

303 5379 588 5448 ἐπήγαγεν
649 5373 721 5434 ὡς
749 5371 855 5423 ἀπὸ
911 5369 1204 5438 ὁμολογίας
1237 5368 1328 5421 τοῦ
1378 5367 1658 5436 Ἀπεαρίου
1703 5367 1866 5436 ἐλύθη

303 5475 340 5540 ή
378 5468 632 5526 ὑπόθεσις
657 5478 672 5493 ο
707 5464 796 5513 καὶ
817 5461 1057 5512 ἱκέτευσε
1092 5459 1166 5527 μὴ
1193 5458 1430 5527 εὐχερῶς
1465 5455 1862 5525 προσδέχεσθαι

302 5565 400 5616 τὸν
434 5558 748 5612 Κελεστίνον
771 5553 893 5613 τοὺς
917 5549 1170 5616 λέγοντας
1194 5549 1333 5600 κατὰ
1360 5550 1457 5615 τῆς
1487 5547 1730 5610 συνόδου,
1767 5547 1859 5597 καί

306 5649 699 5720 ἀφορισθέντας
750 5641 882 5711 παρ’
927 5641 1114 5708 αὐτῆς.
1163 5638 1492 5709 ιῙροσέθεντο
1527 5637 1608 5702 δέ,
1635 5638 1708 5698 ὡς
1740 5636 1862 5689 οὐδὲ

302 5746 356 5799 οἱ
385 5747 439 5794 ἐν
471 5739 672 5806 Νικαίᾳ
703 5734 940 5806 Παιέρες
976 5731 1179 5802 ὥρισαν
1221 5728 1531 5800 πέμπεσθαι
1565 5727 1716 5797 παρὰ
1761 5726 1855 5780 τοῦ

1973 5282 2173 5333 Deinde
2197 5279 2474 5347 subjunxit
2502 5280 2639 5347 quod
2672 5295 2736 5333 ex
2765 5280 2966 5348 Apiarii
2987 5280 3330 5334 confessione
3359 5294 3520 5332 causa

1969 5370 2072 5424 fuit
2111 5371 2336 5434 decisa;
2408 5379 2464 5423 ct
2494 5370 2667 5422 oravit
2727 5381 2784 5422 ut
2847 5386 2949 5424 tton
3006 5369 3164 5424 facile
3221 5371 3524 5422 admitteret

1968 5457 2272 5510 Celestinus
2329 5471 2444 5518 eos,
2473 5457 2562 5525 qui
2599 5459 2858 5510 adversus
2917 5459 3177 5527 synodum
3234 5458 3440 5515 dicunt,
3469 5466 3524 5510 et

1970 5545 2039 5599 ab
2065 5560 2126 5597 ea
2172 5545 2437 5612 segregati
2481 5554 2625 5597 sunt.
2662 5544 2988 5610 Adjecerunt
3039 5555 3215 5596 autem
3247 5546 3389 5608 quod
3425 5555 3524 5594 nec

1970 5634 2159 5688 Patres
2182 5633 2408 5687 Nicmnze
2463 5633 2650 5702 synodi
2701 5641 3022 5696 statuerunt,
3061 5649 3087 5684 a
3117 5647 3250 5701 papa
3283 5632 3332 5685 in
3369 5630 3517 5683 Afri-

1969 5740 2085 5780 cam
2142 5722 2450 5788 mittendus,
2479 5723 2568 5790 qui
2633 5735 2852 5775 causam
2910 5720 3066 5774 simul
3103 5731 3524 5790 cognoscerent,
