4136 6454
641 355 744 419 447

1886 362 2170 425 ΤΗΕΟΙ).
2215 366 2614 428 BALSAMON

3772 366 3877 425 H8

637 479 691 521 et
730 482 828 523 nec
861 468 964 524 hoc
1017 467 1292 525 invenitur
1322 471 1373 524 in
1419 472 1604 529 missis
1647 475 1713 528 ab
1744 476 2113 536 Alexandrino
2151 488 2203 536 et

2324 481 2509 535 πάππα
2567 484 2648 545 είς
2686 482 2948 551 ’Δφρικὴν
3011 477 3536 548 συνδιαγνὼμονας·
3601 480 3700 532 καὶ
3757 480 3877 532 οὑδὶ

640 557 1244 627 Constantinopolitano
1276 561 1567 632 episcopis.

705 739 873 809 87⁵1
899 739 1148 796 ZONAR.
1179 743 1313 797 Cum
1338 743 1590 814 Apiarius
1621 749 1690 802 ab
1722 750 1973 804 Africana
1997 756 2202 824 synodo

638 839 946 898 segregatus
983 833 1048 885 ad
1086 833 1412 889 CelcSIinum
1462 853 1652 906 papam
1689 841 2036 910 confugisset,
2079 858 2200 898 eum

624 919 1340 992 Celestinussegregationis
1355 929 1567 983 vinculo
1590 930 1854 996 liberavit,
1874 944 2069 987 etcum
2090 935 2199 999 illo,

638 1011 726 1074 qui
754 1026 970 1066 causam
1003 1015 1117 1078 eius
1155 1031 1276 1070 cum
1309 1019 1559 1073 Africana
1593 1024 1800 1077 svuodo
1827 1036 2200 1094 cognosceret,

643 1098 954 1155 Faustinum
991 1106 1306 1176 episcopum
1337 1109 1843 1179 Carthaginiensem
1894 1116 2059 1171 misit.
2087 1117 2203 1184 Qua

638 1206 695 1244 re
725 1201 1018 1254 transacta.
1051 1199 1330 1264 epistolam
1358 1201 1494 1256 lianc
1523 1206 1757 1273 synodus
1782 1205 1846 1259 ad
1874 1205 2202 1263 Celestiuum

636 1282 804 1348 dedit,
839 1301 940 1352 qua
976 1286 1315 1350 Faustinum,
1364 1294 1506 1361 quod
1546 1294 1769 1364 Apiario
1813 1297 2024 1362 faverit,
2058 1300 2203 1368 ejus-

638 1387 741 1437 que
780 1385 1064 1440 patronum
1103 1393 1166 1432 ac
1200 1380 1562 1445 defensorem,
1600 1399 1702 1438 non
1742 1387 1977 1454 judieem
2009 1391 2202 1457 egerit,

640 1477 703 1515 ac
755 1467 1002 1520 advocati
1061 1471 1321 1536 studium,
1390 1488 1496 1527 non
1549 1479 1843 1543 cognitoris
1898 1479 2203 1548 equitatem

637 1565 823 1623 aperte
855 1558 1127 1625 iudicarit,
1164 1571 1218 1614 et
1247 1563 1394 1629 quod
1426 1565 1630 1634 synodo
1659 1580 1717 1619 se
1745 1569 2111 1623 adversarium
2136 1571 2206 1626 sit

640 1646 938 1713 professus,
965 1664 1062 1704 nec
1088 1665 1217 1706 vero
1247 1653 1372 1706 dum
1415 1667 1473 1707 se
1507 1653 1759 1710 Romanae
1795 1655 2051 1712 Ecclesiae
2089 1660 2202 1726 pri-

637 1735 955 1806 vilegiorum
981 1739 1251 1794 vindicem
1280 1741 1606 1802 ostenderit,
1637 1756 1666 1794 a
1701 1744 2045 1798 contumeliis
2076 1758 2208 1812 quo-

640 1842 745 1894 que
770 1830 1089 1885 abstinuerit
1117 1831 1265 1896 (sunt
1290 1842 1466 1889 autem
1503 1835 1783 1903 privilegia
1812 1844 1865 1890 et
1893 1844 2214 1904 patronatus
2239 1815 2288 1872 θ

643 1917 899 1972 Romana:
945 1921 1058 1975 sive
1094 1923 1296 1977 Latina:
1334 1925 1539 1992 voces),
1571 1925 1919 1980 vehementer
1953 1935 2210 1992 accusat;

641 2010 915 2077 quodque,
949 2022 1010 2066 ut
1037 2012 1082 2066 is
1104 2028 1132 2066 a
1159 2016 1364 2082 synodo
1395 2017 1460 2071 ad
1493 2018 1926 2071 communionem
1948 2020 2215 2073 admitte-

643 2112 812 2163 retur,
863 2103 1026 2157 nimia
1083 2105 1427 2161 festinatione
1478 2109 1869 2176 approperarit.
1921 2107 2038 2161 Non
2091 2121 2215 2178 pro-

628 2192 809 2248 cessit
859 2205 1060 2260 tamen,
1109 2197 1202 2250 sed
1256 2197 1438 2257 Deus,
1489 2196 1731 2252 Faustini
1791 2200 2212 2262 cunctationem,

643 2285 960 2352 dilationes,
1009 2290 1391 2356 protelationes
1446 2291 1673 2354 scilicet,
1736 2290 2218 2361 frustratoriasque

644 2375 848 2442 Apiarii
879 2379 1369 2446 tergiversationes,
1399 2380 1503 2436 hoc
1530 2390 1633 2446 est,
1666 2382 2216 2450 procrastinationes,

645 2468 697 2522 in
732 2470 963 2538 negotiis
989 2471 1245 2539 gerendis
1277 2487 1508 2538 moram,
1552 2474 1731 2526 subito
1763 2474 2051 2538 dissolvit;
2097 2487 2218 2529 eam

644 2570 875 2614 mentem
921 2562 996 2616 illi
1049 2564 1340 2624 immiteus.
1392 2573 1450 2618 ut
1493 2565 1701 2631 objecta
1746 2568 1973 2620 crimina
2020 2577 2215 2637 sponte

644 2650 1013 2707 conﬁteretur.
1042 2651 1155 2715 His,
1193 2654 1263 2705 ita
1299 2663 1355 2706 ut
1383 2662 1498 2706 acta
1528 2664 1674 2718 sunt,
1702 2655 1755 2707 in
1783 2657 2004 2722 epistola
2039 2657 2213 2724 expli-

645 2746 801 2808 catis,
833 2747 1026 2800 dl-iude
1052 2745 1352 2814 subjiciunt
1385 2766 1398 2800 :
1435 2747 1542 2802 Nos
1572 2756 1622 2801 te
1647 2748 1734 2816 (ad
1767 2748 2096 2803 Celestinum
2125 2765 2221 2803 au-

650 2846 755 2889 tem
801 2837 977 2891 oratio
1031 2837 1321 2906 dirigitur),
1371 2838 1425 2892 in
1471 2854 1744 2909 precnrsu
1795 2840 2080 2905 orationis,
2119 2843 2222 2898 hoc

646 2937 750 2992 est,
785 2931 1033 2998 prooemii
1065 2931 1207 2994 loco,
1231 2946 1292 2984 ex
1327 2931 1520 2985 merito
1547 2933 1809 2992 venerati.
1838 2947 1905 2987 ne
1935 2934 1987 2985 in
2013 2934 2101 2999 iis,
2124 2937 2219 3004 qui

648 3035 677 3073 a
725 3021 877 3074 nobis
922 3023 1186 3089 segregati
1233 3033 1380 3086 sunt,
1429 3023 1780 3076 admittendis
1825 3022 2122 3077 faciliorem
2171 3035 2223 3080 te

651 3113 915 3182 praebeas,
975 3127 1106 3167 neve
1150 3112 1239 3181 qui
1280 3114 1331 3166 in
1378 3127 1473 3165 sua
1525 3113 1799 3181 provincia
1843 3115 2220 3170 communione
2247 3134 2290 3194 ο

650 3203 831 3257 multa!
861 3203 1076 3256 nomine
1096 3202 1289 3271 privati
1316 3213 1461 3263 sunt,
1485 3216 1712 3270 propere
1743 3202 1905 3256 nimis
1933 3217 1997 3256 ac
2026 3203 2221 3259 festiue

643 3295 1012 3348 communioni
1049 3295 1326 3357 restituas,
1362 3297 1732 3347 obsecramus.
1763 3292 1867 3347 Sed
1903 3303 1956 3347 et
1987 3295 2222 3363 presby-

645 3393 807 3448 teros,
837 3393 889 3437 et
918 3385 1050 3438 alios
1089 3399 1119 3438 e
1151 3385 1320 3447 clero,
1351 3399 1469 3438 sese
1507 3399 1602 3450 per
1631 3384 2042 3451 impudentiam,
2091 3385 2220 3436 abs-

645 3491 748 3545 que
782 3475 885 3528 ulla
922 3476 1130 3540 scilicet
1173 3475 1311 3540 iusta
1348 3488 1534 3538 causa,
1583 3475 1946 3543 proripientes
1997 3473 2219 3541 expelli,

648 3567 869 3636 suisque
902 3567 1172 3634 episcopis
1207 3566 1392 3630 reddi;
1425 3566 1554 3632 quin
1603 3575 1655 3618 et
1699 3564 1930 3619 clericos
1975 3579 2163 3618 omnes
2195 3578 2224 3616 a

650 3673 748 3711 suo
779 3671 1047 3725 quemque
1073 3655 1329 3724 episcopo
1351 3653 1580 3719 iudicari
1611 3653 1905 3724 postulant.
1940 3655 2220 3708 Canouum

649 3748 834 3811 etiam,
866 3747 955 3816 qui
987 3747 1089 3800 hac
1125 3747 1189 3800 de
1239 3759 1294 3798 re
1323 3747 1378 3798 iu
1421 3744 1633 3798 Nicena
1663 3745 1866 3815 synodo
1900 3744 2024 3797 editi
2061 3753 2208 3806 sunt,

652 3833 947 3886 meminere
979 3849 993 3885 :
1027 3845 1198 3900 neque
1233 3847 1356 3885 vero
1385 3841 1439 3884 ut
1466 3832 1629 3900 aliqui
1659 3847 1688 3886 a
1717 3847 1865 3899 papae
1894 3833 2077 3893 latere.
2109 3834 2210 3886 hoc

651 3932 755 3984 est,
787 3922 875 3990 qui
914 3921 989 3974 illi
1027 3922 1287 3990 dignitate
1324 3921 1580 3987 proximi,
1623 3936 1685 3976 ac
1720 3925 1859 3988 apud
1905 3938 2024 3975 cum
2049 3923 2228 3977 ilione-

651 4010 816 4063 stiore
862 4010 978 4062 loco
1019 4010 1374 4073 haberentur,
1424 4007 1906 4078 familiaritateque
1955 4013 2226 4080 conjuncti

654 4108 850 4167 praeter
898 4113 1124 4155 caeteros
1171 4100 1348 4154 forent
1401 4101 1712 4164 cognitores
1764 4117 1824 4154 ac
1877 4115 2230 4157 exsecutorcs

658 4191 1016 4256 mitterentur,
1065 4193 1116 4246 id
1155 4207 1327 4261 usque
1369 4192 1646 4247 decretqu
1685 4203 1900 4248 exstare
1936 4194 2225 4248 afﬁrmant.

657 4281 839 4351 Neque
867 4285 1048 4348 'enim,
1104 4283 1278 4348 aiunt,
1331 4284 1532 4353 aliquid
1568 4285 1744 4338 simile
1791 4285 1844 4337 in
1893 4285 1980 4344 iis,
2013 4301 2130 4352 quas
2163 4287 2229 4340 ab

659 4376 1024 4431 Alexandrino
1069 4376 1277 4446 Cyrillo
1328 4383 1382 4430 et
1416 4376 2020 4444 Constantinopolitano
2055 4377 2230 4430 Attico

2307 574 2623 640 εὑρίσκεται
2666 574 2827 628 τοῦτο
2892 575 2950 626 εν
3021 575 3135 635 τοῖς
3215 571 3513 641 πεμφθεῖσι
3571 573 3722 642 παρὰ
3781 571 3877 626 τοῦ

2319 653 2728 735 Ἅλεεανδρείας
2755 665 2850 719 καὶ
2885 665 3037 734 παρά
3087 663 3183 717 τοῦ
3233 661 3875 726 κωνσταντινουπόλεως.

2379 755 2623 810 ZQNAP.
2656 755 2775 810 Τοῦ
2820 755 3104 825 ’Δπιαρίου
3144 754 3528 823 ἀφορισθέντος
3568 755 3632 806 εκ
3691 751 3789 820 τῆς
3816 755 3878 806 ιν

2322 845 2554 912 ’Δφρικῇ
2597 844 2840 906 συνόδου,
2906 845 3000 897 καὶ
3089 843 3482 912 προσελθόντος
3536 842 3615 913 τῷ
3668 845 3872 913 πάππα

2309 934 2635 1004 Κελεστίνῳ,
2663 934 2914 998 λυθέντος
2957 952 3016 988 τε
3047 934 3139 988 τοῦ
3177 934 3505 1005 ἀφορισμοῦ,
3564 937 3596 989 ό
3652 936 3880 989 ιπίσκο-

2311 1043 2410 1085 πος
2438 1028 2732 1088 Φαυστινος
2773 1027 2975 1096 ιστάλη
3016 1028 3113 1080 σὺν
3157 1027 3350 1097 ἐκείνῳ
3405 1029 3486 1092 εις
3544 1028 3876 1095 Καρχηδόνα

2310 1118 2582 1183 ιξετάσων
2606 1118 2673 1170 τὰ
2707 1117 2831 1170 κατ’
2863 1118 3071 1171 ἐκείνου
3103 1119 3240 1186 μετά
3272 1118 3372 1186 τῆς
3440 1120 3557 1172 ἐκεῖ
3635 1118 3883 1173 συνόδου.

2307 1205 2622 1272 Γενομένης
2652 1206 2706 1257 δὲ
2737 1207 2835 1274 τῆς
2894 1206 3166 1275 πράξεως,
3237 1207 3514 1260 ἀπέστειλε
3572 1209 3650 1277 τῷ
3711 1208 3886 1261 Kale-

2314 1296 2476 1364 στίνῳ
2504 1299 2533 1362 ἡ
2572 1295 2791 1358 σύνοδος
2813 1294 2910 1364 τὴν
2941 1296 3234 1368 ἐπιστολὴν
3259 1297 3486 1366 ταύτην,
3537 1299 3605 1351 δι’
3652 1294 3723 1371 ἦς
3793 1301 3882 1353 αἱ-

2311 1383 2493 1434 τιᾶται
2570 1383 2660 1435 τὸν
2741 1384 3062 1447 Φαυστίνον,
3135 1387 3211 1448 ὡς
3263 1387 3712 1454 ἀντιποιούμενον
3785 1387 3884 1444 τοῦ

2325 1472 2610 1545 Ἀπιαρίου
2639 1476 2730 1527 καὶ
2757 1475 3069 1544 πατρωνίαν
3120 1476 3208 1530 ιπ⁹
3264 1477 3416 1546 αὺτῷ
3483 1471 3918 1550 ινδειξάμενον,’

2311 1562 2477 1631 ῆγουν
2503 1565 2862 1633 προστασίαν,
2896 1565 3172 1635 βοήθειαν,
3251 1568 3367 1620 ἀλλ’
3389 1569 3449 1621 οὐ
3509 1569 3710 1639 κρίσιν,
3792 1573 3889 1628 καὶ

2311 1655 2554 1725 σπουδὴν
2615 1657 2982 1722 ικδικοῦντος,
3048 1658 3168 1712 ἀλλ’
3205 1659 3266 1713 οὐ
3314 1660 3662 1731 δικαιοσύνην
3709 1661 3890 1725 διαγι-

2317 1745 2617 1812 νώσκοντος
2635 1750 2752 1818 ῆτοι
2786 1751 3120 1814 δικάζοντος,
3181 1753 3276 1806 καὶ
3342 1753 3738 1822 ἀνθιστάμενον
3816 1756 3887 1824 τῇ

2317 1838 2536 1905 συνόδῳ,
2590 1842 2683 1894 καὶ
2716 1843 2796 1904 είς
2831 1841 3019 1912 ῦϐρεις
3039 1844 3386 1912 χωρήσαντα,
3445 1844 3521 1908 ὡς
3604 1845 3770 1914 δῆθεν
3821 1847 3892 1899 τὰ

2316 1931 2411 2000 τῆς
2459 1931 2748 1999 Ῥωμαίων
2791 1933 3117 2002 Ἐκκλησίας
3173 1933 3498 1987 ἐκδικοῦντα
3563 1935 3885 2004 πριϐιλέγια

2317 2026 2436 2094 ῆτοι
2486 2025 2760 2094 προνόμια
2794 2026 2912 2090 (καὶ
2971 2027 3004 2094 ἡ
3053 2026 3336 2092 πατρωνία
3384 2025 3439 2078 δὲ
3475 2025 3567 2077 καὶ
3619 2025 3690 2079 τά
3761 2043 3893 2096 πρισ-

2317 2114 2548 2182 ϐιλέγια,
2582 2116 2754 2180 λέξεις
2822 2116 3132 2184 Ῥωμαϊκαὶ
3160 2117 3281 2186 ῆτοι
3307 2115 3417 2168 τῶν
3477 2115 3724 2168 Λατίνων
3758 2117 3888 2184 εισι)

2317 2206 2410 2258 καὶ
2439 2207 2736 2260 σπεύδοντα
2760 2206 3014 2275 δεχθῆναι
3083 2207 3248 2260 αὑτὸν
3307 2206 3457 2274 παρά
3487 2211 3589 2273 τῆς
3643 2206 3892 2270 συνόδου,

2317 2295 2416 2348 οὐκ
2443 2297 2721 2362 ἐξεγένετο
2754 2297 2900 2363 αὐτῷ
2927 2313 2940 2328 ’
2972 2296 3104 2350 ἀλλά
3133 2299 3160 2350 ὀ
3184 2296 3316 2359 Θεὸς
3354 2297 3452 2358 τὰς
3478 2296 3759 2364 παρώκάς
3795 2295 3894 2349 τοῦ

2318 2386 2638 2451 Φαυστίνου,
2677 2387 2773 2450 τὰς
2800 2387 3090 2451 ἀναϐολὰς,
3131 2387 3256 2447 τοὺς
3310 2385 3765 2454 ὕπερϐιϐασμοῦς
3799 2385 3896 2454 δη-

2321 2473 2454 2542 λαδὴ
2481 2476 2573 2526 καὶ
2628 2476 2726 2537 τὰς
2762 2473 3088 2543 τριψεργίας
3136 2471 3230 2525 τοῦ
3279 2473 3583 2540 Ἀπιαρίου,
3647 2475 3897 2524 τουτέστι

2319 2566 2420 2627 τὰς
2449 2565 2795 2635 ὑπερθέσεις,
2823 2566 2920 2628 τάς
2946 2567 3037 2616 ἐπὶ
3106 2567 3220 2627 τοῖς
3254 2564 3432 2634 ἔργοις
3458 2564 3651 2631 τριϐὰς
3708 2565 3897 2616 συντό-

2325 2672 2437 2725 μως
2469 2655 2716 2725 ἐξέτεμε,
2754 2657 3184 2724 παρασκευάσας
3241 2655 3404 2706 αὐτὸν
3451 2654 3789 2722 ὁμολογῆσαι
3830 2654 3898 2706 τά

2323 2745 2446 2798 κατ’
2476 2748 2639 2800 αὐτὸν
2666 2748 3008 2816 ἐγκλήματα,
3077 2745 3264 2798 Ταῦτα
3312 2745 3368 2798 st
3457 2746 3605 2808 ὅπως
3651 2745 3898 2812 ἐγένοντο

2322 2835 2661 2901 παταλέξασα
2709 2838 2740 2904 ή
2774 2836 3030 2904 ἐπιστολὴ
3071 2836 3262 2900 ἐπάγει
3301 2848 3318 2867 ο
3365 2833 3456 2889 Ἐν
3494 2836 3763 2904 προφάτιρ
3790 2835 3899 2887 τοί-

2322 2944 2438 2987 νυν,
2475 2928 2596 2980 ἀντὶ
2621 2926 2716 2978 τοῦ
2745 2930 2801 2978 ὲν
2832 2927 3251 2998 πρωτολογίαις,
3281 2926 3341 2978 ἓν
3402 2925 3739 2992 προοιμίοις,
3803 2926 3901 2992 τὴν

2327 3018 2676 3086 ἁρμόζουσάν
2713 3035 2792 3070 σοι
2860 3019 3232 3088 προσκύνησιν
3288 3016 3626 3085 πληροῦντες
3698 3019 3898 3084 (ταῦτα

2324 3108 2379 3161 δὲ
2411 3109 2543 3178 πρὸς
2573 3111 2662 3160 τὸν
2721 3111 3064 3177 Κεὶεστῖνον)
3132 3108 3448 3176 ἱκετεύομεν
3503 3109 3577 3177 μὴ
3658 3109 3900 3179 εὐχερῶς

2324 3199 2717 3268 προσδέχεσθαι
2757 3201 2880 3262 τοὺς
2914 3200 3042 3266 παρ’
3083 3198 3238 3268 ἡμῶν
3268 3198 3602 3265 γινομένους
3664 3201 3900 3252 ἀκοινω-

2323 3294 2534 3359 νήτους,
2567 3290 2660 3342 καὶ
2688 3291 2813 3351 τοὺς
2842 3292 2898 3342 tv
2921 3293 2986 3357 τῇ
3023 3289 3258 3358 ἐπαρχία
3300 3289 3480 3341 αὐτῶν
3543 3289 3903 3357 επιτιμηθένο

2323 3399 2420 3443 τας
2448 3384 2833 3453 ἀκοινωνησία,
2870 3383 2946 3451 μὴ
2978 3383 3306 3444 σπουδαίως,
3331 3383 3453 3434 ἀντὶ
3504 3382 3599 3434 τοῦ
3662 3384 3897 3450 ταχέως,

2331 3473 2639 3540 συντόμως,
2669 3473 3150 3526 ἀποκαθίστασθαι
3186 3473 3339 3543 παρὰ
3371 3472 3464 3526 σοῦ
3495 3475 3559 3542 τῇ
3619 3472 3902 3540 κοινωνίᾳ.

2338 3563 2500 3615 Ἀλλὰ
2526 3565 2621 3616 καὶ
2661 3565 2788 3626 τοὺς
2862 3563 3268 3634 πρεσϐυτέρους
3345 3564 3439 3617 καὶ
3502 3565 3628 3626 τοὺς
3687 3563 3901 3622 λοιποὺς

2328 3653 2671 3722 κληρικοὺςν
2731 3656 2859 3717 τοὺς
2934 3653 3347 3721 ἀποφεύγοντας
3409 3653 3664 3716 ἀναιδῶς,
3740 3656 3904 3724 ῆγουν

2329 3743 2507 3804 αἰτίας
2545 3744 2768 3810 εὐλόγου
2795 3743 3303 3812 χωρὶς,διώκεσθαι
3337 3743 3579 3812 ζητοῦσι,
3635 3745 3731 3796 καὶ
3775 3746 3899 3796 ἀπο-

2329 3834 2688 3888 καθίστασθαι
2719 3838 2831 3897 τοῖς
2861 3835 3183 3892 ἐπισκόποις
3207 3835 3408 3895 αὐτῶν,
3453 3835 3590 3887 ἀλλά
3648 3836 3756 3904 μὴν
3813 3835 3902 3889 καὶ

2329 3923 2479 3993 παρά
2511 3926 2620 3986 τοῖς
2653 3924 2975 3984 ἐπισκόποις
3006 3923 3185 3976 αὐτῶν
3218 3922 3537 3983 δικάζεσθαι
3570 3925 3698 3985 τοὺς
3773 3923 3903 3992 κληο

2335 4011 2523 4082 ρικοὺς
2549 4011 2792 4064 αἰτοῦσι.
2825 4011 3116 4080 Μέμνηται
3179 4011 3233 4061 δὲ
3277 4013 3369 4062 καὶ
3458 4010 3701 4062 κανόνων
3779 4009 3904 4079 περὶ

2331 4103 2536 4155 τούτων
2557 4103 2655 4171 τῆς
2678 4104 2734 4154 έν
2789 4101 2997 4170 Νικαίᾳ.
3066 4103 3312 4163 συνόδου,
3343 4099 3439 4153 καὶ
3459 4101 3698 4170 οὐδαμοῦ
3721 4101 3904 4168 λέγουο

2341 4211 2425 4246 σιν
2459 4193 2747 4263 ὁρισθῆναι
2780 4191 3096 4260 πέμπεσθαι
3124 4191 3275 4260 παρά
3316 4191 3410 4243 τοῦ
3443 4193 3644 4244 πάππα
3703 4192 3904 4244 συνδιαο

2335 4281 2625 4349 γνώμονας
2655 4282 2750 4334 καὶ
2777 4281 3108 4342 ὲκϐιϐαστάς
3145 4284 3208 4331 ὲκ
3258 4279 3352 4332 τοῦ
3423 4280 3660 4350 πλευροῦ
3740 4280 3903 4333 αὑτοῦ

2333 4374 2453 4443 ῆτοι
2497 4373 2822 4440 ὲγγίζοντας
2853 4373 3002 4442 αὐτῷ
3032 4373 3171 4425 κατὰ
3235 4371 3331 4440 τὴν
3385 4373 3576 4439 τιμὴν,
3635 4373 3758 4424 ἀντὶ
3813 4371 3905 4425 τοῦ

661 4468 724 4520 ad
757 4482 854 4521 nos
886 4468 1047 4521 missa
1087 4477 1233 4529 sunt,
1271 4467 1592 4520 invenimus.
1629 4465 1705 4519 Ne
1731 4467 1908 4521 velitis
1934 4468 2097 4535 igitur
2129 4468 2221 4521 ista

2338 4463 2718 4531 ἐντιμοτέρους
2746 4465 2840 4516 καὶ
2873 4463 3256 4532 ᾠκειωμένους
3319 4462 3489 4531 αὐτῷ.
3581 4463 3717 4514 Οὐδὲ
3799 4463 3905 4532 γὰρ

661 4561 820 4627 modo
847 4572 1025 4625 agere,
1059 4572 1157 4610 nec
1203 4557 1378 4610 inanis
1413 4555 1593 4621 glorise
1627 4555 1849 4618 fastum,
1887 4557 2017 4609 fumi
2063 4559 2236 4610 instar

663 4658 1100 4712 evanescentem,
1126 4648 1421 4702 concedere
1449 4646 1702 4701 Ecclesia:
1727 4645 1818 4700 Dei
1850 4645 2058 4701 inferri.
2093 4646 2238 4702 Sim-

666 4741 878 4811 plicitas
933 4753 1183 4807 namque,
1221 4741 1390 4802 aiunt,
1443 4746 1496 4791 et
1541 4737 1800 4792 demissio
1832 4737 2021 4803 animi,
2069 4739 2238 4792 instar

666 4829 822 4894 lucis,
858 4831 942 4892 iis,
976 4835 1065 4899 qui
1117 4828 1282 4881 Deum
1321 4827 1515 4881 intueri
1556 4829 1803 4897 cupiunt,
1840 4826 1997 4881 aﬂ'ert
2043 4828 2184 4880 diem
2223 4844 2235 4880 :

667 4921 768 4974 hoc
795 4931 896 4982 est,
929 4920 1088 4972 veluti
1127 4917 1315 4973 diffusa
1352 4919 1440 4970 lux
1485 4918 1624 4971 diem
1656 4916 1842 4979 efficit,
1875 4931 1938 4969 ac
1967 4931 2062 4986 per
2091 4931 2234 4981 eam,

667 5027 784 5081 qua
835 5012 1085 5066 sensibus
1135 5011 1526 5078 percipiuntur,
1584 5009 1767 5064 videre
1817 5008 1990 5072 licet;
2047 5008 2235 5062 eodem

669 5103 825 5157 modo
847 5102 1162 5170 simplicitas
1183 5116 1247 5154 ac
1273 5101 1545 5154 humilitas
1566 5099 1736 5154 lucem
1763 5099 2006 5152 immittit
2021 5099 2231 5163 animo,

669 5210 770 5261 qua
803 5194 1104 5247 illustratus
1139 5194 1302 5246 Deum
1330 5193 1533 5254 videre,
1571 5193 1668 5244 lioc
1709 5198 1811 5253 est,
1845 5199 2101 5258 quantum
2139 5190 2238 5243 ho-

675 5285 806 5338 mini
839 5285 920 5338 fas
953 5294 1054 5345 est,
1089 5298 1413 5350 cognoscere
1446 5291 1632 5350 queat.

2338 4555 2573 4623 εῦρομέν
2596 4573 2669 4617 τι,
2700 4555 2856 4622 φασὶ,
2891 4556 3135 4606 τοιοῦτον
3180 4555 3238 4606 έν
3268 4557 3380 4614 τοῖς
3413 4554 3746 4622 πεμφθεῖσιν
3775 4556 3902 4623 ἡμῖν

2337 4643 2490 4712 παρά
2519 4641 2613 4694 τοῦ
2668 4641 3081 4708 ’Δλεξανδρείας
3133 4641 3410 4710 Κυρίλλου
3448 4643 3543 4692 καὶ
3601 4639 3697 4692 τοῦ
3756 4642 3905 4694 Kuw-

2339 4734 2842 4795 σταντινουπόλεως
2890 4731 3162 4785 ’Δττικοῦ.
3199 4732 3292 4800 Μὴ
3344 4727 3438 4784 οῦν
3496 4730 3680 4784 θέλετε
3738 4731 3905 4784 ταῦτα

2340 4825 2533 4884 ποιεῖν,
2570 4822 2706 4892 μηδι
2738 4822 3092 4891 παραχωρεῖν
3141 4819 3234 4871 τὸν
3268 4817 3525 4887 καπνώδη
3575 4817 3743 4886 τῦφον
3802 4820 3906 4870 είσο

2341 4913 2568 4980 ἀγεσθαι
2603 4916 2669 4982 τῇ
2716 4911 3014 4980 Ἐκκλησία
3051 4908 3146 4962 τοῦ
3175 4907 3329 4970 Θεοῦ,
3355 4909 3451 4976 τὴν
3483 4909 3561 4970 ὡς
3599 4907 3802 4960 καπνὸν
3822 4926 3905 4963 τα⁸

2347 5007 2487 5075 χέως
2516 5003 2878 5072 διαλυομένην
2923 5001 3018 5054 καὶ
3058 4999 3466 5070 ἀφανιζομένην
3551 4999 3859 5064 κενοδοξίαν
3892 5016 3905 5032 ⁸

2343 5095 2425 5146 ὃτι
2475 5094 2663 5161 φασὶν,
2699 5093 2730 5160 ἡ
2770 5089 3007 5158 ἁπλότης
3041 5091 3136 5141 καὶ
3170 5091 3201 5152 ἡ
3239 5090 3590 5152 ταπείνωσις,
3648 5090 3720 5152 ὡς
3778 5090 3904 5156 φῶς,

2356 5181 2780 5255 προσφέρειτῆν
2844 5181 3058 5250 ἡμέραν
3131 5183 3246 5243 τοῖς
3311 5181 3560 5232 θέλουσιν
3630 5182 3760 5234 ίδεῖν
3824 5182 3903 5234 τὸν

2345 5274 2474 5328 Θεόν
2504 5290 2518 5304 ο
2544 5275 2710 5342 ῆγουν
2753 5272 2856 5334 ὅτι,
2880 5269 3068 5339 ὥσπερ
3099 5270 3161 5322 τδ
3210 5271 3324 5336 φῶς
3356 5270 3573 5339 λάμπον
3611 5271 3709 5339 τὴν
3775 5271 3903 5340 ἡμέ-

674 5391 773 5443 ραν
805 5376 968 5436 ποιεῖ,
1009 5375 1098 5426 καὶ
1128 5373 1310 5424 δίδωσι
1344 5373 1401 5423 τὸ
1421 5372 1555 5441 ὀρᾷν
1632 5371 1700 5421 τά
1751 5368 2008 5438 αἰσθητὰ,
2054 5366 2226 5429 οὕτως
2267 5363 2570 5436 nanum;
2597 5360 2692 5412 καὶ
2755 5361 2788 5428 ἡ
2857 5357 3322 5428 ταπεινοφροσύνῃ
3382 5357 3594 5411 δίδωσιν
3651 5358 3903 5429 suam.“

672 5477 749 5536 τῷ
781 5466 856 5536 νῷ
894 5468 974 5527 είς
999 5467 1060 5518 τὸ
1098 5467 1230 5534 όρᾷν
1269 5465 1358 5515 τὸν
1401 5463 1552 5527 Θεὸν,
1595 5461 1878 5514 τουτέστιν
1916 5461 1988 5522 ὡς
2015 5460 2236 5528 ἐφικτὸν
2279 5456 2614 5523 κατανοῆσαι
2644 5455 2826 5508 αὐτόν.

673 5559 900 5615 ARIST.
939 5579 956 5611 ι
996 5562 1118 5624 Eos,
1149 5565 1292 5630 quia
1320 5562 1472 5614 nobis
1496 5559 2060 5620 exeommuuicantur,
2095 5567 2245 5624 post-

756 5672 772 5704 ι
813 5654 914 5707 liae
962 5654 1013 5705 in
1066 5653 1493 5709 communionem
1546 5653 1829 5703 admittere
1885 5664 1950 5702 ne
2005 5649 2178 5703 velitis
2229 5665 2242 5700 :

757 5760 775 5795 ι
815 5741 955 5812 quoi
980 5750 1029 5797 ct
1070 5742 1120 5796 in
1157 5740 1360 5811 synodo
1403 5739 1617 5794 Nicacna
1658 5741 1925 5793 decretum
1962 5745 2064 5792 cst.
2103 5737 2240 5792 Ecce

2353 5552 2574 5606 ΔΡΙΣΤ.
2612 5570 2630 5601 ι
2669 5551 2805 5611 Τοὺς
2833 5547 3141 5618 παρ’ήμῶν
3165 5544 3637 5614 ἀποκοινωνήτους
3677 5544 3760 5607 είς
3806 5561 3903 5598 κοι.

2428 5663 2445 5695 ι
2488 5643 2683 5695 νωνίαν
2703 5643 2763 5694 τὸ
2798 5639 2980 5694 λοιπὸν
3015 5639 3090 5709 μὴ
3123 5637 3390 5707 θελήσητε
3465 5635 3870 5706 παραδέξασθαι
3897 5651 3908 5666 ν

2422 5753 2438 5784 ι
2485 5734 2618 5803 ὅπερ
2640 5735 2732 5786 καὶ
2758 5736 2822 5803 τῇ
2854 5735 2909 5784 ἐν
2936 5731 3140 5800 Νικαία
3173 5727 3635 5798 συνόδωῶρισται.
3655 5727 3789 5783 Ἰδοὺ
3814 5727 3905 5795 γὰρ
