4136 6466
266 401 372 477 Usi

1245 405 1325 467 ΙΝ
1352 406 1516 468 CAN.
1555 402 1804 468 CXXXV
1844 406 2054 469 CONC.
2095 410 2468 474 CARTHAG.

3389 412 3492 477 450

333 541 352 574 ε
393 523 490 572 καὶ
509 515 810 587 ’Δπιάριος,
835 513 1040 585 δεχθεὶς
1058 516 1211 583 παρά
1232 532 1348 579 σου,
1364 517 1434 584 τῇ
1459 515 1662 585 συνόδῳ
1683 515 1839 569 άντέο

2019 535 2038 568 ε
2075 519 2215 571 enim
2242 529 2296 572 et
2323 519 2630 588 Appiarius,
2663 531 2693 572 a
2725 527 2774 573 te
2804 519 3089 585 admissus,
3122 523 3322 591 synodo
3348 523 3499 575 resti-

341 627 360 661 ε
412 625 534 678 στη,
552 608 644 660 καὶ
666 605 824 676 ὕϐριν
854 606 1150 675 ὐπήνεγκε,
1172 606 1268 658 καὶ
1291 606 1448 667 τέλος
1463 607 1833 676 μετεστράφη,

348 718 368 750 ε
413 699 510 752 καὶ
538 697 726 750 ἑαυτὸν
751 696 1305 766 ἧλεγξε,καταλήξας
1329 698 1408 759 εἰς
1440 695 1829 766 στεναγμούς.»

341 790 637 858 Δεξάμενοι
675 791 724 842 οί
759 789 1002 857 Πατέρες
1029 782 1178 841 οὗτοι
1209 789 1275 840 τὰ
1301 787 1394 841 ῐσα
1438 790 1537 856 τῆς
1612 789 1672 840 ἐν
1736 787 1835 839 Νι-

270 883 414 951 καία
449 882 665 934 συνόδου
697 880 1045 948 ἀναμφίϐολά
1074 896 1132 931 τε
1166 881 1261 932 καὶ
1309 878 1674 948 ἀληθέστατα,
1742 877 1837 930 καὶ

272 974 352 1041 μὴ
382 972 639 1038 εὑρόντες
694 971 754 1022 ἐν
816 972 930 1032 τοῖς
980 971 1202 1022 κανόσιν
1260 969 1430 1037 αὐτῆς
1503 969 1718 1039 ὁρισθὲν
1779 969 1838 1022 τὸ

272 1063 427 1130 παρὰ
456 1064 656 1115 πάππα
695 1059 786 1113 τοῦ
823 1060 1137 1123 στέλλεσθαι
1189 1060 1470 1129 ὑπηρέτας
1527 1058 1714 1124 αὑτοῦ,
1743 1061 1838 1112 καὶ

267 1153 372 1217 τὰς
407 1154 704 1216 ἐκκλήτους
726 1153 836 1204 τῶν
866 1152 1183 1204 ἐπισκόπων
1214 1152 1246 1220 ἢ
1302 1151 1578 1222 κληρικῶν
1623 1152 1834 1219 γυμνά-

269 1245 466 1309 ζεσθαι
496 1246 625 1314 παρ’
651 1245 836 1307 αὐτοῖς
860 1259 877 1276 ⁸
917 1243 1164 1313 ἔγραψαν
1208 1244 1344 1312 πρὸς
1379 1243 1470 1295 τὸν
1521 1242 1838 1296 Κελεστῖνον

268 1335 366 1387 τὸν
396 1336 627 1387 πάππαν
672 1333 915 1403 Ῥώμης,
948 1334 1147 1399 μηκέτι
1177 1335 1302 1393 τοὺς
1335 1334 1466 1402 παρ’
1491 1333 1674 1386 αὐτῶν
1703 1336 1838 1402 ἀφο·

270 1419 598 1488 ριζομένους
633 1420 873 1489 εὐχερῶς
933 1419 1020 1490 δὴ,
1074 1421 1169 1473 καὶ
1225 1419 1411 1482 καθὼς
1453 1421 1511 1472 οὑ
1572 1421 1700 1490 χρὴ,
1759 1425 1837 1484 είς

271 1511 559 1564 κοινωνίαν
604 1512 998 1580 ἀποκαθιστᾲν,
1055 1513 1088 1581 ἢ
1126 1511 1220 1573 τάς
1261 1510 1558 1580 ἐκκλήτους
1588 1512 1836 1578 δέχεσθαι

269 1604 382 1656 τῶν
411 1603 788 1671 ἐπισκόπωνῆ
838 1602 1137 1671 κληρικῶν,
1202 1601 1317 1653 τῶν
1376 1603 1455 1662 εἰς
1525 1600 1839 1669 καθαίρεσιν

273 1694 408 1761 παρ’
459 1693 636 1745 αὐτῶν
671 1693 1178 1745 καταδικασθέντων
1211 1707 1226 1722 ο
1291 1691 1388 1743 καὶ
1439 1690 1840 1760 πρεσϐυτέρους

1511 1780 1837 1850 δοκιμασίαν
1862 1844 1903 1850 _
1943 1781 2318 1847 unusquisque
2365 1780 2433 1833 ad
2474 1780 2708 1849 propria:
2734 1781 3025 1849 provincia:
3063 1782 3294 1850 synodos
3323 1782 3504 1849 appel-

275 1782 444 1844 ίδίους
477 1783 740 1849 στέλλειν,
769 1784 861 1836 καὶ
889 1782 988 1854 τὴν
1036 1784 1137 1852 τῆς
1171 1782 1438 1851 ἐκκλήτου

2011 625 2030 658 ε
2069 611 2152 672 tit,
2179 620 2233 664 et
2260 610 2507 678 iniuriam
2533 610 2732 672 attulit.
2760 619 2814 664 et
2837 612 3049 665 tandem
3075 626 3370 667 conversus
3393 621 3496 678 est,

2014 717 2032 749 ‹
2071 709 2125 751 et
2153 700 2385 767 seipsum
2409 701 2775 769 reprehendit,
2804 703 3050 766 suspiriis
3077 701 3350 757 desinens.
3389 719 3423 754 ι·

2009 788 2196 843 Patres
2237 791 2292 844 lii
2321 791 2617 844 indubitata
2649 800 2703 843 et
2732 788 3014 845 verissima
3051 794 3237 861 synodi
3266 791 3498 848 Nicaeum

1937 881 2265 948 exemplaria
2307 881 2648 949 recipientes,
2690 881 2745 934 in
2779 883 3077 935 canonibus
3112 882 3252 935 illius
3283 898 3389 936 non
3422 885 3501 936 in-

1939 973 2214 1025 venientes
2265 972 2556 1035 decretum,
2605 984 2659 1026 tit
2703 987 2731 1025 a
2791 987 2923 1041 papa
2981 976 3326 1026 mitterentur
3374 976 3491 1040 ejus

1941 1060 2195 1124 niiniStri,
2223 1069 2275 1113 et
2296 1061 2674 1130 episcoporum
2695 1071 2748 1114 et
2771 1061 3088 1114 clericorum
3117 1062 3500 1128 appellationes

1939 1149 2077 1216 apud
2111 1163 2202 1203 eos
2225 1161 2628 1215 exercerentur,
2669 1151 2734 1205 ad
2757 1151 3080 1206 Celestinum
3107 1151 3287 1205 Romte
3311 1166 3498 1220 papam

1938 1241 2292 1309 scripserunt,
2323 1253 2379 1293 ut
2407 1250 2589 1309 postea
2633 1243 2698 1296 ab
2736 1242 2869 1308 ipsis
2896 1253 3205 1311 segregatos
3248 1242 3426 1305 facile,
3451 1253 3503 1294 et

1941 1342 1998 1384 ut
2023 1349 2126 1384 non
2157 1334 2328 1394 decet,
2360 1333 2411 1384 in
2437 1333 2868 1386 communionem
2899 1349 3002 1386 non
3044 1336 3373 1395 restitueret,
3406 1347 3503 1384 nec

1940 1420 2313 1488 episcoporum
2344 1430 2436 1472 aut
2477 1419 2798 1474 clericorum
2837 1422 2904 1474 ab
2938 1423 3068 1489 ipsis
3107 1424 3170 1474 ad
3210 1422 3503 1488 depositio-

1940 1523 2065 1561 nem
2101 1508 2578 1562 condcmnatorutu
2621 1509 3035 1577 appellationem
3085 1512 3370 1579 reciperet,
3407 1526 3504 1564 nec

1941 1599 2286 1666 presbyteros
2311 1612 2439 1652 suos
2484 1599 2750 1662 mitteret;
2786 1610 2839 1653 et
2869 1603 2932 1654 iis
2975 1602 3350 1670 appellationis
3379 1617 3504 1655 exa-

1940 1689 2290 1742 tninationem
2343 1688 2727 1754 committeret,
2776 1691 2867 1743 sed
2921 1701 2976 1744 ut
3017 1692 3498 1745 condetnnatorum

273 1873 590 1926 ἀνατιθέναι
641 1874 869 1935 αὐτοῖς’
954 1871 1072 1925 ἀλλ’
1103 1873 1334 1924 ἕκαστον
1383 1871 1490 1923 τῶν
1544 1873 1838 1923 καταδικα-

1939 1867 2094 1932 laret,
2117 1868 2160 1921 si
2191 1867 2368 1932 vellet,
2400 1869 2482 1921 vel
2509 1869 2672 1922 etiam
2697 1868 2762 1921 ad
2790 1869 3044 1937 synodum
3078 1869 3499 1933 mcumenicatn;

272 1965 518 2016 σθέντων
551 1965 688 2033 πρὸς
719 1964 818 2024 τὰς
854 1963 1109 2024 συνόδους
1133 1963 1232 2032 τῆς
1267 1962 1401 2023 ίδίας
1431 1960 1706 2030 ἐπαρχίας
1741 1963 1833 2013 ἐκ-

270 2054 577 2118 καλεῖσθαι,
609 2058 658 2106 εί
691 2053 964 2123 βούλεται,
1003 2053 1143 2120 ἢέτι
1178 2052 1286 2122 μὴν
1341 2052 1476 2119 πρὸς
1534 2053 1839 2120 οίκουμενι-

270 2143 378 2212 κὴν
405 2142 620 2194 σύνοδον
647 2157 661 2172 '
695 2145 780 2195 ῐνα
811 2146 885 2212 μὴ
911 2142 1176 2209 κοσμικὴν
1211 2142 1379 2209 τῦφον
1436 2144 1502 2210 τῇ
1549 2140 1644 2193 τοῦ
1699 2142 1837 2211 Χριο

268 2233 404 2287 στοῦ
433 2232 728 2302 Ἐκκλησία
754 2233 998 2299 είσάγειν
1014 2231 1160 2301 δόξῃ.
1183 2231 1544 2300 Παρέστησαν
1571 2230 1627 2282 δὲ
1657 2230 1835 2294 τοῦτο,

264 2325 334 2378 τὸ
369 2325 438 2389 ἐξ
459 2323 633 2392 ἐργων
664 2322 843 2375 αὐτῶν
870 2325 964 2376 κα¹ι
990 2321 1147 2392 ὓϐριν
1176 2326 1298 2384 ταῖς
1341 2321 1689 2393 Ἐκκλησίαις
1735 2325 1835 2376 ἐπ-

273 2416 416 2482 άγον
445 2430 459 2446 ο
485 2414 576 2466 τὸν
610 2416 716 2482 γὰρ
746 2414 1114 2484 πρεσϐύτερον
1176 2415 1476 2483 ’Δπιάριον,
1537 2414 1600 2466 ἐκ
1631 2416 1731 2483 τῆς
1780 2416 1837 2466 ἐν

266 2506 448 2576 Σίκκῃ
489 2503 813 2574 Ἐκκλησίας
841 2504 1236 2574 άποκινηθέντα
1269 2504 1335 2558 δι’
1357 2503 1608 2570 εὐλόγους
1637 2506 1834 2569 αἰτίας,

265 2593 393 2651 εἷτα
422 2598 571 2668 αὑτῷ
599 2598 664 2668 δὴ
687 2598 761 2666 τῷ
815 2599 1124 2669 Κελεστίνῳ
1185 2599 1263 2668 τῷ
1325 2599 1544 2668 Ῥώμης
1605 2600 1838 2668 προσελ-

265 2690 457 2754 θόντα,
501 2694 594 2743 καὶ
624 2689 753 2758 παρ’
787 2690 952 2742 αὐτοῦ
982 2689 1262 2759 δεχθέντα,
1296 2691 1390 2742 καὶ
1444 2690 1582 2758 μετά
1611 2691 1840 2743 Φαυστί-

264 2797 366 2834 νου
399 2778 490 2832 τοῦ
523 2781 823 2833 ἐπισκόπου
854 2781 1114 2834 σταλέντα
1145 2782 1282 2851 πρὸς
1304 2780 1402 2848 τὴν
1432 2781 1719 2850 Ἀφρικὴν,
1745 2779 1838 2832 ἐπὶ

261 2869 346 2938 τῷ
371 2869 700 2940 ἀποδοθῆναι
736 2871 896 2922 αὐτὸν
930 2867 1083 2931 αὖθις
1113 2870 1190 2940 τῷ
1217 2867 1616 2940 πρεσϐυτερίῳ,
1649 2870 1840 2934 κατεξ-

264 2959 572 3028 ετασθῆναι
603 2960 660 3011 δέ
707 2959 803 3014 καὶ
835 2961 903 3011 τὰ
925 2959 1054 3028 παρ’
1083 2959 1260 3012 αὐτῶν
1289 2960 1352 3027 δὴ
1389 2959 1496 3010 τῶν
1549 2958 1838 3029 Θαραϐρα-

265 3049 455 3117 κηνῶν
490 3049 609 3101 κατ’
641 3048 807 3102 αὑτοῦ
851 3049 1207 3118 ἐπενεχθέντα
1252 3048 1571 3116 ἐγκλήματα
1595 3063 1610 3077 ·

263 3232 352 3292 είς
404 3235 692 3286 κοινωνίαν
747 3234 1156 3303 παραδεχθῆναι
1212 3232 1543 3299 κατέστησε,
1625 3232 1718 3282 καὶ
1768 3233 1833 3300 τῇ

263 3324 476 3392 συνόδῳ
505 3324 688 3393 ὕϐρεις
715 3327 1010 3393 ἐπάγοντα,
1044 3324 1118 3386 ὼς
1154 3323 1229 3393 μὴ
1263 3323 1552 3391 δεχόμενον
1581 3319 1709 3388 παρ’
1739 3320 1838 3372 αύ-

265 3416 394 3486 τῆς,
430 3417 518 3470 διὰ
541 3421 602 3470 τὸ
624 3419 750 3480 τοὺς
781 3417 1124 3486 κατηγόρους
1156 3415 1300 3468 κατὰ
1350 3413 1644 3483 πρόσωπον
1674 3409 1834 3463 αὑτοῦ

263 3506 548 3572 ιστασθαι,
575 3511 666 3561 καὶ
690 3509 1013 3578 ἀπελέγχειν
1063 3508 1250 3568 αὑτὸν,
1283 3507 1378 3556 καὶ
1437 3505 1572 3572 μετὰ
1634 3503 1833 3563 πολλάς

263 3598 581 3665 ἀντιλογίας
612 3600 704 3648 καὶ
767 3596 1155 3665 ἀναισχύντους
1185 3596 1442 3662 ἀρνήσεις
1504 3607 1833 3660 στενοχωρη-

1687 3051 1840 3100 άναι-

268 3143 634 3209 σχυντότερον
674 3141 863 3194 τοῦτον
897 3141 957 3193 τὸ
1013 3140 1340 3202 σπουδαίως,
1368 3141 1463 3191 καὶ
1491 3139 1565 3200 ῶς
1591 3139 1689 3190 οὐκ
1708 3138 1835 3202 ἔδει,
1866 3179 1911 3239 c

1938 1972 2006 2010 ne
2038 1959 2346 2012 saecularem
2384 1957 2583 2011 fastum
2618 1959 2669 2012 in
2697 1957 2898 2011 Christi
2924 1958 3220 2011 Ecclesiam
3260 1959 3502 2012 introdu-

1941 2059 2064 2101 cere
2112 2047 2405 2102 videretur.
2457 2047 2561 2102 Sed
2609 2048 2737 2102 illud
2769 2051 2930 2102 etiam
2963 2049 3130 2118 678
3183 2050 3232 2102 in
3267 2051 3498 2104 medium

1937 2137 2326 2207 producebant,
2355 2142 2496 2207 quod
2528 2141 2932 2194 eristiusmodi
2969 2143 3227 2210 operibus
3260 2141 3498 2196 Ecclesia

1940 2229 2268 2282 contumelia
2299 2227 2623 2283 afﬁceretur.
2653 2229 2787 2283 Nam
2820 2231 3098 2298 Apiarinui
3127 2231 3499 2299 presbyterum

1941 2316 2110 2370 Sicca:
2159 2317 2409 2372 Ecclesiae
2451 2320 2518 2372 ob
2547 2320 2722 2387 justas
2769 2334 2962 2373 causas
3007 2329 3264 2382 amotum,
3312 2322 3503 2376 deinde

1939 2408 2004 2461 ad
2033 2409 2202 2476 ipsum
2225 2408 2555 2463 Celestinum
2587 2406 2770 2464 Romae
2792 2412 3104 2480 episcOpum
3132 2413 3497 2476 accedentem,

1939 2509 1992 2553 et
2024 2499 2089 2552 ab
2139 2514 2203 2553 eo
2244 2509 2549 2568 acceptum,
2585 2510 2641 2555 et
2675 2515 2793 2553 cum
2832 2500 3092 2555 Faustino
3135 2503 3387 2568 episcopo
3434 2505 3498 2555 ad

1937 2589 2174 2642 Africam
2211 2589 2458 2651 missum,
2490 2599 2546 2642 ut
2575 2591 2912 2659 presbyterio
2943 2590 3056 2656 ipse
3091 2589 3285 2645 iterum
3316 2593 3502 2646 redde-

1942 2690 2112 2744 retur,
2146 2696 2261 2748 quze
2291 2689 2470 2734 autem
2505 2683 2571 2734 ab
2601 2681 2730 2751 ipsis
2762 2676 3189 2736 Tliai'abrarenis
3219 2684 3265 2735 ei
3296 2685 3502 2752 objecta

1940 2767 2156 2823 fuerant
2190 2767 2416 2821 crimina
2468 2768 2934 2829 examinarentur,
2970 2767 3499 2834 impudentissimum

1941 2859 2102 2914 istum
2134 2873 2383 2928 propere,
2411 2867 2466 2911 et
2508 2868 2564 2910 ut
2600 2873 2708 2912 non
2740 2857 3046 2926 oportebat,
3073 2858 3138 2911 ad
3170 2859 3503 2911 communio.

1939 2963 2064 3003 nem
2112 2949 2275 3015 recipi
2329 2948 2630 3011 constituit,
2682 2949 2843 3000 etiam
2897 2947 3101 3018 synodo
3148 2949 3504 3003 contumelias

1939 3040 2288 3107 alﬂigentem,
2319 3049 2375 3091 ut
2405 3040 2472 3092 ab
2502 3055 2562 3093 ea
2602 3053 2706 3092 non
2741 3051 3042 3107 acceptum,
3072 3053 3136 3092 eo
3166 3039 3304 3106 quod
3341 3053 3503 3093 accu-

1941 3141 2149 3184 satores
2189 3129 2304 3198 ejus
2334 3143 2513 3182 coram
2549 3128 2786 3191 stabant,
2821 3140 2876 3183 et
2917 3143 3037 3182 eum
3071 3129 3492 3191 convincebant,

1942 3223 2030 3289 qui
2064 3230 2179 3289 posl
2221 3221 2417 3274 multas
2453 3220 2911 3274 contradictiones
2945 3230 2998 3274 et
3035 3222 3373 3288 impudentes
3408 3221 3505 3273 de-

1943 3313 2273 3379 negationes,
2299 3312 2629 3378 argumentis
2654 3311 2858 3379 pariter
2888 3320 2940 3364 ct
2971 3311 3184 3378 pr0pria
3214 3309 3502 3363 conscien-

1941 3400 2012 3452 tia
2062 3399 2115 3451 in
2173 3401 2442 3467 angustias
2500 3401 2842 3468 compulsus.
2910 3401 3134 3452 crimina
3191 3401 3240 3453 ei
3295 3399 3500 3466 objecta

1940 3488 2152 3557 publice
2197 3487 2492 3553 confessus,
2521 3497 2575 3542 et
2624 3490 2676 3543 in
2719 3489 2946 3558 suspiria
2998 3505 3288 3545 conversus
3331 3501 3414 3544 est
3444 3505 3495 3548 ct

1940 3577 2226 3645 lacryutas.

263 3696 436 3749 θέντα
483 3692 588 3745 ὑπό
620 3709 676 3744 τε
733 3693 841 3744 τῶν
901 3693 1142 3760 ἐλέγχων
1189 3691 1282 3744 καὶ
1344 3689 1442 3758 τῆς
1497 3687 1636 3750 ίδίας
1706 3689 2084 3760 συνειδήσεως,
2121 3694 2356 3764 δημοσία
2426 3696 2836 3768 ὁμολογήσαντα
2890 3699 2960 3752 τὰ
3023 3699 3143 3752 κατ’
3170 3701 3331 3756 αὑτοῦ
3367 3721 3500 3774 προ-

271 3787 504 3842 τεθέντα
534 3785 876 3854 ἐγκλήματα,
937 3784 1034 3837 καὶ
1095 3785 1176 3848 εἰς
1237 3783 1590 3844 στεναγμοὺς
1639 3783 2087 3852 μεταστραφέντα
2113 3785 2208 3852 καὶ
2237 3785 2468 3855 δάκρυα.

278 4019 386 4073 Ἐκ
425 4013 545 4067 τῶν
564 4010 948 4081 πραχθέντων
975 4007 1416 4078 ὑπομνημάτων
1441 4006 1511 4059 ἐν
1527 4009 1840 4062 Κωνσταν-

340 4101 1144 4170 τινουπολειπερίᾌγαπίου
1195 4097 1293 4150 καὶ
1338 4096 1650 4163 Βαγαδὼυ,
1707 4099 1839 4152 ἐκα-

339 4197 516 4266 τέρου
565 4194 966 4265 ἀντεχομένου
1000 4193 1108 4259 τῆς
1148 4187 1486 4253 ἐπισκοπῆς
1543 4191 1839 4258 Βόστρων.

272 4358 292 4392 ε
343 4336 470 4390 Ἐπὶ
494 4333 757 4394 ὑπατείας
782 4331 890 4384 τῶν
919 4329 1325 4383 εὐσεϐεστάτων
1344 4334 1442 4380 καὶ
1485 4326 1835 4394 θεοφιλεστά-

351 4448 372 4480 ε
421 4444 528 4480 των
568 4423 830 4494 βασιλέων
853 4421 1009 4491 ημῶν
1033 4419 1264 4471 Φλαϐίου
1304 4417 1616 4487 Ἀρκαδίου,
1635 4417 1841 4484 Αὐγού-

350 4535 371 4569 ε
421 4533 548 4569 στου
571 4514 648 4583 τῷ
666 4512 852 4581 τρίτῳ,
879 4508 1228 4578 καὶὪνορίου
1246 4507 1322 4578 τῷ
1342 4507 1599 4577 δευτέρῳ,
1631 4506 1709 4575 τῷ
1731 4507 1834 4576 πρὸ

346 4624 366 4656 ε
414 4605 582 4676 τριῶν
604 4601 880 4654 καλανδῶν
925 4599 1293 4667 Ὀκτωϐρίων,
1331 4598 1390 4648 ἐν
1433 4597 1514 4665 τῷ
1563 4612 1834 4664 φωτιστη-

348 4717 368 4748 ε
416 4697 519 4766 ρίῳ
545 4695 643 4764 τῆς
669 4694 726 4744 ἐν
745 4691 1313 4745 Κωνσταντινουπόλει
1338 4689 1644 4756 ἁγιωτάτης
1713 4685 1835 4738 Ἐκο

349 4807 368 4838 ε
417 4785 662 4853 κλησίας,
695 4781 1069 4836 καθεσθέντων
1098 4779 1204 4831 τῶν
1234 4780 1554 4843 ἁγιωτάτων
1615 4777 1836 4828 ἐπισκό-

348 4896 369 4930 ε
417 4894 534 4928 πων
568 4874 872 4944 Νεκταρίου
906 4868 1546 4930 Κωνσταντινουπόλεως,
1577 4866 1833 4932 Θεοφίλου

353 4984 374 5018 ε
437 4963 870 5033 Ἀλεξανδρείας,
905 4958 1583 5025 ΦλαϐιανοῦἊντιοχείας,
1639 4956 1838 5009 Παλλαο

354 5076 372 5110 ε
420 5055 534 5108 δίου
567 5053 907 5121 Καισαρείας
933 5051 1352 5114 Καππαδοκίας,
1417 5048 1676 5100 Γελασίου
1699 5048 1836 5098 Και-

355 5169 373 5202 ε
426 5148 650 5216 σαρείας
675 5143 1058 5210 Παλαιστίνης,
1088 5141 1389 5210 Γρηγορίου
1436 5137 1676 5205 Νύσσης,
1708 5135 1835 5204 Ἀμο

350 5260 369 5292 ε
417 5237 658 5307 φιλοχίου
693 5234 943 5295 Ἰκονίου,
983 5232 1196 5285 Παύλου
1239 5227 1606 5299 Ἡρακλείας,
1677 5227 1834 5295 Ἀρα-

353 5347 372 5379 ε
420 5324 608 5378 ϐιανοῦ
655 5323 948 5391 Ἀγκύρας,
979 5323 1271 5388 ’Ἄμμωνος
1330 5316 1833 5384 Ἀδριανουπόλεως,

351 5439 369 5471 ε
425 5415 688 5485 Φαλερίου
712 5412 950 5482 Ταρσοῦ,
975 5412 1205 5466 Λουκίου
1240 5407 1614 5478 Ἱεραπόλεως,
1660 5405 1838 5456 Ἐλπι-

350 5529 369 5563 ι
419 5511 534 5562 δίου
561 5509 904 5569 Λαοδικείας,
940 5503 1151 5556 Παύλου
1197 5498 1584 5568 ’Δλεξανδρῶν,
1619 5497 1837 5549 Διοσκό-

349 5619 370 5651 ε
421 5614 516 5668 ρου
598 5595 1037 5664 Ἐρμουπόλεως,
1137 5589 1438 5658 Προϐατίου
1517 5585 1832 5653 Βερονίκης,

353 5709 371 5742 ε
422 5687 701 5756 Θεοδώρου
795 5683 1190 5752 Μοψουεστίας,
1275 5679 1431 5740 Βίζου
1491 5675 1833 5740 Σελευκείας,

349 5799 369 5834 ι
427 5777 733 5838 Ἐπαγάθου
765 5771 1314 5840 Μαρκιανουπόλεως,
1340 5767 1622 5838 Γεροντίου
1654 5767 1834 5819 Κλαυ-

1947 4011 2030 4065 Ea:
2069 4015 2413 4069 monumentis
2445 4023 2682 4068 actorum
2716 4013 3171 4082 Constantinopoli
3207 4015 3271 4068 de
3295 4015 3496 4087 Agapio

2021 4111 2072 4156 et
2137 4103 2413 4173 Bagadia,
2486 4116 2700 4174 utroque
2771 4106 3065 4159 uindicante
3145 4105 3497 4174 episcopatum

2009 4194 2234 4250 Bostrar.

1943 4353 1959 4385 ε
2003 4336 2058 4389 ln
2088 4336 2374 4389 consulatu
2413 4335 2939 4405 religiosissimorum
2970 4344 3024 4389 et
3060 4333 3152 4390 Dei
3179 4335 3490 4388 amantissi-

2017 4443 2037 4477 t
2075 4441 2283 4479 morum
2337 4409 2721 4493 imperatorum
2781 4433 3087 4479 nostrorum
3141 4424 3220 4478 Fl.
3276 4424 3496 4478 Arcadii

2013 4532 2030 4566 ι
2068 4513 2298 4583 Augusti
2338 4514 2579 4575 tertium,
2612 4524 2665 4566 et
2709 4513 2926 4568 Honorii
2971 4515 3286 4577 secundum,
3335 4515 3398 4566 A.
3433 4513 3494 4566 D.

2019 4621 2036 4654 ι
2077 4605 2236 4659 tertio
2270 4603 2520 4657 calendas
2555 4602 2800 4658 Octobris
2837 4605 2887 4656 in
2921 4604 3241 4673 Baptisterio
3268 4607 3495 4659 sanctis-

2019 4709 2038 4742 ι
2077 4691 2226 4746 simae
2268 4690 2879 4759 Conmantinopolitanze
2924 4693 3195 4755 Ecclesiae,
3253 4695 3495 4746 sedenti-

2023 4799 2042 4831 ε
2081 4781 2181 4835 bus
2213 4783 2572 4836 sanctissimis
2602 4783 2892 4849 episcopis,
2930 4783 3183 4836 Nectario
3220 4783 3494 4836 Constan-

2016 4890 2034 4922 ι
2077 4871 2444 4940 tinopolitano,
2480 4871 2780 4938 Tlieopliilo
2817 4873 3198 4935 Alexandrino,
3235 4870 3496 4926 Flaviano

2013 4974 2033 5009 ‹
2070 4960 2446 5024 Antiocheno,
2502 4958 2740 5012 Palladio
2806 4959 3059 5012 (ἐδεδίει-ειη
3113 4958 3494 5028 Cappadocae,

2017 5068 2035 5100 ε
2071 5049 2284 5104 Gelasio
2315 5051 2576 5104 Caesarea:
2620 5047 2936 5110 Palznstinzc,
2986 5048 3246 5116 Gregorio
3293 5049 3497 5118 Nyssae,

2015 5159 2034 5191 ι
2074 5140 2448 5208 AtnpltiIOchio
2478 5138 2663 5200 Iconii.
2701 5141 2862 5196 Paulo
2897 5140 3189 5203 llet'aclcw,
3226 5141 3497 5193 Arabiano

2013 5248 2030 5280 ι
2070 5233 2319 5298 Ancyrae,
2343 5232 2606 5283 Ammone
2629 5229 3021 5297 Adrianopolis,
3048 5229 3295 5283 Plialetio
3319 5230 3493 5292 Tarsi,

2027 5339 2044 5370 ι
2085 5318 2251 5372 Lucio
2327 5319 2646 5386 Hierapolis,
2707 5319 2916 5386 Etpidin
2971 5319 3282 5378 Laodiczeze.
3339 5321 3500 5374 Paulo

2017 5427 2036 5459 ι
2076 5409 2525 5472 Alexandrorum,
2566 5408 2818 5460 Dioscoro
2848 5407 3208 5475 Hertnopolis,
3249 5408 3500 5462 Probatio

2016 5517 2034 5551 ι
2069 5498 2374 5563 Beronices,
2419 5497 2705 5552 Theodoro
2737 5496 3092 5560 Monsuestim,
3139 5495 3266 5550 Bizo
3315 5495 3498 5550 Seleu-

2009 5607 2026 5639 ε
2066 5590 2182 5650 ciae,
2212 5588 2491 5658 Epagatho
2535 5586 2966 5654 Marcianopolis,
3015 5585 3276 5640 Gerontio
3325 5584 3493 5638 Clau-

2011 5679 2386 5747 t‘dianopolis,
2433 5689 2486 5732 et
2523 5677 2649 5732 aliis
2683 5677 2908 5731 diversis
2955 5677 3242 5746 episcopis,
3289 5688 3342 5729 et
3380 5679 3498 5728 titti-

2014 5788 2032 5821 ε
2070 5784 2226 5827 verso
2271 5772 2462 5827 ordine
2503 5770 2862 5836 sacerdotali;
2897 5769 3178 5826 Nectarius
3212 5769 3496 5835 episcOpus
