4136 6454
690 367 784 429 451

1936 367 2216 428 THEOD.
2252 366 2652 429 BALSAMON
3802 375 3903 437 ιδε

766 499 784 531 ε
819 478 1442 548 Constantinopolitnnus
1471 479 1642 534 dixit:
1679 477 1874 533 Sancta
1908 480 2008 534 hac
2035 479 2246 550 synodo
2277 491 2320 545 Α

2277 491 2320 545 Α
2427 499 2444 531 ε
2490 480 2910 548 διανουπόλεως,
2945 483 3038 537 καὶ
3092 485 3295 555 ἐτέρων
3361 486 3634 558 διαφόρων
3687 489 3904 542 ἐπισκόσ

763 589 781 620 ε
825 571 913 624 Dei
936 573 1108 634 gratia
1132 585 1314 625 rursus
1335 570 1385 623 in
1414 571 1513 625 hoc
1539 581 1726 624 sancto
1754 572 1872 624 Inco
1899 582 2242 640 congregata,

760 678 778 710 ε
819 660 863 714 si
890 661 1074 714 eadem
1105 673 1417 715 sanetorum
1455 661 1676 714 fratrum
1711 671 1765 714 et
1802 661 1856 713 in
1895 661 2067 714 sacris
2098 676 2245 713 com-

761 767 779 800 ε
819 754 1187 805 ministrorum
1232 755 1470 822 synodus
1505 753 1576 804 ita
1614 761 1821 813 censet,
1873 753 1994 818 quia
2031 753 2246 805 adstare

755 859 774 891 ι
820 840 973 895 video
1004 856 1118 902 eos.
1149 841 1238 911 qui
1259 844 1591 895 contendunt
1615 844 1682 896 de
1719 842 2098 896 Bostrenorum
2127 842 2246 910 epi-

764 947 780 978 ε
823 940 1067 998 scopatu,
1098 932 1299 984 fratres
1325 941 1541 985 nostros
1566 930 1857 999 Bagadium
1884 941 1935 984 et
1961 933 2244 1000 Agapium,

756 1036 775 1068 ε
816 1020 867 1072 hi
901 1033 994 1072 sua
1022 1020 1161 1073 inter
1181 1035 1240 1074 se
1264 1020 1623 1087 invicemjura
1649 1022 1902 1090 incipiant
1927 1036 2246 1090 proponere.

763 1126 780 1158 ε
818 1109 882 1161 Et
923 1120 1205 1179 postquam
1240 1111 1419 1178 aliqua
1455 1113 1523 1164 ab
1552 1114 1630 1164 eis
1661 1127 1756 1180 pro
1783 1114 1881 1165 hac
1924 1126 2083 1165 causa
2126 1119 2246 1164 acta

763 1216 780 1248 ε
823 1210 1024 1266 essent,
1070 1207 1125 1254 et
1149 1201 1274 1253 dicti
1321 1200 1539 1270 Bagadii
1571 1201 1958 1268 depositionem
1985 1215 2014 1253 a
2038 1202 2248 1254 duobus

761 1309 779 1341 ε
823 1292 953 1344 solis
989 1291 1254 1358 episcopis
1285 1290 1395 1358 jam
1428 1300 1666 1359 tempore
1698 1291 1853 1358 hujus
1884 1291 2070 1359 synodi
2108 1305 2247 1342 mor-

760 1399 778 1439 ι
823 1382 931 1434 tuis
962 1380 1157 1433 factam
1186 1391 1458 1433 ostensum
1483 1391 1630 1434 esset
1656 1397 1670 1444 ;
1698 1382 2001 1434 Arahianus
2021 1383 2248 1450 Ancyra:

765 1490 782 1522 ε
820 1473 1104 1538 episcopus
1134 1472 1272 1524 dixit
1307 1489 1319 1523 :
1357 1471 1472 1525 Non
1506 1472 1725 1540 propter
1762 1472 1902 1526 hanc
1942 1472 2116 1534 litem,
2151 1472 2247 1524 sed

761 1581 778 1614 ε
813 1563 878 1616 de
903 1574 1006 1615 tota
1028 1563 1279 1631 deinceps
1303 1565 1410 1616 vita
1436 1564 1484 1616 id
1505 1573 1770 1626 metuens,
1791 1579 1982 1631 precor
2004 1573 2246 1618 sanctam

762 1669 780 1702 ε
817 1651 1077 1722 synodum
1112 1661 1349 1705 statuere
1382 1668 1395 1704 :
1440 1652 1656 1706 Licetne
1687 1669 1716 1705 a
1747 1654 1952 1708 duobus
1983 1655 2247 1722 episcopis

763 1759 780 1793 ι
819 1741 932 1794 ﬁeri
977 1743 1388 1809 depositionem,
1420 1759 1488 1796 an
1536 1759 1641 1798 non
1666 1745 1689 1797 ?
1719 1756 1772 1798 et
1798 1747 2022 1800 absente
2053 1756 2248 1800 metro-

763 1849 780 1881 ε
823 1833 1055 1899 politano
1085 1833 1228 1898 licet,
1261 1850 1327 1886 an
1357 1833 1503 1887 non?
1538 1835 1795 1890 Praesenti
1829 1838 2042 1905 quidem
2071 1852 2246 1891 causa:
2279 1811 2320 1866 Β

760 1944 778 1975 ε
818 1926 950 1979 nihil
994 1935 1078 1980 est
1111 1927 1422 1995 praeiudicii.
1458 1927 1661 1983 Vereor
1702 1940 1904 1993 autem,
1948 1944 2015 1983 ne
2059 1944 2124 1982 ex
2163 1930 2246 1983 his

762 2035 780 2069 ι
819 2019 954 2072 actis
1013 2019 1177 2087 aliqui
1225 2028 1492 2088 potestate
1535 2033 1751 2087 accepta
1810 2021 1937 2075 talia
1991 2023 2242 2075 audeant.

761 2127 778 2158 ‹
821 2107 968 2178 Rogo
989 2125 1118 2178 ergo
1151 2125 1244 2163 vos
1279 2112 1624 2178 respondere.
1655 2108 1938 2166 Nectaritrs
1965 2113 2247 2180 episcopus

761 2221 780 2249 ε
816 2200 1446 2268 Constantinopolitanus
1469 2201 1644 2254 dixit:
1675 2201 1904 2256 Pulchre
1934 2205 2101 2255 suasit
2132 2204 2248 2255 reli-

765 2309 781 2339 ε
817 2291 1150 2358 giosissimus
1174 2292 1453 2360 episcOpus
1473 2292 1775 2346 Arabianus
1808 2311 1821 2346 :
1847 2293 2094 2362 equidem
2124 2309 2244 2347 cum

761 2400 779 2429 ε
818 2396 915 2449 par
943 2396 1104 2436 causa
1128 2383 1375 2436 accidere
1409 2383 1598 2450 possit.
1633 2387 1961 2448 praeteritum
1985 2399 2090 2437 non
2114 2397 2246 2438 con-

763 2489 782 2521 ε
823 2473 1164 2536 demnantes,
1190 2477 1329 2540 quod
1359 2472 1614 2540 deinceps
1643 2476 1879 2526 futurum
1906 2484 1988 2527 est
2015 2487 2248 2541 przemu-

757 2577 778 2610 ε
821 2563 1048 2616 niamus.
1101 2564 1406 2617 Arabianus
1453 2565 1682 2632 Ancyrae
1726 2565 2008 2629 episcopus
2053 2565 2189 2615 dixit
2233 2583 2243 2617 :

759 2669 776 2696 ι
815 2649 870 2702 id
910 2653 1049 2719 quod
1084 2662 1165 2703 est
1195 2653 1548 2719 praeteritum,
1585 2653 1860 2705 beatorum
1895 2651 2134 2715 Patrum,
2157 2651 2245 2719 qui

759 2759 777 2791 ε
817 2739 1008 2794 Nic-na:
1058 2751 1445 2804 convenerunt,
1487 2742 1706 2795 damnat
1761 2743 2018 2812 synodus,
2057 2743 2250 2808 jubens

761 2849 780 2880 ε
819 2846 923 2885 non
966 2847 1088 2886 esse
1135 2833 1415 2900 pauciores
1467 2834 1660 2896 tribus,
1700 2833 1789 2902 qui
1833 2835 2109 2897 ordinent,
2151 2849 2248 2890 nec

761 2937 779 2968 ι
818 2921 1038 2972 absente
1070 2921 1504 2988 metropolitano.
1532 2919 1606 2973 De
1634 2921 1815 2972 futuro
1842 2931 2020 2973 autem
2047 2925 2249 2974 veritus

763 3025 780 3058 ι
822 3008 936 3062 hac
966 3008 1310 3076 interrogavi.
1339 3006 1506 3060 Velim
1531 3022 1659 3076 ergo
1685 3023 1778 3062 vos
1805 3019 1992 3077 aperte
2014 3010 2247 3074 edicere,

762 3117 779 3148 ‹
815 3110 869 3152 et
898 3113 996 3152 nec
1029 3113 1308 3167 suspense,
1343 3098 1510 3168 679
1545 3113 1642 3153 nec
1671 3099 1852 3161 dubie,
1889 3107 1946 3152 ut
1980 3115 2009 3153 a
2040 3100 2246 3153 duobus
2275 3133 2316 3188 ο

757 3211 775 3239 ε
819 3190 1147 3252 hominibus,
1184 3204 1282 3243 nec
1310 3190 1549 3243 ordinari
1583 3203 1680 3243 nec
1706 3190 1898 3257 deponi
1930 3190 2242 3260 episcopum

758 3297 776 3330 ε
815 3281 995 3342 liceat,
1035 3280 1188 3347 juxta
1233 3279 1500 3333 Nicmnam
1546 3281 1837 3350 synodum.
1881 3280 1945 3332 Et
1973 3291 2094 3349 post
2141 3283 2240 3335 alia

757 3388 774 3418 ε
815 3369 1147 3438 Theophilus
1185 3370 1467 3436 episcopus
1508 3369 1843 3423 Alexandria:
1897 3369 2072 3434 dixit;
2140 3370 2244 3424 Ad-

763 3477 781 3508 ε
824 3475 1010 3513 versus
1037 3474 1148 3522 eos,
1179 3459 1272 3526 qui
1299 3467 1671 3520 excesserunt,
1707 3459 1820 3512 ﬁeri
1857 3475 1960 3514 non
1991 3472 2163 3529 potest
2191 3473 2247 3514 ut

759 3564 777 3596 ε
819 3548 1199 3616 indignationis
1235 3547 1498 3601 sententia
1540 3545 1787 3614 feratur;
1821 3552 2076 3616 quoniam
2109 3566 2243 3618 pra:-

762 3655 779 3686 ε
821 3648 1003 3691 sentes
1028 3653 1131 3690 non
1161 3637 1310 3692 fuere
1335 3638 1700 3692 condemnati.
1731 3638 1836 3692 Sed
1863 3640 1908 3692 si
1933 3642 2051 3708 quis
2072 3643 2138 3694 de
2157 3643 2242 3705 iis,

760 3745 778 3777 ε
817 3728 906 3797 qui
954 3729 1006 3781 in
1060 3728 1301 3782 futurum
1349 3729 1542 3781 debent
1585 3731 1872 3796 deponere,
1913 3731 2241 3795 consideret,

761 3836 780 3866 ε
819 3817 946 3868 mihi
984 3817 1193 3869 videtur
1220 3831 1324 3868 non
1355 3818 1532 3869 solum
1569 3829 1678 3871 tres
1710 3817 1907 3871 debere
1951 3822 2238 3885 accedere;

757 3924 774 3956 ε
818 3909 931 3969 sed,
989 3911 1034 3959 sl
1087 3906 1198 3958 tieri
1252 3907 1439 3971 possit,
1492 3920 1678 3961 omnes
1739 3909 2131 3976 provinciales,
2187 3923 2244 3963 nt

755 4014 777 4045 ε
820 3995 1110 4049 multorum
1170 3997 1435 4050 sententia
1505 3998 1809 4051 accuratior
1863 4003 2241 4054 condemnatio

759 4105 782 4135 ε
828 4087 1080 4140 reddatur
1111 4086 1249 4153 ejus,
1273 4087 1364 4153 qui
1390 4087 1584 4154 dignus
1610 4097 1694 4141 est
1723 4090 1938 4156 deponi,
1965 4093 2242 4156 prmsentis

756 4195 780 4228 ε
818 4189 870 4230 et
894 4175 1138 4244 judicati.
1171 4174 1457 4230 Nectarius
1482 4178 1763 4246 epismpus
1795 4179 2246 4248 Constantinopo-

753 4287 776 4318 ‹
818 4271 1015 4321 litanus
1058 4265 1194 4319 dixit
1235 4281 1250 4320 :
1302 4265 1434 4320 Cum
1481 4269 1547 4322 de
1593 4269 1846 4335 legitimis
1897 4272 2154 4328 institutis
2189 4285 2240 4326 et

755 4377 776 4408 ε
815 4358 1043 4412 decretis
1094 4359 1293 4425 agitur,
1345 4374 1681 4428 consequens
1736 4372 1820 4415 est
1871 4379 1977 4417 non
2023 4379 2238 4436 propter

756 4466 777 4497 ε
815 4462 1162 4515 personarum
1188 4461 1378 4502 causas
1401 4449 1606 4516 aliquas
1627 4453 1752 4504 talia
1777 4453 2010 4506 decerni.
2036 4456 2235 4520 Quam-
2268 4447 2317 4504 D

755 4555 775 4588 ε
813 4539 1020 4600 ubrem,
1053 4538 1190 4591 sicut
1215 4538 1589 4593 sanctissimus
1623 4541 1908 4609 episcOpus
1940 4545 2238 4600 Arabianus

755 4647 776 4677 ι
820 4627 1067 4680 hortatus
1105 4637 1207 4690 est,
1261 4627 1439 4681 futura
1495 4630 1738 4683 stabilire
1784 4634 2006 4696 volens;
2052 4648 2240 4687 conse-

753 4736 777 4766 ‹
815 4727 1041 4785 quenter
1067 4726 1118 4770 et
1151 4718 1381 4770 humane
1414 4720 1741 4772 sanctissimi
1777 4723 2012 4790 episcOpi
2061 4723 2238 4778 Theo-

755 4824 777 4855 ε
818 4807 944 4872 pltili
969 4807 1228 4858 sententia
1253 4809 1512 4871 decrevit,
1554 4825 1654 4861 non
1683 4811 1842 4865 licere
1863 4813 1913 4865 in
1936 4824 2234 4881 posterum,

756 4915 776 4944 ε
815 4911 912 4948 nec
945 4910 972 4946 a
1008 4895 1176 4950 tribus
1219 4897 1453 4964 quidem,
1499 4899 1694 4951 nedum
1739 4915 1765 4952 a
1814 4903 2038 4966 duobus,
2083 4921 2230 4972 eum,

755 5005 776 5037 ‹
813 4987 901 5054 qui
943 5001 1066 5040 reus
1095 4989 1453 5048 exatninatur.
1493 4989 1682 5056 deponi
1719 5007 1733 5044 :
1771 4993 1861 5044 sed
1894 4995 2113 5062 majoris
2144 5012 2234 5067 sy-

757 5093 773 5124 ε
814 5076 938 5129 nodi
964 5085 1012 5129 et
1040 5077 1325 5143 pl‘OVillCiic
1359 5079 1734 5146 episcoporum
1770 5087 2057 5150 sententia,
2095 5090 2234 5143 sicut

756 5184 776 5216 ε
811 5167 1088 5235 apostolici
1136 5168 1391 5222 deliniere
1424 5186 1676 5225 canones.
1717 5171 1999 5231 Flavianus
2033 5183 2236 5248 episco-

755 5275 773 5308 ι
815 5273 912 5326 pus
940 5257 1234 5311 Antioi-hiaa
1261 5259 1398 5311 dixit
1423 5276 1438 5313 :
1469 5260 1598 5324 Quae
1622 5278 1984 5331 exposuerunt
2013 5276 2235 5326 sanctis-

755 5363 773 5396 ε
811 5349 977 5400 simus
1020 5349 1302 5416 episcopus
1343 5349 1622 5407 Nectarius
1669 5366 1725 5408 et
1775 5360 2150 5417 sanctissimus
2181 5375 2234 5418 et

756 5454 774 5488 t
811 5438 1174 5505 pientissinms
1196 5438 1523 5508 TheOphilus
1545 5445 1848 5515 episcopus,
1875 5463 2054 5516 aperta
2085 5465 2228 5507 sunt.

751 5546 769 5579 ε
809 5529 871 5581 Et
907 5542 1092 5582 Omnes
1123 5532 1466 5586 ecclesiastici
1495 5532 1578 5588 his
1610 5539 2022 5603 acquiescimus.
2067 5563 2083 5594 ι

2425 589 2443 622 ι
2492 587 2630 636 πων,
2696 575 2789 627 καὶ
2839 575 3035 637 παντὸς
3101 576 3194 629 τοῦ
3271 564 3557 647 ἱερατείου,
3611 579 3903 648 Νεκτάρεος

2419 684 2438 714 ε
2482 665 2779 728 ἐπίσκοπος
2836 668 3466 734 Κωνσταντινουπόλεως
3537 669 3693 725 εἶπεν
3725 689 3738 702 ·
3793 672 3898 740 Τῆς

2421 772 2438 804 ε
2489 756 2650 820 ἁγίας
2680 757 2881 828 ταύτης
2914 761 3133 812 συνόδου
3157 763 3298 813 κατὰ
3321 762 3453 814 Θεοῦ
3486 764 3646 832 χάριν
3672 762 3833 815 πάλιν
3854 766 3905 814 ἐν

2420 864 2438 896 ε
2484 848 2561 916 τῷ
2585 849 2723 918 ἁγίῳ
2739 851 2886 920 τόπῳ
2907 852 3081 920 τούτῳ
3107 852 3542 922 συνειλεγμένης,
3561 856 3610 905 εί
3633 853 3906 918 δοκιμάζει

2421 953 2437 985 ι
2485 938 2518 997 ἡ
2559 938 2694 1007 αὑτὴ
2724 940 2832 991 τῶν
2858 939 3030 1006 ἁγίων
3052 941 3298 1010 ἀδελφῶν
3348 953 3441 994 και
3484 943 3907 1011 σιλλειτουργῶι

2427 1044 2445 1074 ε
2497 1026 2736 1092 σύνοδος,
2765 1031 2954 1101 ἐπειδὴ
2989 1035 3084 1086 καὶ
3107 1033 3346 1095 ἑστῶτας
3371 1034 3484 1099 δρῶ
3517 1036 3637 1096 τοὺς
3661 1035 3907 1105 διαφεροο

2421 1136 2438 1170 ε
2482 1119 2678 1187 μένους
2732 1123 2864 1193 πρὸς
2900 1124 3125 1187 ἑαυτοὺς
3152 1124 3282 1192 περὶ
3311 1123 3411 1192 τῆς
3457 1123 3568 1176 τῶν
3603 1125 3909 1195 Βοστρηνῶι

2421 1226 2438 1260 ι
2484 1209 2810 1280 ἐπισκοπῆς,
2841 1221 2964 1277 τοὺς
2988 1215 3252 1283 ἀδελφοὺς
3317 1215 3476 1284 ήμῶν
3529 1215 3794 1282 Βαγαδίον
3828 1222 3912 1268 καὶ

2421 1318 2440 1350 ι
2493 1301 2754 1368 ’Δγάπιον
2826 1305 2935 1357 τῶν
2968 1307 3101 1376 πρὸς
3154 1307 3418 1377 ἀλλήλους
3481 1306 3812 1376 ἐνάρξασθαι
3842 1307 3911 1361 διο

2419 1407 2439 1440 ε
2486 1393 2676 1446 καίων.
2703 1394 2810 1445 Kal.
2847 1397 2985 1463 μετὰ
3012 1397 3073 1449 τὸ
3106 1397 3411 1468 πραχθῆναί
3435 1413 3552 1448 τινα
3583 1396 3712 1466 παρ’
3737 1399 3913 1461 αὐτοῖς

2420 1499 2439 1532 ε
2482 1482 2644 1550 χάριν
2700 1487 2797 1550 τῆς
2824 1488 2996 1554 αὐτῆς
3026 1487 3356 1551 ὑποθέσεως,
3388 1488 3480 1539 καὶ
3511 1488 3911 1557 ἐμφανισθῆναι

2424 1590 2443 1622 ε
2487 1573 2808 1641 καθαίρεσιν
2871 1576 2968 1630 τοῦ
3030 1579 3291 1648 ῥηθέντος
3324 1583 3591 1652 Βαγαδίου
3618 1582 3912 1652 γενομένην

2423 1681 2440 1714 ε
2484 1665 2587 1716 ὑπὸ
2615 1664 2706 1719 δύο
2733 1668 2825 1718 καὶ
2860 1669 3036 1736 μόνων
3065 1672 3376 1728 ἐπισκόπων
3399 1676 3506 1730 τῶν
3538 1678 3631 1728 καὶ
3666 1672 3908 1728 τετελευ-

2421 1772 2437 1800 σ
2482 1756 2725 1824 τηκότων
2773 1758 2874 1828 ήδη
2910 1764 3049 1813 κατὰ
3080 1763 3172 1815 τὸν
3211 1766 3400 1834 καιρὸν
3428 1767 3523 1836 τῆς
3553 1766 3730 1835 αὐτῆς
3767 1763 3913 1816 συνόο

2421 1862 2440 1895 ε
2488 1845 2578 1898 δου
2614 1863 2629 1878 ’
2671 1849 2725 1899 Ἀ
2737 1848 2990 1918 ραδιανδς
3019 1853 3312 1916 ἐπίσκοπος
3328 1855 3603 1927 ’Δγκύρας
3630 1852 3783 1909 εἶπεν
3809 1871 3823 1887 ο
3847 1855 3913 1908 Οἱ

2422 1953 2440 1987 ι
2481 1938 2577 2006 τῆς
2604 1939 2884 2007 παρούσης
2910 1943 3072 1996 ἕνεκα
3097 1944 3273 2014 δίκης,
3296 1947 3432 2000 ἀλλὰ
3455 1947 3548 2000 τοῦ
3578 1947 3783 2015 ὑφεξῆς
3807 1945 3913 2013 βίοι

2424 2045 2442 2078 r
2488 2029 2684 2091 παντὸς
2739 2030 2993 2096 δεδοικὼς
3019 2033 3194 2098 τοῦτο,
3226 2036 3363 2100 ἀξιῶ
3389 2039 3490 2106 τὴν
3521 2039 3682 2105 ἁγίαν
3707 2036 3915 2090 σύνοδον

2425 2136 2441 2168 t
2483 2117 2824 2189 διαλαλῆσαι,
2891 2122 3064 2186 ἔξεστι
3129 2126 3389 2192 γενέσθαι
3417 2131 3735 2196 καθαίρεσιν
3769 2129 3913 2196 παρὰ

2419 2226 2436 2260 r
2482 2210 2575 2262 δύο
2606 2213 2944 2276 ἐπισκόπων,
2973 2216 3004 2284 ἢ
3031 2215 3091 2269 οὕ
3118 2234 3132 2282 ;
3189 2223 3282 2271 καὶ
3308 2219 3448 2272 κατὰ
3529 2221 3763 2282 ἀπόντος
3823 2235 3910 2290 μη·

2422 2319 2440 2352 ε
2481 2303 2802 2371 τροπολίτου
2828 2307 3056 2372 ἔξεστιν,
3093 2310 3124 2379 ἢ
3160 2310 3219 2364 οὗ
3251 2329 3264 2365 :
3290 2312 3456 2364 Οὐδὲν
3477 2315 3766 2382 πρόκριμα
3788 2317 3912 2383 πρὸς

2426 2405 2444 2438 ε
2491 2391 2590 2459 τήν
2613 2393 2899 2460 παροῦσαν
2937 2397 3214 2454 ὑπόθεσιν.
3247 2403 3474 2455 Δίδοικα
3503 2403 3558 2457 δέ
3591 2407 3692 2475 μὴ,
3723 2409 3789 2458 ἐκ
3815 2407 3912 2460 τῶν

2426 2498 2443 2530 ι
2488 2482 2900 2552 ὑπομνημάτων
2926 2488 3133 2542 τούτων
3163 2491 3307 2554 τινὲς
3329 2493 3616 2563 λαϐόμενοι
3645 2497 3912 2561 ἐξουσίας.

2423 2589 2440 2620 ι
2482 2571 2701 2625 τοιαῦτα
2723 2575 3091 2646 τολμήσωσιν.
3139 2581 3300 2647 Ἀξιῶ
3323 2579 3416 2636 οὖν
3470 2587 3618 2652 ὑμᾶς
3686 2589 3914 2656 ἀποκρί-

2425 2680 2442 2712 r
2484 2665 2698 2718 νασθαι.
2729 2666 3032 2737 Νεκτάριος
3057 2672 3354 2735 ἐπίσκοπος
3407 2676 3912 2732 Κωνσταντινουτεό-

2424 2770 2440 2802 ι
2489 2754 2621 2817 λεως
2644 2751 2800 2810 εἶπεν
2827 2775 2839 2789 ·
2882 2759 3216 2825 Ἐπαινετῶς
3261 2766 3596 2836 εἰσηγήσατο
3625 2770 3653 2820 ό
3683 2769 3912 2822 εὐλαϐέ-

2425 2862 2443 2894 ‹
2488 2861 2677 2908 στατος
2709 2849 3012 2913 ἐπίσκοπος
3065 2853 3388 2920 Ἀραδιανός
3419 2872 3434 2886 ο
3465 2857 3525 2908 οὐ
3552 2859 3660 2927 μὴν
3684 2859 3917 2928 δυναμέ-

2424 2952 2441 2984 r
2481 2953 2578 3003 νης
2616 2938 2771 3006 δίκης
2803 2939 3202 3007 ἐξομοιοῦσθαι,
3229 2945 3290 2996 τὸ
3337 2947 3604 3014 παρελθὸν
3646 2951 3721 3018 μή
3752 2966 3916 3002 κατα-

2427 3041 2444 3072 ι
2494 3026 2801 3092 κρίναντες,
2866 3031 2928 3080 τὸ
2953 3031 3078 3099 ἑξῆς
3119 3033 3564 3106 ἁσςαλισώμεθα.
3605 3041 3918 3108 Ἀραῦιανδς

2426 3131 2442 3162 r
2479 3115 2780 3178 ἐπίσκοπος
2833 3117 3104 3187 Ἀγκύρας
3143 3118 3265 3174 εἷπε
3295 3109 3408 3176 ’Τὸ
3439 3127 3712 3195 παρελθὸν
3757 3132 3790 3198 ή
3816 3131 3913 3182 τῶν

2425 3219 2441 3251 ι
2493 3205 2784 3273 μακαρίων
2813 3207 3078 3277 Πατέρων
3106 3211 3214 3263 τῶν
3235 3215 3294 3265 ἐν
3322 3214 3532 3286 Νικαίᾳ
3585 3217 3805 3280 cum;
3825 3237 3917 3271 xa-

2423 3311 2441 3344 ι
2483 3294 2748 3363 τακρίνει,
2785 3298 3132 3366 ήκελεύουσα
3165 3303 3239 3372 μή
3271 3305 3526 3370 ἐλάττους
3575 3304 3718 3362 εἶναι
3755 3311 3913 3381 apti?»

2424 3402 2441 3434 r
2478 3385 2604 3441 τοὺς
2632 3390 3098 3454 χειροτονοῦντας,
3135 3395 3270 3461 μγ,δέ
3300 3397 3532 3462 ἀπόντος
3582 3399 3676 3451 τοῦ
3711 3418 3911 3471 μητρο-

2425 3490 2440 3521 ε
2490 3471 2661 3526 λίτου.
2693 3475 2799 3528 Τοῦ
2829 3477 2885 3529 δὲ
2911 3479 3194 3546 μέλλοντος
3240 3483 3425 3539 ἕνεκεν
3474 3487 3733 3550 δεδοικὼς
3784 3490 3910 3558 ἐγὼ,

2424 3580 2441 3612 ι
2478 3562 2580 3631 τήν
2606 3563 2871 3635 ἐρώτησιν
2897 3569 3258 3642 ἐποιησάμην.
3279 3575 3438 3639 Ἀξιῶ
3457 3572 3546 3631 οὖν
3565 3580 3708 3648 ὑμᾶς
3733 3583 3913 3649 σαφῶς

2427 3671 2444 3704 ε
2485 3652 2831 3724 διαλαλῆσαι,
2855 3661 2949 3712 καὶ
2994 3663 3131 3730 μήτε
3175 3666 3499 3735 ήρτημένως
3547 3673 3689 3739 μήτε
3748 3675 3914 3741 ἀμφι·

2424 3761 2442 3793 ε
2477 3743 2669 3809 δόλως,
2688 3743 2827 3800 ὥστε
2853 3750 2931 3819 μὴ
2966 3750 3165 3815 ἐξεῖναι
3195 3755 3302 3806 ὑπὸ
3333 3755 3430 3810 δύο
3451 3758 3757 3828 ἀνθρώπων
3782 3765 3911 3831 μήτε

2417 3851 2434 3884 ε
2471 3838 2880 3904 χειροτονεῖσθαι
2905 3842 3040 3910 μήῖε
3061 3843 3434 3916 καθαιρεῖσθαι
3454 3849 3771 3916 ἐπίσκοπον,
3793 3855 3909 3908 ἀκο-

2426 3940 2443 3971 ι
2489 3923 2695 3986 λοὺθως
2745 3928 2809 3996 τῇ
2861 3928 2918 3979 ἐν
2955 3930 3161 4002 Νικαία
3191 3936 3413 4004 συνόδῳ.
3443 3939 3553 3990 Καὶ
3603 3941 3726 4007 μεθ’
3757 3943 3910 4011 ἔτερα

2419 4029 2435 4060 ε
2475 4011 2734 4080 Θεόφιλος
2777 4017 3073 4082 ἐπίσκοπος
3109 4022 3516 4094 Ἀλεξανδρείας
3562 4023 3754 4081 εἶπεν⁸
3792 4032 3910 4083 Ἐπὶ

2421 4118 2438 4149 ι
2479 4102 2591 4154 τῶν
2613 4104 2956 4160 ἀπελθόντων
2975 4109 3035 4160 εὑ
3062 4110 3283 4164 δυνατὸν
3302 4113 3481 4182 ψῆφον
3502 4116 3760 4186 ἐκφέρειν
3780 4121 3909 4186 ἀγα·

2421 4211 2437 4240 ε
2482 4197 2800 4260 νακτήσεως
2828 4213 2841 4227 ·
2876 4198 3173 4270 ἐπειδήπερ
3196 4202 3271 4270 μὴ
3295 4191 3559 4272 παρόντες
3577 4209 3906 4277 κατεκρίθηο

2417 4302 2434 4333 ε
2474 4301 2593 4336 σαν.
2622 4285 2679 4338 El
2709 4287 2975 4358 μέντοιγε
3001 4291 3128 4361 περὶ
3146 4290 3256 4346 τῶν
3271 4294 3573 4362 μελλόντων
3590 4297 3828 4350 διασκοπ
3859 4299 3906 4366 ir;

2416 4395 2433 4427 ι
2476 4395 2560 4439 τις
2613 4377 2721 4430 τῶν
2758 4379 3082 4448 ὀφειλόντων
3124 4384 3392 4451 καθελεῖν,
3424 4388 3671 4454 φαίνεταί
3715 4406 3808 4456 μοι
3840 4391 3906 4457 μὴ

2419 4485 2436 4517 ι
2480 4467 2638 4536 μόνον
2668 4471 2814 4535 τρεῖς
2841 4475 3092 4540 παρεῖναι
3117 4478 3434 4544 προσήκειν,
3468 4478 3583 4528 ἀλλ’
3608 4481 3657 4529 εἰ
3686 4479 3906 4533 δυνατὸν

2416 4575 2432 4607 ι
2477 4556 2603 4618 τοὺς
2624 4557 2830 4621 πάντας
2858 4562 3230 4631 ἐπαρχιώτας,
3266 4565 3355 4619 ἴνα
3421 4568 3486 4634 τῇ
3543 4566 3652 4618 τῶν
3701 4569 3904 4621 πολλῶν

2414 4665 2430 4697 ι
2470 4647 2637 4716 ψήφῳ
2654 4649 3019 4719 ἀκριόεστέρα
3039 4655 3070 4721 ή
3091 4656 3412 4724 κατάκρισις
3427 4656 3522 4710 τοῦ
3538 4657 3692 4721 ἀξίου
3711 4659 3806 4729 τῆς
3824 4678 3904 4715 κα.

2438 4755 2455 4788 ε
2493 4739 2788 4806 θαιρέσεως
2806 4740 3120 4810 δεικνύηται
3151 4746 3414 4813 παρόντος
3441 4750 3534 4801 καὶ
3555 4755 3903 4824 κρινομένου.

2423 4848 2441 4878 ε
2485 4829 2790 4899 Νεκτάριος
2890 4834 3191 4898 ἐπίσκοπος
3239 4872 3252 4877 -
3286 4838 3902 4908 Κωνσταντινουπόλεως

2419 4937 2435 4968 ι
2477 4915 2635 4970 τίπτ’
2689 4919 2958 4988 Νομίμων
3040 4927 3380 4996 εἰσηγήσεων
3432 4933 3529 4983 καὶ
3598 4933 3903 5001 δογμάτων,

2416 5029 2433 5060 ε
2469 5013 2980 5080 πρυτανευομένων,
3037 5016 3336 5070 ἀκόλουθον
3358 5019 3420 5071 οὐ
3449 5019 3538 5072 διὰ
3595 5023 3904 5090 προσώπων

2417 5117 2434 5149 ι
2473 5100 2624 5160 τινὰς
2653 5101 2832 5162 αίτίας
2853 5103 2920 5154 τὰ
2946 5104 3170 5156 τοιαῦτα
3202 5105 3643 5174 δογματίζεσθατ.
3668 5111 3904 5182 Τοιγσρο

2414 5209 2430 5241 ι
2468 5189 2585 5252 οὖν,
2642 5194 2898 5263 καθάπερ
2955 5196 2982 5246 δ
3024 5196 3328 5262 ἁγιώτατος
3376 5199 3679 5260 ἐπίσκοπος
3748 5203 3902 5270 ’Δρα-

2417 5302 2433 5331 ε
2483 5281 2665 5344 ὄιανδς
2693 5285 3045 5353 εἰσηγήσατο,
3096 5287 3163 5340 τὰ
3193 5289 3457 5356 μέλλοντα
3502 5292 3901 5361 ἀσφαλίσασθαι

2421 5389 2437 5421 ι
2477 5370 2821 5440 βουλόμενος,
2852 5376 3158 5440 ἀκολούθως
3193 5380 3292 5431 καὶ
3319 5379 3719 5449 φιλανθρώπως
3751 5386 3783 5452 ή
3814 5383 3902 5434 τοῦ

2433 5481 2450 5512 ε
2493 5465 2798 5530 ἁγιωτάτου
2839 5468 3141 5522 ἐπισκόπου
3174 5470 3434 5539 Θεοφίλου
3482 5473 3662 5540 ψῆφος
3723 5474 3904 5542 διωρί-

2426 5572 2441 5602 r
2485 5570 2636 5616 σατο,
2673 5560 2747 5626 μή
2790 5558 3162 5628 χρῆναινπρδς
3216 5562 3278 5613 τὸ
3307 5562 3456 5630 ἑξῆς,
3551 5564 3689 5633 μηδὲ
3756 5566 3902 5632 παρὰ

748 5641 765 5674 r
803 5624 988 5727 τριίξν,
1225 5627 1305 5678 τοί
1356 5644 1417 5694 γε
1478 5631 1630 5698 παρὰ
1698 5634 1807 5692 δύο,
1863 5635 1951 5686 τὸν
2011 5639 2306 5698 ὑπεύθυνον
2360 5624 2781 5716 δοκιμαζόμενόν
2847 5624 3250 5723 καθαιρείσθαι,
3306 5624 3451 5708 ἀλλὰ*
3497 5624 3625 5727 γαρ,
3665 5624 3902 5720 uisio-ro;

749 5737 766 5766 ε
805 5716 1021 5766 συνόᾶπιυ
1082 5719 1244 5788 ψήφῳ
1283 5724 1375 5773 καὶ
1435 5724 1540 5775 τῶν
1574 5728 1666 5794 τῆς
1727 5729 2026 5799 ἐπαρχίας,
2088 5737 2266 5800 καθὼς
2309 5740 2400 5792 καὶ
2437 5743 2483 5792 οί
2538 5744 2885 5797 ἀποστολικοὶ⁵
2944 5748 3168 5810 κανόνες
3201 5747 3543 5810 διωρίσαντο.
3606 5751 3902 5807 Φλαῦιανὸς
