4136 6476
237 411 351 477 453

1233 415 1315 476 ΙΝ
1356 414 1522 474 CAN.
1565 413 1820 477 CXXXV
1860 415 2066 479 CONC.
2105 415 2486 478 CARTHAG.

3392 405 3540 470 ια’

319 543 341 578 ι
391 525 692 588 ἐπίσκοπος
758 523 1084 596 ’Δντιοχείας
1191 520 1382 578 εἶπεν⁸
1450 523 1629 590 Ἀπερ
1682 523 1970 577 κατέθεντο
2013 527 2062 576 οἱ
2110 525 2237 592 περὶ
2305 526 2396 577 τὸν
2439 523 2745 592 ἁγιώτατον
2814 527 3113 583 ἐπίσκοπον
3183 525 3496 595 Νεκτὰριον

295 636 318 671 ι
361 617 456 670 καὶ
488 616 581 669 τὸν
605 613 906 682 ἁγιώτατον
937 616 1028 668 καὶ
1061 613 1355 668 ὁσιώτατον
1376 613 1676 666 ἐπίσκοπον
1701 612 1980 680 Θεόφιλον,
2012 611 2166 679 δῆλα.
2205 614 2309 666 Καὶ
2344 613 2643 684 στέργομεν
2665 615 2864 681 πάντες
2889 619 2936 670 οἱ
2969 618 3431 688 ἐκκλησιαστικοί.
3469 633 3491 669 ι
3588 623 3590 627 ⁷

290 707 492 762 ΒΑΛΣ.
529 706 638 760 Τοῦ
669 706 976 760 ἐπισκόπου
1023 706 1276 774 Βόστρων
1313 703 1584 770 Βαγαδίου
1612 703 1803 755 καθαι-

1983 699 2186 757 BALS.
2248 705 2378 756 Cum
2434 703 2700 774 Bagadius
2758 706 3070 762 Bostrorum
3116 708 3407 778 episcopus
3463 722 3493 761 α

224 801 478 871 ρεθέντος
523 799 677 869 παρὰ
703 799 796 852 δύο
823 799 1149 851 ἐπισκόπων
1204 798 1300 849 κα)⁵
1355 795 1698 864 μονομερῶς,
1721 793 1807 846 λό-

219 910 321 960 γος
344 892 570 958 ἐγένετο
625 891 778 960 παρὰ
804 893 870 960 τῇ
903 892 959 942 ἐν
984 885 1524 941 Κωνστανινουπόλει
1583 885 1806 955 συνόδῳ,

221 985 351 1060 περὶ
383 983 479 1036 τοῦ
508 983 557 1035 εί
599 983 780 1044 καλῶς
847 982 1070 1050 γέγονεν
1123 981 1155 1048 ἡ
1210 979 1440 1046 τοιαύτη
1463 976 1806 1045 καθαίρεσις,

222 1075 677 1143 ἀντιποιουμένου
738 1071 834 1125 τοῦ
903 1070 1269 1141 ψηφισθέντος
1343 1068 1608 1136 ’Δγαπίου
1663 1068 1806 1138 ὑπὲρ

223 1166 326 1234 τῆς
361 1169 602 1235 κρίσεως
641 1182 658 1198 ο
700 1166 794 1218 καὶ
824 1162 1128 1232 διεγνώσθη
1161 1161 1521 1215 ἀκανόνιστον
1542 1155 1806 1225 εἶναιτὴν

224 1256 577 1322 καθαίρεσιν,
608 1255 684 1314 ὦς
719 1256 796 1326 μὴ
853 1253 1180 1322 ὀφειλόντων
1237 1250 1354 1313 δύο,
1401 1249 1537 1304 ἀλλὰ
1597 1248 1806 1302 πολλῶν

221 1349 418 1417 τηρεῖν
459 1347 530 1401 τὰ
565 1347 708 1398 κατὰ
736 1347 842 1398 τῶν
867 1345 1184 1397 ἐπισκόπων
1222 1342 1514 1410 λεγόμενα.
1599 1341 1670 1393 Σὺ
1747 1338 1806 1392 δέ

220 1437 462 1504 γίνωσκε
489 1439 571 1490 ὅτι
609 1438 643 1506 ἠ
687 1435 914 1505 τοιαύτη
949 1435 1241 1502 διάγνωσις
1273 1435 1374 1487 οὐκ
1404 1433 1520 1502 ἔχει
1568 1433 1628 1484 τὸ
1651 1434 1805 1500 ἐνερ-

221 1530 321 1595 γὸν
350 1531 614 1597 σήμερον.
658 1528 792 1579 Ἀπὸ
821 1527 932 1596 γὰρ
959 1524 1053 1578 τοῦ
1087 1523 1153 1594 ιβ’
1176 1524 1403 1586 κανόνος
1433 1523 1535 1594 τῆς
1567 1524 1624 1575 ἐν
1658 1523 1808 1591 Καρ-

220 1620 430 1690 θαγένῃ
470 1619 713 1688 συνόδου,
774 1617 1245 1688 μεταγενεστέρας
1274 1614 1441 1685 οὔσης
1477 1615 1618 1670 κατά
1648 1614 1803 1677 πολὺ,

219 1708 291 1761 τὰ
327 1713 467 1762 κατὰ
489 1711 598 1762 τῶν
638 1710 959 1764 ἐπισκόπων
1025 1707 1416 1778 ἐγκληματικὰ
1470 1707 1806 1776 δικαστήρια

217 1799 377 1866 παρὰ
430 1799 640 1854 δώδεκα
697 1801 1017 1853 ἐπισκόπων
1087 1798 1483 1867 γυμνάζονται.
1512 1798 1624 1851 Καὶ
1670 1797 1804 1850 ἀνά-

219 1891 394 1959 γνωθι
425 1894 517 1945 τὸν
541 1893 782 1946 τοιοῦτον
809 1893 1036 1946 κανόνα.
1070 1890 1107 1942 Γ
1115 1891 1311 1944 ίνωσκε
1343 1890 1400 1943 δὲ
1465 1891 1547 1942 ὅτι
1617 1892 1650 1959 ὴ
1697 1890 1798 1958 μὲν

219 1980 443 2045 σύνοδος
473 1982 612 2054 αὕτη
675 1983 769 2036 ἐπὶ
813 1981 1103 2053 ’Δρκαδίου
1152 1979 1248 2034 τοῦ
1313 1970 1582 2051 βασιλέως
1647 1980 1894 2048 γέγονεν,

226 2079 451 2148 μικροῦ.

1916 795 2125 849 duobus
2156 797 2285 849 solis
2320 797 2589 867 episcopis
2626 801 2901 867 depositus
2930 806 3095 862 esset,
3130 802 3386 869 agitatum
3412 807 3498 853 est

1915 886 1972 941 in
2016 891 2222 957 synodo
2260 888 2892 958 Constantinopolitana,
2942 908 3009 945 an
3052 907 3116 947 ea
3159 901 3303 947 recte
3350 891 3492 946 facta

1914 984 2062 1030 esset
2091 978 2375 1044 depositio,
2409 981 2586 1032 electo
2622 981 2830 1050 Agapio
2864 981 3125 1051 judicium
3177 991 3362 1036 tuente
3397 999 3410 1035 :
3441 991 3497 1035 et

1916 1069 2323 1134 pronuntiatum
2352 1079 2436 1122 est
2481 1068 2871 1137 depositionem
2919 1087 3024 1126 non
3063 1072 3234 1127 l‘uisse
3261 1073 3495 1127 canoni-
3586 1065 3588 1069 ’

1914 1168 2054 1220 cam,
2082 1158 2270 1225 'utpote
2306 1173 2428 1211 cum
2478 1174 2586 1214 non
2630 1160 2755 1224 duo,
2794 1162 2885 1216 sed
2923 1165 3074 1216 tuulti
3111 1166 3374 1218 deberent
3403 1180 3489 1227 ea,

1916 1261 2034 1315 qua:
2085 1251 2343 1304 adversus
2389 1253 2674 1322 episcopos
2724 1256 2996 1322 dicuntur,
3045 1257 3360 1326 dijudicare.
3410 1257 3490 1312 'l'u
3533 1286 3535 1288 -

1914 1348 2095 1392 autem
2139 1341 2282 1394 scias
2326 1341 2468 1396 hanc
2501 1347 2936 1400 constitutionem
2981 1351 3088 1402 vim
3127 1364 3281 1404 suam
3331 1351 3492 1406 hodie

1916 1443 2022 1481 non
2061 1430 2329 1486 obtinere.
2375 1433 2421 1485 Α
2455 1435 2771 1491 duodecimo
2823 1439 2966 1493 enim
3008 1455 3216 1496 canone
3260 1441 3492 1497 Cartha-

1917 1519 2179 1587 giniensis
2192 1526 2404 1593 synodi,
2429 1542 2546 1593 ιμιιε
2565 1537 2648 1581 est
2673 1530 2841 1583 multo
2869 1533 3161 1601 posterior,
3186 1533 3489 1588 criminalia

1913 1609 2286 1678 episcOporum
2322 1614 2520 1682 judicia
2552 1631 2582 1669 a
2617 1619 2896 1671 duodecim
2928 1620 3194 1689 episcopis
3228 1635 3492 1677 exercen-

1916 1707 2025 1754 tur.
2053 1698 2119 1753 Et
2149 1702 2266 1770 lege
2312 1717 2434 1756 eum
2479 1719 2767 1760 cauonem.
2817 1707 2972 1761 Scias
3003 1723 3153 1772 vero,
3197 1712 3340 1779 quod
3377 1711 3493 1766 haec

1914 1796 2131 1864 quidem
2170 1800 2417 1868 synodus
2446 1802 2547 1855 sub
2574 1802 2811 1857 Arcadio
2841 1805 3165 1873 imperatore
3195 1806 3338 1861 facta
3369 1819 3452 1862 est
3479 1826 3492 1862 :

1907 1886 2379 1958 Carthaginiensis
2423 1908 2573 1958 vero,
2620 1904 2877 1964 regnante
2926 1896 3496 1966 Theodosiojuniore.

1985 1979 2019 2049 ὴ
2051 1979 2108 2033 δὲ
2159 1981 2219 2033 ἐν
2242 1983 2575 2054 Καρχηδόνι,
2633 1985 3016 2055 βασιλεύοντος
3061 1988 3346 2043 Θεοδοσίου
3402 1991 3496 2045 τοῦ

290 2174 537 2228 ΖΩΝΑΡ.
581 2174 645 2226 Ἦ
669 2172 768 2243 μὲν
805 2171 1066 2235 ὑπόθεσις
1093 2171 1352 2242 ἐζητεῖτο
1379 2172 1510 2240 περὶ
1564 2169 1663 2239 τῆς
1701 2166 1803 2220 τῶν

1985 2163 2240 2220 ZONAR.
2289 2166 2366 2221 De
2417 2167 2693 2225 Bostrensi
2745 2169 3071 2242 Episcopatu
3125 2177 3494 2230 controversia

219 2269 482 2338 Βόστρων
554 2267 886 2333 ἐπισκοπῆς,
942 2265 1038 2318 δύο
1105 2267 1307 2337 ταύτης
1407 2263 1808 2332 ἀντεχομένων,

230 2359 504 2428 ’Δγαπίου
534 2365 628 2411 καὶ
659 2357 954 2424 Βαγαδίου.
989 2352 1100 2409 Ἦν
1159 2357 1260 2422 μὲν
1288 2357 1397 2427 γὰρ
1440 2356 1634 2425 πρώην
1688 2354 1810 2405 ἐπί-

215 2467 430 2513 σκοπος
489 2452 548 2502 ἐν
586 2449 724 2518 αὐτῇ
755 2450 784 2501 ό
832 2447 1119 2516 Βαγάδιος,
1182 2448 1270 2502 διὰ
1314 2448 1370 2500 δέ
1428 2464 1578 2509 τινας
1629 2446 1807 2508 αἰτίας

217 2540 359 2610 παρ’
424 2538 742 2591 ἐπισκόπων
808 2536 902 2590 δύο
982 2537 1405 2608 καθαιρεθέντος
1468 2535 1656 2600 αὑτοῦ,
1712 2537 1808 2587 καὶ

212 2631 399 2687 ταῦτα
429 2632 690 2692 ἀπόντος,
725 2629 753 2681 ὁ
792 2629 1055 2698 Ἀγάπιος
1085 2629 1509 2698 κεχειροτόνητο
1576 2628 1656 2689 είς
1705 2626 1806 2694 τὴν

217 2723 489 2793 ῥηθεῖσαν
519 2723 867 2790 ἐπισκοπήνο
923 2722 1114 2790 ᾐτιᾶτο
1161 2720 1216 2771 δὲ
1269 2720 1366 2788 τὴν
1427 2718 1803 2788 καθαίρεσινό

215 2810 516 2878 Βαγὰδιος.
555 2810 922 2878 [ιροτεθείσης
956 2805 1050 2860 οὖν
1102 2810 1188 2870 είς
1237 2808 1299 2860 τὸ
1341 2808 1510 2877 μέσον
1535 2807 1636 2877 τῆς
1675 2824 1804 2858 συνη

214 2903 343 2954 ὁδου
374 2902 472 2969 τῆς
524 2899 862 2963 ὑποθέσεως,
923 2897 1244 2968 Ἀραΰιανδς
1310 2898 1586 2967 Ἀγκύρας
1647 2891 1804 2950 εἶπεν

214 2974 534 3044 611.03th
575 2991 674 3059 τὴν
730 2987 1017 3058 παροῦσαν
1069 2988 1329 3040 ὑπόθεσιν
1385 2987 1596 3057 ἐρωτῶ,
1667 2987 1804 3040 ἀλλὰ

215 3077 480 3139 δεδοικὼς
512 3078 642 3146 περὶ
671 3068 777 3129 τῶν
805 3074 957 3146 ἑξῆς,
992 3075 1079 3128 ἵνα
1115 3075 1192 3145 μὴ
1257 3077 1315 3128 ἐν
1365 3078 1518 3149 πάσῃ
1576 3076 1804 3147 τοιαύτῃ

213 3169 480 3221 ὑποθέσει
518 3168 786 3237 κρατήσῃ,
818 3168 896 3231 ὡς
959 3165 1139 3221 κανὼν
1200 3167 1260 3221 τὸ
1335 3167 1654 3237 γενόμενον,
1706 3169 1802 3221 καὶ

212 3261 361 3325 ἀξιῶ
393 3264 492 3330 τὴν
553 3259 783 3312 σύνοδον
856 3260 1054 3325 είπεῐν,
1109 3261 1159 3312 εί
1212 3260 1392 3327 ἔξεστι
1479 3257 1804 3329 καθαίρεσιν

212 3353 486 3421 γενέσθαι
539 3351 691 3420 παρὰ
756 3351 851 3404 δύο
903 3351 1243 3415 ἐπισκόπων,
1301 3354 1397 3404 καὶ
1473 3350 1573 3422 τὴν
1619 3350 1802 3419 ψῆφον

214 3445 492 3515 τοιαύτην
575 3443 695 3497 κατ’
729 3445 961 3507 ἀπόντος
1012 3443 1254 3514 δοθῆναι.
1331 3441 1612 3511 Φοϐοῦμαι
1666 3442 1797 3510 γὰρ,

212 3540 380 3608 φησὶ.
437 3507 512 3606 μή
565 3539 810 3598 τινεςτά
858 3539 917 3590 ἐν
957 3539 1024 3605 τῇ
1084 3507 1344 3588 ὑποθέσει
1407 3507 1581 3605 ταύτῃ
1640 3507 1792 3605 εύρίο
1826 3507 1870 3567 C

215 3644 444 3690 σκοντες
470 3627 841 3697 ὑπομνήματα
902 3626 1128 3680 τοιαῦτα
1178 3626 1445 3696 τολμῶσι.
1507 3628 1648 3695 Πρὸς
1704 3623 1796 3679 οὖν

215 3719 324 3790 τὴν
384 3720 652 3787 ἐρώτησιν
707 3718 913 3789 ταύτην
965 3718 992 3772 ὁ
1059 3717 1467 3786 Ἀλεξανδρείας
1535 3716 1795 3785 Θεόφιλος

113 3799 115 3801 ’
213 3811 562 3881 ἀπεκρίνατο
591 3810 695 3873 ὄτι,
755 3811 911 3863 Ἐπεὶ
943 3810 994 3862 oi
1057 3810 1150 3863 τὸν
1209 3809 1476 3877 Βαγάδιον
1531 3809 1799 3879 καθαιρή-

213 3918 417 3964 σαντες
461 3899 555 3953 δύο
587 3901 881 3954 ἐπίσκοποι
904 3901 1005 3970 ἥδη
1045 3899 1362 3969 τεθνήκασι,
1403 3900 1530 3952 κατ’
1570 3900 1797 3954 ἐκείνων

179 3989 578 4061 ψηφίζεσθαι,
618 3991 692 4052 ὡς
727 3991 801 4060 μὴ
829 3990 1010 4052 καλῶς
1086 3991 1456 4060 ποιησάντων,
1512 3993 1573 4043 οὐ
1645 3994 1751 4061 χρή
1781 4011 1795 4024 ο

213 4081 309 4134 ἵνα
342 4081 417 4148 μὴ
444 4080 539 4132 καὶ
569 4080 728 4148 ἡμεῖς
756 4080 1117 4146 αἱτιαθῶμεν,
1149 4079 1224 4142 ὡς
1261 4079 1336 4150 μὴ
1383 4081 1657 4148 παρόντας
1695 4082 1797 4134 αύ-

204 4155 797 4242 τόὺςδκατακρίναντες
827 4188 841 4202 ⁸
906 4174 1056 4234 ὅπως
1107 4172 1164 4224 δέ
1213 4172 1274 4223 τὸ
1307 4171 1503 4241 μέλλον
1560 4167 1797 4240 ἀτφαλι-

209 4264 462 4330 σώμεθα,
488 4262 629 4316 ὥστε
662 4264 860 4334 μηκέτι
899 4263 1131 4316 τοιαῦτα
1179 4264 1452 4330 γίνεσθαι,
1495 4263 1642 4316 δοκεῖ
1679 4282 1794 4334 μοι,

207 4341 599 4426 ἒρηστ.ν,ὃτιού
632 4356 791 4426 μόνον
845 4359 996 4424 τρεῖς
1043 4355 1316 4423 ἐνδέχεται
1366 4360 1622 4426 παρεῖναι
1676 4357 1797 4409 ἐπι-

209 4449 456 4508 σκόπους
488 4446 581 4497 ἐπὶ
623 4445 946 4516 καθαιρέσει
971 4447 1298 4512 ἐπισκόπου,
1334 4448 1493 4512 ἀλλὰ,
1536 4449 1586 4500 εί
1639 4449 1800 4504 δυνα-

207 4542 332 4605 τὸν,
385 4540 479 4591 καὶ
531 4538 659 4600 τοὺς
734 4538 944 4602 πάντας
1010 4538 1378 4608 ἐπαρχιὼτας,
1459 4539 1628 4609 ἡγουν
1671 4540 1799 4602 τοὺς

208 4633 321 4701 τῆς
389 4630 657 4700 ἐπαρχίας
690 4630 906 4699 ἐκείνης
951 4631 1311 4694 ἐπισκόπους,
1351 4626 1463 4704 ἐνῇ
1502 4633 1598 4684 καὶ
1622 4633 1799 4700 ἡέπι-

210 4723 405 4792 σκοπὴ
436 4722 528 4774 τοῦ
586 4721 1024 4792 καθαιρουμένου
1088 4723 1381 4788 διάκειται,
1447 4725 1534 4776 ἵνα
1587 4722 1798 4776 πολλῶν

1914 2257 2246 2326 agitabatur,
2290 2275 2410 2314 cum
2446 2262 2552 2314 duo
2587 2263 2738 2316 illum
2792 2265 2918 2328 sibi,
2965 2266 3224 2320 nimirum
3258 2268 3497 2337 Agapius

1912 2357 1964 2400 et
2001 2345 2287 2416 Bagadius,
2334 2352 2690 2406 vindicarent.
2721 2353 2850 2409 Erat
2881 2359 3022 2410 enim
3053 2358 3209 2426 paulo
3243 2370 3369 2412 ante
3393 2357 3497 2410 Ba-

1911 2436 2101 2503 gadius
2134 2437 2279 2491 illius
2314 2440 2462 2492 urbis
2492 2441 2797 2510 episcopus,
2829 2444 2920 2497 sed
2955 2461 3073 2498 cum
3105 2448 3392 2504 nonnullas
3420 2449 3490 2502 ob

1911 2543 2106 2583 causas
2141 2545 2168 2582 a
2219 2531 2433 2585 duobus
2479 2533 2747 2601 episcopis
2798 2545 2945 2589 esset
2983 2537 3286 2606 depositus,
3334 2542 3494 2610 idque

1910 2620 2000 2673 illo
2036 2623 2280 2682 absente,
2329 2618 2566 2688 Agzipius
2622 2627 2908 2678 memorati
2958 2629 3302 2698 episc0patus
3341 2633 3494 2685 ordi-

1909 2723 2071 2766 natus
2095 2720 2175 2764 est
2202 2714 2512 2780 episcopus.
2547 2712 2718 2767 Porro
2753 2717 3142 2784 depositionem
3171 2737 3326 2774 suam
3366 2725 3496 2778 vitio

1908 2802 2108 2855 factam
2161 2818 2283 2855 csse
2332 2802 2606 2871 Bagadius
2647 2809 3024 2863 contendebat.
3072 2809 3205 2864 Cum
3244 2813 3409 2884 igitur
3443 2818 3493 2870 in

1908 2895 2088 2946 medio
2135 2893 2372 2946 concilio
2410 2896 2684 2962 proposita
2733 2907 2880 2951 esset
2910 2904 3311 2969 controversia,
3351 2907 3493 2960 Ara.

1907 2985 2098 3038 bianus
2131 2987 2363 3054 Ancyrae
2395 2986 2533 3038 dixit
2573 3003 2587 3043 :
2618 2986 2736 3041 Non
2766 2998 2874 3042 tam
2905 2990 2975 3045 ob
3008 3006 3330 3060 praesentem
3360 3012 3493 3050 cau-

1904 3090 2020 3130 sam
2054 3076 2359 3144 interrogo,
2393 3093 2552 3144 quam
2585 3079 2725 3149 quod
2759 3081 2809 3134 in
2847 3092 3123 3151 posterum
3158 3098 3392 3142 metuam
3427 3104 3493 3145 ne

1904 3164 2046 3219 forte
2095 3166 2146 3218 in
2182 3167 2349 3220 simili
2401 3184 2564 3223 causa
2598 3172 2813 3238 quavis,
2852 3172 2902 3226 id
2958 3176 3103 3243 quod
3152 3189 3362 3247 gestum
3406 3189 3492 3235 est.

1907 3261 2166 3322 tanquam
2235 3259 2422 3328 regula
2473 3260 2576 3312 \"im
2633 3260 2911 3328 obtineat;
2965 3276 3129 3333 atque
3180 3282 3207 3319 a
3262 3269 3493 3324 concilio

1904 3354 2064 3414 peto,
2102 3355 2158 3400 ut
2190 3348 2448 3412 declaret,
2487 3367 2613 3404 num
2650 3367 2676 3404 a
2713 3352 2924 3417 duobus
2959 3357 3230 3425 episcopis
3262 3358 3489 3428 deposi-

1905 3440 2102 3492 tionem
2129 3439 2244 3494 ﬁeri
2276 3442 2454 3505 liceat,
2492 3453 2544 3496 et
2570 3444 2834 3512 ejusmodi
2864 3449 3192 3504 sententiam
3225 3451 3488 3506 adversus

1901 3531 2178 3582 absentem
2246 3533 2606 3598 pronuntiari.
2665 3530 2866 3587 Vereor
2927 3536 3092 3599 enim,
3149 3539 3356 3608 inquit,
3418 3555 3487 3594 ne

1901 3618 2041 3674 forte
2091 3621 2281 3690 aliqui,
2318 3637 2440 3675 cum
2477 3624 2529 3676 in
2585 3625 2742 3692 hujus
2777 3640 2957 3680 causae
3009 3637 3126 3681 arcta
3161 3629 3480 3694 inciderint,

1901 3713 2006 3764 alia
2036 3712 2292 3765 audeant.
2323 3715 2401 3766 Ad
2430 3714 2566 3768 hanc
2594 3714 2757 3784 igitur
2779 3715 3258 3787 interrogationem
3289 3719 3468 3774 Theo-

1901 3802 2078 3873 philus
2159 3803 2560 3858 Alexandrinus
2650 3807 2979 3873 respondit:
3026 3806 3476 3878 Quandoquidem

1900 3894 2136 3962 episcopi
2186 3895 2314 3959 duo,
2351 3909 2382 3946 a
2413 3897 2609 3964 quibus
2664 3894 2939 3963 depositus
2998 3906 3082 3952 est
3126 3899 3416 3968 Bagadius,
3445 3915 3476 3953 e

1899 3982 2038 4037 vivis
2065 3995 2439 4046 excesserunt,
2475 3986 2526 4037 in
2553 3986 2789 4057 eoslerri
2822 3989 3170 4049 sententiam,
3197 3991 3336 4056 quod
3371 4005 3475 4044 non

1899 4085 2046 4128 recte
2081 4076 2310 4143 egerint,
2344 4077 2570 4128 minime
2616 4077 2908 4143 convenit;
2951 4093 3018 4131 ne
3051 4082 3186 4134 forte
3219 4097 3314 4134 nos
3345 4099 3480 4150 quo-

1897 4180 2003 4236 que
2032 4167 2512 4236 reprehendamus,
2545 4168 2686 4236 quod
2716 4168 2966 4223 absentes
2996 4173 3115 4226 illos
3139 4172 3477 4228 damnaveri-

1899 4273 2020 4312 mus
2065 4275 2079 4312 :
2113 4269 2175 4312 ut
2208 4268 2389 4312 autem
2431 4259 2485 4312 in
2525 4257 2764 4313 futurum
2815 4261 3227 4330 provideamus,
3261 4280 3328 4319 ne
3359 4281 3474 4319 am-

1899 4350 2041 4419 plius
2067 4351 2193 4404 talia
2225 4353 2468 4419 quaedam
2501 4352 2654 4415 ﬂant,
2685 4353 2812 4405 mihi
2846 4353 3080 4420 videtur,
3116 4355 3328 4424 inquit,
3365 4372 3472 4412 non

1900 4454 2013 4498 tres
2044 4443 2327 4512 episc0pos
2376 4450 2587 4496 tantum
2621 4444 2814 4497 adesse
2862 4443 3058 4498 debere
3104 4447 3170 4499 ad
3209 4463 3372 4500 unum
3413 4452 3478 4502 de

1899 4536 2068 4605 gradu
2103 4535 2473 4603 dejiciendum
2506 4536 2823 4606 episcOpum
2853 4553 2878 4609 ς,
2898 4538 2992 4590 sed
3020 4576 3034 4601 ,
3065 4541 3108 4590 si
3143 4538 3254 4594 ﬂeri
3285 4543 3481 4609 possit,

1898 4625 2061 4678 etiam
2092 4639 2283 4678 omnes
2309 4624 2672 4692 provinciales
2707 4625 2821 4679 sive
2861 4608 3155 4692 provincia:
3184 4608 3326 4683 illius
3355 4632 3477 4697 epi-

1899 4730 2113 4786 scopos,
2146 4717 2198 4769 in
2239 4731 2343 4786 qua
2377 4716 2522 4769 illius
2566 4715 2919 4786 episcopatus
2963 4728 3044 4772 est
3075 4719 3234 4784 situs,
3268 4721 3362 4789 qui
3411 4724 3482 4776 de

208 4817 392 4870 ὄντων
422 4812 531 4865 τῶν
561 4812 878 4879 κρινόντων,
933 4815 1030 4865 καὶ
1068 4813 1551 4883 ἀποφαινομένων,
1593 4814 1792 4883 παρόν-

1905 4808 2067 4875 gradu
2101 4807 2396 4875 dejicitur;
2432 4817 2488 4861 ut
2532 4823 2655 4862 cum
2689 4808 2844 4862 multi
2894 4809 3472 4877 exstiterintjndices,

209 4921 310 4967 τος
352 4903 446 4954 καὶ
509 4900 674 4953 αὑτοῦ
734 4900 829 4953 τοῦ
908 4902 1258 4970 αἰτιωμένου,
1327 4903 1699 4972 ἀκριϐεστέρα
1758 4906 1791 4974 ἡ

210 4993 629 5064 κατακρίνουσα
657 4991 836 5062 ψῆφος
887 4991 978 5045 τὸν
1040 4991 1473 5063 καθαιρούμενον
1549 4995 1792 5065 γίνηται.

210 5090 297 5158 Τῇ
341 5084 473 5153 γοῦν
488 5082 681 5155 γνώμῃ
709 5085 880 5154 ταύτῃ
913 5085 1005 5137 καὶ
1028 5085 1056 5136 ὁ
1079 5084 1405 5154 Νεκτάριος,
1463 5086 1559 5138 aut
1601 5088 1630 5139 ό
1653 5088 1796 5139 Φλα-

211 5178 430 5240 ϐιανὸς,
460 5177 553 5229 καὶ
584 5176 632 5228 οι
666 5175 844 5228 λοιποὶ
869 5177 965 5246 τῆς
1010 5176 1231 5231 συνόδου
1298 5177 1635 5248 ὴρέσθησαν.
1684 5179 1795 5231 Καὶ

213 5269 397 5324 ταῦτα
434 5268 532 5336 μὲν
558 5269 606 5320 οἱ
638 5267 880 5338 Πατὲρες
899 5261 1070 5324 οὗτοι.
1114 5266 1172 5319 Ὀ
1192 5267 1252 5321 δὲ
1282 5268 1581 5332 δωδέκατος
1610 5270 1791 5322 κανὼν

210 5356 321 5424 τῆς
366 5356 426 5406 ἐν
459 5351 786 5423 Καρθαγένη
823 5352 1066 5414 συνόδου,
1136 5357 1594 5423 μεταγενεστέρας
1624 5357 1792 5424 si:qu

209 5447 375 5517 παρὰ
404 5446 612 5516 ταύτην
661 5447 761 5514 τὴν
789 5444 886 5498 ἐπὶ
943 5445 1249 5516 Νεκταρίου
1312 5447 1790 5516 συναθροισθεῖσαν

208 5539 383 5609 (αὕτη
423 5535 523 5606 μέν
560 5537 668 5604 γὰρ
729 5536 822 5589 ἐπὶ
887 5537 1171 5607 Ἀρκαᾰίου
1235 5539 1494 5607 συνέστη,
1573 5539 1606 5608 ἡ
1656 5537 1702 5590 δ’
1735 5539 1793 5590 ἐν

207 5627 557 5701 Καρθαγένῃ
616 5628 902 5681 Θεοδοσίου
945 5629 1038 5682 τοῦ
1109 5631 1309 5701 μικροῦ
1387 5628 1791 5700 βασιλεύοντος)

207 5720 556 5786 ἐπισκόπου,
618 5721 782 5791 φησὶν
837 5723 895 5774 ἐν
959 5721 1263 5792 ἐγκλήματι
1308 5721 1790 5791 κατηγορουμένου

209 5812 429 5868 δώδεκα
487 5812 820 5873 ἐπισκόπους
888 5811 1155 5878 δικάζειν,
1199 5814 1248 5864 εί
1298 5812 1370 5882 ιιὴ
1441 5813 1528 5865 διὰ
1591 5811 1788 5864 πολλὴν

1899 4913 1964 4953 ac
1997 4901 2324 4953 sententiam
2367 4899 2590 4952 tulerint
2646 4899 2914 4967 praesente
2951 4900 3075 4963 illo,
3111 4903 3202 4971 qui
3250 4917 3481 4957 accusa-

1899 4998 2008 5054 tur,
2056 4991 2299 5045 exactior
2326 4990 2493 5060 680
2525 5005 2586 5044 ac
2635 4991 2843 5044 llrmior
2875 4994 3144 5047 sententia
3193 4996 3476 5054 reddatur.

1897 5097 2004 5151 qua
2034 5082 2322 5136 da’mnatur
2351 5085 2398 5136 is
2426 5083 2516 5152 qui
2549 5084 2856 5152 deponitur.
2889 5083 3036 5141 Hanc
3066 5087 3227 5154 igitur
3260 5100 3478 5143 sentcn-

1896 5176 2024 5228 tiam
2059 5183 2114 5228 et
2159 5171 2448 5228 Nectarius
2495 5181 2550 5229 et
2581 5173 2874 5230 Flavianus
2920 5187 2971 5232 et
3024 5180 3200 5232 caeteri
3234 5196 3296 5233 ex
3332 5196 3466 5234 con-

1893 5266 2019 5320 cilio
2053 5267 2445 5334 approbarunt.
2484 5269 2661 5336 Atque
2701 5267 2818 5322 hac
2866 5269 3082 5336 quidem
3129 5269 3217 5323 isti
3258 5269 3469 5326 Patres.

1893 5340 2253 5412 Duodecimus
2290 5367 2470 5411 autem
2506 5373 2680 5413 canon
2714 5359 2929 5414 concilii
2978 5359 3475 5430 Carthaginiensis,

1896 5450 2039 5518 quod
2077 5461 2318 5518 tempore
2368 5449 2639 5518 posterius
2681 5460 2765 5505 est
2813 5450 2917 5505 isto
2962 5449 3216 5507 Nectario
3254 5454 3480 5508 sedente

1898 5548 2228 5607 congregato
2272 5539 2506 5609 (quippe
2558 5555 2678 5593 cum
2731 5540 2835 5595 hoc
2885 5541 3188 5610 imperante
3233 5542 3478 5598 Arcadio

1896 5642 2143 5686 coactum
2163 5634 2273 5698 sit;
2297 5631 2748 5700 Carthaginiense
2783 5648 2914 5687 vero
2943 5632 3244 5689 Theodosio
3276 5637 3472 5689 minori

1899 5719 2234 5793 imperante)
2262 5723 2307 5776 si
2343 5722 2464 5793 quis
2499 5723 2810 5794 episcopus,
2859 5726 3057 5795 inquit,
3091 5727 3322 5796 alicujus
3355 5728 3469 5780 cri-

1899 5812 2059 5870 minis
2091 5814 2263 5870 lactus
2297 5815 2368 5870 sit
2401 5828 2552 5880 rcus,
2583 5829 2614 5871 a
2645 5817 2926 5872 duodecim
2963 5818 3236 5889 episcopis
3259 5817 3475 5886 judice-
