4136 6468
266 397 381 462 465

1356 397 1441 460 1N
1479 398 1733 463 'EPIST.
1771 404 1835 466 S.
1872 402 2220 465 DIONYSII
2252 403 2475 468 ALEX.

3436 413 3550 478 456

278 538 530 595 noctem,
553 528 823 600 jejunium
868 534 1187 584 solvendum
1241 530 1460 591 asserit,
1501 531 1741 599 reliquos
1764 529 2111 586 hebdomadte
2140 549 2241 602 qua
2276 531 2525 587 Christus
2548 548 2743 602 passus
2770 543 2852 589 est
2886 531 3024 598 dies,
3051 536 3180 591 etin
3226 542 3537 608 precatione

276 634 347 679 et.
368 625 557 681 cordis
584 625 998 695 compunctione
1044 635 1381 693 peragentcs.

906 719 1143 771 ΚΑΝΩΝ
1170 720 1238 771 Β⁸.

356 810 497 877 Περὶ
525 809 592 862 δὲ
615 808 730 863 τῶν
753 810 823 863 ἐν
859 810 1120 879 ἁφέδρῳ(
1143 812 1213 881 5)
1245 809 1560 880 γυναικῶν,
1590 813 1643 865 εί
1663 825 1851 879 προσ-

281 894 435 963 ῆκεν
457 902 643 967 αὐτὰς
675 901 825 955 οὕτω
858 899 1227 970 διακειμένας
1262 905 1348 968 εὶς
1394 904 1501 956 τὸν
1538 899 1706 956 οἷκον
1730 906 1853 957 εισ-

280 990 437 1043 ιέναι
490 992 596 1044 τοῦ
654 992 825 1055 Θεοῦ,
881 993 1158 1060 περιττὸν
1192 992 1261 1046 δὲ
1313 995 1378 1047 τὸ
1444 994 1850 1050 πυνθάνεσθαι

276 1078 513 1149 νομίζω.
544 1082 694 1136 Οὐδὲ
717 1082 826 1150 γὰρ
852 1082 1037 1148 αὑτὰς
1066 1084 1243 1152 οἶμαι,
1273 1084 1489 1150 πιστὰς
1524 1086 1713 1152 οὔσας
1751 1087 1847 1139 καὶ

275 1171 576 1237 εὐλαϐεῖς,
626 1173 951 1241 τολμήσειν
1010 1174 1197 1239 οὕτως
1244 1174 1611 1244 διακειμένας
1635 1216 1648 1239 ,
1700 1178 1736 1245 ἢ
1776 1176 1850 1246 ιτᾶ

276 1261 533 1331 τραπέζῃ
583 1262 658 1330 τῇ
718 1264 856 1331 ἁγίᾳ
906 1265 1283 1332 προσελθεῖν,
1321 1266 1358 1335 ἣ
1419 1267 1521 1321 τοῦ
1580 1268 1849 1337 σώματος

277 1354 380 1405 ml
432 1353 534 1408 τοῦ
603 1355 849 1423 αἵματος
910 1356 1017 1409 τοῦ
1088 1358 1348 1424 Χριστοῦ
1396 1359 1843 1427 προσάψασθαι.

281 1442 440 1497 Οὐδὲ
469 1443 575 1512 γὰρ
626 1446 664 1510 ἡ
716 1444 828 1513 τὴν
863 1446 1192 1517 δωδεκαετῆ
1216 1450 1402 1517 ῥῦσιν
1441 1450 1668 1518 ἔχουσα
1698 1452 1847 1519 πρὸς

276 1535 398 1602 τὴν
450 1536 617 1589 ἵασιν
661 1537 857 1606 ἔθιγεν
892 1540 1097 1593 αὑτοῦ·
1132 1540 1294 1594 ἀλλὰ
1342 1542 1532 1610 μόνου
1562 1544 1665 1596 τοῦ
1705 1560 1842 1610 κρα-

277 1624 533 1680 σπέδου.
594 1630 1040 1696 Προσεύχεσθαι
1088 1630 1203 1698 μὲν
1257 1632 1367 1699 γὰρ
1403 1632 1559 1699 ὅπως
1611 1633 1686 1687 ἂν
1735 1635 1843 1702 ἔχῃ

274 1734 391 1783 τις,
424 1719 520 1772 καὶ
554 1721 633 1784 ὡς
660 1719 735 1772 ἂν
775 1720 1076 1784 διάκειται,
1116 1722 1451 1791 μεμνῆσθαι
1490 1724 1594 1781 τοῦ
1622 1727 1844 1778 Δεσπό-

276 1825 406 1871 του,
443 1807 539 1861 καὶ
563 1808 791 1862 δεῖσθαι
819 1810 1103 1877 βοηθείας
1145 1810 1366 1879 τυχεῖν,
1424 1811 1840 1881 ἀνεπίφθονον.

276 1901 386 1963 Ιίίς
413 1897 482 1951 δὲ
511 1899 581 1952 τὰ
612 1900 781 1968 "Arta
807 1899 923 1952 τῶν
950 1901 1151 1969 ἁγίων,
1185 1905 1216 1955 ό
1259 1902 1344 1971 μὴ
1372 1903 1563 1971 πάντη
1590 1906 1845 1973 καθαρὸς

276 1989 377 2041 aui
455 1989 626 2059 ψυχῇ
691 1991 786 2044 καὶ
856 1992 1080 2061 σώματι
1105 2032 1118 2056 ,
1191 1993 1497 2061 προσιέναι
1574 1996 1839 2062 κωλυθή-

272 2097 352 2133 σέ
358 2097 447 2134 ται
456 2119 468 2132 .
1816 2099 1823 2105 ’

349 2171 544 2224 ΒΑΛΣ.
578 2174 641 2224 Ai
711 2172 986 2244 Ἐὅραῖδες
1038 2176 1293 2241 γυναῖκες
1318 2176 1445 2229 ὅταν
1500 2176 1720 2247 γένηται
1749 2177 1841 2229 αύ-

272 2263 454 2332 ταῖςή
489 2262 596 2317 τῶν
654 2264 911 2334 ἐμμήνων
970 2265 1142 2336 ρὖις,
1180 2269 1235 2319 ἐν
1276 2268 1422 2339 τύπῳ
1481 2269 1842 2339 μεμονωμένῳ

272 2351 602 2422 καθήμεναι,
635 2354 1009 2426 ἡσυχάζουσιν,
1037 2356 1140 2421 ἕως
1175 2358 1239 2411 ἂν
1288 2359 1486 2430 ἡμέραι
1535 2361 1671 2414 ἑπτὰ
1702 2378 1842 2431 παρ-

282 2442 503 2508 έλθωσι,
546 2447 695 2517 καὶὴ
725 2446 830 2499 τῶν
862 2450 1119 2518 ἐμμήνων
1164 2448 1316 2519 ρὖις
1371 2450 1691 2522 καθαρισθῇ·
1721 2452 1839 2506 ὅθεν

270 2534 529 2603 εἱληπται
556 2534 616 2586 τὸ
638 2535 706 2587 ἐν
736 2536 990 2604 ἀφέδρφ,
1039 2539 1156 2609 ἤτοι
1212 2540 1269 2592 τὺ
1316 2540 1640 2612 κεχωρίσθαι
1676 2542 1840 2605 αὑτὰς

269 2624 388 2678 ἀπὸ
411 2625 509 2695 τῆς
538 2625 645 2677 τῶν
671 2625 866 2680 λοιπῶν
895 2628 1074 2698 ἕδρας,
1103 2630 1176 2693 ὡς
1209 2629 1564 2701 ἀκαθάρτους.
1608 2633 1841 2705 Ἐρωτη-

272 2715 390 2779 Caio;
420 2711 513 2769 οὖν
560 2719 587 2769 ὁ
618 2717 767 2785 ἆγιος
796 2719 920 2789 περὶ
948 2720 1054 2772 τῶν
1087 2720 1292 2773 πιστῶν
1344 2721 1632 2789 γυναικῶν,
1667 2725 1713 2775 εἰ
1735 2724 1839 2795 χρὴ

269 2804 476 2868 ταύτας
503 2807 631 2859 ὅταν
663 2808 763 2859 ὑπὸ
784 2807 889 2861 τῶν
920 2811 1172 2881 ἐμμήνων
1202 2810 1481 2880 ὀχλῶνται,
1510 2812 1731 2865 εἰσιέναι
1763 2814 1840 2875 εἰς

270 2897 587 2968 ἐκκλησίαν,
617 2899 885 2969 ἀπεκρίθη
922 2900 993 2970 μὴ
1022 2901 1129 2952 δεῖν
1156 2901 1312 2953 τοῦτο
1338 2902 1598 2971 γίνεσθαι,
1622 2905 1713 2956 καὶ⁸
1743 2905 1839 2976 τὴν

274 2989 335 3041 ὲν
365 2987 445 3058 τῷ
469 2988 784 3059 Εὐαγγελίῳ
843 2991 1236 3060 αἱμορῤοοῦσαν
1279 2994 1596 3064 παρήγαγεν
1628 2997 1705 3058 είς
1732 3013 1837 3049 πα-

274 3075 567 3146 ράδειγμα,
604 3075 677 3146 μὴ
707 3077 1055 3148 τολμήσασαν
1116 3078 1257 3143 esea;
1290 3079 1382 3132 τοῦ
1409 3082 1630 3151 Κυρίου,
1663 3082 1773 3135 ἀλλ’
1803 3084 1834 3156 ἢ

274 3164 439 3235 μόνου
468 3165 558 3217 τοῦ
591 3167 893 3236 κρασπέδου
925 3167 1111 3221 αύτοῦι
1168 3168 1433 3239 Εὗχεσθαι
1488 3172 1583 3240 μὲν
1611 3172 1715 3243 γὰρ
1747 3173 1839 3227 καὶ

268 3256 367 3309 τοῦ
395 3257 598 3327 Κυρίου
632 3259 961 3328 μεμνῆσθαι,
995 3261 1176 3329 φησιν,
1207 3260 1311 3313 οὐδ’
1334 3262 1389 3313 ὲν
1418 3261 1639 3333 τοιούτῳ
1666 3263 1840 3334 καιρῷ

268 3348 699 3420 κωλυθήσονται·
733 3351 811 3413 εἰς
836 3352 958 3404 ναὸν
991 3351 1045 3403 δὲ
1076 3350 1207 3403 Θεοῦ
1232 3352 1453 3404 εἰσιέναι
1495 3352 1525 3422 ἢ
1564 3353 1837 3424 μεταλαμ-

268 3440 458 3493 ϐάνειν
505 3439 671 3502 αὐτὰς
727 3439 833 3492 τῶν
868 3441 1237 3511 ἁγιασμάτων,
1269 3442 1327 3493 ού
1392 3442 1485 3494 δεῖ.
1523 3442 1705 3495 Ταῦτα
1738 3444 1831 3497 τοῦ

271 3529 512 3597 μεγάλου
541 3529 836 3601 ἀρχιερέως
862 3530 1254 3601 διορισαμένου,
1299 3530 1564 3601 βλέπομεν
1600 3535 1835 3604 σήμερον

266 3620 350 3682 είς
371 3619 439 3671 τὰ
462 3624 741 3687 γυναικεῖα
764 3620 854 3672 καὶ
879 3619 1073 3690 μᾶλλον
1106 3622 1434 3692 μοναστήρια
1468 3622 1631 3685 ἀδεῶς
1659 3624 1836 3676 rotati-

265 3728 370 3773 τας
399 3711 688 3779 ἱσταμένας
716 3714 975 3778 γυναῖκας
1007 3713 1086 3772 εἰς
1118 3712 1241 3774 τοὺς
1267 3713 1531 3783 προνάους
1559 3715 1834 3777 παντοίαις

266 3800 456 3869 ἁγίαις
484 3801 653 3853 εἰκόσι
692 3801 1251 3871 κεκαλλωπισμένους,
1304 3803 1396 3855 καὶ
1421 3805 1499 3867 είς
1531 3803 1832 3873 δοξολογίαν

264 3892 406 3945 Θεοῦ
434 3894 887 3963 ἀπονεμηθέντας·
924 3894 1016 3946 καὶ
1057 3893 1361 3963 ἐρωτῶντες
1393 3897 1539 3959 ὅπως
1569 3897 1722 3950 τοῦτο
1750 3898 1833 3966 γί-

265 4001 441 4048 νεται,
472 3984 742 4053 ἀκούομεν
795 3983 867 4053 μὴ
912 3984 1286 4053 ἐκκλησιάζειν
1321 3986 1504 4049 αὐτὰς,
1548 3988 1683 4057 ὅπερ
1711 3988 1831 4057 ἐμοὶ

264 4077 409 4143 τέως
436 4076 497 4128 ού
523 4076 684 4128 δοκεῖ.
722 4076 796 4128 Οὐ
823 4074 929 4144 γάρ
952 4077 1086 4127 εἰσιν
1137 4075 1186 4127 oi.
1234 4075 1455 4146 πρόναοι
1482 4079 1646 4129 κοινοὶ
1668 4078 1741 4139 ὼς
1764 4078 1831 4132 τὰ

262 4168 377 4221 τῶν
401 4164 701 4235 ἐκκλησιῶν
732 4164 1015 4235 προαύλια,
1049 4164 1182 4219 ἀλλὰ
1231 4166 1394 4236 μέρος
1432 4167 1608 4219 αὐτῶν
1642 4170 1831 4221 ἀπονε-

266 4257 441 4330 μηθὲν
466 4259 585 4319 ταῖς
615 4256 825 4323 γυναιξὶ
863 4258 981 4317 ταῖς
1014 4256 1086 4326 μὴ
1139 4255 1501 4326 κωλυομέναις
1544 4258 1832 4329 ἐκκλησιά-

264 4350 403 4415 ζειν.
441 4350 537 4410 ⁸ος
557 4346 619 4418 δὴ
646 4346 898 4417 πρόναος,
919 4346 1079 4409 τόπος
1097 4344 1351 4415 δευτέρας
1383 4347 1495 4398 ἐστὶ
1525 4348 1826 4416 μετανοίας,

272 4439 430 4498 ὁτῶν
482 4438 842 4509 ἀκροωμένων
890 4436 1194 4506 λεγόμενος.
1253 4436 1363 4489 Καὶ
1404 4438 1460 4489 ἐν
1519 4437 1665 4505 αὐτῷ
1710 4438 1829 4490 οὺδέ

262 4527 522 4597 ἀνδράσιν
571 4528 777 4593 ἐφεῖται
809 4523 1080 4586 ἵστασθαι,
1136 4522 1501 4593 ἐπιτιμηθεῖσι
1528 4524 1601 4594 μὴ
1633 4524 1829 4595 ἐκκλη-

263 4618 499 4681 σιάζειν,
532 4615 666 4668 ἀλλὰ
691 4614 886 4679 ἔξωθεν
912 4612 1076 4667 αὑτοῦ
1110 4613 1476 4684 προσκλαίειν.
1522 4614 1666 4667 Ἔδει
1696 4613 1824 4682 γοῦν

2580 712 2805 776 CANON
2846 721 2908 776 ll.

2030 808 2107 861 De
2155 810 2459 863 mulieribus
2503 825 2674 864 autem
2713 829 2828 882 qua:
2871 823 2990 867 sunt
3041 818 3094 867 in
3142 815 3384 870 abscessu
3414 859 3430 883 ,
3466 836 3533 871 un

1956 913 2044 951 cas
2068 897 2146 951 sic
2176 898 2393 965 aﬂ'ectas
2424 910 2658 968 oporteat
2691 902 2906 954 domum
2934 901 3027 957 Dei
3071 904 3298 973 ingredi,
3345 922 3530 973 supcr-

1957 1003 2246 1041 uacaneum
2279 989 2353 1042 vel
2385 990 2708 1058 interrogare
2740 992 3005 1046 existimo.
3050 992 3229 1063 Neque
3272 997 3407 1048 enim
3441 1014 3533 1050 eas

1955 1079 2221 1143 existimo,
2258 1080 2304 1132 si
2344 1081 2449 1133 sint
2480 1083 2581 1149 pia:
2620 1092 2666 1134 et
2695 1083 2896 1151 ﬁdeles,
2926 1086 3001 1138 sic
3035 1086 3275 1155 a/fectas,
3302 1105 3529 1144 ausurus

1956 1168 2033 1222 vel
2067 1171 2135 1222 ad
2167 1179 2404 1223 sanctam
2441 1188 2668 1223 mensam
2703 1176 2966 1239 accedere,
3001 1177 3075 1228 vel
3107 1193 3290 1246 corpus
3323 1190 3373 1233 et
3401 1197 3522 1233 san—

1955 1261 2161 1330 guinem
2186 1260 2397 1314 Domini
2420 1263 2694 1331 attingere.
2723 1262 2897 1333 Neque
2926 1268 3084 1333 enim,
3116 1285 3231 1337 qua:
3253 1270 3527 1325 duodecim

1955 1368 2213 1404 annorum
2264 1353 2468 1420 ﬂuxum
2512 1353 2731 1409 habebat
2789 1360 2832 1422 ¹,
2879 1359 3047 1427 ipsum
3098 1362 3166 1412 ad
3214 1362 3527 1417 medicinam

1955 1443 2144 1512 tetigit,
2186 1444 2276 1495 sed
2313 1444 2483 1496 solam
2528 1445 2640 1513 ejus
2680 1448 2967 1514 ﬁmbriam.
3013 1450 3178 1504 Orare
3221 1454 3356 1504 enim
3392 1469 3524 1523 quo-

1954 1534 2312 1603 modocunr/ue
2349 1552 2401 1588 se
2440 1536 2629 1589 habeat
2665 1538 2881 1606 aliquis,
2911 1548 2959 1591 et
2991 1549 3250 1611 utcunque
3283 1544 3354 1595 sit
3395 1542 3527 1612 affe—

1953 1633 2065 1675 ctus
2102 1623 2313 1677 Domini
2346 1627 2658 1693 meminisse,
2698 1637 2745 1679 et
2779 1630 3041 1683 auxilium
3083 1632 3386 1701 implorare,
3424 1651 3523 1689 non

1952 1722 2027 1767 est
2074 1715 2564 1782 reprehendendum.
2624 1718 2706 1771 Ad
2738 1718 2935 1773 Sancta
2977 1733 3151 1775 autem
3197 1736 3522 1791 sanctorum,

1951 1808 2038 1877 qui
2072 1824 2171 1861 non
2210 1810 2420 1863 omnino
2461 1811 2639 1864 anima
2681 1823 2884 1881 pariter
2911 1825 2956 1867 et
2987 1831 3199 1883 corpore
3229 1832 3389 1883 purus
3420 1830 3518 1884 est,

1951 1900 2191 1954 accedere
2216 1902 2590 1969 prohibebitur.

2015 2173 2170 2228 BALS.
2226 2172 2501 2230 llebraicae
2530 2177 2807 2243 mulieres,
2840 2179 3055 2247 quando
3084 2181 3241 2235 fuerit
3274 2183 3351 2236 eis
3390 2197 3516 2251 pro-

1943 2263 2167 2318 ﬂuvium
2233 2277 2609 2329 menstruum,
2680 2268 2731 2321 iu
2788 2270 2907 2323 loco
2967 2270 3213 2324 solitario
3267 2273 3514 2326 sedentes

1941 2357 2250 2426 quiescunt,
2287 2358 2458 2411 donec
2481 2367 2683 2426 septem
2720 2359 2833 2414 dies
2866 2361 3243 2428 praeterierint,
3283 2372 3333 2414 et
3362 2378 3513 2417 men-

1942 2458 2214 2503 struorum
2274 2448 2452 2503 ﬂuxus
2507 2459 2838 2519 expurgatus
2885 2452 3111 2505 steterit.
3165 2450 3317 2506 Unde
3364 2469 3514 2507 accc-

1941 2546 2088 2605 ptum
2123 2546 2201 2593 est
2242 2538 2394 2600 illud,
2437 2538 2490 2590 in
2524 2537 2788 2605 abscessu,
2826 2555 2921 2609 pro
2948 2557 3011 2595 eo
3039 2542 3180 2609 quod
3213 2553 3331 2603 est,
3354 2557 3512 2610 sepa-

1940 2636 2084 2681 ratas
2120 2642 2239 2680 esse
2291 2627 2435 2695 ipsas
2469 2627 2511 2680 'a
2546 2628 2877 2697 reliquorum
2930 2629 3056 2683 sede
3090 2639 3146 2682 ut
3180 2632 3504 2686 immnndas.

1940 2715 2310 2785 interrogatus
2344 2732 2473 2785 ergo
2502 2727 2728 2773 sanctus
2760 2718 2825 2772 de
2880 2719 3125 2774 ﬁdelibus
3167 2721 3504 2785 mulieribus,

1941 2821 2008 2858 an
2061 2820 2154 2859 cas
2200 2813 2466 2875 oporteat,
2517 2807 2736 2875 quando
2793 2822 2821 2859 a
2871 2809 3163 2863 menstruis
3218 2821 3501 2877 vexantur,

1931 2890 2218 2955 ecclesiam
2244 2892 2481 2963 ingredi,
2506 2894 2785 2964 respondit
2808 2910 2911 2949 non
2937 2906 3192 2966 oportere
3213 2897 3315 2951 hoc
3343 2897 3454 2951 tieri
3487 2913 3501 2960 ;

1932 2992 1986 3039 et
2004 2982 2289 3039 mulierem
2310 2984 2360 3055 5
2380 3001 2500 3056 quae.
2527 2986 2810 3056 sanguinis
2831 2986 3096 3058 proﬂuvio
3127 2991 3181 3042 in
3210 2987 3500 3059 Evangelia

1938 3074 2233 3140 laborabat,
2263 3073 2316 3127 iu
2350 3074 2652 3143 exemplum
2686 3075 2929 3140 adduxit,
2967 3067 3072 3130 non
3102 3091 3291 3131 ausam
3322 3076 3499 3130 Domi»

1939 3178 2067 3217 num
2123 3169 2375 3232 tangere,
2424 3164 2515 3217 sed
2572 3164 2742 3217 solam
2791 3164 2961 3232 ipsius
3000 3166 3286 3219 ﬁmbriam.
3337 3166 3504 3220 Orare

1940 3254 2082 3306 enim
2138 3260 2191 3305 et
2240 3252 2451 3306 Domini
2506 3254 2860 3318 meminisse,
2914 3255 3130 3324 inquit,
3179 3272 3244 3310 ne
3297 3258 3350 3309 in
3401 3259 3506 3311 huc

1938 3344 2151 3412 quidem
2195 3351 2435 3411 tempore
2480 3345 2941 3412 prohibebuntur;
3000 3347 3261 3415 templum
3318 3356 3498 3402 autem

1941 3434 2181 3503 ingredi,
2229 3433 2311 3485 vel
2354 3443 2664 3486 sanctorum
2695 3434 2866 3501 ,ipsas
2905 3448 3025 3489 esse
3062 3435 3348 3505 participes
3392 3450 3496 3489 non

1938 3524 2207 3579 convenit.
2267 3522 2390 3576 Haec
2436 3538 2557 3576 eum
2613 3523 2840 3577 antistes
2894 3524 3197 3590 definierit,
3253 3527 3499 3580 videmus

1938 3614 2093 3668 hodie
2132 3615 2184 3667 in
2216 3614 2479 3684 gynaeeeis
2507 3623 2555 3667 et
2587 3614 2819 3668 maxime
2867 3616 2920 3669 iu
2955 3617 3317 3681 monaSteriis,
3363 3618 3497 3673 tales

1936 3702 2188 3756 mulieres
2218 3717 2407 3756 secure
2456 3712 2598 3757 stare
2631 3706 2681 3757 in
2708 3712 3029 3773 templorum
3054 3707 3353 3771 vestibulis,
3377 3723 3498 3776 qua:

1936 3792 2139 3846 sanctis
2172 3792 2350 3846 omnis
2390 3794 2601 3861 generis
2648 3794 2974 3863 imaginibus
3017 3810 3294 3861 exornata,
3336 3807 3388 3852 et
3425 3800 3492 3852 ad

1937 3879 2029 3934 Dei
2074 3881 2285 3934 laudem
2331 3881 2584 3949 deputata
2628 3894 2756 3935 sunt
2794 3901 2805 3935 :
2851 3892 3057 3937 etcum
3096 3886 3494 3955 interrogamus

1932 3971 2204 4040 quomodo
2233 3971 2336 4025 hoc
2367 3971 2477 4037 tiat,
2511 3971 2762 4026 audimus
2791 3987 2882 4026 eas
2920 3987 3027 4027 non
3060 3988 3182 4027 esse
3228 3974 3280 4027 iu
3322 3976 3497 4029 eccle—

1933 4063 2045 4127 sia,
2077 4061 2217 4132 quod
2261 4063 2392 4115 mihi
2424 4063 2641 4131 quidem
2686 4079 2790 4117 non
2828 4063 2899 4116 ita
2939 4079 3058 4118 esse
3088 4064 3321 4119 ridetur.
3380 4065 3495 4122 Non

1937 4163 2066 4208 sunt
2126 4155 2271 4208 enim
2333 4155 2598 4209 vestibula
2658 4154 2963 4208 communia
3021 4165 3080 4208 ut
3142 4155 3487 4209 ecclesiarum

1932 4244 2091 4309 atria,
2136 4244 2227 4297 sed
2260 4258 2385 4313 pars
2418 4252 2545 4297 sunt
2587 4243 2825 4311 ipsarum
2873 4244 3195 4297 mulieribus
3236 4246 3487 4298 attributa

1930 4350 2051 4405 quae
2101 4334 2156 4388 iu
2208 4333 2435 4388 ecclesia
2489 4332 2691 4388 versari
2749 4348 2855 4387 non
2904 4334 3276 4403 prohibentur.
3339 4332 3491 4398 Quod

1930 4426 2147 4495 quidem
2179 4424 2507 4479 vestibulum
2547 4432 2629 4478 est
2678 4424 2829 4479 locus
2876 4423 3123 4478 secunda:
3169 4423 3493 4491 pmnitentire

1929 4514 2021 4584 qui
2054 4512 2254 4567 dicitur
2287 4512 2619 4566 audientium
2650 4529 2663 4564 :
2689 4522 2743 4566 et
2774 4512 2826 4566 in
2867 4512 2985 4581 ipso
3028 4526 3093 4565 ne
3116 4511 3245 4564 viris
3274 4511 3489 4579 quidem

1930 4612 2074 4659 stare
2114 4603 2467 4673 permittitur,
2508 4601 2706 4670 quibus
2746 4602 2995 4670 imposita
3030 4610 3111 4655 est
3142 4615 3299 4669 poena
3334 4613 3399 4651 ne
3435 4599 3489 4652 in

260 4707 393 4769 τοὺς
413 4704 684 4768 τοιούτους
705 4704 969 4774 προνάους
991 4705 1068 4767 είς
1094 4702 1187 4765 οὓς
1228 4704 1282 4755 ai
1312 4700 1552 4756 τοιαῦται
1592 4704 1829 4776 ἀκάθαρ-

1938 4695 2154 4749 ecclesia
2188 4702 2490 4757 versentur,
2515 4692 2605 4746 sed
2631 4702 2779 4745 extra
2810 4693 2986 4761 ipsum
3030 4691 3244 4745 deﬂere.
3270 4690 3491 4760 Oportet

260 4816 348 4853 τοι
371 4800 624 4866 γυναῖκες
655 4796 875 4866 ἔμελλον
923 4794 1191 4860 ἵστασθαι,
1256 4794 1328 4864 μὴ
1369 4794 1710 4866 ἀναπληροῦν
1739 4796 1827 4849 τό·-

260 4905 367 4943 πον
392 4885 692 4957 ἐκκλησιῶν
726 4885 785 4950 ἐξ
813 4884 993 4956 ὀρθοῦ,
1028 4883 1167 4937 ὥστε
1211 4884 1305 4936 καὶ
1341 4885 1501 4955 ἱερεῖς
1550 4885 1686 4955 μετὰ
1717 4886 1825 4937 τῶν

259 4966 427 5032 θείων
481 4978 831 5048 ἁγιασμάτων
883 4974 1187 5045 διέρχεσθαι
1229 4975 1367 5028 κατὰ
1393 4975 1480 5027 τὸν
1509 4974 1825 5045 χερουϐικὺν

260 5070 292 5123 ὖ
302 5086 454 5140 μνον,
485 5069 578 5122 καὶ
601 5067 799 5138 θυμιᾷν
823 5054 947 5129 τοὺς
975 5069 1033 5120 ἐν
1057 5066 1230 5137 τούτῳ
1284 5065 1413 5128 ἴσως
1434 5065 1590 5128 ὄντας
1622 5064 1825 5133 τάφους

258 5162 360 5215 καί
391 5160 595 5229 ἁγίους,
634 5159 727 5214 καὶ
757 5156 1010 5220 τελευτὰς
1037 5157 1207 5226 ἀγιῶν
1245 5156 1413 5227 εὐχῶν
1443 5158 1629 5209 ποιεῖν’
1663 5155 1695 5222 ἢ
1724 5154 1824 5210 κᾶν

350 5295 366 5325 ¹
422 5294 609 5349 Matth.
640 5310 715 5361 Ix,
739 5295 844 5361 20;
870 5292 1003 5349 Luc.
1041 5308 1161 5360 vut,
1190 5292 1277 5345 4⁸5.

337 5426 448 5500 (5)
486 5426 632 5507 ῌερὶ.
655 5425 723 5479 δὲ
750 5424 867 5479 τῶν
896 5425 965 5477 ἐν
994 5424 1244 5504 ἀφέδρῳ.
1275 5420 1819 5507 Οοηειαρῑὶιιυειιξσςνο

260 5491 591 5566 méuopulus
621 5497 766 5549 hunc
792 5491 1052 5548 canonem
1083 5494 1161 5547 sic
1184 5491 1597 5561 compendil‘acit
1622 5509 1635 5543 :
1661 5493 1723 5543 Ai
1758 5493 1814 5542 ἐν

260 5567 477 5626 ἀφέδρῳ
514 5570 607 5618 καὶ
640 5562 796 5616 θείων
820 5564 959 5615 ναῶν
994 5562 1087 5616 καὶ
1113 5563 1270 5626 ἱερῶν
1305 5566 1610 5626 μυστηρίων
1636 5559 1814 5626 εἰργέ-

256 5562 477 5638 ἀφέδρὶρ
514 5570 607 5618 καὶ
640 5562 796 5616 θείων
820 5564 959 5615 ναῶν
994 5562 1087 5616 καὶ
1113 5563 1270 5632 ἱερῶν
1305 5566 1610 5640 μυστηρίων
1636 5562 1810 5640 εἰργέ-

260 5639 492 5692 σθωσαν.
523 5633 653 5698 Qua:
681 5633 735 5685 in
764 5648 962 5685 secessu
994 5640 1136 5692 sunt,
1174 5642 1280 5683 tam
1316 5648 1346 5683 a
1382 5632 1571 5683 divinis
1609 5628 1810 5697 iemplts

259 5723 416 5778 quam
439 5703 613 5778 sacris
633 5702 891 5770 mysteriis
914 5708 1212 5778 arguantur.
1232 5700 1316 5778 “In
1344 5715 1504 5778 quam
1539 5699 1811 5778 epitomen

258 5769 575 5835 icholiastes
602 5769 716 5825 haec
741 5778 890 5825 notat
921 5788 933 5823 :
962 5771 1025 5822 At
1054 5769 1111 5823 ὲν
1143 5769 1355 5839 ἀφέδρῳ
1379 5770 1540 5839 ἡγουν
1566 5770 1620 5820 ἐν
1653 5782 1812 5819 κατα.

1928 4795 2056 4848 ergo
2103 4780 2369 4850 ejusmodi
2421 4779 2683 4835 vestibula
2735 4780 2788 4833 in
2837 4780 3034 4848 quibus
3077 4780 3295 4833 stabunt
3344 4780 3490 4848 ejus-

1928 4872 2076 4926 modi
2114 4871 2406 4925 immundte
2434 4870 2711 4933 mulieres,
2747 4868 3099 4923 ecclesiarum
3136 4868 3313 4923 locum
3348 4868 3489 4923 dirc-

1927 4972 2015 5017 cto
2050 4977 2157 5016 non
2196 4963 2442 5031 implere,
2483 4968 2544 5015 ut
2581 4959 2746 5014 etiam
2790 4960 3094 5013 sacerdotes
3134 4973 3253 5011 cum
3289 4958 3488 5011 divinis

1930 5053 2285 5108 sacramentis
2325 5052 2378 5105 in
2415 5050 2708 5105 cherubico
2742 5048 2942 5119 hymno
2990 5058 3283 5113 transeant,
3316 5056 3369 5102 et
3402 5062 3486 5102 se-

1930 5141 2126 5212 pulcra
2161 5157 2281 5212 qua:
2326 5141 2435 5196 illic
2478 5140 2614 5195 forte
2644 5148 2802 5206 sunt,
2835 5140 3048 5193 sumant
3080 5148 3133 5193 et
3168 5148 3401 5201 sanctos,
3434 5146 3487 5191 et

1933 5416 2137 5497 μηνίοις
2157 5435 2183 5497 λ
2191 5417 2277 5470 διὰ
2298 5416 2358 5497 τὲ
2385 5415 2802 5497 κεχωρισμένως
2822 5415 3017 5497 ταύτας
3046 5412 3192 5482 παρὰ
3218 5411 3482 5465 Ἰουδαίων

1929 5484 2266 5548 καθέζεσθαι.
2313 5484 2747 5549 ρκιιίὶιιίδεεεεειι
2782 5493 2931 5547 sunt,
2958 5484 3051 5534 Itoc
3072 5492 3169 5543 est,
3195 5497 3309 5549 qua?
3339 5497 3483 5549 men-7

1916 5571 1996 5629 s_es
2016 5570 2153 5629 suos
2193 5548 2379 5629 habent
2406 5568 2423 5605 .'
2446 5563 2719 5629 propterea
2753 5553 3002 5629 quodu/ia:
3031 5548 3310 5617 separatim
3338 5548 3482 5629 apud

1916 5623 2133 5737 ἐναίρω
2189 5619 2459 5694 degebant.
2509 5619 2838 5690 Har-metior».
2889 5619 3027 5689 Epit.
3069 5634 3213 5685 can.,
3250 5619 3491 5673 sectione
