4136 6452
703 372 794 436 467

1961 371 2232 436 TllEUD.
2282 373 2685 436 BALSAMON

3838 377 3938 439 468

693 503 968 544 sacrarum
996 503 1213 556 prccqu
1236 497 1490 559 mysteria
1519 501 1809 562 peragant;
1838 493 1922 547 vel
1953 493 2114 548 etiam
2135 510 2243 550 cun

2367 498 2503 567 μετὰ
2534 499 2893 569 ἐπισκοπικῆς
2923 498 3222 569 ἐπιτροπῆς
3265 499 3390 562 τοὺς
3439 497 3707 560 τοιούτους
3743 500 3936 562 τόπους

693 580 985 650 episcOpali
1017 580 1378 648 permissione
1410 580 1677 649 ejusmodi
1721 583 1836 636 loca
1877 599 2162 653 separare,
2203 600 2261 640 ut

692 671 984 727 idimundae
1013 673 1267 726 muliercs
1296 675 1348 725 in
1375 674 1453 727 eis
1485 674 1606 727 sine
1627 675 1938 742 prajudicio
1961 688 2105 730 stare
2138 692 2262 745 pos-

690 766 821 818 sint.
869 762 976 832 Ego
1008 773 1189 817 autem
1226 763 1337 816 vidi
1366 764 1528 816 etiam
1572 765 1840 831 ejusmodi
1885 766 2164 820 mulierem
2207 769 2258 820 in

691 855 956 909 vestibulo
997 864 1228 909 stantem
1248 896 1262 919 ,
1291 863 1345 908 et
1381 854 1556 908 arrbze
1585 854 1888 908 orationem
1919 855 1988 909 ab
2017 855 2262 915 antistite

689 947 1042 1014 accipientem
1089 946 1273 1014 :quod
1327 946 1543 1013 quidem
1587 961 1705 1001 sum
1751 946 2072 1000 admiratus.
2119 946 2258 1002 Olim

687 1047 888 1099 autem,
925 1047 982 1089 ut
1035 1048 1116 1090 est
1162 1037 1472 1098 verisimile,
1505 1037 1759 1090 mulieres
1799 1037 1865 1090 ad
1899 1037 2066 1091 altare
2101 1053 2259 1092 acce-

687 1131 916 1195 debant,
963 1140 1014 1183 et
1057 1130 1121 1182 de
1170 1137 1355 1182 sancta
1409 1143 1594 1182 mensa
1655 1127 2070 1196 participabant.
2128 1127 2259 1182 Pro.

688 1232 866 1288 pterea
901 1222 1043 1273 enin:
1092 1221 1279 1272 altaris
1306 1233 1522 1287 quoque
1570 1235 1746 1272 canon
1801 1219 2068 1272 meminit.
2123 1217 2261 1287 Lege

686 1311 753 1364 41
784 1325 1048 1364 canouem
1105 1310 1296 1379 synodi
1357 1307 1704 1372 Laodicene,
1739 1322 1792 1362 et
1838 1308 1906 1362 69
1948 1325 1998 1361 vi
2043 1308 2256 1378 synodi.

688 1401 949 1455 Similiter
1001 1401 1115 1469 lege
1160 1409 1212 1453 et
1241 1400 1304 1452 l7
1334 1401 1600 1454 novellam
1651 1401 1797 1469 regis
1829 1400 2034 1454 domini
2063 1397 2258 1452 Leonis

687 1494 960 1562 Sapientis
1007 1494 1120 1546 hmo
1162 1494 1212 1545 in
1253 1502 1402 1560 parte
1452 1501 1770 1546 tractantem
1803 1507 1815 1542 :
1854 1488 2154 1544 Statuimus'
2193 1490 2258 1543 de

685 1585 1005 1638 mulieribus
1046 1599 1166 1653 qua:
1198 1593 1540 1652 pepererunt,
1569 1592 1621 1637 et
1661 1583 1728 1635 de
1763 1583 1830 1636 iis
1863 1596 1984 1650 qua:
2025 1581 2254 1634 naturali

686 1676 1004 1745 purgatione
1032 1676 1360 1738 detinentur,
1389 1673 1655 1742 siquidem
1687 1687 1874 1728 earum
1903 1672 2008 1724 vita
2045 1687 2075 1724 a
2107 1670 2254 1724 nulla

685 1767 788 1820 alia
833 1766 1083 1820 morbosa
1135 1764 1419 1818 aﬂ'ectione
1468 1763 1835 1832 perturbatur,
1873 1772 1932 1816 ut
1976 1777 2096 1830 qua:
2144 1775 2250 1814 non

2363 589 2736 658 ἀφορίζεσθαι,
2767 590 2903 642 ὥστε
2946 592 3423 661 ἀποκριματίστως
3450 589 3702 643 ἵστασθαι
3734 592 3790 642 ἐν
3840 594 3932 644 αύο

2363 681 2471 741 τοῖς
2499 680 2596 741 τὰς
2629 681 2966 748 ἀκαθάρτους
3021 686 3301 749 γυναῖκας.
3361 681 3501 748 Ἐγὼ
3559 681 3616 733 δὲ
3672 677 3812 732 εἶδον
3844 687 3930 738 καὶ

2361 769 2615 839 τοιαύτην
2643 775 2876 838 γυναῖκα
2929 762 3021 824 ἐπὶ
3067 773 3303 842 προνάου
3347 771 3615 833 ἑστῶσαν,
3651 772 3745 823 καὶ
3772 773 3931 840 εὐχὴν

2363 859 2676 929 ἀρῤαόὦνος
2724 863 2873 931 παρά
2920 863 3218 932 ἀρχιερέως
3284 861 3599 931 δεξαμένην·
3651 863 3787 932 ὅπερ
3843 864 3930 915 καὶ

2363 950 2666 1020 ἐθαύμασα.
2741 953 2826 1016 Ὠς
2855 954 2996 1005 ἔοικε
3024 954 3102 1019 δέ,
3135 952 3195 1004 τὸ
3235 953 3462 1005 παλαιὸν
3491 954 3809 1022 είσήρχοντο
3841 970 3928 1021 τυ-

2362 1043 2542 1103 ναῖκες
2571 1043 2648 1103 είς
2670 1043 2730 1094 τὸ
2778 1043 3180 1113 θυσιαστήριον,
3231 1045 3324 1096 καὶ
3357 1044 3462 1096 ἀπὸ
3492 1044 3588 1113 τῆς
3615 1044 3773 1110 ἁγίας
3805 1062 3928 1113 τρα-

2364 1129 2532 1196 πέζης
2566 1131 2986 1199 μετελάμϐανον.
3022 1132 3116 1184 Διά
3164 1132 3320 1184 τοῦτο
3347 1132 3452 1203 γάρ
3485 1133 3577 1185 καὶ
3625 1131 3716 1184 τοῦ
3745 1133 3928 1187 θυσια-

2364 1214 2582 1282 στηρίου
2613 1216 2882 1286 μέμνηται
2915 1219 2942 1270 ὁ
2989 1219 3184 1271 κανών.
3241 1221 3350 1273 Καὶ
3408 1220 3678 1287 ἀνάγνωθι
3711 1222 3804 1273 τὸν
3851 1222 3928 1292 μδ⁹

2361 1304 2556 1355 κανόνα
2583 1305 2680 1373 τῆς
2734 1309 2789 1358 ἐν
2819 1307 3102 1378 Λαοδικείᾳ.
3136 1310 3373 1372 συνόδου,
3419 1310 3512 1362 καὶ
3563 1312 3651 1362 τὸν
3705 1309 3779 1372 ξθ¹
3835 1310 3928 1379 τῆς

2363 1399 2414 1455 ς’
2466 1395 2701 1447 συνόδου.
2751 1397 3022 1461 Ὡσαύτως
3057 1399 3326 1466 ἀνάγνωθι
3356 1400 3445 1452 καὶ
3497 1399 3594 1469 τὴν
3621 1400 3682 1464 ιε’
3733 1404 3926 1470 νεαρὰν

2361 1481 2453 1533 τοῦ
2472 1483 2736 1551 βασιλέως
2767 1487 2957 1555 κυρίου
2989 1487 3212 1550 Λέοντος
3231 1487 3322 1540 τοῦ
3350 1488 3661 1556 Φιλοσόφου,
3695 1492 3753 1542 ἐν
3779 1491 3926 1561 μέρει

2358 1573 2528 1625 ταῦτα
2559 1574 3042 1646 διαλαμϐάνουσαν·
3062 1581 3344 1651 Ὀρίζομεν
3369 1582 3495 1652 περὶ
3527 1582 3806 1635 τεκουσῶν
3833 1601 3924 1651 γυ·

2357 1665 2557 1716 ναικῶν
2580 1670 2670 1720 καὶ
2701 1671 2825 1739 περὶ
2858 1669 2964 1722 τῶν
3012 1672 3129 1723 δσαι
3161 1675 3226 1742 τῇ
3281 1675 3482 1743 φυσικῇ
3539 1672 3805 1743 καθάρσει
3837 1692 3928 1727 κα⁶

2356 1755 2806 1826 ταλαμϐάνονται,
2854 1761 3202 1832 ἀνενοχλήτου
3242 1764 3338 1833 μὲν
3371 1762 3430 1826 ἐξ
3453 1762 3617 1832 ἀλλης
3654 1763 3801 1826 τινὸς
3822 1764 3926 1817 δια-

685 1868 811 1912 sunt
837 1859 1052 1927 quidem
1089 1857 1331 1917 initiatae,
1366 1869 1473 1907 non
1504 1854 1611 1907 sint
1639 1852 2050 1906 illuminationis
2080 1851 2243 1921 parti-

2359 1823 2557 1909 θέσεως
2592 1851 2815 1920 νοσερᾶς
2847 1851 2941 1920 τῆς
2973 1823 3118 1920 ξῷῆξ
3153 1823 3330 1905 αὐτῶν
3368 1823 3745 1923 συντελούσης,
3773 1823 3927 1922 ἀμετ-

682 1950 861 2017 cipes;
904 1964 1024 2016 qua:
1069 1957 1246 2000 autem
1290 1954 1418 1998 sunt
1455 1947 1507 1997 in
1551 1945 1747 1998 divinis
1787 1944 2103 1997 ministeriis
2147 1943 2251 1994 iiii-

685 2039 848 2101 tiatae,
892 2039 1169 2107 impolluta
1223 2037 1473 2106 mysteria
1524 2051 1630 2088 non
1680 2034 2034 2103 participem,
2083 2047 2254 2102 usque

683 2128 747 2179 ad
777 2128 1132 2196 quadraginta
1166 2128 1374 2180 dierum
1407 2123 1720 2179 terminum.
1767 2121 1924 2187 Quod
1954 2122 1999 2176 si
2029 2121 2252 2174 morbus

681 2219 960 2278 invaserit,
994 2233 1045 2271 et
1077 2234 1133 2272 se
1166 2219 1329 2270 vitam
1363 2218 1719 2284 abrupturum
1755 2215 2015 2274 minetur,
2048 2223 2106 2266 ut
2139 2213 2249 2266 sint

681 2308 905 2361 omnino
959 2309 1281 2362 sacramenti
1342 2307 1649 2376 participes.
1712 2301 1773 2356 Et
1817 2311 1939 2371 post
1969 2302 2248 2364 nonnulla,

682 2397 796 2460 ipsa
830 2413 1020 2451 rursus
1059 2397 1212 2464 jubet
1251 2398 1316 2451 de
1349 2396 1647 2450 infantibus
1689 2394 1920 2457 novella,
1970 2401 2028 2445 ut
2061 2394 2251 2447 morbo

679 2488 897 2557 quidem
943 2504 1049 2541 non
1085 2498 1308 2556 urgente
1358 2489 1393 2540 ii
1433 2496 1556 2557 post
1591 2497 1838 2540 octavum
1882 2483 2028 2538 diem
2075 2483 2251 2553 bapti-

679 2590 870 2636 zeutur
918 2597 930 2632 :
977 2581 1122 2649 quod
1173 2581 1218 2634 si
1269 2594 1416 2632 mors
1464 2578 1780 2640 immineat,
1836 2575 1871 2628 ii
1914 2576 2075 2629 etiam
2128 2584 2250 2628 ante

678 2680 926 2726 octavum
975 2671 1333 2741 baptilcntur.
1394 2667 1498 2721 Sed
1551 2667 1676 2735 quia
1724 2665 1906 2720 audivi
1959 2665 2248 2735 quemdam

676 2763 944 2815 dicentem
975 2776 1083 2813 non
1129 2760 1324 2813 debere
1356 2767 1665 2827 segregatos
1712 2756 1880 2809 laieos
1908 2763 2060 2809 extra
2088 2754 2252 2808 vesti-

678 2848 863 2902 bulum
893 2859 1098 2902 stantes
1124 2849 1334 2902 divinas
1361 2847 1690 2916 psalmodias
1715 2846 1920 2908 audire.
1955 2845 2046 2902 sed
2074 2860 2249 2913 neque

677 2940 937 3009 psallere;
965 2941 1013 2992 ei
1053 2938 1374 3008 respondeo,
1401 2938 1545 3006 quod
1581 2955 1592 2988 :
1623 2935 1752 3000 Quae
1781 2937 1838 2990 ιιι
1877 2935 2128 3004 praesenti
2159 2949 2249 2989 ca-

677 3045 818 3084 none
861 3031 1060 3099 scripta
1102 3040 1247 3093 sunt,
1278 3029 1396 3094 tibi,
1435 3043 1468 3081 ο
1500 3029 1661 3081 homo
1722 3027 1814 3096 qui
1847 3027 1959 3080 ιιωο
1987 3024 2148 3091 dicis,
2183 3040 2247 3081 os

2354 1935 2509 2001 όχους
2555 1933 2688 1992 εῐναι
2717 1957 2729 1968 ·
2762 1941 2857 2001 τὰς
2887 1941 2983 2010 μὲν
3015 1941 3348 2005 ἀτελέστους,
3383 1941 3473 1995 τοῦ
3504 1943 3809 2012 φωτισμοῦο
3837 1944 3926 2010 τὰς

2351 2030 2406 2082 δὲ
2443 2031 3044 2099 μεμυσταγωγημένας,
3101 2030 3207 2083 τῶν
3267 2032 3550 2102 άχράντων
3614 2035 3925 2105 μυστηρίων

2352 2120 2450 2189 τῆς
2487 2120 2859 2189 μεταλήψεωςν
2917 2121 3078 2191 μέχρι
3111 2121 3212 2190 τῆς
3263 2122 3372 2175 τῶν
3425 2130 3477 2194 μ’
3528 2123 3753 2195 ἡμερῶν
3806 2139 3922 2196 πρε

2353 2208 2612 2279 θεσμίας·
2660 2212 2961 2280 νοσήματος
3011 2212 3066 2263 δέ
3118 2228 3262 2277 τινος
3318 2214 3680 2284 κατασχόντος
3713 2216 3809 2268 καὶ
3834 2217 3922 2286 τὴν

2351 2300 2613 2370 διακοπὴν
2644 2300 2743 2369 τῆς
2776 2299 2918 2370 ζωῆς
2945 2301 3312 2366 ἀπειλοῦντος,
3364 2305 3523 2357 παντὶ
3548 2304 3734 2375 τρόπῳ
3767 2323 3920 2375 μεταο

2352 2388 2646 2457 λαμϐάνειν
2673 2390 2839 2452 αὑτὰς
2861 2391 2952 2443 τοῦ
2991 2392 3344 2461 ἀγιάσματος.
3379 2394 3486 2446 Καὶ
3513 2395 3650 2464 μετά
3674 2413 3794 2447 τινα
3822 2399 3921 2448 πά-

2351 2480 2431 2532 λιν
2464 2481 2890 2553 παρακελεύεται
2925 2483 3115 2552 ήαὺτὴ
3140 2485 3306 2554 νεαρά
3338 2486 3464 2555 περὶ
3492 2470 3731 2556 βρεφῶν,
3766 2489 3913 2556 νοσή·

2354 2587 2519 2638 ματος
2557 2571 2652 2639 μὲν
2680 2571 2752 2640 μὴ
2790 2572 3225 2636 κατεπείγοντος,
3255 2571 3392 2640 μετά
3418 2572 3515 2640 τὴν
3567 2572 3912 2642 ὀγδόην

2355 2675 2453 2727 ραν
2483 2660 2655 2713 ταῦτα
2687 2660 3060 2729 βαπτίζεσθαιο
3099 2661 3324 2714 θανάτου
3354 2661 3408 2714 δέ
3427 2664 3816 2732 ἐφισταμένου,
3835 2663 3916 2716 καὶ

2350 2750 2448 2818 τῆς
2480 2750 2668 2820 ὀγδόης
2702 2751 2916 2821 ἡμέρας
2957 2752 3106 2815 ἐντος
3155 2752 3291 2805 αύτά
3341 2751 3712 2822 βαπτίζεσθαι.
3777 2754 3916 2806 Ἐπεὶ

2349 2840 2404 2892 δὲ
2445 2841 2651 2908 ἤκουσά
2685 2857 2824 2902 τινος
2853 2841 3097 2908 λέγοντος
3130 2843 3204 2904 ὡς
3247 2845 3345 2896 οὐκ
3378 2843 3682 2912 ὀφείλουσιν
3702 2845 3752 2898 οἱ
3779 2847 3916 2913 deor

2353 2931 2593 3002 ρισμένοι
2623 2930 2797 2982 λαῖκοὶ
2831 2932 2860 3000 ἦ
2892 2932 3198 3000 ἀκροᾶσθαι
3253 2932 3411 2985 θείων
3442 2932 3914 3005 ψαλμωδημάτων,

2350 3021 2547 3086 ἔξωθεν
2592 3020 2685 3072 τοῦ
2716 3023 2948 3091 προνάου
3001 3023 3306 3090 ἱστάμενοι,
3357 3023 3468 3075 ἀλλ’
3513 3023 3633 3075 οὐδέ
3675 3024 3911 3093 ψάλλεινο

673 3123 988 3178 occludunt.
1039 3119 1510 3185 Quemadmodum
1559 3119 1702 3171 enim
1748 3131 1868 3185 qua:
1917 3117 1971 3169 in
2015 3115 2242 3168 ecclesia

2349 3112 2719 3184 ἀπολογοῦμαι
2754 3113 2889 3184 πρὸς
2931 3113 3091 3165 αὑτὸν
3120 3114 3222 3165 ὅτιο
3255 3114 3336 3166 Τά
3368 3117 3424 3168 ἐν
3463 3114 3538 3184 τῷ
3568 3117 3797 3186 παρόντι
3826 3133 3913 3168 κα-

673 3213 879 3267 vcrsari
916 3227 1022 3266 non
1053 3213 1305 3266 sinuntur
1338 3209 1610 3271 mulieres,
1637 3222 1927 3261 orarenon
1961 3215 2239 3270 vetantur;

671 3303 750 3358 ita
791 3317 888 3355 nec
926 3302 1019 3370 qui
1062 3310 1190 3354 sunt
1237 3300 1524 3370 segregati,
1558 3315 1653 3366 per
1694 3313 1751 3350 se
1796 3311 1953 3350 orare
1988 3297 2240 3366 prohibe-

671 3392 910 3456 buntur;
971 3391 1062 3444 sed
1107 3399 1161 3442 et
1203 3399 1352 3442 extra
1399 3387 1643 3442 ecclesia:
1694 3385 2021 3440 vestibulum
2074 3394 2238 3445 stare,

671 3487 724 3534 et
763 3479 975 3533 divinas
1024 3478 1348 3544 psalmodias
1401 3479 1620 3542 audire;
1663 3487 1716 3530 et
1759 3477 1864 3529 lioe
1904 3475 2046 3530 enim
2089 3477 2146 3528 lit
2175 3475 2240 3527 ad

671 3569 933 3637 majorem
965 3584 1150 3623 eorum
1177 3569 1642 3622 exercitationem.

2347 3204 2456 3257 νόνι
2484 3204 2838 3274 γεγραμμένα
2892 3206 3298 3275 ἐπιστομίζουσί
3343 3223 3421 3269 σε,
3470 3206 3750 3276 άνθρωπε,
3810 3224 3911 3259 τοις

2346 3293 2487 3346 αῦτα
2538 3293 2782 3360 λέγοντα.
2819 3296 3026 3365 Ὠσπερ
3058 3295 3166 3365 γὰρ
3199 3297 3253 3347 αι
3287 3296 3358 3366 μὴ
3423 3295 3911 3366 παραχωρούμενει

2345 3383 2723 3452 ἐκκλησιάζειν
2753 3388 3003 3451 γυναῖκες
3038 3386 3429 3456 προσεύχεσθαι
3483 3387 3542 3439 οὐ
3599 3387 3909 3451 κωλύονται,

2344 3472 2513 3534 οὕτως
2544 3473 2663 3524 ούδέ
2703 3475 2753 3524 oi
2780 3475 3152 3544 ἀφωρισμένοι
3202 3474 3602 3545 κωλυθήσονται
3645 3475 3766 3528 καθ’
3795 3479 3909 3528 ἐαυ-

2341 3563 2467 3624 τοὺς
2503 3562 2780 3631 εῦχεσθαι’
2816 3564 3064 3617 τστασθαι
3093 3565 3148 3618 δὲ
3189 3566 3280 3617 καὶ
3327 3564 3522 3629 ἔξωθεν
3552 3563 3646 3618 τοῦ
3681 3567 3908 3637 προνάου

668 3660 766 3731 τῆς
806 3661 1118 3732 ἐκκλησίας,
1169 3662 1264 3716 καὶ
1297 3660 1595 3731 ἀκροᾶσθαι
1641 3660 1748 3712 τῶν
1804 3661 1963 3714 θείων
2013 3658 2482 3729 ψαλμωδημάτων.
2549 3658 2691 3710 Διότι
2740 3657 2898 3712 τοῦτο
2941 3659 3077 3730 πρὸς
3122 3659 3340 3714 πλείονα
3399 3660 3689 3730 συντρισὴν
3735 3661 3906 3714 αὐτῶν

669 3755 839 3807 ἔστιν.

738 3872 939 3926 Zona.
1014 3872 1365 3929 Hebraeorum
1444 3876 1699 3931 mulieres
1762 3892 1885 3930 cum
1956 3876 2236 3946 sanguinis

667 3960 928 4012 menstrui
954 3959 1132 4014 nostis
1165 3961 1296 4029 ipsis
1319 3964 1604 4032 contingit,
1635 3963 1687 4018 in
1719 3965 1964 4019 solitario
1991 3965 2237 4018 sedentes

666 4047 812 4111 loco,
851 4051 1120 4104 neminem
1164 4052 1268 4106 nisi
1311 4064 1430 4120 post
1464 4063 1669 4123 septem
1710 4055 1924 4123 elapsos
1958 4056 2073 4110 dies
2104 4055 2234 4108 allo-

663 4149 908 4206 quuntur
947 4159 958 4192 :
1000 4141 1141 4194 unde
1177 4143 1396 4195 verbum
1442 4143 1594 4207 illud,
1636 4144 1689 4195 in
1720 4144 1984 4208 abscessu,
2017 4145 2233 4199 desum-

663 4237 813 4296 ptum
854 4238 956 4293 est,
991 4230 1237 4285 indicans
1265 4233 1458 4285 eas-ab
1491 4234 1724 4286 aliarum
1765 4249 2050 4297 consessu,
2087 4235 2230 4288 velut

664 4321 906 4390 impuras
940 4323 1109 4378 fuisse
1140 4335 1467 4393 segregatas.
1504 4323 1746 4395 Rogatus
1771 4341 1931 4394 porro
1958 4328 2043 4379 hic
2071 4325 2230 4380 Pater

661 4411 728 4467 de
763 4413 1010 4468 ﬁdelibus
1054 4415 1411 4481 mulieribus,
1447 4431 1576 4468 num
1617 4431 1710 4470 eas
1750 4432 1871 4470 cum
1916 4427 2226 4470 menstruo—

2409 3873 2653 3926 ΖΩΝΑΡ.
2716 3873 2993 3944 Ἐόραῖδες
3027 3878 3281 3942 γυναῖκες
3327 3877 3416 3929 ὅτε
3467 3875 3694 3946 γένηται
3725 3878 3904 3938 αὐταῖς

2337 3965 2370 4033 ἡ
2405 3963 2509 4014 τῶν
2539 3964 2799 4032 ἐμμήνων
2833 3964 3007 4034 ρῦσις,
3058 3968 3114 4018 ἐν
3162 3967 3310 4036 τόπῳ
3346 3967 3715 4037 μεμονωμένῳ
3747 3967 3903 4036 καθή-

2339 4070 2516 4122 μεναι,
2545 4055 2928 4123 ἡσυχάζουσιν,
2958 4055 3063 4118 ἕως
3095 4055 3158 4108 ἀν
3207 4056 3346 4109 ἑπτὰ
3374 4057 3576 4126 ἡμέραι
3627 4057 3900 4127 παρέλθω-

2335 4161 2436 4196 σιν·
2474 4144 2592 4196 δθεν
2620 4143 2869 4214 εἴληπται
2904 4145 2964 4197 τὸ
2991 4147 3060 4198 ἐν
3092 4145 3346 4215 ἀφέδρφ,
3405 4146 3597 4216 δηλοῦν
3632 4148 3692 4199 τὸ
3739 4165 3896 4217 κεχω-

2339 4234 2518 4304 ρίσθαι
2553 4235 2722 4298 αὑτάς
2765 4237 2871 4288 ἀπὸ
2930 4236 3030 4305 τῆς
3081 4238 3186 4290 τῶν
3236 4237 3433 4290 λοιπῶν
3462 4237 3622 4308 ἔδρας
3655 4239 3732 4302 ὠς
3771 4241 3897 4291 ἀκα-

2336 4324 2581 4394 θάρτους.
2629 4325 2951 4396 Ἐρωτηθεὶς
3001 4327 3058 4379 δὲ
3092 4329 3119 4380 ό
3171 4328 3362 4399 Πατὴρ
3413 4323 3568 4392 οὗτος
3623 4331 3751 4400 περὶ⁵
3799 4329 3896 4382 τῶν

2335 4417 2539 4469 πιστῶν
2567 4418 2856 4484 γυναικῶν,
2893 4419 2940 4469 εί
2965 4418 3066 4488 χρὴ
3099 4420 3298 4484 ταύτας
3328 4422 3474 4493 ὅτειὴ
3501 4420 3610 4472 τῶν
3644 4424 3896 4492 ἐμμήνων

661 4517 779 4554 rum
813 4501 958 4556 ﬂuxu
989 4504 1334 4569 divexantur,
1381 4505 1434 4558 in
1478 4506 1761 4559 ecclesiam
1811 4506 2017 4575 ingredi
2065 4520 2226 4575 Opor-

2346 4505 2483 4570 ιῦσις
2517 4508 2705 4570 αὑταῖς
2739 4486 3236 4576 ἐνοχλεῖίείσιέναι
3292 4513 3370 4574 είς
3414 4486 3735 4583 ἐκκλησίαν,
3771 4486 3895 4567 άπε-

661 4601 790 4656 teat,
833 4593 974 4647 haud
1011 4603 1263 4663 Oportere
1299 4596 1594 4663 respondit,
1639 4593 1947 4664 profertque
1995 4595 2226 4663 exempli

659 4682 780 4736 loco
828 4683 973 4736 illam
1020 4699 1085 4737 ex
1128 4683 1416 4754 Evangelia
1469 4685 1752 4740 mulierem
1785 4701 1904 4754 qua:
1945 4686 2225 4754 sanguinis

656 4771 862 4827 ﬂuxum
908 4775 1230 4843 patiebatur,
1289 4791 1409 4844 quae
1446 4775 1734 4830 Dominum
1794 4777 1969 4844 ipsum
2022 4791 2224 4844 nequac

656 4878 818 4931 quam
861 4879 992 4918 ausa
1025 4876 1108 4919 est
1139 4867 1468 4936 contingere,
1508 4866 1598 4920 sed
1627 4867 1795 4920 vestis
1830 4867 1946 4935 ejus
1983 4874 2220 4919 tantum-

656 4960 818 5012 modo
865 4960 1111 5014 limbum.
1177 4960 1393 5015 Precari
1442 4975 1605 5030 porro
1657 4976 1720 5015 ac
1762 4958 1976 5013 Domini
2028 4959 2220 5012 memi-

654 5047 820 5112 uisse,
851 5050 1046 5118 inquit,
1078 5066 1419 5120 nequaquam
1449 5065 1515 5104 eo
1544 5062 1784 5118 tempore
1831 5048 2217 5117 prohibentur;

653 5153 841 5192 verum
893 5139 946 5192 in
997 5142 1254 5208 templum
1303 5139 1397 5194 Dei
1432 5141 1580 5208 ipsas
1631 5140 1860 5207 ingredi,
1911 5148 2001 5192 aut
2049 5137 2219 5192 sacris

653 5229 925 5300 mysteriis
954 5231 1382 5294 communicare,
1417 5229 1561 5282 baud
1598 5229 1742 5282 licet.

1204 5350 1504 5420 GCANON
1547 5358 1635 5412 ιιι.

720 5489 887 5542 Porro
928 5491 1018 5558 qui
1055 5490 1186 5542 satis
1230 5489 1299 5541 ad
1338 5488 1391 5541 id
1425 5489 1673 5541 instructi
1700 5500 1817 5542 sunt
1857 5499 1905 5541 et
1936 5505 2215 5541 consenue-

649 5578 1010 5642 rttrtt,‘debent
1043 5595 1153 5632 esse
1184 5581 1266 5632 sui
1294 5578 1526 5647 judices.
1562 5578 1714 5642 Quod
1754 5582 1888 5632 enim
1930 5598 1959 5633 a
1995 5597 2046 5632 se
2077 5581 2210 5632 invi-

651 5685 756 5726 am
793 5686 859 5727 ea:
894 5687 1148 5727 consensu
1183 5673 1444 5728 abstinere
1476 5675 1770 5732 conveniat,
1809 5685 1865 5726 ut
1906 5674 1974 5726 ad
2009 5685 2210 5742 tempus

2331 4595 2489 4666 κρίθη
2547 4597 2619 4666 μὴ
2647 4596 2775 4659 δεῖν,
2801 4600 2894 4650 καὶ
2916 4599 3012 4669 τὴν
3042 4601 3100 4652 ἐν
3128 4599 3205 4670 τῷ
3238 4600 3554 4671 Εὑαγγελίῳ
3583 4602 3896 4674 αίμορῤοοῦ-

2330 4700 2427 4736 σαν
2460 4687 2777 4758 παρήγαγεν
2799 4689 2876 4749 είς
2899 4689 3267 4760 παράδειγμα,
3293 4689 3366 4760 μὴ
3387 4691 3738 4760 τολμήσασαν
3760 4691 3891 4754 θίξαι

2325 4773 2419 4825 τοῦ
2456 4775 2678 4845 Κυρίου,
2712 4775 2823 4828 ἀλλ’
2859 4777 2891 4845 ἢ
2929 4779 3089 4846 μόνου
3112 4779 3205 4832 τοῦ
3232 4780 3540 4851 κρασπέδου
3569 4780 3757 4834 αὑτοῦ.
3794 4780 3890 4833 Εὖ-

2324 4863 2515 4932 χεσθαι
2545 4866 2642 4934 μὲν
2672 4866 2780 4937 γάρ
2831 4869 3041 4922 καὶτοῦ
3084 4871 3285 4942 Κυρίου
3335 4871 3667 4942 μεμνῆσθαι,
3713 4873 3886 4943 φησιν,

2323 4958 2430 5010 οὐδ’
2459 4959 2514 5009 ἐν
2540 4958 2618 5028 τῷ
2651 4961 2874 5029 τοιούτῳ
2907 4961 3083 5031 καιρῷ
3106 4961 3535 5032 κωλυθήσονται·
3571 4964 3653 5024 είς
3687 4964 3813 5015 ναὸν
3837 4963 3887 5016 δὲ

2322 5047 2456 5100 Θεοῦ
2490 5050 2732 5115 εἰσιέναι,
2759 5049 2792 5120 ἢ
2826 5051 3255 5122 μεταλαμϐάνειν
3285 5051 3459 5117 αὐτὰς
3487 5052 3600 5108 τῶν
3625 5055 3889 5124 άγιασμάρ

2320 5156 2427 5192 των
2459 5141 2517 5192 οὐ
2543 5141 2639 5193 δεῖ.

2930 5365 3166 5418 ΚΔΝΩΝ
3201 5367 3269 5418 I‘.

2387 5496 2708 5565 Αὐτάρκεις
2739 5497 2807 5550 δὲ
2835 5498 2933 5552 καὶ
2965 5504 3018 5555 ol
3045 5503 3455 5571 γεγηρακότες,
3479 5503 3715 5561 ἑαυτῶν
3738 5509 3879 5579 696l-

2313 5590 2530 5639 λουσιν
2549 5584 2698 5642 εἶναι
2728 5593 2919 5657 κριταί
2925 5632 2937 5646 .
2973 5593 3088 5645 Ὅτι
3123 5595 3229 5662 γὰρ
3248 5593 3577 5662 ἀπέχεσθαι
3597 5599 3875 5667 ἀλλήλων

2314 5679 2626 5747 προσῆκον
2658 5681 2725 5734 ἐκ
2755 5685 3122 5751 συμφωνίας,
3159 5686 3256 5738 ἵνα
3290 5686 3439 5754 πρὸς
3483 5690 3699 5760 καιρὸν
3739 5709 3873 5760 σχο-
