4136 6468
265 374 373 438 469

1314 387 1398 451 1N
1432 388 1671 455 EPIST.
1714 392 1777 454 S.
1822 390 2164 455 DlONYSlI
2207 396 2429 461 ALEX.

3388 412 3491 475 470

266 504 505 548 ,ιασωσι
557 495 633 565 τῇ
686 499 1015 568 προσευχῇ,
1047 504 1142 556 καὶ
1199 506 1385 560 πάλιν
1428 509 1525 561 ἐπὶ
1577 510 1641 563 τό
1694 510 1821 564 ιιὺτί

1939 523 2119 565 vacent
2152 516 2399 577 orationi,
2427 527 2477 567 et
2506 531 2687 570 rursus
2715 520 3043 589 conveniant,
3073 520 3301 581 Paulum
3323 524 3495 580 dicm-

263 580 444 650 ῶσιν,
476 588 769 657 ἀκηκόασι
795 592 1039 645 Παύλου
1068 594 1411 664 γράφοντος.

340 678 536 733 Bm.
578 680 663 743 Ὠς
706 679 898 746 ἔοικεν,
930 683 1184 756 ἠρωτήθη
1218 688 1245 737 6
1280 686 1432 754 ἅγιος
1476 689 1569 742 ἐὰν
1617 691 1830 763 ἐνδέχη-

266 771 509 833 ταιτοὺς
562 770 825 838 συζύγους
876 776 1273 845 γεγηρακότας.
1316 779 1435 845 καθ’
1462 780 1555 843 οὓς
1609 785 1832 853 καιροὺς

268 859 546 927 ιφείλουσι
580 861 995 932 προσεύχεσθαι,
1045 866 1143 936 τῆς
1189 869 1466 937 ἐπιμιξίας
1511 873 1826 942 ἀπέχεσθαι·

267 951 366 1003 καί
394 968 558 1022 φησιν
588 952 663 1015 ὼς
716 955 764 1005 οί
797 953 1047 1022 τοιοῦτοι,
1096 958 1300 1012 ἑαυτῶν
1351 964 1531 1031 κριταὶ
1580 966 1831 1031 γινέσθω-

268 1059 390 1096 σανο
420 1042 513 1096 καί
548 1060 675 1096 ποτε
705 1043 947 1115 ἀλλήλων
968 1049 1031 1100 ὲκ
1062 1051 1347 1119 συμφώνου
1377 1053 1541 1123 ήγουν
1567 1057 1629 1108 ὲκ
1651 1057 1828 1110 κοινοῦ

267 1132 588 1203 θελήματος,
638 1133 1007 1203 ἀπεχέτωσαν,
1032 1137 1199 1205 ήγουν
1243 1140 1382 1193 κατά
1439 1143 1565 1205 τοὺς
1607 1145 1829 1215 καιροὺς

267 1222 389 1276 καθ’
443 1223 539 1287 οὒς
592 1224 954 1295 ἑνετάλθησαν
1010 1230 1439 1299 προσεύχεσθαι,
1498 1233 1829 1301 διαγέτωσαν

269 1312 408 1381 μετὰ
442 1314 624 1385 πάσης
680 1316 1045 1388 σωφροσύνης,
1094 1320 1187 1371 καὶ
1240 1321 1397 1373 πάλιν
1454 1323 1545 1374 ἐπὶ
1587 1323 1648 1374 τὸ
1699 1326 1829 1377 αὐτὸ

265 1403 527 1461 εστωσαν.
568 1402 687 1459 Ὅτι
719 1409 811 1460 καὶ
856 1410 884 1461 6
914 1407 1083 1478 μέγας
1112 1410 1317 1474 Παῦλος
1346 1411 1501 1465 τοῦτο
1532 1412 1825 1480 διετάξατο.

266 1493 377 1546 Καὶ
404 1496 433 1546 6
467 1495 564 1563 μὲν
596 1495 773 1549 κανὼν
797 1497 923 1568 περὶ
955 1500 1337 1570 γεγηρακότων
1359 1502 1538 1573 φησιν·
1581 1503 1828 1568 Ἐξακου-

267 1582 422 1634 στέον
449 1583 505 1635 δὲ
538 1584 607 1636 τὰ
624 1586 683 1637 ὲν
706 1585 854 1656 αὑτῷ
874 1588 967 1640 καὶ
998 1590 1075 1652 είς
1120 1590 1324 1652 πάντας
1354 1594 1477 1655 τοὺς
1507 1594 1823 1674 ὀμοζύγους.

266 1674 461 1736 Καλῶς
486 1675 542 1726 δὲ
567 1670 687 1728 εἷπε
720 1676 782 1729 τὸ
808 1677 876 1731 ἐκ
901 1673 1243 1749 συμφώνου.
1302 1683 1446 1736 Οὔτε
1474 1683 1583 1752 γὰρ
1613 1687 1646 1737 ὀ
1675 1670 1827 1753 ἀνὴρ

262 1762 593 1827 ἐξουσιάζει
619 1766 725 1819 τοῦ
768 1766 919 1822 ίὸιου
951 1769 1239 1838 σώματος⁹
1267 1774 1403 1826 οὔτε
1431 1775 1469 1840 ἠ
1497 1774 1670 1843 γυνὴ,
1689 1776 1827 1830 κατὰ

263 1854 355 1906 τὸν
384 1854 555 1924 μέγαν
588 1857 925 1913 Ἀπόστολον.
980 1830 1076 1913 Διά
1120 1830 1276 1915 τοῦτο
1328 1860 1419 1917 οὖν
1454 1830 1717 1935 ἀλλήλους
1748 1867 1828 1920 δεῖ
1846 1830 1899 1888 ’Β

267 1948 576 2013 συμφωνεῖν
609 1949 733 2016 περὶ
761 1948 991 2020 ἀποχῆς,
1016 1951 1100 2004 ἵνα
1138 1953 1433 2021 σχολάσωσι
1460 1958 1525 2026 τῇ
1552 1960 1822 2030 προσευχῇ

264 2035 361 2088 καὶ
391 2039 457 2106 τῇ
491 2038 729 2109 νηστεία.
764 2041 824 2093 Ei
868 2040 976 2111 γὰρ
1001 2042 1075 2111 μὴ
1107 2045 1170 2095 ὲκ
1215 2047 1526 2115 συμφωνίας
1570 2049 1822 2121 γίνοιτοή

264 2122 770 2198 ἀποχὴ,ἀποστερεῗ
795 2129 1009 2194 πάντως
1031 2132 1090 2185 τὸ
1131 2134 1203 2203 μὴ
1234 2133 1551 2206 βουλόμενον
1582 2139 1679 2209 τὴν
1711 2157 1825 2193 συν·-

262 2215 451 2269 ουσίαν
510 2216 690 2288 μέρος,
746 2219 805 2271 τὸ
845 2219 1047 2291 ταύτην
1100 2223 1408 2293 ὲπιζητοῦν.
1458 2228 1565 2280 Καὶ
1615 2229 1821 2296 πῶςᾶν

263 2304 466 2371 δόξειεν
494 2306 822 2373 ὲξουσιάζειν
844 2309 937 2362 τοῦ
986 2309 1231 2381 σώματος
1255 2315 1345 2367 τοῦ
1376 2316 1449 2386 μὴ
1482 2319 1819 2390 συγχωροῦν-

262 2411 355 2459 τος
406 2395 602 2467 μέρους
631 2398 691 2451 τὸ
713 2399 811 2471 τήν
845 2400 1134 2468 συνάφειαν
1161 2399 1353 2471 ζητοῦν
1386 2406 1479 2460 καὶ
1512 2408 1583 2479 μή
1612 2426 1794 2480 συγχτη

268 2484 558 2554 ρούμενον;
596 2488 883 2556 Συμσαίνει
908 2489 964 2542 δὲ
1009 2492 1101 2544 καὶ
1124 2490 1221 2562 τὴν
1248 2494 1344 2546 τοῦ
1377 2495 1603 2565 θατέρου
1630 2500 1822 2570 ἐγκρά-

264 2590 414 2634 τειαν
439 2578 518 2637 εἰς
544 2576 745 2648 βλάὁην
789 2580 917 2642 ἴσως
962 2580 1273 2636 ἀποϐαίνειν
1319 2584 1560 2653 θατέρου.
1609 2588 1671 2640 Et
1713 2588 1820 2658 γὰρ

266 2667 481 2720 νικᾶται
506 2666 609 2719 ὑπὸ
630 2662 726 2739 τῆς
749 2668 905 2721 ιπιθυ
914 2670 1040 2739 μίας
1060 2674 1154 2725 καὶ
1178 2672 1236 2725 οὐ
1260 2677 1685 2744 παραχωρείται,
1733 2695 1819 2730 πε-

267 2759 571 2828 ριπεσεῖται
597 2757 737 2827 μίξει
763 2757 1003 2829 ἀθέσμῳ.
1057 2763 1201 2833 Ἐρεῖ
1223 2763 1278 2816 δέ
1304 2782 1405 2829 τις,
1429 2766 1502 2828 ὡς
1530 2768 1649 2819 ἐπεὶ
1668 2770 1695 2820 6
1723 2786 1818 2820 κα-

264 2846 373 2899 νών
402 2864 564 2917 φησιν
585 2847 989 2903 ἀποδιῖστασθαι
1014 2852 1138 2915 τοὺς
1180 2854 1475 2924 όμοζύγους
1514 2856 1598 2909 ῐνα
1625 2858 1816 2927 σχολά-

266 2951 402 2989 σωσι
423 2938 489 3006 τῇ
517 2940 809 3008 προσευχῇ,
837 2939 865 2990 6
931 2940 1244 3005 Ἀπόστολος
1274 2943 1331 2995 δὲ
1355 2944 1641 3015 διορίζεται
1670 2947 1818 3001 ἀδια-

263 3024 496 3088 λείπτως
517 3027 664 3096 ήμᾶς
689 3030 1100 3099 προσεύχεσθαι,
1126 3032 1211 3084 ἀεὶ
1232 3034 1336 3103 χρὴ
1363 3036 1452 3088 καὶ
1497 3037 1618 3099 τοὺς
1646 3055 1815 3093 συνοι-

263 3112 493 3178 κοῦντας
537 3115 778 3186 ἀλλήλων
820 3118 1151 3188 ἀπέχεσθαι;
1216 3122 1351 3174 Ἀλλ’
1378 3126 1438 3177 οὐ
1493 3127 1615 3199 περὶ
1637 3129 1815 3199 πάσης
1842 3142 1886 3205 C

261 3205 578 3276 προσευχῆς
598 3208 626 3259 6
648 3205 804 3275 λόγος
834 3208 970 3261 ἐστί·
1024 3211 1147 3283 περὶ
1182 3212 1238 3265 δὲ
1280 3214 1377 3283 τῆς
1403 3217 1818 3288 σπουδαιοτέρας

260 3293 433 3363 ἦγουν
453 3294 550 3364 τῆς
575 3293 682 3347 τῶν
712 3296 880 3363 ἁγίων
928 3300 1206 3369 νηστειῶν,
1234 3301 1313 3354 δτι
1349 3304 1440 3355 καὶ
1464 3304 1548 3357 διὰ
1579 3305 1669 3357 τοῦ
1693 3308 1817 3360 Μω-

262 3384 450 3447 σέωςό
488 3384 619 3448 Θεὸς
642 3388 1066 3458 παρηγγυήσατο
1085 3392 1197 3453 τοῖς
1234 3391 1501 3456 Ἰουδαίοις
1542 3395 1816 3463 μέλλουσιν

259 3473 491 3527 ἀκοῦσαι
514 3474 621 3528 τῶν
643 3476 701 3528 ἐν
724 3476 801 3546 τῷ
823 3468 937 3546 ὄρει
960 3476 1118 3529 θείων
1138 3479 1347 3545 φωνῶν,
1377 3482 1673 3551 ἀπέχεσθαι
1710 3485 1815 3539 τῶν

257 3563 475 3617 οἰκείων
502 3564 773 3634 γαμετῶν.
801 3566 909 3619 Καὶ
932 3568 961 3618 6
985 3568 1263 3638 προφήτης
1287 3570 1458 3639 Ἰωήλ·
1497 3571 1813 3640 Ἁτιάσατε,

258 3652 416 3721 φησι,
466 3653 769 3719 νηστείαν,
826 3654 922 3706 καί
978 3653 1260 3717 ἐξελθέτω
1317 3660 1572 3725 νυμφίος
1614 3662 1681 3714 ἐκ
1711 3663 1815 3716 τοῦ

258 3741 543 3807 κοιτῶνος
567 3743 774 3807 αὑτοῦ,
802 3744 900 3797 καὶ
931 3746 1130 3813 νύμφη
1182 3745 1249 3799 ἐκ
1298 3747 1402 3801 τοῦ
1426 3751 1657 3803 παστοῦ
1712 3753 1816 3804 αὐ·-

256 3828 388 3897 τῆς.
420 3832 635 3885 Τούτων
680 3834 736 3886 δὲ
787 3833 957 3896 οὕτως
1002 3837 1251 3906 ἑχόντων,
1301 3838 1360 3890 οὐ
1406 3840 1609 3910 συνορῷ
1646 3842 1814 3905 ποίοις

254 3921 552 3991 ἐπιτιμίοις
578 3922 1144 3993 καθυποῦληθήσονται
1192 3928 1238 3978 οί
1277 3926 1446 3980 ταῦτα
1496 3928 1571 3999 μὴ
1618 3929 1814 3998 φυλάτ-

255 4029 461 4073 τοντες.
492 4012 711 4082 Νομίζω
752 4013 807 4065 δὲ
850 4014 930 4065 ὅτι
971 4013 1111 4067 κατά
1151 4014 1247 4084 τὴν
1289 4015 1555 4087 διάκρισιν
1582 4017 1671 4070 τοῦ
1717 4019 1813 4089 τὴν

256 4102 574 4174 ἐξαγορείαν
598 4103 886 4174 δεχομένου
911 4105 943 4174 ἠ
969 4104 1228 4174 θεραπεία
1269 4107 1553 4177 γενήσεται
1578 4109 1711 4179 πρὸς
1746 4110 1813 4163 τὰ

255 4192 522 4262 πρόσωπα
543 4193 636 4246 καὶ
660 4193 757 4262 τὴν
778 4195 1017 4264 ἀνάγκην
1038 4194 1133 4264 τῆς
1156 4194 1384 4263 φύσεως.
1403 4198 1521 4249 -Καὶ
1546 4198 1810 4267 ἀνάγνωθι

250 4282 349 4333 τὸν
377 4283 452 4353 ρβ¹
509 4282 704 4334 κανόνα
724 4282 824 4352 τῆς
845 4284 902 4336 ὲν
922 4282 997 4353 τῷ
1020 4282 1270 4353 Τρούλλῳ
1302 4285 1532 4338 συνόδου.

325 4370 567 4423 ΖΩΝΔΡ.
610 4372 743 4442 Περὶ
767 4372 872 4425 τῶν
897 4374 953 4425 ὲν
978 4373 1137 4444 γάμῳ
1157 4375 1371 4445 νομίμῳ
1401 4376 1652 4445 βιούντων
1678 4380 1812 4448 ἐρω-

1936 614 2035 656 ιεηι
2065 606 2373 658 audiverunt
2424 609 2461 659 ⁸.

2003 692 2157 746 Baus.
2198 691 2264 747 Ut
2305 704 2387 748 est
2422 695 2736 762 verisimile,
2772 697 2948 754 fuerat
2995 712 3216 757 sanctus
3264 706 3493 761 interro.

1932 793 2118 847 gatus,
2164 800 2232 837 an
2284 785 2551 851 admittat,
2609 788 2870 857 eonjuges
2921 792 3012 859 qui
3068 798 3486 860 consenuerunt,

1931 879 2040 940 quo
2080 882 2319 943 tempore
2358 875 2554 931 debent
2602 892 2781 944 orare,
2831 896 2862 934 a
2899 883 3276 951 conjunctione
3321 889 3491 943 absti-

1929 976 2099 1016 nere:
2140 972 2195 1017 et
2232 966 2382 1031 dicit,
2427 967 2571 1036 quod
2616 984 2709 1039 qut
2758 970 2891 1025 tales
2938 982 3083 1039 sunt,
3128 974 3322 1031 debent
3369 993 3490 1033 esse

1929 1051 2012 1104 sui
2035 1052 2275 1121 judices,
2304 1064 2357 1109 et
2382 1056 2731 1133 aliquando‘a
2761 1074 2820 1114 se
2848 1061 3075 1117 invicem
3101 1080 3165 1119 ex
3193 1082 3487 1136 consensu,

1930 1156 2024 1196 seu
2065 1158 2131 1197 ex
2181 1148 2455 1200 communi
2497 1149 2792 1215 voluntate,
2829 1152 3141 1221 abstinere;
3181 1158 3252 1211 ita
3290 1169 3346 1212 ut
3377 1174 3489 1229 quo

1931 1238 2170 1299 tempore
2215 1248 2389 1289 orare-
2423 1245 2751 1302 statuerunt,
2798 1256 2919 1295 cum
2957 1246 3104 1298 omni
3151 1251 3484 1304 continentia

1928 1331 2207 1375 versentur
2236 1366 2249 1386 ,
2310 1335 2362 1378 et
2409 1342 2600 1383 rursus
2645 1330 2805 1383 simul
2854 1335 3198 1388 conveniant.
3251 1337 3383 1393 Nam
3431 1349 3484 1394 et

1928 1427 2156 1482 magnus
2190 1413 2391 1469 Paulus
2425 1418 2528 1471 hoc
2563 1420 2769 1472 statuit.
2802 1420 2866 1474 Et
2899 1437 3069 1479 canon
3098 1427 3314 1493 quidem
3352 1430 3482 1484 dicit

1927 1500 1995 1553 de
2030 1501 2097 1554 iis
2124 1502 2217 1569 qui
2262 1507 2644 1560 consenuerint
2678 1524 2691 1559 :
2736 1520 2819 1562 est
2859 1521 3039 1565 autem
3078 1514 3238 1571 etiam
3285 1518 3483 1574 intelli—

1933 1590 2137 1657 gendus
2162 1592 2227 1645 de
2257 1596 2509 1648 omnibus
2554 1598 2898 1668 conjugibus.
2929 1600 3093 1658 Recte
3134 1616 3315 1661 autem
3346 1610 3483 1666 dixit

1928 1678 2086 1743 illud.
2130 1697 2194 1734 ex
2222 1698 2471 1738 consensu
2507 1703 2524 1740 :
2564 1686 2742 1757 Neque
2762 1692 2898 1743 enim
2939 1694 3017 1745 vir
3047 1694 3197 1750 habet
3243 1701 3326 1753 sui
3363 1717 3479 1755 cor—

1929 1772 2070 1836 poris
2095 1780 2401 1839 potestatem
2424 1818 2436 1841 ,
2473 1792 2562 1829 nec
2591 1780 2775 1832 mulier
2814 1778 2863 1845 ⁸,
2892 1785 3187 1839 secundum
3223 1803 3476 1860 magnum

1926 1861 2262 1944 Apostolum.
2306 1863 2590 1934 Propterea
2624 1883 2752 1937 ergo
2782 1885 2878 1925 eos
2905 1884 3114 1941 oportet
3155 1879 3291 1931 inter
3322 1895 3380 1934 sc
3409 1881 3477 1936 de

1924 1952 2248 2006 continendo
2290 1957 2623 2021 consentire,
2665 1968 2721 2011 ut
2758 1968 2945 2014 vacent
2991 1966 3221 2019 orationi
3255 1979 3306 2022 ct
3338 1970 3480 2040 jeju-

1922 2037 2034 2090 nio.
2088 2037 2201 2094 Nisi
2246 2041 2387 2094 enim
2431 2057 2494 2095 ex
2538 2058 2803 2101 consensu
2842 2049 3174 2116 abstineant,
3205 2037 3478 2124 pars'quae.

1923 2142 2027 2180 non
2064 2129 2180 2180 vult
2230 2131 2453 2183 omnino
2498 2135 2970 2206 conjunctionem,
3020 2141 3314 2200 frustratur
3353 2162 3472 2202 eam

1921 2230 2041 2285 qua:
2070 2220 2301 2286 postulat
2332 2238 2344 2273 :
2374 2228 2427 2273 et
2456 2226 2730 2290 quomodo
2762 2242 2823 2282 ea
2854 2244 2976 2297 pars
3003 2248 3122 2300 qua:
3144 2236 3475 2305 conjunctio-

1920 2319 2042 2358 nem
2076 2309 2266 2375 quaerit
2305 2321 2489 2363 etnon
2521 2316 2861 2380 permittitur,
2902 2320 3019 2387 ejus
3058 2339 3178 2390 quae
3216 2339 3321 2380 non
3350 2342 3473 2396 per-

1920 2395 2081 2447 mittit
2126 2404 2440 2463 potestatem
2476 2400 2673 2456 habere
2716 2405 2997 2461 videatur?
3036 2410 3242 2465 Accidit
3290 2421 3470 2471 autem

1919 2491 1979 2536 ut
2003 2484 2164 2536 etiam
2204 2486 2425 2540 alterius
2469 2492 2797 2544 continentia
2835 2494 3055 2550 alterius
3080 2502 3246 2567 partis
3271 2504 3468 2560 damna

1918 2574 2089 2625 cedat.
2144 2572 2199 2627 Si
2248 2579 2391 2630 enim
2448 2593 2478 2631 a
2525 2580 2820 2649 cupiditate
2866 2584 3115 2653 vincitur,
3171 2600 3223 2647 et
3269 2610 3375 2648 non
3411 2598 3468 2653 llt

1916 2662 1965 2715 ei
2013 2674 2266 2731 potestas,
2320 2667 2371 2719 in
2418 2671 2617 2723 coitum
2671 2672 3003 2741 illegitimum
3066 2678 3284 2736 incidet.
3330 2683 3470 2742 Dicit

1917 2762 2094 2805 autem
2148 2756 2412 2823 quispiam
2463 2777 2475 2811 :
2526 2758 2661 2813 Cum
2704 2776 2879 2816 canon
2940 2765 3082 2839 dicat
3137 2774 3465 2837 separandos

1916 2853 2035 2894 esse
2080 2843 2337 2912 conjuges
2393 2856 2451 2899 ut
2507 2850 2736 2901 orationi
2788 2862 2997 2918 vacent,
3048 2854 3235 2910 deﬁnit
3286 2869 3464 2917 autem

1914 2929 2204 2997 Apostolus
2255 2949 2352 2988 nos
2388 2936 2583 3003 debere
2622 2939 2739 2993 sine
2769 2940 3174 2999 intermissione
3211 2962 3369 3003 orare
3399 2958 3419 2990 ⁸
3450 2965 3464 3006 ς

1916 3034 2197 3092 semperne
2259 3034 2469 3091 Oportet
2494 3042 2587 3082 eos
2612 3031 2705 3098 qui
2733 3030 3062 3099 cohabitant,
3097 3050 3125 3089 a
3155 3052 3212 3091 se
3237 3038 3466 3094 invicem

1915 3108 2224 3165 abstinere?
2259 3116 2351 3167 sed
2392 3130 2496 3168 non
2528 3116 2592 3170 de
2618 3120 2810 3187 quavis
2850 3124 3093 3178 oratione
3136 3127 3330 3195 agitur,
3373 3132 3463 3185 sed

1915 3198 1981 3250 de
2027 3203 2437 3267 praestantiore,
2487 3217 2795 3261 sanctorum
2854 3212 3063 3265 scilicet
3109 3213 3462 3283 jejuniorum.

1916 3286 2047 3340 Nam
2078 3298 2131 3343 ct
2162 3306 2254 3358 per
2281 3291 2516 3361 Moysem
2552 3292 2693 3351 Deus
2722 3296 2922 3354 Judazis
2944 3301 3155 3358 divinas
3196 3320 3356 3363 voces
3406 3309 3461 3363 in

1917 3387 2097 3433 monte
2153 3382 2420 3439 audituris
2465 3388 2720 3455 praecepit
2762 3399 2819 3443 ut
2868 3406 2897 3444 a
2937 3396 3171 3463 propriis
3202 3399 3462 3457 uxoribus

1916 3471 2247 3525 abstinerent
2299 3474 2343 3525 ⁸.
2388 3473 2453 3528 Ει
2484 3478 2741 3545 propheta
2777 3479 2894 3536 Joel
2925 3501 2938 3536 :
2971 3483 3330 3555 Sanctiﬁcate,
3375 3492 3459 3545 in-

1914 3563 2061 3630 quit,
2094 3562 2380 3631 jeium’um,
2414 3574 2462 3619 et
2500 3578 2647 3621 exeat
2686 3587 2904 3639 sponsus
2940 3590 3006 3628 ea:
3047 3578 3370 3655 ειιὺὶιίσιιιο,
3409 3591 3462 3636 et

1916 3670 2103 3722 sponsa
2137 3671 2201 3708 ea:
2232 3671 2325 3708 suo
2361 3658 2590 3711 thalamo
2642 3663 2685 3715 ⁸.
2734 3661 2870 3717 Cum
2916 3665 3029 3719 haec
3071 3677 3248 3724 autem
3290 3673 3362 3727 ita
3403 3687 3462 3728 se

1917 3744 2166 3808 habeant,
2198 3762 2303 3801 non
2346 3747 2505 3803 video
2535 3750 2856 3814 quibusnam
2892 3758 3065 3823 poenis
3106 3760 3462 3830 subjicientur

1914 3833 2006 3900 qui
2058 3832 2168 3887 haec
2216 3848 2321 3886 non
2375 3846 2611 3890 servant.
2670 3839 2933 3893 Existimo
2968 3854 3144 3897 autem
3188 3849 3329 3915 quod
3364 3864 3461 3918 pro

1911 3922 2117 3990 judicio
2151 3924 2267 3990 ejus
2295 3925 2386 3991 qui
2429 3926 2577 3981 audit
2614 3926 3032 3998 confessi-onem,
3060 3936 3327 3990 medicina
3366 3938 3460 3991 ad-

1914 4011 2127 4065 hibetur
2159 4015 2423 4082 personis,
2472 4022 2525 4070 et
2571 4020 2875 4074 necessitati
2925 4034 3148 4077 naturae.
3201 4025 3337 4096 Lege
3365 4027 3462 4081 102

1914 4115 2035 4156 ean.
2060 4116 2175 4171 syn.
2210 4104 2262 4155 in
2290 4102 2491 4159 Trullo.

1984 4370 2178 4425 Zama.
2221 4371 2293 4425 De
2334 4373 2400 4427 iis
2437 4376 2534 4443 qui
2574 4376 2811 4445 legitimo
2848 4378 2987 4432 inter
3020 4394 3079 4434 se
3115 4382 3460 4436 matrimonio

250 4460 439 4532 τηθεὶς
470 4463 518 4513 εί
550 4462 653 4532 χρὴ
684 4462 978 4533 ἀπέχεσθαι
1006 4463 1263 4535 ἀλλήλων,
1300 4465 1497 4535 ἔφησεν
1546 4466 1620 4530 ὠς
1661 4445 1805 4535 όερεί-

1926 4461 2148 4528 :opulali
2180 4460 2324 4525 sunt,
2370 4472 2590 4533 rogatus
2628 4481 2758 4520 num
2801 4468 3070 4523 abstinere
3108 4470 3334 4524 invicem
3364 4472 3460 4525 de-

250 4550 435 4604 λουσιν
482 4552 530 4604 oi
582 4553 807 4606 τοιοῦτοι
849 4554 1000 4606 αὐτοὶ
1047 4555 1248 4608 ἑαυτῶν
1302 4551 1437 4608 εἶναι
1467 4559 1668 4626 κριταὶ,
1717 4559 1808 4611 καί

1913 4547 2092 4612 beant,
2112 4551 2407 4617 respondit,
2422 4561 2668 4620 oportere
2686 4554 2950 4623 ipsosmet
2978 4557 3063 4611 sui
3087 4572 3205 4613 esse
3227 4559 3457 4627 judices,

252 4653 386 4690 ποτε
437 4637 677 4707 ἀλλήλων
721 4638 1014 4709 ἀπέχεσθαι
1069 4643 1132 4693 ἐκ
1183 4641 1489 4711 συμφώνου,
1529 4644 1691 4712 ήγουν
1744 4646 1804 4697 ὲκ

1926 4646 1965 4691 :t
2002 4639 2291 4706 aliquando
2332 4642 2602 4697 abstinere
2641 4643 2904 4708 invicem,
2944 4662 3006 4699 ex
3037 4663 3324 4714 consensu,
3358 4649 3460 4704 boc

248 4724 434 4777 κοινοῦ
464 4724 779 4795 θελήματος.
817 4726 949 4781 Οῦτε
982 4729 1086 4800 γὰρ
1119 4732 1147 4782 6
1189 4729 1325 4799 ἀνὴρ
1374 4732 1668 4797 ἐξουσιάζει
1713 4733 1805 4785 τοῦ

1926 4736 1991 4782 :st
2019 4731 2293 4783 communi
2316 4731 2619 4800 'utriusque
2644 4734 2968 4790 voluntate.~
2992 4736 3173 4807 Neque
3204 4740 3346 4793 enim
3377 4741 3460 4793 vir

253 4810 385 4863 [δίου
417 4809 677 4880 σώματος,
712 4812 835 4865 οὔτε
877 4817 908 4884 ή
958 4814 1112 4886 γυνὴ,
1147 4815 1293 4869 κατὰ.
1311 4817 1401 4870 τὸν
1437 4820 1605 4887 μέγαν
1650 4821 1801 4873 Ἀπό-

250 4900 456 4953 στολον.
486 4901 583 4953 Διὰ
613 4901 770 4954 τοῦτο
820 4899 909 4956 οὖν
962 4907 1266 4973 συμφωνεῖν
1296 4906 1550 4977 ἀλλήλους
1576 4907 1655 4960 δεῖ
1685 4911 1810 4980 περὶ

249 4989 464 5059 ἀποχῆς
495 4990 579 5042 ἵνα
607 4992 904 5059 σχολάσωσι
937 4996 1001 5063 τῇ
1037 4998 1326 5065 προσευχῇ,
1351 4997 1442 5047 καὶ
1475 5000 1539 5067 τῇ
1568 5000 1803 5070 νηστείᾳ.

1915 4827 2227 4887 potestatem
2274 4821 2433 4874 habet
2485 4822 2570 4877 sui
2623 4826 2885 4892 corporis,
2936 4843 3109 4897 neque
3156 4831 3369 4893 mulier,
3401 4838 3459 4884 ut

1914 4924 2141 4977 magnus
2170 4910 2460 4978 Apostolus
2495 4912 2587 4965 ait.
2624 4912 2856 4968 Proinde
2892 4931 3021 4987 ergo
3054 4920 3341 4974 convenire
3378 4921 3460 4973 in-

1915 5007 1992 5052 ter
2019 5014 2076 5052 se.
2108 5000 2331 5053 invicem
2360 5011 2568 5070 oportet
2598 5004 2661 5057 de
2686 5005 3028 5069 abstinentia,
3062 5017 3121 5061 ut
3162 5010 3457 5077 precationi

251 5078 318 5131 Εἰ
353 5080 427 5148 μὴ
458 5079 564 5149 γάρ
597 5081 659 5132 ἐκ
690 5081 975 5151 συμφώνου
1007 5083 1203 5150 γίνοιτο
1231 5089 1262 5155 ή
1292 5088 1487 5157 ἀποχὴ,
1524 5090 1807 5162 ἀποστερεί

1926 5105 1976 5142 ιο
2011 5089 2215 5158 jejunio
2240 5102 2442 5145 vacent.
2479 5091 2683 5147 Etenim
2724 5096 2768 5149 si
2804 5111 2907 5151 non
2943 5112 3005 5151 ex
3037 5108 3304 5154 consensu
3334 5102 3459 5155 ahs-

252 5168 469 5231 πάντως
506 5170 565 5221 τὸ
612 5170 684 5240 μὴ
720 5170 1037 5241 βουλόμενον
1072 5175 1169 5244 τὴν
1204 5177 1484 5229 συνουσίαν
1532 5179 1711 5249 μέρος,
1746 5180 1806 5231 τὸ

249 5259 454 5327 ταύτην
488 5258 794 5330 ὲπιζητοῦν.
825 5262 933 5315 Καὶ
962 5263 1076 5326 πῶς
1115 5264 1178 5317 ἂν
1211 5266 1336 5338 δόξῃ
1364 5267 1688 5332 ὲξουσιάζειν
1716 5270 1805 5321 τοῦ

254 5347 504 5419 σώματος
531 5349 625 5402 τοῦ
658 5350 730 5420 μὴ
765 5352 1167 5423 συγχωροῦντος
1196 5356 1410 5426 μέρους,
1438 5358 1498 5410 τὸ
1522 5360 1617 5428 τὴν
1653 5361 1810 5413 συνά-

252 5455 411 5507 φειαν
443 5439 636 5509 ζητοῦν
667 5442 755 5493 καὶ
801 5438 871 5509 μὴ
916 5445 1386 5513 συγχωρούμενον;
1434 5449 1723 5517 Συμσαίνει
1753 5450 1801 5502 δὲ

254 5528 352 5582 καὶ
391 5526 490 5599 τήν
535 5528 757 5595 θατέρου
802 5530 1141 5599 ἐγκράτειαν,
1178 5535 1255 5596 εἰς
1286 5534 1486 5606 βλάϐην
1520 5539 1648 5601 ἴσως
1675 5540 1808 5592 ἀπο-ο

884 5708 901 5734 9
949 5714 1074 5767 "illi.

347 5710 360 5741 ³
398 5714 413 5765 l
445 5713 571 5768 (ἴον.
611 5730 702 5775 vn,
884 5710 901 5734 ’
949 5714 1074 5767 Ibid.
1112 5717 1159 5768 ί.
1259 5712 1275 5742 ⁸
1318 5719 1336 5771 l
1371 5718 1557 5773 Thess.
1592 5738 1639 5784 γ,
1681 5723 1758 5776 ίῖ.

1912 5179 2134 5243 tiueant,
2188 5177 2456 5234 fraudabit
2520 5182 2673 5251 plane
2707 5200 2770 5238 ea
2805 5201 2929 5255 pars
2958 5204 3079 5257 quae
3108 5204 3458 5260 congressum

1910 5269 2105 5334 renuit,
2135 5269 2360 5323 alteram
2401 5287 2522 5339 qua:
2560 5275 2701 5331 hunc
2738 5278 2996 5345 deposcit.
3032 5280 3193 5349 Atqui
3222 5297 3456 5350 quonam

1911 5362 2068 5414 modo
2129 5360 2279 5415 dicas
2335 5371 2650 5430 potestatem
2712 5367 2907 5422 habere
2972 5369 3023 5423 in
3083 5385 3280 5440 corpus
3340 5371 3457 5440 ejus

1910 5452 2075 5518 partis
2101 5466 2220 5519 quae
2254 5467 2602 5521 congressum
2651 5455 2859 5523 abnuit,
2896 5458 3115 5513 alteram
3170 5461 3256 5514 cui
3295 5462 3459 5529 dupo-

1911 5540 2077 5594 scenti
2136 5540 2223 5592 ille
2274 5541 2689 5611 haudquaquam
2756 5548 3122 5614 permittitur?
3181 5549 3458 5619 Centingit

1921 5724 2082 5776 limi.
2125 5742 2231 5783 xiv,
2266 5728 2345 5778 lii.
2446 5725 2461 5749 ⁷
2500 5727 2631 5781 .lm'l.
2664 5747 2716 5793 ιι,
2758 5733 2838 5789 l5.
2880 5733 2958 5785 lli.
