4136 6468
264 400 375 464 473
1343 399 1425 462 ΙΝ
1463 401 1583 461 ΕΙἾ
1594 401 1700 461 ST.
1742 400 1803 462 S.

1901 398 2182 460 lONYall
2230 395 2441 459 ALEX.
3370 390 3475 457 474

268 529 419 579 ναῖον
451 522 681 587 cung
705 523 892 595 κριτὴν
919 522 1183 591 ἐχέτωσαν
1207 536 1221 552 ·
1255 521 1394 575 ὥστε
1428 522 1476 574 εί
1512 520 1610 591 μὲν
1639 522 1711 592 μή
1742 537 1804 573 τι·

1918 518 2150 588 judicem
2201 519 2432 573 habeant
2492 517 2761 589 prapriam
2817 514 3242 595 conscientiam;
3304 523 3363 567 ut
3415 513 3459 568 si

267 628 360 675 νος
392 611 689 681 ἑμπαθείας
720 610 1197 682 προϋποκειμένης,
1220 609 1414 679 συνέϐη
1439 611 1617 672 αὐτοῖς
1638 610 1812 675 τοῦτο,

266 698 585 771 αὕτομάτως
633 702 729 770 τῆς
768 699 976 768 φύσεως
1025 700 1344 769 ὲκκρινάοης
1383 700 1457 763 ὡς
1504 701 1813 770 περίττωμα

268 790 366 861 τὴν
417 791 629 859 ἑκροὴν,
662 790 757 840 οὐκ
806 789 1277 857 ὲμποδισθήσονται
1320 787 1426 838 τῶν
1465 788 1814 854 άγιασμάτων

271 878 607 947 μεταλαϐεῖν.
646 878 706 929 Εἰ
737 878 792 929 δέ
822 894 929 929 τισι
963 877 1302 945 προϋπῆρξεν
1343 876 1399 940 ἐξ
1430 876 1697 945 ὲμπαθοῦς
1728 877 1816 929 λο-

267 963 465 1031 γισμοῦ
498 964 775 1033 ἐπιθυμία,
801 967 891 1017 καὶ
914 964 1086 1035 ταύτῃ
1117 964 1540 1034 ἐπηκολούθησεν
1572 965 1753 1035 ὲκροὴ,
1780 966 1812 1035 ἢ

272 1052 329 1116 ὶξ
356 1054 626 1123 ἀκρασίας
641 1054 935 1123 βρωμάτων
970 1056 1063 1107 καί
1098 1057 1301 1117 πόσεως
1338 1056 1525 1125 συνέϐη
1570 1057 1743 1119 τοῦτο,
1766 1058 1813 1109 oi

273 1140 495 1193 τοιοῦτοι
516 1144 613 1193 οὐκ
635 1143 737 1194 εἰσὶ
756 1143 977 1213 καθαροί
998 1159 1011 1171 ·
1043 1143 1103 1194 οὐ
1130 1144 1215 1195 διὰ
1237 1146 1332 1211 τὴν
1358 1144 1509 1213 ρὖιν
1532 1145 1622 1197 τοῦ
1650 1146 1814 1216 σπέρ-

272 1246 436 1299 ματος
470 1229 564 1298 (οὐ
599 1231 703 1300 γὰρ
732 1231 1031 1300 ἀκάθαρτον
1075 1230 1248 1293 τοῦτο,
1282 1232 1401 1282 ἐπεὶ
1447 1233 1576 1301 μηδὲ
1609 1234 1640 1301 ἠ
1681 1233 1814 1302 σὰρξ

266 1318 328 1383 ἐξ
349 1312 415 1388 ἧς
443 1321 611 1370 ἐκεῖνο
635 1320 948 1389 περίττωμα
970 1321 1008 1385 ),
1044 1319 1177 1373 ἀλλὰ
1204 1320 1290 1372 διὰ
1317 1321 1378 1371 τὸ
1409 1321 1635 1390 πονηρὸν
1664 1321 1814 1371 ἐνθύ-

267 1423 390 1475 μιον
418 1409 551 1479 ὅπερ
579 1408 796 1477 ὲμόλυνε
821 1412 915 1478 τὴν
939 1409 1189 1462 διάνοιαν.
1208 1410 1264 1461 '0
1292 1409 1418 1475 γοῦν
1448 1410 1698 1472 τοιοῦτος,
1715 1411 1812 1460 οὐκ

263 1496 649 1567 εὐσυνείδητος,
684 1498 970 1550 κάντεῦθεν
1000 1499 1104 1551 οὑὸ
1137 1500 1595 1569 εὐπαρῤησίαστος
1633 1502 1711 1561 είς
1752 1500 1813 1552 τὸ

264 1584 577 1653 προσελθεῖν
599 1586 675 1654 τῷ
694 1586 828 1655 Θεῷ.
848 1588 1064 1654 Ἐπάγει
1088 1588 1141 1640 δὲ
1166 1589 1257 1639 καὶ
1285 1589 1381 1656 τὴν
1411 1588 1601 1659 χρῆσιν
1630 1591 1692 1640 ἐκ
1718 1590 1810 1642 τοῦ

265 1674 503 1742 μεγάλου
537 1674 745 1726 Παύλου
778 1675 1079 1745 γράψαντος
1122 1677 1246 1745 περὶ
1287 1676 1395 1743 τῶν
1428 1678 1808 1741 εἰδωλοθύτων,

260 1765 344 1816 ὅτι
377 1768 409 1818 ό
441 1763 894 1832 διακρινόμενος,
926 1766 1032 1819 ἐὰν
1052 1765 1229 1833 φάγῃ,
1261 1766 1679 1834 κατακέκριται.
1708 1769 1811 1820 Πε-

1920 610 2063 662 nulla
2091 610 2425 678 prmeedente
2458 609 2624 662 animi
2657 588 3055 677 perturbatione
3084 605 3184 659 hoc
3208 605 3287 657 eis
3317 606 3461 657 acci-

1918 698 2087 761 derit,
2123 708 2312 750 natura
2345 712 2444 751 sua
2477 706 2664 765 sponte
2700 697 2838 749 hanc
2870 694 3162 747 ﬂuxionem
3205 701 3458 759 tanquam

1918 796 2315 843 excrementum
2371 796 2727 867 excernente.
2788 799 2895 837 non
2941 782 3295 860 impedientur
3342 796 3462 833 esse

1919 885 2374 929 sacramentorum
2429 874 2739 944 participes.
2792 871 2847 925 Si
2903 872 3100 939 quibus
3164 882 3340 923 autem
3394 884 3457 922 ex

1919 965 2147 1019 sationis
2195 967 2594 1032 perturbatione
2636 962 2947 1031 przecxstitit
2989 963 3273 1028 cupiditas,
3322 975 3458 1013 eam.

1918 1068 2023 1120 que
2055 1054 2270 1107 elllnxio
2300 1064 2586 1108 consecuta
2619 1054 2708 1116 sit,
2739 1053 2817 1105 vel
2843 1068 2907 1105 ex
2937 1051 3176 1105 ciborum
3202 1063 3463 1119 potusque

1919 1142 2327 1210 intemperantia
2361 1145 2461 1197 hoe
2498 1142 2754 1205 evenerit,
2808 1141 2841 1193 ii
2873 1142 2987 1207 puri
3022 1155 3126 1192 non
3161 1151 3320 1203 sunt;
3355 1156 3461 1193 non

1924 1241 2137 1298 propter
2168 1232 2369 1285 ﬂuxum
2404 1234 2623 1286 seminis
2654 1234 2780 1299 (non
2812 1240 2893 1284 est
2924 1231 3063 1283 cnim
3097 1230 3198 1283 hoc
3231 1230 3463 1282 immun~

1917 1319 2065 1382 dum,
2097 1322 2232 1373 sicut
2272 1337 2369 1375 nec
2394 1338 2551 1381 caro,
2584 1322 2739 1388 cujus
2781 1330 2864 1374 est
2889 1320 3335 1378 excrementum),
3367 1319 3460 1372 sed

1917 1418 2132 1474 propter
2162 1410 2354 1462 malam
2397 1412 2794 1478 cogitationem,
2820 1425 2941 1476 quae
2977 1418 3205 1461 mentem
3249 1409 3457 1475 polluit.

1915 1492 2017 1558 Qui
2067 1497 2229 1564 igitur
2276 1506 2357 1552 est
2393 1499 2680 1566 ejusmodi,
2726 1514 2832 1551 non
2876 1498 3035 1551 habet
3084 1498 3276 1550 bonam
3325 1512 3460 1551 cou-

1917 1584 2221 1647 scientiam,
2272 1593 2325 1638 et
2364 1601 2465 1637 non
2508 1586 2665 1637 lialiet
2710 1584 2829 1638 ideo
2855 1592 3168 1652 potestatem
3201 1582 3264 1635 ad
3291 1582 3455 1634 Deum

1916 1674 2222 1728 accedendi.
2278 1674 2563 1743 Subjnngit
2610 1684 2787 1728 autem
2840 1683 2893 1727 et
2940 1690 3005 1727 ex
3055 1687 3250 1741 magno
3292 1671 3459 1725 Paulo

1918 1766 2257 1829 sententiam,
2302 1766 2395 1834 qui
2446 1766 2658 1835 scripsit
2704 1766 2770 1819 de
2813 1764 3139 1832 idolothytis,
3185 1763 3328 1831 quod
3372 1762 3463 1831 qui

265 1850 320 1919 ρὶ
344 1850 399 1902 δὲ
433 1851 529 1920 τῆς
552 1850 641 1903 τοῦ
676 1852 984 1922 σπέρματος
1009 1853 1263 1923 ρεύσεως,
1297 1852 1446 1922 ζήτει
1475 1855 1563 1906 καὶ
1594 1855 1687 1907 τοῦ
1725 1873 1804 1924 με·

1914 1853 2152 1915 dubitat,
2198 1853 2242 1905 si
2286 1854 2600 1917 comederit,
2641 1855 3010 1904 condemnatus
3056 1862 3151 1903 est.
3199 1850 3271 1904 De
3314 1850 3460 1904 ﬂuxu

258 1939 426 2011 γάλου
471 1940 780 1993 ’Δθανασίου
834 1942 1113 2012 ἐπιστολὴν
1167 1943 1300 2011 πρὸς
1352 1944 1586 2013 ’Δμμοῢν
1645 1945 1809 2015 μονά-

261 2027 443 2090 ζοντα.

329 2118 568 2169 ΖΩΝΑΡ.
609 2119 716 2171 Καὶ
740 2118 908 2171 ταῦτα
946 2120 1079 2190 πρὸς
1112 2118 1373 2189 ἐρώτησιν
1401 2121 1429 2172 ὁ
1461 2121 1644 2193 Πατὴρ
1678 2123 1810 2175 ἁπο-

257 2205 520 2276 κρίνεται.
538 2206 858 2277 Ἐρωτηθεὶς
888 2207 994 2277 γὰρ
1020 2210 1066 2259 ει
1092 2208 1169 2260 δεῖ
1196 2210 1319 2271 τοὺς
1360 2210 1415 2260 ὲν
1456 2209 1605 2279 ῥύσει
1649 2212 1810 2281 σπέρ-

259 2311 429 2362 ματος
455 2294 771 2363 γενομένους
786 2297 1174 2367 ἀπροαιρέτως,
1191 2297 1296 2350 τῶν
1309 2298 1654 2368 ἁγιασμάτων
1680 2317 1807 2369 μετ-

257 2383 421 2451 έχειν,
456 2384 555 2454 ἔφη
587 2385 688 2445 ὅτι,
718 2386 779 2437 Οί
809 2385 963 2438 τοῦτο
996 2386 1272 2450 παθόντες,
1329 2387 1405 2458 τῷ
1429 2390 1611 2459 οἰκείῳ
1639 2407 1809 2442 συνει-

253 2472 365 2524 (Att
400 2472 953 2527 κατακολουθείτωσαν
981 2493 993 2504 ·
1027 2476 1191 2544 ἡγουν
1233 2476 1293 2529 τὸ
1334 2479 1564 2542 συνειδὸς
1614 2479 1808 2549 ἐχέτω-

255 2578 359 2613 σαν
408 2560 499 2614 τοῦ
554 2563 867 2636 πράγματος
900 2564 1174 2635 δικαστὴν,
1203 2568 1300 2637 τὴν
1331 2568 1533 2622 οἰκείαν
1570 2569 1806 2641 δηλονότι

251 2650 675 2703 διάνοιαν.’Ὡστε
708 2654 753 2704 εί
787 2654 859 2723 μή
894 2670 1036 2717 τινος
1077 2656 1373 2725 ἐμπαθείας
1414 2662 1807 2730 προϋποκειμέ-

252 2755 355 2807 νης
385 2739 719 2809 συμϐέϐηκεν
750 2742 1063 2812 αὐτομάτως
1104 2747 1136 2814 ή
1179 2748 1275 2815 τῆς
1306 2748 1466 2816 γονῆς
1494 2749 1676 2819 ὲκροή,
1709 2749 1804 2819 τῆς

253 2821 467 2887 φύσεως
486 2823 651 2893 αὐτὴν
683 2826 757 2887 ὡς
788 2826 1102 2896 περίττωμα
1133 2831 1457 2902 ἑκκρινάσης
1478 2850 1491 2863 ο
1514 2834 1545 2905 ἢ
1568 2838 1614 2887 εί
1641 2836 1711 2905 μὴ
1742 2837 1805 2889 ὲκ

253 2908 536 2978 παροινίας
560 2913 651 2963 καὶ
680 2912 737 2976 ἐξ
763 2913 1094 2983 άδόηφαγίας
1114 2920 1344 2986 ἐγένετο,
1367 2923 1463 2975 οὐκ
1484 2925 1806 2996 ὲμποδισθή-

252 3010 404 3086 σεται
503 2998 655 3051 τοῦτο
686 3000 868 3055 παθὼν
898 3003 972 3073 τῷ
996 3006 1134 3073 ἁγίῳ
1169 3010 1480 3078 προσελθεῖν
1512 3013 1802 3086 θυσιαστη-

250 3081 390 3169 Ρξιιν
443 3087 489 3137 εί
540 3087 596 3139 δέ
644 3105 724 3151 τις
758 3092 1101 3162 προῦπῆρξεν
1128 3097 1373 3167 ἐμπαθὴς
1404 3099 1674 3169 λογισμὸς,
1710 3081 1803 3155 καὶ

1914 1949 2094 1992 autem
2144 1941 2406 2003 seminis,
2458 1956 2637 2008 qumre
2690 1940 2868 2008 magni
2918 1953 3135 2007 quoque
3178 1939 3459 1995 Athanasii

1914 2027 2195 2095 epistolam
2232 2029 2296 2080 ad
2328 2030 2576 2081 Ammum
2610 2033 2957 2081 monachum.

1988 2118 2186 2171 Zomn.
2229 2117 2324 2171 llic
2359 2134 2575 2187 quoque
2604 2117 2896 2186 praeposita:
2940 2116 3346 2186 interrogationi
3378 2136 3463 2175 rc-

1915 2208 2142 2277 spondet
2171 2207 2346 2259 Pater.
2396 2206 2632 2275 Rogatus
2666 2220 2898 2273 namque
2930 2221 2997 2259 an
3032 2207 3189 2262 liceat
3235 2210 3301 2263 iis
3339 2211 3464 2279 qui-

1915 2296 2016 2350 bus
2061 2297 2281 2351 seminis
2335 2298 2511 2350 tluxus
2559 2310 2665 2349 non
2712 2305 2902 2363 sponte
2946 2299 3243 2367 contingit,
3292 2303 3462 2357 sacris

1912 2386 2312 2439 communicare
2340 2385 2641 2454 mysteriis,
2689 2385 2965 2452 respondit
3008 2402 3022 2437 :
3064 2386 3167 2451 Qui
3218 2387 3318 2443 hoc
3367 2405 3461 2458 pa-

1913 2475 2150 2537 tiuntur,
2208 2475 2479 2543 propriam
2530 2481 2825 2542 sequantur
2874 2475 3288 2543 conscientiam,
3356 2478 3462 2533 hoc

1910 2574 2013 2626 est,
2062 2563 2186 2617 facti
2236 2565 2470 2632 judiccm
2524 2571 2761 2616 statuant
2814 2565 3237 2629 conscientiam,
3298 2584 3457 2621 suum

1909 2654 2155 2707 videlicet
2206 2654 2445 2706 animum
2506 2668 2569 2705 ac
2628 2662 2897 2717 mentem;
2934 2658 3025 2708 —ita
3065 2665 3123 2709 ut
3166 2658 3210 2711 si
3244 2659 3458 2726 quidem

1910 2743 2057 2796 nulla
2102 2742 2384 2796 aﬂ‘ectionc
2425 2743 2827 2810 praigredientc,
2861 2744 3002 2797 ultro
3034 2746 3255 2799 seminis
3282 2746 3459 2803 ﬂuxus

1910 2832 2109 2894 evenit,
2159 2832 2320 2885 veluti
2371 2829 2701 2899 superﬂuum
2749 2834 2875 2901 quid
2926 2834 3101 2900 ipsum
3140 2850 3462 2894 excerneute

1910 2930 2104 2975 natura
2131 2960 2146 2983 ,
2205 2936 2379 2990 neque
2415 2923 2487 2974 illi
2523 2937 2738 2976 causam
2767 2924 3056 2977 vinolentia
3091 2926 3171 2979 vel
3202 2928 3460 2994 gulositas

1909 3010 2158 3079 praebuit,
2187 3012 2253 3063 ω
2281 3019 2527 3097 sanctum
2565 3012 2731 3065 altare
2780 3013 3033 3066 accedere
3058 3015 3148 3081 qui
3183 3016 3230 3067 id
3262 3031 3459 3084 passus

1908 3108 2009 3162 est.
2045 3097 2463 3167 haudquaquam
2507 3099 2807 3162 vetabitur;
2858 3100 2903 3152 si
2948 3114 3076 3153 vero
3111 3102 3321 3154 mollior
3357 3100 3455 3154 ali-

248 3164 410 3235 οὗτος
458 3175 899 3247 ὲμφιλοχωρήσας
940 3184 1005 3251 τῇ
1046 3163 1248 3253 διανοίᾳ
1293 3163 1485 3248 αθτοῦ,
1512 3163 1804 3255 φαντασίαν

1910 3201 2016 3255 qua
2055 3163 2661 3255 cogitatio-praeessit,
2700 3202 2871 3256 eaque
2915 3189 3077 3240 menti
3113 3189 3315 3243 diutius
3362 3190 3460 3244 ob-

246 3261 522 3332 ἐπήνεγκε
542 3269 875 3338 νυκτερινὴν,
893 3271 984 3322 καὶ
1013 3272 1177 3343 ταύτῃ
1202 3276 1630 3348 ἐπηκολούθησεν
1650 3282 1682 3350 ἡ
1709 3283 1806 3351 τῆς

246 3351 417 3419 γονῆς
448 3353 629 3424 ἐκροὴ,
665 3357 756 3407 καὶ
779 3355 838 3419 ὲξ
869 3359 1131 3427 ἀκρασίας
1165 3362 1459 3431 βρωμάτων
1489 3368 1579 3420 καὶ
1601 3369 1806 3431 πόσεως

251 3438 449 3508 συνέϐη
469 3456 482 3469 ·
518 3441 545 3491 ὀ
577 3442 808 3506 τοιοῦτος
839 3446 896 3496 οὑ
930 3446 1163 3513 καθαρός
1198 3451 1362 3511 ἐστιν,
1396 3454 1453 3504 οὐ
1486 3453 1571 3505 διὰ
1598 3456 1691 3524 τὴν
1721 3456 1807 3526 p6-

251 3542 341 3578 σιν
390 3528 481 3580 τοῦ
532 3532 839 3601 σπέρματος
885 3536 981 3604 (οὐ
1016 3537 1119 3606 γὰρ
1150 3539 1451 3609 ἀκάθαρτον
1478 3543 1650 3605 τοῦτο,
1683 3546 1804 3597 ἐπεὶ

255 3620 359 3688 μὲν
389 3620 506 3672 οὐδὲ
537 3624 569 3690 ἡ
596 3624 729 3694 σὰρξ
758 3622 823 3697 ἦς
855 3626 1027 3680 ἐκεῖνο
1060 3629 1432 3700 περίττωμα),
1468 3635 1600 3686 ἀλλὰ
1627 3636 1711 3688 διὰ
1742 3639 1804 3689 τὸ

247 3709 487 3778 πονηρὸν
519 3711 781 3782 ἐνθύμιον,
808 3716 941 3787 ὅπερ
973 3717 1192 3786 ὲμόλυνε
1211 3721 1307 3788 τὴν
1321 3720 1570 3775 διάνοιαν.
1591 3726 1646 3778 ’0
1676 3726 1804 3792 γοῦν

244 3796 486 3861 τοιοῦτος
516 3801 612 3852 οὐκ
648 3805 1030 3875 εὐσυνείδητος,
1066 3810 1353 3863 κάντεῦθεν
1388 3813 1491 3865 οὐδ’
1525 3815 1802 3886 εὐπαρρη-

248 3887 466 3950 σίαστος
496 3890 581 3942 διά
611 3891 670 3943 τὸ
705 3892 832 3945 ῐδιον
859 3895 1121 3964 ἐνθύμιον.
1157 3898 1279 3961 Πῶς
1316 3897 1408 3953 οὖν
1450 3905 1802 3972 προσελεύσε-

245 3992 339 4029 ται
362 3976 438 4045 τῷ
464 3977 582 4047 θεῷ
611 3979 1037 4051 διακρινόμενος;
1076 3987 1293 4051 Ἐπάγει
1317 3988 1372 4042 δὲ
1403 3991 1494 4043 καὶ
1524 3994 1713 4063 χρῆσιν
1738 3997 1803 4050 ἐκ

242 4063 342 4116 τοῦ
388 4066 621 4134 μεγάλου
652 4069 862 4123 Παύλου
899 4072 1201 4141 γράψαντος
1232 4080 1358 4146 περὶ
1386 4079 1494 4132 τῶν
1528 4082 1803 4138 εἰδωλοθύ-

241 4170 375 4215 των,
403 4153 483 4206 ὅτι
530 4155 969 4226 διακρινόμενος
1010 4162 1118 4215 ἐὰν
1157 4163 1336 4233 φάγῃ,
1371 4170 1798 4239 κατακέκριται.

240 4242 380 4331 Περὶ
428 4243 485 4296 δὲ
531 4244 631 4313 τῆς
672 4247 763 4299 τοῦ
812 4250 1117 4319 σπέρματος
1147 4254 1379 4322 ῥεύσεως
1416 4260 1507 4311 καὶ
1548 4263 1577 4314 ὁ
1627 4262 1801 4331 μέγας

238 4330 567 4484 ἔθανάσιος
616 4333 863 4401 πλατέως
903 4338 1134 4408 ἔγραψεν
1184 4344 1317 4414 πρὸς
1362 4346 1598 4417 Ἀμμοῦν
1632 4330 1799 4420 7μόνά-

302 4435 415 4474 ντα.

302 4435 415 4474 ντα.

1908 3286 2119 3331 versata
2170 3287 2487 3330 nocturnam
2539 3279 2768 3345 speciem
2818 3279 3047 3343 induxit,
3080 3296 3241 3349 quam
3273 3293 3457 3349 postea

1905 3372 2130 3426 seminis
2170 3370 2348 3424 ﬂuxus
2389 3379 2473 3424 est
2506 3382 2849 3436 consecutus,
2899 3381 3059 3439 atque
3109 3389 3175 3426 ex
3227 3373 3460 3427 inconti-

1905 3463 2086 3516 nentia
2136 3462 2379 3515 ciborum
2422 3472 2475 3515 et
2504 3464 2734 3531 potionis
2783 3464 2979 3526 evenit,
3022 3466 3160 3516 haud
3206 3465 3457 3533 cstcjus-

1904 3551 2045 3604 modi
2082 3552 2242 3604 homo
2282 3567 2448 3620 purus
2474 3594 2488 3617 ,
2528 3569 2634 3605 non
2680 3553 2750 3606 ob
2779 3552 3047 3606 dcﬂuxum
3090 3555 3309 3609 seminis
3344 3557 3459 3626 (ne-

1902 3654 2007 3707 que
2032 3639 2175 3691 enim
2206 3640 2307 3694 hoc
2336 3640 2627 3707 impurum,
2654 3641 3087 3709 quandoquidem
3115 3658 3213 3695 nec
3246 3644 3455 3711 impura

1903 3743 2050 3791 caro,
2084 3731 2239 3796 cujus
2268 3728 2369 3783 hoc
2390 3730 2835 3798 excrementum),
2865 3731 2955 3784 sed
2979 3731 3048 3783 oh
3073 3731 3468 3799 cogitationem.

1902 3832 2145 3885 pravam,
2187 3817 2305 3885 ιλιιαέ
2349 3818 2587 3870 animum
2639 3819 2959 3887 inquinavit.
3016 3818 3131 3872 Non
3165 3830 3247 3872 est
3276 3822 3456 3888 itaque

1904 3906 1993 3959 hic
2040 3906 2241 3960 nullius
2296 3906 2397 3959 sibi
2444 3907 2698 3961 conscius
2748 3907 2918 3969 labis,
2970 3908 3304 3975 proindcque
3358 3924 3457 3964 nec

1900 3995 2055 4063 plena
2113 3995 2190 4048 illi
2238 3995 2451 4060 ﬁducia,
2503 3996 2573 4049 ob
2606 4011 2755 4050 suam
2802 3998 3168 4065 cupiditatem.
3215 3997 3329 4062 Qua
3365 4014 3458 4051 ra-

1902 4084 2046 4137 tione
2085 4084 2247 4153 igitur
2276 4083 2385 4137 Deo
2418 4086 2868 4154 appropinquabit
2901 4087 3192 4139 dubitans?
3224 4086 3456 4155 Subjicit

1902 4190 2118 4243 quoque
2173 4175 2354 4244 magni
2409 4174 2562 4229 Pauli
2615 4177 2974 4241 sententiam,
3022 4176 3088 4230 de
3145 4178 3454 4247 idolothytis

1891 4248 2207 4327 scribentis,
2244 4265 2387 4331 quod
2421 4266 2470 4317 si
2496 4266 2741 4319 dubitans
2781 4266 3035 4328 comedat,
3080 4271 3455 4321 condemnatus

1898 4363 1995 4405 est.
2044 4353 2212 4408 Porro
2256 4355 2322 4408 de
2365 4356 2588 4409 seminis
2639 4354 2904 4419 ﬂuxionc,
2958 4369 3185 4423 magnus
3237 4368 3457 4423 quoque

1898 4441 2227 4496 Athanasius
2272 4444 2458 4497 multis
2504 4442 2682 4496 verbis
2722 4443 2787 4496 ad
2820 4444 3073 4496 Animum
3125 4440 3453 4523 monachum
