4136 6462
272 387 377 449 477

1416 394 1494 455 1N
1529 396 1763 458 EPlSI‘.
1798 398 1861 463 S.
1903 399 2125 462 PETRI
2184 403 2398 469 ALEX.

3370 403 3473 465 478

272 518 467 591 μένους
512 514 741 584 διάφορά
774 531 893 569 τινα
918 516 1011 567 καὶ
1031 515 1319 582 ἀναγκαία,
1343 516 1499 585 χάριν
1531 516 1637 568 τῶν
1662 518 1816 587 ἀρνη-

1934 518 2125 571 finiunt
2149 519 2203 571 in
2232 519 2456 586 gratiam
2482 532 2666 570 eorum
2702 517 2793 586 qui
2843 515 3009 570 Deum
3040 518 3390 585 abnegarunt,
3411 528 3465 574 ct

270 608 466 661 σιθέων
492 605 791 677 ζητούντων
837 605 1143 674 μετάνοιαν,
1178 604 1271 658 καὶ
1310 607 1435 674 περὶ
1464 605 1569 658 τῶν
1598 607 1824 675 αὐτομο-

268 695 549 766 λησάντων
593 697 673 757 είς
726 694 787 746 τὸ
821 694 1113 767 μαρτύριον
1141 695 1233 747 καὶ
1266 696 1709 756 ἐκπεπτωκότων,
1735 698 1826 749 καὶ

268 785 429 840 πάλιν
478 783 921 855 ὁμολογησάντων
977 784 1073 854 τὴν
1122 784 1320 846 πίστιν,
1361 785 1451 837 καὶ
1487 786 1613 855 περὶ
1655 786 1824 839 ἄλλων

266 872 428 923 τινῶν
488 870 761 923 τοιούτων.
814 871 973 937 Ζήτει
1006 870 1314 937 ἀναγκαίως
1341 872 1430 923 καὶ
1464 874 1585 933 τοὺς
1615 871 1825 933 πλείους

266 962 495 1024 κανόνας
521 962 622 1029 τῆς
645 963 702 1013 ὲν
747 960 987 1031 Ἀγκύρςι
1017 960 1252 1013 συνόδου.

337 1052 578 1106 ΖΩΝΛΡ.
626 1052 925 1121 Διαιρέσεις
965 1053 1195 1102 ποιεῖται
1222 1052 1248 1101 ὁ
1288 1050 1437 1117 ἅγιος
1472 1044 1621 1111 οὗτος
1642 1050 1824 1120 Πατὴρ

264 1142 372 1197 τῶν
405 1144 460 1197 ἐν
516 1142 771 1212 διωγμοῖς
818 1142 1209 1210 ἀρνησαμένων
1259 1140 1356 1209 τὴν
1412 1142 1585 1192 πίστιν
1616 1144 1709 1209 τὴν
1748 1143 1825 1191 oi—

264 1233 440 1295 κείαν,
474 1232 565 1284 καί
610 1247 791 1299 φησιν,
822 1232 901 1282 ὅτι
944 1235 1053 1292 τοῖς
1087 1228 1293 1297 ἀχθείσι
1334 1230 1465 1298 πρὸς
1488 1232 1609 1291 τοὺς
1632 1232 1823 1299 τυράν-

265 1342 407 1388 νους,
437 1324 530 1375 καὶ
553 1324 630 1385 είς
654 1321 898 1390 φυλακὴν
929 1320 1259 1390 ἐμϐληθεῖσι,
1282 1321 1537 1389 βασάνους
1561 1338 1616 1372 τε
1640 1322 1825 1389 ἀνηκέ-

263 1429 421 1475 στους
442 1410 897 1480 ὑπομεμενηκόσι,
924 1410 1019 1461 καὶ
1048 1410 1381 1479 ἀφρονήτους
1404 1410 1466 1477 (f.
1502 1410 1823 1479 ἀφορήτους)

263 1502 553 1571 μάστιγας,
570 1499 662 1551 καὶ
686 1498 864 1567 σχεδὸν
884 1498 1129 1559 ἀνιάτους
1154 1499 1244 1550 καὶ
1260 1497 1655 1573 ἀθεραπεύτους
1678 1499 1823 1565 (ἄκος

262 1590 372 1659 γάρ
400 1590 432 1658 ὴ
456 1588 713 1657 θεραπεία
739 1588 873 1648 ἐστὶ,
899 1587 992 1639 καὶ
1017 1587 1308 1655 ἀνήκεστον
1328 1587 1386 1639 τὸ
1417 1586 1821 1657 ἀθεράπευτον),

262 1681 358 1732 καὶ
374 1678 535 1740 ἄλλας
556 1678 812 1745 ἀνάγκας,
830 1678 924 1730 καὶ
949 1677 1085 1747 μετά
1110 1678 1275 1730 ταῦτα
1304 1677 1609 1745 ὑποκύψασι
1630 1678 1720 1730 καὶ
1740 1676 1827 1729 θύα

262 1784 439 1829 σασιν,
466 1767 540 1829 ὡς
574 1767 675 1819 ὑπὸ
707 1768 803 1837 τῆς
830 1766 1106 1829 ἀσθενείας
1131 1768 1227 1835 τῆς
1257 1768 1453 1837 σαρκὸς
1499 1768 1819 1839 προδοθεῖσι,

1926 608 2291 673 penitentiam
2314 607 2521 675 petunt,
2550 616 2602 660 et
2626 608 2691 661 de
2722 610 2787 662 iis
2819 609 2910 678 qui
2940 608 3007 661 ad
3038 611 3349 678 martyrium
3385 609 3464 663 ul-

1926 706 2007 751 tro
2040 698 2380 762 advolarunt,
2412 708 2465 752 et
2498 701 2630 767 lapsi
2670 708 2817 765 sunt,
2850 709 2901 754 et
2934 716 3121 754 rursus
3152 700 3305 755 (idem
3336 711 3465 757 sunt

1924 786 2254 849 coztfcssi,et
2287 786 2354 841 de
2404 788 2525 839 aliis
2574 789 2890 856 quibusdam
2938 789 3224 855 ejusmodi.
3277 790 3466 854 Qua-re

1924 878 2082 930 etiam
2114 894 2221 930 non
2263 878 2465 945 absque
2497 876 2671 929 fructu
2704 878 2963 946 plurimos
2997 893 3231 934 canones
3273 882 3466 951 synodi

1924 965 2242 1035 Ancyranze.

1995 1054 2191 1108 Ζοιιλιι.
2229 1054 2373 1109 inter
2396 1072 2487 1110 eos
2506 1058 2595 1124 qui
2626 1056 2948 1112 turbulentis
2976 1059 3306 1127 temporibus
3342 1074 3469 1128 pro-

1926 1146 2093 1213 priam
2130 1144 2281 1197 [idem
2312 1146 2664 1211 abnegat-unt,
2685 1145 2972 1199 discrimen
2998 1156 3217 1201 sanctus
3244 1148 3331 1200 hic
3366 1147 3467 1201 Pa-

1926 1245 2005 1287 ter
2046 1234 2253 1293 statuit,
2299 1235 2498 1302 aitque.
2532 1235 2621 1302 qui
2655 1235 2720 1286 ad
2752 1245 3009 1304 tyrannos
3052 1238 3127 1289 rei
3171 1238 3277 1289 acti
3318 1247 3463 1301 sunt,

1924 1339 1985 1376 ac
2012 1324 2309 1376 iii-vincula
2344 1324 2595 1391 coniecti,
2633 1332 3002 1393 tormentaque
3037 1327 3352 1394 gravissima
3374 1328 3468 1381 ila-

1925 1415 2167 1482 gellaqne
2204 1415 2344 1465 haud
2376 1414 2697 1474 tolerabilia,
2731 1430 2955 1482 qumque
2992 1417 3134 1468 nulla
3181 1433 3465 1486 propemo-

1922 1500 2049 1553 dum
2081 1514 2231 1561 cura,
2265 1510 2356 1551 aut
2384 1500 2647 1552 medicina
2682 1501 2858 1552 sanari
2894 1510 3111 1568 possent
3143 1501 3291 1569 (ἄκος
3318 1518 3472 1555 name

1922 1606 2026 1659 que
2068 1591 2388 1641 curationem
2428 1588 2729 1657 signiﬁcat,
2774 1598 2963 1657 estque
3000 1572 3292 1659 ἀνήκεστον
3328 1593 3467 1645 idem

1922 1678 2063 1747 quod
2086 1677 2508 1741 immedicabile),
2540 1680 2780 1745 aliasque
2812 1668 3163 1733 necessitates
3197 1681 3470 1735 sustinue-

1926 1777 2087 1831 runt;
2124 1780 2185 1820 ac
2214 1772 2399 1834 postea
2428 1766 2843 1819 succumbentes
2878 1766 3244 1829 immolarunt,
3280 1769 3469 1821 velut:

265 1859 341 1928 μὴ
391 1857 706 1927 δυνηθείσης
751 1858 910 1928 μέχρι
951 1857 1134 1919 τέλους
1163 1858 1558 1929 ἐγκαρτερῆσαι
1584 1864 1692 1923 τοῖς
1724 1860 1816 1912 ἀλ-

1922 1858 2101 1911 carnis
2141 1856 2507 1910 imbecillitate
2550 1856 2769 1924 proditi,
2815 1871 2933 1923 quae
2971 1856 3037 1909 ad
3093 1856 3250 1910 tinem
3301 1872 3470 1925 usque

260 1949 476 2015 γεινοίς,
509 1948 710 2017 ἀρκεῖδ
742 1946 1020 2015 παρελθὼν
1052 1947 1237 2017 χρόνος
1260 1951 1336 2010 είς
1363 1949 1696 2019 ἐπιτίμησιν.
1722 1950 1822 2001 Τέ-

259 2051 457 2105 ταρτον
484 2036 590 2106 γάρ
612 2052 773 2104 φησιν
802 2036 902 2103 ἤδη
950 2035 1135 2104 Πάσχα
1166 2038 1612 2107 ἐπικατείληφεν,
1636 2040 1814 2105 ἐξότου

262 2123 578 2178 πεπτώκασι
620 2125 716 2195 τὴν
771 2125 1026 2195 μεγίστην
1078 2125 1299 2180 πτῶσιν.
1339 2129 1443 2180 Καὶ
1471 2131 1518 2181 εί
1560 2130 1697 2197 τάχα
1730 2133 1821 2182 καὶ

262 2212 323 2276 ἐξ
343 2212 537 2283 ἀρχῆς,
569 2213 654 2264 ὅτε
683 2211 979 2281 προσῆλθον
1012 2212 1452 2282 μεταμελόμενοι,
1473 2215 1571 2266 οὐκ
1598 2215 1819 2284 ἐδέχθη-

264 2318 391 2364 σαν,
421 2304 567 2372 ὅμως
603 2305 683 2356 ὅτι
711 2303 770 2355 ού
806 2304 943 2355 κατά
1002 2306 1314 2375 προαίρεσιν
1337 2298 1499 2372 ἦλθον
1532 2305 1611 2367 είς
1638 2306 1696 2356 τὸ
1728 2304 1819 2356 06-

265 2405 377 2453 σαι,
412 2390 503 2442 καὶ
532 2390 861 2457 ἀντέστησαν
886 2391 1134 2453 ἐπιπολὺ,
1166 2392 1257 2444 καὶ
1292 2392 1561 2459 στίγματα
1593 2391 1684 2443 τοῦ
1720 2394 1820 2461 Ἰη-

265 2476 381 2541 σοῦ,
408 2478 571 2549 ἧγουν
608 2477 876 2547 μώλωπας
902 2479 1009 2531 τῶν
1031 2480 1377 2550 τραυμάτων.
1411 2474 1484 2532 ὧν
1513 2480 1817 2550 ὑπέστησαν

263 2568 402 2639 ὑπὲρ
429 2569 522 2623 τοῦ
549 2570 802 2640 Χριστοῦ,
834 2570 1033 2640 ἔχουσι,
1071 2574 1161 2623 καὶ
1195 2572 1292 2642 ήδη
1320 2573 1501 2643 τρίτον
1530 2574 1647 2636 ἔτος
1676 2593 1817 2646 παρ·

262 2657 425 2727 ἦλθεν
453 2659 786 2712 πενθούντων
819 2661 993 2712 αὐτῶν
1026 2661 1109 2713 διά
1134 2662 1229 2731 τὴν
1259 2663 1482 2724 πτῶσιν,
1504 2680 1816 2733 προσεπιτι-

268 2746 501 2817 μηθῆναι
546 2748 759 2817 ὥρισεν,
796 2748 914 2800 ἀντὶ
939 2749 1053 2807 τοῦ.
1099 2752 1189 2803 ἐπὶ
1228 2752 1385 2803 πλέον
1412 2753 1814 2822 ἐπιτιμηθῆναι,

262 2836 426 2899 ἄλλας
495 2836 899 2906 τεσσαράκοντα
967 2839 1177 2907 ἡμέρας
1264 2839 1445 2902 ἐξότου
1516 2842 1816 2909 προσῆλθον

262 2922 549 2994 ζητοῦντες
603 2924 891 2994 δεχθῆναι·
932 2927 990 2977 ἐν
1034 2922 1121 2991 αἷς
1179 2929 1269 2981 ἐπὶ
1318 2929 1476 2983 πλέον
1516 2932 1815 2999 γυμνασίαν

262 3014 641 3079 ἐπιδείξαντες,
667 3017 756 3068 καὶ
781 3016 1134 3087 εὐτονώτερον
1155 3018 1437 3087 νήψαντες,
1461 3020 1623 3087 ἥγουν
1655 3037 1815 3073 σπου-

259 3103 533 3173 δαιότερον
586 3105 909 3174 προσχόντες
968 3108 1198 3169 ἑαυτοῖς,
1254 3109 1687 3177 γρηγορήσουσιν
1734 3112 1812 3170 είς

1922 1946 2188 2000 obdurare
2232 1946 2285 1997 in
2334 1944 2613 1997 doloribus
2666 1943 2807 1995 haud
2856 1946 3112 2012 potuerit,
3147 1946 3213 1999 iis
3256 1946 3468 1999 mulctz

1922 2037 2139 2089 nomine
2184 2034 2472 2088 decursum
2520 2033 2633 2101 jam
2667 2041 2879 2101 tempus
2915 2033 3176 2089 suﬂicere.
3204 2033 3468 2099 Quartum

1921 2128 2208 2195 siquidem,
2246 2126 2439 2193 inquit,
2475 2124 2679 2177 Pascha
2711 2124 2820 2190 jam
2852 2133 3102 2178 exactum
3147 2133 3249 2187 est,
3272 2140 3336 2177 ex
3360 2140 3469 2194 quo

1920 2218 1975 2270 in
2000 2218 2376 2286 gravissimum
2414 2216 2555 2267 hunc
2608 2214 2845 2267 incidere
2898 2228 3106 2268 casum.
3146 2214 3221 2267 Ac
3256 2215 3468 2269 etiamsi

1920 2306 2057 2360 forte
2089 2306 2243 2358 initio
2277 2320 2398 2357 cum
2432 2304 2750 2372 pmnitentia
2779 2302 2923 2355 ducti
2960 2311 3327 2365 accesserunt,
3359 2318 3468 2357 non

1918 2405 2045 2451 sunt
2074 2396 2331 2464 suscepti,
2370 2402 2548 2447 tamen
2584 2392 2710 2462 quia
2759 2408 2863 2445 non
2918 2399 3110 2460 sponte
3154 2406 3469 2461 processere

1918 2484 1983 2536 ad
2030 2484 2415 2537 immolandum
2446 2483 2647 2551 diuque
2692 2490 3073 2549 repugnarunt,
3120 2496 3182 2533 ac
3215 2482 3464 2549 stigmate

1916 2576 2064 2635 Jesu,
2094 2576 2375 2629 vulnerum
2402 2589 2592 2642 nempe
2630 2590 2748 2640 qute
2779 2587 2875 2640 pro
2909 2572 3123 2625 Christo
3154 2573 3465 2627 sustinuere

1916 2664 2195 2717 cicatrices
2225 2671 2454 2731 gerunt:
2490 2663 2786 2727 tertiusque
2811 2660 2920 2728 jam
2953 2659 3155 2713 eiiiuxit
3186 2674 3358 2715 annus
3396 2678 3463 2715 et

1914 2770 2022 2822 quo
2050 2753 2231 2821 lugent
2263 2752 2473 2820 lapsum
2504 2750 2673 2810 illum,
2697 2750 2915 2817 insuper
2939 2750 3209 2812 mulctari,
3237 2751 3336 2803 hoc
3362 2764 3463 2813 est,

1916 2842 2049 2895 alios
2069 2842 2243 2893 adhuc
2269 2838 2623 2908 quadraginta
2656 2838 2771 2891 dies
2803 2853 2865 2890 ex
2895 2852 3000 2905 quo
3031 2838 3095 2890 ad
3128 2838 3465 2891 communio-

1916 2945 2035 2983 nem
2072 2929 2279 2981 admitti
2329 2928 2664 2995 postulantes
2708 2934 3085 2986 acccsserunt,
3118 2926 3331 2979 mulctm
3360 2941 3462 2979 no-

1916 3019 2058 3071 mine
2089 3017 2449 3085 iujungendos
2470 3031 2589 3069 esse
2610 3016 2869 3068 decernit.
2898 3014 2951 3067 In
2982 3014 3178 3083 quibus
3202 3015 3460 3083 majorem

1915 3107 2089 3158 adhuc
2132 3105 2479 3159 ostendentes
2528 3103 2849 3170 prenitentizc
2888 3103 3350 3167 exercitationem,
3407 3109 3461 3155 et

259 3185 563 3262 προσευχὴ
589 3233 602 3257 ,
634 3173 1154 3265 ἐκαταμελετῶντες,
1220 3173 1383 3264 ἠγουν
1437 3173 1698 3265 *συνεχῶς
1754 3201 1809 3249 ἐν

1918 3194 2193 3252 intentius.
2231 3193 2331 3246 hoc
2375 3200 2475 3249 est.
2515 3191 2799 3244 attentiore
2842 3206 2972 3244 cura
3019 3191 3348 3259 jejunantes,
3375 3200 3459 3244 διε

258 3281 497 3350 φροντίδι
545 3282 871 3351 ποιούμενοι,
903 3284 996 3334 καὶ
1038 3283 1298 3347 λέγοντες,
1326 3285 1360 3338 ἀ
1386 3287 1412 3337 ὁ
1446 3285 1643 3356 Κύριος
1678 3287 1809 3355 πρὸς

255 3368 350 3421 τὸν
374 3369 692 3442 πειράζοντα
729 3365 896 3423 εἶπεν·
930 3372 1143 3439 Ὕπαγε
1166 3374 1353 3427 ὀπίσω
1375 3392 1510 3442 μου,
1542 3376 1767 3429 Σατανᾶ
1791 3393 1806 3408 ⁸

257 3454 573 3525 τέτραπται
599 3455 741 3525 γάρ’
778 3460 993 3525 Κύριον
1020 3461 1124 3512 τὸν
1154 3463 1299 3514 Hadr
1330 3478 1443 3515 σου
1480 3464 1810 3530 προσκυνή-

256 3560 411 3612 σεις,
442 3545 535 3598 καὶ
563 3545 718 3610 αὐτῷ
742 3547 905 3615 μόνῳ
933 3550 1295 3616 λατρεύσεις.

859 3728 1095 3780 ΚΛΝΩΝ
1122 3729 1196 3780 B'.

336 3830 357 3864 ε
399 3813 522 3877 Τοῖς
545 3814 601 3868 δὲ
629 3815 763 3885 μετά
792 3816 851 3868 τὸ
884 3818 1272 3887 φυλακισθῆναι
1318 3821 1474 3884 μόνον
1508 3821 1525 3851 ³
1552 3823 1640 3873 καὶ
1674 3823 1805 3875 ὐπο-

260 3920 282 3952 r
317 3904 677 3973 μεμενηκέναι
718 3904 816 3967 τὰς
840 3906 897 3958 ἐν
928 3906 1003 3976 τῷ
1037 3908 1405 3978 δεσμωτηρίῳ,
1439 3911 1513 3972 ὠς
1538 3910 1601 3962 ἂν
1630 3914 1685 3963 ἐν
1712 3930 1807 3964 πο-

260 4006 280 4041 ι
318 3988 551 4061 λιορκίᾳ,
621 3991 823 4061 θλίψεις
879 4011 936 4046 τε
989 3997 1081 4047 κει.)⁸
1136 3997 1420 4061 δυσωδίας.
1480 3998 1698 4070 ὕστερον
1751 4003 1805 4054 δὲ

258 4096 279 4131 ι
320 4080 489 4149 χωρὶς
511 4081 741 4151 πολέμου
769 4082 1011 4152 βασάνων
1029 4088 1334 4155 γενομένοις
1356 4090 1397 4120 ⁸’
1424 4092 1803 4159 αἰχμαλώτοις,

258 4187 277 4218 ι
316 4168 459 4223 κατὰ
509 4171 703 4241 πολλὴν
756 4174 1020 4243 πτωχείαν
1058 4176 1353 4245 δυνάμεως,
1385 4180 1474 4231 καὶ
1512 4182 1650 4234 κατά
1692 4202 1807 4236 τινα

258 4274 278 4307 ε
318 4256 623 4327 τυφλότητα
695 4261 1141 4331 τεθραυσμένοις,
1210 4267 1498 4337 ἐπαρκέσει
1567 4272 1806 4336 ἐνιαυτὸς

254 4364 274 4396 ι
318 4345 454 4414 πρὸς
500 4346 576 4416 τῷ
618 4348 786 4419 ἑτέρῳ
817 4351 1017 4421 χρόνῳ’
1062 4353 1180 4404 ἐπεὶ
1217 4354 1348 4417 ὅλως
1387 4356 1479 4409 καὶ
1508 4358 1656 4410 αὐτοὶ
1686 4361 1805 4411 ἐπι-

1916 3284 2192 3337 tendentes
2224 3280 2596 3347 sibimetipsis,
2617 3281 2836 3349 vigilent
2873 3280 2925 3332 in
2958 3279 3313 3343 orationibus,
3348 3294 3461 3333 me-

1912 3376 2165 3436 ditantes,
2201 3373 2300 3426 hoc
2351 3380 2432 3426 est
2467 3371 2646 3423 animo
2684 3379 2938 3438 perpetuo
2972 3380 3269 3431 versantes,
3300 3385 3459 3425 voce—

1911 3481 2014 3533 que.
2041 3473 2365 3531 usurpantes
2398 3476 2516 3530 qua:
2550 3460 2810 3512 Dominus
2841 3459 2905 3511 ad
2938 3466 3256 3512 tentatorcrn
3282 3461 3411 3513 dixit
3438 3479 3454 3516 :

1911 3557 2008 3607 Abi
2038 3571 2165 3621 pone
2196 3570 2292 3613 me,
2337 3552 2538 3606 Satana
2563 3566 2582 3614 ,'
2620 3551 2864 3616 scriptum
2889 3560 2964 3602 est
2994 3551 3159 3603 enim:
3181 3550 3459 3604 Dominum

1910 3646 2074 3699 L‘eum
2107 3655 2247 3697 tuum
2272 3641 2540 3704 adorabis,
2568 3651 2616 3692 et
2642 3641 2722 3692 illi
2748 3641 2847 3692 soli
2877 3640 3085 3692 servies.

2444 3722 2737 3789 QCANON
2780 3728 2841 3783 ιι.

1984 3840 2005 3872 ι
2044 3820 2113 3876 iis
2142 3832 2316 3874 autem
2363 3822 2453 3888 qui
2500 3830 2783 3888 postquam
2833 3819 2887 3871 in
2926 3819 3226 3872 custodiam
3277 3816 3457 3871 traditi

1914 3930 1932 3962 ι
1982 3914 2127 3977 stint,
2155 3920 2207 3966 et
2242 3913 2296 3965 in
2329 3926 2565 3971 carcere,
2617 3919 2869 3979 tanquam
2924 3912 2976 3963 in
3028 3911 3328 3971 obsidione,
3375 3911 3457 3961 af-

1916 4018 1934 4051 ι
1982 4000 2244 4053 nictioues
2276 4014 2575 4067 gravesque
2616 3998 2811 4051 fetores
2862 3998 3005 4067 passi
3063 4006 3217 4062 sunt;
3270 4005 3457 4065 postea

1915 4108 1932 4139 ι
1979 4097 2159 4142 autem
2194 4088 2310 4141 sine
2342 4088 2481 4140 bello
2507 4095 2899 4141 tormentorum
2931 4087 3129 4154 captivi
3155 4086 3283 4140 facti
3304 4094 3454 4149 sunt,

1915 4198 1933 4229 ι
1980 4179 2140 4232 nimia
2166 4179 2357 4231 virium
2380 4180 2558 4246 inopia
2580 4188 2631 4230 et
2655 4177 2885 4246 quadam
2908 4180 3150 4231 caecitate
3168 4177 3452 4243 confracti,

1913 4287 1931 4319 ι
1978 4283 2152 4322 annus
2181 4268 2246 4321 ad
2290 4268 2432 4321 aliud
2477 4276 2688 4335 tempus
2719 4268 2993 4336 injumtus
3030 4268 3255 4322 sudiciet
3287 4287 3299 4322 :
3329 4284 3453 4320 nam

1914 4377 1931 4409 ι
1981 4360 2083 4428 ipsi
2107 4372 2319 4427 quoque
2348 4374 2406 4413 se
2442 4360 2663 4413 omnino
2692 4374 2787 4427 pro
2820 4358 3037 4411 nomine
3090 4357 3290 4410 Christi
3320 4357 3455 4410 aﬂli-

254 4454 276 4486 ι
311 4433 603 4490 δεδώκασιν
657 4439 880 4502 ἑαυτοὺς
928 4442 1067 4512 ὑπὲρ
1092 4441 1183 4494 τοῦ
1241 4444 1500 4514 ὀνόματος
1536 4447 1628 4500 τοῦ
1668 4451 1803 4520 Χρι-

1918 4464 1931 4497 ι
1972 4446 2175 4515 gendos
2213 4445 2450 4499 dedere:
2496 4448 2541 4499 si
2572 4447 2735 4499 etiam
2766 4461 2795 4497 a
2844 4445 3099 4499 fratribus
3142 4446 3195 4498 in
3237 4461 3454 4501 carcere

254 4544 276 4578 ε
315 4525 492 4578 στοῦ⁶⁵
517 4526 786 4597 θλισῆναι⁵
834 4531 881 4582 εί
923 4533 1016 4584 καὶ
1052 4532 1357 4585 ἀπέλαυσαν
1409 4535 1466 4585 ἐν
1504 4536 1580 4606 τῷ
1601 4538 1805 4607 δεσμω-

254 4633 275 4666 ι
311 4615 483 4685 τηρίῳ
520 4619 617 4685 τῆς
666 4619 813 4689 παρά
868 4621 975 4673 τῶν
1025 4622 1263 4690 ἀδελφῶν
1319 4624 1519 4693 πολλῆς
1565 4627 1806 4682 ἀναπαύ-

254 4722 277 4757 ι
315 4719 472 4768 πως.
500 4708 672 4779 Ἀπερ
705 4709 1133 4783 πολλαπλασίονα
1176 4714 1543 4781 ἀποδώσουσι,
1586 4718 1807 4772 ποθοῦν-

258 4811 280 4844 σ
318 4808 411 4856 τις
460 4794 791 4866 λυτρωθῆναι
839 4800 943 4851 ἀπὸ
994 4802 1092 4870 τῆς
1146 4805 1475 4875 πικροτάτης
1530 4809 1803 4877 αἰχμαλω-

253 4901 275 4936 ι
316 4883 441 4946 σίας
462 4884 556 4937 τοῦ
580 4885 841 4949 διαϐόλου,
884 4893 1210 4961 μεμνημένοι
1247 4895 1477 4965 μάλιστα
1503 4898 1594 4950 τοῦ
1617 4900 1799 4967 λέγον-

249 4991 274 5027 (
313 4989 427 5037 τος·
448 4975 687 5045 Πνεῦμα
717 4978 822 5031 τοῦ
845 4978 887 5008 δ’
914 4982 1132 5047 Κυρίου
1154 4985 1243 5036 ἐπ’
1269 4987 1391 5054 ἐμὲ,
1418 4984 1489 5042 οὗ
1515 4988 1715 5041 ἕνεκεν
1736 4994 1801 5021 ..α

253 5081 274 5114 ι
314 5060 522 5132 ἕχρισέ
536 5080 612 5131 με
635 5081 649 5093 ·
675 5066 1170 5134 εὐαγγελίσασθαι
1186 5075 1439 5142 πτωχοῖς
1464 5077 1802 5131 ἀπέσταλκά

252 5167 274 5201 ι
309 5166 409 5217 με,
439 5152 687 5218 κηρύξαι
726 5154 1116 5223 αἰχμαλώτοις
1156 5158 1391 5228 ἄφεσιν,
1427 5163 1523 5217 καί
1556 5166 1801 5233 τυφλοῖς

248 5253 275 5289 ε
314 5234 666 5303 ἀνάϐλεψιν,
691 5240 1036 5297 ἀποστεῖλαι
1066 5248 1537 5316 τεθραυσμένους
1565 5251 1632 5303 ἐν
1659 5252 1800 5321 ἀφέ-

1912 4554 1931 4587 ι
1979 4536 2197 4596 multam
2220 4535 2641 4589 consolationem
2687 4535 2920 4588 assecuti
2972 4543 3117 4588 sunt.
3171 4534 3299 4599 Quae
3333 4536 3454 4603 qui-

1913 4645 1929 4676 ι
1979 4627 2098 4679 dem
2131 4626 2483 4694 multiplicata
2524 4626 2779 4687 reddent,
2817 4626 3031 4678 liberari
3079 4628 3357 4694 cupientes
3384 4627 3453 4681 ab

1911 4735 1928 4767 ι
1976 4716 2325 4770 acerbissima
2349 4717 2659 4785 captivitate
2686 4716 2908 4779 diaboli,
2944 4717 3061 4785 cjus
3104 4718 3332 4769 maxime
3367 4731 3451 4769 re-

1912 4825 1929 4856 ι
1976 4806 2262 4859 cordantes
2294 4809 2383 4874 qui
2420 4806 2551 4859 dicit
2584 4824 2596 4858 :
2636 4804 2864 4872 Spiritus
2912 4804 3121 4857 Domini
3162 4820 3315 4871 super
3346 4820 3449 4867 me,

1908 4911 1925 4944 ι
1973 4911 2128 4963 quam
2174 4895 2234 4947 ob
2266 4911 2479 4947 causam
2512 4900 2661 4944 unxit
2707 4909 2783 4945 me
2814 4909 2831 4945 :
2861 4902 2916 4945 ut
2949 4892 3260 4961 pauperibus
3288 4910 3448 4949 evan-

1909 5000 1925 5034 ι
1972 4985 2248 5052 gelizarem
2278 4983 2417 5033 misit
2453 4999 2549 5045 mc,
2585 4991 2631 5034 et
2670 4984 3035 5035 annuntiarem
3073 4982 3287 5049 captivis
3322 4981 3447 5033 libo-

1908 5093 1924 5123 ι
1975 5076 2246 5135 rationem,
2282 5083 2328 5125 et
2361 5074 2507 5125 ca'cis
2538 5074 2675 5126 visus
2714 5075 3171 5139 recuperationem,
3205 5081 3251 5124 et
3277 5073 3447 5124 mitte-

1910 5182 1926 5212 ι
1971 5180 2076 5215 rem
2130 5164 2324 5230 fractos
2384 5163 2435 5214 in
2489 5162 2863 5223 remissionem,
2918 5163 3200 5226 pra'dicare
3251 5175 3454 5213 annum

1910 5272 1927 5303 ι
1975 5253 2185 5305 Domini
2219 5252 2605 5319 acceptabilem,
2629 5261 2675 5305 et
2700 5252 2833 5305 diem
2870 5254 3220 5307 retributionis
3246 5270 3292 5306 ι.
3326 5271 3346 5304 ι

249 5342 271 5377 ι
308 5340 426 5391 σει,
459 5328 709 5394 κηρύξω
734 5330 1006 5388 ἐνιαυτὸν
1031 5339 1248 5405 Κυρίου
1277 5340 1507 5406 δεκτόν,
1541 5346 1635 5397 καί
1664 5346 1889 5415 ἡμέραν
1906 5347 2373 5410 ἁνταποδόσεως.
2403 5364 2420 5397 ι

318 5487 343 5517 ι
376 5474 490 5533 ιω.
524 5494 636 5545 ιιι,
670 5482 807 5549 ι,9;
833 5482 959 5540 Luc.
991 5502 1064 5550 tv,
1102 5488 1192 5554 18,
1225 5492 1309 5545 i9.

1479 5602 1705 5656 νΑιιιΑῖ
1742 5600 2134 5656 LECTIONES.

350 5726 368 5757 ³
396 5727 553 5783 μόνον
574 5743 680 5783 om.
754 5733 794 5761 ³⁸
827 5736 1144 5787 γενομένων.
1226 5740 1243 5770 ι
1274 5740 1363 5792 τἿῦ
1397 5740 1624 5799 Χριστοῦ
1655 5756 1760 5793 om.

1842 5740 1878 5770 “
1912 5739 2002 5791 τοῦ
2036 5755 2140 5792 em.

2221 5732 2254 5761 ⁸”
2270 5747 2280 5759 ⁸
2306 5744 2527 5794 εἵνεκεν.
