4136 6460
278 404 383 470 481

1420 400 1501 460 LV
1549 400 1793 460 EPIST.
1830 400 1893 463 S.
1927 400 2155 461 PETRI
2184 400 2406 463 ALEX.

3394 402 3499 467 (82

284 523 519 593 ἁρμόσει
571 521 848 592 παραϐολὴ
903 519 1038 573 κατὰ
1076 518 1134 570 τὸ
1166 518 1518 586 Εὐαγγέλιον·
1551 520 1617 586 ἣν
1658 517 1844 569 λαϐόν-
1870 529 1915 583 Α

1870 529 1915 583 Α
1947 514 1999 567 in
2026 529 2120 569 eos
2151 515 2401 583 parabola
2442 514 2747 582 evangelica
2790 513 2922 568 licus
2964 513 3246 584 quadrabit
3276 530 3291 569 :
3326 531 3482 584 quam

286 628 381 674 τες
444 612 547 681 πρὸ
583 608 889 677 ὀφθαλμῶν,
924 608 1085 659 κόπον
1116 607 1259 668 ἄξιον
1301 606 1583 674 μετανοίας
1616 606 1704 657 ἐπὶ
1754 623 1841 657 το-

290 698 480 766 σοῦ-εον
510 702 695 770 χρόνον
752 698 928 760 δόντες
956 696 1411 765 ὠφεληθήσονται,
1442 696 1605 766 ἡγουν
1640 697 1729 747 ἐπὶ
1753 713 1842 747 τε·

288 789 562 859 τραετίαν.
611 787 669 842 'O
693 786 1052 858 γὰρ’Κύριος,
1110 786 1239 852 Τρία
1272 787 1393 850 ἐτη.
1437 785 1651 855 ἔφησεν,
1685 787 1843 853 ἕρκο-

285 896 393 946 μαι
427 879 575 943 πρὸς
598 875 994 942 αὺτὴν,ζητῶν
1012 874 1239 940 καρπὸν
1257 915 1270 938 ,
1299 874 1395 925 καὶ
1423 876 1533 940 οὐχ
1567 875 1839 940 ερρὶσκω·

286 968 323 1020 ὅ
344 969 399 1022 δὲ
431 966 826 1036 ἀμπελουργὸς,
864 967 1035 1033 Ἄρες
1075 964 1285 1029 αὐτὴν,
1318 959 1488 1024 εἶπεν,
1522 964 1710 1028 Κύριε,
1742 962 1839 1015 καὶ

290 1055 464 1107 τοῦτο
496 1054 559 1105 τὸ
598 1054 751 1117 ἔτος.

884 1138 1119 1192 ΚᾹΝΩΝ
1149 1140 1220 1191 Δ’.

365 1248 383 1278 ι
424 1229 546 1291 Τοῖς
563 1228 669 1298 γὰρ
690 1228 1024 1279 παντάπασιν
1045 1225 1474 1293 ἀπεγνωσμένοις
1492 1223 1585 1275 καὶ
1601 1224 1620 1254 ⁵
1638 1224 1837 1286 ἀμετα-

291 1335 314 1369 α
356 1318 582 1387 νοήτοις,
606 1318 775 1386 δέρμα
808 1332 864 1367 τε
898 1314 1143 1375 Αἰθίοπος
1168 1313 1533 1381 ἀμετάϐλητον
1568 1312 1834 1380 κεκτημέ-

292 1424 313 1457 ι
351 1424 482 1470 νοις,
504 1407 594 1458 καὶ
620 1406 943 1474 ποικίλματα
969 1403 1296 1472 παρδάλεως,
1327 1401 1637 1471 λεχθήσεται
1664 1401 1721 1452 τὸ
1739 1402 1834 1469 τῆς

293 1512 313 1542 ι
347 1494 536 1563 ἐτέρας
599 1493 795 1560 συκῆςσ
846 1490 1063 1555 Μηκέτι
1105 1490 1171 1541 ἐκ
1206 1488 1321 1541 σοῦ
1355 1489 1578 1554 καρπὸς
1601 1488 1833 1554 γένηται

291 1602 313 1633 ι
349 1586 439 1646 εις
486 1581 587 1633 τὸν
638 1580 850 1633 αἰῶνα·
888 1578 966 1630 διὸ
1007 1578 1099 1629 καὶ
1124 1576 1457 1647 παραχρῆμα
1502 1576 1828 1646 ξηραίνεται.

290 1686 311 1720 ι
364 1669 791 1739 ’Δποπληροῦται
847 1670 971 1736 γοῦν
1011 1669 1095 1721 ἐπ’
1122 1668 1299 1727 αὐτοῖς
1344 1667 1435 1718 καὶ
1481 1667 1536 1717 τὶ
1590 1666 1690 1717 ὑπὸ
1742 1663 1830 1719 τοῦ

290 1773 312 1806 ι
360 1755 774 1824 Ἑκκλησιαστοῦ
806 1756 1115 1826 είρημένοψ
1148 1754 1613 1821 Διεστριιμμένον
1641 1757 1710 1806 οὐ
1739 1754 1833 1807 δύο

1944 616 2052 670 prze
2083 603 2255 656 oculis
2288 603 2567 666 habentes,
2602 602 2820 670 dignum
2874 604 3201 671 pten‘itentiaa
3250 603 3484 657 laborem

1940 684 2130 751 aequali
2164 692 2400 752 tempore
2438 684 2773 747 exhibentes,
2799 685 3150 753 juvabuntur,
3184 686 3285 740 hoc
3313 695 3394 741 est
3418 692 3484 741 ad

1940 784 2185 842 quartum
2204 790 2390 843 usque
2418 788 2639 828 annum.
2670 776 2926 829 Dominus
2955 791 3205 844 namque,
3235 777 3359 831 Tres
3389 794 3485 830 an-

1940 878 2055 925 nos,
2098 863 2292 930 inquit,
2338 864 2480 915 venio
2511 864 2577 914 ad
2610 866 2796 930 ipsam,
2840 880 3071 931 qua’rens
3104 866 3361 933 fructum,
3392 884 3485 921 nec

1938 952 2156 1004 invenio:
2186 950 2434 1020 Agricola
2463 967 2609 1015 vero,
2644 953 2880 1016 Dimitte,
2914 954 3006 1013 ait,
3052 955 3222 1018 illam,
3252 954 3481 1021 domine,

1937 1049 1983 1091 et
2012 1043 2106 1092 hoc
2137 1056 2291 1092 anno.

2529 1128 2752 1183 CANON
2791 1130 2882 1183 ιν.

2011 1254 2029 1287 ι
2079 1238 2148 1291 lis
2179 1237 2323 1290 enim
2350 1238 2441 1307 qui
2484 1248 2609 1293 sunt
2653 1241 2872 1292 omnino
2900 1242 3190 1308 desperati,
3221 1251 3273 1296 et
3304 1242 3479 1311 paeni-

1940 1344 1956 1374 ι
2006 1326 2225 1377 tentiam
2260 1342 2365 1378 non
2392 1335 2575 1394 agunt,
2605 1335 2654 1380 et
2687 1329 2879 1395 pellem
2924 1329 3192 1397 IEtliiopis
3229 1332 3481 1385 immuta-

1941 1432 1957 1463 ι
2006 1414 2161 1467 bilem
2201 1418 2475 1483 possident
2501 1426 2552 1470 et
2578 1419 2726 1485 pardi
2754 1419 3064 1483 varietates,
3088 1421 3318 1484 dicetur,
3336 1423 3478 1490 quod

1939 1520 1956 1551 ι
2003 1503 2090 1554 alii
2125 1506 2246 1556 [icui
2280 1505 2479 1558 dictum
2512 1516 2639 1561 est:
2690 1506 3030 1577 Nequaquam
3079 1527 3143 1563 ea:
3191 1522 3237 1564 te
3278 1513 3479 1579 fruetus

1939 1608 1955 1639 ι
2002 1592 2095 1657 fiat
2132 1594 2183 1643 in
2215 1603 2462 1644 azternum
2490 1606 2540 1653 ιι.
2571 1603 2624 1648 et
2652 1595 2770 1649 ideo
2816 1596 2997 1648 statim
3031 1612 3244 1665 quoque
3292 1613 3481 1652 exare-

1938 1696 1955 1726 ι
2006 1680 2127 1732 scit.
2176 1679 2231 1731 In
2283 1681 2349 1734 iis
2403 1683 2545 1735 enim
2603 1685 2851 1753 impletur
2877 1687 3019 1753 quod
3053 1688 3119 1740 ab
3154 1687 3480 1743 Ecclesiaste

1940 1784 1957 1815 ι
2003 1768 2202 1820 dictum
2239 1778 2319 1821 est
2356 1788 2366 1822 :
2400 1770 2546 1834 Quod
2574 1787 2861 1838 perversum
2890 1786 2986 1836 est,
3020 1791 3134 1826 .non
3165 1778 3351 1841 poterit
3387 1793 3473 1831 2.1:-

289 1863 309 1895 s
348 1859 517 1896 ratat
546 1844 1073 1912 ⁶“ἐπικοσμηθῆναι,
1099 1846 1193 1899 καὶ
1234 1844 1536 1911 ὑστέρημα
1568 1847 1637 1897 οὐ
1661 1844 1834 1909 ὁυνή-
1863 1829 1902 1882 Β

1863 1829 1902 1882 Β
1941 1873 1957 1902 ι
2006 1859 2205 1921 ornari,
2253 1867 2300 1909 et
2354 1858 2580 1925 defectus
2607 1864 2873 1914 numerari
2924 1879 3025 1915 non
3059 1865 3245 1931 poterit
3280 1866 3327 1916 ι’.
3361 1864 3475 1918 Nisi

288 1947 311 1982 ‹
356 1946 523 1983 σεται
562 1932 965 1999 ἀριθμηθῆναι.
1002 1933 1063 1983 Et
1111 1931 1183 2000 μὴ
1227 1932 1331 2001 γὰρ
1370 1932 1630 2002 πρότερον
1668 1931 1727 1982 τὸ
1758 1932 1833 1982 δι-

286 2034 308 2068 (
348 2018 714 2086 εστραμμένον
742 2019 1022 2089 διορθωθῇ,
1050 2018 1298 2070 ἀδύνατόν
1333 2020 1447 2070 ἐστι
1489 2020 1619 2072 αὐτὸ
1648 2022 1831 2072 ἐπικο-

288 2120 307 2153 ι
347 2106 649 2174 σμηθῆναισ
693 2109 784 2158 καὶ
812 2110 857 2159 εί
896 2108 967 2177 μὴ
1018 2108 1275 2177 πρότερον
1307 2108 1365 2159 τὺ
1398 2108 1672 2179 ὑστέρημα
1704 2112 1831 2163 άνα-

289 2208 324 2240 ι
348 2193 626 2263 πληρωθῇ,
650 2196 905 2248 ἀδύνατόν
932 2198 1073 2247 ἐστιν
1106 2196 1231 2247 αὐτὸ
1265 2197 1644 2267 ἀριθμηθῆναι.
1672 2200 1828 2251 Ὅθεν

288 2298 307 2328 ι
345 2282 438 2333 καὶ
467 2284 553 2334 ἐπὶ
596 2283 778 2345 τέλους
825 2284 1155 2352 συμϐήσεται
1204 2286 1381 2346 αὐτοῖς
1410 2285 1469 2336 τὸ
1499 2285 1780 2355 λεγόμενον
1808 2289 1827 2317 ⁷

288 2386 308 2420 ι
347 2370 451 2420 ὑπὸ
480 2367 569 2423 τοῦ
622 2373 891 2441 προφήτου
950 2373 1193 2425 Ἡσαΐου·
1242 2374 1350 2425 Καί
1388 2374 1629 2440 ὄψονται
1653 2372 1759 2436 γὰρ
1784 2379 1823 2439 ³,

286 2476 307 2507 ι
348 2460 499 2525 φησι,
523 2460 589 2511 τὰ
623 2459 781 2512 κῶλα
822 2460 936 2512 τῶν
968 2462 1285 2528 ἀνθρώπων·
1308 2460 1421 2514 τῶν
1440 2463 1828 2530 παραϐεϐηκό-

287 2564 305 2594 ι
342 2564 458 2598 των
476 2549 544 2599 ἐν
566 2550 693 2616 ἐμοί
717 2567 728 2579 ·
769 2553 801 2602 ό
831 2549 937 2618 γὰρ
959 2552 1202 2616 σκώληξ
1224 2551 1416 2605 αὐτῶν
1441 2557 1510 2607 οὐ
1555 2557 1827 2621 τελευτή-

286 2652 305 2684 ι
348 2652 463 2698 σει,
503 2637 597 2688 καὶ
639 2638 700 2689 τὸ
745 2639 862 2707 πῦρ
914 2639 1109 2692 αὐτῶν
1151 2641 1220 2691 οὐ
1264 2643 1675 2707 σϐεσθήσεται,
1730 2646 1825 2698 καὶ

282 2740 304 2771 «ι
346 2722 586 2775 ἔσονται
623 2727 707 2788 είς
746 2705 953 2791 ὅρῖισιν
995 2724 1155 2791 πάσῃ
1203 2728 1413 2792 σαρκί·
1467 2730 1583 2780 ἐπεὶ
1622 2705 1712 2782 καὶ
1753 2731 1826 2793 ὡς

282 2829 305 2861 ι
336 2810 683 2878 προλέλεκται
715 2814 801 2865 ὑπ’
828 2815 1010 2868 αὐτοῦ’
1032 2819 1094 2868 οι
1118 2816 1183 2867 δὲ
1213 2817 1417 2878 ἇὸικει,
1448 2818 1525 2880 ὡς
1552 2819 1827 2871 θάλασσα

1941 1961 1958 1992 ι
2000 1944 2144 1996 enim
2176 1945 2314 2012 quod
2347 1961 2656 2013 perversum
2709 1958 2791 2002 est
2842 1952 2989 2018 prius
3039 1960 3243 2004 rectum
3295 1952 3475 2014 fuerit,

1940 2048 1959 2080 ι
2007 2030 2118 2083 tieri
2150 2046 2254 2084 non
2282 2041 2456 2100 potest
2488 2041 2545 2085 ut
2578 2035 2629 2087 id
2649 2046 2972 2103 exornetur;
3008 2046 3061 2091 et
3085 2040 3186 2092 nisi
3215 2040 3360 2108 prior
3383 2039 3478 2094 de-

1941 2135 1958 2167 ι
2006 2117 2179 2172 fectus
2208 2122 2451 2187 expletus
2487 2122 2660 2185 fuerit,
2717 2124 2829 2177 ﬁeri
2870 2141 2974 2178 non
3014 2137 3188 2195 potest
3213 2138 3269 2180 ut
3299 2131 3345 2183 is
3375 2146 3477 2183 nu-

1939 2222 1956 2254 ι
2002 2216 2255 2261 meretur.
2286 2206 2436 2262 Unde
2465 2220 2517 2262 et
2557 2211 2610 2263 in
2649 2212 2750 2265 line
2778 2214 2857 2267 eis
2881 2216 3087 2269 eveniet
3114 2218 3258 2285 quod
3287 2232 3317 2269 a
3346 2234 3473 2287 pro-

1938 2312 1954 2343 ι
1997 2294 2151 2362 pheta
2186 2298 2317 2350 lsaia
2347 2299 2543 2351 dicitur
2578 2322 2587 2352 :
2624 2300 2687 2351 Et
2730 2302 3058 2367 videbuntur,
3092 2306 3283 2372 inquit,
3316 2323 3475 2359 mem—

1937 2399 1954 2429 ι
2001 2380 2092 2431 bra
2135 2398 2311 2434 eorum
2356 2386 2442 2451 qui
2483 2393 2801 2453 transgressi
2847 2397 2967 2440 sunt
3018 2389 3069 2440 in
3120 2405 3218 2443 me.
3276 2389 3471 2443 Vermis

1938 2484 1956 2515 ι
2005 2469 2136 2520 enim
2184 2470 2415 2535 ipsorum
2464 2490 2562 2525 non
2612 2476 2881 2537 morietur,
2915 2486 2963 2527 et
2992 2477 3125 2544 ignis
3158 2494 3334 2529 eorum
3371 2495 3472 2531 non

1939 2576 1957 2607 ι
2001 2560 2352 2627 exstinguetur
2377 2578 2393 2613 :
2422 2571 2466 2613 et
2492 2573 2639 2614 t-runt
2660 2564 2709 2614 in
2734 2574 2992 2630 aspectum
3023 2566 3191 2618 omnis
3222 2569 3395 2620 carnis
3421 2578 3469 2622 ε.

1937 2663 1953 2693 ι
2000 2644 2460 2715 Quandoquidem,
2517 2656 2575 2701 ut
2625 2657 2677 2701 et
2712 2650 2779 2702 ab
2822 2652 2937 2717 ipso
2974 2652 3280 2717 praedictum
3329 2660 3411 2705 est
3455 2670 3468 2705 :

1937 2753 1954 2783 ι
2004 2734 2199 2802 Injusti
2226 2748 2394 2789 autem
2417 2739 2493 2789 sic
2522 2738 2871 2804 ﬂuctuabant,
2932 2750 2977 2791 et
3028 2742 3337 2807 requiescere
3370 2756 3471 2793 non

1938 2841 1954 2872 ι
2001 2833 2258 2892 poterunt.
2290 2825 2410 2879 Non
2439 2836 2513 2879 est
2546 2827 2766 2895 gaudere
2797 2830 2990 2895 impiis,
3022 2830 3149 2881 dicit
3186 2830 3319 2883 Deus
3347 2830 3396 2884 ἀ.
3445 2848 3465 2881 ι

282 2920 307 2954 ε
345 2903 822 2973 ἀνασεεριισμένη
859 2906 925 2969 ⁸⁶,
955 2908 1104 2959 οὕτω
1129 2908 1729 2975 κλυδωνισθήσονται,
1759 2914 1852 2966 καί
1887 2915 2340 2972 ἀναπαύσασθαι
2362 2922 2432 2972 οὐ
2461 2919 2545 2988 μὴ
2578 2920 2937 2986 δυνήσονται
2965 2924 2983 2954 ⁸
3008 2922 3069 2991 (Ῑ.
3099 2923 3467 2992 δυνήσωνται).

286 3013 305 3046 ι
334 2997 455 3047 Οὐκ
481 2995 608 3048 ἔστι
638 2998 861 3073 χαίρειν
882 2999 1003 3063 τοῖς
1027 3000 1324 3063 ἀσεϐέσιν,
1356 2997 1523 3054 εἶπεν
1546 3007 1579 3055 ό
1606 3008 1762 3070 Θεός.
1800 3028 1817 3058 ι

350 3086 542 3137 ΒΑΛΣ.
580 3088 643 3137 Ἀ
671 3088 765 3155 μὲν
794 3089 1111 3159 προείρηται
1144 3092 1268 3161 περὶ
1312 3094 1417 3144 τῶν
1446 3098 1823 3161 πεπτωκότων,
1854 3107 1893 3162 C

1854 3107 1893 3162 C
2000 3105 2152 3161 BALS.
2194 3106 2322 3171 Quae
2354 3112 2503 3177 prius
2535 3110 2749 3178 quidem
2781 3109 2921 3162 dicta
2956 3118 3081 3163 sunt
3105 3110 3170 3163 de
3196 3110 3381 3178 lapsis,
3402 3110 3468 3166 de

276 3168 495 3239 εἴρηται
523 3170 615 3222 καὶ
650 3174 773 3241 περὶ
804 3174 1277 3244 μεταμελομένων
1314 3176 1453 3232 κατὰ
1480 3182 1533 3233 δὲ
1563 3184 1666 3234 τῶν
1700 3185 1826 3253 άμε-

275 3259 550 3327 τανοήτων
589 3259 685 3326 τὴν
741 3263 979 3331 κατάραν
1024 3265 1121 3333 τῆς
1165 3268 1353 3335 ἑτέρας
1388 3272 1555 3339 συκῆς
1612 3273 1821 3341 ἐπάγει,

283 3346 418 3416 πρὸς
439 3346 504 3413 ἢν
537 3349 564 3398 ὀ
615 3348 813 3417 Κύριος
842 3350 944 3418 ἔφη
974 3352 1059 3404 διὰ
1104 3353 1163 3405 τὺ
1198 3355 1439 3426 ἄκαρπον
1464 3354 1487 3387 ·’
1514 3361 1727 3426 Μηκέτι
1756 3364 1822 3416 ἐκ

273 3435 395 3488 σοῦ
422 3427 646 3503 παρα-ἰὸς
670 3439 926 3507 γένηται.

348 3604 585 3659 ΖΩΝΑΡ.
609 3607 671 3657 ’Δ
691 3608 787 3676 μὲν
803 3612 1113 3683 προείρηται
1134 3618 1256 3684 περὶ
1277 3616 1382 3669 τῶν
1399 3626 1823 3689 παραπεπτωκός

270 3708 405 3751 των,
427 3692 633 3762 εἴρηται
660 3698 750 3749 καὶ
772 3698 923 3767 [ἰιᾱό.
944 3702 1088 3771 περὶ]
1109 3705 1569 3774 μεταμελομένων.
1593 3713 1744 3765 Κατὰ
1767 3715 1820 3766 δὲ

270 3778 387 3829 τῶν
406 3782 781 3870 άμετανοήτων
810 3787 866 3849 ἐξ
887 3788 1237 3855 ἀπογνώσεως
1261 3791 1291 3859 ἢ
1324 3797 1561 3864 πονηρᾶς
1583 3799 1819 3870 γνώμης,

270 3869 445 3921 καὶτὸ
475 3868 533 3933 ἐξ
563 3873 829 3941 ἁμαρτίας
855 3876 1143 3945 μελάνωμα
1163 3879 1529 3951 ἀμετάϐλητον
1556 3888 1646 3937 καὶ
1674 3868 1823 3943 άνέκ-

272 3959 472 4011 πλυτον
501 3961 746 4028 ἑχόντων,
786 3963 859 4025 ὡς
901 3966 947 4015 ot
980 3967 1229 4029 Αἰθίοπες
1260 3970 1320 4021 τὸ
1350 3972 1570 4041 ζοφερὸν
1610 3976 1700 4028 τοῦ
1737 3978 1821 4030 δέ·

259 4060 510 4135 ·ρματος,
529 4048 619 4097 καὶ
650 4050 681 4117 ἡ
714 4050 970 4118 πάρδαλις
999 4054 1065 4104 τά
1091 4055 1433 4125 ποικίλματα,
1462 4062 1558 4130 τὴν
1579 4066 1817 4135 κατάραν

265 4134 375 4225 τῆς
429 4134 616 4203 ἑτέρας
664 4137 829 4206 συκῆς
878 4140 1098 4207 ἐπάγειο
1136 4143 1269 4213 πρὸς
1317 4148 1381 4214 ἢν
1422 4149 1449 4199 ὁ
1492 4151 1690 4221 Κύριος
1719 4134 1818 4225 ἔφη

268 4222 365 4309 δια
395 4225 453 4275 τὸ
479 4226 751 4295 ἄκαρπονο
785 4230 1003 4295 Μηκέτι
1037 4232 1102 4284 ἐκ
1135 4235 1248 4286 σοῦ
1282 4239 1506 4305 καρπὸς
1543 4242 1776 4309 γένηται
1803 4222 1814 4274 λ

268 4307 367 4362 καὶ
396 4310 723 4381 πληροῦσθαί
762 4329 922 4382 φησιν
954 4316 1039 4366 ἐπ’
1067 4317 1245 4379 αὐτοῖς
1267 4320 1334 4371 τὰ
1377 4321 1469 4373 τοῦ
1503 4307 1815 4396 Ἐκκλησια-

1926 3194 2369 3262 resipisccntibus
2396 3198 2555 3249 etiam
2588 3198 2729 3251 dicta
2771 3208 2914 3251 sunt.
2944 3199 3214 3252 Adversus
3240 3214 3331 3253 eos
3365 3212 3465 3252 auo

1922 3290 2027 3333 tem
2059 3284 2149 3350 qni
2183 3286 2326 3336 nulla
2365 3287 2676 3352 pmnitentia
2731 3286 3021 3347 ducuntur,
3076 3287 3296 3342 alterius
3333 3287 3463 3343 licus

1922 3372 2345 3425 exsecrationem
2402 3374 2626 3435 inducit,
2691 3373 2753 3425 ad
2802 3390 2962 3441 quam
3027 3373 3284 3428 Dominus
3337 3377 3466 3428 dicit

1923 3468 2138 3525 prepter
2170 3457 2553 3512 infer-tilitatem
2587 3478 2599 3512 :
2664 3459 2893 3512 Fructus
2926 3461 3150 3527 amplius
3189 3477 3252 3513 ex
3280 3470 3326 3514 te
3364 3479 3464 3516 nan

1922 3546 2034 3606 ﬁat.

1991 3633 2190 3686 Zomn.
2224 3634 2354 3699 Qnte
2399 3637 2547 3704 prius
2577 3638 2788 3705 quidem
2837 3638 2902 3691 de
2952 3638 3116 3707 lapsis
3142 3637 3283 3690 dicta
3316 3646 3462 3701 sunt,

1921 3721 2065 3775 dicta
2097 3730 2223 3775 sunt
2260 3724 2421 3775 etiam
2474 3725 2539 3776 de
2581 3724 3044 3791 resipisccntibus.
3093 3724 3291 3777 Contra
3343 3725 3463 3777 illos

1920 3827 2045 3865 vero
2093 3814 2181 3881 qui
2226 3828 2287 3866 ex
2338 3812 2710 3881 desperatione
2759 3814 2840 3866 vel
2884 3814 3168 3881 depravata
3212 3814 3464 3882 Opinione

1921 3900 2290 3967 pmnitentiam
2335 3914 2441 3952 non
2474 3908 2659 3968 agunt,
2692 3913 2754 3951 ac
2803 3907 3062 3967 perpetuo
3113 3899 3461 3952 iuberentem

1920 4001 1982 4040 ac
2012 3987 2344 4041 indelebilem
2376 3989 2579 4056 peccati
2609 3988 2878 4053 nigrorem
2908 3995 3141 4055 gestant,
3159 3995 3217 4041 ut
3250 3987 3464 4042 Ethio-

1920 4090 2013 4144 pes
2039 4075 2242 4128 fuscam
2273 4077 2487 4144 pellem.
2527 4076 2833 4144 pardusque
2864 4077 3182 4140 varietates;
3235 4078 3461 4133 alterius

1920 4163 2054 4218 ﬁcus
2083 4166 2505 4217 exsecrationem
2535 4165 2763 4219 inducit.
2814 4164 2892 4215 Ad
2916 4179 3074 4232 quam
3106 4164 3364 4218 Dominus
3390 4166 3462 4219 ob

1917 4253 2275 4314 sterilitatem,
2320 4244 2398 4305 Ne
2429 4253 2649 4319 fructus,
2682 4253 2876 4320 inquit,
2925 4254 3149 4320 amplius
3193 4269 3253 4306 ex
3285 4262 3333 4305 te
3367 4271 3461 4306 ua-

1919 4351 2115 4393 scatur.
2149 4342 2587 4410 Implendumque
2621 4343 2694 4395 ait
2739 4344 2790 4394 in
2837 4344 2970 4411 ipsis
3009 4342 3137 4394 illud
3188 4342 3458 4395 Ecclesia-

268 4413 401 4448 στου
433 4399 493 4460 ”,
522 4398 763 4465 λέγοντος
783 4417 795 4430 ·
844 4403 1310 4471 Διεστραμμένον
1374 4412 1444 4462 οὐ
1496 4411 1812 4477 δυνήσεται
1847 4417 1889 4469 D

1847 4417 1889 4469 ι)
1918 4436 2046 4491 stes,
2097 4429 2323 4482 dicentis
2357 4448 2370 4481 :
2408 4431 2557 4493 Quod
2580 4445 2868 4496 perversum
2888 4442 3076 4483 estnon
3104 4432 3287 4498 poterit
3306 4446 3458 4483 exor-

268 4484 760 4552 ἐπικοσμηθῆναι,
796 4487 889 4539 καί
930 4490 1227 4557 ὑστέρημα
1247 4493 1316 4544 οὐ
1349 4492 1667 4559 δυνήσεται
1688 4501 1811 4566 ἀρι-

267 4570 560 4655 ᾂμηθῆναι
586 4589 599 4602 ·
631 4569 743 4655 εἶτα
791 4576 1085 4644 σαφηνίσας
1111 4578 1178 4630 τὰ
1211 4580 1349 4649 ῥητὰ
1382 4582 1568 4648 ταῦτα,
1602 4590 1816 4655 προστί-

268 4653 397 4725 θησι
424 4656 515 4707 καὶ
542 4656 607 4708 τὰ
633 4654 724 4711 τοῦ
766 4659 1005 4717 Ἦσαῖου.

866 4749 1099 4803 ΚΑΝΩΝ
1128 4753 1202 4806 E’.

342 4848 362 4882 ι
401 4832 522 4895 Τοῖς
553 4834 607 4886 δὲ
639 4835 1179 4906 καθυποκριναμένοις
1211 4843 1348 4895 κατά
1377 4844 1465 4895 τὸν
1497 4846 1812 4916 ὲπιληπτευ-

271 4937 291 4969 ι
330 4919 557 4987 σάμενον
578 4923 757 4986 Δαόὶδ,
787 4924 871 4975 ῐνα
917 4926 989 4995 μὴ
1040 4928 1300 5001 ἀποθάνῃ,
1329 4933 1425 4984 οὑκ
1454 4932 1580 4986 ὄντα
1625 4936 1810 5007 ὲπΰιη-

271 5026 291 5058 ι
332 5024 490 5060 πτονσ
526 5010 617 5061 κα)⁸
671 5011 742 5080 μὴ
797 5014 1013 5080 γυμνῶς
1056 5015 1526 5087 ἀπογραψαμένοις
1563 5022 1632 5073 τὰ
1674 5024 1810 5091 πρὸς

270 5113 289 5143 ι
328 5093 573 5162 ἄρνησιν,
620 5097 752 5151 ἀλλὰ
783 5098 1088 5163 διαπαίξασι
1130 5105 1266 5157 κατὰ
1316 5107 1510 5174 πολλὴν
1556 5125 1810 5177 στενοχω-

268 5200 289 5231 ‹
335 5181 477 5251 ρίαν,
505 5182 578 5244 ὡς
605 5182 667 5234 ἂν
692 5186 873 5239 παιδία
901 5187 1212 5256 βουλευτικὰ
1243 5192 1483 5264 ἔμφρονα
1508 5198 1563 5247 ὲν
1586 5198 1810 5260 παιδίοις

268 5285 288 5316 ι
328 5266 545 5336 ἄφροσι,
575 5268 669 5330 τὰς
713 5272 817 5323 τῶν
865 5272 1068 5341 ἐχθρῶν
1099 5274 1400 5341 ἐπιϐουλάς,
1448 5281 1561 5349 ἤτοι
1587 5284 1659 5344 ὡς
1679 5284 1812 5336 διελ-

1918 4518 2061 4577 nari,
2086 4528 2135 4569 et
2159 4518 2386 4583 detectus
2418 4519 2682 4570 numerari
2719 4535 2816 4570 non
2836 4520 3023 4586 poterit
3056 4534 3072 4569 :
3109 4520 3303 4587 quibus
3334 4534 3459 4572 mox

1916 4604 2217 4673 explicatis,
2242 4604 2393 4659 Isaiae
2424 4623 2637 4675 quoque
2670 4609 2827 4661 verba
2854 4607 3141 4677 subjnngit.

2410 4746 2743 4814 llcasox
2784 4760 2845 4815 v.

1991 4862 2008 4894 ι
2055 4843 2123 4899 lis
2147 4853 2321 4899 autem
2356 4847 2447 4915 qui
2477 4848 2798 4901 simularunt
2830 4859 2965 4903 sicut
2996 4859 3048 4904 et
3081 4851 3247 4906 David
3279 4863 3329 4917 ⁸,
3360 4854 3453 4923 qui

1924 4950 1941 4981 ι
1987 4947 2045 4985 se
2077 4933 2415 5002 epilepticum
2455 4936 2707 5003 tingebat,
2740 4952 2808 4990 ne
2840 4947 3157 5001 moreretur,
3209 4943 3455 5009 quamvis

1921 5037 1938 5068 ι
1982 5036 2039 5073 re
2066 5036 2188 5073 vera
2209 5024 2527 5090 epilepticns
2549 5040 2656 5077 non
2679 5034 2854 5091 esset;
2884 5034 2937 5079 et
2977 5042 3082 5080 non
3110 5028 3253 5083 nude
3286 5045 3452 5100 nega-

1921 5127 1937 5158 ι
1986 5110 2177 5163 tionem
2207 5112 2616 5181 inscripserunt,
2645 5117 2735 5168 sed
2758 5116 2809 5167 in
2833 5117 3012 5170 multis
3033 5118 3313 5186 angustiis,
3341 5128 3451 5173 tan-

1920 5212 1938 5244 ι
1982 5212 2141 5264 quam
2173 5200 2322 5265 pueri
2357 5201 2585 5253 consilio
2629 5208 2681 5253 et
2727 5200 3008 5267 prudentia
3055 5204 3261 5271 praediti
3312 5204 3452 5259 inter

1920 5303 1936 5334 ι
1984 5301 2180 5353 pueros
2211 5288 2541 5357 insipientes,
2576 5290 2912 5343 inimicorum
2939 5292 3163 5346 insidias
3193 5292 3444 5349 ludiﬁcati

334 5394 360 5421 ι
389 5381 574 5433 ΜόίιΙι.
605 5399 715 5450 nt,
749 5385 827 5439 l9.
900 5389 927 5428 δ
956 5388 1286 5454 Ercle.t,15.
1362 5406 1383 5432 ο
1415 5394 1523 5449 lsa.
1553 5413 1697 5463 uvt,
1727 5402 1813 5454 24.
1889 5402 1915 5440 ά
1953 5402 1967 5454 l

1431 5394 1523 5449 lsa.
1553 5413 1697 5463 uvt,
1727 5402 1813 5454 24.
1889 5402 1915 5440 ά
1953 5402 2060 5457 lsa.
2094 5419 2224 5468 Lm,
2253 5405 2341 5470 ‘20,
2370 5404 2459 5458 2|.
2540 5416 2562 5444 ο
2597 5404 2622 5457 Ι
2652 5404 2772 5475 Reg.
2820 5421 2927 5467 XXI,
2988 5407 3064 5458 l5.

1495 5508 1721 5564 VA!!le
1780 5512 2169 5569 LECTIONES.

334 5583 624 5659 {ﬁnitima
687 5586 707 5615 ⁸
738 5585 1102 5659 δυνηθήσεται.

264 5651 305 5682 ⁹“
348 5651 839 5717 Ἐκκλησιᾶστικοῦ,

1187 5593 1207 5621 ⁷
1239 5593 1572 5662 λελεγμένον.
1636 5601 1655 5631 ⁸
1689 5600 1833 5655 deest
1865 5606 1988 5673 γάρ.
2058 5606 2098 5637 ⁸·
2129 5605 2202 5668 ὡς
2233 5607 2467 5660 θάλασσαι
2508 5606 2945 5675 ἀνσϐεϐρασμένη
2981 5621 3084 5659 om.
3160 5605 3178 5635 '
3203 5602 3439 5669 κιίλιιιά.
