  <div class='ocr_page' id='page_1' title='image "/cluster/home/n/w/nwhite01/storage/ocr_20150623/138/uva.x030486987/282.png"; bbox 0 0 4136 6458; ppageno 0'>
   <div class='ocr_carea' id='block_1_1' title="bbox 256 392 365 455">
    <p class='ocr_par' dir='ltr' id='par_1_1' title="bbox 256 392 365 455">
     <span class='ocr_line' id='line_1_1' title="bbox 256 392 365 455; baseline 0.018 -2"><span class='ocrx_word' id='word_1_1' title='bbox 256 392 365 455; x_wconf 67' lang='grc'><strong>485</strong></span> 
     </span>
    </p>
   </div>
   <div class='ocr_carea' id='block_1_2' title="bbox 1390 390 2379 455">
    <p class='ocr_par' dir='ltr' id='par_1_2' title="bbox 1390 390 2379 455">
     <span class='ocr_line' id='line_1_2' title="bbox 1390 390 2379 455; baseline 0.002 -4"><span class='ocrx_word' id='word_1_2' title='bbox 1390 394 1470 453; x_wconf 81' lang='lat' dir='ltr'><strong>IN</strong></span> <span class='ocrx_word' id='word_1_3' title='bbox 1502 394 1741 453; x_wconf 81' lang='lat' dir='ltr'><strong>El’lS&#39;l‘.</strong></span> <span class='ocrx_word' id='word_1_4' title='bbox 1786 393 1849 455; x_wconf 85' lang='lat' dir='ltr'><strong>S.</strong></span> <span class='ocrx_word' id='word_1_5' title='bbox 1892 390 2118 451; x_wconf 79' lang='lat' dir='ltr'><strong>PETRI</strong></span> <span class='ocrx_word' id='word_1_6' title='bbox 2161 392 2379 453; x_wconf 74' lang='lat' dir='ltr'><strong>ALEX.</strong></span> 
     </span>
    </p>
   </div>
   <div class='ocr_carea' id='block_1_3' title="bbox 3364 398 3472 462">
    <p class='ocr_par' dir='ltr' id='par_1_3' title="bbox 3364 398 3472 462">
     <span class='ocr_line' id='line_1_3' title="bbox 3364 398 3472 462; baseline 0.046 -6"><span class='ocrx_word' id='word_1_7' title='bbox 3364 398 3472 462; x_wconf 64' lang='lat' dir='ltr'><strong>L86</strong></span> 
     </span>
    </p>
   </div>
   <div class='ocr_carea' id='block_1_4' title="bbox 259 518 1825 595">
    <p class='ocr_par' dir='ltr' id='par_1_4' title="bbox 259 518 1817 589">
     <span class='ocr_line' id='line_1_4' title="bbox 259 518 1817 589; baseline -0.001 -19"><span class='ocrx_word' id='word_1_8' title='bbox 259 521 327 570; x_wconf 76' lang='grc' dir='ltr'>οὐ</span> <span class='ocrx_word' id='word_1_9' title='bbox 369 519 588 588; x_wconf 83' lang='grc' dir='ltr'>γυμνῶς</span> <span class='ocrx_word' id='word_1_10' title='bbox 637 520 694 570; x_wconf 71' lang='grc' dir='ltr'><strong>δὲ</strong></span> <span class='ocrx_word' id='word_1_11' title='bbox 733 519 787 570; x_wconf 69' lang='grc' dir='ltr'>τὰ</span> <span class='ocrx_word' id='word_1_12' title='bbox 809 519 938 587; x_wconf 70' lang='grc' dir='ltr'>πρὸς</span> <span class='ocrx_word' id='word_1_13' title='bbox 977 520 1203 589; x_wconf 82' lang='grc' dir='ltr'><strong>ἄρνησιν</strong></span> <span class='ocrx_word' id='word_1_14' title='bbox 1241 518 1501 589; x_wconf 71' lang='grc' dir='ltr'>ἔγραψαν,</span> <span class='ocrx_word' id='word_1_15' title='bbox 1555 520 1677 572; x_wconf 81' lang='grc' dir='ltr'>ἀντὶ</span> <span class='ocrx_word' id='word_1_16' title='bbox 1725 520 1817 569; x_wconf 80' lang='grc' dir='ltr'><strong>τοῦ</strong></span> 
     </span>
    </p>
   </div>
   <div class='ocr_carea' id='block_1_5' title="bbox 1919 518 3472 595">
    <p class='ocr_par' dir='ltr' id='par_1_5' title="bbox 1921 523 3472 595">
     <span class='ocr_line' id='line_1_5' title="bbox 1921 523 3472 595; baseline 0.003 -22"><span class='ocrx_word' id='word_1_17' title='bbox 1921 537 2039 590; x_wconf 78' lang='lat' dir='ltr'><strong>qua:</strong></span> <span class='ocrx_word' id='word_1_18' title='bbox 2063 523 2129 575; x_wconf 86' lang='lat' dir='ltr'><strong>ad</strong></span> <span class='ocrx_word' id='word_1_19' title='bbox 2168 523 2576 593; x_wconf 77' lang='lat' dir='ltr'><strong>abnegationem</strong></span> <span class='ocrx_word' id='word_1_20' title='bbox 2623 533 2870 594; x_wconf 87' lang='lat' dir='ltr'><strong>spectant</strong></span> <span class='ocrx_word' id='word_1_21' title='bbox 2900 540 3007 580; x_wconf 88' lang='lat' dir='ltr'><strong>non</strong></span> <span class='ocrx_word' id='word_1_22' title='bbox 3039 525 3181 582; x_wconf 74' lang='lat' dir='ltr'><strong>unde</strong></span> <span class='ocrx_word' id='word_1_23' title='bbox 3234 524 3472 595; x_wconf 81' lang='lat' dir='ltr'><strong>scripse-</strong></span> 
     </span>
    </p>
   </div>
   <div class='ocr_carea' id='block_1_6' title="bbox 257 606 1827 678">
    <p class='ocr_par' dir='ltr' id='par_1_6' title="bbox 257 606 1827 678">
     <span class='ocr_line' id='line_1_6' title="bbox 257 606 1827 678; baseline 0.003 -18"><span class='ocrx_word' id='word_1_24' title='bbox 257 606 366 660; x_wconf 69' lang='grc' dir='ltr'>οὐκ</span> <span class='ocrx_word' id='word_1_25' title='bbox 411 606 917 676; x_wconf 82' lang='grc' dir='ltr'>ἀπαρακαλύπτως,</span> <span class='ocrx_word' id='word_1_26' title='bbox 953 606 1010 659; x_wconf 83' lang='grc' dir='ltr'><strong>ού</strong></span> <span class='ocrx_word' id='word_1_27' title='bbox 1063 609 1328 678; x_wconf 81' lang='grc' dir='ltr'>φανερῶς,</span> <span class='ocrx_word' id='word_1_28' title='bbox 1378 609 1511 660; x_wconf 81' lang='grc' dir='ltr'>ἀλλὰ</span> <span class='ocrx_word' id='word_1_29' title='bbox 1553 610 1639 662; x_wconf 85' lang='grc' dir='ltr'>διά</span> <span class='ocrx_word' id='word_1_30' title='bbox 1686 620 1827 665; x_wconf 76' lang='grc' dir='ltr'>τινος</span> 
     </span>
    </p>
   </div>
   <div class='ocr_carea' id='block_1_7' title="bbox 266 690 1825 761">
    <p class='ocr_par' dir='ltr' id='par_1_7' title="bbox 266 690 1825 761">
     <span class='ocr_line' id='line_1_7' title="bbox 266 690 1825 761; baseline 0.004 -20"><span class='ocrx_word' id='word_1_31' title='bbox 266 690 491 760; x_wconf 72' lang='grc' dir='ltr'>μεθόδου</span> <span class='ocrx_word' id='word_1_32' title='bbox 519 691 793 756; x_wconf 75' lang='grc' dir='ltr'>διέπαιξιν</span> <span class='ocrx_word' id='word_1_33' title='bbox 824 694 947 754; x_wconf 82' lang='grc' dir='ltr'>τοὺς</span> <span class='ocrx_word' id='word_1_34' title='bbox 990 692 1267 761; x_wconf 76' lang='grc' dir='ltr'>βιάζοντας</span> <span class='ocrx_word' id='word_1_35' title='bbox 1298 695 1509 759; x_wconf 83' lang='grc' dir='ltr'>αὐτοὺς,</span> <span class='ocrx_word' id='word_1_36' title='bbox 1547 696 1621 757; x_wconf 84' lang='grc' dir='ltr'>ὡς</span> <span class='ocrx_word' id='word_1_37' title='bbox 1658 700 1685 747; x_wconf 87' lang='grc' dir='ltr'><strong>ό</strong></span> <span class='ocrx_word' id='word_1_38' title='bbox 1721 699 1825 746; x_wconf 81' lang='grc' dir='ltr'><strong>Δα-</strong></span> 
     </span>
    </p>
   </div>
   <div class='ocr_carea' id='block_1_8' title="bbox 265 777 1823 850">
    <p class='ocr_par' dir='ltr' id='par_1_8' title="bbox 265 777 1823 850">
     <span class='ocr_line' id='line_1_8' title="bbox 265 777 1823 850; baseline 0.003 -22"><span class='ocrx_word' id='word_1_39' title='bbox 265 777 355 829; x_wconf 76' lang='grc' dir='ltr'><strong>ϐὶδ</strong></span> <span class='ocrx_word' id='word_1_40' title='bbox 396 779 483 830; x_wconf 80' lang='grc' dir='ltr'>ὅτε</span> <span class='ocrx_word' id='word_1_41' title='bbox 510 779 599 831; x_wconf 78' lang='grc' dir='ltr'>τὸν</span> <span class='ocrx_word' id='word_1_42' title='bbox 624 780 913 849; x_wconf 76' lang='grc' dir='ltr'><strong>ἐπίληπτον</strong></span> <span class='ocrx_word' id='word_1_43' title='bbox 960 780 1219 850; x_wconf 81' lang='grc' dir='ltr'>ὑπεκρίθη</span> <span class='ocrx_word' id='word_1_44' title='bbox 1274 781 1486 848; x_wconf 73' lang='grc' dir='ltr'>φεύγων</span> <span class='ocrx_word' id='word_1_45' title='bbox 1517 782 1606 833; x_wconf 75' lang='grc' dir='ltr'>τὸν</span> <span class='ocrx_word' id='word_1_46' title='bbox 1638 783 1823 844; x_wconf 68' lang='grc' dir='ltr'>Σαοὺλ,</span> 
     </span>
    </p>
   </div>
   <div class='ocr_carea' id='block_1_9' title="bbox 265 867 1825 937">
    <p class='ocr_par' dir='ltr' id='par_1_9' title="bbox 265 867 1825 937">
     <span class='ocr_line' id='line_1_9' title="bbox 265 867 1825 937; baseline 0.003 -18"><span class='ocrx_word' id='word_1_47' title='bbox 265 867 362 919; x_wconf 79' lang='grc' dir='ltr'><strong>καὶ</strong></span> <span class='ocrx_word' id='word_1_48' title='bbox 395 868 529 935; x_wconf 83' lang='grc' dir='ltr'>πρὸς</span> <span class='ocrx_word' id='word_1_49' title='bbox 566 870 691 930; x_wconf 80' lang='grc' dir='ltr'>τοὺς</span> <span class='ocrx_word' id='word_1_50' title='bbox 741 869 1066 937; x_wconf 76' lang='grc' dir='ltr'><strong>ἀλλοφύλους</strong></span> <span class='ocrx_word' id='word_1_51' title='bbox 1094 870 1398 937; x_wconf 79' lang='grc' dir='ltr'>γενόμενος,</span> <span class='ocrx_word' id='word_1_52' title='bbox 1433 871 1525 922; x_wconf 72' lang='grc' dir='ltr'><strong>καὶ</strong></span> <span class='ocrx_word' id='word_1_53' title='bbox 1566 870 1706 923; x_wconf 76' lang='grc' dir='ltr'>οὕτω</span> <span class='ocrx_word' id='word_1_54' title='bbox 1737 873 1825 923; x_wconf 72' lang='grc' dir='ltr'><strong>τὸν</strong></span> 
     </span>
    </p>
   </div>
   <div class='ocr_carea' id='block_1_10' title="bbox 265 954 1824 1029">
    <p class='ocr_par' dir='ltr' id='par_1_10' title="bbox 265 954 1824 1029">
     <span class='ocr_line' id='line_1_10' title="bbox 265 954 1824 1029; baseline 0.004 -21"><span class='ocrx_word' id='word_1_55' title='bbox 265 954 496 1013; x_wconf 79' lang='grc' dir='ltr'>θάνατον</span> <span class='ocrx_word' id='word_1_56' title='bbox 545 957 899 1025; x_wconf 57' lang='grc' dir='ltr'>διαπέφευγε·</span> <span class='ocrx_word' id='word_1_57' title='bbox 958 959 1236 1023; x_wconf 78' lang='grc' dir='ltr'>διέπαιξαν</span> <span class='ocrx_word' id='word_1_58' title='bbox 1290 959 1367 1023; x_wconf 84' lang='grc' dir='ltr'><strong>δὲ,</strong></span> <span class='ocrx_word' id='word_1_59' title='bbox 1404 961 1555 1029; x_wconf 68' lang='grc' dir='ltr'>φησι,</span> <span class='ocrx_word' id='word_1_60' title='bbox 1591 962 1684 1022; x_wconf 73' lang='grc' dir='ltr'><strong>τάς</strong></span> <span class='ocrx_word' id='word_1_61' title='bbox 1720 961 1824 1014; x_wconf 76' lang='grc' dir='ltr'><strong>τῶν</strong></span> 
     </span>
    </p>
   </div>
   <div class='ocr_carea' id='block_1_11' title="bbox 265 1045 1820 1118">
    <p class='ocr_par' dir='ltr' id='par_1_11' title="bbox 265 1045 1820 1118">
     <span class='ocr_line' id='line_1_11' title="bbox 265 1045 1820 1118; baseline 0.002 -20"><span class='ocrx_word' id='word_1_62' title='bbox 265 1045 475 1115; x_wconf 79' lang='grc' dir='ltr'>ἐχθρῶν</span> <span class='ocrx_word' id='word_1_63' title='bbox 519 1047 825 1109; x_wconf 76' lang='grc' dir='ltr'>ἐπιϐουλὰς,</span> <span class='ocrx_word' id='word_1_64' title='bbox 867 1049 951 1112; x_wconf 75' lang='grc' dir='ltr'>ὡς</span> <span class='ocrx_word' id='word_1_65' title='bbox 970 1049 1153 1101; x_wconf 85' lang='grc' dir='ltr'>παιδία</span> <span class='ocrx_word' id='word_1_66' title='bbox 1192 1048 1527 1117; x_wconf 78' lang='grc' dir='ltr'>βουλευτικά,</span> <span class='ocrx_word' id='word_1_67' title='bbox 1562 1050 1820 1118; x_wconf 71' lang='grc' dir='ltr'>ἔμφρονα,</span> 
     </span>
    </p>
   </div>
   <div class='ocr_carea' id='block_1_12' title="bbox 268 1135 1825 1207">
    <p class='ocr_par' dir='ltr' id='par_1_12' title="bbox 268 1135 1825 1207">
     <span class='ocr_line' id='line_1_12' title="bbox 268 1135 1825 1207; baseline 0.004 -23"><span class='ocrx_word' id='word_1_68' title='bbox 268 1135 524 1203; x_wconf 80' lang='grc' dir='ltr'>φρόνιμα,</span> <span class='ocrx_word' id='word_1_69' title='bbox 548 1136 637 1187; x_wconf 74' lang='grc' dir='ltr'><strong>καὶ</strong></span> <span class='ocrx_word' id='word_1_70' title='bbox 662 1136 892 1197; x_wconf 83' lang='grc' dir='ltr'><strong>συνετῶς</strong></span> <span class='ocrx_word' id='word_1_71' title='bbox 908 1136 1106 1207; x_wconf 76' lang='grc' dir='ltr'>δηλαδὴ</span> <span class='ocrx_word' id='word_1_72' title='bbox 1130 1138 1503 1206; x_wconf 69' lang='grc' dir='ltr'><strong>βουλευόμενα.</strong></span> <span class='ocrx_word' id='word_1_73' title='bbox 1527 1137 1825 1201; x_wconf 74' lang='grc' dir='ltr'>διαπαίζου-</span> 
     </span>
    </p>
   </div>
   <div class='ocr_carea' id='block_1_13' title="bbox 267 1222 1827 1295">
    <p class='ocr_par' dir='ltr' id='par_1_13' title="bbox 267 1222 1827 1295">
     <span class='ocr_line' id='line_1_13' title="bbox 267 1222 1827 1295; baseline 0.003 -20"><span class='ocrx_word' id='word_1_74' title='bbox 267 1239 354 1277; x_wconf 85' lang='grc' dir='ltr'><strong>σιν</strong></span> <span class='ocrx_word' id='word_1_75' title='bbox 372 1225 427 1275; x_wconf 85' lang='grc' dir='ltr'>ἐν</span> <span class='ocrx_word' id='word_1_76' title='bbox 442 1223 635 1293; x_wconf 75' lang='grc' dir='ltr'>ἄφροσι</span> <span class='ocrx_word' id='word_1_77' title='bbox 654 1224 897 1286; x_wconf 75' lang='grc' dir='ltr'>παιδίοις.</span> <span class='ocrx_word' id='word_1_78' title='bbox 910 1228 1177 1295; x_wconf 70' lang='grc' dir='ltr'>Ἐμφροσι</span> <span class='ocrx_word' id='word_1_79' title='bbox 1190 1228 1244 1279; x_wconf 83' lang='grc' dir='ltr'><strong>δὲ</strong></span> <span class='ocrx_word' id='word_1_80' title='bbox 1261 1226 1542 1290; x_wconf 75' lang='grc' dir='ltr'><strong>ἀπεικάζει</strong></span> <span class='ocrx_word' id='word_1_81' title='bbox 1557 1229 1679 1289; x_wconf 73' lang='grc' dir='ltr'>τοὺς</span> <span class='ocrx_word' id='word_1_82' title='bbox 1693 1222 1827 1279; x_wconf 59' lang='grc' dir='ltr'><strong>ἀπὶ-</strong></span> 
     </span>
    </p>
   </div>
   <div class='ocr_carea' id='block_1_14' title="bbox 266 1315 1825 1386">
    <p class='ocr_par' dir='ltr' id='par_1_14' title="bbox 266 1315 1825 1386">
     <span class='ocr_line' id='line_1_14' title="bbox 266 1315 1825 1386; baseline 0.001 -19"><span class='ocrx_word' id='word_1_83' title='bbox 266 1315 537 1381; x_wconf 78' lang='grc' dir='ltr'>τήσαντας</span> <span class='ocrx_word' id='word_1_84' title='bbox 554 1315 675 1376; x_wconf 76' lang='grc' dir='ltr'>τοὺς</span> <span class='ocrx_word' id='word_1_85' title='bbox 693 1316 922 1378; x_wconf 73' lang='grc' dir='ltr'>άσείῖεἰς,</span> <span class='ocrx_word' id='word_1_86' title='bbox 947 1319 1038 1368; x_wconf 70' lang='grc' dir='ltr'>καὶ</span> <span class='ocrx_word' id='word_1_87' title='bbox 1052 1317 1306 1382; x_wconf 78' lang='grc' dir='ltr'>δόξαντας</span> <span class='ocrx_word' id='word_1_88' title='bbox 1328 1319 1422 1386; x_wconf 78' lang='grc' dir='ltr'><strong>μὲν</strong></span> <span class='ocrx_word' id='word_1_89' title='bbox 1442 1317 1607 1379; x_wconf 81' lang='grc' dir='ltr'>θύειν,</span> <span class='ocrx_word' id='word_1_90' title='bbox 1637 1319 1707 1385; x_wconf 81' lang='grc' dir='ltr'><strong>μὴ</strong></span> <span class='ocrx_word' id='word_1_91' title='bbox 1734 1318 1825 1369; x_wconf 85' lang='grc' dir='ltr'><strong>θύ-</strong></span> 
     </span>
    </p>
   </div>
   <div class='ocr_carea' id='block_1_15' title="bbox 268 1403 1826 1475">
    <p class='ocr_par' dir='ltr' id='par_1_15' title="bbox 268 1403 1826 1475">
     <span class='ocr_line' id='line_1_15' title="bbox 268 1403 1826 1475; baseline 0.002 -22"><span class='ocrx_word' id='word_1_92' title='bbox 268 1418 467 1463; x_wconf 85' lang='grc' dir='ltr'>σαντας</span> <span class='ocrx_word' id='word_1_93' title='bbox 484 1403 560 1454; x_wconf 82' lang='grc' dir='ltr'>δέ·</span> <span class='ocrx_word' id='word_1_94' title='bbox 593 1403 860 1472; x_wconf 76' lang='grc' dir='ltr'><strong>ἔμφρονας</strong></span> <span class='ocrx_word' id='word_1_95' title='bbox 880 1406 974 1473; x_wconf 81' lang='grc' dir='ltr'><strong>μὲν</strong></span> <span class='ocrx_word' id='word_1_96' title='bbox 989 1406 1061 1467; x_wconf 82' lang='grc' dir='ltr'>ὡς</span> <span class='ocrx_word' id='word_1_97' title='bbox 1082 1406 1177 1475; x_wconf 76' lang='grc' dir='ltr'>τὴν</span> <span class='ocrx_word' id='word_1_98' title='bbox 1197 1407 1382 1459; x_wconf 73' lang='grc' dir='ltr'>θυσίαν</span> <span class='ocrx_word' id='word_1_99' title='bbox 1398 1407 1531 1468; x_wconf 82' lang='grc' dir='ltr'>τέως</span> <span class='ocrx_word' id='word_1_100' title='bbox 1552 1407 1826 1457; x_wconf 82' lang='grc' dir='ltr'>ἐκκλίναν-</span> 
     </span>
    </p>
   </div>
   <div class='ocr_carea' id='block_1_16' title="bbox 264 1490 1822 1565">
    <p class='ocr_par' dir='ltr' id='par_1_16' title="bbox 264 1490 1822 1565">
     <span class='ocr_line' id='line_1_16' title="bbox 264 1490 1822 1565; baseline 0.005 -24"><span class='ocrx_word' id='word_1_101' title='bbox 264 1507 368 1551; x_wconf 75' lang='grc' dir='ltr'><strong>τας</strong></span> <span class='ocrx_word' id='word_1_102' title='bbox 384 1490 445 1521; x_wconf 82' lang='grc'><strong>¹⁸⁶</strong></span> <span class='ocrx_word' id='word_1_103' title='bbox 468 1507 480 1520; x_wconf 79' lang='grc'><strong><em>⁸</em></strong></span> <span class='ocrx_word' id='word_1_104' title='bbox 510 1491 775 1554; x_wconf 78' lang='grc' dir='ltr'>παιδείους</span> <span class='ocrx_word' id='word_1_105' title='bbox 792 1493 867 1553; x_wconf 77' lang='grc' dir='ltr'><strong>δὲ,</strong></span> <span class='ocrx_word' id='word_1_106' title='bbox 889 1495 962 1556; x_wconf 84' lang='grc' dir='ltr'>ὼς</span> <span class='ocrx_word' id='word_1_107' title='bbox 985 1495 1055 1564; x_wconf 83' lang='grc' dir='ltr'>μὴ</span> <span class='ocrx_word' id='word_1_108' title='bbox 1075 1495 1272 1547; x_wconf 77' lang='grc' dir='ltr'>τέλειον</span> <span class='ocrx_word' id='word_1_109' title='bbox 1290 1498 1379 1549; x_wconf 73' lang='grc' dir='ltr'><strong>καὶ</strong></span> <span class='ocrx_word' id='word_1_110' title='bbox 1389 1496 1647 1565; x_wconf 79' lang='grc' dir='ltr'><strong>ἀνδρῶδες</strong></span> <span class='ocrx_word' id='word_1_111' title='bbox 1661 1498 1822 1555; x_wconf 79' lang='grc' dir='ltr'>ἐνδει-</span> 
     </span>
    </p>
   </div>
   <div class='ocr_carea' id='block_1_17' title="bbox 270 1579 1824 1649">
    <p class='ocr_par' dir='ltr' id='par_1_17' title="bbox 270 1579 1824 1649">
     <span class='ocr_line' id='line_1_17' title="bbox 270 1579 1824 1649; baseline 0.005 -19"><span class='ocrx_word' id='word_1_112' title='bbox 270 1579 336 1642; x_wconf 70' lang='lat' dir='ltr'><strong>Ea.</strong></span> <span class='ocrx_word' id='word_1_113' title='bbox 343 1580 531 1648; x_wconf 79' lang='grc' dir='ltr'>μένους</span> <span class='ocrx_word' id='word_1_114' title='bbox 548 1581 816 1649; x_wconf 77' lang='grc' dir='ltr'>φρόνημα,</span> <span class='ocrx_word' id='word_1_115' title='bbox 840 1584 932 1634; x_wconf 71' lang='grc' dir='ltr'><strong>καὶ</strong></span> <span class='ocrx_word' id='word_1_116' title='bbox 947 1584 1202 1649; x_wconf 83' lang='grc' dir='ltr'><strong>γενναίως</strong></span> <span class='ocrx_word' id='word_1_117' title='bbox 1217 1586 1701 1648; x_wconf 75' lang='grc' dir='ltr'>ἀντικαταστάντας</span> <span class='ocrx_word' id='word_1_118' title='bbox 1716 1591 1824 1649; x_wconf 81' lang='grc' dir='ltr'>τοῖς</span> 
     </span>
    </p>
   </div>
   <div class='ocr_carea' id='block_1_18' title="bbox 269 1656 1823 1741">
    <p class='ocr_par' dir='ltr' id='par_1_18' title="bbox 269 1656 1823 1741">
     <span class='ocr_line' id='line_1_18' title="bbox 269 1656 1823 1741; baseline 0.005 -21"><span class='ocrx_word' id='word_1_119' title='bbox 269 1656 697 1739; x_wconf 78' lang='grc' dir='ltr'>εἰδωλολάτραις,</span> <span class='ocrx_word' id='word_1_120' title='bbox 735 1672 843 1723; x_wconf 78' lang='grc' dir='ltr'>ἀλλ’</span> <span class='ocrx_word' id='word_1_121' title='bbox 869 1673 1014 1741; x_wconf 82' lang='grc' dir='ltr'>ὅμως</span> <span class='ocrx_word' id='word_1_122' title='bbox 1060 1673 1413 1741; x_wconf 76' lang='grc' dir='ltr'><strong>συνθεμένους</strong></span> <span class='ocrx_word' id='word_1_123' title='bbox 1445 1676 1623 1738; x_wconf 78' lang='grc' dir='ltr'>θῦσαι,</span> <span class='ocrx_word' id='word_1_124' title='bbox 1659 1679 1703 1728; x_wconf 86' lang='grc' dir='ltr'><strong>εί</strong></span> <span class='ocrx_word' id='word_1_125' title='bbox 1733 1677 1823 1729; x_wconf 86' lang='grc' dir='ltr'>καί</span> 
     </span>
    </p>
   </div>
   <div class='ocr_carea' id='block_1_19' title="bbox 265 1759 1821 1834">
    <p class='ocr_par' dir='ltr' id='par_1_19' title="bbox 265 1759 1821 1834">
     <span class='ocr_line' id='line_1_19' title="bbox 265 1759 1821 1834; baseline 0.005 -25"><span class='ocrx_word' id='word_1_126' title='bbox 265 1775 414 1821; x_wconf 86' lang='grc' dir='ltr'>τινες</span> <span class='ocrx_word' id='word_1_127' title='bbox 440 1761 525 1790; x_wconf 77' lang='grc'><strong>¹⁵⁴⁹</strong></span> <span class='ocrx_word' id='word_1_128' title='bbox 556 1759 669 1813; x_wconf 79' lang='grc' dir='ltr'><strong>ἀνθ’</strong></span> <span class='ocrx_word' id='word_1_129' title='bbox 698 1761 903 1813; x_wconf 77' lang='grc' dir='ltr'><strong>ἑαυτῶν</strong></span> <span class='ocrx_word' id='word_1_130' title='bbox 927 1762 1186 1815; x_wconf 75' lang='grc' dir='ltr'>ὑπέϐαλον</span> <span class='ocrx_word' id='word_1_131' title='bbox 1214 1764 1473 1827; x_wconf 73' lang='grc' dir='ltr'>ἐθνικοὺς,</span> <span class='ocrx_word' id='word_1_132' title='bbox 1506 1767 1668 1834; x_wconf 79' lang='grc' dir='ltr'>ἧγουν</span> <span class='ocrx_word' id='word_1_133' title='bbox 1696 1767 1821 1818; x_wconf 81' lang='grc' dir='ltr'>ἀπί-</span> 
     </span>
    </p>
   </div>
   <div class='ocr_carea' id='block_1_20' title="bbox 1932 612 3472 685">
    <p class='ocr_par' dir='ltr' id='par_1_20' title="bbox 1932 612 3472 685">
     <span class='ocr_line' id='line_1_20' title="bbox 1932 612 3472 685; baseline 0.004 -22"><span class='ocrx_word' id='word_1_134' title='bbox 1932 618 2075 668; x_wconf 89' lang='lat' dir='ltr'><strong>ruut.</strong></span> <span class='ocrx_word' id='word_1_135' title='bbox 2105 612 2205 664; x_wconf 88' lang='lat' dir='ltr'><strong>hoc</strong></span> <span class='ocrx_word' id='word_1_136' title='bbox 2236 620 2318 666; x_wconf 87' lang='lat' dir='ltr'><strong>est</strong></span> <span class='ocrx_word' id='word_1_137' title='bbox 2342 627 2449 673; x_wconf 85' lang='lat' dir='ltr'><strong>non</strong></span> <span class='ocrx_word' id='word_1_138' title='bbox 2472 615 2777 677; x_wconf 81' lang='lat' dir='ltr'><strong>manifeste,</strong></span> <span class='ocrx_word' id='word_1_139' title='bbox 2804 631 2912 669; x_wconf 88' lang='lat' dir='ltr'><strong>non</strong></span> <span class='ocrx_word' id='word_1_140' title='bbox 2936 624 3147 685; x_wconf 84' lang='lat' dir='ltr'><strong>aperte;</strong></span> <span class='ocrx_word' id='word_1_141' title='bbox 3183 616 3276 670; x_wconf 82' lang='lat' dir='ltr'><strong>sed</strong></span> <span class='ocrx_word' id='word_1_142' title='bbox 3303 615 3472 669; x_wconf 64' lang='lat' dir='ltr'><strong>artiﬁo</strong></span> 
     </span>
    </p>
   </div>
   <div class='ocr_carea' id='block_1_21' title="bbox 1928 698 3469 769">
    <p class='ocr_par' dir='ltr' id='par_1_21' title="bbox 1928 698 3469 769">
     <span class='ocr_line' id='line_1_21' title="bbox 1928 698 3469 769; baseline 0.004 -19"><span class='ocrx_word' id='word_1_143' title='bbox 1928 699 2013 751; x_wconf 91' lang='lat' dir='ltr'><strong>cio</strong></span> <span class='ocrx_word' id='word_1_144' title='bbox 2040 698 2274 767; x_wconf 84' lang='lat' dir='ltr'><strong>quodam</strong></span> <span class='ocrx_word' id='word_1_145' title='bbox 2302 714 2395 753; x_wconf 88' lang='lat' dir='ltr'><strong>eos</strong></span> <span class='ocrx_word' id='word_1_146' title='bbox 2424 702 2515 769; x_wconf 98' lang='lat' dir='ltr'><strong>qui</strong></span> <span class='ocrx_word' id='word_1_147' title='bbox 2544 702 2647 753; x_wconf 87' lang='lat' dir='ltr'><strong>vim</strong></span> <span class='ocrx_word' id='word_1_148' title='bbox 2683 702 2987 756; x_wconf 81' lang='lat' dir='ltr'><strong>inferebant</strong></span> <span class='ocrx_word' id='word_1_149' title='bbox 3018 703 3275 757; x_wconf 81' lang='lat' dir='ltr'><strong>luditicati</strong></span> <span class='ocrx_word' id='word_1_150' title='bbox 3298 709 3425 756; x_wconf 81' lang='lat' dir='ltr'><strong>sunt</strong></span> <span class='ocrx_word' id='word_1_151' title='bbox 3450 717 3469 756; x_wconf 86' lang='lat'><strong>:</strong></span> 
     </span>
    </p>
   </div>
   <div class='ocr_carea' id='block_1_22' title="bbox 1928 790 3472 863">
    <p class='ocr_par' dir='ltr' id='par_1_22' title="bbox 1928 790 3472 863">
     <span class='ocr_line' id='line_1_22' title="bbox 1928 790 3472 863; baseline 0.002 -19"><span class='ocrx_word' id='word_1_152' title='bbox 1928 800 1985 844; x_wconf 91' lang='lat' dir='ltr'><strong>ut</strong></span> <span class='ocrx_word' id='word_1_153' title='bbox 2015 790 2200 854; x_wconf 84' lang='lat' dir='ltr'><strong>David,</strong></span> <span class='ocrx_word' id='word_1_154' title='bbox 2235 792 2325 859; x_wconf 91' lang='lat' dir='ltr'><strong>qui</strong></span> <span class='ocrx_word' id='word_1_155' title='bbox 2354 792 2477 845; x_wconf 89' lang='lat' dir='ltr'><strong>dum</strong></span> <span class='ocrx_word' id='word_1_156' title='bbox 2509 792 2723 847; x_wconf 85' lang='lat' dir='ltr'><strong>Saulem</strong></span> <span class='ocrx_word' id='word_1_157' title='bbox 2752 793 2977 863; x_wconf 63' lang='lat' dir='ltr'><strong>fugeret,</strong></span> <span class='ocrx_word' id='word_1_158' title='bbox 3014 809 3076 846; x_wconf 88' lang='lat' dir='ltr'><strong>ac</strong></span> <span class='ocrx_word' id='word_1_159' title='bbox 3119 794 3185 847; x_wconf 85' lang='lat' dir='ltr'><strong>ad</strong></span> <span class='ocrx_word' id='word_1_160' title='bbox 3226 794 3472 863; x_wconf 75' lang='lat' dir='ltr'><strong>alienige-</strong></span> 
     </span>
    </p>
   </div>
   <div class='ocr_carea' id='block_1_23' title="bbox 1923 881 3472 953">
    <p class='ocr_par' dir='ltr' id='par_1_23' title="bbox 1923 881 3472 953">
     <span class='ocr_line' id='line_1_23' title="bbox 1923 881 3472 953; baseline 0.001 -18"><span class='ocrx_word' id='word_1_161' title='bbox 1923 897 2023 935; x_wconf 87' lang='lat' dir='ltr'><strong>nas</strong></span> <span class='ocrx_word' id='word_1_162' title='bbox 2054 881 2378 941; x_wconf 81' lang='lat' dir='ltr'><strong>devenisset.</strong></span> <span class='ocrx_word' id='word_1_163' title='bbox 2430 898 2487 936; x_wconf 89' lang='lat' dir='ltr'><strong>se</strong></span> <span class='ocrx_word' id='word_1_164' title='bbox 2538 884 2879 951; x_wconf 88' lang='lat' dir='ltr'><strong>epilepticum</strong></span> <span class='ocrx_word' id='word_1_165' title='bbox 2910 884 3086 947; x_wconf 80' lang='lat' dir='ltr'><strong>ﬁnxit,</strong></span> <span class='ocrx_word' id='word_1_166' title='bbox 3114 899 3284 952; x_wconf 87' lang='lat' dir='ltr'><strong>eoque</strong></span> <span class='ocrx_word' id='word_1_167' title='bbox 3316 890 3472 953; x_wconf 80' lang='lat' dir='ltr'><strong>pacto</strong></span> 
     </span>
    </p>
   </div>
   <div class='ocr_carea' id='block_1_24' title="bbox 1926 969 3468 1042">
    <p class='ocr_par' dir='ltr' id='par_1_24' title="bbox 1926 969 3468 1042">
     <span class='ocr_line' id='line_1_24' title="bbox 1926 969 3468 1042; baseline 0.003 -21"><span class='ocrx_word' id='word_1_168' title='bbox 1926 979 2150 1025; x_wconf 84' lang='lat' dir='ltr'><strong>mortem</strong></span> <span class='ocrx_word' id='word_1_169' title='bbox 2180 971 2418 1023; x_wconf 78' lang='lat' dir='ltr'><strong>evitavit.</strong></span> <span class='ocrx_word' id='word_1_170' title='bbox 2448 969 2730 1025; x_wconf 78' lang='lat' dir='ltr'><strong>Luditieati</strong></span> <span class='ocrx_word' id='word_1_171' title='bbox 2758 988 2917 1041; x_wconf 87' lang='lat' dir='ltr'><strong>porro</strong></span> <span class='ocrx_word' id='word_1_172' title='bbox 2947 982 3094 1036; x_wconf 88' lang='lat' dir='ltr'><strong>sunt,</strong></span> <span class='ocrx_word' id='word_1_173' title='bbox 3130 975 3324 1042; x_wconf 85' lang='lat' dir='ltr'><strong>inquit,</strong></span> <span class='ocrx_word' id='word_1_174' title='bbox 3362 973 3468 1026; x_wconf 89' lang='lat' dir='ltr'><strong>ini-</strong></span> 
     </span>
    </p>
   </div>
   <div class='ocr_carea' id='block_1_25' title="bbox 1925 1058 3469 1128">
    <p class='ocr_par' dir='ltr' id='par_1_25' title="bbox 1925 1058 3469 1128">
     <span class='ocr_line' id='line_1_25' title="bbox 1925 1058 3469 1128; baseline 0.004 -20"><span class='ocrx_word' id='word_1_175' title='bbox 1925 1058 2186 1109; x_wconf 78' lang='lat' dir='ltr'><strong>micorum</strong></span> <span class='ocrx_word' id='word_1_176' title='bbox 2220 1058 2480 1123; x_wconf 83' lang='lat' dir='ltr'><strong>insidias;</strong></span> <span class='ocrx_word' id='word_1_177' title='bbox 2510 1061 2674 1112; x_wconf 86' lang='lat' dir='ltr'><strong>veluti</strong></span> <span class='ocrx_word' id='word_1_178' title='bbox 2708 1076 2855 1127; x_wconf 81' lang='lat' dir='ltr'><strong>pueri</strong></span> <span class='ocrx_word' id='word_1_179' title='bbox 2892 1060 3205 1128; x_wconf 78' lang='lat' dir='ltr'><strong>prudentes,</strong></span> <span class='ocrx_word' id='word_1_180' title='bbox 3239 1062 3469 1114; x_wconf 80' lang='lat' dir='ltr'><strong>consilio</strong></span> 
     </span>
    </p>
   </div>
   <div class='ocr_carea' id='block_1_26' title="bbox 1925 1140 3471 1215">
    <p class='ocr_par' dir='ltr' id='par_1_26' title="bbox 1925 1140 3471 1215">
     <span class='ocr_line' id='line_1_26' title="bbox 1925 1140 3471 1215; baseline 0.006 -24"><span class='ocrx_word' id='word_1_181' title='bbox 1925 1140 2177 1195; x_wconf 79' lang='lat' dir='ltr'><strong>nimirum</strong></span> <span class='ocrx_word' id='word_1_182' title='bbox 2210 1158 2271 1196; x_wconf 83' lang='lat' dir='ltr'><strong>ac</strong></span> <span class='ocrx_word' id='word_1_183' title='bbox 2297 1146 2578 1213; x_wconf 79' lang='lat' dir='ltr'><strong>prudentia</strong></span> <span class='ocrx_word' id='word_1_184' title='bbox 2613 1146 2845 1213; x_wconf 73' lang='lat' dir='ltr'><strong>praediti,</strong></span> <span class='ocrx_word' id='word_1_185' title='bbox 2882 1148 3081 1215; x_wconf 82' lang='lat' dir='ltr'><strong>quique</strong></span> <span class='ocrx_word' id='word_1_186' title='bbox 3131 1148 3337 1201; x_wconf 88' lang='lat' dir='ltr'><strong>scilicet</strong></span> <span class='ocrx_word' id='word_1_187' title='bbox 3382 1163 3471 1203; x_wconf 52' lang='lat' dir='ltr'><strong>so.</strong></span> 
     </span>
    </p>
   </div>
   <div class='ocr_carea' id='block_1_27' title="bbox 1924 1230 3471 1305">
    <p class='ocr_par' dir='ltr' id='par_1_27' title="bbox 1924 1230 3471 1305">
     <span class='ocr_line' id='line_1_27' title="bbox 1924 1230 3471 1305; baseline 0.006 -24"><span class='ocrx_word' id='word_1_188' title='bbox 1924 1230 2087 1284; x_wconf 83' lang='lat' dir='ltr'><strong>lerter</strong></span> <span class='ocrx_word' id='word_1_189' title='bbox 2118 1236 2403 1287; x_wconf 90' lang='lat' dir='ltr'><strong>consilium</strong></span> <span class='ocrx_word' id='word_1_190' title='bbox 2438 1238 2733 1303; x_wconf 82' lang='lat' dir='ltr'><strong>capientes,</strong></span> <span class='ocrx_word' id='word_1_191' title='bbox 2772 1237 3085 1302; x_wconf 84' lang='lat' dir='ltr'><strong>insipientes</strong></span> <span class='ocrx_word' id='word_1_192' title='bbox 3112 1252 3307 1305; x_wconf 89' lang='lat' dir='ltr'><strong>pueros</strong></span> <span class='ocrx_word' id='word_1_193' title='bbox 3347 1239 3471 1290; x_wconf 88' lang='lat' dir='ltr'><strong>illu-</strong></span> 
     </span>
    </p>
   </div>
   <div class='ocr_carea' id='block_1_28' title="bbox 1924 1320 3471 1395">
    <p class='ocr_par' dir='ltr' id='par_1_28' title="bbox 1924 1320 3471 1395">
     <span class='ocr_line' id='line_1_28' title="bbox 1924 1320 3471 1395; baseline 0.008 -29"><span class='ocrx_word' id='word_1_194' title='bbox 1924 1320 2079 1374; x_wconf 73' lang='lat' dir='ltr'><strong>«lunt.</strong></span> <span class='ocrx_word' id='word_1_195' title='bbox 2112 1320 2472 1377; x_wconf 81' lang='lat' dir='ltr'><strong>Prudentibus</strong></span> <span class='ocrx_word' id='word_1_196' title='bbox 2520 1332 2695 1376; x_wconf 86' lang='lat' dir='ltr'><strong>autem</strong></span> <span class='ocrx_word' id='word_1_197' title='bbox 2744 1333 3021 1391; x_wconf 86' lang='lat' dir='ltr'><strong>comparat</strong></span> <span class='ocrx_word' id='word_1_198' title='bbox 3054 1342 3148 1379; x_wconf 79' lang='lat' dir='ltr'><strong>eos</strong></span> <span class='ocrx_word' id='word_1_199' title='bbox 3197 1341 3225 1377; x_wconf 85' lang='lat' dir='ltr'><strong>a</strong></span> <span class='ocrx_word' id='word_1_200' title='bbox 3274 1328 3471 1395; x_wconf 74' lang='lat' dir='ltr'><strong>quibus</strong></span> 
     </span>
    </p>
   </div>
   <div class='ocr_carea' id='block_1_29' title="bbox 1924 1410 3467 1483">
    <p class='ocr_par' dir='ltr' id='par_1_29' title="bbox 1924 1410 3467 1483">
     <span class='ocr_line' id='line_1_29' title="bbox 1924 1410 3467 1483; baseline 0.005 -22"><span class='ocrx_word' id='word_1_201' title='bbox 1924 1410 2129 1477; x_wconf 84' lang='lat' dir='ltr'><strong>decepti</strong></span> <span class='ocrx_word' id='word_1_202' title='bbox 2167 1421 2289 1465; x_wconf 85' lang='lat' dir='ltr'><strong>sunt</strong></span> <span class='ocrx_word' id='word_1_203' title='bbox 2312 1414 2484 1480; x_wconf 77' lang='lat' dir='ltr'><strong>impii,</strong></span> <span class='ocrx_word' id='word_1_204' title='bbox 2510 1417 2710 1483; x_wconf 85' lang='lat' dir='ltr'><strong>quique</strong></span> <span class='ocrx_word' id='word_1_205' title='bbox 2734 1431 2854 1469; x_wconf 92' lang='lat' dir='ltr'><strong>cum</strong></span> <span class='ocrx_word' id='word_1_206' title='bbox 2884 1432 2990 1469; x_wconf 90' lang='lat' dir='ltr'><strong>non</strong></span> <span class='ocrx_word' id='word_1_207' title='bbox 3020 1416 3467 1477; x_wconf 78' lang='lat' dir='ltr'><strong>sacriﬁcaverint,</strong></span> 
     </span>
    </p>
   </div>
   <div class='ocr_carea' id='block_1_30' title="bbox 1925 1499 3471 1570">
    <p class='ocr_par' dir='ltr' id='par_1_30' title="bbox 1925 1499 3471 1570">
     <span class='ocr_line' id='line_1_30' title="bbox 1925 1499 3471 1570; baseline 0.001 -19"><span class='ocrx_word' id='word_1_208' title='bbox 1925 1499 2233 1551; x_wconf 71' lang='lat' dir='ltr'><strong>satzt&#39;ilieure</strong></span> <span class='ocrx_word' id='word_1_209' title='bbox 2264 1500 2616 1553; x_wconf 75' lang='lat' dir='ltr'><strong>nihilominus</strong></span> <span class='ocrx_word' id='word_1_210' title='bbox 2650 1503 2743 1555; x_wconf 77' lang='lat' dir='ltr'><strong>visi</strong></span> <span class='ocrx_word' id='word_1_211' title='bbox 2792 1512 2955 1565; x_wconf 88' lang='lat' dir='ltr'><strong>sunt;</strong></span> <span class='ocrx_word' id='word_1_212' title='bbox 3011 1503 3303 1570; x_wconf 73' lang='lat' dir='ltr'><strong>prudentes</strong></span> <span class='ocrx_word' id='word_1_213' title='bbox 3350 1504 3471 1570; x_wconf 83' lang='lat' dir='ltr'><strong>qui-</strong></span> 
     </span>
    </p>
   </div>
   <div class='ocr_carea' id='block_1_31' title="bbox 1924 1586 3470 1656">
    <p class='ocr_par' dir='ltr' id='par_1_31' title="bbox 1924 1586 3470 1656">
     <span class='ocr_line' id='line_1_31' title="bbox 1924 1586 3470 1656; baseline 0.002 -18"><span class='ocrx_word' id='word_1_214' title='bbox 1924 1586 2069 1645; x_wconf 83' lang='lat' dir='ltr'><strong>dem,</strong></span> <span class='ocrx_word' id='word_1_215' title='bbox 2104 1588 2268 1651; x_wconf 82' lang='lat' dir='ltr'><strong>utqui</strong></span> <span class='ocrx_word' id='word_1_216' title='bbox 2302 1586 2629 1639; x_wconf 70' lang='lat' dir='ltr'><strong>sacrificium</strong></span> <span class='ocrx_word' id='word_1_217' title='bbox 2664 1602 2903 1655; x_wconf 74' lang='lat' dir='ltr'><strong>eousque</strong></span> <span class='ocrx_word' id='word_1_218' title='bbox 2942 1591 3255 1641; x_wconf 79' lang='lat' dir='ltr'><strong>evitaverint</strong></span> <span class='ocrx_word' id='word_1_219' title='bbox 3292 1607 3305 1641; x_wconf 94' lang='lat'>:</span> <span class='ocrx_word' id='word_1_220' title='bbox 3339 1604 3470 1656; x_wconf 85' lang='lat' dir='ltr'><strong>pue—</strong></span> 
     </span>
    </p>
   </div>
   <div class='ocr_carea' id='block_1_32' title="bbox 1924 1677 3471 1745">
    <p class='ocr_par' dir='ltr' id='par_1_32' title="bbox 1924 1677 3471 1745">
     <span class='ocr_line' id='line_1_32' title="bbox 1924 1677 3471 1745; baseline 0.003 -19"><span class='ocrx_word' id='word_1_221' title='bbox 1924 1690 2013 1728; x_wconf 83' lang='lat' dir='ltr'><strong>ros</strong></span> <span class='ocrx_word' id='word_1_222' title='bbox 2048 1686 2244 1737; x_wconf 83' lang='lat' dir='ltr'><strong>autem,</strong></span> <span class='ocrx_word' id='word_1_223' title='bbox 2281 1677 2423 1741; x_wconf 89' lang='lat' dir='ltr'><strong>quod</strong></span> <span class='ocrx_word' id='word_1_224' title='bbox 2459 1678 2753 1745; x_wconf 63' lang='lat' dir='ltr'><strong>perlectum</strong></span> <span class='ocrx_word' id='word_1_225' title='bbox 2784 1692 2846 1729; x_wconf 87' lang='lat' dir='ltr'><strong>ac</strong></span> <span class='ocrx_word' id='word_1_226' title='bbox 2882 1679 3087 1730; x_wconf 81' lang='lat' dir='ltr'><strong>virilem</strong></span> <span class='ocrx_word' id='word_1_227' title='bbox 3119 1693 3335 1731; x_wconf 84' lang='lat' dir='ltr'><strong>sensum</strong></span> <span class='ocrx_word' id='word_1_228' title='bbox 3372 1680 3471 1731; x_wconf 85' lang='lat' dir='ltr'><strong>mi-</strong></span> 
     </span>
    </p>
   </div>
   <div class='ocr_carea' id='block_1_33' title="bbox 1924 1762 3470 1833">
    <p class='ocr_par' dir='ltr' id='par_1_33' title="bbox 1924 1762 3470 1833">
     <span class='ocr_line' id='line_1_33' title="bbox 1924 1762 3470 1833; baseline 0.003 -18"><span class='ocrx_word' id='word_1_229' title='bbox 1924 1765 2066 1815; x_wconf 89' lang='lat' dir='ltr'><strong>nime</strong></span> <span class='ocrx_word' id='word_1_230' title='bbox 2094 1762 2382 1824; x_wconf 78' lang='lat' dir='ltr'><strong>induerint,</strong></span> <span class='ocrx_word' id='word_1_231' title='bbox 2425 1781 2522 1817; x_wconf 74' lang='lat' dir='ltr'><strong>nec</strong></span> <span class='ocrx_word' id='word_1_232' title='bbox 2554 1780 2811 1833; x_wconf 67' lang='lat' dir='ltr'><strong>generose</strong></span> <span class='ocrx_word' id='word_1_233' title='bbox 2858 1767 3120 1818; x_wconf 81' lang='lat' dir='ltr'><strong>idolorum</strong></span> <span class='ocrx_word' id='word_1_234' title='bbox 3168 1767 3470 1821; x_wconf 81' lang='lat' dir='ltr'><strong>cultoribus</strong></span> 
     </span>
    </p>
   </div>
   <div class='ocr_carea' id='block_1_34' title="bbox 270 1838 1825 1922">
    <p class='ocr_par' dir='ltr' id='par_1_34' title="bbox 270 1848 1825 1921">
     <span class='ocr_line' id='line_1_34' title="bbox 270 1848 1825 1921; baseline 0.004 -21"><span class='ocrx_word' id='word_1_235' title='bbox 270 1864 462 1909; x_wconf 80' lang='grc' dir='ltr'>στους,</span> <span class='ocrx_word' id='word_1_236' title='bbox 515 1849 607 1899; x_wconf 78' lang='grc' dir='ltr'>καὶ</span> <span class='ocrx_word' id='word_1_237' title='bbox 671 1848 889 1901; x_wconf 76' lang='grc' dir='ltr'><strong>ἐκείνων</strong></span> <span class='ocrx_word' id='word_1_238' title='bbox 957 1850 1227 1903; x_wconf 88' lang='grc' dir='ltr'>θυσάντων</span> <span class='ocrx_word' id='word_1_239' title='bbox 1280 1854 1631 1921; x_wconf 74' lang='grc' dir='ltr'><strong>ἐνομίσθησαν</strong></span> <span class='ocrx_word' id='word_1_240' title='bbox 1678 1856 1825 1906; x_wconf 78' lang='grc' dir='ltr'>αὐτοὶ</span> 
     </span>
    </p>
   </div>
   <div class='ocr_carea' id='block_1_35' title="bbox 1919 1838 3467 1922">
    <p class='ocr_par' dir='ltr' id='par_1_35' title="bbox 1929 1854 3467 1922">
     <span class='ocr_line' id='line_1_35' title="bbox 1929 1854 3467 1922; baseline 0.002 -20"><span class='ocrx_word' id='word_1_241' title='bbox 1929 1854 2312 1919; x_wconf 77' lang='lat' dir='ltr'><strong>repugnariut;</strong></span> <span class='ocrx_word' id='word_1_242' title='bbox 2350 1868 2531 1904; x_wconf 79' lang='lat' dir='ltr'><strong>verum</strong></span> <span class='ocrx_word' id='word_1_243' title='bbox 2582 1869 2639 1905; x_wconf 90' lang='lat' dir='ltr'><strong>sc</strong></span> <span class='ocrx_word' id='word_1_244' title='bbox 2675 1854 3077 1907; x_wconf 81' lang='lat' dir='ltr'><strong>saerilicaturos</strong></span> <span class='ocrx_word' id='word_1_245' title='bbox 3129 1862 3254 1906; x_wconf 88' lang='lat' dir='ltr'><strong>sunt</strong></span> <span class='ocrx_word' id='word_1_246' title='bbox 3304 1856 3467 1922; x_wconf 83' lang='lat' dir='ltr'><strong>pacti,</strong></span> 
     </span>
    </p>
   </div>
   <div class='ocr_carea' id='block_1_36' title="bbox 267 1937 1823 2012">
    <p class='ocr_par' dir='ltr' id='par_1_36' title="bbox 267 1937 1823 2012">
     <span class='ocr_line' id='line_1_36' title="bbox 267 1937 1823 2012; baseline 0.003 -23"><span class='ocrx_word' id='word_1_247' title='bbox 267 1937 570 1989; x_wconf 74' lang='grc' dir='ltr'><strong>τεθυκέναι.</strong></span> <span class='ocrx_word' id='word_1_248' title='bbox 635 1939 759 1999; x_wconf 90' lang='grc' dir='ltr'>Τοῖς</span> <span class='ocrx_word' id='word_1_249' title='bbox 790 1940 1064 2003; x_wconf 78' lang='grc' dir='ltr'>τοιούτοις,</span> <span class='ocrx_word' id='word_1_250' title='bbox 1126 1944 1305 2009; x_wconf 66' lang='grc' dir='ltr'>φησιν,</span> <span class='ocrx_word' id='word_1_251' title='bbox 1337 1942 1600 2011; x_wconf 73' lang='grc' dir='ltr'><strong>ἑξάμηνος</strong></span> <span class='ocrx_word' id='word_1_252' title='bbox 1639 1945 1823 2012; x_wconf 74' lang='grc' dir='ltr'>καιρὸς</span> 
     </span>
    </p>
   </div>
   <div class='ocr_carea' id='block_1_37' title="bbox 270 2025 1822 2100">
    <p class='ocr_par' dir='ltr' id='par_1_37' title="bbox 270 2025 1822 2100">
     <span class='ocr_line' id='line_1_37' title="bbox 270 2025 1822 2100; baseline 0.003 -22"><span class='ocrx_word' id='word_1_253' title='bbox 270 2025 553 2095; x_wconf 68' lang='grc' dir='ltr'>ἐξαρκέσει</span> <span class='ocrx_word' id='word_1_254' title='bbox 586 2028 664 2087; x_wconf 80' lang='grc' dir='ltr'>εἰς</span> <span class='ocrx_word' id='word_1_255' title='bbox 717 2027 1017 2095; x_wconf 85' lang='grc' dir='ltr'>μετάνοιαν.</span> <span class='ocrx_word' id='word_1_256' title='bbox 1062 2030 1179 2081; x_wconf 76' lang='grc' dir='ltr'>Κᾶν</span> <span class='ocrx_word' id='word_1_257' title='bbox 1207 2032 1313 2100; x_wconf 82' lang='grc' dir='ltr'><strong>γάρ</strong></span> <span class='ocrx_word' id='word_1_258' title='bbox 1350 2032 1447 2083; x_wconf 74' lang='grc' dir='ltr'>οὐκ</span> <span class='ocrx_word' id='word_1_259' title='bbox 1472 2032 1684 2094; x_wconf 73' lang='grc' dir='ltr'>ἔθυσαν,</span> <span class='ocrx_word' id='word_1_260' title='bbox 1709 2032 1822 2084; x_wconf 83' lang='grc' dir='ltr'>ἀλλ’</span> 
     </span>
    </p>
   </div>
   <div class='ocr_carea' id='block_1_38' title="bbox 267 2116 1823 2190">
    <p class='ocr_par' dir='ltr' id='par_1_38' title="bbox 267 2116 1823 2190">
     <span class='ocr_line' id='line_1_38' title="bbox 267 2116 1823 2190; baseline 0.004 -23"><span class='ocrx_word' id='word_1_261' title='bbox 267 2117 352 2167; x_wconf 79' lang='grc' dir='ltr'><strong>ὅτι</strong></span> <span class='ocrx_word' id='word_1_262' title='bbox 402 2116 678 2168; x_wconf 77' lang='grc' dir='ltr'>συνέθεντο</span> <span class='ocrx_word' id='word_1_263' title='bbox 730 2118 905 2182; x_wconf 84' lang='grc' dir='ltr'>θῦσαι,</span> <span class='ocrx_word' id='word_1_264' title='bbox 952 2120 983 2189; x_wconf 73' lang='grc' dir='ltr'>ἢ</span> <span class='ocrx_word' id='word_1_265' title='bbox 1045 2122 1125 2173; x_wconf 87' lang='grc' dir='ltr'>ὅτι</span> <span class='ocrx_word' id='word_1_266' title='bbox 1162 2122 1377 2190; x_wconf 82' lang='grc' dir='ltr'>ἐτέρους</span> <span class='ocrx_word' id='word_1_267' title='bbox 1424 2121 1823 2185; x_wconf 75' lang='grc' dir='ltr'>ύπέὁαλον,καὶ</span> 
     </span>
    </p>
   </div>
   <div class='ocr_carea' id='block_1_39' title="bbox 267 2201 1821 2278">
    <p class='ocr_par' dir='ltr' id='par_1_39' title="bbox 267 2201 1821 2278">
     <span class='ocr_line' id='line_1_39' title="bbox 267 2201 1821 2278; baseline 0.006 -26"><span class='ocrx_word' id='word_1_268' title='bbox 267 2201 455 2266; x_wconf 71' lang='grc' dir='ltr'>ἔδοξαν</span> <span class='ocrx_word' id='word_1_269' title='bbox 487 2204 638 2255; x_wconf 76' lang='grc' dir='ltr'>αὐτοὶ</span> <span class='ocrx_word' id='word_1_270' title='bbox 673 2203 848 2268; x_wconf 87' lang='grc' dir='ltr'>θῦσαι,</span> <span class='ocrx_word' id='word_1_271' title='bbox 889 2206 1238 2275; x_wconf 80' lang='grc' dir='ltr'>ἐλογίσθησαν</span> <span class='ocrx_word' id='word_1_272' title='bbox 1274 2208 1478 2261; x_wconf 76' lang='grc' dir='ltr'>δεῖσθαι</span> <span class='ocrx_word' id='word_1_273' title='bbox 1521 2211 1821 2278; x_wconf 82' lang='grc' dir='ltr'>μετανοίας,</span> 
     </span>
    </p>
   </div>
   <div class='ocr_carea' id='block_1_40' title="bbox 270 2288 1823 2366">
    <p class='ocr_par' dir='ltr' id='par_1_40' title="bbox 270 2288 1823 2366">
     <span class='ocr_line' id='line_1_40' title="bbox 270 2288 1823 2366; baseline 0.005 -26"><span class='ocrx_word' id='word_1_274' title='bbox 270 2290 322 2340; x_wconf 79' lang='grc' dir='ltr'><strong>εἰ</strong></span> <span class='ocrx_word' id='word_1_275' title='bbox 350 2288 441 2340; x_wconf 81' lang='grc' dir='ltr'><strong>καί</strong></span> <span class='ocrx_word' id='word_1_276' title='bbox 466 2306 605 2341; x_wconf 85' lang='grc' dir='ltr'>τισιν</span> <span class='ocrx_word' id='word_1_277' title='bbox 642 2291 819 2343; x_wconf 83' lang='grc' dir='ltr'>αὐτῶν</span> <span class='ocrx_word' id='word_1_278' title='bbox 850 2292 1224 2363; x_wconf 84' lang='grc' dir='ltr'>συνεχώρησάν</span> <span class='ocrx_word' id='word_1_279' title='bbox 1251 2312 1391 2357; x_wconf 88' lang='grc' dir='ltr'>τινες</span> <span class='ocrx_word' id='word_1_280' title='bbox 1426 2296 1530 2347; x_wconf 82' lang='grc' dir='ltr'>τῶν</span> <span class='ocrx_word' id='word_1_281' title='bbox 1564 2296 1823 2366; x_wconf 74' lang='grc' dir='ltr'>ὁμολογηο</span> 
     </span>
    </p>
   </div>
   <div class='ocr_carea' id='block_1_41' title="bbox 274 2375 1824 2452">
    <p class='ocr_par' dir='ltr' id='par_1_41' title="bbox 274 2375 1824 2452">
     <span class='ocr_line' id='line_1_41' title="bbox 274 2375 1824 2452; baseline 0.006 -25"><span class='ocrx_word' id='word_1_282' title='bbox 274 2375 502 2428; x_wconf 80' lang='grc' dir='ltr'><strong>σάντων.</strong></span> <span class='ocrx_word' id='word_1_283' title='bbox 534 2378 686 2440; x_wconf 82' lang='grc' dir='ltr'>Τινὲς</span> <span class='ocrx_word' id='word_1_284' title='bbox 712 2379 817 2449; x_wconf 79' lang='grc' dir='ltr'>γὰρ</span> <span class='ocrx_word' id='word_1_285' title='bbox 833 2381 939 2432; x_wconf 84' lang='grc' dir='ltr'><strong>τῶν</strong></span> <span class='ocrx_word' id='word_1_286' title='bbox 967 2385 1419 2452; x_wconf 80' lang='grc' dir='ltr'><strong>μαρτυρησάντων</strong></span> <span class='ocrx_word' id='word_1_287' title='bbox 1440 2385 1532 2436; x_wconf 75' lang='grc' dir='ltr'><strong>καὶ</strong></span> <span class='ocrx_word' id='word_1_288' title='bbox 1553 2385 1824 2438; x_wconf 77' lang='grc' dir='ltr'><strong>παθόντων</strong></span> 
     </span>
    </p>
   </div>
   <div class='ocr_carea' id='block_1_42' title="bbox 272 2463 1821 2543">
    <p class='ocr_par' dir='ltr' id='par_1_42' title="bbox 272 2463 1821 2543">
     <span class='ocr_line' id='line_1_42' title="bbox 272 2463 1821 2543; baseline 0.008 -28"><span class='ocrx_word' id='word_1_289' title='bbox 272 2463 418 2534; x_wconf 75' lang='grc' dir='ltr'><strong>ὑπὲρ</strong></span> <span class='ocrx_word' id='word_1_290' title='bbox 444 2466 539 2532; x_wconf 83' lang='grc' dir='ltr'>τῆς</span> <span class='ocrx_word' id='word_1_291' title='bbox 592 2466 823 2531; x_wconf 82' lang='grc' dir='ltr'>πίστεως</span> <span class='ocrx_word' id='word_1_292' title='bbox 864 2470 1240 2540; x_wconf 85' lang='grc' dir='ltr'>συνεχώρησαν</span> <span class='ocrx_word' id='word_1_293' title='bbox 1282 2476 1391 2536; x_wconf 83' lang='grc' dir='ltr'>τοῖς</span> <span class='ocrx_word' id='word_1_294' title='bbox 1433 2473 1519 2526; x_wconf 81' lang='grc' dir='ltr'><strong>διὰ</strong></span> <span class='ocrx_word' id='word_1_295' title='bbox 1570 2474 1821 2543; x_wconf 81' lang='grc' dir='ltr'><strong>μεθόδων,</strong></span> 
     </span>
    </p>
   </div>
   <div class='ocr_carea' id='block_1_43' title="bbox 269 2552 1824 2632">
    <p class='ocr_par' dir='ltr' id='par_1_43' title="bbox 269 2552 1824 2632">
     <span class='ocr_line' id='line_1_43' title="bbox 269 2552 1824 2632; baseline 0.008 -30"><span class='ocrx_word' id='word_1_296' title='bbox 269 2552 351 2613; x_wconf 80' lang='grc' dir='ltr'>ὡς</span> <span class='ocrx_word' id='word_1_297' title='bbox 395 2552 623 2622; x_wconf 77' lang='grc' dir='ltr'>εἴρηται,</span> <span class='ocrx_word' id='word_1_298' title='bbox 674 2556 746 2625; x_wconf 78' lang='grc' dir='ltr'><strong>μὴ</strong></span> <span class='ocrx_word' id='word_1_299' title='bbox 779 2557 988 2620; x_wconf 84' lang='grc' dir='ltr'>θύσασι,</span> <span class='ocrx_word' id='word_1_300' title='bbox 1029 2560 1120 2612; x_wconf 72' lang='grc' dir='ltr'><strong>καὶ</strong></span> <span class='ocrx_word' id='word_1_301' title='bbox 1153 2560 1392 2625; x_wconf 80' lang='grc' dir='ltr'>ἐδέξαντο</span> <span class='ocrx_word' id='word_1_302' title='bbox 1440 2563 1629 2625; x_wconf 76' lang='grc' dir='ltr'>αὐτοὺς</span> <span class='ocrx_word' id='word_1_303' title='bbox 1690 2564 1824 2632; x_wconf 76' lang='grc' dir='ltr'>μετὰ</span> 
     </span>
    </p>
   </div>
   <div class='ocr_carea' id='block_1_44' title="bbox 271 2640 1823 2724">
    <p class='ocr_par' dir='ltr' id='par_1_44' title="bbox 271 2640 1823 2724">
     <span class='ocr_line' id='line_1_44' title="bbox 271 2640 1823 2724; baseline 0.007 -29"><span class='ocrx_word' id='word_1_304' title='bbox 271 2640 384 2724; x_wconf 76' lang='grc' dir='ltr'>τῶν</span> <span class='ocrx_word' id='word_1_305' title='bbox 435 2643 655 2707; x_wconf 82' lang='grc' dir='ltr'>πιστῶν,</span> <span class='ocrx_word' id='word_1_306' title='bbox 707 2646 787 2697; x_wconf 83' lang='grc' dir='ltr'>ὅτι</span> <span class='ocrx_word' id='word_1_307' title='bbox 826 2647 1082 2716; x_wconf 76' lang='grc' dir='ltr'>ἐξέφυγον</span> <span class='ocrx_word' id='word_1_308' title='bbox 1114 2650 1458 2720; x_wconf 80' lang='grc' dir='ltr'>πολυτρόπως</span> <span class='ocrx_word' id='word_1_309' title='bbox 1486 2652 1545 2704; x_wconf 78' lang='grc' dir='ltr'>τὸ</span> <span class='ocrx_word' id='word_1_310' title='bbox 1576 2652 1823 2707; x_wconf 84' lang='grc' dir='ltr'>θυσιάσαι</span> 
     </span>
    </p>
   </div>
   <div class='ocr_carea' id='block_1_45' title="bbox 272 2728 1827 2807">
    <p class='ocr_par' dir='ltr' id='par_1_45' title="bbox 272 2728 1827 2807">
     <span class='ocr_line' id='line_1_45' title="bbox 272 2728 1827 2807; baseline 0.006 -27"><span class='ocrx_word' id='word_1_311' title='bbox 272 2729 388 2790; x_wconf 83' lang='grc' dir='ltr'>τοῖς</span> <span class='ocrx_word' id='word_1_312' title='bbox 415 2728 645 2798; x_wconf 82' lang='grc' dir='ltr'>δαίμοσι.</span> <span class='ocrx_word' id='word_1_313' title='bbox 675 2731 770 2783; x_wconf 77' lang='grc' dir='ltr'><strong>Διὰ</strong></span> <span class='ocrx_word' id='word_1_314' title='bbox 796 2732 967 2801; x_wconf 80' lang='grc' dir='ltr'><strong>δὲτὴν</strong></span> <span class='ocrx_word' id='word_1_315' title='bbox 1007 2734 1270 2803; x_wconf 72' lang='grc' dir='ltr'><strong>ἑξάμηνον</strong></span> <span class='ocrx_word' id='word_1_316' title='bbox 1308 2737 1638 2805; x_wconf 81' lang='grc' dir='ltr'>προθεσμίαν</span> <span class='ocrx_word' id='word_1_317' title='bbox 1661 2739 1827 2807; x_wconf 77' lang='grc' dir='ltr'>ἐμνή-</span> 
     </span>
    </p>
   </div>
   <div class='ocr_carea' id='block_1_46' title="bbox 276 2815 1825 2895">
    <p class='ocr_par' dir='ltr' id='par_1_46' title="bbox 276 2815 1825 2895">
     <span class='ocr_line' id='line_1_46' title="bbox 276 2815 1825 2895; baseline 0.005 -26"><span class='ocrx_word' id='word_1_318' title='bbox 276 2815 382 2886; x_wconf 83' lang='grc' dir='ltr'><strong>σθη</strong></span> <span class='ocrx_word' id='word_1_319' title='bbox 432 2818 523 2870; x_wconf 87' lang='grc' dir='ltr'><strong>τοῦ</strong></span> <span class='ocrx_word' id='word_1_320' title='bbox 584 2819 669 2871; x_wconf 75' lang='grc' dir='ltr'><strong>διὰ</strong></span> <span class='ocrx_word' id='word_1_321' title='bbox 717 2820 950 2890; x_wconf 73' lang='grc' dir='ltr'>Γαϐριὴλ</span> <span class='ocrx_word' id='word_1_322' title='bbox 996 2824 1321 2891; x_wconf 80' lang='grc' dir='ltr'>μηνύματος,</span> <span class='ocrx_word' id='word_1_323' title='bbox 1363 2825 1454 2877; x_wconf 85' lang='grc' dir='ltr'><strong>τοῦ</strong></span> <span class='ocrx_word' id='word_1_324' title='bbox 1488 2826 1643 2895; x_wconf 86' lang='grc' dir='ltr'><strong>ἐντῷ</strong></span> <span class='ocrx_word' id='word_1_325' title='bbox 1685 2828 1825 2895; x_wconf 77' lang='grc' dir='ltr'><strong>ἕκτῳ</strong></span> 
     </span>
    </p>
   </div>
   <div class='ocr_carea' id='block_1_47' title="bbox 277 2908 1825 2983">
    <p class='ocr_par' dir='ltr' id='par_1_47' title="bbox 277 2908 1825 2983">
     <span class='ocr_line' id='line_1_47' title="bbox 277 2908 1825 2983; baseline 0.006 -25"><span class='ocrx_word' id='word_1_326' title='bbox 277 2908 410 2977; x_wconf 75' lang='grc' dir='ltr'>μηνὶ</span> <span class='ocrx_word' id='word_1_327' title='bbox 467 2909 564 2977; x_wconf 77' lang='grc' dir='ltr'>τῆς</span> <span class='ocrx_word' id='word_1_328' title='bbox 619 2910 921 2980; x_wconf 77' lang='grc' dir='ltr'>συλλήψεως</span> <span class='ocrx_word' id='word_1_329' title='bbox 965 2912 1057 2964; x_wconf 88' lang='grc' dir='ltr'><strong>τοῦ</strong></span> <span class='ocrx_word' id='word_1_330' title='bbox 1103 2913 1442 2983; x_wconf 85' lang='grc' dir='ltr'>Προδρόμου,</span> <span class='ocrx_word' id='word_1_331' title='bbox 1509 2916 1565 2966; x_wconf 89' lang='grc' dir='ltr'>ἐν</span> <span class='ocrx_word' id='word_1_332' title='bbox 1612 2911 1655 2982; x_wconf 77' lang='grc' dir='ltr'>ᾧ</span> <span class='ocrx_word' id='word_1_333' title='bbox 1702 2932 1825 2967; x_wconf 89' lang='grc' dir='ltr'>συν-</span> 
     </span>
    </p>
   </div>
   <div class='ocr_carea' id='block_1_48' title="bbox 273 2997 1823 3073">
    <p class='ocr_par' dir='ltr' id='par_1_48' title="bbox 273 2997 1823 3073">
     <span class='ocr_line' id='line_1_48' title="bbox 273 2997 1823 3073; baseline 0.003 -23"><span class='ocrx_word' id='word_1_334' title='bbox 273 2997 483 3066; x_wconf 77' lang='grc' dir='ltr'>ελήφθη</span> <span class='ocrx_word' id='word_1_335' title='bbox 538 3001 566 3051; x_wconf 86' lang='grc' dir='ltr'><strong>ό</strong></span> <span class='ocrx_word' id='word_1_336' title='bbox 614 2998 831 3069; x_wconf 80' lang='grc' dir='ltr'>Κύριος.</span> <span class='ocrx_word' id='word_1_337' title='bbox 893 3001 1165 3072; x_wconf 78' lang='grc' dir='ltr'>Ἑπιφέρει</span> <span class='ocrx_word' id='word_1_338' title='bbox 1212 3002 1265 3054; x_wconf 87' lang='grc' dir='ltr'><strong>δὲ</strong></span> <span class='ocrx_word' id='word_1_339' title='bbox 1309 3003 1399 3055; x_wconf 75' lang='grc' dir='ltr'><strong>καὶ</strong></span> <span class='ocrx_word' id='word_1_340' title='bbox 1440 3004 1659 3073; x_wconf 78' lang='grc' dir='ltr'>ῥήματα</span> <span class='ocrx_word' id='word_1_341' title='bbox 1686 3005 1823 3056; x_wconf 79' lang='grc' dir='ltr'>ἁπο-</span> 
     </span>
    </p>
   </div>
   <div class='ocr_carea' id='block_1_49' title="bbox 276 3086 515 3138">
    <p class='ocr_par' dir='ltr' id='par_1_49' title="bbox 276 3086 515 3138">
     <span class='ocr_line' id='line_1_49' title="bbox 276 3086 515 3138; baseline 0.004 -1"><span class='ocrx_word' id='word_1_342' title='bbox 276 3086 515 3138; x_wconf 73' lang='grc' dir='ltr'>στολικά·</span> 
     </span>
    </p>
   </div>
   <div class='ocr_carea' id='block_1_50' title="bbox 1923 1940 3468 2009">
    <p class='ocr_par' dir='ltr' id='par_1_50' title="bbox 1923 1940 3468 2009">
     <span class='ocr_line' id='line_1_50' title="bbox 1923 1940 3468 2009; baseline 0.002 -16"><span class='ocrx_word' id='word_1_343' title='bbox 1923 1940 2143 1993; x_wconf 87' lang='lat' dir='ltr'><strong>etiamsi</strong></span> <span class='ocrx_word' id='word_1_344' title='bbox 2164 1940 2420 2009; x_wconf 85' lang='lat' dir='ltr'><strong>quosdam</strong></span> <span class='ocrx_word' id='word_1_345' title='bbox 2459 1955 2553 2008; x_wconf 91' lang='lat' dir='ltr'><strong>pro</strong></span> <span class='ocrx_word' id='word_1_346' title='bbox 2596 1956 2653 1994; x_wconf 85' lang='lat' dir='ltr'><strong>se</strong></span> <span class='ocrx_word' id='word_1_347' title='bbox 2684 1942 3052 2005; x_wconf 82' lang='lat' dir='ltr'><strong>submiserint,</strong></span> <span class='ocrx_word' id='word_1_348' title='bbox 3077 1943 3345 2002; x_wconf 86' lang='lat' dir='ltr'><strong>etlmtcos.</strong></span> <span class='ocrx_word' id='word_1_349' title='bbox 3367 1944 3468 1996; x_wconf 84' lang='lat' dir='ltr'><strong>hoc</strong></span> 
     </span>
    </p>
   </div>
   <div class='ocr_carea' id='block_1_51' title="bbox 1915 2024 3461 2096">
    <p class='ocr_par' dir='ltr' id='par_1_51' title="bbox 1915 2024 3461 2096">
     <span class='ocr_line' id='line_1_51' title="bbox 1915 2024 3461 2096; baseline 0.004 -21"><span class='ocrx_word' id='word_1_350' title='bbox 1915 2033 2016 2083; x_wconf 85' lang='lat' dir='ltr'><strong>est,</strong></span> <span class='ocrx_word' id='word_1_351' title='bbox 2045 2024 2303 2081; x_wconf 77' lang='lat' dir='ltr'><strong>inﬁdeles.</strong></span> <span class='ocrx_word' id='word_1_352' title='bbox 2329 2025 2501 2090; x_wconf 83' lang='lat' dir='ltr'><strong>iisque</strong></span> <span class='ocrx_word' id='word_1_353' title='bbox 2536 2024 2990 2089; x_wconf 75' lang='lat' dir='ltr'><strong>sacrificantibus,</strong></span> <span class='ocrx_word' id='word_1_354' title='bbox 3029 2028 3129 2096; x_wconf 89' lang='lat' dir='ltr'><strong>ipsi</strong></span> <span class='ocrx_word' id='word_1_355' title='bbox 3164 2029 3264 2095; x_wconf 77' lang='lat'><strong>12</strong></span> <span class='ocrx_word' id='word_1_356' title='bbox 3296 2032 3461 2083; x_wconf 88' lang='lat' dir='ltr'><strong>sacri-</strong></span> 
     </span>
    </p>
   </div>
   <div class='ocr_carea' id='block_1_52' title="bbox 1919 2113 3473 2183">
    <p class='ocr_par' dir='ltr' id='par_1_52' title="bbox 1919 2113 3473 2183">
     <span class='ocr_line' id='line_1_52' title="bbox 1919 2113 3473 2183; baseline 0.003 -18"><span class='ocrx_word' id='word_1_357' title='bbox 1919 2113 2105 2166; x_wconf 55' lang='lat' dir='ltr'><strong>ﬁcasse</strong></span> <span class='ocrx_word' id='word_1_358' title='bbox 2122 2114 2415 2165; x_wconf 73' lang='lat' dir='ltr'><strong>existimati</strong></span> <span class='ocrx_word' id='word_1_359' title='bbox 2437 2125 2583 2166; x_wconf 79' lang='lat' dir='ltr'><strong>sunt.</strong></span> <span class='ocrx_word' id='word_1_360' title='bbox 2612 2113 2665 2179; x_wconf 65' lang='grc' dir='ltr'><strong>Ε]</strong></span> <span class='ocrx_word' id='word_1_361' title='bbox 2678 2115 2908 2177; x_wconf 87' lang='lat' dir='ltr'><strong>usutodi,</strong></span> <span class='ocrx_word' id='word_1_362' title='bbox 2936 2116 3133 2183; x_wconf 80' lang='lat' dir='ltr'><strong>inquit,</strong></span> <span class='ocrx_word' id='word_1_363' title='bbox 3157 2117 3473 2171; x_wconf 83' lang='lat' dir='ltr'><strong>hominibus</strong></span> 
     </span>
    </p>
   </div>
   <div class='ocr_carea' id='block_1_53' title="bbox 1919 2204 3470 2270">
    <p class='ocr_par' dir='ltr' id='par_1_53' title="bbox 1919 2204 3470 2270">
     <span class='ocr_line' id='line_1_53' title="bbox 1919 2204 3470 2270; baseline 0.002 -14"><span class='ocrx_word' id='word_1_364' title='bbox 1919 2211 2181 2256; x_wconf 73' lang='lat' dir='ltr'><strong>aemestre</strong></span> <span class='ocrx_word' id='word_1_365' title='bbox 2204 2211 2413 2269; x_wconf 85' lang='lat' dir='ltr'><strong>tempus</strong></span> <span class='ocrx_word' id='word_1_366' title='bbox 2441 2204 2502 2253; x_wconf 74' lang='lat' dir='ltr'><strong>ad</strong></span> <span class='ocrx_word' id='word_1_367' title='bbox 2544 2205 2914 2270; x_wconf 78' lang='lat' dir='ltr'><strong>pmuitentiam</strong></span> <span class='ocrx_word' id='word_1_368' title='bbox 2945 2205 3195 2259; x_wconf 82' lang='lat' dir='ltr'><strong>suﬂiciet.</strong></span> <span class='ocrx_word' id='word_1_369' title='bbox 3214 2207 3349 2259; x_wconf 84' lang='lat' dir='ltr'><strong>Nam</strong></span> <span class='ocrx_word' id='word_1_370' title='bbox 3370 2208 3470 2261; x_wconf 84' lang='lat' dir='ltr'><strong>etsi</strong></span> 
     </span>
    </p>
   </div>
   <div class='ocr_carea' id='block_1_54' title="bbox 1922 2288 3472 2358">
    <p class='ocr_par' dir='ltr' id='par_1_54' title="bbox 1922 2288 3472 2358">
     <span class='ocr_line' id='line_1_54' title="bbox 1922 2288 3472 2358; baseline 0.003 -16"><span class='ocrx_word' id='word_1_371' title='bbox 1922 2290 2145 2342; x_wconf 88' lang='lat' dir='ltr'><strong>minime</strong></span> <span class='ocrx_word' id='word_1_372' title='bbox 2180 2288 2560 2353; x_wconf 83' lang='lat' dir='ltr'><strong>immolarunt;</strong></span> <span class='ocrx_word' id='word_1_373' title='bbox 2607 2299 2787 2343; x_wconf 83' lang='lat' dir='ltr'><strong>tamen</strong></span> <span class='ocrx_word' id='word_1_374' title='bbox 2841 2290 2969 2358; x_wconf 82' lang='lat' dir='ltr'><strong>quia</strong></span> <span class='ocrx_word' id='word_1_375' title='bbox 3001 2305 3060 2346; x_wconf 80' lang='lat' dir='ltr'><strong>se</strong></span> <span class='ocrx_word' id='word_1_376' title='bbox 3095 2292 3472 2347; x_wconf 79' lang='lat' dir='ltr'><strong>immolaturos</strong></span> 
     </span>
    </p>
   </div>
   <div class='ocr_carea' id='block_1_55' title="bbox 1921 2377 3471 2448">
    <p class='ocr_par' dir='ltr' id='par_1_55' title="bbox 1921 2377 3471 2448">
     <span class='ocr_line' id='line_1_55' title="bbox 1921 2377 3471 2448; baseline -0.001 -16"><span class='ocrx_word' id='word_1_377' title='bbox 1921 2385 2047 2432; x_wconf 87' lang='lat' dir='ltr'><strong>sunt</strong></span> <span class='ocrx_word' id='word_1_378' title='bbox 2076 2377 2239 2447; x_wconf 84' lang='lat' dir='ltr'><strong>pacti,</strong></span> <span class='ocrx_word' id='word_1_379' title='bbox 2273 2378 2352 2432; x_wconf 85' lang='lat' dir='ltr'><strong>vel</strong></span> <span class='ocrx_word' id='word_1_380' title='bbox 2401 2378 2544 2447; x_wconf 86' lang='lat' dir='ltr'><strong>quod</strong></span> <span class='ocrx_word' id='word_1_381' title='bbox 2601 2379 2737 2432; x_wconf 88' lang='lat' dir='ltr'><strong>alios</strong></span> <span class='ocrx_word' id='word_1_382' title='bbox 2786 2379 3105 2442; x_wconf 86' lang='lat' dir='ltr'><strong>submisere,</strong></span> <span class='ocrx_word' id='word_1_383' title='bbox 3138 2380 3347 2448; x_wconf 84' lang='lat' dir='ltr'><strong>ipsique</strong></span> <span class='ocrx_word' id='word_1_384' title='bbox 3376 2379 3471 2431; x_wconf 77' lang='lat' dir='ltr'><strong>int-</strong></span> 
     </span>
    </p>
   </div>
   <div class='ocr_carea' id='block_1_56' title="bbox 1924 2465 3469 2535">
    <p class='ocr_par' dir='ltr' id='par_1_56' title="bbox 1924 2465 3469 2535">
     <span class='ocr_line' id='line_1_56' title="bbox 1924 2465 3469 2535; baseline -0.001 -17"><span class='ocrx_word' id='word_1_385' title='bbox 1924 2466 2154 2519; x_wconf 89' lang='lat' dir='ltr'><strong>molasse</strong></span> <span class='ocrx_word' id='word_1_386' title='bbox 2209 2477 2335 2519; x_wconf 85' lang='lat' dir='ltr'><strong>sunt</strong></span> <span class='ocrx_word' id='word_1_387' title='bbox 2395 2467 2518 2526; x_wconf 82' lang='lat' dir='ltr'><strong>visi.</strong></span> <span class='ocrx_word' id='word_1_388' title='bbox 2576 2468 2890 2535; x_wconf 79' lang='lat' dir='ltr'><strong>poenitentia</strong></span> <span class='ocrx_word' id='word_1_389' title='bbox 2941 2467 3181 2535; x_wconf 78' lang='lat' dir='ltr'><strong>indigere</strong></span> <span class='ocrx_word' id='word_1_390' title='bbox 3240 2465 3469 2533; x_wconf 71' lang='lat' dir='ltr'><strong>iudicati</strong></span> 
     </span>
    </p>
   </div>
   <div class='ocr_carea' id='block_1_57' title="bbox 1924 2554 3471 2625">
    <p class='ocr_par' dir='ltr' id='par_1_57' title="bbox 1924 2554 3471 2625">
     <span class='ocr_line' id='line_1_57' title="bbox 1924 2554 3471 2625; baseline -0.001 -17"><span class='ocrx_word' id='word_1_391' title='bbox 1924 2563 2050 2608; x_wconf 79' lang='lat' dir='ltr'><strong>sunt</strong></span> <span class='ocrx_word' id='word_1_392' title='bbox 2087 2573 2100 2608; x_wconf 88' lang='lat'><strong>:</strong></span> <span class='ocrx_word' id='word_1_393' title='bbox 2136 2557 2240 2608; x_wconf 90' lang='lat' dir='ltr'><strong>etsi</strong></span> <span class='ocrx_word' id='word_1_394' title='bbox 2272 2557 2595 2624; x_wconf 87' lang='lat' dir='ltr'><strong>quibusdam</strong></span> <span class='ocrx_word' id='word_1_395' title='bbox 2628 2572 2693 2610; x_wconf 82' lang='lat' dir='ltr'><strong>ex</strong></span> <span class='ocrx_word' id='word_1_396' title='bbox 2736 2558 2869 2625; x_wconf 80' lang='lat' dir='ltr'><strong>ipsis</strong></span> <span class='ocrx_word' id='word_1_397' title='bbox 2918 2556 3162 2609; x_wconf 87' lang='lat' dir='ltr'><strong>nonnulli</strong></span> <span class='ocrx_word' id='word_1_398' title='bbox 3190 2554 3471 2609; x_wconf 77' lang='lat' dir='ltr'><strong>confesso-</strong></span> 
     </span>
    </p>
   </div>
   <div class='ocr_carea' id='block_1_58' title="bbox 1922 2635 3469 2715">
    <p class='ocr_par' dir='ltr' id='par_1_58' title="bbox 1922 2635 3469 2715">
     <span class='ocr_line' id='line_1_58' title="bbox 1922 2635 3469 2715; baseline -0.002 -17"><span class='ocrx_word' id='word_1_399' title='bbox 1922 2660 2041 2698; x_wconf 88' lang='lat' dir='ltr'><strong>rum</strong></span> <span class='ocrx_word' id='word_1_400' title='bbox 2071 2646 2343 2714; x_wconf 79' lang='lat' dir='ltr'><strong>ignovere.</strong></span> <span class='ocrx_word' id='word_1_401' title='bbox 2375 2645 2574 2700; x_wconf 83' lang='lat' dir='ltr'><strong>Eorum</strong></span> <span class='ocrx_word' id='word_1_402' title='bbox 2606 2662 2795 2715; x_wconf 89' lang='lat' dir='ltr'><strong>nempe</strong></span> <span class='ocrx_word' id='word_1_403' title='bbox 2834 2646 3052 2714; x_wconf 88' lang='lat' dir='ltr'><strong>quidam</strong></span> <span class='ocrx_word' id='word_1_404' title='bbox 3101 2648 3194 2713; x_wconf 89' lang='lat' dir='ltr'><strong>qui</strong></span> <span class='ocrx_word' id='word_1_405' title='bbox 3244 2635 3302 2699; x_wconf 64' lang='lat' dir='ltr'><strong>s‘e</strong></span> <span class='ocrx_word' id='word_1_406' title='bbox 3346 2642 3469 2696; x_wconf 81' lang='lat' dir='ltr'><strong>ﬁdei</strong></span> 
     </span>
    </p>
   </div>
   <div class='ocr_carea' id='block_1_59' title="bbox 1923 2733 3467 2805">
    <p class='ocr_par' dir='ltr' id='par_1_59' title="bbox 1923 2733 3467 2805">
     <span class='ocr_line' id='line_1_59' title="bbox 1923 2733 3467 2805; baseline -0.003 -15"><span class='ocrx_word' id='word_1_407' title='bbox 1923 2744 2088 2791; x_wconf 88' lang='lat' dir='ltr'><strong>testes</strong></span> <span class='ocrx_word' id='word_1_408' title='bbox 2121 2738 2481 2790; x_wconf 76' lang='lat' dir='ltr'><strong>exliibuerunt</strong></span> <span class='ocrx_word' id='word_1_409' title='bbox 2528 2751 2590 2790; x_wconf 86' lang='lat' dir='ltr'><strong>ac</strong></span> <span class='ocrx_word' id='word_1_410' title='bbox 2624 2751 2720 2805; x_wconf 86' lang='lat' dir='ltr'><strong>pro</strong></span> <span class='ocrx_word' id='word_1_411' title='bbox 2756 2737 2858 2789; x_wconf 80' lang='lat' dir='ltr'><strong>ﬁde</strong></span> <span class='ocrx_word' id='word_1_412' title='bbox 2900 2743 3028 2791; x_wconf 77' lang='lat' dir='ltr'><strong>sunt</strong></span> <span class='ocrx_word' id='word_1_413' title='bbox 3060 2736 3226 2802; x_wconf 83' lang='lat' dir='ltr'><strong>passi,</strong></span> <span class='ocrx_word' id='word_1_414' title='bbox 3280 2735 3347 2788; x_wconf 85' lang='lat' dir='ltr'><strong>iis</strong></span> <span class='ocrx_word' id='word_1_415' title='bbox 3375 2733 3467 2802; x_wconf 87' lang='lat' dir='ltr'><strong>qui</strong></span> 
     </span>
    </p>
   </div>
   <div class='ocr_carea' id='block_1_60' title="bbox 1924 2822 3465 2894">
    <p class='ocr_par' dir='ltr' id='par_1_60' title="bbox 1924 2822 3465 2894">
     <span class='ocr_line' id='line_1_60' title="bbox 1924 2822 3465 2894; baseline -0.003 -17"><span class='ocrx_word' id='word_1_416' title='bbox 1924 2825 2154 2879; x_wconf 80' lang='lat' dir='ltr'><strong>artificio</strong></span> <span class='ocrx_word' id='word_1_417' title='bbox 2185 2826 2442 2894; x_wconf 87' lang='lat' dir='ltr'><strong>quodam,</strong></span> <span class='ocrx_word' id='word_1_418' title='bbox 2466 2835 2525 2878; x_wconf 89' lang='lat' dir='ltr'><strong>ut</strong></span> <span class='ocrx_word' id='word_1_419' title='bbox 2561 2826 2763 2879; x_wconf 87' lang='lat' dir='ltr'><strong>dictum</strong></span> <span class='ocrx_word' id='word_1_420' title='bbox 2793 2832 2895 2885; x_wconf 87' lang='lat' dir='ltr'><strong>est,</strong></span> <span class='ocrx_word' id='word_1_421' title='bbox 2927 2839 3034 2877; x_wconf 90' lang='lat' dir='ltr'><strong>non</strong></span> <span class='ocrx_word' id='word_1_422' title='bbox 3065 2822 3465 2884; x_wconf 81' lang='lat' dir='ltr'><strong>sacriﬁcarunt,</strong></span> 
     </span>
    </p>
   </div>
   <div class='ocr_carea' id='block_1_61' title="bbox 1923 2910 3469 2981">
    <p class='ocr_par' dir='ltr' id='par_1_61' title="bbox 1923 2910 3469 2981">
     <span class='ocr_line' id='line_1_61' title="bbox 1923 2910 3469 2981; baseline -0.002 -17"><span class='ocrx_word' id='word_1_423' title='bbox 1923 2913 2203 2981; x_wconf 80' lang='lat' dir='ltr'><strong>ignovere,</strong></span> <span class='ocrx_word' id='word_1_424' title='bbox 2235 2927 2297 2966; x_wconf 90' lang='lat' dir='ltr'><strong>ac</strong></span> <span class='ocrx_word' id='word_1_425' title='bbox 2328 2913 2449 2965; x_wconf 74' lang='lat' dir='ltr'><strong>illos</strong></span> <span class='ocrx_word' id='word_1_426' title='bbox 2481 2927 2603 2966; x_wconf 90' lang='lat' dir='ltr'><strong>cum</strong></span> <span class='ocrx_word' id='word_1_427' title='bbox 2656 2911 2902 2965; x_wconf 82' lang='lat' dir='ltr'><strong>ﬁdelibus</strong></span> <span class='ocrx_word' id='word_1_428' title='bbox 2933 2912 2996 2963; x_wconf 88' lang='lat' dir='ltr'><strong>ad</strong></span> <span class='ocrx_word' id='word_1_429' title='bbox 3032 2910 3469 2963; x_wconf 83' lang='lat' dir='ltr'><strong>communionem</strong></span> 
     </span>
    </p>
   </div>
   <div class='ocr_carea' id='block_1_62' title="bbox 1926 2998 3471 3081">
    <p class='ocr_par' dir='ltr' id='par_1_62' title="bbox 1926 2998 3471 3081">
     <span class='ocr_line' id='line_1_62' title="bbox 1926 2998 3471 3081; baseline -0.003 -28"><span class='ocrx_word' id='word_1_430' title='bbox 1926 3002 2212 3061; x_wconf 80' lang='lat' dir='ltr'><strong>admisere,</strong></span> <span class='ocrx_word' id='word_1_431' title='bbox 2271 3001 2413 3067; x_wconf 86' lang='lat' dir='ltr'><strong>quod</strong></span> <span class='ocrx_word' id='word_1_432' title='bbox 2465 3016 2552 3081; x_wconf 47' lang='lat' dir='ltr'><strong>ne‘</strong></span> <span class='ocrx_word' id='word_1_433' title='bbox 2584 3000 2914 3052; x_wconf 69' lang='lat' dir='ltr'><strong>dmmonibus</strong></span> <span class='ocrx_word' id='word_1_434' title='bbox 2970 2998 3306 3051; x_wconf 84' lang='lat' dir='ltr'><strong>immolarent</strong></span> <span class='ocrx_word' id='word_1_435' title='bbox 3354 3004 3471 3049; x_wconf 82' lang='lat' dir='ltr'><strong>stu-</strong></span> 
     </span>
    </p>
   </div>
   <div class='ocr_carea' id='block_1_63' title="bbox 1926 3085 3470 3155">
    <p class='ocr_par' dir='ltr' id='par_1_63' title="bbox 1926 3085 3470 3155">
     <span class='ocr_line' id='line_1_63' title="bbox 1926 3085 3470 3155; baseline -0.006 -9"><span class='ocrx_word' id='word_1_436' title='bbox 1926 3092 2077 3146; x_wconf 85' lang='lat' dir='ltr'><strong>diose</strong></span> <span class='ocrx_word' id='word_1_437' title='bbox 2100 3092 2423 3145; x_wconf 80' lang='lat' dir='ltr'><strong>vitaverunt.</strong></span> <span class='ocrx_word' id='word_1_438' title='bbox 2455 3089 2621 3141; x_wconf 81' lang='lat' dir='ltr'><strong>Porro</strong></span> <span class='ocrx_word' id='word_1_439' title='bbox 2645 3089 2805 3155; x_wconf 83' lang='lat' dir='ltr'><strong>hujus</strong></span> <span class='ocrx_word' id='word_1_440' title='bbox 2836 3088 3110 3141; x_wconf 85' lang='lat' dir='ltr'><strong>semestris</strong></span> <span class='ocrx_word' id='word_1_441' title='bbox 3139 3085 3470 3139; x_wconf 67' lang='lat' dir='ltr'><strong>termini&#39;oc-</strong></span> 
     </span>
    </p>
   </div>
   <div class='ocr_carea' id='block_1_64' title="bbox 273 3174 3469 3248">
    <p class='ocr_par' dir='ltr' id='par_1_64' title="bbox 273 3174 3469 3248">
     <span class='ocr_line' id='line_1_64' title="bbox 273 3174 3469 3248; baseline -0.001 -22"><span class='ocrx_word' id='word_1_442' title='bbox 273 3174 518 3235; x_wconf 81' lang='lat' dir='ltr'><strong>casione,</strong></span> <span class='ocrx_word' id='word_1_443' title='bbox 556 3176 995 3233; x_wconf 81' lang='lat' dir='ltr'><strong>Annuntiationis</strong></span> <span class='ocrx_word' id='word_1_444' title='bbox 1029 3195 1122 3248; x_wconf 86' lang='lat' dir='ltr'><strong>per</strong></span> <span class='ocrx_word' id='word_1_445' title='bbox 1148 3180 1449 3235; x_wconf 86' lang='lat' dir='ltr'><strong>Gabriclem</strong></span> <span class='ocrx_word' id='word_1_446' title='bbox 1510 3180 1661 3235; x_wconf 63' lang='lat' dir='ltr'><strong>facta:</strong></span> <span class='ocrx_word' id='word_1_447' title='bbox 1704 3182 1966 3245; x_wconf 83' lang='lat' dir='ltr'><strong>meminit,</strong></span> <span class='ocrx_word' id='word_1_448' title='bbox 2006 3188 2160 3235; x_wconf 78' lang='lat' dir='ltr'><strong>sexto</strong></span> <span class='ocrx_word' id='word_1_449' title='bbox 2191 3193 2374 3234; x_wconf 77' lang='lat' dir='ltr'><strong>mense</strong></span> <span class='ocrx_word' id='word_1_450' title='bbox 2401 3176 2771 3244; x_wconf 84' lang='lat' dir='ltr'><strong>conceptionis</strong></span> <span class='ocrx_word' id='word_1_451' title='bbox 2802 3174 3180 3236; x_wconf 71' lang='lat' dir='ltr'><strong>Prmcursoris,</strong></span> <span class='ocrx_word' id='word_1_452' title='bbox 3210 3187 3315 3241; x_wconf 87' lang='lat' dir='ltr'><strong>quo</strong></span> <span class='ocrx_word' id='word_1_453' title='bbox 3335 3186 3469 3225; x_wconf 89' lang='lat' dir='ltr'><strong>con-</strong></span> 
     </span>
    </p>
   </div>
   <div class='ocr_carea' id='block_1_65' title="bbox 272 3267 1891 3342">
    <p class='ocr_par' dir='ltr' id='par_1_65' title="bbox 272 3267 1891 3342">
     <span class='ocr_line' id='line_1_65' title="bbox 272 3267 1891 3342; baseline 0.003 -24"><span class='ocrx_word' id='word_1_454' title='bbox 272 3272 467 3334; x_wconf 82' lang='lat' dir='ltr'><strong>ceptus</strong></span> <span class='ocrx_word' id='word_1_455' title='bbox 495 3276 575 3321; x_wconf 78' lang='lat' dir='ltr'><strong>est</strong></span> <span class='ocrx_word' id='word_1_456' title='bbox 599 3267 873 3323; x_wconf 83' lang='lat' dir='ltr'><strong>Dominus.</strong></span> <span class='ocrx_word' id='word_1_457' title='bbox 908 3269 1043 3322; x_wconf 87' lang='lat' dir='ltr'><strong>Tum</strong></span> <span class='ocrx_word' id='word_1_458' title='bbox 1079 3272 1371 3337; x_wconf 85' lang='lat' dir='ltr'><strong>apostolica</strong></span> <span class='ocrx_word' id='word_1_459' title='bbox 1398 3273 1558 3326; x_wconf 84' lang='lat' dir='ltr'><strong>verba</strong></span> <span class='ocrx_word' id='word_1_460' title='bbox 1581 3274 1891 3342; x_wconf 69' lang='lat' dir='ltr'><strong>subiungit:</strong></span> 
     </span>
    </p>
   </div>
   <div class='ocr_carea' id='block_1_66' title="bbox 873 3358 1234 3423">
    <p class='ocr_par' dir='ltr' id='par_1_66' title="bbox 873 3358 1234 3423">
     <span class='ocr_line' id='line_1_66' title="bbox 873 3358 1234 3423; baseline 0.003 -14"><span class='ocrx_word' id='word_1_461' title='bbox 873 3358 1105 3410; x_wconf 76' lang='grc' dir='ltr'><strong>ΚΛΝΠΝ</strong></span> <span class='ocrx_word' id='word_1_462' title='bbox 1145 3360 1234 3423; x_wconf 69' lang='grc' dir='ltr'><strong>σα.</strong></span> 
     </span>
    </p>
   </div>
   <div class='ocr_carea' id='block_1_67' title="bbox 355 3442 1829 3517">
    <p class='ocr_par' dir='ltr' id='par_1_67' title="bbox 355 3442 1829 3517">
     <span class='ocr_line' id='line_1_67' title="bbox 355 3442 1829 3517; baseline 0.005 -24"><span class='ocrx_word' id='word_1_463' title='bbox 355 3460 376 3492; x_wconf 80' lang='grc' dir='ltr'><strong>ι</strong></span> <span class='ocrx_word' id='word_1_464' title='bbox 409 3443 533 3503; x_wconf 87' lang='grc' dir='ltr'>Τοῖς</span> <span class='ocrx_word' id='word_1_465' title='bbox 575 3442 629 3494; x_wconf 77' lang='grc' dir='ltr'><strong>δὲ</strong></span> <span class='ocrx_word' id='word_1_466' title='bbox 659 3444 872 3507; x_wconf 85' lang='grc' dir='ltr'>δούλους</span> <span class='ocrx_word' id='word_1_467' title='bbox 914 3448 1263 3517; x_wconf 80' lang='grc' dir='ltr'>Χριστιανοὺς</span> <span class='ocrx_word' id='word_1_468' title='bbox 1301 3447 1413 3500; x_wconf 79' lang='grc' dir='ltr'>ἀνθ’</span> <span class='ocrx_word' id='word_1_469' title='bbox 1450 3448 1655 3504; x_wconf 78' lang='grc' dir='ltr'>ἑαυτῶν</span> <span class='ocrx_word' id='word_1_470' title='bbox 1702 3450 1829 3501; x_wconf 82' lang='grc' dir='ltr'>ὑπο-</span> 
     </span>
    </p>
   </div>
   <div class='ocr_carea' id='block_1_68' title="bbox 279 3530 1820 3606">
    <p class='ocr_par' dir='ltr' id='par_1_68' title="bbox 279 3530 1820 3606">
     <span class='ocr_line' id='line_1_68' title="bbox 279 3530 1820 3606; baseline 0.006 -25"><span class='ocrx_word' id='word_1_471' title='bbox 279 3549 304 3581; x_wconf 68' lang='grc'><strong>(</strong></span> <span class='ocrx_word' id='word_1_472' title='bbox 338 3530 674 3597; x_wconf 71' lang='grc' dir='ltr'>ϐεϐληκόσιν,</span> <span class='ocrx_word' id='word_1_473' title='bbox 711 3534 760 3584; x_wconf 76' lang='grc' dir='ltr'>οἱ</span> <span class='ocrx_word' id='word_1_474' title='bbox 795 3533 889 3602; x_wconf 84' lang='grc' dir='ltr'><strong>μὲν</strong></span> <span class='ocrx_word' id='word_1_475' title='bbox 911 3534 1100 3595; x_wconf 85' lang='grc' dir='ltr'>δοῦλοι,</span> <span class='ocrx_word' id='word_1_476' title='bbox 1135 3535 1209 3597; x_wconf 83' lang='grc' dir='ltr'>ὡς</span> <span class='ocrx_word' id='word_1_477' title='bbox 1233 3536 1297 3588; x_wconf 81' lang='grc' dir='ltr'>ἂν</span> <span class='ocrx_word' id='word_1_478' title='bbox 1322 3537 1618 3606; x_wconf 77' lang='grc' dir='ltr'>ὑποχείριοι</span> <span class='ocrx_word' id='word_1_479' title='bbox 1651 3537 1820 3601; x_wconf 71' lang='grc' dir='ltr'>ὄντες,</span> 
     </span>
    </p>
   </div>
   <div class='ocr_carea' id='block_1_69' title="bbox 282 3622 1826 3693">
    <p class='ocr_par' dir='ltr' id='par_1_69' title="bbox 282 3622 1826 3693">
     <span class='ocr_line' id='line_1_69' title="bbox 282 3622 1826 3693; baseline 0.006 -22"><span class='ocrx_word' id='word_1_480' title='bbox 282 3639 302 3671; x_wconf 74' lang='grc' dir='ltr'>ι</span> <span class='ocrx_word' id='word_1_481' title='bbox 341 3622 432 3673; x_wconf 76' lang='grc' dir='ltr'><strong>καὶ</strong></span> <span class='ocrx_word' id='word_1_482' title='bbox 450 3622 645 3691; x_wconf 80' lang='grc' dir='ltr'>τρόπον</span> <span class='ocrx_word' id='word_1_483' title='bbox 660 3622 779 3674; x_wconf 83' lang='grc' dir='ltr'>τινὰ</span> <span class='ocrx_word' id='word_1_484' title='bbox 795 3624 884 3676; x_wconf 72' lang='grc' dir='ltr'><strong>καὶ</strong></span> <span class='ocrx_word' id='word_1_485' title='bbox 906 3626 1055 3676; x_wconf 77' lang='grc' dir='ltr'>αὐτοὶ</span> <span class='ocrx_word' id='word_1_486' title='bbox 1069 3624 1483 3693; x_wconf 79' lang='grc' dir='ltr'>φυλακισθέντες</span> <span class='ocrx_word' id='word_1_487' title='bbox 1506 3630 1606 3680; x_wconf 78' lang='grc' dir='ltr'><strong>ὑπὸ</strong></span> <span class='ocrx_word' id='word_1_488' title='bbox 1622 3629 1727 3681; x_wconf 84' lang='grc' dir='ltr'>τῶν</span> <span class='ocrx_word' id='word_1_489' title='bbox 1748 3629 1826 3681; x_wconf 87' lang='grc' dir='ltr'><strong>δε-</strong></span> 
     </span>
    </p>
   </div>
   <div class='ocr_carea' id='block_1_70' title="bbox 283 3711 1826 3782">
    <p class='ocr_par' dir='ltr' id='par_1_70' title="bbox 283 3711 1826 3782">
     <span class='ocr_line' id='line_1_70' title="bbox 283 3711 1826 3782; baseline 0.005 -20"><span class='ocrx_word' id='word_1_490' title='bbox 283 3732 300 3761; x_wconf 71' lang='lat' dir='ltr'><strong>c</strong></span> <span class='ocrx_word' id='word_1_491' title='bbox 333 3711 560 3773; x_wconf 86' lang='grc' dir='ltr'>σποτῶν,</span> <span class='ocrx_word' id='word_1_492' title='bbox 575 3712 1053 3782; x_wconf 79' lang='grc' dir='ltr'>καταπειληθέντες</span> <span class='ocrx_word' id='word_1_493' title='bbox 1066 3716 1331 3766; x_wconf 81' lang='grc' dir='ltr'>τε¹⁸“”⁸ύπ’</span> <span class='ocrx_word' id='word_1_494' title='bbox 1345 3716 1519 3768; x_wconf 80' lang='grc' dir='ltr'>αὐτῶν</span> <span class='ocrx_word' id='word_1_495' title='bbox 1535 3720 1625 3769; x_wconf 72' lang='grc' dir='ltr'><strong>καὶ</strong></span> <span class='ocrx_word' id='word_1_496' title='bbox 1638 3718 1723 3770; x_wconf 83' lang='grc' dir='ltr'><strong>διὰ</strong></span> <span class='ocrx_word' id='word_1_497' title='bbox 1739 3718 1826 3771; x_wconf 84' lang='grc' dir='ltr'><strong>τὸν</strong></span> 
     </span>
    </p>
   </div>
   <div class='ocr_carea' id='block_1_71' title="bbox 283 3800 1824 3874">
    <p class='ocr_par' dir='ltr' id='par_1_71' title="bbox 283 3800 1824 3874">
     <span class='ocr_line' id='line_1_71' title="bbox 283 3800 1824 3874; baseline 0.006 -25"><span class='ocrx_word' id='word_1_498' title='bbox 283 3818 303 3849; x_wconf 75' lang='grc' dir='ltr'><strong>ι</strong></span> <span class='ocrx_word' id='word_1_499' title='bbox 343 3800 502 3867; x_wconf 75' lang='grc' dir='ltr'>φόϐον</span> <span class='ocrx_word' id='word_1_500' title='bbox 523 3801 699 3852; x_wconf 74' lang='grc' dir='ltr'>αὐτῶν</span> <span class='ocrx_word' id='word_1_501' title='bbox 718 3803 796 3863; x_wconf 82' lang='grc' dir='ltr'><strong>είς</strong></span> <span class='ocrx_word' id='word_1_502' title='bbox 814 3801 969 3853; x_wconf 92' lang='grc' dir='ltr'>τοῦτο</span> <span class='ocrx_word' id='word_1_503' title='bbox 992 3802 1298 3871; x_wconf 72' lang='grc' dir='ltr'>ἐληλυθότες</span> <span class='ocrx_word' id='word_1_504' title='bbox 1322 3805 1415 3854; x_wconf 78' lang='grc' dir='ltr'>καὶ</span> <span class='ocrx_word' id='word_1_505' title='bbox 1431 3804 1824 3874; x_wconf 83' lang='grc' dir='ltr'>ὀλισθήσαντες,</span> 
     </span>
    </p>
   </div>
   <div class='ocr_carea' id='block_1_72' title="bbox 281 3887 1826 3961">
    <p class='ocr_par' dir='ltr' id='par_1_72' title="bbox 281 3887 1826 3961">
     <span class='ocr_line' id='line_1_72' title="bbox 281 3887 1826 3961; baseline 0.006 -26"><span class='ocrx_word' id='word_1_506' title='bbox 281 3906 299 3935; x_wconf 77' lang='lat' dir='ltr'><strong>s</strong></span> <span class='ocrx_word' id='word_1_507' title='bbox 338 3888 396 3938; x_wconf 81' lang='grc' dir='ltr'>ἐν</span> <span class='ocrx_word' id='word_1_508' title='bbox 429 3887 560 3917; x_wconf 71' lang='grc'><strong><em>’⁵⁸⁸⁸⁸</em></strong></span> <span class='ocrx_word' id='word_1_509' title='bbox 591 3887 817 3956; x_wconf 77' lang='grc' dir='ltr'>ἐνιαυτῷ</span> <span class='ocrx_word' id='word_1_510' title='bbox 842 3888 909 3940; x_wconf 77' lang='grc' dir='ltr'>τὰ</span> <span class='ocrx_word' id='word_1_511' title='bbox 942 3887 1039 3957; x_wconf 80' lang='grc' dir='ltr'><strong>τῆς</strong></span> <span class='ocrx_word' id='word_1_512' title='bbox 1088 3890 1366 3957; x_wconf 86' lang='grc' dir='ltr'>μετανοίας</span> <span class='ocrx_word' id='word_1_513' title='bbox 1398 3891 1534 3961; x_wconf 75' lang='grc' dir='ltr'>ἔργα</span> <span class='ocrx_word' id='word_1_514' title='bbox 1577 3892 1826 3955; x_wconf 76' lang='grc' dir='ltr'>δείξουσι,</span> 
     </span>
    </p>
   </div>
   <div class='ocr_carea' id='block_1_73' title="bbox 281 3975 1826 4048">
    <p class='ocr_par' dir='ltr' id='par_1_73' title="bbox 281 3975 1826 4048">
     <span class='ocr_line' id='line_1_73' title="bbox 281 3975 1826 4048; baseline 0.006 -24"><span class='ocrx_word' id='word_1_515' title='bbox 281 3991 302 4024; x_wconf 76' lang='grc' dir='ltr'><strong>«ι</strong></span> <span class='ocrx_word' id='word_1_516' title='bbox 346 3976 697 4043; x_wconf 84' lang='grc' dir='ltr'>μανθάνοντες</span> <span class='ocrx_word' id='word_1_517' title='bbox 718 3975 810 4027; x_wconf 91' lang='grc' dir='ltr'><strong>τοῦ</strong></span> <span class='ocrx_word' id='word_1_518' title='bbox 826 3976 1030 4039; x_wconf 78' lang='grc' dir='ltr'>λοιποῦ,</span> <span class='ocrx_word' id='word_1_519' title='bbox 1048 3978 1118 4040; x_wconf 80' lang='grc' dir='ltr'>ὡς</span> <span class='ocrx_word' id='word_1_520' title='bbox 1142 3978 1311 4030; x_wconf 85' lang='grc' dir='ltr'>δοῦλοι</span> <span class='ocrx_word' id='word_1_521' title='bbox 1328 3980 1561 4048; x_wconf 78' lang='grc' dir='ltr'>Χριστοῦ</span> <span class='ocrx_word' id='word_1_522' title='bbox 1582 3984 1749 4033; x_wconf 87' lang='grc' dir='ltr'>ποιεῖν</span> <span class='ocrx_word' id='word_1_523' title='bbox 1767 3983 1826 4034; x_wconf 86' lang='grc' dir='ltr'><strong>τὸ</strong></span> 
     </span>
    </p>
   </div>
   <div class='ocr_carea' id='block_1_74' title="bbox 282 4063 1822 4139">
    <p class='ocr_par' dir='ltr' id='par_1_74' title="bbox 282 4063 1822 4139">
     <span class='ocr_line' id='line_1_74' title="bbox 282 4063 1822 4139; baseline 0.005 -25"><span class='ocrx_word' id='word_1_524' title='bbox 282 4084 302 4114; x_wconf 72' lang='grc' dir='ltr'>ι</span> <span class='ocrx_word' id='word_1_525' title='bbox 344 4064 552 4139; x_wconf 72' lang='grc' dir='ltr'>θέλημα</span> <span class='ocrx_word' id='word_1_526' title='bbox 586 4063 679 4116; x_wconf 87' lang='grc' dir='ltr'><strong>τοῦ</strong></span> <span class='ocrx_word' id='word_1_527' title='bbox 712 4065 942 4133; x_wconf 82' lang='grc' dir='ltr'>Χριστοῦ</span> <span class='ocrx_word' id='word_1_528' title='bbox 976 4066 1150 4130; x_wconf 79' lang='grc'><strong>⁸⁸·⁶·“,</strong></span> <span class='ocrx_word' id='word_1_529' title='bbox 1187 4071 1277 4119; x_wconf 81' lang='grc' dir='ltr'>καὶ</span> <span class='ocrx_word' id='word_1_530' title='bbox 1322 4068 1597 4134; x_wconf 79' lang='grc' dir='ltr'>φοϐεῖσθαι</span> <span class='ocrx_word' id='word_1_531' title='bbox 1631 4070 1822 4122; x_wconf 74' lang='grc' dir='ltr'>αὐτόν’</span> 
     </span>
    </p>
   </div>
   <div class='ocr_carea' id='block_1_75' title="bbox 281 4150 1827 4225">
    <p class='ocr_par' dir='ltr' id='par_1_75' title="bbox 281 4150 1827 4225">
     <span class='ocr_line' id='line_1_75' title="bbox 281 4150 1827 4225; baseline 0.004 -23"><span class='ocrx_word' id='word_1_532' title='bbox 281 4170 301 4202; x_wconf 78' lang='grc' dir='ltr'><strong>ι</strong></span> <span class='ocrx_word' id='word_1_533' title='bbox 338 4150 620 4214; x_wconf 78' lang='grc' dir='ltr'>ἀκούοντες</span> <span class='ocrx_word' id='word_1_534' title='bbox 655 4151 903 4219; x_wconf 85' lang='grc' dir='ltr'>μάλιστα,</span> <span class='ocrx_word' id='word_1_535' title='bbox 934 4153 1011 4204; x_wconf 82' lang='grc' dir='ltr'>ὄτι</span> <span class='ocrx_word' id='word_1_536' title='bbox 1044 4152 1296 4217; x_wconf 78' lang='grc' dir='ltr'>ἕκαστος</span> <span class='ocrx_word' id='word_1_537' title='bbox 1319 4152 1426 4206; x_wconf 80' lang='grc' dir='ltr'>ἐάν</span> <span class='ocrx_word' id='word_1_538' title='bbox 1472 4152 1534 4223; x_wconf 77' lang='lat'><strong>[1.</strong></span> <span class='ocrx_word' id='word_1_539' title='bbox 1579 4155 1606 4206; x_wconf 80' lang='grc' dir='ltr'><strong>ὃ</strong></span> <span class='ocrx_word' id='word_1_540' title='bbox 1638 4156 1725 4225; x_wconf 84' lang='grc' dir='ltr'><strong>άν]</strong></span> <span class='ocrx_word' id='word_1_541' title='bbox 1774 4172 1827 4207; x_wconf 86' lang='grc' dir='ltr'><strong>τι</strong></span> 
     </span>
    </p>
   </div>
   <div class='ocr_carea' id='block_1_76' title="bbox 281 4238 1823 4310">
    <p class='ocr_par' dir='ltr' id='par_1_76' title="bbox 281 4238 1823 4310">
     <span class='ocr_line' id='line_1_76' title="bbox 281 4238 1823 4310; baseline 0.003 -18"><span class='ocrx_word' id='word_1_542' title='bbox 281 4259 301 4292; x_wconf 79' lang='grc' dir='ltr'>ι</span> <span class='ocrx_word' id='word_1_543' title='bbox 335 4240 560 4307; x_wconf 79' lang='grc' dir='ltr'>ποιήσῃ</span> <span class='ocrx_word' id='word_1_544' title='bbox 590 4238 829 4307; x_wconf 73' lang='grc' dir='ltr'>ἀγαθὸν,</span> <span class='ocrx_word' id='word_1_545' title='bbox 865 4240 1358 4307; x_wconf 70' lang='grc' dir='ltr'>τοῦτακομίσεται</span> <span class='ocrx_word' id='word_1_546' title='bbox 1394 4242 1549 4309; x_wconf 79' lang='grc' dir='ltr'>παρὰ</span> <span class='ocrx_word' id='word_1_547' title='bbox 1587 4245 1823 4310; x_wconf 82' lang='grc' dir='ltr'>Κυρίου,</span> 
     </span>
    </p>
   </div>
   <div class='ocr_carea' id='block_1_77' title="bbox 280 4326 1498 4394">
    <p class='ocr_par' dir='ltr' id='par_1_77' title="bbox 280 4326 1498 4394">
     <span class='ocr_line' id='line_1_77' title="bbox 280 4326 1498 4394; baseline 0.004 -17"><span class='ocrx_word' id='word_1_548' title='bbox 280 4346 300 4377; x_wconf 77' lang='grc' dir='ltr'><strong>ε</strong></span> <span class='ocrx_word' id='word_1_549' title='bbox 337 4328 457 4380; x_wconf 74' lang='grc' dir='ltr'>εἶτε</span> <span class='ocrx_word' id='word_1_550' title='bbox 487 4326 703 4392; x_wconf 74' lang='grc' dir='ltr'>δοῦλος</span> <span class='ocrx_word' id='word_1_551' title='bbox 728 4328 845 4380; x_wconf 76' lang='grc' dir='ltr'>εἴτε</span> <span class='ocrx_word' id='word_1_552' title='bbox 874 4328 1182 4394; x_wconf 73' lang='grc' dir='ltr'>ἐλεύθερός</span> <span class='ocrx_word' id='word_1_553' title='bbox 1205 4330 1335 4381; x_wconf 82' lang='grc' dir='ltr'>ἐστι</span> <span class='ocrx_word' id='word_1_554' title='bbox 1379 4332 1441 4382; x_wconf 73' lang='grc'><strong>³⁸.</strong></span> <span class='ocrx_word' id='word_1_555' title='bbox 1480 4349 1498 4381; x_wconf 75' lang='grc' dir='ltr'>ι</span> 
     </span>
    </p>
   </div>
   <div class='ocr_carea' id='block_1_78' title="bbox 343 4416 1827 4490">
    <p class='ocr_par' dir='ltr' id='par_1_78' title="bbox 343 4416 1827 4490">
     <span class='ocr_line' id='line_1_78' title="bbox 343 4416 1827 4490; baseline 0.005 -23"><span class='ocrx_word' id='word_1_556' title='bbox 343 4416 538 4469; x_wconf 77' lang='grc' dir='ltr'><strong>ΒΔΛΣ.</strong></span> <span class='ocrx_word' id='word_1_557' title='bbox 566 4416 702 4478; x_wconf 82' lang='grc' dir='ltr'>Τοὺς</span> <span class='ocrx_word' id='word_1_558' title='bbox 744 4416 883 4469; x_wconf 76' lang='grc' dir='ltr'>κατὰ</span> <span class='ocrx_word' id='word_1_559' title='bbox 912 4418 1153 4471; x_wconf 83' lang='grc' dir='ltr'>κέλευσιν</span> <span class='ocrx_word' id='word_1_560' title='bbox 1201 4422 1290 4471; x_wconf 73' lang='grc' dir='ltr'><strong>καὶ</strong></span> <span class='ocrx_word' id='word_1_561' title='bbox 1331 4420 1556 4490; x_wconf 77' lang='grc' dir='ltr'>ἀπειλὴν</span> <span class='ocrx_word' id='word_1_562' title='bbox 1596 4422 1702 4475; x_wconf 83' lang='grc' dir='ltr'><strong>τῶν</strong></span> <span class='ocrx_word' id='word_1_563' title='bbox 1742 4423 1827 4475; x_wconf 89' lang='grc' dir='ltr'>δε-</span> 
     </span>
    </p>
   </div>
   <div class='ocr_carea' id='block_1_79' title="bbox 272 4504 1827 4580">
    <p class='ocr_par' dir='ltr' id='par_1_79' title="bbox 272 4504 1827 4580">
     <span class='ocr_line' id='line_1_79' title="bbox 272 4504 1827 4580; baseline 0.004 -24"><span class='ocrx_word' id='word_1_564' title='bbox 272 4504 488 4557; x_wconf 85' lang='grc' dir='ltr'>σποτῶν</span> <span class='ocrx_word' id='word_1_565' title='bbox 534 4504 794 4567; x_wconf 80' lang='grc' dir='ltr'>θύσαντας</span> <span class='ocrx_word' id='word_1_566' title='bbox 835 4506 1050 4570; x_wconf 83' lang='grc' dir='ltr'>δούλους</span> <span class='ocrx_word' id='word_1_567' title='bbox 1096 4510 1184 4559; x_wconf 77' lang='grc' dir='ltr'>ἐπὶ</span> <span class='ocrx_word' id='word_1_568' title='bbox 1236 4508 1474 4560; x_wconf 79' lang='grc' dir='ltr'>ἐνιαυτὸν</span> <span class='ocrx_word' id='word_1_569' title='bbox 1526 4511 1751 4580; x_wconf 81' lang='grc' dir='ltr'>ἐπιτιμᾷ</span> <span class='ocrx_word' id='word_1_570' title='bbox 1798 4513 1827 4562; x_wconf 88' lang='grc' dir='ltr'><strong>ό</strong></span> 
     </span>
    </p>
   </div>
   <div class='ocr_carea' id='block_1_80' title="bbox 271 4588 1825 4666">
    <p class='ocr_par' dir='ltr' id='par_1_80' title="bbox 271 4588 1825 4666">
     <span class='ocr_line' id='line_1_80' title="bbox 271 4588 1825 4666; baseline 0.003 -19"><span class='ocrx_word' id='word_1_571' title='bbox 271 4593 461 4663; x_wconf 73' lang='grc' dir='ltr'>Πατὴρ</span> <span class='ocrx_word' id='word_1_572' title='bbox 496 4588 679 4656; x_wconf 54' lang='grc' dir='ltr'>οὗτος</span> <span class='ocrx_word' id='word_1_573' title='bbox 714 4595 787 4657; x_wconf 88' lang='grc' dir='ltr'>ὡς</span> <span class='ocrx_word' id='word_1_574' title='bbox 828 4597 923 4664; x_wconf 79' lang='grc' dir='ltr'>μὲν</span> <span class='ocrx_word' id='word_1_575' title='bbox 950 4597 1057 4666; x_wconf 71' lang='grc' dir='ltr'>γὰρ</span> <span class='ocrx_word' id='word_1_576' title='bbox 1088 4597 1348 4649; x_wconf 86' lang='grc' dir='ltr'>πεισθεῖσι</span> <span class='ocrx_word' id='word_1_577' title='bbox 1395 4601 1507 4660; x_wconf 90' lang='grc' dir='ltr'>τοῖς</span> <span class='ocrx_word' id='word_1_578' title='bbox 1544 4599 1825 4662; x_wconf 78' lang='grc' dir='ltr'>δεσπόταις</span> 
     </span>
    </p>
   </div>
   <div class='ocr_carea' id='block_1_81' title="bbox 2525 3353 2867 3409">
    <p class='ocr_par' dir='ltr' id='par_1_81' title="bbox 2525 3353 2867 3409">
     <span class='ocr_line' id='line_1_81' title="bbox 2525 3353 2867 3409; baseline -0.003 0"><span class='ocrx_word' id='word_1_579' title='bbox 2525 3353 2750 3409; x_wconf 62' lang='lat' dir='ltr'><strong>C.\?{ON</strong></span> <span class='ocrx_word' id='word_1_580' title='bbox 2780 3355 2867 3408; x_wconf 80' lang='lat' dir='ltr'><strong>Vl.</strong></span> 
     </span>
    </p>
   </div>
   <div class='ocr_carea' id='block_1_82' title="bbox 2005 3441 3474 3515">
    <p class='ocr_par' dir='ltr' id='par_1_82' title="bbox 2005 3441 3474 3515">
     <span class='ocr_line' id='line_1_82' title="bbox 2005 3441 3474 3515; baseline -0.003 -16"><span class='ocrx_word' id='word_1_581' title='bbox 2005 3466 2021 3498; x_wconf 86' lang='grc' dir='ltr'>ι</span> <span class='ocrx_word' id='word_1_582' title='bbox 2061 3446 2098 3500; x_wconf 90' lang='lat' dir='ltr'><strong>li</strong></span> <span class='ocrx_word' id='word_1_583' title='bbox 2122 3455 2297 3501; x_wconf 89' lang='lat' dir='ltr'><strong>autem</strong></span> <span class='ocrx_word' id='word_1_584' title='bbox 2332 3447 2422 3515; x_wconf 86' lang='lat' dir='ltr'><strong>qui</strong></span> <span class='ocrx_word' id='word_1_585' title='bbox 2470 3462 2655 3502; x_wconf 81' lang='lat' dir='ltr'><strong>servos</strong></span> <span class='ocrx_word' id='word_1_586' title='bbox 2683 3445 3018 3499; x_wconf 81' lang='lat' dir='ltr'><strong>Christianos</strong></span> <span class='ocrx_word' id='word_1_587' title='bbox 3070 3442 3166 3510; x_wconf 88' lang='lat' dir='ltr'><strong>pro</strong></span> <span class='ocrx_word' id='word_1_588' title='bbox 3189 3456 3247 3495; x_wconf 88' lang='lat' dir='ltr'><strong>se</strong></span> <span class='ocrx_word' id='word_1_589' title='bbox 3274 3441 3474 3496; x_wconf 82' lang='lat' dir='ltr'><strong>submi-</strong></span> 
     </span>
    </p>
   </div>
   <div class='ocr_carea' id='block_1_83' title="bbox 1934 3532 3473 3602">
    <p class='ocr_par' dir='ltr' id='par_1_83' title="bbox 1934 3532 3473 3602">
     <span class='ocr_line' id='line_1_83' title="bbox 1934 3532 3473 3602; baseline -0.003 -13"><span class='ocrx_word' id='word_1_590' title='bbox 1934 3558 1951 3589; x_wconf 78' lang='grc' dir='ltr'><strong>ι</strong></span> <span class='ocrx_word' id='word_1_591' title='bbox 1986 3546 2192 3600; x_wconf 85' lang='lat' dir='ltr'><strong>serunt,</strong></span> <span class='ocrx_word' id='word_1_592' title='bbox 2224 3538 2361 3589; x_wconf 89' lang='lat' dir='ltr'><strong>servi</strong></span> <span class='ocrx_word' id='word_1_593' title='bbox 2416 3536 2656 3602; x_wconf 84' lang='lat' dir='ltr'><strong>quidem,</strong></span> <span class='ocrx_word' id='word_1_594' title='bbox 2714 3544 2772 3587; x_wconf 91' lang='lat' dir='ltr'><strong>ut</strong></span> <span class='ocrx_word' id='word_1_595' title='bbox 2803 3533 2894 3602; x_wconf 91' lang='lat' dir='ltr'><strong>qui</strong></span> <span class='ocrx_word' id='word_1_596' title='bbox 2919 3534 3019 3601; x_wconf 88' lang='lat' dir='ltr'><strong>ipsi</strong></span> <span class='ocrx_word' id='word_1_597' title='bbox 3058 3532 3160 3585; x_wconf 87' lang='lat' dir='ltr'><strong>sub</strong></span> <span class='ocrx_word' id='word_1_598' title='bbox 3191 3546 3350 3583; x_wconf 86' lang='lat' dir='ltr'><strong>manu</strong></span> <span class='ocrx_word' id='word_1_599' title='bbox 3383 3546 3473 3585; x_wconf 84' lang='lat' dir='ltr'><strong>cs-</strong></span> 
     </span>
    </p>
   </div>
   <div class='ocr_carea' id='block_1_84' title="bbox 1933 3619 3471 3692">
    <p class='ocr_par' dir='ltr' id='par_1_84' title="bbox 1933 3619 3471 3692">
     <span class='ocr_line' id='line_1_84' title="bbox 1933 3619 3471 3692; baseline -0.005 -14"><span class='ocrx_word' id='word_1_600' title='bbox 1933 3650 1951 3678; x_wconf 79' lang='grc' dir='ltr'>ι</span> <span class='ocrx_word' id='word_1_601' title='bbox 1984 3636 2121 3685; x_wconf 81' lang='lat' dir='ltr'><strong>scut,</strong></span> <span class='ocrx_word' id='word_1_602' title='bbox 2151 3635 2204 3678; x_wconf 92' lang='lat' dir='ltr'><strong>et</strong></span> <span class='ocrx_word' id='word_1_603' title='bbox 2233 3623 2627 3692; x_wconf 81' lang='lat' dir='ltr'><strong>quodammodo</strong></span> <span class='ocrx_word' id='word_1_604' title='bbox 2651 3622 2751 3690; x_wconf 73' lang='lat' dir='ltr'><strong>ipsi</strong></span> <span class='ocrx_word' id='word_1_605' title='bbox 2786 3630 3002 3689; x_wconf 83' lang='lat' dir='ltr'><strong>quoque</strong></span> <span class='ocrx_word' id='word_1_606' title='bbox 3032 3621 3084 3672; x_wconf 92' lang='lat' dir='ltr'><strong>in</strong></span> <span class='ocrx_word' id='word_1_607' title='bbox 3129 3619 3471 3672; x_wconf 80' lang='lat' dir='ltr'><strong>dominorum</strong></span> 
     </span>
    </p>
   </div>
   <div class='ocr_carea' id='block_1_85' title="bbox 1933 3700 3472 3778">
    <p class='ocr_par' dir='ltr' id='par_1_85' title="bbox 1933 3700 3472 3778">
     <span class='ocr_line' id='line_1_85' title="bbox 1933 3700 3472 3778; baseline -0.005 -12"><span class='ocrx_word' id='word_1_608' title='bbox 1933 3734 1950 3766; x_wconf 83' lang='grc' dir='ltr'>ι</span> <span class='ocrx_word' id='word_1_609' title='bbox 1990 3714 2235 3768; x_wconf 86' lang='lat' dir='ltr'><strong>custodia</strong></span> <span class='ocrx_word' id='word_1_610' title='bbox 2257 3719 2458 3773; x_wconf 84' lang='lat' dir='ltr'><strong>essent,</strong></span> <span class='ocrx_word' id='word_1_611' title='bbox 2491 3700 2757 3778; x_wconf 81' lang='lat' dir='ltr'><strong>minisque</strong></span> <span class='ocrx_word' id='word_1_612' title='bbox 2788 3710 2859 3763; x_wconf 87' lang='lat' dir='ltr'><strong>ab</strong></span> <span class='ocrx_word' id='word_1_613' title='bbox 2894 3710 3027 3776; x_wconf 91' lang='lat' dir='ltr'><strong>ipsis</strong></span> <span class='ocrx_word' id='word_1_614' title='bbox 3049 3708 3241 3765; x_wconf 86' lang='lat' dir='ltr'><strong>territi,</strong></span> <span class='ocrx_word' id='word_1_615' title='bbox 3264 3715 3315 3760; x_wconf 89' lang='lat' dir='ltr'><strong>et</strong></span> <span class='ocrx_word' id='word_1_616' title='bbox 3346 3720 3472 3773; x_wconf 90' lang='lat' dir='ltr'><strong>pro-</strong></span> 
     </span>
    </p>
   </div>
   <div class='ocr_carea' id='block_1_86' title="bbox 1933 3795 3471 3869">
    <p class='ocr_par' dir='ltr' id='par_1_86' title="bbox 1933 3795 3471 3869">
     <span class='ocr_line' id='line_1_86' title="bbox 1933 3795 3471 3869; baseline -0.004 -18"><span class='ocrx_word' id='word_1_617' title='bbox 1933 3821 1951 3851; x_wconf 79' lang='grc' dir='ltr'><strong>ι</strong></span> <span class='ocrx_word' id='word_1_618' title='bbox 1987 3813 2102 3869; x_wconf 87' lang='lat' dir='ltr'><strong>pter</strong></span> <span class='ocrx_word' id='word_1_619' title='bbox 2129 3814 2316 3853; x_wconf 85' lang='lat' dir='ltr'><strong>eorum</strong></span> <span class='ocrx_word' id='word_1_620' title='bbox 2369 3807 2568 3851; x_wconf 85' lang='lat' dir='ltr'><strong>metum</strong></span> <span class='ocrx_word' id='word_1_621' title='bbox 2621 3812 2684 3851; x_wconf 87' lang='lat' dir='ltr'><strong>eo</strong></span> <span class='ocrx_word' id='word_1_622' title='bbox 2729 3796 2991 3863; x_wconf 90' lang='lat' dir='ltr'><strong>compulsi</strong></span> <span class='ocrx_word' id='word_1_623' title='bbox 3027 3802 3079 3848; x_wconf 92' lang='lat' dir='ltr'><strong>et</strong></span> <span class='ocrx_word' id='word_1_624' title='bbox 3133 3795 3287 3862; x_wconf 83' lang='lat' dir='ltr'><strong>lapsi,</strong></span> <span class='ocrx_word' id='word_1_625' title='bbox 3328 3808 3471 3845; x_wconf 84' lang='lat' dir='ltr'><strong>anno</strong></span> 
     </span>
    </p>
   </div>
   <div class='ocr_carea' id='block_1_87' title="bbox 1932 3883 3472 3957">
    <p class='ocr_par' dir='ltr' id='par_1_87' title="bbox 1932 3883 3472 3957">
     <span class='ocr_line' id='line_1_87' title="bbox 1932 3883 3472 3957; baseline -0.004 -16"><span class='ocrx_word' id='word_1_626' title='bbox 1932 3909 1951 3941; x_wconf 73' lang='grc' dir='ltr'><strong>ι</strong></span> <span class='ocrx_word' id='word_1_627' title='bbox 1985 3903 2144 3957; x_wconf 83' lang='lat' dir='ltr'><strong>opera</strong></span> <span class='ocrx_word' id='word_1_628' title='bbox 2178 3888 2505 3955; x_wconf 63' lang='lat' dir='ltr'><strong>poenitentia:</strong></span> <span class='ocrx_word' id='word_1_629' title='bbox 2548 3885 2848 3947; x_wconf 86' lang='lat' dir='ltr'><strong>ostendent,</strong></span> <span class='ocrx_word' id='word_1_630' title='bbox 2879 3894 2931 3937; x_wconf 92' lang='lat' dir='ltr'><strong>et</strong></span> <span class='ocrx_word' id='word_1_631' title='bbox 2973 3885 3227 3953; x_wconf 88' lang='lat' dir='ltr'><strong>deinceps</strong></span> <span class='ocrx_word' id='word_1_632' title='bbox 3244 3883 3472 3937; x_wconf 78' lang='lat' dir='ltr'><strong>disceu-</strong></span> 
     </span>
    </p>
   </div>
   <div class='ocr_carea' id='block_1_88' title="bbox 1933 3963 3469 4042">
    <p class='ocr_par' dir='ltr' id='par_1_88' title="bbox 1933 3963 3469 4042">
     <span class='ocr_line' id='line_1_88' title="bbox 1933 3963 3469 4042; baseline -0.004 -12"><span class='ocrx_word' id='word_1_633' title='bbox 1933 3998 1951 4030; x_wconf 79' lang='grc' dir='ltr'>ι</span> <span class='ocrx_word' id='word_1_634' title='bbox 1983 3989 2083 4042; x_wconf 87' lang='lat' dir='ltr'><strong>tes,</strong></span> <span class='ocrx_word' id='word_1_635' title='bbox 2109 3984 2167 4029; x_wconf 89' lang='lat' dir='ltr'><strong>ut</strong></span> <span class='ocrx_word' id='word_1_636' title='bbox 2198 3976 2335 4030; x_wconf 79' lang='lat' dir='ltr'><strong>servi</strong></span> <span class='ocrx_word' id='word_1_637' title='bbox 2361 3963 2585 4034; x_wconf 79' lang='lat' dir='ltr'><strong>Christi.</strong></span> <span class='ocrx_word' id='word_1_638' title='bbox 2621 3974 2794 4027; x_wconf 81' lang='lat' dir='ltr'><strong>facere</strong></span> <span class='ocrx_word' id='word_1_639' title='bbox 2823 3974 3025 4026; x_wconf 71' lang='lat' dir='ltr'><strong>Christi</strong></span> <span class='ocrx_word' id='word_1_640' title='bbox 3062 3964 3469 4027; x_wconf 59' lang='lat' dir='ltr'><strong>voluntatem&#39;et</strong></span> 
     </span>
    </p>
   </div>
   <div class='ocr_carea' id='block_1_89' title="bbox 1933 4060 3473 4128">
    <p class='ocr_par' dir='ltr' id='par_1_89' title="bbox 1933 4060 3473 4128">
     <span class='ocr_line' id='line_1_89' title="bbox 1933 4060 3473 4128; baseline -0.003 -11"><span class='ocrx_word' id='word_1_641' title='bbox 1933 4087 1951 4117; x_wconf 81' lang='grc' dir='ltr'><strong>ι</strong></span> <span class='ocrx_word' id='word_1_642' title='bbox 1986 4082 2106 4121; x_wconf 87' lang='lat' dir='ltr'><strong>eum</strong></span> <span class='ocrx_word' id='word_1_643' title='bbox 2144 4064 2330 4116; x_wconf 89' lang='lat' dir='ltr'><strong>timere</strong></span> <span class='ocrx_word' id='word_1_644' title='bbox 2364 4080 2376 4114; x_wconf 92' lang='lat'><strong>:</strong></span> <span class='ocrx_word' id='word_1_645' title='bbox 2408 4063 2687 4115; x_wconf 86' lang='lat' dir='ltr'><strong>audientes</strong></span> <span class='ocrx_word' id='word_1_646' title='bbox 2744 4061 2993 4123; x_wconf 81' lang='lat' dir='ltr'><strong>maxime,</strong></span> <span class='ocrx_word' id='word_1_647' title='bbox 3017 4061 3157 4128; x_wconf 89' lang='lat' dir='ltr'><strong>quod</strong></span> <span class='ocrx_word' id='word_1_648' title='bbox 3194 4060 3473 4126; x_wconf 77' lang='lat' dir='ltr'><strong>unusquis-</strong></span> 
     </span>
    </p>
   </div>
   <div class='ocr_carea' id='block_1_90' title="bbox 1932 4147 3468 4222">
    <p class='ocr_par' dir='ltr' id='par_1_90' title="bbox 1932 4147 3468 4222">
     <span class='ocr_line' id='line_1_90' title="bbox 1932 4147 3468 4222; baseline -0.002 -18"><span class='ocrx_word' id='word_1_649' title='bbox 1932 4173 1949 4204; x_wconf 82' lang='grc' dir='ltr'><strong>ι</strong></span> <span class='ocrx_word' id='word_1_650' title='bbox 1991 4169 2107 4222; x_wconf 82' lang='lat' dir='ltr'><strong>quc,</strong></span> <span class='ocrx_word' id='word_1_651' title='bbox 2148 4153 2194 4205; x_wconf 84' lang='lat' dir='ltr'><strong>si</strong></span> <span class='ocrx_word' id='word_1_652' title='bbox 2224 4152 2349 4220; x_wconf 75' lang='lat' dir='ltr'><strong>quid</strong></span> <span class='ocrx_word' id='word_1_653' title='bbox 2398 4149 2516 4202; x_wconf 86' lang='lat' dir='ltr'><strong>boni</strong></span> <span class='ocrx_word' id='word_1_654' title='bbox 2549 4151 2748 4216; x_wconf 75' lang='lat' dir='ltr'><strong>fecerit,</strong></span> <span class='ocrx_word' id='word_1_655' title='bbox 2800 4148 2894 4201; x_wconf 85' lang='lat' dir='ltr'><strong>hoc</strong></span> <span class='ocrx_word' id='word_1_656' title='bbox 2948 4149 3075 4217; x_wconf 81' lang='lat' dir='ltr'><strong>feret</strong></span> <span class='ocrx_word' id='word_1_657' title='bbox 3124 4165 3157 4200; x_wconf 82' lang='grc' dir='ltr'><strong>α</strong></span> <span class='ocrx_word' id='word_1_658' title='bbox 3223 4147 3468 4210; x_wconf 79' lang='lat' dir='ltr'><strong>Domino.</strong></span> 
     </span>
    </p>
   </div>
   <div class='ocr_carea' id='block_1_91' title="bbox 1932 4238 2801 4293">
    <p class='ocr_par' dir='ltr' id='par_1_91' title="bbox 1932 4238 2801 4293">
     <span class='ocr_line' id='line_1_91' title="bbox 1932 4238 2801 4293; baseline -0.005 -1"><span class='ocrx_word' id='word_1_659' title='bbox 1932 4261 1950 4292; x_wconf 83' lang='grc' dir='ltr'><strong>ι</strong></span> <span class='ocrx_word' id='word_1_660' title='bbox 1985 4242 2088 4293; x_wconf 80' lang='lat' dir='ltr'><strong>sive</strong></span> <span class='ocrx_word' id='word_1_661' title='bbox 2109 4255 2283 4292; x_wconf 77' lang='lat' dir='ltr'><strong>servus</strong></span> <span class='ocrx_word' id='word_1_662' title='bbox 2308 4239 2414 4291; x_wconf 80' lang='lat' dir='ltr'><strong>sive</strong></span> <span class='ocrx_word' id='word_1_663' title='bbox 2445 4238 2573 4290; x_wconf 84' lang='lat' dir='ltr'><strong>liber</strong></span> <span class='ocrx_word' id='word_1_664' title='bbox 2606 4238 2673 4290; x_wconf 83' lang='lat' dir='ltr'><strong>sit</strong></span> <span class='ocrx_word' id='word_1_665' title='bbox 2700 4250 2748 4291; x_wconf 75' lang='grc' dir='ltr'><strong>ι.</strong></span> <span class='ocrx_word' id='word_1_666' title='bbox 2783 4256 2801 4288; x_wconf 78' lang='grc' dir='ltr'>ι</span> 
     </span>
    </p>
   </div>
   <div class='ocr_carea' id='block_1_92' title="bbox 1995 4409 3470 4479">
    <p class='ocr_par' dir='ltr' id='par_1_92' title="bbox 1995 4409 3470 4479">
     <span class='ocr_line' id='line_1_92' title="bbox 1995 4409 3470 4479; baseline -0.003 -13"><span class='ocrx_word' id='word_1_667' title='bbox 1995 4413 2154 4466; x_wconf 73' lang='grc' dir='ltr'><strong>ΒΑιε.</strong></span> <span class='ocrx_word' id='word_1_668' title='bbox 2184 4411 2378 4465; x_wconf 80' lang='lat' dir='ltr'><strong>Servos</strong></span> <span class='ocrx_word' id='word_1_669' title='bbox 2401 4411 2489 4479; x_wconf 91' lang='lat' dir='ltr'><strong>qui</strong></span> <span class='ocrx_word' id='word_1_670' title='bbox 2525 4410 2859 4463; x_wconf 85' lang='lat' dir='ltr'><strong>dominorum</strong></span> <span class='ocrx_word' id='word_1_671' title='bbox 2891 4410 3047 4477; x_wconf 79' lang='lat' dir='ltr'><strong>jussu</strong></span> <span class='ocrx_word' id='word_1_672' title='bbox 3077 4423 3139 4462; x_wconf 80' lang='lat' dir='ltr'><strong>ac</strong></span> <span class='ocrx_word' id='word_1_673' title='bbox 3193 4409 3354 4463; x_wconf 88' lang='lat' dir='ltr'><strong>minis</strong></span> <span class='ocrx_word' id='word_1_674' title='bbox 3379 4424 3470 4463; x_wconf 83' lang='lat' dir='ltr'><strong>sa-</strong></span> 
     </span>
    </p>
   </div>
   <div class='ocr_carea' id='block_1_93' title="bbox 1927 4497 3471 4570">
    <p class='ocr_par' dir='ltr' id='par_1_93' title="bbox 1927 4497 3471 4570">
     <span class='ocr_line' id='line_1_93' title="bbox 1927 4497 3471 4570; baseline -0.005 -13"><span class='ocrx_word' id='word_1_675' title='bbox 1927 4505 2257 4566; x_wconf 79' lang='lat' dir='ltr'><strong>criﬁcarunt,</strong></span> <span class='ocrx_word' id='word_1_676' title='bbox 2284 4517 2424 4554; x_wconf 89' lang='lat' dir='ltr'><strong>anno</strong></span> <span class='ocrx_word' id='word_1_677' title='bbox 2449 4500 2601 4570; x_wconf 88' lang='lat' dir='ltr'><strong>punit</strong></span> <span class='ocrx_word' id='word_1_678' title='bbox 2630 4500 2716 4552; x_wconf 76' lang='lat' dir='ltr'><strong>hic</strong></span> <span class='ocrx_word' id='word_1_679' title='bbox 2747 4498 2905 4551; x_wconf 83' lang='lat' dir='ltr'><strong>Pater</strong></span> <span class='ocrx_word' id='word_1_680' title='bbox 2939 4516 2952 4550; x_wconf 91' lang='lat'>:</span> <span class='ocrx_word' id='word_1_681' title='bbox 2992 4504 3048 4549; x_wconf 91' lang='lat' dir='ltr'><strong>ut</strong></span> <span class='ocrx_word' id='word_1_682' title='bbox 3084 4497 3174 4565; x_wconf 85' lang='lat' dir='ltr'><strong>qui</strong></span> <span class='ocrx_word' id='word_1_683' title='bbox 3199 4498 3341 4550; x_wconf 87' lang='lat' dir='ltr'><strong>enim</strong></span> <span class='ocrx_word' id='word_1_684' title='bbox 3368 4497 3471 4550; x_wconf 87' lang='lat' dir='ltr'><strong>do-</strong></span> 
     </span>
    </p>
   </div>
   <div class='ocr_carea' id='block_1_94' title="bbox 1928 4588 3471 4660">
    <p class='ocr_par' dir='ltr' id='par_1_94' title="bbox 1928 4588 3471 4660">
     <span class='ocr_line' id='line_1_94' title="bbox 1928 4588 3471 4660; baseline -0.003 -15"><span class='ocrx_word' id='word_1_685' title='bbox 1928 4593 2073 4645; x_wconf 91' lang='lat' dir='ltr'><strong>mino</strong></span> <span class='ocrx_word' id='word_1_686' title='bbox 2103 4590 2399 4660; x_wconf 81' lang='lat' dir='ltr'><strong>paruerint,</strong></span> <span class='ocrx_word' id='word_1_687' title='bbox 2433 4589 2682 4656; x_wconf 55' lang='lat' dir='ltr'><strong>ignoscit.</strong></span> <span class='ocrx_word' id='word_1_688' title='bbox 2731 4596 2781 4641; x_wconf 86' lang='lat' dir='ltr'><strong>et</strong></span> <span class='ocrx_word' id='word_1_689' title='bbox 2827 4602 2987 4656; x_wconf 81' lang='lat' dir='ltr'><strong>grave</strong></span> <span class='ocrx_word' id='word_1_690' title='bbox 3011 4588 3331 4655; x_wconf 73' lang='lat' dir='ltr'><strong>supplicium</strong></span> <span class='ocrx_word' id='word_1_691' title='bbox 3363 4602 3471 4641; x_wconf 84' lang='lat' dir='ltr'><strong>non</strong></span> 
     </span>
    </p>
   </div>
   <div class='ocr_carea' id='block_1_95' title="bbox 271 4674 1825 4754">
    <p class='ocr_par' dir='ltr' id='par_1_95' title="bbox 271 4683 1824 4754">
     <span class='ocr_line' id='line_1_95' title="bbox 271 4683 1824 4754; baseline 0.003 -20"><span class='ocrx_word' id='word_1_692' title='bbox 271 4685 662 4751; x_wconf 85' lang='grc' dir='ltr'>συγγνωμονεῖ,</span> <span class='ocrx_word' id='word_1_693' title='bbox 686 4683 777 4736; x_wconf 81' lang='grc' dir='ltr'><strong>καὶ</strong></span> <span class='ocrx_word' id='word_1_694' title='bbox 807 4684 1022 4754; x_wconf 87' lang='grc' dir='ltr'>βαρεῖαν</span> <span class='ocrx_word' id='word_1_695' title='bbox 1058 4687 1157 4738; x_wconf 82' lang='grc' dir='ltr'>οὐκ</span> <span class='ocrx_word' id='word_1_696' title='bbox 1178 4687 1368 4752; x_wconf 84' lang='grc' dir='ltr'>ἐπάγει</span> <span class='ocrx_word' id='word_1_697' title='bbox 1393 4687 1604 4739; x_wconf 83' lang='grc' dir='ltr'>κόλασιν</span> <span class='ocrx_word' id='word_1_698' title='bbox 1624 4704 1636 4716; x_wconf 91' lang='grc'>·</span> <span class='ocrx_word' id='word_1_699' title='bbox 1668 4688 1743 4750; x_wconf 82' lang='grc' dir='ltr'>ὡς</span> <span class='ocrx_word' id='word_1_700' title='bbox 1767 4688 1824 4739; x_wconf 80' lang='grc' dir='ltr'><strong>δὲ</strong></span> 
     </span>
    </p>
   </div>
   <div class='ocr_carea' id='block_1_96' title="bbox 1919 4674 3473 4754">
    <p class='ocr_par' dir='ltr' id='par_1_96' title="bbox 1930 4674 3473 4748">
     <span class='ocr_line' id='line_1_96' title="bbox 1930 4674 3473 4748; baseline -0.006 -13"><span class='ocrx_word' id='word_1_701' title='bbox 1930 4679 2117 4748; x_wconf 77' lang='lat' dir='ltr'><strong>inﬂigit</strong></span> <span class='ocrx_word' id='word_1_702' title='bbox 2148 4698 2162 4733; x_wconf 88' lang='lat'><strong>:</strong></span> <span class='ocrx_word' id='word_1_703' title='bbox 2196 4686 2254 4732; x_wconf 87' lang='lat' dir='ltr'><strong>ut</strong></span> <span class='ocrx_word' id='word_1_704' title='bbox 2288 4680 2376 4744; x_wconf 82' lang='lat' dir='ltr'><strong>qui</strong></span> <span class='ocrx_word' id='word_1_705' title='bbox 2408 4685 2584 4731; x_wconf 88' lang='lat' dir='ltr'><strong>autem</strong></span> <span class='ocrx_word' id='word_1_706' title='bbox 2631 4677 2741 4730; x_wconf 89' lang='lat' dir='ltr'><strong>sint</strong></span> <span class='ocrx_word' id='word_1_707' title='bbox 2762 4680 2932 4744; x_wconf 78' lang='lat' dir='ltr'><strong>magis</strong></span> <span class='ocrx_word' id='word_1_708' title='bbox 2966 4674 3169 4728; x_wconf 84' lang='lat' dir='ltr'><strong>Christi</strong></span> <span class='ocrx_word' id='word_1_709' title='bbox 3224 4674 3385 4735; x_wconf 87' lang='lat' dir='ltr'><strong>servi,</strong></span> <span class='ocrx_word' id='word_1_710' title='bbox 3418 4684 3473 4727; x_wconf 87' lang='lat' dir='ltr'><strong>et</strong></span> 
     </span>
    </p>
   </div>
   <div class='ocr_carea' id='block_1_97' title="bbox 268 4770 1819 4843">
    <p class='ocr_par' dir='ltr' id='par_1_97' title="bbox 268 4770 1819 4843">
     <span class='ocr_line' id='line_1_97' title="bbox 268 4770 1819 4843; baseline 0.003 -20"><span class='ocrx_word' id='word_1_711' title='bbox 268 4770 473 4833; x_wconf 78' lang='grc' dir='ltr'>δούλοις</span> <span class='ocrx_word' id='word_1_712' title='bbox 489 4772 719 4841; x_wconf 85' lang='grc' dir='ltr'>Χριστοῦ</span> <span class='ocrx_word' id='word_1_713' title='bbox 738 4772 933 4842; x_wconf 77' lang='grc' dir='ltr'>μᾶλλον</span> <span class='ocrx_word' id='word_1_714' title='bbox 952 4770 1085 4837; x_wconf 79' lang='grc' dir='ltr'>οὖσι,</span> <span class='ocrx_word' id='word_1_715' title='bbox 1106 4776 1348 4827; x_wconf 83' lang='grc' dir='ltr'>κάκεῖνον</span> <span class='ocrx_word' id='word_1_716' title='bbox 1370 4775 1528 4827; x_wconf 83' lang='grc' dir='ltr'>πλέον</span> <span class='ocrx_word' id='word_1_717' title='bbox 1547 4776 1819 4843; x_wconf 79' lang='grc' dir='ltr'>φοϐεῖσθαι</span> 
     </span>
    </p>
   </div>
   <div class='ocr_carea' id='block_1_98' title="bbox 268 4859 1819 4934">
    <p class='ocr_par' dir='ltr' id='par_1_98' title="bbox 268 4859 1819 4934">
     <span class='ocr_line' id='line_1_98' title="bbox 268 4859 1819 4934; baseline 0.004 -23"><span class='ocrx_word' id='word_1_718' title='bbox 268 4859 560 4928; x_wconf 67' lang='grc' dir='ltr'>ὀφείλουσι,</span> <span class='ocrx_word' id='word_1_719' title='bbox 575 4862 805 4929; x_wconf 82' lang='grc' dir='ltr'>μετρίως</span> <span class='ocrx_word' id='word_1_720' title='bbox 821 4864 1061 4933; x_wconf 80' lang='grc' dir='ltr'>ἐπιτιμᾷ.</span> <span class='ocrx_word' id='word_1_721' title='bbox 1081 4865 1366 4929; x_wconf 79' lang='grc' dir='ltr'>Ἕκαστος</span> <span class='ocrx_word' id='word_1_722' title='bbox 1383 4864 1511 4931; x_wconf 73' lang='grc' dir='ltr'>γὰρ,</span> <span class='ocrx_word' id='word_1_723' title='bbox 1530 4866 1659 4934; x_wconf 76' lang='grc' dir='ltr'>φησὶ</span> <span class='ocrx_word' id='word_1_724' title='bbox 1681 4866 1819 4918; x_wconf 78' lang='grc' dir='ltr'>κατὰ</span> 
     </span>
    </p>
   </div>
   <div class='ocr_carea' id='block_1_99' title="bbox 267 4949 1821 5021">
    <p class='ocr_par' dir='ltr' id='par_1_99' title="bbox 267 4949 1821 5021">
     <span class='ocr_line' id='line_1_99' title="bbox 267 4949 1821 5021; baseline 0.003 -18"><span class='ocrx_word' id='word_1_725' title='bbox 267 4950 359 5003; x_wconf 74' lang='grc' dir='ltr'><strong>τὸν</strong></span> <span class='ocrx_word' id='word_1_726' title='bbox 381 4949 553 5019; x_wconf 83' lang='grc' dir='ltr'>μέγαν</span> <span class='ocrx_word' id='word_1_727' title='bbox 579 4952 805 5013; x_wconf 82' lang='grc' dir='ltr'>Παῦλον,</span> <span class='ocrx_word' id='word_1_728' title='bbox 840 4952 871 5005; x_wconf 79' lang='grc' dir='ltr'><strong>ὃ</strong></span> <span class='ocrx_word' id='word_1_729' title='bbox 896 4951 1003 5004; x_wconf 83' lang='grc' dir='ltr'><strong>ἐὰν</strong></span> <span class='ocrx_word' id='word_1_730' title='bbox 1025 4952 1248 5021; x_wconf 74' lang='grc' dir='ltr'>ποιήσῃ</span> <span class='ocrx_word' id='word_1_731' title='bbox 1272 4955 1511 5016; x_wconf 65' lang='grc' dir='ltr'>ἀγαθὸν,</span> <span class='ocrx_word' id='word_1_732' title='bbox 1543 4955 1821 5021; x_wconf 80' lang='grc' dir='ltr'>κομιεῖται</span> 
     </span>
    </p>
   </div>
   <div class='ocr_carea' id='block_1_100' title="bbox 265 5039 1817 5110">
    <p class='ocr_par' dir='ltr' id='par_1_100' title="bbox 265 5039 1817 5110">
     <span class='ocr_line' id='line_1_100' title="bbox 265 5039 1817 5110; baseline 0.001 -17"><span class='ocrx_word' id='word_1_733' title='bbox 265 5039 445 5093; x_wconf 78' lang='grc' dir='ltr'>τοῦτο</span> <span class='ocrx_word' id='word_1_734' title='bbox 472 5043 627 5107; x_wconf 77' lang='grc' dir='ltr'>παρὰ</span> <span class='ocrx_word' id='word_1_735' title='bbox 660 5041 897 5107; x_wconf 85' lang='grc' dir='ltr'>Κυρίου,</span> <span class='ocrx_word' id='word_1_736' title='bbox 924 5042 1041 5094; x_wconf 69' lang='lat' dir='ltr'><strong>alte</strong></span> <span class='ocrx_word' id='word_1_737' title='bbox 1074 5042 1291 5106; x_wconf 72' lang='grc' dir='ltr'>δοῦλος</span> <span class='ocrx_word' id='word_1_738' title='bbox 1326 5044 1444 5095; x_wconf 81' lang='grc' dir='ltr'>εἶτε</span> <span class='ocrx_word' id='word_1_739' title='bbox 1490 5042 1817 5110; x_wconf 72' lang='grc' dir='ltr'>ἐλεύθερος.</span> 
     </span>
    </p>
   </div>
   <div class='ocr_carea' id='block_1_101' title="bbox 338 5128 1820 5200">
    <p class='ocr_par' dir='ltr' id='par_1_101' title="bbox 338 5128 1820 5200">
     <span class='ocr_line' id='line_1_101' title="bbox 338 5128 1820 5200; baseline 0.002 -19"><span class='ocrx_word' id='word_1_740' title='bbox 338 5128 580 5183; x_wconf 79' lang='grc' dir='ltr'><strong>ΖΩΝΑΡ.</strong></span> <span class='ocrx_word' id='word_1_741' title='bbox 621 5128 772 5193; x_wconf 81' lang='grc' dir='ltr'>Τινὲς</span> <span class='ocrx_word' id='word_1_742' title='bbox 802 5131 1017 5193; x_wconf 79' lang='grc' dir='ltr'>δούλους</span> <span class='ocrx_word' id='word_1_743' title='bbox 1047 5132 1277 5194; x_wconf 82' lang='grc' dir='ltr'>οἰκείους</span> <span class='ocrx_word' id='word_1_744' title='bbox 1313 5133 1664 5200; x_wconf 74' lang='grc' dir='ltr'>Χριστιανοὺς</span> <span class='ocrx_word' id='word_1_745' title='bbox 1706 5132 1820 5185; x_wconf 82' lang='grc' dir='ltr'>ἀνθ’</span> 
     </span>
    </p>
   </div>
   <div class='ocr_carea' id='block_1_102' title="bbox 267 5217 1821 5293">
    <p class='ocr_par' dir='ltr' id='par_1_102' title="bbox 267 5217 1821 5293">
     <span class='ocr_line' id='line_1_102' title="bbox 267 5217 1821 5293; baseline 0.001 -21"><span class='ocrx_word' id='word_1_746' title='bbox 267 5217 474 5272; x_wconf 71' lang='grc' dir='ltr'>ἑαυτῶν</span> <span class='ocrx_word' id='word_1_747' title='bbox 499 5220 596 5270; x_wconf 70' lang='grc' dir='ltr'><strong>καὶ</strong></span> <span class='ocrx_word' id='word_1_748' title='bbox 619 5220 854 5274; x_wconf 78' lang='grc' dir='ltr'>ἀκόντων</span> <span class='ocrx_word' id='word_1_749' title='bbox 871 5221 934 5293; x_wconf 63' lang='grc' dir='ltr'><strong>[Γ.</strong></span> <span class='ocrx_word' id='word_1_750' title='bbox 950 5221 1197 5293; x_wconf 81' lang='grc' dir='ltr'>ἄκοντας]</span> <span class='ocrx_word' id='word_1_751' title='bbox 1212 5222 1475 5274; x_wconf 78' lang='grc' dir='ltr'>ὑπέϐαλον</span> <span class='ocrx_word' id='word_1_752' title='bbox 1502 5222 1664 5275; x_wconf 86' lang='grc' dir='ltr'>θύειν.</span> <span class='ocrx_word' id='word_1_753' title='bbox 1689 5223 1821 5285; x_wconf 73' lang='grc' dir='ltr'>Τοὺς</span> 
     </span>
    </p>
   </div>
   <div class='ocr_carea' id='block_1_103' title="bbox 336 5365 763 5437">
    <p class='ocr_par' dir='ltr' id='par_1_103' title="bbox 336 5365 763 5437">
     <span class='ocr_line' id='line_1_103' title="bbox 336 5365 763 5437; baseline 0.009 -17"><span class='ocrx_word' id='word_1_754' title='bbox 336 5379 365 5408; x_wconf 78' lang='grc' dir='ltr'>ι</span> <span class='ocrx_word' id='word_1_755' title='bbox 392 5365 581 5437; x_wconf 80' lang='lat' dir='ltr'><strong>Ephes.</strong></span> <span class='ocrx_word' id='word_1_756' title='bbox 606 5384 681 5432; x_wconf 68' lang='grc' dir='ltr'><strong>τι,</strong></span> <span class='ocrx_word' id='word_1_757' title='bbox 711 5369 763 5425; x_wconf 91' lang='lat'><strong>8.</strong></span> 
     </span>
    </p>
   </div>
   <div class='ocr_carea' id='block_1_104' title="bbox 1926 4764 3474 4836">
    <p class='ocr_par' dir='ltr' id='par_1_104' title="bbox 1926 4764 3474 4836">
     <span class='ocr_line' id='line_1_104' title="bbox 1926 4764 3474 4836; baseline -0.007 -10"><span class='ocrx_word' id='word_1_758' title='bbox 1926 4787 2047 4826; x_wconf 87' lang='lat' dir='ltr'><strong>eum</strong></span> <span class='ocrx_word' id='word_1_759' title='bbox 2072 4770 2268 4824; x_wconf 77' lang='lat' dir='ltr'><strong>debent</strong></span> <span class='ocrx_word' id='word_1_760' title='bbox 2295 4770 2465 4836; x_wconf 77' lang='lat' dir='ltr'><strong>magis</strong></span> <span class='ocrx_word' id='word_1_761' title='bbox 2492 4778 2752 4828; x_wconf 88' lang='lat' dir='ltr'><strong>metuere,</strong></span> <span class='ocrx_word' id='word_1_762' title='bbox 2778 4766 3098 4820; x_wconf 82' lang='lat' dir='ltr'><strong>mediocrem</strong></span> <span class='ocrx_word' id='word_1_763' title='bbox 3130 4779 3341 4833; x_wconf 76' lang='lat' dir='ltr'><strong>pcnuam</strong></span> <span class='ocrx_word' id='word_1_764' title='bbox 3378 4764 3474 4815; x_wconf 85' lang='lat' dir='ltr'><strong>im-</strong></span> 
     </span>
    </p>
   </div>
   <div class='ocr_carea' id='block_1_105' title="bbox 1919 4855 3471 4929">
    <p class='ocr_par' dir='ltr' id='par_1_105' title="bbox 1919 4855 3471 4929">
     <span class='ocr_line' id='line_1_105' title="bbox 1919 4855 3471 4929; baseline -0.006 -17"><span class='ocrx_word' id='word_1_765' title='bbox 1919 4862 2087 4929; x_wconf 91' lang='lat' dir='ltr'><strong>ponit.</strong></span> <span class='ocrx_word' id='word_1_766' title='bbox 2125 4858 2481 4926; x_wconf 73' lang='lat' dir='ltr'><strong>Unusquisque</strong></span> <span class='ocrx_word' id='word_1_767' title='bbox 2494 4858 2651 4917; x_wconf 82' lang='lat' dir='ltr'><strong>enim,</strong></span> <span class='ocrx_word' id='word_1_768' title='bbox 2677 4855 2873 4924; x_wconf 90' lang='lat' dir='ltr'><strong>inquit,</strong></span> <span class='ocrx_word' id='word_1_769' title='bbox 2902 4855 3197 4908; x_wconf 83' lang='lat' dir='ltr'><strong>secundum</strong></span> <span class='ocrx_word' id='word_1_770' title='bbox 3222 4867 3471 4920; x_wconf 73' lang='lat' dir='ltr'><strong>magnum</strong></span> 
     </span>
    </p>
   </div>
   <div class='ocr_carea' id='block_1_106' title="bbox 1922 4941 3473 5016">
    <p class='ocr_par' dir='ltr' id='par_1_106' title="bbox 1922 4941 3473 5016">
     <span class='ocr_line' id='line_1_106' title="bbox 1922 4941 3473 5016; baseline -0.005 -14"><span class='ocrx_word' id='word_1_771' title='bbox 1922 4948 2168 5008; x_wconf 83' lang='lat' dir='ltr'><strong>Paulum,</strong></span> <span class='ocrx_word' id='word_1_772' title='bbox 2198 4948 2329 5016; x_wconf 71' lang='lat' dir='ltr'><strong>quod</strong></span> <span class='ocrx_word' id='word_1_773' title='bbox 2356 4947 2528 5014; x_wconf 68' lang='lat' dir='ltr'><strong>fecerit</strong></span> <span class='ocrx_word' id='word_1_774' title='bbox 2559 4946 2746 4998; x_wconf 79' lang='lat' dir='ltr'><strong>bonum</strong></span> <span class='ocrx_word' id='word_1_775' title='bbox 2774 4961 2807 4996; x_wconf 90' lang='lat' dir='ltr'><strong><em>a</em></strong></span> <span class='ocrx_word' id='word_1_776' title='bbox 2837 4943 3058 4996; x_wconf 82' lang='lat' dir='ltr'><strong>Domino</strong></span> <span class='ocrx_word' id='word_1_777' title='bbox 3110 4941 3337 5009; x_wconf 72' lang='lat' dir='ltr'><strong>recipiet,</strong></span> <span class='ocrx_word' id='word_1_778' title='bbox 3368 4944 3473 4995; x_wconf 70' lang='lat' dir='ltr'><strong>sive</strong></span> 
     </span>
    </p>
   </div>
   <div class='ocr_carea' id='block_1_107' title="bbox 1926 5038 2389 5094">
    <p class='ocr_par' dir='ltr' id='par_1_107' title="bbox 1926 5038 2389 5094">
     <span class='ocr_line' id='line_1_107' title="bbox 1926 5038 2389 5094; baseline -0.011 0"><span class='ocrx_word' id='word_1_779' title='bbox 1926 5056 2097 5094; x_wconf 81' lang='lat' dir='ltr'><strong>servus</strong></span> <span class='ocrx_word' id='word_1_780' title='bbox 2116 5040 2217 5091; x_wconf 81' lang='lat' dir='ltr'><strong>sive</strong></span> <span class='ocrx_word' id='word_1_781' title='bbox 2244 5038 2389 5090; x_wconf 80' lang='lat' dir='ltr'><strong>liber.</strong></span> 
     </span>
    </p>
   </div>
   <div class='ocr_carea' id='block_1_108' title="bbox 1995 5121 3475 5186">
    <p class='ocr_par' dir='ltr' id='par_1_108' title="bbox 1995 5121 3475 5186">
     <span class='ocr_line' id='line_1_108' title="bbox 1995 5121 3475 5186; baseline -0.007 -5"><span class='ocrx_word' id='word_1_782' title='bbox 1995 5128 2199 5181; x_wconf 61' lang='lat' dir='ltr'><strong>ZONML</strong></span> <span class='ocrx_word' id='word_1_783' title='bbox 2225 5125 2478 5181; x_wconf 82' lang='lat' dir='ltr'><strong>Nonnulli</strong></span> <span class='ocrx_word' id='word_1_784' title='bbox 2514 5140 2700 5179; x_wconf 86' lang='lat' dir='ltr'><strong>servos</strong></span> <span class='ocrx_word' id='word_1_785' title='bbox 2733 5138 2863 5178; x_wconf 86' lang='lat' dir='ltr'><strong>suos</strong></span> <span class='ocrx_word' id='word_1_786' title='bbox 2901 5121 3264 5181; x_wconf 85' lang='lat' dir='ltr'><strong>Christianos,</strong></span> <span class='ocrx_word' id='word_1_787' title='bbox 3296 5132 3392 5186; x_wconf 84' lang='lat' dir='ltr'><strong>pro</strong></span> <span class='ocrx_word' id='word_1_788' title='bbox 3416 5131 3475 5171; x_wconf 89' lang='lat' dir='ltr'><strong>se</strong></span> 
     </span>
    </p>
   </div>
   <div class='ocr_carea' id='block_1_109' title="bbox 1926 5208 3472 5289">
    <p class='ocr_par' dir='ltr' id='par_1_109' title="bbox 1926 5208 3472 5289">
     <span class='ocr_line' id='line_1_109' title="bbox 1926 5208 3472 5289; baseline -0.01 -15"><span class='ocrx_word' id='word_1_789' title='bbox 1926 5220 2095 5289; x_wconf 87' lang='lat' dir='ltr'><strong>ipsis,</strong></span> <span class='ocrx_word' id='word_1_790' title='bbox 2148 5219 2309 5272; x_wconf 87' lang='lat' dir='ltr'><strong>etiam</strong></span> <span class='ocrx_word' id='word_1_791' title='bbox 2357 5216 2554 5269; x_wconf 84' lang='lat' dir='ltr'><strong>invitos</strong></span> <span class='ocrx_word' id='word_1_792' title='bbox 2599 5214 2666 5267; x_wconf 87' lang='lat' dir='ltr'><strong>ad</strong></span> <span class='ocrx_word' id='word_1_793' title='bbox 2727 5210 3107 5265; x_wconf 82' lang='lat' dir='ltr'><strong>immolandum</strong></span> <span class='ocrx_word' id='word_1_794' title='bbox 3153 5208 3472 5263; x_wconf 84' lang='lat' dir='ltr'><strong>submisere.</strong></span> 
     </span>
    </p>
   </div>
   <div class='ocr_carea' id='block_1_110' title="bbox 1590 5498 2269 5555">
    <p class='ocr_par' dir='ltr' id='par_1_110' title="bbox 1590 5498 2269 5555">
     <span class='ocr_line' id='line_1_110' title="bbox 1590 5498 2269 5555; baseline -0.004 0"><span class='ocrx_word' id='word_1_795' title='bbox 1590 5500 1818 5555; x_wconf 73' lang='lat' dir='ltr'><strong>VARle</strong></span> <span class='ocrx_word' id='word_1_796' title='bbox 1872 5498 2269 5554; x_wconf 76' lang='lat' dir='ltr'><strong>LECTiONES.</strong></span> 
     </span>
    </p>
   </div>
   <div class='ocr_carea' id='block_1_111' title="bbox 375 5661 829 5727">
    <p class='ocr_par' dir='ltr' id='par_1_111' title="bbox 375 5661 829 5727">
     <span class='ocr_line' id='line_1_111' title="bbox 375 5661 829 5727; baseline 0.009 -14"><span class='ocrx_word' id='word_1_797' title='bbox 375 5663 414 5693; x_wconf 87' lang='lat'>&quot;</span> <span class='ocrx_word' id='word_1_798' title='bbox 425 5666 438 5682; x_wconf 82' lang='lat'><strong><em>‘</em></strong></span> <span class='ocrx_word' id='word_1_799' title='bbox 473 5661 829 5727; x_wconf 76' lang='grc' dir='ltr'>ἐκκλίνοντας.</span> 
     </span>
    </p>
   </div>
   <div class='ocr_carea' id='block_1_112' title="bbox 909 5662 1837 5729">
    <p class='ocr_par' dir='ltr' id='par_1_112' title="bbox 909 5662 1837 5729">
     <span class='ocr_line' id='line_1_112' title="bbox 909 5662 1837 5729; baseline 0.001 -15"><span class='ocrx_word' id='word_1_800' title='bbox 909 5664 995 5695; x_wconf 68' lang='grc' dir='ltr'><strong>’δ”</strong></span> <span class='ocrx_word' id='word_1_801' title='bbox 1023 5664 1056 5729; x_wconf 76' lang='grc' dir='ltr'>ἣ</span> <span class='ocrx_word' id='word_1_802' title='bbox 1086 5665 1177 5715; x_wconf 73' lang='grc' dir='ltr'><strong>καὶ</strong></span> <span class='ocrx_word' id='word_1_803' title='bbox 1208 5666 1259 5716; x_wconf 85' lang='grc' dir='ltr'>εἴ</span> <span class='ocrx_word' id='word_1_804' title='bbox 1279 5680 1435 5727; x_wconf 80' lang='grc' dir='ltr'>τινες.</span> <span class='ocrx_word' id='word_1_805' title='bbox 1511 5662 1619 5696; x_wconf 72' lang='grc'><strong>⁸³··⁹</strong></span> <span class='ocrx_word' id='word_1_806' title='bbox 1645 5681 1700 5716; x_wconf 81' lang='grc' dir='ltr'><strong>τε</strong></span> <span class='ocrx_word' id='word_1_807' title='bbox 1730 5678 1837 5718; x_wconf 85' lang='lat' dir='ltr'><strong>om.</strong></span> 
     </span>
    </p>
   </div>
   <div class='ocr_carea' id='block_1_113' title="bbox 1941 5640 3173 5717">
    <p class='ocr_par' dir='ltr' id='par_1_113' title="bbox 1941 5640 3173 5717">
     <span class='ocr_line' id='line_1_113' title="bbox 1941 5640 3173 5717; baseline 0.003 -8"><span class='ocrx_word' id='word_1_808' title='bbox 1941 5664 2157 5714; x_wconf 80' lang='grc' dir='ltr'><strong>¹¹⁸⁶⁴’ἐν</strong></span> <span class='ocrx_word' id='word_1_809' title='bbox 2189 5678 2294 5717; x_wconf 91' lang='lat' dir='ltr'><strong>om.</strong></span> <span class='ocrx_word' id='word_1_810' title='bbox 2377 5640 2712 5712; x_wconf 50' lang='grc' dir='ltr'><strong>ειηίοποιφῡ.</strong></span> <span class='ocrx_word' id='word_1_811' title='bbox 2790 5662 2831 5690; x_wconf 72' lang='grc' dir='ltr'><strong>υ</strong></span> <span class='ocrx_word' id='word_1_812' title='bbox 2863 5660 3010 5714; x_wconf 75' lang='lat' dir='ltr'><strong>deest</strong></span> <span class='ocrx_word' id='word_1_813' title='bbox 3040 5653 3173 5710; x_wconf 74' lang='grc' dir='ltr'>ἐστί.</span> 
     </span>
    </p>
   </div>
  </div>
