4136 6464
271 342 377 405 489

1377 352 1457 413 ΙΝ
1495 355 1733 421 EPIST.
1775 360 1815 415 S
1883 357 2105 419 PETRI
2159 358 2377 423 ALEX.

3374 362 3479 426 (90

265 492 288 527 ι
330 475 511 543 λόγον’
540 478 625 529 ῖνα
648 475 996 547 εὐτονώτερον
1022 483 1433 551 ἀγωνισάμενοι,
1458 483 1809 547 καταξιωθῶσ

1936 500 1954 533 ι
1997 483 2088 552 qui
2117 485 2456 540 constantius
2496 484 2914 547 decertavcrint,
2947 486 3047 555 ipSI
3075 500 3288 555 quoque
3309 502 3482 553 super.

265 582 288 618 t
329 580 426 619 και
463 567 615 619 αὐτοὶ
651 568 753 620 τοῦ
778 568 1058 634 βραϐεῖον
1094 569 1200 635 τῆς
1228 572 1347 624 ἄνω
1387 572 1679 638 κλήσεως.
1718 577 1825 628 Καὶ

266 673 289 709 ε
327 656 439 726 γὰρ
472 656 732 716 ἑπτάκις.
768 659 916 727 φησὶ,
949 660 1212 713 πεσεῖται
1241 666 1273 715 ὀ
1300 662 1524 727 δίκαιος
1550 663 1646 716 καὶ
1683 666 1825 717 ανα-

267 763 290 797 (
330 749 651 810 στήσεται·
697 748 830 816 ὅπερ
869 749 915 798 εί
950 748 1043 800 καὶ
1085 750 1281 813 πάντες
1322 752 1371 802 οἱ
1414 755 1825 816 ἐκπεπτωκότες

266 855 289 888 ε
331 839 718 905 πεποιήκεσαν,
747 838 1085 908 τελειοτάτην
1118 839 1264 910 [add.
1293 839 1380 910 ἂν]
1406 842 1497 892 καὶ
1521 842 1825 913 όλοκάρδιον

266 945 288 979 ι
334 929 616 994 μετάνοιαν
647 928 993 992 ἐνεδείξαντο.
1032 948 1048 979 ›

336 1017 528 1069 ΒᾹΛΣ.
571 1020 722 1081 Τινὲς
778 1018 1251 1088 προσηγγέλθησαν
1310 1021 1401 1071 καὶ
1458 1022 1823 1092 παρεδόθησαν

257 1107 372 1166 τοῖς
402 1107 696 1176 τυράννοις.
730 1107 761 1175 ἢ
796 1107 886 1158 καὶ
913 1108 1170 1169 ἐκουσίως
1200 1110 1380 1170 αὐτοῖς
1420 1111 1641 1173 ἐαυτοὺς
1692 1129 1824 1182 παρ-

262 1194 490 1257 έδωκαν,
519 1196 836 1265 ἡττηθέντες
865 1196 920 1247 δὲ
945 1197 1046 1248 ὑπὸ
1078 1197 1184 1248 τῶν
1211 1198 1501 1259 κολάσεων,
1537 1203 1821 1253 ἐκπεπτώ-

260 1300 390 1335 κασι
418 1284 516 1352 τῆς
549 1285 875 1354 μαρτυρίας·
922 1280 1037 1337 εἶτα
1083 1288 1541 1355 μεταμεληθέντες
1574 1291 1666 1342 καὶ
1706 1292 1821 1343 ἐπιδ

258 1372 481 1440 γνόντες
516 1374 573 1425 τὸ
616 1375 848 1441 ἀγαθὸν,
893 1375 1241 1444 ὡμολόγησαν
1289 1372 1425 1429 εἶναι
1476 1379 1817 1447 Χριστιανοὶ,

258 1461 403 1512 ὥστε
437 1463 527 1513 καὶ
548 1464 625 1522 είς
655 1461 894 1530 φυλακάς
922 1461 1249 1531 ἐμϐληθῆναι
1280 1464 1370 1515 καὶ
1403 1463 1661 1531 βασάνους
1692 1468 1820 1519 ὑπο-

261 1553 473 1619 στῆναι.
511 1552 646 1613 Τοὺς
683 1551 951 1621 τοιούτους
990 1549 1079 1604 οὖν
1120 1552 1337 1620 εὔλογον
1382 1556 1555 1624 κρίνει
1606 1558 1633 1606 ὁ
1667 1557 1818 1623 ἅγιος

262 1641 402 1708 μετὰ
436 1641 695 1710 θυμηδίας
727 1641 973 1709 δέχεσθαι
1005 1644 1096 1694 καὶ
1135 1643 1519 1712 ἐπιρῤωννύειν
1559 1646 1693 1712 πρὸς
1720 1646 1815 1715 τὴν

258 1721 536 1803 ὀρθόδοξον
568 1735 762 1798 πίστιν,
797 1735 887 1787 καὶ
930 1740 1196 1787 κοινωνεῖν
1238 1738 1417 1797 αὐτοῖς
1460 1737 1515 1787 ἐν
1552 1754 1609 1787 τε
1652 1754 1815 1807 προσ-

1941 590 1959 623 ι
1997 587 2077 624 me
2136 574 2421 626 vocationis
2477 574 2658 625 brabio
2729 587 2755 612 ι
2810 574 3116 641 dignentur.
3176 573 3382 628 Etenim
3407 594 3482 629 sco

1932 679 1949 711 ι
1986 664 2139 728 pties,
2173 664 2366 731 inquit,
2393 664 2542 715 cadet
2562 664 2740 730 justus
2756 673 2803 715 et
2837 673 3066 730 resurget
3100 663 3155 729 b;
3192 663 3337 732 quod
3365 682 3481 734 qmo

1930 768 1946 799 ι
1990 752 2109 805 dein
2142 752 2186 805 si
2210 767 2397 805 omnes
2430 767 2643 820 quoque
2676 752 2813 819 lapsi
2842 750 3118 812 fecissent,
3150 754 3479 819 pcrfcetism-

1929 858 1947 887 ι
1981 855 2119 891 mam
2147 850 2197 892 et
2227 849 2336 893 toto
2367 840 2529 894 cordc
2553 848 2859 909 susceptam
2887 843 3257 909 pmnitentiain
3287 852 3475 898 osten-

1929 947 1946 977 ι
1989 928 2216 982 dissent.
2259 949 2276 979 ι

1996 1019 2150 1071 ltus.
2183 1018 2410 1082 Quidam
2434 1018 2681 1087 tyrannis
2712 1018 2875 1073 delati
2925 1028 2976 1071 et
3008 1020 3206 1088 proditi
3240 1020 3473 1085 fuerant,

1920 1109 2004 1160 vel
2061 1110 2221 1161 etiam
2268 1109 2368 1177 ipsi
2402 1109 2636 1177 seipsos
2696 1110 2803 1163 illis
2855 1118 3047 1178 Sponte
3096 1112 3475 1167 tradiderant:

1922 1196 2045 1247 victi
2071 1204 2245 1247 autem
2274 1197 2558 1248 tormentis
2578 1197 2892 1250 testimonio
2921 1197 3236 1251 exciderunt
3270 1216 3281 1250 :
3326 1199 3479 1253 dein-

1924 1293 1986 1337 de
2017 1300 2139 1336 cum
2200 1285 2516 1351 pmnitentia
2550 1285 2694 1339 ducti
2740 1293 2939 1345 essent,
2997 1296 3049 1340 et
3102 1285 3243 1356 quod
3276 1288 3473 1341 bonum

1919 1386 2021 1435 est,
2052 1375 2417 1443 agnovissent,
2446 1390 2502 1427 se
2524 1390 2644 1428 esse
2673 1375 3015 1430 Christianos
3039 1377 3276 1431 confessi
3309 1386 3470 1443 sunt;

1920 1463 2053 1515 adeo
2083 1472 2139 1515 ut
2194 1463 2245 1515 in
2277 1464 2579 1516 custodiam
2639 1465 2897 1532 conjecti,
2962 1475 3225 1520 tormenta
3260 1484 3473 1537 quoque

1920 1550 2297 1605 sustinuerint.
2324 1551 2429 1605 Eos
2465 1567 2593 1619 ergo
2629 1567 2843 1621 mquum
2888 1564 3071 1607 censet
3114 1565 3334 1608 sanctus
3376 1557 3467 1609 la:-

1919 1640 2054 1693 tanti
2089 1641 2268 1693 animo
2320 1640 2616 1707 suscipere,
2677 1651 2729 1694 et
2790 1642 2855 1693 ad
2909 1641 3063 1695 fidem
3116 1644 3469 1699 orthodoxam

1918 1728 2258 1790 confirmare,
2294 1736 2346 1781 et
2380 1730 2459 1782 eis
2522 1731 2924 1783 communicare
2955 1740 3009 1783 ct
3052 1732 3105 1784 in
3132 1734 3471 1787 orationibus

259 1825 445 1890 ευχαῖς
478 1823 568 1873 καὶ
608 1825 674 1891 τῇ
707 1823 1001 1891 μεταλήψει
1046 1824 1149 1874 τῶν
1182 1823 1551 1890 ἁγιασμάτων,
1588 1826 1679 1875 καὶ
1727 1824 1811 1875 διὰ

1921 1826 1972 1868 et
2003 1826 2466 1871 sacramentorum
2494 1817 2924 1885 participatione,
2967 1818 3250 1886 verbisque
3280 1818 3471 1872 adnar-

259 1909 418 1977 λόγου
451 1913 810 1979 παρακαλεῖν,
843 1913 926 1963 ἴνα
973 1914 1102 1981 πρὸς
1136 1913 1224 1964 τὸν
1255 1912 1437 1978 ἀγῶνα
1471 1913 1811 1984 εὐτονώτεροι

261 2001 560 2063 γένωνται,
607 2002 697 2051 καὶ
740 2000 1108 2063 καταξιωθῶσι
1152 2004 1248 2069 τῆς
1298 2002 1615 2070 ἐπουρανίου
1660 2002 1812 2069 βασι-

258 2089 428 2149 λείας.
461 2091 575 2143 Ἵνα
603 2090 656 2142 δέ
689 2090 781 2159 μὴ.
811 2090 940 2141 διότι
970 2090 1303 2153 πεπτώκασι,
1330 2091 1649 2161 νομίξωνταί
1676 2109 1812 2143 τισιν

260 2179 492 2239 ἄδεκτοι,
529 2177 718 2243 ἐπάγει
748 2178 839 2228 καὶ
880 2177 1179 2246 μαρτυρίαν
1206 2179 1311 2229 άπὸ
1338 2180 1435 2246 τῆς
1470 2179 1705 2249 Γραφῆς,
1731 2180 1808 2230 to"

270 2264 565 2329 'Exrdxzc,
594 2266 709 2317 ἀντὶ
747 2266 861 2325 τοῦ,
898 2264 1169 2327 πολλάκις,
1204 2269 1462 2321 πεσεῖται
1498 2271 1529 2320 ὀ
1566 2267 1808 2331 δίκαιος,

261 2355 363 2405 καὶ
399 2354 819 2415 ἀναστήσεται.
849 2354 1017 2405 Τοῦτο
1046 2353 1131 2414 δέ,
1179 2356 1338 2423 φησὶν
1358 2394 1370 2416 ,
1402 2359 1448 2407 εί
1497 2357 1588 2408 καὶ
1624 2357 1810 2418 πάντες

259 2444 311 2493 οῖ
340 2444 436 2510 τῆς
463 2443 745 2510 ὁμολογίας
777 2444 1185 2507 ἐκπεπτωκότες
1210 2447 1487 2514 ἐποίησαν,
1517 2447 1575 2496 τὸ
1604 2448 1811 2497 άναπαυ

259 2529 442 2584 λαῖσαι
466 2534 561 2600 τὴν
594 2532 815 2593 πτῶσιν,
847 2534 937 2583 καὶ
966 2532 1189 2585 ἐνώπιον
1232 2534 1337 2584 τῶν
1380 2536 1651 2607 τυράννων
1681 2536 1813 2604 Χρι-

260 2622 507 2683 στιανοὺς
536 2622 860 2690 ὁμολογῆσαι
894 2622 1133 2685 ἑαυτοὺς,
1176 2622 1497 2686 ἐνεδείξαντο
1523 2622 1588 2674 ἂν
1610 2622 1809 2674 τελειο-

257 2710 429 2779 τάτην
459 2712 757 2778 μετάνοιαν.
791 2711 1026 2781 Διαφορὰ
1056 2710 1184 2777 γοῦν
1208 2713 1318 2762 ἐστι
1351 2712 1455 2762 τῶν
1479 2712 1536 2762 ἐν
1562 2710 1637 2779 τῷ
1670 2730 1809 2782 παρ-

257 2801 372 2853 όντι
423 2802 607 2853 κανόνι
663 2802 1050 2871 διειλημμένων
1102 2803 1193 2853 καὶ
1239 2801 1345 2852 τῶν
1388 2804 1443 2854 ἐν
1486 2802 1560 2870 τῷ
1614 2802 1810 2872 πρώτῳ

258 2892 445 2945 κανόνι
478 2892 873 2963 περιεχομένων
917 2892 1050 2961 αὕτη
1072 2933 1086 2954 ,
1130 2893 1205 2943 ὃτι
1240 2894 1351 2943 ἐκεῖ
1378 2892 1471 2959 μέν
1509 2894 1555 2942 οἱ
1596 2892 1682 2943 διὰ
1712 2892 1809 2954 τὰς

260 2979 525 3048 βασάνους
570 2978 976 3040 ἐκπεπτωκότες
1022 2980 1079 3030 ού
1116 2980 1557 3046 μετεστράφησαν
1585 2978 1810 3032 ἐνώπιον

255 3068 369 3122 τῶν
402 3070 675 3139 τυράννων
721 3071 797 3131 είς
832 3069 926 3138 τὴν
959 3068 1240 3137 ὁμολογίαν
1290 3068 1388 3135 τῆς
1420 3069 1683 3129 πίστεως⁶
1722 3071 1807 3121 ἐν·
1834 3106 1876 3163 C

255 3158 432 3212 ταῦθα
464 3159 519 3211 δέ
556 3162 603 3211 οἱ
650 3158 1054 3219 ἐκπεπτωκότες
1094 3158 1180 3209 διὰ
1210 3157 1488 3225 βασάνους,
1519 3159 1578 3221 ἐξ
1604 3159 1804 3222 ἀγαθοῦ

260 3248 564 3320 μεταμέλου
610 3249 701 3299 ἐπὶ
731 3247 836 3299 τῶν
868 3248 1137 3316 τυράννων
1178 3248 1267 3299 τὸν
1300 3246 1497 3316 Κύριον
1534 3249 1792 3319 ὡμολόγη·

258 3353 378 3399 σαν,
408 3338 500 3389 καὶ
530 3336 615 3389 διά
642 3337 795 3388 τοῦτο
827 3336 945 3388 οὐδὲ
982 3335 1279 3419 λογίζονται
1311 3338 1581 3389 ἐκπεσεῖν.

329 3448 566 3499 ΖΩΝΑΡ.
607 3447 673 3500 E't'
709 3463 848 3508 τινες
878 3447 953 3510 δὲ,
995 3447 1144 3515 φησὶ,
1191 3445 1668 3516 προσηγγέλθησαν
1716 3445 1805 3497 καὶ

252 3535 625 3607 παρεδόθησαν
649 3538 760 3597 τοῖς
794 3531 1160 3605 τυραννοῦσιν,
1184 3531 1215 3603 ἢ
1245 3536 1393 3586 αὐτοὶ
1423 3533 1643 3596 ἑαυτοὺς
1666 3550 1804 3602 παρ-

254 3622 459 3679 έδωκαν
480 3663 494 3687 ,
548 3624 640 3677 καὶ
668 3622 1047 3676 ἐκπεπτώκασι
1075 3625 1170 3693 τῆς
1204 3624 1519 3693 μαρτυρίας,
1552 3622 1805 3692 ἡττηθέν-

249 3730 344 3778 τες
380 3715 486 3769 τῶν
544 3714 811 3767 κολάσεων
834 3752 847 3777 ,
904 3715 995 3766 καὶ
1045 3713 1117 3784 μὴ
1146 3713 1397 3784 φέροντες
1443 3713 1540 3775 τὰς
1583 3713 1640 3764 ἐν
1689 3709 1805 3775 ταῖς

222 3804 519 3874 ’φυλακαῖς
559 3804 849 3872 κακουχίας
888 3804 979 3855 καὶ
1020 3803 1117 3865 τὰς
1148 3802 1428 3870 βασάνους,
1458 3798 1572 3853 εἷτα
1602 3802 1802 3854 ἀνεπά-

230 3895 441 3953 ,λαισαν
466 3894 564 3965 τὴν
598 3893 821 3955 πτῶσιν,
858 3893 950 3945 καὶ
990 3891 1343 3961 ὡμολόγησαν
1386 3887 1521 3943 εἶναι
1552 3892 1804 3959 Χριστια-

246 3985 350 4049 νοὶ,
392 3981 531 4037 ὥστε
563 3983 656 4036 καὶ
682 3985 759 4045 είς
789 3981 1030 4049 φυλακὰς
1060 3980 1390 4049 ἐμϐληθῆναι
1419 3981 1510 4033 καὶ
1544 3980 1802 4049 βασάνους

246 4072 572 4137 ὑποστῆναι’
622 4069 745 4135 τοὺς
800 4070 1067 4133 τοιούτους
1115 4069 1331 4137 εὔλογον
1382 4070 1552 4140 κρίνει
1583 4073 1611 4123 ὁ
1653 4072 1801 4137 ἅγιος

248 4160 391 4229 μετά
429 4158 691 4231 θυμηδίας
731 4158 1010 4228 δέχεσθαι,
1058 4158 1150 4209 καὶ
1182 4153 1487 4225 ἐπισχύειν,
1538 4158 1655 4210 ἀντὶ
1683 4158 1797 4223 τοῦ,

241 4248 654 4321 ἐπιρῥωννύειν,
688 4246 1011 4317 ἐνδυναμοῢν
1058 4247 1150 4299 καὶ
1195 4247 1627 4319 παραθαρρύνειν
1668 4251 1800 4320 πρὸς

241 4338 343 4409 τὴν
368 4338 650 4409 ὁμολογίαν
670 4355 683 4367 ·
724 4337 816 4390 καὶ
846 4338 1115 4389 κοινωνεῖν
1154 4338 1333 4399 αὐτοῖς
1358 4339 1413 4389 ἐν
1445 4340 1623 4403 πᾶσιν,
1657 4340 1712 4391 ἐν
1739 4357 1797 4391 τε

1922 1908 2021 1959 tari
2056 1916 2113 1960 ut
2143 1908 2251 1961 sint
2294 1909 2361 1961 ad
2394 1918 2667 1962 certamen
2712 1911 3127 1973 constantiores,
3179 1917 3229 1961 et
3260 1909 3465 1962 etelcsti

1918 2011 2082 2064 regno
2140 1996 2286 2065 digni
2333 1998 2657 2052 habeantur.
2718 1996 2793 2050 Ne
2849 2006 3025 2050 autem
3059 2013 3123 2051 eo
3155 1997 3296 2065 quod
3331 1999 3467 2064 lapsi

1918 2093 2076 2147 sunt,
2125 2087 2345 2140 minimc
2376 2088 2711 2157 suscipiendi
2757 2087 3059 2148 videantur,
3103 2088 3464 2139 testimonium

1916 2190 2132 2243 quoque
2162 2192 2227 2230 ex
2262 2174 2539 2245 Scriptura
2569 2178 2797 2240 inducit,
2830 2177 2974 2246 quod
3016 2186 3115 2240 est,
3150 2176 3369 2242 Septies,
3411 2176 3463 2228 id

1914 2271 1995 2315 est
2028 2278 2187 2331 saepe,
2229 2264 2377 2316 cadet
2406 2264 2578 2324 iustus
2617 2274 2665 2317 et
2716 2276 2967 2334 resurget.
3024 2263 3135 2318 lloc
3193 2274 3393 2329 autem,
3417 2264 3465 2317 si

1913 2352 2113 2415 etiam,
2134 2352 2328 2421 inquit.
2360 2370 2549 2407 omnes
2575 2355 2666 2422 qui
2698 2370 2726 2407 a
2752 2353 3092 2409 confessione
3118 2354 3456 2412 exciderunt,

1915 2441 2187 2502 fecissent,
2220 2450 2277 2493 ut
2300 2444 2507 2495 scilicet
2563 2443 2697 2511 lapsi
2740 2444 3155 2505 reluctarentur,
3192 2451 3245 2496 et
3276 2456 3335 2495 se
3363 2456 3456 2495 c0-

1913 2542 2027 2579 ram
2076 2531 2322 2596 tyrannis
2374 2530 2712 2584 Christianos
2752 2532 3069 2593 faterentur,
3127 2530 3461 2599 perfectissi-

1912 2633 2053 2669 mam
2079 2620 2447 2685 ptenitentiam
2475 2621 2860 2673 ostendissent.
2887 2619 3150 2673 Dilfcrunt
3191 2636 3317 2690 ergo
3341 2638 3461 2691 quae

1910 2703 1965 2755 in
2017 2703 2117 2756 hoc
2170 2720 2377 2759 canone
2417 2707 2807 2775 comprehensa
2863 2715 3010 2768 sunt,
3062 2710 3129 2761 ab
3168 2710 3234 2762 iis
3261 2726 3377 2779 quu-
3402 2713 3459 2766 in

1913 2792 2081 2859 primo
2135 2807 2342 2847 canone
2371 2795 2735 2858 continentur,
2781 2797 2923 2864 quod
2968 2798 3077 2849 illic
3102 2800 3315 2866 quidem
3365 2804 3458 2869 qui

1908 2886 2121 2945 propter
2150 2889 2411 2933 tormenta
2447 2882 2579 2950 lapsi
2613 2894 2756 2947 sunt,
2796 2884 2862 2936 ad
2891 2886 3243 2938 conﬁtendam
3274 2902 3458 2940 coram

1908 2968 2151 3035 tyrannis
2195 2969 2349 3021 fidem
2382 2985 2720 3039 nequaquam
2751 2974 2995 3027 conversi
3046 2982 3170 3027 sunt
3197 2992 3209 3027 :
3246 2975 3330 3028 hic
3358 2992 3459 3029 au-

1908 3064 2014 3109 tem
2042 3059 2132 3125 qui
2160 3066 2375 3126 pr0pter
2433 3066 2700 3114 tormenta
2747 3062 2881 3130 lapsi
2916 3073 3061 3125 sunt,
3086 3080 3152 3116 ex
3180 3065 3315 3116 bona
3340 3079 3456 3133 po:-

1906 3145 2133 3198 nitentia
2157 3148 2257 3199 sub
2288 3150 2530 3216 tyrannis
2556 3148 2838 3202 Dominum
2863 3150 3096 3203 confessi
3124 3161 3286 3215 sunt;
3324 3167 3451 3219 pre-

1909 3243 2085 3303 pterea
2115 3251 2289 3305 neque
2342 3240 2603 3293 cecidisse
2627 3240 2957 3306 iudicantur.

1974 3434 2174 3487 Zonstt.
2210 3435 2266 3488 Si
2299 3436 2390 3504 qui
2423 3450 2570 3500 vero,
2629 3438 2822 3506 inquit,
2872 3440 2934 3493 ad
2996 3448 3253 3511 tyrannos
3288 3440 3451 3495 delati

1904 3537 1966 3575 ac
1991 3526 2185 3591 proditi
2218 3534 2363 3587 sunt,
2398 3527 2479 3579 vel
2508 3528 2607 3594 ipsi
2640 3543 2758 3582 sese
2794 3531 2925 3597 ipsis
2989 3531 3330 3594 dediderunt,
3356 3548 3451 3584 ex-

1905 3612 2256 3682 cideruntque
2289 3628 2317 3666 a
2350 3614 2659 3669 testimonio
2686 3618 2737 3669 vi
2768 3627 3161 3674 tormentorum
3187 3625 3449 3690 superati,

1902 3717 2001 3755 nec
2030 3718 2297 3757 aerumnas
2321 3705 2519 3773 quibus
2558 3704 2614 3758 in
2662 3720 2880 3761 carcere
2904 3708 3296 3764 afﬂictabantur
3328 3725 3450 3765 cru-

1902 3795 2183 3862 ciatusque
2211 3795 2576 3863 perferentes;
2616 3812 2741 3851 mox
2788 3810 3038 3853 revocato
3067 3802 3360 3854 certamine
3388 3816 3451 3855 se

1900 3883 2235 3939 Christianos
2264 3900 2385 3939 esse
2420 3885 2658 3940 confessi
2688 3894 2917 3945 sunt.ex
2944 3903 3051 3956 quo
3074 3897 3128 3941 et
3152 3889 3205 3940 in
3235 3889 3447 3941 vincula

1900 3974 2153 4042 coniecti.
2185 3982 2237 4027 et
2268 3976 2604 4031 cruciatibus
2636 3986 2765 4031 sunt
2791 3976 2965 4030 aﬂeeti
2997 3995 3012 4028 :
3046 3977 3310 4043 ejusmodi
3345 3978 3446 4030 bo-

1901 4066 2073 4119 mines
2096 4079 2218 4117 cum
2277 4066 2637 4120 exsultatione
2677 4068 2849 4135 excipi
2895 4075 3115 4122 sanctus
3140 4066 3226 4119 hic
3253 4067 3447 4120 rationi

1899 4162 2321 4207 consentaneum
2341 4154 2550 4223 iudicat
2575 4174 2588 4209 :
2612 4164 2727 4209 tum
2754 4155 3009 4210 roborare
3033 4157 3199 4224 ipsos,
3222 4157 3320 4207 hoc
3338 4164 3443 4216 cst,

1901 4243 2066 4305 vires,
2094 4244 2322 4307 animos,
2351 4244 2705 4313 ﬁduciamque
2726 4246 2922 4298 addere
2936 4260 3041 4313 quo
3070 4245 3449 4313 profiterentur

1899 4330 2090 4395 tidem;
2120 4344 2180 4382 ac
2198 4331 2402 4384 eisdem
2433 4333 2487 4384 in
2510 4332 2763 4387 omnibus
2786 4331 3207 4392 communicare,
3245 4334 3355 4382 tum
3392 4329 3444 4381 in

242 4432 568 4501 προσευχαῖς
597 4429 688 4480 καὶ
722 4430 787 4497 τῇ
834 4425 1125 4495 μεταλήψει
1152 4426 1257 4478 τῶν
1292 4427 1657 4496 άγιασμάτων,
1706 4429 1797 4481 καὶ

1917 4420 2324 4485 )recationibus,
2344 4432 2456 4474 tum
2482 4422 2536 4475 in
2568 4422 2911 4491 perceptione
2946 4430 3403 4475 sacramentorum
3426 4461 3443 4483 ,

239 4520 331 4574 δια
382 4516 539 4583 λόγου
592 4513 955 4586 παρακαλεῖν,
998 4514 1113 4581 ἦτοι
1163 4513 1441 4584 διεγείρειν
1478 4516 1671 4579 αὐτοὺς
1718 4517 1796 4578 είς

237 4609 339 4680 τὴν
383 4606 720 4678 μαρτυρίαν,
773 4604 859 4655 ἴνα
910 4603 1044 4673 πρὸς
1087 4602 1176 4654 τὸν
1224 4601 1407 4669 ἀγῶνα
1454 4604 1793 4675 εὐτονώτεροι

237 4696 522 4764 γίνωνται,
558 4693 652 4746 καὶ
691 4692 789 4759 τῆς
817 4689 1138 4759 ἐπουρανίου
1174 4687 1443 4757 βασιλείας
1472 4688 1785 4752 ἀξιωθῶσιν.

240 4788 361 4841 Ἵνα
392 4784 447 4837 δέ
487 4781 579 4853 μὴ,
611 4782 742 4834 διότι
789 4777 1105 4832 πεπτώκασι
1154 4776 1409 4839 θύσαντες
1430 4817 1442 4839 ,
1470 4778 1790 4848 νομίζωνται

237 4893 377 4929 τισιν
405 4874 633 4935 ἄδεκτοι,
665 4871 856 4938 ἐπάγει
881 4871 974 4923 καὶ
992 4869 1307 4939 μαρτυρίαν
1336 4871 1396 4921 ἐκ
1424 4869 1521 4937 τῆς
1549 4870 1787 4939 Γραφῆς,

238 4965 316 5018 ςόο
345 4960 631 5027 Ἐπτὰκις,
653 4961 770 5012 ἀντὶ
794 4958 906 5020 τοῦ,
922 4958 1198 5019 πολλάκις,
1218 4958 1477 5009 πεσεῖται
1499 4961 1531 5010 ό
1543 4958 1787 5024 δίκαιος,

239 5054 336 5109 καὶ
373 5050 791 5115 ἀναστήσεται.
824 5048 992 5101 Τοῦτο
1028 5047 1107 5108 δὲ,
1147 5047 1335 5116 φησὶν,
1371 5049 1418 5097 εί
1468 5048 1559 5098 καὶ⁵
1592 5048 1788 5109 πάντες

233 5146 283 5195 οί
317 5141 416 5209 τῆς
441 5140 722 5209 ὁμολογίας
749 5137 1156 5198 ἐκπεπτωκότες
1182 5136 1460 5204 ἐποίησαν,
1492 5136 1550 5187 τὸ
1582 5138 1775 5189 ἀναπα-

234 5232 417 5285 λαῖσαι
449 5229 544 5298 τὴν
578 5228 801 5291 πτῶσιν,
838 5228 930 5279 καὶ
955 5225 1181 5280 ἐνώπιον
1209 5225 1314 5276 τῶν
1339 5225 1613 5293 τυράννων
1652 5227 1785 5296 Χρι-

239 5318 482 5379 στιανοὺς
520 5315 843 5386 ὁμολογῆσαι
876 5315 1120 5375 ἑαυτοὺς,
1155 5311 1489 5375 άνεδείξαντο
1524 5312 1590 5383 [Ῑ.
1622 5313 1785 5385 ἐνεό-]

234 5410 303 5463 ἂν
328 5405 665 5474 τελειοτάτην
700 5404 1003 5474 μετάνοιαν.

339 5636 363 5663 ⁸
390 5636 611 5701 Philipp.
643 5650 723 5700 In,
760 5638 843 5693 Η.
920 5636 948 5678 δ
984 5629 1135 5693 Prov.
1168 5656 1311 5698 τχιν.
1346 5640 1430 5697 16.

521 5736 786 5795 ιἈτιιυι..
828 5740 943 5797 (in:
994 5738 1155 5798 CXX
1176 5737 1223 5795 Χ
1242 5736 1403 5797 ΠΗ.

1903 4509 2191 4577 verbisque
2220 4509 2515 4575 adhortari,
2549 4511 2651 4564 hoc
2679 4518 2782 4572 est,
2825 4511 2972 4580 ipsos
2996 4512 3061 4563 ad
3082 4510 3441 4564 exhibendum

1901 4597 2022 4652 fidei
2051 4599 2418 4652 testimonium
2449 4601 2705 4663 excitare,
2736 4607 2793 4653 ut
2828 4603 3225 4656 constantiores
3249 4601 3359 4653 sint
3386 4600 3443 4653 in

1896 4690 2209 4754 certamine,
2242 4703 2305 4743 ac
2326 4690 2537 4742 caelesti
2566 4704 2731 4758 regno
2762 4687 3439 4759 dignibabeanturﬁ’erum

1896 4793 1963 4831 ne
1992 4793 2057 4830 ex
2096 4792 2160 4832 eo
2192 4778 2334 4846 quod
2360 4778 2496 4847 lapsi
2518 4787 2644 4833 sunt
2682 4780 3072 4839 sacriﬁcantes.
3106 4780 3252 4833 nullo
3283 4780 3442 4833 modo

1896 4866 2207 4923 admittendi
2231 4869 2299 4924 ab
2332 4870 2602 4939 aliquibus
2633 4870 3028 4933 existimentur,
3072 4871 3442 4924 testimonium

1896 4973 2111 5027 quoque
2139 4959 2269 5013 illud
2295 4974 2359 5013 ex
2388 4959 2559 5014 sacris
2590 4958 2784 5014 litteris
2813 4959 3017 5029 profert
3042 4978 3055 5013 :
3084 4958 3301 5025 Septies,
3338 4959 3440 5010 hoc

1896 5055 1975 5101 est
2012 5049 2228 5116 saepius,
2261 5049 2408 5101 audet
2428 5048 2625 5116 justus,
2660 5066 2722 5101 ac
2756 5059 3005 5119 resurget.
3032 5048 3140 5103 Hoc
3167 5063 3313 5108 vero.
3360 5048 3439 5100 in-

1895 5137 2032 5203 quit,
2087 5136 2134 5191 si
2190 5136 2281 5190 alii
2330 5151 2517 5193 omnes
2564 5138 2657 5207 qui
2692 5151 2721 5191 a
2750 5137 3093 5195 confessione
3123 5138 3442 5191 exciderunt

1894 5224 2169 5286 fecissent.
2208 5235 2267 5278 ut
2296 5236 2416 5295 post
2467 5227 2673 5295 lapsum
2710 5235 2984 5282 certamen
3028 5234 3347 5295 repeterent,
3378 5239 3441 5278 ac

1895 5330 1953 5370 se
1985 5316 2130 5383 ipsos
2160 5331 2338 5370 coram
2364 5316 2607 5387 tyrannis
2658 5318 2994 5373 Christianos
3041 5317 3438 5387 profiterentur,

1896 5405 2196 5459 absolutam
2234 5407 2604 5476 penitentiam
2638 5408 3045 5463 indicavissent.

3053 5743 3125 5800 16
