4136 6460
240 392 344 457 £93

1333 396 1412 462 ΙΝ
1454 403 1690 466 EPIST.
1721 409 1779 470 S.
1825 410 2050 468 l’thlI
2079 407 2296 472 ALEX.

3342 411 3448 477 494

245 551 271 584 ο
309 535 649 602 ἀτιμασθεὶς,
676 530 892 604 ὕστερον
921 536 978 587 ἐν
1003 532 1185 604 Ῥώμῃ
1203 535 1513 606 ἐσταυρώθη
1534 537 1782 604 (5).⁸²Κα“

1838 541 1872 594 Α
1908 556 1923 586 ι
1975 540 2212 594 tionibus
2263 539 2751 609 afﬂictionibUSque
2808 539 3084 608 gloriatus,
3146 539 3197 591 in
3253 536 3438 592 eadem

247 639 274 676 τ
304 623 334 676 6
380 624 697 694 περιϐόητος
729 625 968 688 Παῦλος,
1015 624 1296 692 πλεονάκις
1338 626 1651 695 παραδοθεὶς
1702 629 1793 678 καὶ

251 731 278 768 1
310 711 418 776 ῑως
464 714 688 768 θανάτου
715 716 1082 777 κινδυνεύσας,
1115 717 1282 771 πολλά
1321 735 1376 769 τε
1420 719 1652 786 ἀθλήσας
1701 720 1792 771 καὶ

248 819 277 855 ε
309 802 720 872 καυχησάμενος
760 805 815 854 ὲν
857 803 1064 864 πολλοῖς
1105 804 1358 873 διωγμοῖς
1403 805 1493 856 καὶ
1526 803 1787 870 θλίψεσιν,

249 908 274 944 ε
312 892 369 944 ὲν
396 896 462 964 τῇ
498 894 629 962 αὐτῇ
671 894 818 944 πόλει
854 894 944 944 καὶ
981 893 1139 954 αὐτὸς
1171 893 1408 962 μαχαίρᾳ
1433 892 1526 960 τὴν
1555 893 1790 962 κεφαλὴν

251 993 275 1026 ιι
310 978 616 1048 ἀπετμήθη·
645 979 702 1040 ὃς
726 980 780 1029 ὲν
819 973 897 1040 οἷς
924 980 1280 1048 ἐκαυχήσατο,
1313 980 1566 1047 κατέληξε
1597 979 1680 1010 ³⁸⁸·
1710 980 1789 1030 ὃτι

249 1083 272 1116 τ
313 1067 404 1117 καὶ
433 1068 521 1098 ³⁸⁸⁸
548 1071 603 1118 ὲν
623 1068 890 1136 Δαμασκῷ
914 1070 1126 1138 σπυρίδι
1148 1070 1412 1137 ὲχαλάσοη
1454 1070 1539 1121 διὰ
1562 1069 1652 1120 τοῦ
1686 1069 1790 1123 tsi-

249 1172 270 1204 ι
307 1171 430 1223 χους
453 1157 660 1216 νυκτὸς,
693 1158 785 1208 καὶ
811 1157 1031 1224 ἐξέφυγε
1059 1158 1156 1218 τάς
1191 1161 1374 1226 χεῖρας
1393 1156 1483 1210 τοῦ
1506 1158 1786 1228 ζητοῦντος

247 1261 269 1297 t
304 1242 466 1297 αὐτὸν
521 1248 727 1298 πιάσαι.
763 1228 834 1299 Τδ
881 1249 986 1318 γάρ
1026 1249 1375 1317 προκείμενον
1400 1249 1465 1320 ἦν
1497 1253 1694 1311 αὐτοῖς,
1730 1254 1785 1303 ἐν

245 1349 268 1384 ι
303 1333 535 1403 πρώτοις
560 1337 992 1403 εὐαγγελίζεσθαι
1018 1339 1110 1389 καὶ
1137 1339 1399 1394 διδάσκειν
1422 1343 1492 1410 (4)
1521 1343 1608 1394 τὸν
1635 1343 1784 1408 λόγον

243 1439 266 1474 ε
304 1424 398 1476 τοῦ
430 1425 584 1493 Θεοῦ,
610 1428 669 1482 ιν
704 1423 784 1491 οἷς
810 1425 1279 1496 ἐπιστηρίζοντες
1316 1429 1452 1495 τοὺς
1488 1429 1785 1497 ἀδελφοὺς

247 1534 270 1566 ε
303 1516 578 1585 ἐμμένειν
606 1521 673 1571 ἐν
704 1519 775 1586 τῇ
809 1521 1023 1578 πίστει,
1048 1520 1136 1570 καὶ
1162 1519 1317 1571 τοῦτο
1344 1520 1542 1586 ἔλεγον,
1577 1518 1663 1571 ὅτι
1689 1519 1784 1570 διὰ

247 1622 269 1655 ς
306 1606 549 1659 πολλῶν
589 1609 846 1674 θλίψεων
874 1609 966 1660 δεῖ
999 1608 1284 1660 εἰσελθεῖν
1331 1612 1414 1671 εις
1460 1605 1572 1672 τὴν
1603 1608 1780 1668 βασι-

220 1710 268 1746 Is
305 1698 477 1748 λείαν
509 1698 609 1749 τοῦ
639 1698 800 1750 Θεοῦ.
840 1697 1084 1763 Ἐζήτουν
1109 1698 1215 1765 γὰρ
1242 1698 1300 1748 οὐ
1329 1697 1387 1748 τὸ
1423 1698 1621 1748 ἑαυτῶν
1649 1714 1782 1764 συμ-

244 1801 268 1837 s
309 1787 488 1853 φέρον,
518 1787 649 1839 ἀλλά
677 1788 738 1838 τὸ
779 1787 883 1838 τῶν
926 1787 1158 1848 πολλῶν,
1192 1788 1274 1837 ῖνα
1311 1787 1518 1838 σωθῶσι
1539 1827 1551 1848 ,
1583 1775 1678 1839 καί
1714 1785 1780 1857 ἦν

1905 647 1922 678 ι
1971 630 2103 683 urbe
2133 632 2246 696 ipse
2277 646 2488 698 quoque
2517 630 2698 699 gladio
2731 630 2906 698 capite
2932 630 3186 682 multatus
3207 637 3288 682 est
3319 629 3438 696 :qui

1903 737 1921 767 ι
1971 720 2022 771 in
2057 721 2253 787 quibus
2308 722 2567 789 gloriatus
2599 729 2704 783 est,
2740 722 2853 790 ipse
2896 723 2946 774 in
2982 721 3047 774 iis
3072 719 3232 771 vitam
3268 722 3436 782 finiit;

1902 825 1919 856 ι
1964 815 2016 859 et
2049 809 2189 874 quod
2222 808 2458 862 Damasci
2493 811 2543 861 in
2575 819 2756 876 sporta
2794 819 2956 862 noctu
2985 825 3077 877 per
3107 823 3315 860 murum
3344 809 3439 861 de-

1900 913 1916 945 ι
1967 897 2164 950 missus
2186 907 2287 958 est,
2322 908 2369 950 et
2403 898 2586 968 effugit
2618 900 2736 967 ejus
2765 915 2956 953 manus
2988 901 3075 967 qui
3119 915 3239 951 cum
3272 915 3404 950 cuna

1900 1004 1917 1037 ι
1967 986 2124 1041 batur
2155 991 2473 1056 opprimere.
2509 992 2626 1042 Erat
2659 989 2800 1044 enim
2829 990 2910 1043 eis
2947 989 2997 1040 in
3030 990 3218 1056 primis
3244 1004 3437 1056 prapo-

1899 1094 1916 1126 ι
1967 1078 2127 1130 situm
2160 1077 2549 1145 evangelizare,
2581 1085 2634 1129 et
2686 1077 2906 1129 verbum
2952 1075 3043 1129 l)ei
3095 1079 3330 1126 docere:
3381 1076 3433 1126 in

1904 1183 1921 1215 ι
1971 1167 2170 1233 quibus
2201 1165 2394 1230 fratres
2412 1167 2776 1232 conﬁrmantes
2809 1177 2862 1217 ut
2887 1175 3144 1218 manerent
3174 1167 3225 1216 in
3252 1164 3353 1230 ﬁde
3386 1176 3434 1224 ⁸.

1898 1273 1914 1304 ι
1962 1255 2306 1325 hoe-quoque
2339 1257 2607 1316 dicebant.
2665 1258 2797 1323 quod
2827 1273 2916 1323 per
2945 1257 3134 1308 multas
3192 1257 3438 1322 afﬂictio-

1896 1363 1912 1393 ι
1967 1363 2051 1397 nes
2071 1356 2267 1412 oportet
2292 1347 2343 1397 in
2369 1362 2577 1414 regnum
2603 1345 2692 1396 Dei
2718 1345 2934 1412 ingredi.
2955 1344 3274 1408 Qumrebant
3292 1344 3435 1398 enim

1895 1454 1910 1483 ι
1962 1451 2066 1488 non
2094 1435 2240 1502 quod
2274 1436 2373 1489 sibi
2401 1442 2515 1487 erat
2542 1433 2690 1494 utile,
2718 1433 2810 1485 sed
2843 1435 2985 1500 quod
3022 1433 3222 1488 multis.
3242 1439 3298 1482 ut
3329 1447 3436 1483 scr-

1894 1543 1909 1572 ι
1960 1533 2233 1584 verentur,
2263 1535 2313 1578 et
2343 1524 2508 1575 multa
2545 1523 2676 1590 ipsis
2724 1523 2906 1574 liceret
2942 1522 3003 1572 ad
3039 1521 3150 1572 lucc
3185 1520 3431 1571 facientia

1893 1627 1908 1658 ι
1956 1610 2168 1670 dicere,
2233 1617 2290 1661 ut
2348 1610 2512 1662 verbo
2569 1609 2659 1661 Dei
2719 1610 3097 1661 convenienter
3152 1606 3428 1658 facerent:

1891 1717 1908 1748 ι
1962 1699 2098 1759 Nisi,
2119 1708 2174 1750 ut
2212 1699 2342 1751 dicit
2362 1699 2666 1766 Apostolus,
2699 1715 2788 1750 nos
2818 1708 3013 1764 tempus
3057 1705 3327 1749 narrantes
3345 1699 3434 1750 dc-

1890 1807 1906 1837 ι
1953 1791 2121 1856 ﬁcere!
2142 1791 2187 1840 δ.
2214 1807 2230 1838 ι

233 1881 268 1928 'r
309 1877 476 1929 πολλά
501 1878 672 1944 λέγειν
696 1879 875 1940 αὐτοῖς
899 1882 977 1940 εἰς
1003 1878 1173 1931 ταῦτα
1201 1880 1332 1948 πρὸς
1370 1878 1429 1930 τὸ
1473 1879 1609 1932 κατά
1638 1880 1790 1947 λόγον
1827 1885 2106 1952 πράσσειν,
2130 1885 2176 1934 εί
2195 1880 2303 1947 μὴ,
2321 1881 2393 1942 ὡς
2415 1880 2558 1946 λέγει
2585 1883 2610 1932 ὁ
2640 1879 2974 1943 ’Λπόστολος,
2992 1881 3250 1933 ἐπιλίποι
3270 1879 3316 1909 ³³
3375 1877 3427 1928 δ’

245 1983 264 2018 ι
304 1965 380 2019 ἂν
405 1969 552 2036 ἡμᾶς
587 1969 1006 2037 διηγουμένους
1036 1973 1067 2022 ό
1095 1971 1327 2036 χρόνος.
1356 1989 1374 2020 ι

312 2080 503 2132 ΒᾹΛΣ.
539 2081 600 2132 Οἱ
630 2081 751 2151 ἄρτι
774 2081 864 2133 τοῦ
901 2080 1064 2132 ὕπνου
1093 2082 1508 2149 ἐξανιστάμενοι,
1533 2083 1624 2135 καὶ
1656 2083 1782 2151 μᾶλ-

1838 2095 1857 2144 3
1957 2081 2111 2132 Bth.
2151 2080 2248 2144 Qui
2274 2097 2303 2133 e
2329 2096 2518 2134 somno
2576 2081 2732 2133 modo
2764 2089 3080 2147 exsurgunt,
3115 2088 3161 2129 et
3195 2080 3423 2133 maxime

237 2163 329 2220 λον
366 2172 413 2221 εἰ
448 2170 716 2237 ὼμόῠπνοι
748 2165 872 2229 εἷεν,
906 2170 964 2220 οὐ
1001 2170 1366 2236 καθεστηκότα
1406 2171 1493 2223 τον
1530 2172 1780 2240 λογισμὸν

240 2257 470 2324 ἔχουσιν,
505 2258 634 2310 ἀλλὰ
683 2259 1074 2328 τεταραγμένον
1115 2260 1208 2310 καὶ
1246 2261 1638 2314 ἀκατάστατον·
1674 2279 1782 2314 τοι-

1880 2170 1924 2222 si
1953 2169 2119 2222 crudo
2150 2169 2520 2236 profundoque
2549 2183 2738 2222 somno
2762 2171 3165 2236 premebantur,
3198 2185 3302 2220 non
3329 2171 3421 2220 lm-

1879 2259 2004 2310 bent
2040 2265 2375 2310 constantem
2405 2259 2688 2319 rationem,
2735 2258 2826 2311 sed
2861 2260 3220 2325 perturbatam
3251 2269 3299 2312 et
3331 2260 3414 2310 in-

237 2345 415 2408 ούτοις
462 2347 785 2416 παρείκασεν
811 2349 840 2399 ό
886 2348 1205 2417 ίερομάρτυς
1245 2342 1395 2411 οὗτος
1440 2352 1556 2412 τοὺς
1603 2365 1780 2420 παρα-

1855 2341 2137 2394 stabilem:
2165 2341 2364 2394 talibus
2403 2342 2661 2393 assimilat
2692 2350 3072 2395 sacrosanctus
3094 2342 3179 2392 hic
3213 2354 3414 2410 martyr

241 2436 519 2504 πηδῶντας
545 2438 623 2497 είς
668 2435 754 2488 τὸν
797 2438 1004 2504 ἀγῶνα,
1033 2439 1194 2506 ἤγουν
1237 2440 1360 2500 τοὺς
1407 2440 1479 2508 μὴ
1510 2440 1780 2503 εὐτάκτως

240 2526 372 2578 ἀλλά
395 2525 632 2594 θρασέως
654 2527 742 2577 καὶ
764 2528 1169 2596 ἀπερισκέπτως
1189 2527 1536 2589 είσωθοῦντας
1561 2530 1780 2592 ἑαυτοὺς

238 2617 319 2677 εἰς
344 2615 431 2667 τὸν
459 2614 669 2682 ἀγῶνα,
701 2616 948 2666 ὠδίνοντα
977 2617 1067 2667 καὶ
1103 2615 1356 2684 μέλλοντα
1387 2617 1626 2678 ἐλκῦσαι,
1661 2618 1779 2670 ἀντὶ⁸

236 2703 357 2763 τοῦ,
384 2706 542 2771 μήπω
557 2707 636 2764 εις
665 2704 887 2771 φανερὸν
915 2705 1229 2773 ἐκραγῆναι,
1252 2705 1384 2756 ἀλλὰ
1413 2707 1776 2775 μελετώμενον

236 2791 333 2841 καὶ
358 2789 628 2857 μέλλοντα,
655 2791 766 2857 ἦτοι
805 2789 1122 2858 βραδύνοντα
1164 2791 1380 2844 ἐλκῦσαι
1414 2796 1534 2855 τοὺς
1579 2794 1776 2857 ἀγωνιο

237 2875 510 2944 ζομένους,
571 2878 758 2939 οἵτινες
798 2879 1003 2939 ἑαυτοῖς
1061 2881 1355 2948 πειρασμὸν
1406 2881 1736 2933 ἐπισπῶνται
1760 2919 1774 2942 ,

237 2965 402 3031 ἤγουν
427 2965 503 3026 είς
535 2966 754 3026 ἑαυτοὺς
779 2966 989 3018 ἕλκουσι
1025 2968 1338 3035 πειρασμόν.
1369 2969 1579 3020 Μᾶλλον
1605 2970 1660 3022 δὲ
1683 2971 1774 3022 καὶ

235 3054 414 3116 ἄλλοις
441 3059 644 3117 πιστοῖς
673 3056 990 3107 ἀνάπτουσιν
1013 3056 1281 3125 ἄνθρακας
1307 3058 1655 3128 ἁμαρτωλῶν,
1678 3061 1775 3123 τὰς

236 3144 302 3196 ἑκ
351 3143 456 3195 τῶν
501 3145 772 3212 τυράννων
822 3145 1052 3213 δηλονότι
1109 3143 1369 3209 κολάσεις.
1410 3148 1545 3198 Ἀλλ’
1596 3151 1642 3200 εἰ
1683 3151 1774 3200 καὶ

236 3233 472 3284 αἰτιᾶται
502 3234 623 3294 τοὺς
656 3232 794 3284 οὕτω
818 3233 1114 3294 ποιοῦντας,
1143 3237 1410 3287 κοινωνεῖν
1437 3237 1569 3298 τέως
1600 3239 1774 3300 αὐτοῖς

236 3321 363 3381 τοὺς
385 3322 598 3382 πιστοὺς
625 3321 975 3384 διατάττεται,
1009 3324 1088 3374 ὅτι
1119 3323 1202 3375 διὰ
1234 3324 1321 3374 τὸν
1338 3323 1565 3392 Χριστὸν
1592 3327 1775 3376 ὑπεισ-

1856 2446 1950 2483 eos
1979 2433 2072 2499 qui
2116 2431 2215 2497 15
2242 2447 2346 2484 non
2378 2433 2648 2492 ordinate.
2685 2434 2776 2487 sed
2821 2432 3110 2489 temerarie
3139 2443 3192 2483 et
3224 2432 3412 2484 ineun-

1859 2521 2093 2575 siderate
2123 2537 2180 2574 se
2212 2525 2263 2574 in
2300 2530 2571 2576 certamen
2603 2523 2926 2587 intrudunt;
2986 2523 3312 2590 parturiens.
3361 2531 3415 2574 ct

1878 2594 2100 2662 trahere
2119 2610 2390 2671 differens,
2424 2626 2518 2678 pro
2552 2625 2614 2663 eo
2645 2611 2785 2678 quod
2816 2612 3054 2664 nondum
3091 2613 3140 2663 in
3175 2621 3415 2679 apertum

1877 2699 2070 2765 erupit,
2118 2698 2210 2750 sed
2245 2699 2532 2750 meditatur
2564 2706 2616 2750 et
2642 2698 2837 2760 ditlert,
2875 2714 2966 2751 seu
3015 2708 3300 2751 Cunctatnr
3323 2700 3417 2751 de-

1876 2797 2142 2845 certantes
2169 2787 2402 2847 trahere,
2423 2788 2741 2854 quisibimet
2773 2789 3120 2841 tentationcm
3150 2790 3412 2846 alliciunt.

1878 2876 1988 2929 sive
2023 2877 2074 2928 in
2103 2892 2158 2929 se
2197 2877 2341 2943 ipsos
2392 2879 2741 2931 tentationem
2791 2879 3028 2939 trahunt.
3063 2878 3288 2930 Maxime
3321 2894 3404 2929 at:-

1876 2973 2001 3023 tem,
2032 2973 2083 3016 et
2107 2964 2225 3016 aliis
2254 2963 2496 3018 fidelibus
2542 2971 2880 3033 peccatorum
2912 2965 3172 3018 carbones
3227 2981 3416 3018 accen-

1875 3052 2028 3114 dunt,
2062 3067 2089 3104 a
2121 3055 2358 3122 tyrannis
2411 3055 2616 3108 scilicet
2666 3055 2991 3122 punitiones.
3040 3053 3142 3107 Sed
3186 3057 3285 3109 ctsi
3320 3071 3412 3108 eos

1873 3143 1962 3209 qui
1994 3143 2071 3196 sic
2101 3141 2324 3204 faciunt,
2376 3144 2761 3210 reprehendit;
2797 3143 2950 3209 jubet
3003 3151 3178 3196 tamen
3233 3144 3412 3196 lidclcs

1874 3231 1952 3283 eis
1987 3231 2152 3283 nihilo
2181 3232 2355 3283 secius
2394 3231 2821 3292 communicare,
2852 3232 2977 3297 quia
3014 3241 3228 3299 propter
3251 3231 3403 3284 Cltri~

1878 3326 2018 3369 stum
2043 3325 2311 3370 certamen
2334 3318 2634 3379 subierunt,
2664 3320 2908 3386 quamvis
2943 3320 3084 3371 illius
3109 3322 3408 3372 doctrinam

237 3402 399 3478 ἦλθον
443 3409 526 3462 τὸν
560 3410 774 3476 ἀγῶνα,
825 3406 924 3462 κᾶν
971 3411 1237 3479 ἠγνόησαν
1274 3411 1370 3480 τὴν
1397 3413 1600 3464 ἐκείνου
1636 3413 1778 3464 διδα-

1838 3409 1843 3454 '.
1876 3407 2187 3473 ignorarunt
2219 3423 2231 3458 :
2267 3407 2357 3474 qui
2392 3407 2546 3460 docet
2576 3416 2752 3474 petere
2782 3423 2849 3462 ne
2872 3417 3159 3470 tentemur,
3185 3420 3236 3463 et
3267 3413 3410 3478 quod

237 3499 482 3559 σκαλίαν,
511 3499 844 3560 διδάσκοντος
872 3501 1038 3550 αἰτεῖν
1069 3499 1140 3569 μὴ
1171 3501 1544 3569 πειρασθῆναι,
1566 3503 1666 3554 καὶ
1692 3503 1772 3554 ὅτι

234 3586 353 3640 οὐδὲ
404 3586 586 3638 ἑαυτὸν
638 3587 978 3656 παρέδωκεν,
1029 3588 1159 3640 ἀλλά
1207 3589 1502 3658 παρεδόθη·
1547 3591 1644 3642 καὶ
1698 3590 1770 3660 μὴ

233 3671 544 3743 αὐτομολεῖν
572 3675 702 3744 πρὸς
729 3677 852 3736 τοὺς
889 3675 1167 3738 κολαστάς,
1198 3678 1281 3728 ῖνα
1312 3678 1382 3746 μὴ
1412 3677 1566 3730 αῖτιοι
1592 3679 1769 3740 αὐτοῖς

233 3762 460 3830 γίνοιντο
491 3761 742 3815 πλειόνων
778 3763 949 3831 φόνων
973 3803 986 3826 ,
1020 3763 1204 3834 ῶσπερ
1242 3765 1640 3835 παραθήγοντες
1672 3767 1768 3818 αὑ-

231 3855 356 3916 τοὺς
381 3856 458 3915 εις
485 3855 581 3916 τὰς
627 3855 764 3908 κατά
800 3854 906 3906 τῶν
947 3854 1180 3906 εὐσεϐῶν
1217 3854 1497 3926 τιμωρίας.
1551 3857 1768 3923 Ἐπάγει

229 3939 266 3997 τί
322 3944 414 3996 καὶ
444 3943 669 4012 διάφορα
699 3942 1104 4012 παραδείγματα
1135 3944 1381 4012 Γραφικά
1407 3947 1435 3997 δ
1463 3943 1662 3998 κανών.

304 4033 542 4086 ΖΩΝΛΡ.
589 4033 652 4086 Ol.
699 4033 818 4102 ἄρτι
863 4033 955 4085 τοῦ
998 4033 1160 4085 ὕπνου
1208 4033 1635 4103 ἐξανιστάμενοι,
1677 4035 1769 4088 καὶ

235 4121 430 4189 μᾶλλον
475 4123 521 4172 εί
561 4121 832 4188 ὠμόῦπνοι
876 4115 1011 4184 εἷεν,
1057 4120 1117 4173 οὐ
1150 4121 1513 4191 καθεστηκότα
1549 4123 1637 4174 τὸν
1681 4123 1768 4176 λο-

230 4207 426 4277 γισμὸν
460 4207 684 4275 ἔχουσιν,
717 4209 847 4263 ἀλλά
887 4209 1300 4279 τεταραγμένον,
1333 4212 1424 4262 καὶ
1464 4212 1767 4265 ἀκατάστα-

227 4313 341 4350 τον.
374 4297 642 4360 Τοιούτοις
682 4299 1005 4367 παρείκασεν
1032 4300 1060 4350 ό
1098 4301 1414 4369 ῖερομάρτυς
1453 4296 1602 4363 οὗτος
1644 4303 1768 4365 τοὺς

229 4386 657 4456 παραπηδῶντας
701 4389 776 4447 είς
804 4388 928 4448 τοὺς
958 4387 1189 4452 ἀγῶνας,
1219 4389 1382 4456 ἠγουν
1404 4391 1542 4451 τοὺς,
1570 4391 1641 4459 μὴ
1676 4392 1765 4444 εὐ-

226 4477 439 4538 τάκτως
467 4477 596 4528 ἀλλά
621 4478 858 4547 θρασέως
879 4481 968 4530 καὶ
990 4479 1398 4547 ἀπερισκέπτως
1413 4480 1765 4543 είσωθοῦντας

227 4565 453 4628 ἑαυτοὺς
478 4567 555 4627 είς
583 4566 672 4617 τὸν
691 4566 890 4632 ἀγῶνα,
924 4566 1170 4618 ὠδίνοντα
1202 4568 1291 4618 καὶ
1326 4568 1580 4636 μέλλοντα
1613 4569 1765 4620 ἑλκῦ-

229 4669 338 4715 σαι,
380 4653 498 4705 ἀντὶ
541 4653 632 4706 τοῦ
683 4655 841 4724 μήπω
884 4655 962 4716 είς
1010 4656 1234 4725 φανερὸν
1274 4657 1594 4725 ἐκραγέντα,
1629 4657 1760 4708 ἀλλά

1873 3511 1938 3548 ne
1965 3511 2021 3548 se
2053 3496 2224 3563 ipsum
2258 3497 2471 3565 quidem
2522 3497 2764 3560 tradidit,
2797 3499 2888 3552 sed
2925 3501 3155 3553 traditus
3201 3509 3321 3564 cst;
3355 3511 3408 3556 et

1871 3600 1975 3636 non
2007 3599 2126 3637 esse
2174 3585 2239 3638 ad
2298 3595 2527 3641 tortores
2576 3587 3024 3657 confugiendum,
3059 3606 3126 3643 ne
3163 3592 3403 3658 pluribus

1869 3688 1927 3726 se
1976 3673 2211 3726 caedibus
2257 3675 2660 3728 contaminandi
2726 3677 2858 3745 ipsis
2919 3691 3097 3730 causa:
3151 3679 3298 3742 sint;
3346 3687 3402 3731 ut

1868 3763 1956 3830 qui
2009 3776 2101 3814 eos
2152 3763 2374 3817 incitent
2436 3762 2500 3817 ad
2559 3765 2818 3819 sumenda
2865 3765 2930 3820 de
2967 3767 3068 3834 piis
3118 3765 3398 3835 supplicia.

1867 3847 2030 3904 infert
2061 3860 2236 3904 autem
2267 3859 2319 3905 et
2360 3853 2569 3906 diversa
2599 3867 2767 3908 saera:
2821 3854 3112 3922 Scriptum
3159 3856 3401 3924 exempla

1866 3953 1926 3990 ca
1936 3954 2062 3992 non.

1937 4026 2134 4080 Zonn.
2185 4026 2286 4092 Qui
2333 4043 2361 4081 a
2398 4044 2588 4084 somno
2617 4037 2860 4083 recentes
2893 4039 3209 4098 exsurgunt,
3267 4044 3403 4100 pne.

1865 4117 2047 4170 sertim
2083 4116 2128 4168 si
2175 4117 2417 4185 graviore
2450 4131 2640 4170 somno
2697 4119 3158 4186 opprimebantur,
3195 4122 3404 4173 ratione

1864 4205 2276 4273 haudquaquam
2297 4206 2498 4266 sedata,
2515 4209 2605 4260 sed
2627 4206 2936 4275 perturbata
2967 4209 3400 4276 inconstantique

1863 4301 2106 4346 utuntur.
2145 4293 2418 4362 Ejusmodi
2466 4295 2772 4350 hominibus
2826 4305 3048 4351 sanctus
3081 4298 3166 4350 hic
3198 4307 3399 4366 martyr

1863 4385 2064 4438 similes
2087 4400 2180 4438 eos
2219 4385 2416 4439 asserit
2448 4387 2539 4453 qui
2590 4385 2645 4438 in
2678 4392 2946 4439 certamen
2977 4396 3262 4453 proruunt,
3299 4387 3398 4438 hec

1860 4479 1963 4533 est.
2022 4488 2126 4526 non
2157 4472 2400 4526 ordinate
2429 4474 2522 4527 sed
2549 4474 2738 4527 audaci
2791 4488 2853 4526 ac
2879 4476 3166 4526 temerario
3198 4477 3394 4542 impetu

1799 4569 1801 4572 ‘
1861 4578 1919 4616 se
1949 4562 2094 4630 ipsos
2127 4562 2410 4616 intrudunt
2438 4565 2491 4616 in
2514 4571 2784 4616 certamen
2813 4579 2827 4626 ;
2852 4563 3174 4630 parturiens,
3212 4579 3272 4616 ac
3295 4572 3400 4616 ttzzt-

1863 4651 1986 4704 here
2017 4651 2292 4708 diﬂ'erens.
2342 4667 2438 4722 pro
2485 4667 2549 4706 eo
2589 4651 2728 4719 quod
2786 4653 3023 4706 nondum
3059 4653 3111 4705 in
3155 4661 3394 4721 apertum

228 4738 593 4808 μελετώμενον
635 4741 726 4792 καὶ
755 4741 1026 4809 μέλλοντα,
1052 4742 1165 4810 ἦτοι
1195 4742 1514 4811 βραδύνοντα
1543 4743 1759 4795 ἐλκῦσαι

1861 4742 2056 4809 erupit,
2093 4742 2185 4796 sed
2216 4741 2520 4807 meditatur,
2551 4750 2602 4795 et
2628 4741 2804 4795 differt
2833 4744 2944 4797 sive
2990 4753 3274 4798 cunctatur
3305 4744 3397 4796 de-

223 4825 351 4888 τοὺς
372 4826 792 4895 ἀγωνιζομένους
814 4843 826 4857 ·
859 4829 1046 4890 οἵτινες
1085 4829 1380 4898 πειρασμὸν
1407 4831 1756 4892 ἐπισπῶνται,

222 4915 389 4984 ἤγουν
421 4915 498 4977 είς
529 4916 747 4975 ἑαυτοὺς
777 4915 987 4967 ἕλκουσι
1020 4918 1333 4984 πειρασμὸν,
1361 4919 1550 4986 μᾶλλον
1576 4919 1629 4970 δὲ
1668 4921 1760 4970 καὶ

219 5003 400 5066 ἄλλοις
450 5007 654 5066 πιστοῖς
705 5005 1024 5057 ἀνάπτουσιν
1078 5005 1343 5074 ἄνθρακας
1395 5008 1721 5077 ἁμαρτωλῶν
1743 5046 1757 5067 ,

328 5161 357 5191 ι
381 5151 494 5205 Act.
519 5166 629 5214 xw,
656 5152 743 5205 Ἡ.
817 5153 844 5191 δ
881 5152 1031 5204 Ilebr.
1049 5167 1125 5214 ιι,
1150 5153 1234 5205 52.

1865 4840 2132 4884 certantes
2165 4831 2414 4884 trahere:
2459 4831 2551 4900 qui
2585 4831 2796 4899 quidem
2838 4834 3183 4887 tcntationem
3216 4848 3398 4886 accer-

1865 4929 2010 4982 sunt,
2037 4921 2138 4974 boc
2170 4929 2272 4980 est,
2305 4921 2367 4974 ad
2419 4930 2476 4974 8e
2523 4921 2666 4988 ipsos
2719 4922 3062 4976 tentationem
3101 4921 3398 4988 pelliciunt,

1864 5009 1992 5076 quin
2024 5010 2200 5076 potius
2223 5009 2343 5062 aliis
2375 5009 2619 5062 ﬁdelibus
2658 5010 2958 5073 accendunt
2987 5010 3249 5062 carbones
3276 5024 3396 5077 pec-

1451 5286 1677 5341 VARLE
1721 5285 2120 5342 LECTIONES.

288 5427 337 5464 ⁸³
368 5427 564 5500 ὁμοίως
590 5430 712 5484 add.
788 5433 851 5464 "'
880 5429 1177 5495 κατέλεξεν.
1251 5431 1337 5463 ⁸³⁸⁸
1375 5431 1465 5482 καὶ
1495 5432 1593 5482 ὅτι.

287 5563 670 5637 (3)-Ἔσταυρ,
709 5570 834 5621 Καὶ.
868 5566 941 5620 Μ.
989 5571 1155 5622 codex
1207 5567 1368 5627 Nam,
1417 5569 1746 5637 ἐσταυρώθη,

225 5634 455 5708 ὀμοίως
479 5635 596 5708 καί.
628 5635 741 5688 llos
769 5637 1019 5708 πολλάκις
1041 5652 1137 5704 pro
1152 5637 1462 5708 πλεονάκις.

287 5701 366 5766 (Δ)
404 5701 734 5756 Διδάσκειν.
772 5702 850 5757 ld.
885 5701 1055 5764 cod.,'
1080 5705 1378 5766 φυλάττειν.
1424 5705 1588 5756 Paulo
1632 5703 1747 5764 post

1684 5431 1728 5461 ³³
1759 5431 2023 5502 ιπιλείψῃ.

1855 5569 2107 5640 ξμμένειν
2132 5573 2194 5638 τῇ
2232 5569 2429 5640 πίστει,
2466 5570 2666 5624 omissa
2717 5571 3108 5640 pmpositione.
3161 5569 3276 5625 Mox
3308 5570 3384 5626 δεῖ

1854 5637 1996 5703 ἡμᾶς
2026 5639 2150 5699 εῖσ.,
2172 5637 2240 5692 ut
2278 5638 2329 5690 in
2363 5646 2510 5690 textu
2538 5641 2652 5692 Act.
2686 5637 2790 5705 xiv,
2823 5637 2908 5692 2t.
