4136 6466
237 393 342 455 497

1351 402 1432 462 ΙΝ
1468 406 1702 468 EPIST.
1734 407 1796 469 S.
1836 408 2064 469 PETRI
2099 409 2323 470 ALEX.

3347 408 3449 471 498

241 538 263 571 ε
303 521 499 584 οἵτινες
523 522 679 577 πλέον
706 523 955 578 ἁπάντων
973 522 1235 592 αἰσχύνην
1258 524 1350 576 καὶ
1379 525 1572 589 ὄνειδος
1591 526 1788 591 ἕξουσι,

1899 542 1917 576 ι
1961 534 2014 581 et
2038 525 2385 595 ignominiam
2402 525 2967 588 babebuut:sicutille
2998 530 3092 596 qui
3121 528 3436 583 fundamen-

241 627 263 659 ε
302 611 424 662 κατ’
458 612 660 665 ικεῖνον
692 612 781 665 τὸν
812 612 1090 665 τεθεικότα
1114 611 1378 682 θεμέλιον,
1404 615 1497 668 καὶ
1540 615 1613 686 μὴ
1644 616 1793 685 ἰσχύ-

243 716 264 751 ι
303 718 473 757 σαντα
518 703 812 757 ἐκτελέσαι·
845 703 1155 772 "ApEortat
1181 703 1308 776 γὰρ,
1349 707 1541 777 φησιν,
1574 707 1793 774 πάντες

242 809 265 842 ι
302 794 357 846 οι
385 795 925 862 παραπορευόμενοι
954 796 1252 865 ἐμπαίζειν
1268 801 1469 865 αὐτὸν,
1493 800 1787 869 λέγοντες·

242 897 264 932 ι
304 878 493 947 οὗτος
513 885 547 933 ὁ
570 882 873 950 ἄνθρωπος
920 886 1194 955 θεμέλιον
1234 888 1411 957 ἔθηκε
1450 890 1515 956 ³⁸,
1556 891 1651 943 καὶ
1682 892 1792 943 οὐκ

243 986 267 1022 ι
306 971 564 1040 ῐσχυσεν
590 972 916 1028 ἐκτελέσαι.
951 993 970 1026 ι

310 1059 501 1112 ΒΔΔΣ.
544 1061 679 1130 Περὶ
724 1064 1201 1136 αὐτομολησάντων
1233 1071 1312 1133 είς
1347 1070 1437 1124 τὸν
1468 1070 1560 1124 τοῦ
1592 1086 1795 1139 μαρτυ-

237 1148 357 1219 ρίου
384 1150 569 1217 ἀγῶνα
594 1151 891 1222 διαλεχθεὶς
921 1157 948 1208 ὁ
977 1157 1186 1229 Πατὴρ,
1223 1160 1317 1216 νῦν
1355 1163 1447 1215 καὶ
1489 1162 1613 1231 περὶ
1660 1160 1793 1231 κλη-

238 1238 407 1307 ρικῶν
432 1239 684 1294 τοιούτων
711 1242 801 1294 τὸν
825 1242 980 1311 λόγον
1008 1253 1263 1302 ποιεῖται’
1296 1252 1388 1305 καί
1418 1269 1596 1321 φησιν,
1621 1252 1715 1315 ὡς,
1745 1254 1793 1305 εί

234 1324 495 1395 κληρικδς
513 1330 902 1401 ηὐτομόλησεν,
933 1331 1049 1389 εἶτα
1074 1339 1146 1410 μὴ
1175 1341 1377 1407 στέγων
1404 1342 1500 1404 τὰς
1529 1342 1794 1411 τιμωρίας

233 1413 578 1479 ὲκπέπτωκε,
608 1419 704 1471 καὶ
733 1418 888 1483 αῦθις
927 1424 1004 1487 είς
1040 1427 1230 1479 ἑαυτὸν
1254 1429 1556 1496 γενόμενος,
1590 1430 1793 1482 ἀνεπά-

231 1501 389 1555 λαισε
437 1504 533 1575 τὴν
577 1507 782 1561 οἰκείαν
816 1509 1052 1579 πτῶσιν,
1101 1515 1195 1567 καὶ
1237 1514 1557 1583 Χριστιανὸν
1606 1517 1792 1569 ἑαυτὸν

231 1590 579 1662 ὡμολόγησεν
603 1596 831 1651 ὲνώπιον
855 1600 961 1652 τῶν
990 1602 1282 1671 τυράννων,
1307 1604 1336 1660 ὁ
1356 1605 1592 1667 τοιοῦτος
1613 1606 1793 1658 οῦκέτι

233 1683 294 1734 ἑν
318 1684 382 1750 τῇ
415 1681 721 1755 λειτουργίᾳ
744 1686 915 1749 ἔσται,
939 1689 1072 1741 διότι
1094 1690 1443 1744 καταλέλοιπε
1465 1694 1524 1745 τὸ
1546 1696 1793 1764 ποίμνιον

231 1771 329 1822 τοῦ
359 1771 594 1841 Κυρίου·
632 1777 725 1827 καὶ
748 1776 836 1828 διὰ
865 1778 923 1829 τὸ
949 1779 1316 1849 αὐτομολῆσαι
1362 1784 1452 1835 καλ¹
1492 1785 1564 1853 μὴ
1595 1803 1785 1855 καρτε·

1900 633 1919 666 ι
1965 626 2065 669 ιυιῐ
2108 614 2321 684 posuit,
2369 622 2421 668 et
2456 630 2558 668 non
2602 618 2773 685 potuit
2818 617 3117 687 perficere:
3178 616 3434 683 Inripient

1898 723 1917 755 ι
1955 704 2331 773 enim,inquit,
2366 720 2538 758 omnes
2570 708 2657 775 qui
2674 710 3176 776 prwtergredientur,
3204 724 3316 760 cum
3366 710 3431 761 il-

1898 811 1915 844 ι
1964 793 2155 858 ludere,
2186 794 2443 846 dicentes:
2473 793 2574 847 Hic
2590 796 2738 847 homo
2759 799 2930 863 posuit
2954 797 3365 863 fundamentum,
3384 808 3433 849 et

1898 900 1916 932 ι
1960 899 2064 936 non
2084 882 2251 951 potuit
2276 884 2520 951 perﬁcere
2556 895 2601 936 ι.
2647 902 2662 933 ι

1960 1053 2121 1109 Bas.
2165 1053 2239 1108 De
2269 1055 2336 1109 iis
2366 1054 2457 1123 qui
2495 1070 2585 1110 sua
2616 1043 2821 1122 sponte
2860 1052 2927 1104 ad
2976 1052 3218 1120 martyrii
3260 1060 3437 1104 certa-

1892 1160 2013 1199 men
2041 1144 2378 1215 confugiunt,
2402 1146 2617 1201 locutus
2634 1145 2810 1207 Pater,
2830 1157 2973 1197 nunc
2988 1142 3053 1197 de
3070 1140 3282 1195 clericis
3300 1156 3436 1208 quo-

1893 1251 1996 1305 que
2024 1236 2116 1304 qui
2152 1243 2280 1291 sunt
2310 1235 2576 1301 ejusmodi
2627 1234 2864 1302 loquitur
2900 1251 2914 1287 :
2968 1241 3022 1287 et
3040 1233 3182 1285 .dicit
3213 1231 3354 1299 quod
3390 1231 3435 1281 si

1892 1325 2123 1379 clericus
2165 1325 2230 1377 ad
2262 1332 2531 1377 certamen
2580 1338 2676 1377 sua
2714 1331 2906 1390 sponte
2952 1321 3214 1391 profugit,
3246 1320 3438 1374 deinde

1892 1428 2014 1467 cum
2047 1428 2154 1468 non
2177 1423 2353 1482 posset
2386 1412 2527 1464 ferre
2540 1419 2827 1473 tormenta,
2850 1411 3072 1477 excidit,
3094 1418 3147 1465 et
3173 1426 3293 1463 cum
3319 1424 3441 1461 rur-

1893 1519 1987 1558 sus
2017 1504 2081 1556 ad
2113 1519 2171 1558 se
2199 1502 2472 1563 rediisset,
2520 1502 2726 1569 lapsum
2762 1516 2919 1555 suum
2970 1502 3263 1565 revocavit,
3296 1506 3350 1554 et
3379 1514 3439 1553 se

1892 1607 2075 1648 coram
2112 1593 2358 1661 tyrannis
2388 1589 2760 1645 Christianum
2793 1591 3079 1647 confessus
3113 1600 3223 1657 est;
3254 1592 3302 1643 is
3332 1606 3440 1644 non

1891 1681 2121 1748 amplius
2150 1694 2304 1733 saera
2322 1681 2615 1732 ministeria
2640 1680 2827 1741 obibit,
2854 1694 2919 1731 eo
2933 1679 3074 1746 quod
3107 1693 3318 1746 gregem
3337 1677 3442 1729 Do-

1893 1770 2021 1822 mini
2053 1770 2329 1836 reliquerit
2354 1786 2368 1833 ;
2405 1778 2456 1822 et
2483 1784 2547 1822 eo
2575 1768 2717 1836 quod
2744 1782 2865 1819 cum
2899 1782 2996 1823 sua
3017 1768 3234 1835 quidem
3248 1775 3442 1835 spente

239 1861 402 1930 ρῆσαι
430 1861 527 1923 τὰς
554 1862 836 1929 βασάνους,
872 1866 1058 1935 μῶμον
1098 1873 1460 1940 προσήνεγκεν
1498 1852 1693 1943 ἐαυτῷ.
1723 1877 1788 1927 Τὸ

1893 1852 2213 1920 confugerit,
2243 1864 2295 1907 et
2318 1860 2583 1907 tormenta
2616 1852 2842 1906 sufferre
2886 1867 2991 1905 non
3029 1854 3285 1920 potuerit,
3336 1855 3440 1906 sibi

219 1950 293 2008 ⁸δὲ.
323 1952 730 2021 καταφρονῆσαι
761 1955 859 2023 τῆς
889 1956 1232 2022 διδασκαλίας
1265 1962 1357 2013 τοῦ
1386 1961 1514 2014 λαοῦ
1544 1966 1634 2016 καὶ
1663 1982 1794 2034 προ-

231 2040 570 2109 τιμήσασθαι
617 2043 678 2095 τὸ
716 2044 891 2114 ἑαυτῷ
919 2047 1224 2118 συμφέρον,
1276 2052 1393 2104 οὐδὲ
1427 2056 1471 2106 oi
1512 2054 1792 2107 ἀπόστολοι

233 2131 614 2199 πεποιήκασιν.
651 2133 709 2185 '0
741 2132 849 2203 γάρ
877 2135 1047 2203 μέγας
1080 2137 1305 2201 Παῦλος,
1335 2143 1471 2209 μετὰ
1511 2143 1569 2194 τὺ
1598 2144 1794 2206 πολλὰς

238 2217 506 2285 βασάνους
546 2221 852 2292 ὑπομεῖναι,
879 2227 1219 2296 κατανοήσας
1249 2233 1492 2300 κρεῖττον
1524 2229 1658 2286 εἶναι
1706 2235 1792 2286 τὸν

238 2304 353 2373 βίον
385 2307 667 2362 ἀπολιπεῖν
689 2348 704 2371 ,
739 2316 1137 2385 προετιμήσατο
1169 2314 1266 2386 ζῇν
1297 2318 1388 2370 καὶ
1420 2319 1792 2386 βασανίζεσθαι

233 2392 326 2446 διὰ
354 2394 754 2477 τὴνσωτηρίαν
786 2402 876 2453 καὶ
911 2401 1252 2457 διδασκαλίαν
1281 2406 1371 2459 τοῦ
1419 2408 1565 2460 λαοῦ.
1623 2410 1794 2462 Ἀναί-

239 2480 426 2551 σθητοι
461 2483 590 2551 γοῦν
625 2489 760 2540 είσιν
793 2490 840 2540 oi
878 2490 1150 2554 αἰτοῦντες
1194 2494 1291 2564 τὴν
1332 2495 1685 2565 λειτουργίαν,
1726 2494 1791 2568 ἦς

237 2569 512 2625 ὂύιλονταὶ
557 2575 959 2631 ἐκπεπτώκασι.
996 2580 1119 2641 Πῶς
1160 2582 1267 2652 γάρ
1305 2584 1543 2635 αἰτοῦσιν
1596 2585 1624 2635 δ
1661 2603 1793 2638 κατ-

234 2658 456 2723 έλιπον,
486 2661 769 2732 δυνάμενοι
816 2668 925 2729 τοῖς
964 2666 1205 2735 ἀδελφοῖς
1239 2668 1521 2738 εὔχρηστοι
1551 2669 1685 2725 εἶναι
1734 2676 1792 2728 ἐν

239 2747 418 2817 καιρῷ
465 2748 720 2820 τοιούτῳ,
772 2751 1006 2822 διωγμοῦ
1064 2754 1297 2827 δηλαδή;
1339 2758 1399 2810 El
1450 2760 1545 2827 μὲν
1592 2757 1684 2813 οὖν
1732 2762 1789 2815 οὐ

240 2836 577 2899 πεπτώκασι,
615 2841 795 2909 φησὶν,
831 2837 973 2911 εἶχον
1002 2841 1067 2896 ἂν
1103 2845 1429 2915 συγγνώμην
1462 2849 1552 2899 ἐπὶ
1582 2851 1646 2917 τῇ
1686 2867 1791 2902 πασ-

240 2924 455 2994 ραλόγῳ
483 2926 659 2979 αὐτῶν
702 2930 914 2999 πράξει,
943 2934 1039 3002 τῆς
1064 2933 1473 3004 αὐτομολήσεως
1504 2938 1720 3008 δηλαδὴ,
1758 2939 1790 3008 ἢ

236 3014 339 3082 τῆς
383 3017 508 3084 περὶ
544 3017 604 3069 τὸ
631 3017 897 3071 διδάσκειν
932 3022 1024 3072 καὶ
1066 3022 1337 3093 στηρίζειν
1381 3026 1503 3088 τοὺς
1535 3027 1791 3095 ἀδελφοὺς

240 3102 545 3171 ῥᾳθυμίας
581 3106 629 3156 εί
682 3105 737 3157 δὲ
790 3109 1138 3164 πεπτώκασιν
1185 3115 1249 3164 ὲκ
1296 3116 1639 3184 περπερείας,
1675 3118 1790 3184 ἦτοι

1896 1942 1994 2011 ipsi
2028 1943 2198 1994 labem
2238 1943 2436 1995 attulit.
2474 1943 2541 1995 Ut
2569 1950 2746 1996 autent
2801 1943 2982 2011 populi
3016 1944 3314 1997 doctrinam
3348 1960 3443 1998 ne-

1892 2030 2176 2098 gligerent,
2207 2039 2259 2081 et
2283 2045 2434 2082 suam
2474 2030 2758 2108 utilitatem
2794 2031 3127 2097 prmferrent,
3182 2046 3280 2084 nec
3314 2046 3444 2100 apo-

1895 2122 2017 2174 stoli
2043 2122 2300 2175 fecerunt.
2326 2121 2548 2189 Magnus
2564 2134 2701 2174 enin.
2725 2118 2942 2181 Paulus,
2969 2130 3249 2190 postquam
3276 2124 3441 2176 multa

1893 2218 2159 2263 tormenta
2207 2210 2484 2269 subiisset,
2545 2211 2851 2278 intelligens
2881 2213 3052 2263 multo
3076 2226 3196 2263 esse
3250 2212 3442 2264 melius

1893 2302 2056 2352 vitam
2087 2302 2413 2369 relinquere,
2442 2296 2630 2352 nialuit
2652 2301 2829 2354 vivere
2860 2309 2912 2353 et
2944 2302 3179 2369 torqueri
3223 2309 3442 2370 propter

1894 2388 2119 2441 salutem
2152 2397 2204 2441 et
2234 2389 2530 2442 doctrinam
2560 2389 2761 2456 populi.
2820 2385 2992 2441 Seusu
3044 2404 3173 2457 ergo
3221 2390 3442 2441 omnino

1892 2485 2099 2538 carent,
2124 2478 2214 2545 qui
2249 2487 2433 2544 petunt
2465 2492 2679 2529 sacrum
2724 2477 3107 2539 ministerium,
3148 2492 3175 2528 ει
3208 2492 3315 2546 quo
3342 2494 3440 2531 sua

1893 2575 2084 2632 sponte
2114 2568 2445 2620 exciderunt.
2478 2567 2757 2632 Quomodo
2788 2568 2929 2620 enim
2978 2575 3161 2634 petunt
3190 2568 3329 2635 quod
3359 2583 3443 2621 re-

1893 2654 2186 2721 liquerunt,
2220 2671 2342 2708 cum
2375 2658 2583 2725 possint
2612 2658 2663 2709 in
2690 2657 2788 2708 bac
2816 2663 3153 2723 tempestate,
3184 2668 3439 2724 persecu-

1892 2745 2055 2799 tionis
2083 2746 2307 2805 scilicet,
2342 2745 2603 2799 fratribus
2634 2762 2756 2799 esse
2783 2746 2985 2799 utiles?
3019 2745 3076 2798 Si
3103 2746 3284 2815 itaque
3330 2763 3438 2800 non

1891 2834 2233 2896 cecidissent,
2271 2835 2465 2903 inquit,
2501 2837 2620 2903 ejus
2654 2836 2796 2902 quod
2828 2845 3024 2893 praeter
3068 2837 3327 2888 rationem
3359 2837 3432 2891 fec

1892 2928 2115 2986 vissent.
2147 2926 2227 2980 eis
2260 2926 2482 2980 daretur
2499 2928 2677 2991 venia,
2705 2937 3015 2993 spontaneis
3056 2924 3435 2991 scilicetfugm,

1892 3014 1973 3067 vel
2008 3014 2061 3067 in
2091 3000 2350 3068 fratribus
2375 3014 2633 3067 docendis
2659 3022 2711 3065 et
2741 3013 3127 3066 conﬁrmandis
3157 3014 3435 3067 socordiae.

1894 3102 1989 3156 Sin
2017 3111 2192 3156 autem
2218 3111 2437 3170 propter
2452 3117 2604 3155 suam
2635 3102 2976 3155 insolentiam
3003 3112 3055 3154 et
3076 3104 3437 3171 arrogantiam

235 3169 572 3256 ἀλαζονείας,
603 3192 862 3263 [τοιοῦτον
885 3198 989 3267 γάρ
1008 3201 1122 3251 ἐστι
1150 3200 1208 3252 τὸ
1231 3169 1637 3273 καταιτολμῆσαι
1662 3169 1788 3274 ¹τέρο-

1893 3193 2029 3261 lapsi
2064 3201 2187 3246 sunt
2262 3194 2367 3245 tale
2405 3193 2546 3245 enim
2571 3200 2651 3245 est
2680 3207 2739 3246 se
2770 3199 2969 3246 temere
2998 3194 3277 3247 tormentis
3303 3193 3441 3262 obji-

235 3279 417 3342 πετῶς
447 3280 553 3333 τῶν
583 3282 825 3350 βασάνων
860 3287 951 3336 καὶ
987 3288 1058 3355 μὴ
1090 3289 1363 3357 ἐμμεῖναι.
1402 3292 1493 3341 καὶ
1520 3291 1604 3343 διὰ
1639 3291 1793 3343 τοῦτο

236 3370 767 3445 ἑθριαμδεύθησανο]
799 3376 977 3428 οὐκέτι
1020 3376 1269 3431 δύνανται
1314 3382 1658 3450 λειτουργεῖν.
1704 3382 1791 3434 Διὸ

237 3460 665 3531 φροπιξέτωσαν
705 3464 900 3532 μᾶλλον
941 3468 1053 3529 πῶς
1099 3471 1434 3523 ὲκτελέσουσι
1475 3474 1570 3541 τὴν
1605 3474 1789 3540 ὁμολο·

235 3551 365 3616 γίαν
403 3552 460 3601 ὲν
504 3555 982 3624 ταπεινοφροσύνῃ,
1039 3559 1370 3627 παυσάμενοι
1400 3561 1498 3627 τῆς
1545 3562 1650 3613 άπὸ
1698 3562 1789 3612 τοῦ

236 3637 420 3706 ζητεῖν
445 3639 543 3708 τὴν
570 3639 906 3709 λειτουργίαν
934 3644 1233 3707 κενοδοξίας
1250 3664 1263 3675 ο
1296 3649 1455 3715 ἀρκεῖ
1477 3647 1583 3718 γάρ
1612 3650 1791 3711 αὐτοῖς

227 3728 269 3795 λὴ
306 3727 441 3795 μετὰ
467 3729 572 3779 τῶν
610 3730 811 3782 πιστῶν
845 3734 1092 3784 mavortia
1122 3734 1209 3786 διὰ
1250 3735 1339 3787 δύο
1382 3738 1633 3806 γινομένη
1672 3740 1789 3791 τινὰ

238 3817 376 3887 μετὰ
417 3819 731 3882 ἐπιστασίας
776 3821 1032 3889 ἀκριϐοῦς
1069 3827 1160 3877 καὶ
1205 3826 1529 3895 οἰκονομίας.
1574 3828 1635 3879 Εἰ
1684 3831 1789 3898 γὰρ

234 3906 477 3975 εἴπωμεν
505 3908 576 3977 μὴ
623 3907 765 3977 ἔχειν
810 3908 1001 3972 αὐτοὺς
1047 3916 1421 3976 κοινωνικοὺς,
1469 3917 1684 3979 τούτους
1729 3934 1787 3969 τε

233 3995 566 4066 λυπήσομεν,
597 3998 672 4059 ώς
694 3998 1110 4069 ἀποφαινόμενοι
1142 4002 1277 4069 μετὰ
1310 4004 1448 4072 βίας,
1475 4007 1639 4074 ἤγουν
1672 4009 1790 4059 ἐπι-

231 4086 666 4154 ητιμημένους,
721 4088 963 4141 ἐντεῦθεν
1030 4090 1288 4143 ἀναλῦσαι
1344 4094 1575 4156 αὐτοὺς,
1622 4097 1786 4165 ἤγουν

234 4174 524 4227 ἀποθανεῖν
547 4191 560 4205 ·
597 4178 688 4228 καὶ
716 4179 839 4240 τοὺς
868 4178 1054 4241 ἄλλους
1089 4180 1142 4232 δὲ
1177 4182 1503 4246 ἐκπεσόντας
1540 4186 1665 4247 ἴσως
1697 4189 1788 4239 καὶ

235 4265 587 4333 βουλομένους
611 4267 939 4336 ὑποστρέψαι
972 4271 1052 4331 είς
1074 4271 1133 4322 τὸ
1155 4271 1378 4337 άγαθδν,
1410 4274 1592 4327 ὲκλελυ
1600 4277 1788 4345 μένους

234 4354 373 4424 πρὸς
400 4354 555 4405 τοῦτο
583 4356 673 4406 καὶ
703 4357 921 4426 ἀμελεῖς
947 4359 1260 4428 ποιήσομεν,
1297 4364 1786 4432 προφασιζομένους

1891 3297 2013 3337 cere
2036 3282 2253 3343 audere,
2284 3296 2383 3334 nec
2414 3296 2571 3348 posse
2591 3283 2842 3343 tolerare,
2869 3291 2923 3335 et
2951 3290 3232 3350 propterea
3261 3284 3327 3337 de
3356 3285 3436 3341 eis

1892 3372 2197 3439 triumphus
2228 3380 2379 3425 actus
2430 3369 2556 3440 est),
2600 3385 2708 3423 non
2761 3382 2990 3439 possunt
3026 3373 3257 3440 amplius
3282 3386 3435 3427 sacra

1891 3460 2189 3513 ministeria
2207 3460 2376 3513 obire.
2389 3458 2751 3524 Quamobrem
2775 3462 2943 3530 magis
2961 3472 3150 3515 curent
3168 3466 3440 3532 quomodo

1890 3548 2285 3602 confessionem
2313 3546 2366 3599 in
2404 3547 2707 3600 humilitate
2760 3557 3038 3616 peragant,
3100 3559 3377 3605 cessantes
3407 3567 3436 3605 a

1890 3652 2026 3689 rana
2056 3638 2222 3705 gloria
2267 3650 2479 3689 sacrum
2512 3636 2874 3689 ministerium
2928 3637 3141 3706 petendi
3176 3657 3189 3693 :
3244 3638 3440 3693 suﬁicit

1889 3728 2031 3780 enim
2074 3727 2151 3778 cis
2186 3739 2307 3777 cum
2340 3723 2590 3777 fidi-libus
2614 3726 2944 3786 communio,
2976 3742 3095 3795 qua:
3130 3727 3187 3780 fit
3222 3738 3440 3797 propter

1889 3817 2017 3878 duo,
2048 3815 2290 3884 diligenti
2320 3816 2569 3866 cautione
2601 3827 2855 3883 reetoque
2884 3816 3133 3870 consilio.
3187 3815 3241 3869 Si
3293 3820 3435 3870 enim

1888 3907 2182 3961 dixerimus
2233 3921 2331 3960 nos
2379 3921 2473 3959 eos
2508 3921 2613 3958 non
2641 3905 2837 3959 habere
2862 3920 2959 3974 pro
2990 3908 3439 3959 communicanti-

1889 3997 2009 4060 bus,
2040 4005 2093 4049 et
2117 4010 2210 4050 eos
2240 3995 2486 4049 molestia
2517 3995 2811 4049 aﬂicietnus
2833 4005 3084 4065 tanquam
3116 3997 3437 4050 sententiam

1892 4089 2145 4153 ferentes,
2176 4103 2290 4151 eos,
2328 4090 2397 4151 vi,
2436 4103 2532 4141 seu
2561 4088 2870 4149 mulctatos,
2902 4088 3029 4141 hinc
3067 4089 3307 4151 dissolvi,
3341 4105 3436 4143 seu

1890 4178 2059 4243 mati;
2090 4188 2143 4230 et
2173 4178 2309 4231 alios
2344 4190 2560 4245 quoque
2590 4177 2680 4243 qui
2740 4176 2971 4231 fortasse
3016 4178 3150 4246 lapsi
3200 4187 3353 4241 sunt,
3385 4186 3438 4232 et

1888 4269 2073 4321 volunt
2101 4267 2166 4319 ad
2199 4268 2341 4335 quod
2378 4267 2573 4320 bonum
2604 4274 2684 4319 est
2717 4265 2916 4329 redire,
2954 4269 3211 4321 remissos
3239 4268 3304 4321 ad
3338 4271 3438 4323 lioc

1888 4365 1938 4410 ct
1961 4355 2629 4425 negligentes.eﬂiciemus,
2663 4365 2952 4409 causantes
2973 4371 3031 4410 se
3062 4356 3305 4410 fidelibus
3329 4374 3437 4410 non

231 4445 292 4495 τὸ
327 4445 400 4513 μὴ
431 4445 639 4510 μέλλειν
662 4447 854 4508 αὐτοὺς
883 4444 1026 4500 εἶναι
1052 4453 1395 4513 κοινωνικοὺς
1420 4456 1531 4515 τοῖς
1558 4458 1783 4518 πιστοῖς,

1890 4461 2011 4500 esse
2039 4446 2537 4499 communicaturus
2565 4484 2578 4505 .
2625 4445 2834 4499 etiamsi
2887 4454 3007 4513 post
3039 4448 3244 4514 lapsum
3281 4448 3436 4501 fidem

230 4533 337 4584 xiv
384 4532 749 4601 ὁμολογήσωσι
797 4536 895 4605 τὴν
944 4538 1122 4592 πίστιν
1167 4540 1299 4607 μετὰ
1348 4543 1445 4610 τὴν
1481 4543 1781 4596 ἔκπτωσιν·

230 4622 446 4681 οῖτινες,
479 4621 551 4688 μὴ
581 4623 1014 4691 ἐπιστρέφοντες,
1057 4627 1215 4679 πλέον
1245 4630 1496 4682 ἁπάντων
1535 4632 1619 4683 ἵνα
1651 4635 1786 4684 ὀνει-

228 4709 452 4762 δισθῶσι
471 4712 562 4761 καὶ
582 4711 935 4779 αἰσχυνθῶσιῐ
962 4716 1101 4769 καθὰ
1123 4717 1173 4785 (Ῑ
1205 4718 1363 4787 κατὰ)
1378 4720 1465 4771 τὸν
1487 4722 1783 4792 ποιήραντα

231 4798 333 4866 μὲν
359 4796 605 4865 θεμέλιον
621 4837 636 4860 ,
668 4799 740 4869 μὴ
772 4801 1131 4872 πληρώσαντα
1155 4804 1210 4857 δὲ
1226 4806 1446 4875 οἴκημα.
1468 4807 1650 4878 Τούτῳ
1678 4810 1783 4879 γὰρ

226 4887 468 4938 ἐοίκασιν
504 4889 551 4938 οί
594 4889 726 4957 πρὸς
761 4890 1019 4958 βασάνους
1051 4894 1509 4964 αὐτομολήσαντες
1557 4899 1654 4966 μὲν
1697 4900 1781 4951 διὰ

226 4974 463 5044 Χριστὸν
504 4976 596 5026 καὶ
637 4976 796 5026 οἱονεὶ
830 4978 988 5029 καλὸν
1037 4978 1250 5048 θέμενοι
1280 4980 1550 5049 θεμέλιον,
1587 4984 1659 5052 μὴ
1689 4984 1781 5035 δυ-

222 5064 480 5134 νηθέντες
506 5064 562 5116 δὲ
605 5065 884 5117 τελειῶσαι
914 5067 973 5118 τὺ
1017 5068 1176 5121 καλὸν
1222 5071 1307 5123 διὰ
1356 5074 1451 5141 τὴν
1493 5072 1778 5125 ἔκπτωσιν.

222 5153 537 5222 Σημείωσαι
588 5149 711 5217 οὖν,
741 5155 821 5206 ὅτι
866 5156 983 5208 οὐδὲ
1028 5159 1059 5226 ὴ
1112 5159 1199 5211 διὰ
1255 5161 1483 5228 Χριστὸν
1527 5162 1781 5229 ὁμολογία

220 5242 562 5310 ἁποκαθιστᾷ
595 5243 685 5295 τὸν
724 5245 867 5307 ἅπαξ
911 5248 976 5297 ἐκ
1018 5246 1111 5299 τοῦ
1145 5248 1342 5318 κλήρου
1382 5249 1779 5314 άποξενωθέντα

219 5333 311 5385 διὰ
342 5334 440 5401 τὴν
472 5333 759 5387 ἔκπτωσιν.

294 5498 319 5524 ιι
356 5482 485 5535 Luc.
525 5500 627 5535 τιν.
650 5485 735 5543 '29.
771 5488 857 5539 Si).

1888 4535 2123 4590 confeSsi
2156 4536 2385 4590 fuerint:
2418 4537 2507 4605 qui
2542 4537 2585 4588 si
2612 4551 2717 4589 non
2748 4543 3149 4597 convertantur,
3175 4536 3293 4604 plus
3314 4551 3436 4605 ρι’ον

1887 4627 1972 4679 bri
2005 4638 2057 4679 et
2090 4626 2396 4694 ignominiaa
2420 4639 2578 4692 quam
2594 4616 2780 4678 omnes
2800 4624 3156 4691 susceperint,
3175 4641 3367 4693 querna
3385 4629 3428 4677 l-

1890 4717 2104 4770 modutn
2133 4726 2185 4769 et
2216 4716 2304 4783 qui
2338 4714 2462 4767 fecit
2493 4713 2924 4775 fundamentum,
2949 4750 2959 4767 .
2983 4712 3201 4765 domum
3256 4725 3433 4767 autem

1888 4820 1994 4859 non
2023 4805 2260 4873 perfecit.
2284 4802 2342 4855 Ei
2366 4804 2509 4857 enim
2544 4810 2671 4855 sunt
2699 4801 2922 4862 similes,
2951 4803 3042 4869 qui
3068 4802 3129 4854 ad
3171 4811 3433 4855 tormenta

1887 4895 2103 4963 quidem
2149 4901 2365 4961 propter
2418 4891 2693 4945 Christum
2746 4889 3124 4957 confugerunt,
3175 4900 3221 4941 et
3272 4892 3432 4942 vt'slnti

1889 4983 2112 5050 pulchro
2136 4982 2281 5049 jacto
2329 4980 2700 5041 fundamento,
2737 4978 2787 5030 id
2816 4977 2957 5045 quod
3011 4977 3293 5031 honestum
3328 4990 3429 5034 cst.

1888 5071 2143 5139 perlicere
2168 5077 2384 5138 propter
2412 5069 2620 5136 lapsum
2649 5082 2754 5119 nou
2792 5075 3100 5134 potuerunt.
3129 5066 3261 5117 Nota
3282 5081 3431 5131 ergo,

1887 5158 2026 5227 quod
2073 5174 2138 5210 ne
2182 5156 2453 5208 confessio
2486 5156 2699 5223 quidem
2729 5163 2944 5221 propter
2973 5155 3244 5207 Clu-istim;
3280 5157 3427 5206 rest;-

1888 5253 1988 5299 tuit
2015 5263 2158 5308 etnn,
2182 5246 2275 5314 qui
2302 5245 2465 5299 semel
2501 5259 2530 5296 ιι
2570 5245 2716 5296 clero
2750 5244 3082 5299 abalienatus
3111 5251 3192 5297 est
3216 5250 3433 5317 propter

1887 5340 2115 5407 lapsum.

1517 5599 1739 5656 ‘MRM‘:
1783 5600 2174 5655 LECTIONES.

323 5712 370 5746 δ’
408 5710 523 5764 siC;
556 5727 635 5762 κε.
