4136 6454
719 359 826 424 ιω

1957 371 2232 436 mmo.
2272 371 2665 457 BAL§AMON

3841 371 3932 434 500

785 483 989 536 Zosas.
1023 481 1096 537 De
1127 483 1194 537 iis
1219 484 1311 552 qul
1345 498 1403 538 se
1427 485 1570 537 ultro
1587 486 1833 555 martyrii
1856 488 2141 541 certamini
2171 488 2259 540 ob-

2439 485 2681 540 ZQNAP.
2720 485 2856 555 Περὶ
2895 487 3375 556 αὐτομολησάντων
3417 488 3498 550 είς
3539 489 3631 540 τὸν
3666 489 3762 542 τοῦ
3796 507 3928 563 pag.-

712 572 958 643 jecerunt
988 573 1202 626 locutus
1228 571 1406 635 Pater,
1459 590 1604 627 nunc
1647 575 1714 627 de
1745 577 1962 630 clericis
2008 578 2100 645 qui
2130 578 2268 631 idem

716 661 957 716 fecerunt
979 662 1274 715 orationem
1296 663 1526 716 instituit
1555 683 1568 717 :
1601 673 1761 732 atque
1792 666 2046 719 clericum
2080 668 2125 719 si
2147 668 2270 736 quis

715 755 945 808 seultro
997 752 1222 815 dedidit,
1271 767 1392 805 mox
1438 754 1545 805 vim
1597 762 1992 808 tormentorum
2050 758 2270 809 minime

713 843 990 910 perferens
1018 843 1200 909 lapsus
1235 850 1338 900 est.
1373 857 1434 893 ac
1467 857 1684 895 rursum
1704 859 1762 896 se
1796 845 1973 911 ipsum
2007 846 2269 914 colligens

714 933 890 984 denuo
922 947 978 983 se
1005 930 1068 982 ad
1102 937 1376 984 certamen
1401 931 1592 993 erexit,
1616 946 1677 984 ac
1708 947 1766 985 se
1781 933 2149 986 Christianum
2176 949 2270 986 co-

713 1039 828 1078 ram
854 1020 1097 1090 tyrannis
1128 1029 1210 1071 est
1237 1019 1531 1088 professus,
1567 1035 1672 1073 non
1705 1036 1826 1074 esse
1859 1022 2125 1088 ejusmodi
2175 1023 2269 1074 lio-

714 1113 911 1163 minem
952 1110 1013 1160 ad
1049 1123 1203 1160 sacra
1240 1108 1535 1161 ministeria
1567 1110 1798 1176 amplius
1851 1109 2263 1162 admittendum.

711 1203 1047 1268 Causamqtte
1073 1200 1352 1266 subjungit
1383 1218 1396 1251 :
1450 1200 1574 1266 quia
1610 1199 1866 1251 nimirum
1905 1199 2114 1253 Domini
2147 1215 2267 1269 gre-

710 1309 826 1360 gem
852 1293 1108 1352 deseruit,
1140 1305 1200 1342 ac
1233 1306 1296 1344 ex
1339 1306 1403 1343 eo
1431 1292 1573 1357 quod
1624 1299 1817 1358 sponte
1855 1307 1912 1345 se
1943 1291 2143 1356 objecit
2173 1292 2268 1344 lio-

710 1384 905 1442 slibns,
947 1396 1118 1447 neque
1168 1387 1483 1433 constanter
1531 1388 1797 1432 tormenta
1831 1381 2074 1448 pertulit,
2117 1381 2268 1449 igno-

711 1473 928 1523 miniam
961 1471 1061 1522 sibi
1087 1469 1186 1537 ipsi
1212 1469 1538 1522 conciliavit.
1579 1468 1646 1521 Ut
1673 1477 1851 1521 autem
1878 1472 2060 1539 populi
2106 1471 2265 1523 insti-

711 1564 970 1614 tutiuneiu
994 1566 1422 1620 contemnerent,
1458 1573 1717 1626 suamque
1732 1559 2025 1612 utilitatem
2055 1562 2266 1614 cznleris

706 1651 962 1702 outtiibus
996 1649 1346 1708 anteferrent,
1377 1647 1476 1716 17
1513 1661 1579 1699 ne
1611 1647 1838 1714 apostoli
1867 1648 2086 1714 quidem
2119 1647 2260 1702 fece-

710 1753 852 1790 runt.
876 1739 1094 1805 Magnus
1113 1751 1342 1802 namque
1364 1735 1580 1795 Paulus,
1600 1748 1719 1787 cum
1739 1735 1936 1788 multos
1951 1736 2263 1802 pertulisset

711 1830 1008 1886 cruciatus.
1041 1827 1378 1892 sentiretque
1409 1826 1601 1877 utilius
1625 1840 1747 1879 esse
1769 1826 1873 1879 sibi
1909 1825 2074 1879 vitam
2096 1827 2262 1880 relin-
2296 1805 2338 1860 Β

709 1933 894 1986 quere,
925 1925 982 1969 ut
1009 1916 1187 1983 populi
1224 1915 1381 1966 saluti
1437 1930 1498 1966 ac
1554 1915 1881 1968 institutioni
1935 1920 2264 1981 consuleret,

704 2011 868 2060 vitam
921 2006 1022 2058 sibi
1063 2020 1125 2057 ac
1168 2010 1433 2058 tormenta
1475 2005 1682 2070 potiora
1720 2005 1894 2057 duxit.
1948 2004 2182 2060 Promde
2213 2016 2268 2060 et

706 2095 1132 2150 seususomniuo
1163 2101 1407 2160 expertes
1423 2108 1516 2146 eos
1544 2093 1900 2156 demonstrat.
1926 2095 2017 2163 qui
2047 2111 2263 2149 sacrum

707 2183 807 2235 sibi
842 2181 1203 2232 ministerium
1232 2179 1552 2246 deposcunt,
1582 2194 1609 2230 a
1645 2195 1752 2247 quo
1780 2184 2020 2235 volentes
2051 2184 2266 2250 ipsimct

705 2265 1052 2327 exciderunt
1075 2269 1206 2321 Nam
1241 2285 1348 2335 quo
1381 2270 1560 2329 modo,
1620 2270 1830 2338 inquit,
1880 2271 1930 2323 id
1966 2274 2259 2339 postulant,

704 2363 845 2432 quod
906 2362 1192 2428 reliquere,
1219 2375 1341 2412 cum
1361 2359 1626 2424 ejusmodi
1653 2368 1909 2428 tempore,
1929 2363 2263 2415 excitataevi-

705 2456 894 2507 tlclzccl
911 2451 1318 2519 persecutionis,
1335 2464 1528 2517 magno
1544 2449 1798 2503 fratribus
1816 2452 2125 2518 adjumento
2140 2468 2260 2506 esse

705 2546 966 2616 possent?
997 2543 1243 2606 Quandiu
1277 2542 1437 2610 igitur
1465 2557 1493 2592 a
1526 2543 1677 2610 lapsu
1710 2543 1978 2598 immunes
2003 2544 2256 2605 fuissent,

702 2638 910 2687 veniam
936 2634 1294 2686 obtinuissent
1325 2631 1554 2684 actionis
1609 2641 1810 2685 temere
1857 2646 2144 2700 suscepta.
2197 2651 2256 2689 se

701 2726 954 2777 nimirum
981 2720 1306 2774 adversariis
1322 2720 1463 2771 ultro
1494 2718 1775 2780 oﬂerendi,
1811 2722 1892 2773 vel
1925 2722 1976 2772 in
1996 2722 2253 2774 erudien-

700 2816 782 2868 dis
820 2814 1075 2865 fratribus
1093 2809 1354 2864 socordia
1391 2809 1525 2861 Cum
1559 2823 1687 2859 vero
1715 2811 2028 2892 ceciderint,
2056 2813 2255 2879 quippe

701 2905 792 2972 qui
819 2919 1092 2970 perperam
1109 2899 1332 2968 egerint,
1366 2911 1520 2950 sacra
1537 2897 1835 2948 ministeria
1855 2898 2005 2950 obire
2021 2900 2253 2966 amplius

701 2995 840 3050 haud
899 2993 1302 3062 permittuntur.
1341 2987 1396 3042 Si
1434 3001 1584 3056 ergo,
1623 2985 1816 3053 inquit,
1853 2986 2073 3039 minime
2108 2987 2251 3039 ceci-

698 3087 926 3144 dissent,
962 3083 1168 3135 veniam
1195 3082 1574 3146 impetrassent
1605 3078 1673 3129 ob
1704 3092 1942 3144 ipsorum
1981 3092 2007 3127 a
2043 3079 2250 3129 ratione

697 3178 924 3228 alienam
959 3172 1219 3222 actionem
1247 3186 1262 3232 ',
1307 3169 1574 3220 actionem
1604 3182 1631 3218 a
1666 3168 1871 3218 ratione
1901 3167 2126 3218 alienam
2160 3184 2249 3217 vo-

694 3285 848 3327 cans,
885 3281 990 3317 non
1026 3263 1199 3316 sulum
1231 3259 1370 3328 quod
1404 3276 1462 3313 se
1491 3259 1741 3312 hostibus
1771 3259 2098 3319 dediderint,
2157 3259 2249 3313 sed

691 3358 872 3427 potius
901 3353 1044 3423 quod
1073 3351 1408 3404 deseruerint
1436 3364 1652 3417 gregem
1676 3348 1908 3406 Domini.
1948 3363 2046 3402 nec
2074 3349 2246 3416 ipsum

697 3446 1068 3507 rnstodierint,
1101 3458 1162 3495 ac
1201 3441 1394 3494 fratres
1421 3441 1512 3509 qui
1561 3440 1954 3507 persecutionis
2009 3449 2250 3506 tempore

700 3539 1029 3590 vexabantur
1049 3533 1444 3600 confirmarint.
1482 3531 1538 3583 Si
1569 3546 1696 3583 vero
1727 3531 2042 3586 ceciderunt
2077 3547 2140 3584 ex
2186 3545 2250 3583 eo

691 3631 833 3698 quod
857 3647 913 3683 se
945 3642 1223 3697 perperam
1261 3626 1550 3693 gesserint,
1593 3627 1902 3692 superbiam
1936 3627 2042 3686 hic,
2077 3635 2129 3678 et
2161 3641 2246 3677 ar-

692 3722 1025 3789 rogantiam;
1074 3719 1170 3785 τὴν
1200 3713 1529 3783 πέρτιερείαν
1580 3729 1802 3776 vocans,
1828 3714 1970 3780 quod
1998 3729 2060 3766 ex
2095 3728 2246 3764 arro-

691 3811 871 3881 gantia
905 3809 1152 3864 ﬁduciam
1181 3808 1236 3859 in
1266 3821 1324 3860 se
1364 3808 1496 3874 ipsis
1529 3820 1756 3873 posuere
1780 3845 1793 3866 ,
1849 3805 2243 3858 dissolverant.

691 3897 796 3969 que
825 3907 1119 3960 certamen,
1151 3912 1213 3948 ac
1247 3911 1308 3950 se
1358 3896 1505 3966 ipsos
1537 3897 1909 3964 vituperarunt
1943 3912 1958 3958 ;
2010 3894 2110 3946 hoc
2137 3903 2241 3952 est,

692 3993 796 4045 sibi
821 3989 950 4057 ipsis
985 3989 1247 4040 maculam
1280 3987 1351 4040 ob
1379 3988 1588 4056 lapsum
1627 3987 1971 4047 inusserunt,
2001 3985 2053 4038 in
2089 3999 2246 4038 sacro

692 4079 992 4134 ministerio
1025 4076 1227 4130 versari
1274 4076 1404 4141 ipsis
1453 4075 1684 4143 amplius
1735 4073 1876 4127 haud
1922 4074 2068 4128 licet.
2106 4072 2242 4126 Pro-

691 4179 872 4244 pterea
896 4171 1166 4229 studeant,
1195 4164 1386 4232 inquit,
1414 4165 1592 4234 potius
1616 4165 1670 4218 in
1699 4164 2000 4218 humilitate
2027 4163 2242 4217 confes-

682 4259 894 4309 sionem
921 4267 1197 4321 peragere,
1217 4259 1495 4304 cessantes
1516 4252 1764 4306 videlicet
1787 4254 1854 4305 ab
1876 4254 2019 4305 inani
2043 4253 2240 4320 gloria.

687 4344 840 4409 Quod
885 4344 1027 4396 enim
1079 4353 1235 4396 sacro
1278 4339 1578 4392 ministerio
1623 4339 1822 4393 ascribi
1863 4343 2156 4410 postulent,
2209 4354 2239 4392 a

2369 579 2552 646 τυρίου
2606 576 2822 644 ἀγῶνα,
2873 576 3165 644 διαλεχθεὶς
3194 579 3222 628 ό
3277 578 3496 648 Πατὴρ,
3539 578 3634 631 νῦν
3681 580 3777 632 καὶ
3809 583 3926 650 περὶ

2371 665 2643 734 κληρικῶν
2694 664 2946 716 τοιούτων
2977 664 3066 716 τὸν
3113 665 3267 731 λόγον
3300 670 3565 719 ποιεῖται·
3607 669 3702 719 καί
3749 684 3924 736 φησιν,

2368 753 2463 815 ὡς,
2501 757 2546 805 εἰ
2588 754 2841 824 κληρικδς
2881 753 3265 821 ηὐτομόλησεν,
3317 751 3433 808 εἶτα
3472 755 3546 825 μὴ
3598 758 3804 821 στέγων
3835 757 3926 819 τὰς

2368 842 2634 910 τιμωρίας
2664 842 3003 902 ἐκπέπτωκε,
3030 841 3123 893 καὶ
3151 836 3303 904 αὖθις
3330 843 3407 902 είς
3433 843 3624 894 ἐαυτὸν
3649 846 3928 912 γενόμενος

2368 930 2694 982 ἀνεπάλαισε
2710 929 2806 998 τὴν
2833 929 3035 982 οἰκείαν
3055 928 3278 990 πτῶσιν,
3297 930 3390 980 καὶ
3408 930 3729 999 Χριστιανὸν
3746 932 3927 982 ἑαυτὸν

2367 1019 2711 1088 ὡμολόγησεν
2732 1019 2958 1071 ἐνώπιον
2978 1019 3086 1071 τῶν
3113 1019 3408 1088 τυράννων.
3431 1023 3458 1071 ὁ
3486 1019 3725 1082 τοιοῦτος
3753 1022 3929 1072 οὐκέτι

2368 1110 2423 1159 ἐν
2452 1113 2515 1178 τῇ
2542 1109 2849 1178 λειτουργίᾳ
2887 1109 3056 1162 ἔσται.
3084 1110 3192 1161 Καὶ
3232 1111 3331 1178 τὴν
3361 1110 3536 1161 αἰτίαν
3564 1111 3796 1176 ἐπάγει·
3842 1111 3928 1178 ἣδε

2367 1199 2511 1250 ἐστίν
2531 1215 2544 1228 ο
2575 1200 2654 1251 ὅτι
2685 1200 2939 1251 κατέλιπε
2971 1199 3031 1252 τὸ
3061 1201 3306 1269 ποίμνιον
3342 1200 3435 1252 τοῦ
3467 1202 3691 1270 Κυρίου,
3731 1203 3825 1256 καὶ
3847 1201 3930 1253 διὰ

2366 1291 2426 1341 τὸ
2457 1291 2822 1360 αὐτομολῆσαι
2865 1291 2958 1342 καὶ
2994 1291 3068 1361 μὴ
3119 1291 3452 1361 καρτερῆσαι
3504 1291 3599 1352 τάς
3631 1291 3928 1359 βασάνους,

2369 1380 2558 1449 μῶμον
2593 1383 2959 1451 προσήνεγκεν
2984 1380 3175 1450 ἐαυτῷ.
3207 1380 3279 1432 Τδ
3314 1379 3368 1432 δέ
3397 1382 3929 1452 καταφρονῆσαιιτῆς

2364 1469 2706 1534 διδασκαλίας
2734 1472 2826 1523 τοῦ
2860 1471 3008 1536 λαοῦ,
3045 1473 3138 1525 καὶ
3168 1472 3602 1542 προτιμήσασθαι
3627 1472 3692 1522 τὸ
3723 1473 3929 1532 ἑαυτοῖς

2367 1561 2660 1630 συμφέρον,
2708 1562 2825 1614 οὐδὲ
2874 1564 2923 1614 ol
2975 1561 3257 1614 ἀπόστολοι
3301 1563 3683 1630 πεποιήκασιν.
3722 1562 3780 1612 ὐ
3828 1562 3928 1630 γὰρ

2369 1649 2537 1716 μέγας
2571 1649 2800 1713 Παῦλος,
2832 1651 2967 1720 μετά
3005 1651 3065 1703 τὺ
3094 1651 3292 1713 πολλάς
3322 1651 3584 1719 βασάνους
3624 1653 3928 1719 ὑπομεῖναι,

2367 1741 2705 1808 κατανοήσας
2733 1744 2975 1810 κρεῖττον
3008 1737 3147 1796 εἷναι
3174 1743 3264 1794 τὸν
3299 1741 3412 1810 βίον
3442 1741 3746 1810 ἀπολιπεῖν,
3804 1758 3928 1811 προ-

2368 1831 2661 1899 ετιμήσατο
2692 1831 2787 1900 ζῇν
2832 1833 2923 1884 καὶ
2972 1831 3355 1899 βασανίζεσθαι
3385 1831 3473 1883 διά
3517 1831 3614 1901 τὴν
3664 1833 3927 1900 σωτηρίαν

2367 1919 2458 1969 καὶ
2499 1918 2840 1971 διδασκαλίαν
2882 1919 2975 1972 τοῦ
3008 1919 3154 1972 λαοῦ.
3193 1919 3299 1982 Οὓς
3346 1919 3440 1972 καὶ
3488 1920 3626 1972 πάνυ
3676 1919 3925 1988 ἀναισθη-

2366 2024 2489 2069 τους
2543 2010 2893 2076 ἀποφαίνεται
2919 2048 2933 2070 ,
2973 2008 3256 2071 αίτοῦντας
3300 2009 3395 2080 τὴν
3443 2008 3817 2078 λειτουργίαν,
3866 2007 3925 2079 ἧς

2366 2084 2636 2150 ἐθελονταὶ
2664 2099 3074 2153 ἐκπεπτώκασι.
3112 2099 3234 2161 Πῶς
3259 2099 3384 2168 γάρ,
3416 2101 3600 2166 φησιν,
3631 2099 3874 2151 αίτοῦσιν
3901 2100 3934 2150 ό

2365 2188 2670 2247 κατέλιπον,
2717 2189 3000 2257 δυνάμενοι
3027 2191 3136 2252 τοῖς
3173 2189 3415 2256 ἀδελφοῖς
3457 2187 3744 2256 εὖχρηστοι
3793 2186 3924 2239 εἶναι

2361 2277 2418 2326 ἐν
2452 2277 2624 2344 καιρῷ
2662 2278 2912 2346 τοιούτῳ,
2959 2276 3194 2346 διωγμοῦ
3239 2277 3475 2346 δηλαδης
3510 2279 3653 2340 Ἕως
3698 2281 3794 2347 μὲν
3839 2276 3922 2332 οὖν

2361 2366 2643 2416 ἀπταιστοι
2677 2362 2834 2434 ἦσαν,
2870 2368 3195 2436 συγγνώμην
3229 2365 3370 2437 εἶχον
3403 2371 3498 2420 ἐπὶ
3525 2372 3589 2437 τῇ
3636 2369 3922 2439 παραλόγῳ

2360 2455 2538 2506 αὐτῶν
2583 2458 2796 2525 πράξει,
2841 2460 2906 2525 τῇ
2944 2459 3297 2526 αὑτομολήσει
3343 2459 3558 2528 δηλαδὴ,
3604 2460 3634 2526 ἢ
3682 2463 3745 2527 τῇ
3804 2463 3920 2527 napi

2356 2546 2416 2597 τὸ
2453 2546 2718 2598 διδάσκειν
2757 2548 2882 2608 τοὺς
2915 2547 3173 2614 ἀδελφοὺς
3206 2548 3477 2616 ῥᾳθυμίαν
3523 2548 3612 2598 ὅτε
3638 2547 3694 2597 δὲ
3741 2548 3918 2598 ἐπται-

2359 2652 2476 2695 σαν,
2516 2637 2589 2697 ὠς
2623 2637 2686 2689 ἀν
2735 2639 3258 2707 περπερευσάμενοι.
3302 2638 3481 2690 οὐκέτι
3524 2635 3780 2689 δύνανται
3823 2637 3916 2688 λει⁸

2357 2729 2618 2795 τουργεῖν.
2665 2729 2724 2779 El
2763 2729 2858 2796 μὲν
2898 2725 2989 2780 οὖν
3029 2730 3090 2780 οὑ
3139 2727 3484 2790 πεπτώκασι,
3538 2728 3736 2796 φησιν,
3785 2723 3917 2795 εἶχον

2357 2815 2422 2868 ἂν
2476 2817 2799 2885 συγγνώμην
2858 2819 2949 2869 ἐπὶ
2993 2821 3058 2886 τῇ
3110 2817 3426 2886 παραλόγως
3463 2816 3641 2870 αὐτῶν
3692 2817 3914 2887 πράξειο

2357 2906 2660 2973 παράλογον
2696 2907 2890 2974 πρᾶξιν
2935 2907 2994 2959 οὐ
3025 2907 3086 2958 τὸ
3121 2907 3482 2975 αὐτομολῆσαι
3519 2908 3677 2976 μόνον
3722 2907 3913 2969 καλῶν,

2355 2997 2487 3047 ἀλλά
2527 2997 2722 3065 μᾶλλον
2754 2998 2813 3048 τὸ
2847 3001 3159 3049 καταλιπεῖν
3189 2999 3250 3049 τὸ
3289 2999 3533 3067 ποίμνιον
3560 2997 3653 3050 τοῦ
3692 3000 3912 3068 Κυρίου,

2356 3085 2548 3154 καὶμὴ
2594 3087 2930 3154 παραμένειν
2967 3087 3111 3155 αὑτῴ
3147 3090 3236 3139 καὶ
3288 3087 3558 3156 στηρίζειν
3602 3091 3728 3149 τοὺς
3770 3088 3911 3140 ἀδέλ-

2353 3179 2483 3242 φους
2526 3176 2905 3244 κλονουμένους
2934 3179 2990 3228 ἐν
3018 3177 3094 3245 τῷ
3127 3177 3304 3247 καιρῷ
3334 3176 3426 3228 τοῦ
3464 3178 3726 3246 διωγμοῦ.
3769 3179 3831 3230 Εἰ
3861 3179 3911 3232 δι

2354 3269 2697 3319 πεπτώκασιν
2728 3271 2789 3319 ἐκ
2826 3268 3155 3338 περπερείας
3179 3305 3192 3328 ,
3231 3269 3557 3338 περπερείαν
3600 3269 3645 3319 δ’
3687 3269 3912 3321 ἐνταῦθα

2348 3359 2445 3425 τὴν
2493 3359 2663 3425 οἴησιν
2717 3360 2806 3409 καὶ
2861 3358 2955 3426 τὴν
3003 3356 3312 3419 ἀλαζονείαν
3355 3357 3540 3408 καλεῖσ
3575 3358 3655 3410 ὅτι
3698 3358 3756 3422 ἐξ
3791 3359 3912 3410 ἀλα-

2350 3448 2554 3509 ζονείας
2590 3451 2894 3517 ἐθάρρησαν
2922 3449 3148 3509 ἑαυτοῖς.
3182 3449 3274 3498 καὶ
3305 3447 3393 3499 τὸν
3426 3435 3609 3513 ἀγῶνα
3644 3449 3912 3500 ὑπέλυσαν

2350 3539 2439 3588 καὶ
2472 3539 2692 3598 ἑαυτοὺς
2719 3539 3094 3605 ἐμωμησαντο,
3137 3537 3253 3588 ἀντὶ
3293 3536 3408 3597 τοῦ,
3450 3537 3537 3588 διὰ
3569 3539 3669 3604 τὴν
3714 3537 3911 3590 πτῶσιν

2352 3628 2538 3694 μῶμον
2568 3630 2868 3696 ἐπήνεγκαν
2898 3629 3137 3688 ἑαυτοῖς,
3172 3627 3351 3678 οὐκέτι
3389 3626 3642 3678 δύνανται
3676 3629 3908 3697 λειτουρ-

2346 3721 2478 3784 γεῖν.
2516 3718 2606 3768 Διὸ
2647 3715 3093 3785 φροντιζέτωσαν,
3129 3715 3294 3781 λέγει,
3339 3715 3534 3784 μᾶλλον
3570 3717 3627 3766 ἐν
3661 3731 3906 3768 ταπεινο-

2347 3807 2618 3876 φροσύνῃ,
2673 3807 2786 3868 πῶς
2828 3806 3163 3858 ἐκτελέσωσι
3210 3805 3310 3872 τὴν
3342 3804 3660 3873 ὁμολογίαν,
3712 3806 3905 3875 δηλαδὴ

2345 3896 2674 3962 παυσάμενοι
2729 3895 2823 3962 τῆς
2894 3892 3211 3955 κενοδοξίας.
3270 3893 3343 3944 Τὸ
3411 3892 3514 3961 γάρ
3566 3891 3905 3962 λειτουργίαν

2345 3983 2543 4054 ζητεῖν,
2596 3983 2680 4035 διά
2726 3983 3055 4047 κενοδοξίαν,
3110 3984 3274 4051 φησι,
3310 3983 3532 4048 γίνεται.
3573 3984 3757 4050 Ἀρκεῖ
3781 3984 3907 4053 «γὰρ

2310 4074 2522 4144 .αὺτοῖς
2563 4074 2593 4140 ἠ
2637 4072 2887 4128 κοινωνία
2913 4109 2926 4130 ,
2978 4073 3141 4136 ἤγουν
3187 4071 3247 4124 τὸ
3303 4073 3682 4136 συγκοιωνείν
3727 4071 3903 4133 αὐτοῖς

2341 4162 2464 4222 τοὺς
2498 4163 2751 4223 πιστοὺς,
2792 4161 2908 4228 ἦτοι
2956 4159 3338 4228 συνεύχεσθαι,
3385 4161 3417 4229 ἢ
3455 4161 3546 4212 καὶ
3586 4160 3696 4212 τῶν
3748 4161 3903 4213 θείων

2344 4251 2653 4320 μυστηρίων
2706 4249 3020 4319 μετάληψις.
3069 4250 3177 4302 Καὶ
3226 4246 3397 4300 ταῦτα
3430 4249 3545 4316 μετ’
3587 4249 3901 4310 ἐπιστασίας

2343 4340 2434 4390 καὶ
2455 4339 2732 4408 ἀκριϐείας
2753 4339 3034 4408 γενόμενα,
3057 4339 3149 4390 καὶ
3171 4339 3256 4389 ἴνα
3283 4338 3356 4407 μὴ
3380 4337 3570 4403 δόξωσι
3594 4337 3897 4397 λυπεῖσῦαι,

685 4437 867 4494 studio
890 4431 1200 4488 ambitionis
1232 4429 1612 4498 proﬁciscitur.
1638 4425 2239 4493 Suﬂicitnamqueipsis

2355 4429 2480 4493 λετά
2506 4429 2625 4498 βίας
2655 4430 3130 4498 περιδρασσόμενοι
3160 4430 3257 4494 τῆς
3300 4427 3543 4478 ἐντεῦθεν
3571 4429 3895 4487 ἀναλύσεως.

684 4525 1013 4588 communio,
1039 4530 1095 4574 ut
1128 4537 1248 4574 cum
1273 4520 1405 4587 ipsis
1431 4518 1686 4572 nimirum
1716 4518 1898 4572 fideles
1932 4521 2237 4570 communi-

684 4624 826 4677 cent,
857 4629 920 4666 ac
948 4629 1053 4666 una
1083 4619 1367 4680 precentur
1386 4649 1398 4672 ,
1450 4609 1828 4663 velsacrorum
1854 4606 2232 4672 mysteriorum

685 4705 975 4782 perceptio.
1009 4707 1191 4769 Atque
1217 4702 1327 4753 hinc
1356 4700 1572 4769 quidem
1624 4707 1776 4753 certo
1805 4701 2037 4753 consilio
2065 4699 2231 4754 sedu-

687 4796 841 4862 laque
872 4791 1339 4845 administratione
1369 4790 1535 4852 ﬁunt,
1568 4797 1680 4841 tum
1711 4806 1778 4843 ne
1804 4789 2087 4842 videantur
2114 4803 2232 4842 mo-

685 4885 836 4938 lestia
889 4881 1054 4939 allici,
1095 4879 1218 4930 hinc
1263 4877 1680 4932 dissolutionem
1713 4881 1835 4934 vita:
1869 4881 2230 4948 arripientes,

687 4989 751 5026 tn:
779 4969 981 5022 scilicet
1014 4965 1280 5025 molestia,
1312 4964 1504 5031 inquit.
1558 4965 1730 5018 affecti
1753 5006 1768 5030 ,
1802 4967 2065 5020 decedant
2117 4966 2230 5020 sol-

685 5069 946 5127 \~entes,_a
970 5071 1195 5124 corpore
1215 5053 1460 5107 videlicet
1495 5055 1868 5116 abscedentes.
1906 5058 1976 5109 ob
2000 5057 2105 5108 vim
2123 5067 2233 5109 toro

681 5161 1006 5206 invnturum,
1062 5135 1574 5212 amictationumque
1609 5160 1744 5212 quas
1794 5146 1846 5196 iu
1897 5161 2111 5198 carcere
2139 5161 2230 5212 pa-

2341 4520 2431 4570 καὶ
2473 4519 2556 4570 ἵνα
2585 4519 2657 4587 μὴ
2693 4518 3044 4586 λυπούμενοι,
3092 4518 3252 4584 φησιν
3274 4555 3288 4577 ,
3320 4516 3624 4566 ἀπέλθωσιν
3654 4514 3897 4569 ἐντεῦθεν

2341 4611 2675 4672 ἀναλύοντες.
2703 4611 2808 4662 ἀπὸ
2827 4609 2918 4660 τοῦ
2954 4608 3200 4676 σώματος
3245 4606 3479 4674 δηλονότι
3531 4604 3894 4674 ἐξερχόμενοι,

2342 4702 2476 4770 μετά
2524 4701 2642 4770 βίας
2674 4702 2770 4769 τῆς
2818 4702 2880 4752 ἐκ
2923 4699 3025 4750 τῶν
3071 4697 3342 4755 κολάσεων
3392 4698 3484 4749 καὶ
3521 4697 3620 4778 τῆς
3672 4699 3727 4748 ἐν
3781 4700 3896 4758 ταῖς

2337 4794 2574 4860 είρκταῖς
2625 4791 3016 4853 κακοπαθείας·
3063 4792 3156 4842 καὶ
3198 4791 3282 4841 ἵνα
3331 4789 3404 4858 μή
3438 4804 3580 4848 τινες
3627 4788 3894 4856 πρόφασιν

2337 4882 2502 4950 σχῶσι
2527 4881 2618 4932 τοῦ
2648 4880 2930 4950 ἐκλυθῆναι
2962 4880 3056 4932 καὶ
3081 4879 3417 4950 χαυνωθῆναι
3444 4878 3576 4947 πρὸς
3596 4877 3687 4928 τὸν
3711 4876 3890 4941 ἀγῶνα

2332 4970 2431 5038 τῆς
2453 4969 2767 5039 ὁμολογίας,
2810 4972 2898 5021 καὶ
2944 4968 3031 5020 διὰ
3067 4968 3224 5022 τοῦτο
3254 4970 3502 5019 ἐκπεσεῖν
3525 5005 3538 5026 ,
3577 4965 3675 5032 τὴν
3727 4963 3878 5014 ἐπιτῦ

2337 5077 2516 5130 μησιν.
2555 5061 2760 5120 Οἶτινες
2813 5059 3009 5127 μᾶλλον
3053 5058 3515 5128 αἰσχυνθήσονται.
3563 5054 3698 5106 κατά
3745 5052 3802 5104 τὸ
3830 5053 3886 5103 ἐν

2333 5149 2680 5216 Εὑαγγελίοις
2711 5149 3024 5219 εἰρημένον
3062 5151 3166 5214 ⁸ος
3190 5147 3461 5216 θεμέλιον
3491 5148 3600 5197 οὐκ
3632 5146 3884 5210 ἴσχυσε-ν

678 5239 914 5299 tiuntur;
967 5251 1026 5287 ac
1057 5250 1122 5291 ne
1147 5235 1234 5302 qui
1267 5233 1671 5287 excusationem
1697 5231 1982 5300 prmferant
2015 5235 2229 5285 mulctzr
2329 5237 2658 5291 ἐκτελέσαι.

675 5335 860 5400 hujus.
891 5331 960 5383 ub
982 5346 1140 5398 quam
1173 5331 1225 5383 in
1254 5327 1619 5381 confessionis
1653 5327 1952 5380 certamine
1991 5327 2291 5384 dissolutos
2315 5345 2377 5384 ac
2419 5333 2642 5400 ignavos
2694 5351 2752 5390 se
2809 5343 3114 5403 gesserunt,
3164 5341 3324 5401 atque
3375 5330 3498 5384 ideo
3553 5327 3878 5382 ceciderunt.

673 5421 772 5485 Qui
831 5420 1009 5487 potius
1060 5421 1256 5474 rubore
1293 5417 1688 5480 suffundentur,
1736 5415 1886 5483 juxta
1922 5412 2049 5471 illud
2085 5419 2226 5485 quod
2264 5421 2314 5473 in
2349 5421 2636 5493 Evangelio
2667 5427 2864 5480 dicitur
2911 5445 2923 5480 :

670 5512 932 5589 pri-(itere.

2980 5422 3083 5490 Qui
3126 5424 3518 5487 fundamentum
3567 5434 3670 5472 non
3721 5425 3877 5485 potui:
