4136 6462
261 391 361 453 50!

1357 411 1443 473 IN
1494 411 1734 477 EPIST.
1771 416 1830 478 S.
1867 415 2099 477 PETRI
2135 419 2360 482 ALEX.

3351 423 3452 487 502

265 528 663 600 Ἐεεεήτησις
706 539 994 611 φερομέῖη
1050 541 1200 594 κατὰ
1254 541 1368 597 τοῦ
1425 543 1799 610 Matianum;

1909 541 2174 610 Digressio
2208 556 2324 611 qua
2349 549 2460 595 tota
2499 555 2745 597 adversus
2784 542 3116 600 Husalonem
3144 547 3448 607 intenditur.

911 607 1132 662 ἅπασα.

336 706 808 779 Ἐπιστησάτωσαν
831 713 890 764 δὲ
921 715 1010 767 τὸν
1041 715 1163 768 νοῦν
1197 719 1307 779 τοῖς
1337 717 1486 789 παρά
1516 718 1609 772 τοῦ
1646 721 1811 789 μεγάο

251 795 343 847 λου
383 797 536 850 τοῦδε
573 800 782 871 Πατρὸς
814 804 906 855 καὶ
954 806 1340 876 ἰερομάρτυρος
1383 810 1684 879 εἰρημένοις
1721 811 1808 862 ἐν·

250 883 424 937 ταῦθα
465 887 514 938 οί
558 889 801 956 λέγοντες
834 893 1086 946 δύνασθαι
1128 896 1252 957 τοὺς
1298 898 1567 968 ἀρχιερεῖς
1611 916 1809 969 παραι-

250 972 458 1026 τεῖσθαί
500 975 598 1038 τάς
625 979 911 1048 ἐκκλησίας
953 984 1147 1046 αὐτῶν,
1191 988 1283 1038 καὶ
1319 992 1688 1057 παρακρατεῖν
1711 989 1807 1058 τὴν

249 1061 565 1134 ἐρωσύνην.
600 1066 660 1117 Εἰ
688 1069 793 1137 γὰρ
823 1072 870 1120 οἱ
909 1072 1042 1140 πρὸς
1066 1073 1346 1144 ὁμολογίας
1376 1077 1558 1143 ἀγῶνα
1594 1079 1808 1141 ἑκόντες

243 1152 584 1221 ὁρμήσαντες
639 1155 904 1226 κληρικοὶ,
940 1161 1032 1213 καὶ
1076 1164 1419 1228 κολασθέντες
1458 1169 1549 1221 καὶ
1585 1170 1658 1238 μὴ
1697 1173 1808 1223 ἐπι-

249 1244 546 1308 μείναντες,
577 1245 709 1298 άλλά
737 1249 988 1312 ἐνδόντες,
1025 1250 1140 1305 εἶτα
1168 1239 1623 1320 ἀναπαλαίσαντες
1656 1260 1806 1327 μόλις

245 1330 519 1395 ἀξιοῦνται
549 1335 890 1407 συγγνώμης,
919 1343 994 1402 εἰς
1031 1343 1090 1394 τὸ
1125 1343 1221 1413 τὴν
1243 1345 1576 1415 λειτουργίαν
1605 1348 1807 1402 ἀναδα-

243 1421 377 1472 λεῖν’
407 1423 546 1474 κατά
574 1424 663 1476 τὸν
699 1425 836 1478 θεῖον
863 1429 1047 1482 τοῦτον
1079 1433 1314 1504 Πατέρα,
1339 1434 1489 1486 οὐδὲν
1517 1436 1698 1506 ἕτερον
1722 1440 1808 1504 ἐγ-

245 1510 583 1579 καλούμενοι,
623 1514 654 1582 ἢ
692 1515 750 1566 τὸ
798 1517 1111 1571 καταλιπεῖν
1152 1521 1276 1583 τοὺς
1329 1523 1608 1590 ἀδελφοὺς,
1649 1526 1805 1578 δυνά-

243 1615 395 1665 μενοι
427 1600 606 1662 αὐτοῖς
648 1605 704 1654 έν
740 1605 911 1674 καιρῷ
955 1608 1320 1674 περιστάσεως
1356 1610 1640 1680 εὔχρηστοι
1667 1609 1804 1665 εἶναι

237 1691 323 1750 εἰς
351 1689 410 1741 τὺ
443 1691 712 1760 στηρίζειν
741 1695 954 1756 αὐτοὺς,
983 1698 1076 1749 καὶ
1101 1697 1269 1750 ταῦτα
1303 1702 1601 1770 μαρτυρίας
1638 1702 1804 1765 ἀξιω-

238 1778 444 1841 θέντες,
467 1781 557 1831 καὶ
580 1781 647 1832 τά
668 1783 932 1852 στίγματα
957 1787 1049 1838 τοῦ
1081 1788 1314 1858 Χριστοῦ
1337 1791 1395 1841 ἐν
1419 1793 1484 1859 τῇ
1515 1793 1674 1860 σαρκί
1705 1793 1802 1843 αὐ·-

1972 715 2242 782 Adjiciant
2273 730 2434 784 porro
2475 715 2714 770 animum
2761 717 2828 772 iis
2855 735 2974 788 qua:
3011 722 3080 776 ab
3127 723 3228 776 hoc
3260 738 3453 793 magno

1904 799 2086 866 Patre,
2117 817 2191 856 ac,
2211 813 2397 857 sancto
2431 811 2664 873 martyre
2695 805 2798 858 hoc
2829 807 2948 859 loco
2975 809 3136 861 allata
3167 820 3315 873 sunt,
3357 815 3448 879 qni

1906 891 2094 946 dicunt
2121 893 2392 962 episcOpis
2423 895 2583 948 licere
2626 895 2884 953 ecclesias
2914 913 3040 952 suas
3070 900 3361 960 dimittere.
3380 917 3451 955 ac

1905 982 2191 1035 sacerdotii
2222 982 2535 1050 dignitatem
2586 985 2840 1037 retinere.
2896 984 3104 1039 Etenim
3156 992 3198 1043 si
3241 994 3452 1045 clericis

1906 1070 1997 1137 qui
2022 1078 2213 1138 sponte
2243 1087 2300 1124 se
2333 1072 2615 1124 certamini
2641 1073 3001 1128 confessionis
3034 1078 3361 1145 οἰηεικϊιηιι,
3390 1098 3450 1135 ac

1905 1159 2186 1216 tormentis
2217 1159 2394 1212 allecti
2431 1161 2609 1213 minus
2640 1170 2954 1216 constanter
2983 1167 3323 1229 obstiterant,
3358 1171 3450 1224 sed

1907 1254 2190 1315 postquam
2235 1256 2533 1309 cesserant,
2569 1249 2621 1303 in
2668 1259 2938 1304 certamen
2979 1254 3324 1310 redeuntibus
3363 1261 3448 1312 vix

1903 1336 2221 1388 conceditur
2249 1337 2424 1398 venia,
2448 1337 2591 1405 quod
2641 1353 2856 1392 sacrum
2903 1343 3260 1396 ministerium
3301 1349 3452 1402 obire

1904 1423 2277 1490 distulissent;
2325 1440 2425 1478 nec
2451 1441 2517 1479 ex
2567 1427 2727 1494 hujus
2770 1429 2937 1483 divini
2971 1429 3147 1485 Patris
3185 1438 3452 1490 sententia

1903 1512 2196 1582 quidquam
2224 1514 2369 1567 aliud
2398 1515 2530 1583 ipsis
2559 1518 2836 1584 objicitur,
2873 1535 3033 1589 quam
3071 1523 3214 1590 quod
3257 1523 3450 1580 fratres

1903 1601 2289 1666 deseruissent,
2322 1619 2446 1656 cum
2475 1606 2715 1660 adversis
2739 1623 2802 1661 ac
2840 1612 3168 1667 turbulentis
3197 1618 3454 1684 tempori-

1904 1690 2006 1745 bus
2039 1706 2255 1759 possent
2288 1694 2416 1761 ipsis
2451 1692 2504 1747 in
2553 1694 2653 1749 ﬁde
2682 1698 3064 1755 conﬁrmandis
3105 1719 3226 1757 esse
3256 1706 3448 1769 utiles;

1903 1777 2066 1845 idque
2093 1794 2216 1831 cum
2271 1790 2322 1833 et
2351 1781 2495 1849 digni
2535 1781 2704 1835 habiti
2753 1795 2934 1838 essent
2963 1790 3053 1853 qui
3086 1792 3450 1846 testimonium

236 1867 348 1918 τῶν
396 1870 810 1939 περιφέροντες·
860 1876 976 1937 πῶς
1026 1878 1309 1947 ἀρχιερεὺς
1348 1880 1441 1931 καὶ
1485 1879 1704 1950 ποιμὴν,
1744 1880 1799 1943 ὃς

1902 1867 2247 1934 perhiberent
2276 1867 2416 1932 ﬁdei.
2449 1878 2498 1922 et
2533 1870 2784 1938 stigmata
2832 1873 3033 1928 Christi
3061 1878 3116 1929 in
3156 1894 3255 1932 sua
3285 1895 3450 1936 carne

232 1953 440 2017 ὀφείλει
465 1955 665 2010 τιθέναι
687 1957 783 2029 τὴν
811 1960 984 2032 ψυχὴν
1014 1965 1150 2034 ὑπὲρ
1174 1965 1279 2017 τῶν
1314 1965 1613 2032 προϐάτων,
1637 1983 1801 2019 κατα-

236 2040 410 2095 λιπὼν
437 2044 532 2113 τὴν
561 2046 1007 2116 ἐμπιστευθεῖσαν
1034 2053 1262 2123 ποίμνην
1294 2053 1459 2123 αὐτῷ,
1489 2055 1580 2107 καὶ
1603 2071 1800 2127 παραι-

233 2132 540 2201 τησάμενος
577 2137 676 2204 τὴν
717 2141 884 2208 αὐτῆς
922 2143 1174 2210 φροντίδα
1215 2145 1308 2196 καὶ
1347 2145 1677 2214 ἐπιμέλειαν,
1706 2143 1801 2198 καὶ

233 2225 360 2276 ὅσον
408 2223 469 2275 τδ
517 2228 634 2277 κατ’
677 2229 835 2281 αὑτὸν
876 2234 986 2293 τοῖς
1028 2231 1210 2296 λύκοις
1240 2234 1439 2304 ταύτην
1472 2232 1796 2295 ἐκδεδωκὼς,

234 2310 556 2380 ἀντέχεσθαι
585 2315 680 2384 τῆς
707 2316 1041 2387 λειτουργίας
1063 2320 1268 2384 δίκαιος
1288 2322 1684 2392 λογισθήσεται,
1710 2321 1801 2372 καὶ

232 2399 297 2450 ού
335 2398 530 2467 μᾶλλον
585 2401 895 2474 βαρυτάτων
941 2409 1224 2476 ἐπιτιμίων
1267 2411 1582 2480 κριθήσεται
1631 2409 1798 2473 ἄξιος,

231 2493 324 2546 διά
356 2497 453 2566 τὴν
494 2495 587 2549 τοῦ
631 2496 975 2559 ἀνατεθέντος
1018 2499 1164 2567 αὑτῷ
1211 2500 1338 2553 λαοῦ
1393 2504 1811 2574 ἐγκατάλειψινζ

247 2583 408 2635 Ἀλλὰ
433 2585 525 2636 καί
548 2585 713 2653 γέρας
744 2585 880 2656 ὑπὲρ
924 2585 1122 2656 ταύτης
1148 2590 1382 2659 αἰτήσει,
1406 2593 1437 2662 ἢ
1477 2594 1673 2662 μᾶλλον
1706 2597 1801 2646 αὐ-

231 2671 328 2731 τὸς
352 2671 527 2743 ἐαυτῷ
561 2674 814 2743 παρέξειο
854 2674 915 2727 τὸ
965 2675 1063 2744 μὲν
1107 2678 1271 2731 κόπον
1323 2681 1611 2750 προξενοῦν
1653 2683 1800 2753 αύτῷ

233 2764 683 2832 ⁴παραιτούμενος,
717 2764 815 2832 τὴν
841 2764 1182 2820 διδασκαλίαν
1224 2770 1364 2838 φημὶ⁵
1412 2773 1503 2822 καὶ
1550 2772 1646 2843 τὴν
1690 2773 1799 2825 τῶν

233 2855 616 2923 σφαλλομένων
645 2856 942 2926 διόρθωσιν,
968 2858 1028 2910 τὸ
1062 2858 1117 2910 δὲ
1150 2859 1302 2922 δόξαν
1336 2862 1428 2914 καὶ
1458 2865 1618 2933 τιμὴν
1643 2881 1799 2935 περι-

233 2945 423 3000 ποιοῦν
469 2948 875 3016 παρακατέχων,
925 2948 1016 2999 καὶ
1060 2948 1441 3018 οἰκειούμενος,
1494 2952 1586 3003 καὶ
1613 2953 1798 3006 τούτου

232 3037 403 3107 ἀπρὶξ
433 3037 704 3107 ἐχόμενος,
731 3037 822 3089 καὶ
858 3037 1020 3106 μηδὲν
1052 3039 1454 3108 μεθιστάμενος.
1489 3043 1548 3094 Εἰ
1578 3043 1682 3114 γὰρ
1709 3045 1800 3096 ἐπὶ

1900 1954 2310 2013 circumferrem
2342 1976 2352 2010 :
2386 1972 2618 2028 quonam
2654 1959 2813 2013 modo
2844 1977 3090 2019 summus
3121 1968 3375 2024 sacerdos
3397 1982 3451 2025 et

1900 2054 2104 2114 pastor.
2137 2047 2226 2115 qui
2275 2063 2373 2116 pro
2413 2051 2605 2103 ovibus
2639 2048 2796 2104 debet
2827 2055 3059 2108 animam
3093 2072 3315 2127 ponere,
3355 2061 3449 2114 de-

1901 2144 2046 2186 serto
2077 2151 2237 2205 grege
2275 2137 2376 2190 sibi
2416 2142 2731 2206 commisso,
2767 2145 2990 2213 ejusque
3031 2162 3161 2201 cura
3189 2159 3244 2203 et
3273 2152 3450 2204 admi-

1901 2225 2223 2281 nistratione
2267 2229 2565 2296 repudiata,
2601 2242 2654 2284 et
2686 2243 2946 2301 quantum
2987 2238 3204 2304 quidem
3245 2240 3299 2293 in
3330 2242 3448 2313 ipso

1899 2323 1982 2366 est
2009 2329 2073 2366 eo
2099 2317 2238 2383 lup‘s
2264 2318 2498 2384 prodito,
2534 2320 2726 2390 dignus
2752 2325 3024 2391 potabitur
3050 2329 3139 2394 qui
3174 2332 3316 2383 sacri
3347 2348 3447 2383 nn-

1900 2404 2110 2457 nisterii
2164 2405 2480 2473 dignitatem
2540 2414 2804 2476 retineat,
2851 2429 2914 2468 ac
2952 2432 3059 2468 non
3113 2417 3447 2478 gravissimis

1902 2494 2080 2560 potius
2111 2497 2284 2561 pmnis
2313 2499 2455 2563 quod
2489 2501 2588 2551 sibi
2613 2504 3043 2557 commendatum
3075 2511 3327 2576 populum
3353 2511 3447 2564 de.

1900 2583 2153 2643 seruerit,
2188 2585 2531 2641 tnulctandus
2561 2603 2681 2642 esse
2703 2590 3071 2656 judicabitur?
3102 2596 3240 2660 Quin
3268 2601 3447 2667 potius

1898 2670 1966 2722 ob
1999 2687 2116 2725 eam
2163 2688 2275 2726 rein
2313 2679 2591 2743 praemium
2634 2679 2910 2749 deposcet,
2944 2685 3050 2737 imo
3083 2688 3186 2739 sibi
3221 2688 3448 2755 ipsemet

1899 2759 2297 2828 suppeditabit;
2341 2767 2482 2832 quod
2508 2768 2721 2834 quidem
2767 2772 3000 2825 laborem
3034 2774 3135 2842 ipsi
3166 2775 3316 2829 affert
3360 2793 3447 2830 re-

1899 2861 2122 2910 cusans,
2176 2850 2403 2904 docendi
2450 2856 2698 2909 videlicet
2751 2874 2947 2913 munus
2993 2863 3228 2931 vitiaque
3274 2868 3447 2919 corri-

1891 2934 2092 3000 gendi;
2154 2936 2300 3003 quod
2347 2953 2474 2993 vero
2520 2942 2745 3008 gloriam
2775 2946 2880 3014 ιθ
2913 2964 2976 3002 ac
3000 2957 3164 3004 decus
3193 2954 3446 3009 conciliat

1891 3033 2240 3090 amplectens,
2279 3027 2496 3096 sibique
2528 3033 2826 3092 asciscens.
2849 3038 3228 3110 inordicnsqne
3253 3048 3303 3097 id
3325 3063 3451 3099 reu-

232 3126 508 3196 κληρικῶν
563 3127 864 3196 παράλογος
906 3127 1194 3196 ὠνομάσθη
1237 3131 1449 3198 πρᾶξις,
1487 3132 1546 3182 τὸ
1589 3134 1799 3188 καταλι-

1901 3131 2056 3174 nens,
2106 3131 2282 3185 neque
2311 3119 2392 3171 ve!
2419 3120 2689 3174 tantillum
2729 3117 3041 3180 remittens.
3080 3125 3136 3179 Si
3167 3129 3310 3181 enim
3358 3132 3442 3183 ubi

1903 3203 1962 3227 .l.-
2001 3206 2206 3227 AIA—2-2-
2256 3215 2328 3227 --ι
2383 3224 2547 3227 _e,”,,_
2625 3226 2632 3227 ,
2663 3212 2718 3227 ,.-
2867 3215 2902 3227 ,ι
2988 3217 2999 3227 ο
3074 3218 3086 3227 .
3404 3222 3414 3227 -

233 3219 355 3269 πεῖν
378 3217 467 3268 τὸν
511 3216 655 3277 λαὸν,
689 3219 782 3268 καὶ
820 3215 954 3285 πρὸς
987 3216 1075 3268 τὸν
1104 3217 1242 3287 ὑπὲρ
1264 3219 1537 3281 εὐσεϐείας
1574 3221 1799 3290 αὐτομο-

1899 3203 1965 3258 de
1995 3206 2210 3259 clericis
2250 3215 2332 3261 est
2379 3224 2577 3270 sermo,
2615 3212 2759 3265 actio
2804 3215 3000 3268 rationi
3039 3218 3242 3271 absona
3275 3222 3449 3274 nomi-

229 3307 392 3374 λῆσαι
421 3305 602 3371 ἀγῶνα
622 3323 635 3334 ·
664 3307 812 3375 πόσῳ
840 3305 997 3358 πλέον
1022 3306 1468 3377 παραλογώτερον
1495 3311 1560 3361 ἂν
1589 3311 1796 3380 κριθείη

232 3395 329 3446 ἐπὶ
377 3396 671 3446 ἐπισκόπου
715 3395 1101 3458 καταλιπόντος
1153 3395 1244 3448 τὸν
1287 3400 1482 3450 οίκείον
1514 3399 1657 3459 λαὸν,
1705 3401 1798 3452 καὶ

231 3484 293 3535 οὐ
329 3483 464 3550 πρὸς
507 3483 690 3550 ἀγῶνα
741 3482 1058 3552 χωροῦντος,
1115 3484 1247 3553 πρὸς
1289 3485 1564 3554 ῥᾳστώνην
1607 3486 1661 3537 δὲ
1709 3489 1799 3538 καὶ

232 3573 552 3632 ἀνάπαυσιν,
573 3573 663 3624 καὶ
684 3571 977 3641 φροντίδων
1003 3572 1140 3641 ὑπὲρ
1158 3572 1422 3641 ὠφελείας
1448 3575 1633 3643 ψυχῶν
1667 3577 1798 3628 ἀπό-

232 3661 382 3712 θεσιν
407 3663 502 3712 καὶ
526 3661 853 3730 ἀπόδρασιν;
878 3662 989 3714 Καὶ
1019 3665 1048 3714 6
1073 3669 1146 3726 ις’
1172 3662 1228 3714 δέ
1253 3663 1428 3716 κανὼν
1449 3665 1545 3733 τῆς
1567 3665 1796 3735 ἑϐδόμης

232 3753 610 3820 οἰκουμενικῆς
658 3752 870 3803 συνόδου
914 3752 1110 3822 πολλὴν
1141 3753 1464 3824 ἀσελτηρίαν
1511 3759 1799 3826 κατηγορεῖ

230 3839 340 3890 τῶν
370 3838 1024 3909 ψηφιζομένωνδύνασθαι
1074 3842 1199 3904 τοὺς
1249 3843 1522 3912 ἀρχιερεῖς
1559 3845 1654 3908 τὰς
1689 3847 1800 3897 ἐπι-

235 3930 442 3992 σκοπὰς
465 3931 860 3999 παραιτεῖσθαι,
883 3933 981 4001 τήν
1003 3933 1060 3986 δὲ
1088 3934 1384 4004 ἱερωσύνην
1408 3941 1792 4006 παρακρατεῖν.

233 4023 296 4074 ει
322 4022 429 4093 γάρ
451 4023 590 4076 κατὰ
615 4024 704 4076 τὸν
729 4018 1011 4094 εἰρημένον
1038 4028 1234 4080 κανόνα
1263 4031 1290 4081 6
1312 4030 1622 4094 ἐπίσκοπος,
1660 4033 1797 4103 ὑπὲρ

231 4110 292 4161 τὸ
323 4111 586 4180 ἑξάμηνον
619 4113 716 4180 τῆς
747 4113 953 4176 οἰκείας
989 4115 1340 4186 ἀποδημήσας
1381 4121 1681 4188 ἐπισκοπῆς
1705 4119 1797 4190 [av

237 4199 334 4271 μὴ]
373 4202 500 4270 μιᾶς
533 4201 640 4252 τῶν
677 4203 1142 4273 ἀπηριθμημένων
1179 4207 1236 4257 ἐν
1274 4207 1420 4276 αύτῷ
1466 4209 1673 4273 αἰτιῶν,
1704 4211 1797 4262 καὶ

230 4293 330 4360 τῆς
361 4295 658 4362 δπισκοπῆς
689 4295 783 4346 καὶ
816 4295 912 4364 τῆς
955 4296 1358 4366 ἀρχιερωσύνης
1401 4300 1672 4364 ἐκπίπτει,
1704 4303 1797 4354 καὶ

231 4380 434 4446 ἀμφοῖν
459 4379 806 4450 ἠλλοτρίωται
825 4398 837 4410 ο
869 4381 981 4444 πῶς
1004 4384 1033 4434 6
1055 4385 1522 4455 παραιτησάμενος
1550 4387 1648 4456 τὴν
1679 4389 1799 4440 ἐπι-

1899 3301 2021 3344 nata
2052 3295 2118 3346 sit
2147 3293 2392 3348 deserere
2433 3297 2708 3364 p0pnlum,
2742 3307 2902 3368 atque
2932 3303 2997 3354 ad
3031 3313 3302 3359 certamen
3335 3310 3448 3374 pie-

1897 3382 2024 3432 tatis
2056 3396 2220 3433 cnusa
2266 3384 2679 3450 transrnigrare;
2720 3397 2926 3453 quanto
2971 3391 3020 3442 id
3067 3392 3233 3460 magis
3279 3411 3308 3445 a
3361 3410 3448 3446 ra-

1899 3469 2043 3522 tione
2075 3470 2310 3523 alienum
2355 3473 2410 3525 in
2447 3475 2703 3543 episcopo
2734 3477 3088 3543 judicabitur,
3133 3485 3222 3548 qui
3278 3498 3447 3550 popuo

1898 3559 2006 3611 lum
2036 3576 2194 3613 suum
2235 3562 2454 3624 deserit,
2489 3578 2595 3615 non
2629 3574 2688 3616 ut
2719 3566 2784 3616 ad
2811 3576 3084 3621 rertamcn
3115 3569 3320 3632 tendat,
3354 3575 3445 3626 Sed

1899 3655 1956 3697 ut
1985 3649 2152 3715 quieti
2175 3663 2234 3703 se
2270 3663 2333 3701 ac
2373 3651 2676 3704 remissioni
2709 3652 2908 3710 tradat.
2941 3669 3208 3725 curasque
3237 3673 3331 3724 pro
3361 3675 3450 3712 sn-

1900 3739 2012 3792 lute
2041 3739 2342 3792 animarum
2371 3739 2604 3808 deponat
2627 3755 2689 3794 ac
2718 3742 2957 3811 cllugiat.
2985 3743 3233 3798 Decimus
3261 3759 3444 3800 sextus

1897 3844 2114 3898 quoque.
2144 3843 2319 3883 canon
2366 3830 2606 3897 septimae
2639 3832 2986 3886 tecumeuiue
3026 3835 3237 3902 synodi,
3270 3839 3448 3888 stulti-

1900 3912 1990 3972 tia‘.
2014 3919 2249 3987 graviter
2282 3927 2499 3973 accusat
2521 3934 2616 3972 eos
2644 3919 2734 3988 qui
2769 3921 2835 3973 ab
2858 3922 3134 3991 episcopo,
3169 3925 3450 3992 repudiato

1899 4011 2238 4077 episc0patu,
2264 4008 2403 4061 sacri
2424 4009 2705 4065 ministerii
2729 4009 3042 4078 dignitatem
3061 4013 3278 4066 retineri
3291 4030 3449 4082 posae

1897 4099 2213 4153 decernunt.
2251 4096 2308 4150 Si
2347 4112 2578 4166 namque
2610 4115 2675 4150 ex
2707 4099 2931 4153 canonis
2976 4101 3123 4153 allati
3154 4107 3445 4165 sententia,

1897 4187 2184 4255 episcopus
2213 4187 2306 4255 qui
2336 4187 2473 4240 ultra
2507 4197 2766 4240 semestre
2799 4195 3011 4257 tempus
3049 4206 3079 4242 a
3111 4206 3210 4244 suo
3235 4192 3449 4260 episco-

1896 4285 2023 4346 patu
2059 4277 2313 4339 abfuerit,
2349 4278 2451 4330 nisi
2489 4292 2595 4332 una
2641 4278 2821 4346 aliqua
2850 4294 2916 4333 ex
2961 4279 3028 4334 iis
3062 4296 3181 4349 qua-
3229 4282 3299 4335 ibi
3346 4299 3449 4336 nu-

1897 4377 2197 4428 merantur,
2250 4381 2416 4438 causa
2474 4367 2872 4431 intercesserit,
2920 4380 2973 4424 et
3031 4375 3346 4441 episcopatu
3394 4383 3446 4426 ct

233 4469 462 4538 σκοπὴν,
486 4470 577 4521 καὶ
602 4471 980 4539 ἀπαγορεύσας
1011 4473 1204 4542 μηκέτι
1235 4453 1533 4541 ποιμαίνειν
1635 4477 1795 4544 ἐμπισ-

1898 4453 2093 4508 summi
2118 4453 2408 4507 sacerdotii
2439 4453 2701 4524 dignitate
2730 4457 2952 4520 excidit,
2994 4473 3057 4512 ac
3087 4467 3316 4528 utroque
3337 4465 3451 4530 pri-

232 4559 454 4612 στευθέν
507 4560 652 4628 αὐτῷ
707 4562 971 4629 ποίμνιον,
1004 4564 1097 4615 καὶ
1145 4563 1241 4631 τῆς
1286 4562 1472 4615 τούτου
1523 4565 1795 4633 φροντίδος

229 4649 320 4702 διά
354 4648 469 4716 βίου
503 4652 933 4719 καταφρονήσας,
964 4651 1047 4723 εζη
1091 4651 1155 4704 ἂν
1195 4653 1510 4723 ἀρχιερεύς;
1547 4655 1608 4705 Εἰ
1635 4655 1742 4723 γὰρ
1767 4659 1796 4708 6

229 4739 292 4791 τὸ
318 4731 479 4807 ἦττον
506 4738 848 4806 ἁμαρτάνων,
880 4739 938 4791 τὸ
971 4741 1059 4791 ἐπὶ
1099 4741 1255 4792 πλέον
1291 4741 1636 4809 ἑξαμηνιαίου
1678 4760 1793 4795 και-

234 4826 330 4896 ροῦ
373 4827 686 4878 καταλιπεῖν
729 4829 819 4880 τὸν
873 4830 962 4881 ὑπ’
999 4829 1157 4881 αὐτὸν
1203 4829 1328 4882 λαὸν
1371 4831 1696 4899 ἀποίμαντόν
1737 4849 1794 4884 τε

232 4917 328 4968 καί
342 4917 695 4986 ἀτημέλητον,
716 4917 982 4970 ἐκπτώσει
1027 4921 1120 4972 καὶ
1144 4921 1240 4987 τῆς
1266 4921 1566 4989 ἐπισκοπῆς
1595 4923 1685 4973 καὶ
1699 4922 1796 4990 τῆς

232 5006 532 5076 ιερωσύνης
557 5009 840 5075 ἀφίσταται
879 5027 891 5039 ·
920 5013 948 5063 6
977 5012 1036 5063 τδ
1061 5010 1253 5080 μᾶλλον
1283 5013 1374 5062 καὶ
1414 5011 1474 5063 τὸ
1498 5012 1797 5063 πολλαπλὰ-

233 5111 350 5147 σιον
388 5095 736 5164 πλημμελῶν,
788 5099 848 5149 τὸ
891 5099 954 5150 δι’
984 5099 1102 5150 ὅλου
1137 5100 1449 5152 καταλιπεῖν
1491 5099 1557 5150 τά
1598 5100 1792 5170 πλήθη,

234 5183 378 5248 ειπερ
412 5184 559 5251 αύτῷ
584 5187 895 5237 ἐπισκοπεῖν
921 5205 980 5239 τε
1005 5190 1095 5241 καὶ
1120 5189 1249 5258 όρᾷν
1275 5191 1306 5258 ἡ
1334 5189 1426 5240 τοῦ
1456 5190 1595 5240 θείου
1627 5191 1797 5242 Πνεύ-

237 5291 406 5342 ματος
451 5275 607 5345 χάρις
653 5276 889 5341 ἀνέθετο,
943 5278 1138 5346 μᾶλλον
1171 5277 1235 5330 ἂν
1284 5278 1367 5346 εἴη
1414 5279 1619 5342 δίκαιος
1667 5292 1797 5344 σφο-

232 5361 482 5430 δρότερον
513 5362 956 5429 κολασθήσεσθαι,
988 5363 1079 5414 καὶ
1131 5363 1345 5431 μείζονα
1395 5363 1656 5430 τιμωρίαν
1695 5363 1795 5428 ὐφ-

236 5447 378 5512 έξειν
397 5450 494 5518 τῆς
513 5452 633 5503 ὅσον
663 5451 748 5501 ἐπ’
773 5451 960 5519 ἐκείνῳ
987 5451 1253 5512 ἀπωλείας
1285 5452 1552 5519 ποιμνίου,
1587 5445 1645 5503 οὗ
1675 5468 1797 5519 προ-

235 5540 508 5608 εχειρίσθη
539 5540 736 5609 ποιμὴν
764 5540 909 5609 παρὰ
931 5540 1021 5593 τοῦ
1068 5540 1279 5611 πρώτου
1305 5543 1398 5593 καὶ
1429 5541 1658 5611 μεγάλου
1695 5543 1794 5609 ἁρ-

236 5631 460 5702 χιιρίωέ
483 5631 575 5682 καὶ
605 5631 1000 5700 ἀρχιποιμένος.
1028 5634 1088 5682 Οί
1118 5632 1172 5683 δὲ
1204 5631 1296 5683 καὶ
1322 5633 1487 5700 γέρας
1521 5631 1667 5700 αὐτῷ
1704 5634 1796 5682 καὶ

243 5719 590 5791 ἀμοεσὴντῆς
623 5722 994 5789 παραιτήσεως
1030 5720 1472 5789 ὲπιᾲηφιζόμενοι
1516 5721 1610 5788 τὴν
1644 5722 1796 5788 ἱερων

1897 4554 2091 4597 vatur:
2119 4560 2352 4612 quonam
2381 4548 2542 4600 modo
2574 4551 2665 4616 qui
2708 4548 3010 4616 repudiavit
3054 4551 3446 4619 episcopatum,

1896 4635 2267 4704 creditumque
2295 4637 2398 4690 sibi
2424 4653 2637 4708 gregem
2667 4640 2843 4692 adhuc
2864 4653 3085 4707 pascere
3103 4644 3323 4694 omnino
3351 4645 3449 4696 ah-

1897 4728 2034 4791 nuit,
2065 4726 2292 4794 ejusque
2320 4742 2504 4780 curam
2539 4729 2728 4783 inertis
2753 4732 2873 4784 vita:
2907 4731 3087 4784 studio
3126 4739 3444 4791 contemnit.

1897 4816 2073 4871 adhuc
2111 4819 2164 4871 in
2201 4822 2578 4888 episcoporum
2615 4833 2846 4873 numero
2885 4820 3206 4875 habebitur?
3229 4821 3444 4876 Etenim

1896 4908 1940 4959 si
1976 4908 2067 4973 qui
2107 4909 2286 4962 minus
2328 4908 2612 4975 delinquit,
2655 4917 2714 4961 ut
2762 4910 2901 4962 ultra
2932 4915 3193 4964 semestre
3235 4919 3448 4983 tempus

1897 4999 2196 5060 subiectum
2245 4999 2349 5053 sibi
2394 4999 2645 5067 populum
2690 4999 2918 5065 pastoris
2962 5014 3093 5052 cura
3125 5009 3178 5054 et
3217 5000 3449 5054 admini-

1897 5088 2156 5140 stratione
2186 5088 2505 5140 destitutum
2551 5089 2838 5156 relinquat,
2874 5089 3222 5157 cpisc0patns
3267 5098 3320 5143 et
3359 5106 3449 5144 sa.

1895 5192 2001 5229 crte
2028 5177 2306 5245 dignitatis
2337 5178 2687 5244 privationem
2712 5179 2973 5244 incurrit;
3005 5180 3095 5248 qui
3128 5180 3179 5232 in
3217 5193 3280 5232 eo
3300 5183 3442 5247 quod

1896 5267 2072 5333 majus
2113 5274 2166 5320 et
2205 5267 2388 5320 multis
2434 5267 2677 5335 partibus
2724 5269 2944 5336 gravius
2990 5277 3093 5330 est,
3135 5278 3340 5336 peccat,
3389 5281 3448 5321 ut

1897 5359 2294 5412 multitudinem
2321 5374 2481 5427 quam
2504 5362 2603 5426 ipsi
2635 5362 2928 5413 curandam
2958 5370 3011 5414 et
3031 5359 3443 5420 custodiendam

1897 5449 2068 5500 sancti
2112 5447 2345 5515 Spiritus
2386 5439 2556 5516 gratia
2603 5447 2894 5507 commisit,
2939 5447 3161 5499 omnino
3200 5449 3444 5501 deserat”.

1896 5537 2088 5591 merito
2118 5539 2274 5606 plane
2316 5538 2568 5605 punietur
2596 5538 2988 5596 vehementius,
3036 5535 3448 5603 graviorcmque

1895 5643 2108 5695 pmnam
2141 5629 2431 5696 persolvet,
2458 5627 2674 5696 perditi,
2702 5625 2844 5690 quod
2875 5626 2926 5678 in
2963 5626 3078 5693 ipse
3109 5631 3212 5682 est,
3245 5636 3444 5691 gregis,

1896 5720 2051 5785 cujus
2080 5721 2190 5786 ipse
2219 5730 2401 5786 pastor
2423 5733 2450 5770 a
2481 5719 2741 5788 primario
2777 5717 2867 5770 illo
2891 5731 2953 5770 ac
2982 5730 3234 5784 supremo
3261 5727 3450 5770 saccis
