4136 6464
313 413 419 480 505
1436 414 1513 477 IN
1547 418 1779 479 EPIST.
1814 418 1853 476 S

1930 418 2131 479 ’ETRI
2175 419 2390 484 ALEX.
3419 415 3523 477 506

317 546 558 608 νάμενοι,
593 538 708 607 ἦτοι
754 538 825 608 μὴ
869 534 1241 595 τελειώσαντες
1290 532 1349 585 τὸ
1400 532 1591 585 καλόψ
1642 532 1736 585 νῦν
1784 533 1855 585 κα

1930 550 1943 588 ι
1975 542 2211 585 mentum
2245 543 2441 587 tectum
2465 550 2679 604 quoque
2705 533 3103 599 fabricaverint,
3130 550 3225 591 seu
3247 536 3391 607 quod
3425 539 3517 591 lo-

318 629 657 697 κατασκευὴν
684 628 867 680 τούτου
895 645 951 680 τε
974 627 1065 680 καὶ
1089 625 1193 678 τῶν
1221 624 1419 676 λοιπῶν
1444 625 1654 689 ἐπάγει,
1680 623 1867 689 λέγων·

316 722 381 773 Ol
411 722 519 790 γάρ
545 722 601 773 ἐν
634 720 709 789 τῷ
740 721 1023 789 βράσματι,
1054 721 1217 788 ἤγουν
1262 720 1318 769 ἐν
1362 719 1425 785 τῇ
1459 718 1605 784 ἀκμῇ
1635 715 1727 766 τοῦ
1754 717 1874 767 διω-

316 810 461 879 γμοῦ
487 812 774 878 ἱστάμενοι,
798 812 889 861 καὶ
916 809 1141 878 δρῶντες
1164 808 1228 859 τὰ
1261 807 1529 876 μαρτύρια
1552 806 1659 856 τῶν
1684 806 1868 871 ἁγίων,

316 900 414 952 καὶ
470 901 617 962 ὅπως
676 900 955 951 σπεύδουσι
1005 900 1128 961 τοὺς
1182 898 1249 959 ἐξ
1294 896 1531 966 οὐρανῶν
1584 898 1871 965 στεφάνους

314 986 499 1041 λαϐεῖν
547 990 683 1041 κατά
710 989 868 1056 ζῆλον
917 989 1074 1050 θεῖον,
1128 988 1396 1038 ἐπεδίδουν
1446 986 1668 1046 ἑαυτοὺς
1698 988 1776 1047 εἰς
1814 987 1870 1037 τὸ

318 1078 615 1147 μαρτύρνιΝ
666 1079 799 1146 μετὰ
841 1078 1144 1145 παρρησίας
1206 1076 1436 1143 πολλῆς,
1499 1076 1591 1127 καὶ
1643 1075 1870 1143 μάλιστα

311 1164 397 1217 ὅτι
422 1165 641 1217 ἔϐλεπόν
655 1183 803 1226 τινας
826 1164 1271 1233 ὐποσυρομένους,
1296 1164 1413 1215 ἀντὶ
1440 1162 1552 1224 τοῦ,
1580 1163 1870 1231 κλεπτομέ-

311 1271 437 1314 νους
464 1254 555 1306 καὶ
598 1254 979 1322 ἀπατωμένους
1012 1254 1115 1304 ὐπὸ
1157 1253 1247 1305 τοῦ
1291 1253 1554 1313 διαϐόλου,
1593 1256 1683 1305 καὶ
1713 1255 1866 1305 ἐκπί-

311 1361 563 1405 πτοντας,
600 1346 713 1413 ἦτοι
749 1344 1102 1413 ἀρνουμένους
1136 1345 1229 1411 τὴν
1264 1342 1571 1394 εὐσέϐειαν·
1599 1337 1672 1393 ὧν
1711 1343 1866 1412 χάριν

308 1435 825 1506 ὐποθερμαινόμενόι
850 1434 1062 1494 ἔσωθεν,
1088 1434 1203 1501 ἦτοι
1224 1434 1318 1500 τὴν
1345 1432 1563 1501 καρδίαν
1592 1432 1863 1501 πυρούμε-

309 1540 411 1584 νοι,
438 1523 511 1583 ὡς
551 1524 641 1574 και
683 1523 962 1584 ἀκούοντες
1006 1523 1600 1590 καταπολεμῆσαι,ἥτοι
1647 1522 1863 1590 νικῆσαι

305 1611 395 1662 διὰ
425 1610 612 1661 τούτου
658 1612 744 1661 τὸν
796 1610 1023 1672 ἀλαζόνα
1065 1611 1157 1662 καὶ
1196 1610 1561 1677 ἀντικείμενον
1600 1610 1860 1673 διάϐολον,

306 1697 640 1749 ἐσπούδασαν
673 1698 923 1749 ὑποδῦναι
954 1698 1012 1748 τὺ
1041 1697 1353 1766 μαρτύριον,
1380 1698 1463 1749 ἵνα
1493 1698 1565 1767 μὴ
1589 1699 1863 1768 καυχήση-

305 1804 393 1838 ται
423 1789 450 1839 ὁ
488 1787 725 1849 διάϐολος
776 1788 868 1840 καὶ
914 1787 1037 1856 δόξῃ
1085 1788 1256 1855 ἐαυτῷ
1300 1787 1557 1857 φρόνιμος
1602 1785 1755 1849 εἶναι,
1787 1790 1862 1851 ὼς

304 1880 531 1945 νικήσας
547 1877 682 1929 κατά
699 1878 1026 1945 πανουργίαν
1046 1878 1168 1939 τούς
1187 1878 1655 1947 αὐτομολήσαντας
1670 1896 1683 1908 ⁸
1702 1882 1748 1931 εί
1770 1881 1860 1931 καὶ

302 1966 556 2019 ἐλάνθανε
581 1967 773 2035 μᾶλλον
803 1967 1047 2019 νικᾶσθαι
1077 1968 1177 2018 ὐπὸ
1206 1968 1311 2019 τῶν
1345 1967 1587 2037 ἀθλητῶν
1608 1970 1711 2020 τῶν
1735 1986 1861 2037 καρ-

305 2058 642 2126 τερησάντων
682 2058 777 2119 τάς
826 2058 1101 2126 βασάνους.
1147 2059 1269 2119 Τοῖς
1314 2058 1441 2123 γοῦν
1472 2063 1679 2121 πιστοῖς
1714 2058 1859 2124 ἄξιόν

299 2148 473 2207 ἐστιν,
505 2147 811 2216 εὐχομένοις
831 2147 968 2215 ὐπέρ
998 2147 1171 2198 αὐτῶν
1197 2146 1301 2197 τῶν
1327 2148 1739 2218 τιμωρηθὲντων
1766 2148 1858 2200 καὶ

298 2235 657 2304 ἡττηθέντων,
688 2237 967 2297 ἐπινεύειν,
1001 2239 1116 2305 ἦτοι
1149 2237 1471 2306 συντρέχειν,
1504 2238 1531 2289 ὃ
1565 2255 1617 2289 τι
1658 2239 1749 2290 καὶ
1771 2239 1857 2291 δέ-

298 2325 505 2387 δοκται,
536 2326 627 2376 καὶ
659 2327 796 2377 κατά
832 2344 881 2377 τι
920 2328 978 2376 οὐ
1010 2326 1231 2394 βλάπτει
1280 2327 1618 2403 συμπάσχειν
1650 2328 1743 2380 καὶ
1770 2327 1859 2379 λυ-

302 2413 518 2465 πεῖσθαι
548 2414 684 2482 μετά
715 2414 820 2465 τῶν
844 2415 1037 2480 γονέων
1060 2414 1091 2482 ἢ
1117 2415 1222 2466 τῶν
1250 2416 1420 2476 ἄλλως
1450 2417 1858 2485 προσῳκειωμέ-

301 2518 408 2553 νων
440 2502 577 2572 ὑπὲρ
626 2504 731 2554 τῶν
764 2504 1245 2573 μαρτυρησάντων,
1289 2506 1382 2557 καὶ
1427 2507 1856 2559 ἐκπεπτωκότων

300 2590 410 2643 ἀπὸ
441 2591 687 2660 μηχανῆς
714 2591 804 2643 τοῦ
825 2591 1085 2644 διαϐόλου.
1119 2591 1453 2661 Γινώσκομεν
1478 2592 1601 2659 γάρ,
1633 2592 1705 2654 ὡς
1733 2592 1857 2644 πολο

299 2679 385 2731 λοι
417 2683 731 2751 ἀπήλαυσαν
774 2683 864 2735 τοῦ
898 2682 1077 2744 ἐλέους
1121 2683 1341 2751 καὶτῆς
1388 2682 1716 2752 ἀγαθότητος
1759 2682 1853 2736 τοῦ

300 2770 436 2822 Θεοῦ
465 2770 551 2822 διά
580 2772 741 2841 εὐχῆς
787 2772 1004 2842 ἐτέρων.
1036 2772 1133 2825 Διά
1161 2788 1237 2824 τοι
1269 2771 1422 2824 τοῦτο
1464 2774 1645 2832 αὐτοῖς
1674 2790 1735 2824 τε
1767 2773 1853 2825 δο-

300 2858 456 2926 θῆναι
476 2858 679 2925 ιάφεσιν
724 2859 871 2928 παρά
912 2858 1004 2911 τοῦ
1054 2859 1186 2911 Θεοῦ
1218 2859 1587 2929 ἐξαιτήσομεν,
1616 2862 1708 2913 καὶ
1742 2864 1855 2923 τοῖς

300 2948 479 3009 ἄλλοις
504 2950 612 3009 τοῖς
644 2948 1035 3009 ἐκπεπτωκόσι,
1066 2948 1153 3000 καὶ
1178 2949 1310 3017 μετά
1336 2950 1505 3001 ταῦτα
1533 2951 1628 3018 τὴν
1652 2950 1854 3019 πλάνην

300 3036 785 3105 ἀνακαλεσαμένοις
839 3038 931 3089 καὶ
985 3036 1343 3105 ὁμολογήσασι
1391 3039 1489 3107 τὴν
1540 3037 1850 3099 εὐσέϐειαν,

304 3127 827 3195 συγκοινωνήσομεν,
876 3126 1203 3195 μεμνημένοι
1229 3126 1334 3178 τῶν
1378 3127 1482 3195 πρὸ
1530 3127 1625 3194 τῆς
1651 3125 1855 3178 ἐκπτώ-

299 3232 437 3275 σεως
485 3214 704 3281 ἀγώνων
736 3215 929 3277 αὐτῶν,
980 3208 1053 3267 ὧν
1086 3215 1394 3283 ὑπήνεγκαν
1435 3216 1523 3268 διά
1550 3217 1641 3268 τὸν
1690 3216 1847 3279 Θεὸν,

295 3302 432 3353 ἀλλά
461 3304 563 3371 μὴν
592 3304 684 3354 καὶ
716 3302 805 3355 τοῦ
836 3302 972 3371 μετά
996 3302 1162 3355 ταῦτα
1185 3304 1384 3370 ἀγαθοῦ
1410 3306 1709 3375 μεταμέλου
1739 3306 1852 3359 τού·

293 3406 421 3450 των,
455 3390 548 3441 καὶ
582 3392 660 3441 δτι
694 3390 1099 3460 μεμαρτύρηται
1143 3392 1517 3454 ἀπολιτεύτους
1546 3393 1849 3459 λογίζεσθαι

295 3479 517 3539 ἑαυτοὺς
548 3479 632 3531 διά
664 3480 985 3549 ἁμάρτημα·
1026 3481 1119 3533 καὶ¹
1144 3482 1203 3532 οὐ
1236 3473 1391 3549 μόνον
1427 3483 1850 3552 συγκοινωνήσα-

299 3584 398 3636 μεν
425 3569 623 3629 αὐτοῖς,
655 3568 786 3621 ἀλλά
816 3568 908 3625 καὶ
934 3568 1293 3638 συνευξόμεθα
1321 3569 1458 3638 ὑπὲρ
1494 3568 1719 3639 ἱλασμοῦ
1752 3572 1848 3623 αὐ-

296 3656 403 3708 τῶν
440 3659 573 3724 μετά
597 3659 701 3710 τῶν
744 3659 913 3711 ἀλλων
943 3659 1049 3711 τῶν
1092 3659 1465 3727 καθηκόντων,
1512 3660 1677 3729 ἢγουν
1709 3660 1847 3731 μετά

294 3746 402 3797 τῶν
428 3743 747 3812 ἀφειλουσών
772 3748 1006 3813 γίνεσθαι
1028 3748 1277 3800 εὐποιιῶν
1311 3749 1435 3817 περὶ
1464 3749 1702 3812 τούτους,
1762 3768 1847 3818 νη-

294 3834 475 3893 στείας
504 3834 757 3900 δηλονότι,
806 3835 1162 3903 ἐλεημοσύνης
1191 3838 1285 3888 καὶ
1329 3836 1610 3904 μετανοίας
1632 3854 1645 3865 ·
1682 3837 1749 3889 δι’
1770 3831 1843 3889 ὧν

291 3924 321 3973 6
353 3922 630 3991 γενόμενος
680 3903 1017 3993 παράκλητος
1062 3926 1198 3993 ὐπέρ
1245 3903 1397 3994 ἡμῶν
1446 3926 1842 3996 ἐξευμενίζεται

294 4014 427 4080 ἡμῖν
458 4012 548 4063 τὸν
590 4013 820 4083 Πατέρα.
866 4011 996 4065 Εἶτα
1044 4014 1133 4065 καὶ
1178 4019 1368 4084 χρήσει
1406 4015 1665 4085 κέχρηται
1708 4032 1841 4084 γρα-

292 4102 449 4168 φικῇ.
496 4100 557 4152 Ἠ
593 4100 649 4152 δέ
681 4103 823 4153 ἐστιν
869 4104 929 4153 ἐκ
972 4103 1069 4169 τῆς
1116 4101 1334 4171 πρώτης
1381 4103 1669 4170 ωθολικῆς
1726 4106 1841 4154 ἐπι-

293 4192 481 4262 στολῆς
508 4192 600 4243 τοῦ
630 4192 781 4259 ἁγίου
810 4192 1100 4245 ἀποστόλου
1130 4194 1220 4250 καὶ
1247 4192 1623 4259 εὐαγγελιστοῦ
1665 4194 1839 4246 Ἰωάν-

289 4299 402 4335 νου.

360 4372 596 4425 ΖΩΝΑΡ.
649 4373 705 4424 ’0
743 4373 866 4435 νοῦς
904 4372 996 4425 τοῦ
1038 4373 1299 4444 παρόντος
1336 4373 1554 4435 κανόνος
1601 4372 1838 4434 τοιοῦτός

1974 636 2100 672 num
2134 630 2217 675 est
2266 638 2374 677 non
2419 623 2741 690 perfecerint
2767 646 2778 680 :
2808 639 2955 678 mine
2990 625 3153 693 hujus
3197 637 3251 679 et
3279 626 3513 694 reliquo-

1973 723 2091 759 rum
2123 708 2584 761 confirmationem
2625 711 2850 773 inducit,
2887 711 3073 765 dicens
3101 729 3113 763 :
3138 711 3238 775 Qui
3280 713 3421 765 enim
3460 713 3515 765 in

1972 796 2365 861 persecutionis
2410 795 2637 860 fervore,
2688 814 2780 852 seu
2817 798 3153 851 vehementia
3195 810 3420 860 stantes,
3464 810 3518 853 et

1970 882 2211 935 videntes
2240 894 2547 943 sanctorum
2578 889 2854 954 martyria,
2889 893 2942 940 et
2971 888 3239 955 quomodo
3268 890 3515 941 εωιεειεε

1967 985 2199 1024 coronas
2228 972 2409 1025 divino
2441 975 2555 1026 zelo
2597 977 2840 1043 accipere
2887 978 3233 1038 contendant,
3279 993 3335 1031 se
3371 980 3518 1046 ipsus

1970 1058 2173 1110 dabant
2228 1061 2483 1128 martyrio
2514 1077 2637 1114 cum
2687 1064 2855 1115 multa
2897 1064 3163 1119 libertate.
3196 1076 3249 1117 ct
3288 1081 3517 1119 IIIaMtlIC

1968 1150 2091 1215 quia
2121 1150 2369 1202 videbant
2401 1152 2662 1218 quosdam
2690 1155 3018 1213 subtractos,
3051 1155 3150 1206 hoc
3180 1163 3263 1208 est
3293 1156 3516 1209 eductos

1968 1249 2020 1290 ct
2053 1238 2307 1305 deceptos
2337 1254 2366 1291 a
2412 1241 2651 1304 diabolo,
2682 1250 2735 1295 et
2768 1243 2950 1311 lapsos
2990 1258 3084 1297 seu
3118 1254 3373 1312 negmtcs
3408 1248 3516 1312 pie-

1968 1334 2131 1379 tatem
2160 1347 2172 1381 :
2208 1331 2553 1397 quamobrem
2588 1332 2815 1386 interius
2857 1335 3070 1389 accensi
3102 1352 3195 1389 seu
3235 1339 3398 1390 corde
3430 1339 3515 1389 in-

1967 1416 2243 1479 flammati,
2273 1428 2331 1471 ut
2356 1421 2446 1487 qui
2487 1422 2733 1475 audirent
2767 1439 2824 1476 se
2850 1438 2945 1491 per
2984 1424 3085 1476 hoc
3125 1424 3426 1479 debellasse
3454 1441 3515 1479 ac

1965 1506 2157 1559 vicisse
2209 1510 2498 1576 superbum
2544 1512 2913 1566 adversarium
2954 1514 3247 1571 diabolum.
3288 1516 3513 1567 studue-

1966 1606 2089 1648 runt
2122 1598 2303 1652 subire
2327 1603 2662 1668 martyrium,
2696 1617 2763 1654 ne
2785 1602 3045 1671 glorietur
3065 1603 3312 1656 diabolus
3336 1611 3388 1655 et
3413 1604 3513 1656 sibi

1966 1686 2202 1754 prudens
2233 1702 2353 1741 esse
2384 1690 2650 1752 videatur,
2682 1700 2741 1743 ut
2763 1692 2853 1757 qui
2880 1692 3176 1745 calliditate
3208 1707 3305 1745 sua
3325 1702 3375 1746 et
3401 1709 3512 1746 ma-

1964 1777 2071 1828 litia
2103 1792 2195 1831 eos
2226 1779 2416 1831 vicerit
2447 1780 2537 1847 qui
2579 1794 2678 1833 sua
2702 1788 2895 1848 sponte
2934 1782 2999 1833 ad
3040 1782 3358 1851 martyrium
3381 1797 3509 1836 con-

1894 1853 1931 1905 Β
1962 1865 2210 1933 fugerunt
2242 1886 2253 1919 :
2291 1869 2452 1921 etiam
2502 1869 2547 1921 si
2576 1884 2697 1922 eum
2746 1870 2900 1922 latuit
2940 1886 2997 1924 se
3044 1873 3215 1938 magis
3262 1871 3402 1923 vinci
3444 1872 3510 1925 ab

1960 1954 2197 2014 athletis,
2229 1956 2320 2022 qui
2357 1964 2621 2009 tormenta
2653 1956 2865 2011 fortiter
2899 1960 3137 2025 perpessi
3169 1966 3314 2011 sunt.
3358 1958 3507 2012 Fide-

1959 2042 2103 2095 libus
2136 2055 2265 2113 ergo
2288 2046 2569 2098 orantibus
2599 2060 2813 2114 aequum
2844 2056 2927 2099 est
2959 2062 3054 2115 pro
3086 2048 3216 2115 ipsis
3246 2048 3508 2115 supplicio

1958 2131 2164 2186 affectis
2184 2142 2235 2186 et
2263 2134 2488 2202 punitis,
2521 2149 2780 2196 annuere,
2818 2136 2930 2189 sive
2957 2136 3009 2188 in
3038 2136 3139 2189 hoc
3164 2152 3506 2199 Concurrere,

1956 2220 2101 2287 quod
2128 2222 2290 2275 etiam
2324 2223 2497 2275 visum
2538 2231 2640 2287 est,
2687 2232 2739 2277 et
2772 2224 2954 2292 aliquo
2987 2225 3145 2277 modo
3179 2227 3309 2277 nihil
3346 2228 3505 2285 findit,

1957 2325 2061 2362 una
2091 2326 2214 2363 cum
2246 2312 2559 2380 parentibus
2587 2313 2668 2367 vel
2695 2314 2818 2367 aliis
2850 2315 3248 2367 necessitudine
3282 2316 3504 2383 conjun-

1955 2401 2079 2462 ctis,
2111 2416 2209 2468 pro
2244 2402 2309 2455 iis
2337 2403 2429 2469 qui
2460 2402 2829 2456 testimonium
2869 2404 3132 2458 dederunt
3162 2408 3504 2475 martyrium-

1956 2504 2060 2555 que
2089 2492 2397 2553 subierunt,
2432 2494 2522 2548 sed
2567 2493 2705 2562 lapsi
2741 2505 2875 2548 sunt
2900 2496 3097 2548 diaboli
3129 2505 3243 2548 arte
3281 2509 3331 2549 et
3373 2498 3503 2549 insi-

1955 2578 2079 2639 diis,
2126 2580 2308 2635 dolere
2350 2590 2403 2636 et
2454 2585 2674 2637 tristitia
2727 2584 2881 2636 allici.
2919 2584 3133 2638 Scimus
3176 2587 3318 2638 enim
3362 2590 3502 2655 quod

1956 2667 2110 2719 multi
2160 2668 2453 2723 bonitatem
2500 2678 2553 2724 et
2601 2672 3028 2725 miscricordiam
3093 2672 3183 2725 Dei
3225 2676 3501 2726 consecuti

1954 2764 2081 2808 sunt
2111 2772 2207 2825 per
2237 2759 2463 2812 aliorum
2492 2761 2785 2815 orationes.
2824 2760 3051 2829 Ideoque
3079 2773 3131 2816 et
3162 2764 3292 2830 ipsis
3326 2765 3439 2821 dari
3472 2786 3499 2815 ιη

1954 2844 2062 2898 Deo
2089 2856 2434 2913 peccatorum
2466 2850 2837 2904 remissionem
2859 2852 3274 2919 postulabirnus,
3305 2860 3357 2905 et
3379 2854 3498 2905 aliis

1952 2938 2044 3004 qui
2078 2939 2210 3007 lapsi
2252 2948 2397 3001 sunt,
2428 2947 2480 2993 et
2512 2949 2694 3008 postea
2728 2957 2968 2995 errorem
3014 2952 3403 2996 revocaverunt
3449 2950 3499 2997 ct

1954 3025 2203 3090 pietatem
2238 3028 2476 3079 confessi
2510 3034 2657 3089 sunt,
2708 3030 3250 3091 communicabimus,
3293 3046 3498 3083 memo-

1954 3127 2041 3166 res
2067 3129 2254 3167 corum
2290 3130 2409 3183 qua:
2456 3124 2580 3169 ante
2618 3118 2826 3185 lapsum
2859 3126 3077 3187 propter
3114 3118 3277 3173 Deum
3330 3124 3497 3173 susti-

1946 3213 2186 3258 nuerunt
2220 3208 2595 3275 certaminum,
2626 3217 2677 3263 et
2704 3211 2864 3263 etiam
2903 3214 3052 3265 bona!
3080 3227 3265 3266 eorum
3310 3223 3496 3280 postea

1949 3295 2301 3363 ptenitentiaa,
2347 3307 2400 3351 et
2446 3300 2670 3366 quodse
2712 3300 2859 3368 ipsos
2905 3301 3083 3353 testati
3136 3310 3261 3355 sunt
3298 3316 3425 3354 esse
3467 3316 3495 3353 τι

1948 3386 2167 3439 civitate
2207 3387 2412 3441 alienos
2442 3396 2661 3455 propter
2690 3396 2966 3455 peccatum
3002 3407 3014 3441 :
3066 3398 3119 3442 et
3167 3404 3274 3441 non
3320 3390 3495 3441 solum

1948 3472 2081 3541 ipsis
2110 3478 2651 3541 communicabimus,
2697 3481 2789 3533 sed
2816 3491 2866 3533 et
2896 3494 2992 3547 pro
3022 3494 3207 3532 corum
3248 3481 3493 3532 reconci-

1947 3562 2167 3618 liatione
2204 3567 2503 3633 orabimus,
2539 3582 2660 3621 cum
2712 3568 2832 3622 aliis
2862 3584 2980 3631 qua:
3008 3569 3183 3631 decet,
3228 3584 3322 3622 seu
3368 3583 3491 3621 cum

1946 3653 2103 3707 bonis
2146 3656 2401 3723 operibus
2449 3671 2569 3725 qua;
2607 3656 2805 3710 debent
2854 3657 2921 3709 ab
2962 3656 3093 3725 ipsis
3125 3656 3258 3717 ﬁeri,
3287 3655 3493 3723 jejunio

1945 3744 2173 3803 scilicet,
2223 3744 2561 3815 eleemosyna
2613 3754 2665 3799 et
2695 3747 3039 3814 paenitentia;
3081 3761 3174 3813 per
3214 3761 3351 3813 quae,
3398 3744 3490 3812 qui

1944 3847 2041 3899 pro
2085 3834 2241 3886 nobis
2273 3843 2355 3887 est
2390 3834 2703 3895 advocatus,
2737 3833 2948 3888 Patrem
3000 3835 3153 3888 nobis
3198 3834 3486 3902 propitium

1943 3921 2366 3992 benevolumque
2405 3922 2583 3979 efIi‘cit.
2629 3923 2831 3979 Deinde
2875 3932 2927 3979 et
2971 3940 3138 3979 sacra:
3192 3924 3487 3990 Scriptura:

1943 4013 2207 4065 Sententia
2244 4028 2374 4066 usus
2404 4020 2505 4066 est.
2548 4013 2619 4065 Ea
2652 4030 2779 4067 vero
2807 4022 2974 4067 estex
3009 4016 3176 4081 prima
3206 4015 3473 4067 catholica

1939 4102 2163 4168 epistola
2194 4103 2365 4154 sancti
2396 4102 2620 4169 apostoli
2655 4112 2705 4155 et
2730 4103 3068 4166 evangelista:
3096 4100 3341 4157 Joannis.

2009 4358 2207 4411 Zomn.
2246 4357 2416 4426 llnjus
2468 4361 2693 4415 canonis
2749 4363 3010 4416 sententia
3064 4363 3327 4431 ejusmodi
3380 4372 3478 4418 est.

287 4463 434 4513 ἐστιν
452 4477 465 4490 υ
494 4463 553 4513 Οἱ
584 4463 639 4512 ἐν
667 4461 741 4530 τῷ
773 4461 1062 4529 βράσματι,
1088 4463 1237 4532 φησι,
1261 4461 1353 4513 τοῦ
1383 4462 1643 4530 διωγμοῦ,
1668 4463 1832 4531 ἤγουν

1941 4446 2041 4510 Qui
2076 4448 2129 4499 in
2183 4446 2417 4505 fervore.
2461 4450 2656 4517 inquit,
2704 4454 3113 4520 persecutionis,
3147 4454 3249 4505 hoc
3297 4462 3379 4505 est
3431 4455 3482 4506 in

284 4552 344 4602 ἐν
375 4553 440 4618 τῇ
475 4552 663 4619 ἀκμῇ,
705 4554 769 4619 τῇ
814 4550 957 4613 ζέσει
1000 4552 1310 4617 ἱστάμενοι,
1360 4551 1451 4601 καὶ
1490 4551 1722 4620 δρῶντες
1766 4552 1832 4603 τά

289 4638 559 4708 μαρτύρια
584 4639 690 4690 τῶν
720 4640 921 4705 ἁγίων,
965 4640 1058 4691 καὶ
1097 4640 1243 4699 ὅπως
1283 4639 1566 4691 σπεύδουσι
1616 4641 1739 4701 τοὺς
1775 4641 1832 4703 ἐξ

282 4728 512 4796 οὐρανοῦ
542 4728 831 4793 στεφάνους
860 4726 1040 4779 λαϐεῖν
1063 4765 1078 4788 ,
1104 4727 1243 4779 κατά
1277 4726 1435 4797 ζῆλον
1480 4726 1623 4783 Θεῖον
1655 4728 1833 4781 ἐπεδί-

280 4817 407 4869 δουν
439 4817 661 4879 ἐαυτούς
688 4819 764 4878 είς
784 4817 850 4869 τά
880 4815 1167 4886 μαρτύρια,
1204 4815 1340 4885 μετά
1369 4817 1675 4887 παρρησίας
1702 4817 1800 4869 πολ

280 4906 381 4973 λῆς
426 4907 758 4976 ὁρμήσαντες
805 4908 884 4966 εις
927 4906 1016 4956 τὸν
1062 4905 1280 4970 ἀγῶνα,
1325 4903 1662 4974 ζηλώσαντες
1708 4908 1829 4968 τοὺς,

280 4992 469 5058 ἁγίους
492 4993 794 5060 πάσχοντας
812 5032 827 5055 ,
858 4993 951 5044 καὶ
984 4991 1252 5053 ἐπιδόντες
1276 4993 1501 5055 ἑαυτοὺς
1537 4993 1830 5062 προθύμως

278 5085 346 5150 τῇ
402 5082 671 5151 μαρτυρίᾳ
694 5120 709 5143 ,
759 5083 850 5134 καὶ
884 5079 1110 5150 μάλιστα
1141 5081 1220 5132 ὅτι
1260 5079 1481 5132 ἕϐλεπόν
1508 5099 1659 5144 τινας
1704 5082 1831 5133 ὐπο-

281 5171 635 5241 συρομένους,
684 5172 801 5223 ἀντὶ⁵
834 5170 946 5232 τοῦ,
966 5169 1388 5238 κλεπτομένους,
1435 5170 1829 5239 ἀπατωμένους

277 5263 373 5318 καὶ
416 5261 775 5332 ἀρνουμένους
806 5261 902 5329 τὴν
932 5259 1204 5313 εὐσέϐειαν
1227 5297 1241 5319 .
1273 5258 1787 5329 ὐποθερμαινόμενοι
1811 5299 1841 5324 ,-

276 5354 395 5419 tto:
440 5351 764 5421 πυρούμενοι
802 5350 899 5419 τὴν
946 5348 1204 5417 καρδίαν,
1235 5347 1490 5399 ἔσπευδον
1525 5348 1825 5400 καταπολε-

281 5440 453 5507 μῆσαι
478 5438 565 5491 τὸν
597 5440 790 5502 αὐτοὺς
814 5437 1147 5507 ὐποσύροντα
1180 5437 1432 5506 πονηρὸν,
1461 5438 1548 5489 ἶνα
1583 5436 1656 5506 μὴ
1689 5454 1826 5488 καυ-

272 5532 466 5599 χὶται,
499 5528 573 5591 ὡς
601 5530 773 5598 ὴττῶν
822 5530 947 5593 τοὺς
994 5528 1235 5590 εὐσεϐεῖς
1259 5545 1273 5559 ·
1320 5530 1367 5579 εί
1402 5529 1495 5579 καὶ
1541 5527 1827 5580 ἐλάνθανεν

273 5618 463 5672 ἐαυτὸν
492 5619 730 5687 ἀγνοῶν,
767 5621 847 5672 ὄτι
892 5620 1087 5689 μᾶλλον
1128 5619 1386 5687 ἡττᾶται,
1421 5616 1627 5669 πολλῶν
1666 5616 1824 5687 μέχρι

272 5708 505 5761 θανάτου
538 5710 634 5776 τίς)
668 5710 801 5781 ὐτέρ
849 5710 943 5778 τῆς
982 5708 1211 5772 πίστεως
1244 5707 1489 5760 ἔνστασιν
1523 5704 1821 5773 ἐνδειξαμέο

1937 4549 2148 4586 summo
2184 4535 2328 4588 illius
2359 4537 2671 4591 discrimine
2710 4540 3285 4609 velicmentissimaquc
3326 4541 3481 4594 dimi-

1934 4624 2146 4677 catione
2194 4627 2495 4688 constituti,
2538 4642 2602 4679 ac
2633 4630 2887 4697 martyrio
2929 4639 3235 4682 sanctorum
3271 4633 3480 4683 intuen-

1935 4720 2035 4773 tes,
2073 4725 2124 4766 et
2150 4730 2311 4779 quam
2366 4716 2707 4770 vehementer
2751 4718 2816 4770 ad
2848 4720 3191 4786 accipiendas
3232 4720 3482 4772 cmlestcs

1933 4818 2163 4857 coronas
2214 4803 2562 4867 festinarent,
2609 4807 2790 4860 divina
2840 4808 3181 4861 aemulatione
3230 4822 3288 4861 sc
3337 4810 3479 4877 ipsos

1933 4894 2190 4962 martyrio
2216 4896 2689 4958 tradidcrc,tnulta
2716 4911 2835 4948 cum
2857 4896 3102 4951 libertate
3130 4898 3183 4951 in
3207 4907 3480 4952 certamen

1931 4983 2260 5048 desilientes,
2293 4996 2599 5040 sanctorum
2638 4988 2730 5056 qni
2778 4988 3120 5055 paziebantnr
3161 4990 3480 5053 iniitatLOne,

1931 5088 2093 5139 seque
2120 5085 2398 5141 promptos
2427 5076 2491 5128 ad
2521 5076 2675 5129 fidem
2716 5078 3024 5131 testimonio
3055 5079 3476 5129 confirmamlam

1929 5166 2195 5226 obtulere,
2234 5152 2345 5217 tum
2376 5166 2447 5218 ob
2478 5166 2528 5218 id
2552 5168 2783 5219 maxime
2807 5168 2931 5235 quia
2967 5167 3165 5219 inuitos
3196 5177 3478 5218 cornea-ut

1928 5255 2018 5326 qui
2056 5255 2535 5319 subtraliebantur,
2568 5257 2668 5309 huc
2718 5265 2799 5310 est
2855 5255 3294 5317 traducebantur,
3330 5257 3477 5311 deci-

1929 5347 2506 5415 piebantnr,pietatem
2557 5347 2840 5415 negabant,
2877 5348 3162 5423 ferventes.
3218 5349 3316 5399 hoc
3370 5356 3472 5409 est,

1928 5436 2199 5488 flammato
2224 5438 2406 5499 corde,
2446 5437 2695 5490 infestum
2724 5438 2858 5504 ipsis
2888 5438 3254 5495 adversarium
3294 5437 3476 5492 debel-

1928 5526 2038 5579 lare
2067 5528 2411 5591 studuerunt,
2448 5542 2512 5580 ne
2553 5527 2711 5579 veluti
2756 5525 2964 5593 piorum
3007 5528 3178 5579 victor
3218 5528 3474 5595 gloriare--

1928 5626 2045 5681 tur;
2081 5620 2328 5686 quamvis
2384 5635 2504 5671 eum
2557 5620 2792 5679 latuerit,
2826 5619 2965 5671 vinci
3013 5634 3070 5671 se
3117 5617 3317 5684 potius,
3347 5629 3474 5670 cum

1932 5707 2085 5760 multi
2120 5705 2183 5759 ad
2216 5716 2439 5761 nni-teni
2470 5722 2640 5776 usque
2673 5722 2769 5775 pro
2829 5708 2929 5761 fide
2973 5706 3329 5759 constantiam
3367 5720 3475 5776 prta
