4136 6464
298 393 413 455 513

321 606 592 669 Ἰωάννου,
620 606 712 659 καὶ
742 604 1200 676 παραφυλαξάσης
1226 603 1407 665 αὐτὸν,
1436 601 1464 652 ὁ
1490 601 1671 670 πατὴρ
1701 598 1861 651 αὑτοῦ

306 695 586 766 Ζαχαρίας
634 695 893 767 ἀνῃρέθη,
919 695 1009 747 τὸν
1055 694 1171 747 υίὺν
1216 689 1639 760 ἀπαιτούμενος,
1674 688 1790 744 ἀλλ’
1836 690 1865 740 ὁ

318 784 573 855 Ἰωάννης
603 785 689 839 διὰ
712 785 868 838 τοῦτο
896 785 995 838 οὐκ
1019 783 1231 854 ᾐτιάθη.

902 935 1140 988 KANON
1178 934 1274 986 lA'.

385 1043 403 1075 ι
452 1024 514 1077 Ei
543 1024 597 1078 δέ
621 1041 765 1086 τινες
793 1022 912 1094 βίαν
935 1023 1129 1095 πολλὴν
1159 1023 1252 1076 καὶ
1276 1021 1517 1090 ἀνάγκην
1545 1017 1860 1082 πεπόνθασι,

310 1133 333 1166 ι
379 1114 539 1184 χὰνον
572 1114 637 1145 ⁸⁸·
680 1113 929 1177 λαθόντες
960 1116 1017 1167 ὲν
1048 1113 1124 1184 τῷ
1144 1113 1367 1184 στόματι
1400 1112 1491 1165 καὶ
1505 1111 1751 1180 δεσμοὺς,
1771 1109 1864 1161 καὶ

317 1223 339 1256 ι
385 1204 758 1275 ἐπιμείναντες
792 1204 1071 1276 καρτερῶς
1103 1206 1167 1273 τῇ
1197 1202 1427 1255 διαθέσει
1470 1202 1567 1271 τῆς
1595 1200 1860 1261 πίστεως,

312 1313 334 1345 ι
382 1296 474 1347 καὶ
500 1294 597 1356 τὰς
620 1297 805 1365 χεῖρας
835 1294 1013 1347 αὐτῶν
1040 1295 1128 1324 ⁸⁸⁸*
1160 1294 1356 1361 καῆναι
1382 1289 1791 1362 προσαγομένας
1820 1287 1864 1319 ⁸⁸

309 1402 333 1435 e
379 1385 564 1439 ἀκοντὶ
588 1386 694 1453 (16)
714 1384 790 1455 τῷ
824 1385 1021 1454 ἀνιέρῳ
1061 1382 1278 1453 θύματιο
1319 1379 1600 1451 ὡσπεροῦν
1621 1377 1862 1448 ἔγραψαν

311 1496 332 1527 ι
383 1479 532 1547 μοιοί
550 1476 655 1529 ἀπὸ
671 1476 770 1546 τῆς
792 1475 1034 1545 φυλακῆς
1048 1473 1430 1544 τρισμακάριοι
1453 1473 1724 1541 μάρτυρες
1736 1469 1862 1539 περὶ⁵

311 1585 331 1617 ι
379 1567 486 1619 τῶν
499 1569 555 1618 ὲν
570 1566 763 1641 Λιϐύῃ,
785 1567 879 1619 καὶ
897 1565 1071 1635 ἕτεροι
1088 1564 1143 1616 δὲ
1177 1561 1594 1633 συλλειτουργοί·
1616 1564 1665 1613 ot
1690 1558 1863 1612 τοιοῦ-

310 1675 329 1706 ι
379 1674 494 1718 τοι,
527 1654 1049 1727 συμμαρτυρούντων
1074 1653 1255 1716 αθτοῖς
1297 1652 1342 1684 ⁸⁸
1373 1650 1602 1722 μάλιστα
1638 1650 1731 1703 καὶ
1760 1648 1863 1701 τῶν

309 1766 331 1799 ι
377 1747 550 1802 ἄλλων
579 1747 820 1817 ἀδελφῶν
843 1749 908 1812 ⁸⁸,
931 1745 1181 1800 δύνανται
1212 1742 1350 1799 εἶναι
1379 1746 1436 1799 ὲν
1463 1747 1528 1815 τῇ
1559 1741 1861 1813 λειτουργίᾳ

309 1855 329 1888 ι
374 1837 661 1906 ταχθέντες
692 1840 749 1891 ὲν
789 1840 900 1902 τοῖς
938 1838 1311 1908 ὁμολογηταίς,
1347 1835 1423 1898 ὡς
1467 1835 1562 1888 καὶ
1604 1836 1652 1887 οί
1698 1850 1863 1887 κατα·
1890 1822 1933 1878 Β

310 1949 331 1981 ι
378 1930 739 2000 νεκρωθέντες
762 1932 820 1982 ὲν
838 1933 958 1991 ταῖς
986 1928 1209 1991 πολλαῖς
1239 1925 1510 1997 βασάνοις,
1543 1928 1636 1980 καὶ
1666 1926 1859 1996 μηκέτι

308 2038 330 2070 ι
379 2019 756 2087 ὲξισχύσαντες
798 2017 1088 2088 λαλῆσαιῆ
1132 2015 1460 2084 φθέγξασθαι
1497 2014 1530 2085 ἢ
1578 2014 1860 2085 κινηθῆναι

309 2128 329 2161 ι
376 2113 458 2173 είς
488 2109 549 2163 τὸ
585 2110 897 2179 ἀντιστῆναι
947 2111 1059 2189 τοῖς
1099 2110 1178 2167 είς
1213 2109 1389 2177 μάτην
1428 2105 1761 2176 βιαζομένοις
1792 2105 1855 2136 ⁸⁸·

307 2217 329 2249 ι
374 2198 496 2251 οὐδὲ
524 2198 629 2270 γὰρ
655 2197 1045 2265 συγκατέθεντο
1065 2199 1131 2267 τῇ
1152 2194 1618 2266 βδελυρίᾳιαύτῖὒν,
1650 2193 1860 2261 ὡσπερο

308 2308 328 2340 ι
371 2287 465 2341 οὖν
485 2289 632 2359 παρὰ
645 2288 1062 2358 συλλειτουργῶν
1096 2288 1255 2341 πάλιν
1276 2288 1482 2357 ῆκουσα
1503 2286 1633 2357 (17).
1648 2284 1873 2355 Ταχθήο·

304 2395 326 2427 ι
382 2392 533 2430 σεται
571 2378 627 2430 δὲ
657 2378 716 2430 ἐν
756 2377 822 2408 ⁸⁸·
855 2380 966 2440 τοῖς
980 2376 1334 2447 ὁμολογηταίς
1376 2377 1468 2429 καὶ
1490 2379 1595 2438 πᾶς
1614 2374 1857 2428 ὁστισοῦν

304 2481 326 2514 ι
371 2462 512 2515 κατά
539 2464 801 2532 Τιμόθεον
828 2463 1194 2525 πολιτεύεται,
1233 2462 1549 2533 πειθόμενος
1576 2464 1668 2516 καὶ
1697 2463 1857 2525 αὐτὸς

303 2569 326 2604 ε
370 2551 446 2620 τῷ
471 2551 700 2618 λέγοντν
736 2554 914 2605 Alam
953 2552 1040 2583 ““
1074 2552 1482 2618 δικαιοσύνην,
1527 2551 1854 2613 εὐσέϐειαν,

305 2661 326 2695 ι
373 2645 598 2707 πίστιν,
661 2642 920 2724 ἀγάξτην,
980 2644 1314 2712 ὑπομονὴν,
1374 2644 1672 2710 πραότητα
1707 2643 1851 2673 σιω,

305 2749 327 2782 ι
373 2731 661 2800 ἀγωνίζου
690 2732 797 2785 τὸν
827 2732 1020 2785 καλὸν
1059 2732 1258 2801 ἀγῶνα
1288 2733 1396 2799 τῆς
1423 2734 1702 2797 πίστεως·
1733 2734 1858 2786 ἐπι-

308 2837 328 2873 ι
369 2823 558 2877 λαϐοῦ
609 2823 724 2889 τῆς
788 2825 1029 2877 αἰωνίου
1084 2822 1229 2890 ζωῆς
1283 2826 1370 2889 εὶς
1426 2823 1507 2889 ἦν
1564 2824 1855 2891 ἐκλήθης,

301 2926 326 2962 ι
369 2910 747 2979 ὁμολογήσας
770 2911 905 2943 “"“
929 2912 1042 2978 τὴν
1062 2914 1260 2980 καλὴν
1274 2915 1591 2993 ομολογιαν
1603 2913 1856 2967 ἐνώπιον

302 3017 324 3052 ι
366 3000 941 3068 πολλῶνμαρτύρων.
990 3020 1010 3052 ι

1431 380 1511 440 IN
1543 350 1784 439 EPIST.
1816 380 1881 438 s.
1920 375 2149 436 PETRI
2185 373 2404 434 ALEX.

302 517 506 590 ᾐτιάθη
540 518 568 570 ὁ
590 515 788 588 Κύριος
813 532 825 547 ο
861 516 950 571 καὶ
982 516 1077 586 τῆς
1118 513 1393 569 Ἐλισάϐετ
1417 511 1693 581 φυγούσης
1722 508 1856 578 μετά

1960 521 2117 575 quam
2146 507 2215 559 ob
2240 520 2375 566 rem,
2411 502 2603 571 inquit,
2637 500 2777 553 haud
2811 504 3099 551 accusatus
3131 498 3210 547 est
3235 490 3514 545 Dominus.

3421 361 3527 428 514

1964 596 2206 663 Cumque
2243 592 2466 661 fugisset
2496 588 2766 644 Elisabetli
2795 602 2916 640 cum
2947 584 3171 643 Joanne,
3232 580 3519 648 ipsumque

1965 695 2253 746 servasset,
2290 680 2607 735 interfectus
2645 688 2727 732 est
2758 676 3070 732 Zacharias,
3114 687 3141 723 a
3165 686 3273 738 quo
3302 667 3505 734 efﬂagi-

1965 774 2179 825 tabatur
2218 784 2385 838 puer,
2434 782 2609 836 neque
2653 767 2704 819 id
2757 762 2952 817 Joanui
3018 758 3233 813 crimini
3280 765 3362 809 est
3420 756 3516 807 da-

1966 871 2097 915 tum.

2421 937 2525 1007 22
2542 945 2765 1002 CANON
2806 941 2942 997 XIV.

2038 1059 2055 1091 ι
2094 1041 2147 1093 Si
2178 1042 2266 1110 qui
2296 1048 2472 1094 autem
2503 1039 2607 1089 vim
2641 1038 2860 1089 multam
2890 1043 2941 1088 et
2970 1030 3340 1086 necessitatem
3368 1028 3517 1094 passi

1972 1151 1989 1183 ι
2024 1141 2170 1195 sunt,
2201 1134 2398 1201 quique
2425 1142 2479 1184 et
2510 1130 2562 1183 in
2593 1145 2687 1183 ore
2716 1128 2919 1182 ferrum
2961 1134 3015 1179 et
3054 1122 3265 1176 vincula
3296 1132 3518 1185 accepe-

1973 1243 1991 1275 ι
2034 1231 2181 1286 runt,
2216 1230 2268 1278 et
2290 1234 2507 1292 propter
2562 1222 2755 1275 bonam
2818 1218 2936 1272 ﬁdei
2995 1215 3352 1271 affectionem,
3386 1222 3517 1263 suas

1970 1335 1989 1367 ι
2029 1331 2246 1386 quoque
2300 1331 2492 1368 manus
2527 1316 2606 1367 uri
2646 1314 2848 1366 fortiter
2890 1310 3250 1381 pertulerunt,
3296 1304 3358 1357 ad
3391 1317 3517 1369 pro-

1968 1426 1987 1459 ι
2026 1406 2210 1460 fanum
2247 1394 2578 1460 sacrificium
2610 1405 2690 1457 eis
2721 1403 2904 1456 invitis
2931 1399 3211 1458 adductas.
3242 1389 3514 1459 Quemad—

1968 1514 1987 1547 ι
2017 1495 2234 1550 modum
2295 1496 2459 1565 igitur
2492 1494 2621 1547 milii
2662 1493 2998 1562 scripserunt
3029 1506 3093 1544 ex
3119 1485 3364 1542 custodia
3390 1485 3513 1538 bea-

1969 1605 1987 1638 ι
2035 1586 2231 1640 tissimi
2267 1596 2530 1655 martyres
2556 1584 2622 1637 de
2646 1584 2712 1637 iis
2743 1584 2834 1652 qui
2875 1589 3002 1636 sunt
3034 1580 3087 1633 in
3118 1578 3304 1647 Libya,
3345 1581 3397 1627 et
3425 1571 3514 1625 alii

1969 1694 1988 1728 ι
2028 1678 2189 1730 etiam
2211 1676 2263 1728 in
2289 1675 2459 1729 sacris
2489 1672 2876 1737 comministri;
2903 1672 2939 1725 ii
2981 1670 3140 1725 simul
3175 1663 3513 1721 testificanti-

1970 1786 1986 1818 ι
2021 1768 2120 1822 bus
2154 1767 2378 1835 reliquis
2428 1779 2644 1833 quoque
2693 1763 2972 1825 fratribus,
3026 1765 3253 1830 possunt
3317 1753 3513 1809 essein

1968 1885 1986 1917 ι
2029 1880 2185 1919 sacro
2228 1862 2528 1917 ministerio
2567 1862 2710 1915 inter
2758 1857 3101 1912 eonfessores
3147 1852 3416 1910 collocati,
3459 1855 3517 1900 ut

1966 1974 1985 2006 ι
2014 1965 2066 2010 et
2090 1955 2185 2023 qui
2207 1956 2258 2008 in
2289 1953 2475 2007 multis
2524 1949 2816 2004 tormentis
2846 1945 3117 2000 fortificati
3150 1942 3370 1999 fuerint,
3408 1954 3513 1991 non

1966 2064 1983 2096 ι
2018 2045 2250 2114 amplius
2282 2041 2575 2112 potuerint,
2605 2040 2686 2091 vel
2728 2036 2895 2105 loqui,
2926 2034 3007 2089 vel
3037 2035 3236 2094 dicere,
3267 2029 3350 2083 vei
3400 2043 3517 2080 mo-

1965 2154 1982 2187 ι
2030 2136 2161 2197 veri,
2206 2141 2264 2186 ut
2293 2133 2607 2186 resisterent
2660 2130 2726 2183 iis
2777 2128 2865 2197 qui
2900 2127 3006 2180 vim
3063 2123 3262 2178 frustra
3326 2118 3515 2173 affere-

1967 2242 1985 2273 ι
2024 2224 2175 2275 bant.
2209 2220 2392 2288 Neque
2415 2222 2757 2272 enimeorum
2780 2213 3107 2284 improbitati
3133 2209 3339 2265 assensi
3365 2214 3510 2262 sunt.

1964 2332 1983 2366 ι
2019 2311 2483 2379 Quemadmodum
2511 2323 2639 2376 ergo
2692 2322 2720 2358 a
2760 2304 3153 2361 comministris
3197 2315 3388 2353 rursus
3418 2314 3516 2351 au-

1964 2421 1981 2452 ι
2015 2403 2144 2465 divi,
2180 2400 2683 2453 annumerabuntur
2717 2397 2855 2449 inter
2887 2392 3270 2453 confessorcs;
3301 2397 3355 2443 et
3392 2388 3519 2457 qui-

1965 2512 1981 2544 ι
2018 2509 2229 2561 cunque
2283 2492 2579 2547 secundum
2643 2488 2985 2541 Timotheum
3031 2486 3196 2536 vitam
3256 2480 3513 2544 instituit,

1964 2603 1981 2634 ι
2018 2600 2213 2653 parens
2237 2585 2283 2637 ei
2339 2598 2552 2651 quoque
2580 2581 2672 2649 qui
2725 2578 2859 2631 dicit
2891 2589 2913 2617 υ
2944 2595 2956 2629 :
2996 2574 3309 2643 Persequere
3351 2573 3517 2640 justi-

1964 2696 1981 2726 ι
2017 2678 2163 2737 tiam,
2197 2675 2460 2741 pietatem,
2504 2673 2681 2739 ﬁdem,
2744 2668 3092 2731 dilectionem,
3156 2665 3494 2717 tolerantiam

1962 2784 1981 2816 ι
2007 2766 2269 2817 lenitatem
2318 2780 2336 2816 :
2388 2774 2527 2817 certe
2555 2762 2829 2828 pulchrum
2858 2769 3114 2812 certamen
3147 2754 3271 2823 ﬁdei
3289 2770 3309 2807 :
3332 2768 3516 2821 appre-

1962 2873 1979 2905 ι
2020 2855 2180 2908 [tende
2208 2858 2365 2907 vitam
2416 2854 2667 2905 cwlestem
2700 2852 2751 2903 in
2780 2866 2936 2918 quam
2962 2858 3170 2901 vocatus
3193 2864 3246 2900 es
3269 2860 3289 2909 ;
3318 2854 3366 2897 et
3391 2860 3516 2898 con-

1962 2966 1981 2997 ‹
2009 2945 2175 3013 fessus
2205 2961 2381 2998 coram
2409 2944 2585 2996 multis
2612 2941 2825 2996 testibus
2856 2940 3249 3007 confessionem.
3290 2957 3308 2989 ι

593 3091 729 3189 Τοὺς
754 3089 861 3143 ἀπὸ
892 3090 1011 3160 βίας
1037 3092 1362 3162 τυραννικῆς
1381 3092 1651 3157 δόξανταςο
1662 3096 1851 3161 φαγεῖν

2026 3124 2186 3177 ΒΑιε.
2220 3120 2326 3182 Eos
2356 3120 2445 3189 qui
2472 3118 2521 3172 vi
2544 3117 2824 3187 tyrannica
2854 3114 2956 3169 visi
2986 3120 3113 3168 sunt
3142 3127 3205 3166 ex
3256 3110 3516 3172 idolothy-

297 3178 466 3249 κρέας
499 3180 562 3229 ἐκ
599 3178 705 3231 τῶν
736 3179 1134 3243 εἰδωλοθύτων,
1182 3182 1214 3251 ἢ
1260 3185 1402 3233 πιεῖν
1452 3178 1589 3234 οἶνον
1635 3185 1700 3233 ὲκ
1744 3184 1850 3234 τῶν

311 3266 636 3338 Ἑλληνικῶν
661 3270 897 3323 σπονδῶν
955 3272 1137 3342 (τυχὸν
1160 3272 1267 3343 γάρ
1286 3274 1432 3342 ,κατά
1462 3276 1563 3343 γῆς
1591 3276 1639 3326 ot
1661 3292 1853 3347 τυραν-

296 3358 513 3421 νοῦντες
559 3358 771 3427 θέμενοι
809 3362 1057 3425 τούτους,
1104 3364 1197 3415 καὶ
1229 3364 1442 3433 χάνους,
1480 3365 1595 3433 ῆτοι
1641 3366 1850 3435 σιδήρια

298 3448 549 3518 βαλόντες
583 3451 660 3511 είς
702 3449 770 3502 τά
804 3450 1043 3519 στόματα
1074 3453 1280 3515 αὐτῶν,
1330 3453 1469 3506 ὥστε
1500 3455 1670 3507 διόλου
1712 3452 1849 3508 εἶναι

293 3540 614 3608 ἠνεῳγμένα
632 3577 647 3602 ,
675 3539 897 3607 ἐπέχεον
927 3542 1005 3602 είς
1035 3542 1125 3593 τὸν
1160 3542 1411 3613 φάρυγγα
1456 3543 1657 3596 τούτων
1688 3541 1846 3609 οἶνον,

296 3629 392 3681 καὶ
421 3629 555 3698 κρέα
588 3628 949 3699 ὲπέῤῥιπτον,
993 3631 1025 3699 ἢ
1061 3632 1151 3682 καὶ
1192 3635 1311 3693 ταῖς
1340 3633 1522 3701 χερσὶν
1556 3633 1732 3687 αὐτῶν
1759 3636 1851 3685 ἀν-

296 3715 525 3784 θρακιάς
552 3718 685 3785 μετά
717 3716 1011 3771 λιϐανωτοῦ
1052 3719 1264 3788 θέμενοι
1285 3758 1299 3782 ,
1336 3722 1739 3790 παρεσκεύαζον
1765 3725 1851 3793 δῆ-

294 3803 387 3857 θεν
412 3804 556 3857 θύειν
583 3806 834 3875 αὐτοὺς),
873 3809 1163 3878 κληρικοὺς
1215 3811 1311 3878 μὲν
1346 3811 1538 3875 ὄντας,
1577 3816 1714 3866 εἶναι
1755 3815 1848 3867 καὶ

293 3890 455 3946 πάλιν
485 3894 542 3944 ἐν
572 3892 649 3962 τῷ
683 3894 868 3965 οίκείῳ
915 3895 1111 3965 βαθμῷ
1134 3900 1161 3949 ὁ
1201 3896 1378 3950 κανὼν
1414 3898 1738 3969 διορίζεται,
1774 3903 1848 3964 ὡς

291 3979 658 4049 τεταγμένους
692 3982 829 4050 μετά
857 3982 962 4035 τῶν
998 3983 1356 4054 ὁμολογητῶνο
1381 3985 1599 4050 λαῖκοὺς
1643 3988 1717 4053 δὲ,
1764 3990 1847 4041 λο-

290 4067 536 4135 γίζεσθαι
571 4069 645 4131 ὡς
676 4071 987 4141 μάρτυρας,
1028 4072 1114 4126 διά
1156 4074 1216 4127 τὸ
1246 4076 1320 4146 μὴ
1355 4078 1491 4130 κατά
1534 4080 1845 4150 προαίρεσιν

291 4156 502 4209 οίκείαν
536 4158 756 4227 ποιῆσαι
781 4158 951 4212 ταῦτα
979 4160 1216 4226 τούτους,
1255 4164 1385 4233 μηδὲ
1416 4168 1844 4233 συγκαταθέσθαι

288 4246 428 4307 ὅλως
454 4249 522 4315 τῇ
554 4246 783 4318 πράξει·
815 4250 999 4321 ὥσπερ
1028 4255 1138 4315 τοῖς
1164 4256 1517 4325 όμολογηταῖς
1548 4261 1829 4330 συνταχθή·

291 4351 474 4388 σονται
511 4337 604 4388 καὶ
638 4338 687 4388 oi
713 4340 778 4408 τῇ
800 4340 907 4392 τῶν
938 4341 1183 4407 βασάνων
1207 4346 1416 4415 ἀνάγκη
1444 4348 1842 4417 παραλυθέντες

287 4425 380 4478 τὸν
408 4426 559 4479 τόνον
581 4428 674 4480 τοῦ
707 4428 973 4498 σώματος,
998 4434 1088 4485 καὶ
1119 4435 1191 4503 μὴ
1216 4435 1496 4505 δυνάμενοι
1530 4440 1841 4509 ἀντιστῆναι
1873 4437 1917 4493 D

286 4519 401 4580 τοῖς
427 4517 704 4602 ἐκχέουσιν
732 4521 813 4581 είς
846 4519 913 4571 τά
947 4522 1185 4590 στόματα
1223 4525 1400 4576 αὐτῶν
1432 4523 1569 4577 οἶνον
1604 4528 1710 4580 ἀπὸ
1736 4528 1843 4581 τῶν

290 4603 552 4659 σπονδῶν.
591 4604 744 4675 Ἑξῆς
774 4606 829 4658 δὲ
868 4607 995 4676 περὶ
1023 4609 1129 4663 τῶν
1164 4610 1483 4666 διανυόντων
1507 4614 1567 4666 τὸ
1602 4617 1699 4686 τῆς
1732 4635 1846 4671 συν-

286 4690 549 4761 ειδήσεως
584 4694 881 4763 μαρτύριον
920 4695 1105 4764 λέγει,
1144 4699 1426 4764 κάκείνους
1455 4706 1565 4766 τοῖς
1592 4706 1846 4779 ὁμολογη-

284 4782 410 4843 ταῐς
437 4783 771 4852 συναριθμεί.
1835 4788 1842 4801 ’

354 4870 597 4924 ΖΩΝΔΡ.
660 4874 722 4924 Oi
770 4876 895 4937 τοὺς
946 4876 1131 4943 ἁγίους
1170 4879 1485 4946 κολάζοντες
1538 4885 1834 4957 μάρτυρας,

287 4958 429 5029 μετὰ
460 4958 723 5027 βασάνους
758 4963 956 5028 πολλὰς
983 4968 1074 5019 ὲπί
1108 4985 1283 5035 τινων,
1324 4971 1412 5042 βίᾳ
1431 4976 1542 5037 τοῖς
1581 4980 1838 5049 στόμασιν

356 5081 382 5109 ι
409 5068 439 5121 ι
481 5069 618 5124 Tim.
650 5072 841 5137 ν1,11,
878 5073 941 5126 ιε

1954 3214 2024 3267 tis
2056 3227 2249 3266 carnes
2311 3209 2613 3268 comedere,
2682 3205 2765 3258 vel
2794 3220 2859 3257 ex
2913 3202 3114 3256 Graecis
3164 3198 3514 3253 libationibus

1952 3303 2137 3355 vinum
2175 3301 2356 3354 bibere
2381 3297 2539 3365 (forte
2569 3296 2711 3348 enim
2742 3295 2806 3348 iis
2859 3293 2911 3345 in
2962 3300 3158 3345 terram
3192 3288 3436 3356 dejectis,
3460 3296 3515 3340 et

1952 3393 2212 3445 ineorum
2253 3404 2345 3441 ora
2385 3386 2557 3439 hamis
2618 3399 2712 3438 seu
2768 3380 3113 3435 ferramentis
3166 3379 3401 3446 injectis,
3454 3386 3511 3429 ut

1951 3494 2165 3546 semper
2193 3483 2376 3545 aperta
2421 3481 2623 3537 essent,
2680 3471 2895 3540 tyranni
2933 3471 2985 3522 in
3017 3484 3202 3522 eorum
3230 3469 3413 3521 fauces
3434 3468 3513 3519 vi-

1950 3585 2079 3622 num
2121 3567 2498 3629 infundebant,
2533 3573 2585 3619 et
2630 3578 2822 3617 carnes
2870 3560 3208 3627 injieicbant,
3243 3558 3323 3611 vel
3348 3559 3509 3611 etiam

1951 3660 2003 3711 in
2030 3673 2215 3711 eorum
2244 3654 2495 3709 manibus
2527 3652 2855 3705 carbonibus
2884 3666 3005 3703 cum
3041 3649 3199 3701 thure
3243 3647 3510 3715 impositis

1950 3748 2255 3803 saerilicare
2288 3744 2571 3813 cogebant)
2607 3763 2619 3796 :
2654 3744 2699 3796 si
2734 3748 2918 3796 essent
2956 3738 3169 3808 quidem
3216 3736 3420 3798 clerici,
3456 3738 3508 3788 in

1949 3855 2048 3893 suo
2077 3852 2289 3907 quoque
2324 3851 2513 3888 rursus
2546 3834 2714 3903 gradu
2760 3847 2881 3885 esse
2932 3830 3173 3884 decernit
3227 3842 3425 3887 canon,
3455 3835 3510 3877 ιιι

1946 3930 2037 4000 qui
2064 3929 2312 3983 collocati
2340 3927 2447 3979 sint
2498 3939 2619 3977 eum
2648 3919 3077 3977 confessoribus.
3134 3917 3280 3969 Laici
3328 3924 3506 3968 autent

1948 4028 2267 4088 reputentur
2304 4024 2360 4067 ut
2395 4023 2680 4083 martyres,
2715 4011 2859 4080 quod
2889 4010 2923 4062 ii
2961 4009 3073 4061 haec
3102 4021 3199 4060 sua
3231 4006 3507 4060 voluntate

1946 4127 2055 4164 non
2119 4106 2367 4167 fecerint,
2406 4119 2507 4159 nec
2554 4102 2754 4156 actioni
2807 4100 3030 4153 omnino
3066 4100 3274 4151 assensi
3326 4096 3437 4149 sint
3488 4112 3502 4149 :

1946 4198 2397 4271 quemadmodum
2437 4196 2577 4247 inter
2617 4190 2961 4246 eonfessores
3018 4201 3234 4256 quoque
3251 4200 3509 4238 numera-

1943 4294 2166 4355 buntur,
2196 4290 2286 4357 qui
2322 4292 2538 4354 propter
2574 4288 2963 4335 tormentorum
2986 4278 3360 4331 necessitatem
3390 4274 3507 4328 dis-

1946 4383 2121 4436 soluta
2152 4376 2396 4445 corporis
2427 4374 2699 4435 firmitate,
2730 4386 2837 4425 non
2862 4370 3102 4422 valentes
3134 4368 3200 4421 iis
3226 4365 3502 4427 resistere,

1947 4474 2036 4541 qui
2073 4474 2127 4523 in
2171 4483 2264 4522 ora
2289 4481 2473 4522 eoran
2527 4465 2708 4516 vinum
2759 4477 2821 4514 ex
2870 4459 3216 4513 libaminibus
3259 4456 3502 4511 effunde-

1952 4563 2101 4616 bant.
2137 4558 2399 4625 Deinceps
2429 4562 2607 4607 autcm
2664 4552 2729 4605 de
2767 4552 2832 4605 iis
2859 4551 2948 4619 qui
2978 4549 3321 4603 conscientia:
3359 4562 3504 4600 mar-

1951 4651 2150 4721 tyrium
2179 4655 2464 4717 peragunt,
2514 4644 2669 4705 dicit,
2699 4648 2752 4696 et
2799 4641 2919 4694 illos
2949 4655 3069 4692 cum
3098 4637 3507 4692 confessori“:

1945 4747 2313 4794 connumerat.

2015 4893 2217 4945 Ζυιιλιι.
2251 4889 2351 4953 Qui
2381 4895 2596 4941 sanctos
2656 4890 2919 4951 martyres
2976 4882 3252 4950 suppliciis
3285 4881 3504 4934 divesn-

1943 4987 2092 5047 bant,
2131 4989 2249 5051 post
2290 4985 2553 5033 tormenta
2575 4974 2741 5027 multa
2767 4974 3039 5027 nonnullis
3089 4987 3178 5035 per
3217 4973 3320 5023 vim
3356 4971 3502 5022 adbi-

1536 5167 1766 5225 νΑιιιΑε
1805 5154 2208 5229 mammas.

340 5253 411 5329 w.
430 5253 660 5329 κάμονί-.
705 5255 997 5329 ’ωέὺτῶν
1028 5273 1134 5329 οω·
1220 5260 1266 5329 ξ’
1290 5262 1723 5329 προσαγομένων.
1804 5265 1847 5294 ⁸⁵
1871 5272 2048 5329 αὐτοῖς
2075 5283 2181 5318 ιιιιι.
2250 5266 2292 5296 ⁸⁸
2318 5265 2411 5317 καὶ
2437 5265 2542 5329 τῷν
2563 5262 2801 5329 ἀδελφῶν
2820 5262 2927 5313 τῶν
2957 5264 3171 5316 λοιπῶν.

1652 5333 1762 5361 “‘“
1790 5336 2182 5404 προσπάθειαν.

278 5317 546 5391 ζομένὸις.
598 5321 666 5355 “'
698 5323 1054 5394 ταχθήσονται
1082 5328 1158 5381 ἐν.
1229 5317 1565 5383 ⁶⁶”⁴ἐιίό.’δέ.

291 5500 306 5518 0
348 5430 479 5516 (16),
498 5431 611 5518 Τῆς
637 5435 893 5518 πίσξεως
1026 5437 1411 5518 ἀξιοντίιδίε..
1438 5440 1539 5507 τῆς
1578 5441 1829 5518 πίστεως,

275 5502 351 5579 ᾡς
396 5502 491 5554 καὶ
549 5502 648 5579 ⁸ιὶᾲς
704 5507 889 5579 χεῖρας
947 5505 1137 5579 αὐτῶν
1177 5509 1392 5577 καῆναι,
1444 5502 1833 5579 προσαγόμενοι

276 5571 554 5646 ἄκοντεςᾷ
568 5569 809 5646 Ειιιιὸι,
828 5576 885 5624 ὲν
914 5576 978 5643 τῇ
1008 5573 1199 5646 Λιϐύῃ.

352 5637 464 5718 (i7)
501 5640 664 5718 Πᾳρὰ
694 5637 1179 5718 σιμνλζειτὸυργῶτξ
1200 5644 1455 5710 ἤκουσα,
1480 5663 1538 5718 κ.
1558 5663 1608 5718 τ.
1633 5645 1682 5698 λ.
1712 5646 1834 5718 Ms"

275 5709 428 5777 παρὰ
484 5708 906 5780 συλλειτουργῶν
957 5708 1115 5765 πάλιν
1145 5708 1370 5782 ἤκουσα,
1419 5715 1739 5785 ταχθήσεται
1777 5716 1832 5765 ἐν

3259 5262 3298 5290 ⁵⁸
3318 5261 3500 5314 ἐκϐιαο

2264 5335 2397 5364 “""
2426 5328 2518 5386 καῖ
2540 5328 2913 5402 ὡμολόγησας.

1938 5447 2053 5524 τοῖς
2075 5443 2459 5524 όμιολογιγταῖς,⁸
2472 5444 2569 5524 καὶ
2600 5445 2732 5524 μᾶς,
2761 5461 2813 5497 κ.
2844 5460 2894 5494 τ.
3002 5443 3163 5521 (Bene
3193 5440 3499 5524 ηιε.,·πσρξ

1942 5510 2363 5582 συλλειτουργῶν
2394 5513 2553 5564 πάλιν
2597 5511 2822 5580 ἤκουσα,
2845 5514 3037 5581 quippi-
3066 5514 3187 5577 quia
3216 5510 3496 5582 pauimen-

1943 5583 2123 5652 perius
2148 5575 2343 5652 ιίὶίιίνίι
2375 5589 2596 5638 sanctus
2620 5575 2805 5649 inter,
2832 5575 3257 5652 ἐγραιξαὰνμοι...
3292 5575 3495 5630 cunu-

1941 5650 2174 5720 τουργοί.
2212 5652 2388 5719 Eutr.)
