4136 6454
309 386 420 448 513

330 599 599 663 Ἰωάννου,
627 600 721 652 καὶ
750 596 1207 669 παραφυλαξάσης
1233 596 1415 658 αὐτὸν,
1442 594 1471 645 6
1497 594 1678 663 πατὴρ
1708 591 1867 644 αὐτοῦ

318 687 593 758 Ζαχαρίας
642 688 901 760 ἀνῃρέθη,
926 688 1016 740 τὸν
1063 687 1178 740 υίδν
1224 682 1646 753 ἀπαιτούμενος,
1681 680 1797 736 ἀλλ’
1843 683 1871 733 6

329 776 580 848 Ἰωάννης
610 778 696 832 διὰ
719 778 876 831 τοῦτο
903 779 1002 831 οὐκ
1026 776 1238 847 ᾐτιάθη.

910 928 1147 981 ΚΑΝΩΝ
1185 928 1282 979 lA’.

393 1035 410 1067 ι
459 1017 521 1070 El
550 1017 605 1071 δέ
629 1034 773 1079 τινες
801 1015 919 1087 βίαν
942 1016 1137 1087 πολλὴν
1167 1016 1259 1069 καὶ
1282 1013 1524 1083 ἀνάγκην
1552 1009 1867 1075 πεπόνθασι,

321 1126 343 1159 ι
388 1107 547 1177 χάνον
579 1107 644 1137 ⁶’⁶
688 1106 935 1170 λαϐόντες
967 1108 1024 1159 ὲν
1055 1106 1132 1176 τῷ
1151 1106 1374 1176 στόματι
1407 1105 1498 1157 καὶ
1513 1103 1759 1172 δεσμοὺς,
1778 1101 1871 1154 καὶ

328 1216 347 1248 ι
392 1196 766 1268 ἐπιμείναντες
799 1197 1079 1268 καρτερῶς
1110 1199 1174 1266 τῇ
1204 1194 1434 1247 διαθέσει
1477 1194 1574 1264 τῆς
1602 1192 1833 1252 πίστεως
1852 1229 1867 1253 ,

323 1306 343 1338 ι
389 1288 480 1340 κα)¹
507 1286 605 1349 τάς
628 1289 813 1357 χεῖρας
843 1287 1020 1339 αὐτῶν
1047 1288 1136 1316 "“
1168 1286 1363 1354 καῆναι
1389 1281 1799 1354 προσαγομένας
1827 1279 1871 1311 ⁸³

320 1394 342 1428 ε
387 1377 572 1431 ἀκοντὶ
595 1376 797 1447 (16)τῷ
832 1378 1029 1446 ἀνιέρῳ
1068 1375 1285 1445 θύματι·
1326 1372 1607 1443 ὠσπερηῦν
1629 1369 1870 1441 ἔγραψαν

320 1488 340 1520 ι
391 1486 479 1539 μοι
493 1471 541 1522 οἱ
557 1469 663 1521 άπὸ
679 1469 778 1538 τῆς
800 1467 1041 1537 φυλακῆς
1055 1466 1437 1536 τρισμακάριοι
1461 1464 1731 1533 μάρτυρες
1744 1461 1869 1531 περὶ

320 1577 340 1610 ι
387 1560 494 1611 τῶν
506 1561 562 1611 ὲν
578 1559 771 1633 Λιϐύῃ,
793 1559 887 1611 καὶ⁵
905 1557 1079 1627 ἕτεροι
1096 1557 1151 1608 δὲ
1185 1553 1601 1625 συλλειτουργοί⁶
1624 1555 1672 1605 οἱ
1698 1549 1871 1604 τοιοῦ-

319 1668 338 1699 ι
387 1666 501 1710 τοι,
535 1647 1056 1719 συμμαρτυρούντων
1082 1644 1262 1708 αθτοῖς
1304 1645 1349 1676 ⁵⁵
1381 1642 1609 1713 μάλιστα
1645 1642 1739 1695 καὶ
1767 1640 1870 1693 τῶν

319 1759 339 1791 ι
385 1740 557 1794 ἄλλων
587 1740 827 1809 ἀδελφῶν
851 1741 916 1803 ⁸⁸,
939 1738 1189 1792 δύνανται
1219 1734 1357 1791 εἶναι
1386 1738 1443 1790 ὲν
1470 1739 1535 1807 τῇ
1567 1734 1869 1805 λειτουργίᾳ

1438 373 1517 433 1N
1550 369 1791 432 EPIST.
1823 373 1888 430 s.
1928 368 2156 428 I’ETllI
2191 365 2410 427 ALEX.
2527 378 2531 382 ι
3106 444 3113 449 Ι

314 510 513 584 ᾐτιάθη
548 511 575 563 ό
598 508 796 581 Κύριος
821 524 833 539 ⁴
869 510 958 564 καὶ
989 510 1084 579 τῆς
1124 506 1400 562 Ἐλισάϐετ
1424 504 1699 575 φυγούσης
1729 500 1864 571 μετὰ
1892 528 1905 559 λ

1967 513 2123 567 quam
2152 499 2221 552 ob
2247 512 2381 559 rem,
2417 495 2610 563 inquit,
2643 492 2783 546 baud
2817 495 3105 543 accusatus
3137 490 3216 539 est
3241 482 3521 537 Dominus.

3428 353 3533 420 514

1970 589 2213 655 Cumque
2248 585 2473 654 fugisset
2502 581 2773 636 Elisabetb
2802 594 2923 632 cum
2953 576 3178 634 Joanne,
3239 571 3527 639 ipsumque

1971 687 2260 738 servasset,
2298 673 2613 728 interfectus
2652 680 2733 724 est
2764 668 3076 724 Zacharias.
3121 678 3148 715 a
3172 677 3280 730 quo
3309 659 3512 726 efﬂagi—

1972 766 2185 817 tabatur
2225 776 2391 830 puer,
2440 775 2615 828 neque
2660 758 2710 811 id
2764 754 2959 809 Joanui
3025 750 3239 805 crimini
3286 756 3369 801 est
3426 747 3523 799 da-

1972 864 2103 907 tum.

2428 930 2532 999 22
2548 937 2773 994 CANON
2813 933 2949 989 xw.

2044 1052 2062 1083 ι
2101 1034 2153 1086 Si
2185 1034 2273 1102 qui
2303 1041 2479 1085 autem
2509 1032 2615 1081 vim
2648 1030 2867 1082 multam
2897 1035 2949 1080 et
2977 1022 3348 1078 necessitatem
3376 1019 3524 1086 passi

1979 1144 1996 1175 ι
2031 1133 2177 1187 sunt,
2208 1125 2405 1193 quique
2432 1135 2485 1176 et
2516 1122 2569 1175 in
2600 1137 2694 1175 ore
2724 1120 2926 1174 ferrum
2968 1125 3022 1171 et
3062 1113 3273 1167 vincula
3303 1123 3524 1177 accepe-

1980 1234 1998 1267 ι
2040 1223 2188 1277 runt,
2223 1222 2275 1271 et
2298 1226 2514 1285 propter
2569 1214 2763 1267 bonam
2825 1210 2943 1263 fidei
3002 1206 3360 1262 affectionem,
3393 1214 3524 1254 suas

1978 1327 1996 1359 ι
2037 1323 2253 1378 quoque
2306 1323 2499 1361 manus
2534 1307 2613 1359 uri
2653 1306 2855 1358 fortiter
2898 1301 3257 1372 pertulerunt,
3303 1296 3366 1347 ad
3399 1308 3524 1361 pro-

1976 1417 1995 1451 ι
2033 1398 2218 1452 fanum
2254 1386 2586 1452 sacrificium
2617 1396 2697 1449 eis
2727 1394 2911 1448 invitis
2939 1391 3218 1449 adductas.
3250 1380 3522 1451 Quemad-

1976 1506 1994 1539 ι
2025 1488 2241 1542 modum
2302 1488 2466 1556 igitur
2499 1486 2629 1539 mihi
2669 1485 3005 1554 scripserunt
3036 1497 3100 1535 ex
3126 1477 3370 1534 custodia
3397 1476 3521 1529 bea-

1977 1597 1995 1631 ι
2043 1577 2239 1632 tissimi
2274 1588 2537 1647 martyres
2563 1576 2629 1629 de
2652 1576 2719 1629 iis
2749 1575 2842 1643 qui
2882 1581 3009 1627 sunt
3041 1572 3093 1624 in
3125 1569 3311 1638 Libya,
3352 1572 3404 1619 et
3432 1562 3521 1616 alii

1976 1686 1996 1719 ι
2035 1670 2197 1722 etiam
2218 1667 2270 1720 in
2296 1667 2466 1720 sacris
2496 1664 2883 1729 comministri;
2910 1663 2947 1716 ii
2988 1661 3147 1716 simul
3182 1654 3521 1712 testificanti—

1977 1778 1994 1810 ι
2029 1760 2128 1814 bus
2162 1758 2385 1827 reliquis
2436 1770 2651 1825 quoque
2700 1754 2979 1817 fratribus,
3034 1756 3261 1822 possunt
3324 1743 3520 1800 essein

317 1847 337 1880 ι
383 1830 668 1898 ταχθέντες
700 1832 756 1883 ὲν
797 1833 907 1894 τοῖς
945 1830 1318 1900 όμολογηταῖς,
1355 1827 1431 1890 ὡς
1475 1827 1569 1879 καὶ
1612 1828 1660 1877 οί
1706 1814 1905 1878 κατα-1

1976 1876 1993 1909 ι
2037 1872 2193 1910 sacro
2236 1854 2536 1908 ministerio
2574 1854 2717 1906 inter
2765 1848 3108 1904 eonfessores
3155 1844 3424 1902 collocati.
3466 1846 3524 1892 ut

318 1941 339 1973 ι
386 1923 747 1993 νεκρωθέντες
770 1924 827 1974 ὲν
846 1924 966 1983 ταῖς
994 1920 1216 1983 πολλαῖς
1247 1917 1518 1989 βασάνοις,
1550 1919 1643 1971 καὶ
1674 1917 1866 1987 μηκέτι

317 2030 337 2062 ι
387 2010 764 2080 ἐξισχύσαντες
806 2009 1095 2079 λαλῆσαιῆ
1139 2007 1468 2076 φθέγξασθαι
1505 2005 1537 2075 ἢ
1586 2006 1867 2076 κινηθῆναι

316 2120 337 2153 ι
384 2105 465 2165 είς
495 2101 558 2155 τὸ
593 2102 905 2171 ἀντιστῆναι
955 2103 1067 2181 τοῖς
1106 2101 1186 2159 είς
1220 2100 1397 2169 μάτην
1436 2096 1769 2168 βιαζομένοις
1799 2097 1863 2127 ιο.

315 2210 336 2242 ι
382 2190 504 2243 οὐδὲ
532 2189 637 2262 γὰρ
663 2189 1052 2257 συγκατέθεντο
1073 2191 1139 2258 τῇ
1160 2185 1626 2258 βδελυρίᾳθαύτῖύν,
1658 2185 1868 2253 ὡσπερ-

314 2300 335 2333 ι
378 2280 473 2334 οὖν
493 2282 640 2351 παρὰ
654 2279 1069 2349 συλλειτουργῶν
1103 2279 1262 2332 πάλιν
1284 2280 1489 2348 ἥκουσα
1511 2278 1640 2347 (17).
1656 2276 1881 2346 Ταχθή-·

310 2387 333 2419 ι
390 2385 541 2423 σεται
579 2370 635 2422 δὲ
665 2370 723 2422 ὲν
764 2368 831 2401 ⁸⁸⁸
862 2372 973 2432 τοῖς
987 2368 1342 2439 ὁμολογηταῑς
1383 2368 1476 2421 καὶ
1498 2370 1604 2430 πᾶς
1622 2366 1865 2419 ὁστισοῦν

311 2474 333 2507 ι
378 2455 519 2507 κατὰ
547 2456 808 2524 Τιμόθεον
835 2454 1202 2516 πολιτεύεται,
1241 2454 1556 2524 πειθόμενος
1583 2456 1676 2508 καὶ
1704 2454 1865 2516 αὐτὸς

309 2562 333 2597 ε
378 2544 455 2613 τῷ
480 2544 707 2611 λέγοντι·
744 2545 922 2597 Διωκε
961 2544 1048 2574 ““
1082 2543 1490 2609 δικαιοσύνην,
1535 2543 1863 2605 εὐσέϐειαν,

311 2654 333 2688 ι
382 2637 606 2699 πίστιν,
668 2634 928 2716 ἀγάίτην,
987 2636 1322 2704 ὑπομονὴν,
1382 2636 1681 2701 πραότητα
1714 2635 1859 2665 eam.

311 2742 333 2775 ε
380 2723 669 2792 ἀγωνίζου
698 2724 805 2777 τὸν
834 2723 1027 2778 καλὸν
1066 2724 1265 2793 ἀγῶνα
1296 2724 1405 2791 τῆς
1432 2726 1710 2789 πίστεως·
1741 2726 1866 2778 ἐπι-

314 2829 335 2865 ι
377 2815 566 2868 λαϐοῦ
617 2815 731 2881 τῆς
796 2816 1037 2869 αἰωνίου
1092 2814 1238 2881 ζωῆς
1291 2818 1379 2881 εἰς
1434 2815 1515 2882 ἣν
1573 2816 1863 2882 ἐκλήθης,

306 2918 333 2955 ο
376 2903 755 2971 ὁμολογήσας
778 2903 912 2935 “"“
937 2903 1050 2970 τὴν
1069 2905 1268 2973 καλὴν
1282 2907 1599 2985 όμολογίαν
1611 2904 1865 2959 ἐνώπιον

307 3009 331 3045 ι
373 2992 616 3045 πολλῶν
623 2994 948 3060 μαρτύρων.
998 3012 1018 3045 ι

1974 1965 1992 1998 ι
2021 1957 2074 2001 et
2098 1947 2191 2015 qui
2214 1948 2266 1999 in
2297 1945 2482 1998 multis
2532 1941 2823 1995 tormentis
2853 1936 3125 1991 fortifieati
3158 1933 3378 1991 fuerint,
3414 1945 3520 1982 non

1974 2056 1991 2087 ι
2025 2037 2257 2105 amplius
2290 2033 2582 2103 potuerint,
2611 2031 2693 2083 vel
2736 2028 2903 2097 loqui.
2934 2026 3014 2080 vel
3045 2027 3244 2085 dicere,
3274 2021 3357 2075 vel
3408 2034 3524 2072 mo-

1973 2146 1990 2178 ι
2038 2127 2168 2189 veri,
2214 2132 2272 2177 ut
2301 2124 2615 2177 resisterent
2667 2121 2733 2175 iis
2784 2119 2873 2188 qui
2908 2119 3013 2171 vim
3070 2114 3269 2169 frustra
3334 2110 3523 2164 aﬂ'ere-

1975 2233 1992 2265 ι
2033 2214 2183 2267 baut.
2218 2212 2400 2280 Neque
2423 2214 2764 2263 enimeorum
2788 2205 3115 2275 improbitati
3141 2201 3348 2257 assensi
3373 2205 3518 2253 sunt.

1972 2322 1991 2357 ι
2027 2302 2490 2370 Quemadmodum
2518 2314 2647 2367 ergo
2700 2313 2728 2350 a
2768 2295 3161 2352 cumministris
3204 2307 3396 2345 rursus
3426 2305 3524 2343 au-

1972 2412 1989 2444 ι
2024 2395 2152 2456 divi,
2187 2391 2691 2444 annumerabuntur
2725 2389 2864 2440 inter
2895 2384 3277 2445 confessorcs;
3308 2389 3363 2435 et
3400 2380 3526 2449 qui-

1973 2504 1989 2535 ι
2026 2501 2237 2553 cunque
2291 2484 2587 2537 secundum
2651 2480 2993 2533 Timotheum
3039 2477 3204 2529 vitam
3264 2472 3521 2535 instituit,

1973 2594 1989 2626 ι
2026 2591 2221 2644 parens
2245 2576 2291 2629 ei
2346 2589 2560 2643 quoque
2588 2572 2680 2640 qui
2733 2570 2867 2623 dicit
2899 2581 2921 2608 ι
2952 2586 2964 2621 :
3005 2566 3317 2634 Persequere
3359 2564 3525 2631 justi-

1972 2688 1989 2717 ι
2025 2670 2171 2729 (iam,
2205 2667 2468 2732 pietatem,
2513 2664 2690 2731 ﬁdem,
2752 2660 3100 2721 dilectionem,
3164 2656 3502 2708 tolerantiam

1970 2776 1989 2808 ι
2015 2757 2277 2809 lenitatem
2326 2771 2344 2807 :
2396 2766 2535 2807 certa
2563 2753 2837 2819 pulchrum
2866 2759 3122 2802 certamen
3155 2746 3279 2814 ﬁdei
3298 2760 3317 2798 :
3340 2759 3524 2812 appre—

1970 2865 1987 2896 ι
2028 2846 2188 2899 hende
2216 2849 2375 2898 vitam
2424 2846 2676 2896 cielestem
2708 2843 2759 2894 in
2788 2857 2944 2909 quam
2970 2848 3178 2892 vocatus
3201 2855 3255 2891 es
3278 2852 3297 2900 ,'
3326 2846 3374 2888 et
3400 2851 3524 2888 con-

1969 2957 1989 2987 ‹
2017 2937 2184 3005 fessus
2214 2952 2389 2990 coram
2417 2936 2593 2988 multis
2621 2932 2833 2986 testibus
2864 2931 3257 2999 confessionem.
3298 2948 3317 2980 ι

376 3082 573 3181 βΔΛξ.
601 3083 737 3181 Τοὺς
762 3082 1018 3181 άπδβίας
1045 3084 1371 3155 τυραννικῆς
1390 3084 1659 3149 δόξανταςρ
1672 3088 1859 3152 φαγεῖν
1887 3122 1905 3180 ‹

2034 3116 2194 3168 Βλιε.
2228 3112 2334 3174 Eos
2365 3111 2455 3180 qui
2481 3110 2530 3163 vi
2553 3109 2833 3179 tyrannica
2862 3106 2965 3160 visi
2994 3111 3121 3160 sunt
3150 3119 3214 3157 ex
3264 3102 3525 3165 idolothy-

302 3171 474 3242 κρέας
507 3172 569 3222 ὲκ
606 3170 713 3223 τῶν
744 3171 1142 3236 εἰδωλοθύτων,
1190 3174 1221 3244 ἢ
1268 3177 1410 3225 πιεῖν
1460 3170 1597 3226 οἶνον
1644 3177 1708 3225 ἐκ
1753 3176 1859 3225 τῶν

318 3260 645 3332 Ἑλληνικῶν
670 3262 905 3315 σπονδῶν
963 3264 1144 3334 (τυχὸν
1168 3264 1275 3335 γὰρ
1294 3266 1440 3334 ,κατὰ
1470 3267 1571 3335 γῆς
1599 3268 1647 3318 oi
1669 3284 1862 3338 τυραν-

302 3351 521 3414 νοῦντες
566 3351 779 3420 θέμενοι
817 3354 1065 3418 τούτους,
1112 3356 1205 3407 καὶ
1237 3356 1450 3425 χάνους,
1487 3357 1603 3425 ῆτοι
1650 3358 1858 3427 σιδήρια

304 3441 558 3511 βαλόντες
590 3444 667 3504 είς
711 3441 776 3495 τὰ
811 3443 1051 3512 στόματα
1082 3444 1288 3507 αὐτῶν,
1338 3444 1477 3498 ὥστε
1509 3447 1679 3499 διόλου
1721 3444 1857 3500 εἶναι

300 3534 621 3601 ῆνεῳγμένα
640 3570 654 3595 ,
682 3532 904 3601 ἐπέχεον
934 3534 1013 3595 είς
1043 3534 1133 3585 τὸν
1168 3535 1419 3604 φάρυγγα
1465 3536 1666 3587 τούτων
1697 3533 1854 3600 οἶνον,

303 3623 399 3674 καὶ
428 3622 564 3691 κρέα
597 3621 957 3691 ὲπέρῤιπτον,
1001 3623 1033 3691 ἢ
1068 3624 1159 3674 καὶ
1200 3626 1318 3685 ταῖς
1348 3625 1530 3693 χερσὶν
1564 3625 1740 3678 αὐτῶν
1768 3627 1859 3677 άν-

302 3709 533 3777 θρακιάς
561 3711 693 3779 μετὰ
725 3709 1018 3764 λιϐανωτοῦ
1061 3711 1307 3780 θέμενοι,
1345 3714 1747 3783 παρεσκεύαζον
1774 3716 1860 3785 δῆ-

300 3796 395 3851 θεν
419 3796 565 3850 θύειν
590 3799 841 3867 αὐτοὺς).
881 3801 1171 3871 κληρικοὺς
1222 3804 1319 3871 μὲν
1355 3803 1546 3867 ὄντας,
1586 3808 1723 3857 εἶναι
1764 3807 1857 3859 καὶ

300 3883 462 3939 πάλιν
493 3887 551 3938 ὲν
580 3886 657 3955 τῷ
691 3887 876 3957 οἰκείῳ
923 3887 1119 3958 βαθμῷ
1141 3892 1169 3941 6
1209 3889 1387 3942 κανὼν
1422 3890 1746 3961 διορίζεται,
1783 3894 1857 3956 ὡς

298 3972 665 4041 τεταγμένους
699 3975 837 4044 μετὰ
864 3976 970 4028 τῶν
1006 3976 1364 4047 ὁμολογητῶν·
1389 3977 1607 4042 λαῖκοὺς
1652 3981 1726 4044 δὲ,
1774 3981 1856 4033 λο-

298 4060 544 4128 γίζεσθαι
578 4062 652 4125 ὡς
682 4065 995 4135 μάρτυρας,
1036 4066 1122 4119 διὰ
1164 4066 1225 4120 τὸ
1254 4069 1327 4138 μὴ
1363 4070 1499 4122 κατὰ
1542 4072 1854 4142 προαίρεσιν

298 4149 510 4201 οἰκείαν
544 4151 763 4221 ποιῆσαι
789 4152 959 4205 ταῦτα
986 4152 1224 4219 τούτους,
1263 4157 1393 4226 μηδὲ
1424 4159 1852 4225 συγκαταθέσθαι

296 4238 436 4301 ὅλως
462 4243 530 4309 τῇ
561 4240 754 4311 πράξει
777 4260 790 4272 ’
822 4243 1007 4315 ὥσπερ
1036 4247 1146 4308 τοῖς
1172 4248 1525 4318 ὁμολογηταῖς
1556 4253 1837 4323 συνταχθήο

298 4343 483 4380 σονται
518 4330 612 4382 καὶ
645 4332 693 4381 οί
720 4334 785 4401 τῇ
808 4334 914 4385 τῶν
946 4334 1191 4399 βασάνων
1215 4339 1424 4407 ἀνάγκη
1452 4341 1851 4411 παραλυθέντες

294 4418 389 4471 τὸν
417 4420 567 4473 τόνον
589 4420 681 4473 τοῦ
715 4422 981 4491 σώματος,
1005 4427 1095 4478 καὶ
1127 4428 1199 4497 μὴ
1224 4428 1504 4497 δυνάμενοι
1538 4432 1849 4501 ἀντιστῆναι
1881 4428 1925 4486 D

294 4511 410 4573 τοῖς
436 4510 712 4595 ἐκχέουσιν
740 4515 820 4575 είς
854 4513 921 4565 τά
954 4516 1199 4583 στόματα⁴
1231 4518 1408 4570 αὐτῶν
1440 4515 1576 4570 οἶνον
1612 4522 1718 4573 ἀπὸ
1744 4521 1852 4574 τῶν

297 4597 560 4652 σπονδῶν.
599 4598 752 4668 Ἑξῆς
782 4599 837 4651 δὲ
876 4601 1003 4669 περὶ
1030 4602 1137 4655 τῶν
1172 4603 1490 4659 διανυόντων
1514 4606 1575 4658 τὸ
1610 4610 1707 4679 τῆς
1740 4628 1853 4664 συν-

294 4683 557 4754 ειδήσεως
592 4686 889 4757 μαρτύριον
929 4688 1114 4757 λέγει,
1153 4692 1434 4758 κάκείνους
1464 4699 1573 4759 τοῖς
1600 4699 1854 4772 ὁμολογη-

291 4775 418 4836 ταῐς
446 4776 779 4845 συναριθμεῖ.
1843 4780 1849 4794 ’

363 4862 605 4917 ΖΩΝΔΡ.
668 4868 730 4917 Ol
778 4868 902 4930 τοὺς
954 4869 1138 4936 ἁγίους
1179 4872 1493 4938 κολάζοντες
1546 4878 1842 4950 μάρτυρας,

294 4952 437 5021 μετὰ
468 4951 731 5020 βασάνους
766 4957 964 5021 πολλὰς
992 4960 1082 5011 ἐπί
1115 4978 1292 5027 τινων,
1332 4964 1419 5035 βίᾳ
1439 4970 1550 5030 τοῖς
1589 4972 1846 5041 στόμασιν

365 5075 391 5102 ι
418 5061 448 5115 1
490 5062 626 5117 Tim.
658 5080 734 5131 vi,
764 5066 849 5128 ii,
887 5067 949 5119 te

1964 3206 2033 3258 tis
2064 3219 2257 3257 carnes
2320 3201 2622 3259 comedere,
2691 3196 2773 3250 vel
2803 3211 2866 3249 ex
2921 3193 3122 3248 Graecis
3172 3190 3522 3245 libationibiis

1961 3294 2145 3346 vinum
2182 3293 2365 3345 bibere
2390 3289 2548 3358 (forte
2579 3287 2720 3340 enim
2751 3286 2815 3339 iis
2867 3285 2919 3337 in
2970 3292 3167 3337 terram
3201 3280 3445 3347 deiet-tis,
3468 3288 3522 3332 et

1960 3384 2221 3436 ineorum
2262 3395 2354 3433 ora
2394 3378 2566 3431 hamis
2627 3391 2721 3429 seu
2777 3372 3121 3427 ferramentis
3175 3370 3410 3438 injectis,
3463 3378 3520 3420 ut

1959 3485 2173 3537 semper
2202 3474 2385 3537 aperta
2430 3472 2632 3528 essent,
2689 3463 2904 3532 tyranni
2943 3463 2994 3513 in
3026 3476 3210 3514 eorum
3240 3460 3422 3512 fauces
3442 3459 3521 3510 vi-

1959 3576 2087 3613 num
2130 3559 2507 3621 infundebant,
2542 3564 2594 3610 et
2639 3569 2831 3607 carnes
2878 3551 3217 3619 injiciebant,
3252 3549 3332 3603 vel
3356 3549 3518 3602 etiam

1960 3652 2012 3703 in
2038 3664 2223 3703 eorum
2254 3646 2504 3701 manibus
2535 3644 2864 3696 carbonibus
2893 3657 3014 3694 cum
3050 3640 3208 3693 thure
3252 3638 3519 3705 impositis

1959 3740 2264 3796 sacrificare
2297 3735 2580 3805 cogebant)
2616 3755 2627 3787 :
2662 3734 2708 3787 si
2743 3740 2927 3787 essent
2965 3730 3179 3799 quidem
3225 3727 3429 3789 clerici,
3465 3728 3517 3779 in

1958 3847 2057 3885 suo
2085 3844 2299 3899 quoque
2333 3842 2522 3879 rursus
2554 3825 2723 3895 gradu
2769 3838 2890 3877 esse
2941 3821 3182 3874 decernit
3236 3832 3434 3878 canon,
3464 3825 3519 3867 ut

1954 3922 2045 3991 qui
2072 3921 2320 3975 collocati
2349 3918 2457 3970 sint
2506 3931 2627 3969 cum
2657 3910 3087 3968 confessoribus.
3142 3907 3288 3960 Laici
3337 3914 3515 3958 autem

1956 4020 2275 4080 reputeutur
2312 4015 2369 4059 ut
2404 4014 2689 4075 martyres,
2723 4002 2867 4072 quod
2898 4001 2933 4054 ii
2970 4000 3081 4052 haec
3111 4012 3208 4051 sua
3239 3998 3516 4051 voluntate

1956 4119 2063 4156 non
2128 4098 2376 4159 fecerint,
2414 4111 2516 4150 nec
2562 4093 2763 4147 actioni
2816 4092 3039 4145 omnino
3075 4091 3283 4143 assensi
3334 4088 3445 4140 sint
3497 4104 3511 4140 :

1954 4188 2406 4262 quemadmodum
2446 4187 2585 4239 inter
2626 4182 2970 4237 confessores
3027 4192 3243 4247 quoque
3260 4191 3517 4229 numera-

1952 4286 2174 4346 buntur,
2204 4281 2294 4348 qui
2330 4284 2547 4345 propter
2582 4278 2971 4326 tormentorum
2994 4270 3369 4322 necessitatem
3399 4265 3516 4319 dis-

1954 4374 2131 4428 soluta
2161 4368 2405 4436 corporis
2436 4365 2709 4426 firmitate,
2739 4377 2846 4416 ltOtt
2872 4361 3111 4413 valentes
3143 4359 3208 4412 iis
3235 4357 3510 4418 resistere,

1955 4465 2045 4533 qui
2082 4466 2135 4515 in
2180 4475 2273 4514 ora
2298 4472 2482 4513 eorum
2536 4455 2717 4507 vinum
2769 4468 2830 4505 ex
2878 4450 3226 4504 libaminibus
3268 4447 3510 4501 effunde-

1960 4555 2109 4607 bant.
2146 4549 2407 4616 Deinceps
2437 4554 2616 4599 autcm
2674 4543 2739 4597 de
2776 4543 2841 4596 iis
2868 4542 2958 4610 qui
2988 4539 3330 4593 conscientiae
3368 4552 3512 4590 mar-

1959 4644 2157 4713 tyrium
2187 4647 2473 4709 peragunt,
2524 4636 2678 4697 dicit,
2708 4640 2760 4687 et
2807 4633 2928 4686 illos
2958 4646 3078 4683 cum
3107 4628 3516 4682 eonfessoribus

1953 4739 2322 4787 connumerat.

2023 4886 2225 4938 Zomn.
2260 4882 2360 4947 Qui
2390 4887 2605 4934 sanctos
2665 4883 2928 4944 martyres
2985 4874 3261 4942 suppliriis
3295 4872 3514 4926 divexa-

1952 4979 2101 5039 bant,
2139 4982 2257 5044 post
2299 4978 2563 5026 tormenta
2584 4967 2750 5019 multa
2776 4966 3048 5020 nonnullis
3098 4980 3187 5027 per
3226 4965 3329 5016 vim
3364 4964 3511 5014 adbi-

1544 5160 1774 5217 vAiinE
1815 5147 2216 5222 LECTIGNES.

348 5246 417 5315 “f
440 5247 630 5315 χάμον.
713 5248 801 5278 ⁶¹⁶⁹
829 5249 1004 5301 αὐτῶν
1036 5265 1142 5303 om.
1228 5253 1274 5283 “
1298 5268 1338 5302 π

287 5311 554 5384 ζομένοις.
606 5315 675 5348 ⁶⁸⁶
707 5316 1062 5387 ταχθήσονται
1091 5321 1167 5374 ἐν.
1237 5311 1573 5376 ⁶⁶”⁶ἀι1ι1.’δέ.

300 5492 316 5511 .
358 5423 620 5511 (κελτῆς
647 5428 901 5511 πίστεως
1035 5430 1419 5511 ἁξιοντΛ-Μεη
1446 5432 1547 5500 τῆς
1586 5434 1839 5511 πίστεως,

284 5495 363 5571 ᾡς
406 5495 500 5547 καὶ
558 5495 656 5571 τᾲς
713 5500 897 5571 χεῖρας
955 5498 1145 5571 αὐτῶν
1186 5502 1400 5571 καῆναι,
1452 5495 1843 5571 προσαγόμενοι

284 5564 563 5638 ἄκοντεςζ
576 5562 817 5638 Bttner,
837 5568 893 5617 ὲν
923 5569 986 5635 τῇ
1016 5566 1207 5638 Λιϐύῃ.

363 5629 475 5713 (l7)
510 5633 673 5713 Παρὰ
704 5629 1187 5713 credisne-vgan
1209 5636 1464 5702 ἤκουσα.
1489 5655 1549 5713 κἒ
1567 5656 1617 5713 τ.
1642 5638 1692 5690 λ.
1722 5638 1844 5713 Ms_..

285 5701 439 5769 παρὰ
494 5701 915 5771 συλλειτουργῶν
966 5701 1124 5757 πάλιν
1154 5706 1378 5773 ἧ-κουσα,
1428 5708 1749 5777 ταχθήσεται
1787 5708 1842 5757 ἐν

1342 5254 1732 5322 ροσαγομένων.
1814 5257 1856 5287 ⁸⁸
1880 5264 2056 5322 αὐτοῖς
2084 5276 2190 5312 ιιιιι.
2259 5260 2301 5290 ⁸⁸
2328 5258 2420 5310 καὶ
2446 5258 2551 5322 τῷν
2572 5255 2811 5322 ἀδελφῶν
2830 5256 2936 5307 τῶν
2966 5257 3181 5309 λοιπιῖιν.

1661 5324 1771 5353 ⁶⁶’“
1798 5320 2191 5397 προσπάθειαν.
2273 5328 2405 5357 ⁸⁸⁵⁸⁸·
2435 5320 2526 5379 καῖ
2548 5320 2921 5396 ὡμολόγησας.

3268 5256 3308 5283 ⁶⁶
3328 5255 3509 5307 ἐκϐιαο

1947 5440 2063 5517 τοῖς
2084 5436 2578 5517 ὁμολογηταῖςηκαὶ
2609 5438 2742 5517 πᾶς,
2770 5454 2822 5489 κ.
2853 5453 2903 5487 τ.
3012 5435 3171 5513 (Bene
3202 5433 3507 5517 men-napi

1951 5503 2372 5575 συλλειτουργῶν
2403 5506 2563 5557 πάλιν
2606 5505 2831 5572 ἥκουσα,
2854 5506 3046 5573 quippe
3075 5507 3197 5569 quia
3225 5503 3505 5575 pilliiIi-Su'

1953 5576 2132 5643 perius
2157 5567 2352 5644 diﬁc-rit
2384 5582 2605 5630 sanctus
2628 5567 2814 5641 fater,
2841 5567 3267 5644 ἔγραῷάνμοιᾲ.
3301 5567 3505 5622 συλλει-

1950 5643 2183 5712 τουργοί.
2221 5645 2397 5711 l'lm'r.)
