4136 6498
241 469 342 538 521

1241 472 1317 534 ις
1347 473 1586 534 EPIST.
1625 468 1685 532 S.
1725 468 2107 532 GREGORII
2149 467 2579 531 NEOCiiSAIi.

3355 460 3457 523 52?

243 598 440 662 ἑκοντὶ,
471 598 548 660 είς
583 596 705 660 τοὺς
744 597 880 649 κατᾶ
921 593 1037 663 βίαν
1068 593 1172 645 τῶν
1212 591 1494 663 βαρϐάρων
1532 590 1788 658 φαγόντας

1900 587 2269 644 necessitatem
2299 603 2392 643 eas
2431 602 2586 642 escas
2631 585 2891 650 fecerunt,
2926 595 2978 640 et
3019 586 3074 640 in
3119 599 3214 642 eos
3259 587 3353 656 qui
3382 585 3450 641 ad

244 690 433 753 ταῦτα,
454 691 531 750 είς
557 690 682 750 τοὺς
713 687 780 740 δι’
804 685 1042 753 ἀνάγκην
1061 683 1158 750 τῆς
1185 682 1393 750 φύσεως
1428 680 1617 751 βρῶμα
1637 696 1795 751 ποιη-

242 778 508 846 σαμένους
538 777 694 838 αὐτὰ,
724 775 816 829 καὶ
849 777 927 838 εἰς
966 774 1089 836 τοὺς
1123 771 1434 842 βιασθέντας
1468 771 1599 840 πρὸς
1641 771 1798 825 τοῦτο

243 867 392 936 παρά
429 866 733 936 βαρϐάρων,
763 867 837 935 μὴ
885 863 1178 917 τεθυκότων
1225 864 1336 924 τοῖς
1379 859 1796 923 είδιίιλοις.”Οθεν

242 958 353 1015 καὶ,
377 957 449 1018 ὡς
483 958 603 1025 ἐμοὶ
630 957 791 1012 δοκεῖ.
820 953 935 1006 οὐδὲ
970 947 1048 1016 εἷς
1085 953 1148 1004 ἐκ
1189 950 1386 1004 τούτων
1416 950 1796 1019 άνεπιτίμητος

240 1048 413 1100 ἐσται.
456 1047 516 1099 Οἱ
556 1047 661 1115 γὰρ
700 1045 785 1096 διὰ
817 1042 1021 1115 τρυφὴν
1054 1042 1314 1110 φαγόντες
1349 1038 1518 1093 ταῦτα
1560 1038 1795 1108 μείζοσιν

240 1134 532 1204 ἐπιτιμίοις
565 1133 1048 1203 ὑποϐληθήσονται·
1085 1133 1130 1184 οἰ
1167 1132 1232 1184 δι’
1270 1131 1512 1199 ἀνάγκην
1545 1128 1634 1181 καὶ
1663 1129 1796 1180 ἀπο-

241 1225 440 1295 τροφὴν
473 1223 564 1276 τοῦ
595 1223 858 1292 σώματος,
880 1221 954 1283 ὡς
981 1220 1052 1290 μὴ
1087 1220 1294 1289 ἔχοντες
1321 1219 1492 1280 ἄλλως
1524 1218 1635 1277 πῶς
1662 1219 1796 1270 ἀπο-

240 1316 528 1384 τραφῆναι,
565 1316 796 1382 ήττόνως
824 1312 1238 1380 κολασθήσονται
1291 1311 1396 1363 Καὶ
1429 1311 1478 1361 οἰ
1509 1309 1680 1362 λοιτιιοί⁸
1707 1307 1796 1361 διὰ

240 1405 338 1473 τὴν
381 1404 744 1475 μιαροφαγίαν
791 1402 1145 1473 μετριώτερον
1185 1400 1680 1471 ἐπιτιμηθήσονται,
1713 1399 1794 1451 ὅτι

239 1497 337 1547 καὶ
373 1497 401 1547 ό
432 1496 582 1568 ἆγιος
610 1495 668 1546 οὐ
702 1493 834 1562 βαρύ
863 1510 1022 1564 φησιν
1050 1488 1188 1544 εἶναι
1219 1493 1278 1544 τὸ
1307 1493 1494 1559 φαγεῖν
1527 1489 1795 1543 εἰδωλόθυ-

238 1602 306 1637 τα
344 1586 491 1655 παρὰ
523 1585 628 1636 τῶν
657 1585 728 1654 μὴ
753 1584 1023 1637 θυσάντων
1050 1586 1157 1646 τοῖς
1181 1582 1412 1645 εἰδώλοις
1442 1579 1795 1651 παρατιθέμε-

239 1692 327 1737 να,
358 1674 418 1726 οὐ
447 1676 547 1743 μὴν
578 1675 669 1728 καὶ
695 1674 865 1744 πάντη
892 1673 1307 1744 άκατέγκλητον.
1326 1673 1612 1742 Ἐρωτήσει
1630 1671 1684 1723 δέ
1710 1687 1794 1733 τις

238 1767 338 1830 ὡς,
369 1767 459 1819 τοῦ
496 1766 554 1818 ιδ’
588 1767 806 1828 κανόνος
830 1766 924 1820 τοῦ
947 1764 1210 1834 μακαρίου
1233 1762 1436 1833 Πέτρου
1460 1759 1796 1832 άρχιεπισκό-

239 1871 345 1908 που
382 1856 776 1925 Ἀλεξανδρείας
796 1857 888 1907 καὶ
917 1855 1184 1924 μάρτυρος
1208 1850 1652 1922 διαλαμϐάνοντος
1671 1851 1794 1912 τοὺς

239 1946 382 1998 κατὰ
443 1946 557 2015 βίαν
611 1944 932 2015 τυραννικὴν
985 1943 1252 2011 φαγόντας
1312 1940 1648 2003 εἰδωλόθυτα,
1707 1939 1795 1991 καὶ

240 2037 662 2104 τοιουτοτρόπως
690 2035 972 2096 θύσαντας,
997 2036 1068 2104 μὴ
1095 2030 1462 2103 ἐπιτιμᾶσθαι,
1499 2029 1632 2084 ἀλλὰ
1667 2029 1795 2100 μᾶλ-

240 2124 333 2177 λον
371 2125 460 2177 καὶ
498 2125 556 2175 ἐν
586 2123 662 2193 τῷ
688 2125 868 2194 κλήρῳ
898 2118 1053 2183 εἶναι,
1096 2121 1381 2191 κληρικοὺς
1405 2119 1579 2181 ὂντας,
1611 2117 1727 2180 πῶς
1757 2121 1790 2187 ἡ

240 2213 485 2283 παροῦσα
527 2213 776 2283 ἐπιστολὴ
803 2212 1088 2282 διορίζεται
1129 2212 1252 2272 τοὺς
1287 2209 1554 2276 φαγόντας
1584 2207 1793 2262 εἰδωλό-

239 2303 376 2357 θυτα
393 2303 478 2372 μὴ
502 2305 736 2371 ,βαρέως
770 2303 1117 2372 βλάπτεσθαι,
1142 2301 1214 2364 ὡς
1242 2301 1304 2352 ἐκ
1331 2299 1516 2352 τούτου
1543 2299 1792 2368 ἐκφαίνε-

240 2392 362 2445 σθαι
387 2393 708 2460 βλάπτεσθαι
741 2393 931 2453 αὐτοὺς
949 2391 1224 2458 μετριωςς
1257 2390 1440 2452 Λύσις.
1460 2389 1515 2440 ὐ
1541 2389 1794 2460 Ξερομάρ-

239 2500 337 2545 τυς
371 2483 573 2551 Πέτρος
608 2483 663 2532 ἐν
693 2482 768 2551 τῷ
796 2481 854 2532 ιδ’
883 2481 1064 2534 κανόνι
1102 2480 1264 2535 αὐτοῦ
1295 2481 1384 2532 καὶ
1422 2479 1546 2549 περί
1579 2479 1706 2531 αὐτὸ
1733 2477 1796 2531 τὸ

240 2575 430 2640 φαγεῖν
459 2573 524 2624 τὰ
554 2573 868 2625 εἰδωλόθυτα
900 2570 1238 2641 μαρτυρῆσαι
1272 2571 1394 2633 τοὺς
1421 2569 1652 2638 ἀθλητὰς
1675 2568 1790 2622 δια-

238 2662 520 2732 λαμϐάνει.
550 2663 684 2732 Φησὶ
717 2664 841 2732 γὰρ,
876 2663 955 2714 ὅτι
986 2663 1077 2713 καὶ
1103 2663 1259 2730 χάνος
1286 2661 1540 2729 ἐνεϐλήθη
1569 2659 1644 2728 τῷ
1675 2659 1792 2710 στό-

239 2767 371 2821 ματι
410 2752 584 2805 αὐτῶν
627 2755 717 2805 καὶ
749 2753 806 2805 αἰ
848 2755 1024 2821 χεῖρες
1068 2750 1268 2804 τούτων
1307 2749 1667 2820 κατεκάησαν,
1699 2749 1793 2801 καὶ

238 2841 422 2904 ἁπλῶς
452 2841 556 2894 οὐδ’
580 2842 715 2904 ὅλως
745 2841 1020 2893 συνέθεντο
1052 2843 1129 2903 εἰς
1165 2840 1225 2892 τδ
1258 2839 1575 2893 εἰδωλόθυτα
1600 2841 1792 2907 φαγεῖν

237 2931 265 3001 ἢ
295 2931 373 2993 εἰς
405 2931 464 2982 τὸ
496 2930 653 2983 θῦσαι
685 2934 793 2993 τοῖς
826 2929 1077 2991 εἰδώλοις.
1097 2931 1157 2982 Ἦ
1187 2929 1240 2982 δὲ
1272 2929 1514 3000 παροῦσα
1537 2928 1790 2999 κανονικὴ

237 3021 487 3092 ἐπιστολὴ
515 3022 859 3092 διαλαμϐάνει
889 3020 1024 3073 κατὰ
1051 3019 1148 3082 τὰς
1167 3021 1359 3091 ἀρχὰς,
1383 3020 1520 3073 κατὰ
1548 3019 1666 3087 βίαν
1695 3020 1790 3085 μὲν

236 3115 429 3180 φαγεῖν
459 3115 582 3176 τοὺς
603 3112 972 3183 αἰχμαλώτους
996 3109 1062 3162 τὰ
1098 3111 1495 3180 παρατιθέμενα
1518 3111 1694 3171 αὐτοῖς
1716 3109 1792 3160 εἰ·

1898 678 2007 732 haec
2047 678 2094 731 vi
2129 679 2390 746 compulsi
2415 687 2539 733 sunt
2567 694 2596 731 a
2627 678 2892 734 barbaris.
2922 679 3012 747 qui
3045 677 3202 732 idolis
3231 691 3337 730 non
3358 689 3448 730 sa-

1893 766 2227 823 criﬁcarunt.
2258 766 2427 830 Unde,
2457 777 2516 822 ut
2544 767 2673 821 tnihi
2701 769 2929 829 videtur,
2963 768 3142 821 nntius
3165 783 3348 821 eorum
3380 767 3443 817 ab

1892 857 2037 911 omni
2099 859 2253 927 culpa
2314 858 2571 912 immun’s
2630 860 2751 912 erit.
2783 858 2882 926 Qui
2934 875 2993 912 ea
3047 861 3185 910 enim
3237 877 3439 922 μινυς-κεπ-

1892 947 2078 1000 luxum
2131 957 2185 1002 et
2232 948 2453 1002 delicias
2494 950 2866 1012 comederunt,
2922 950 3214 1012 majoribus
3273 951 3443 1014 [mnis

1891 1035 2272 1101 subjiciuntur;
2301 1039 2392 1106 qui
2423 1052 2638 1108 propter
2669 1041 3060 1095 necessitatem.
3100 1049 3152 1091 et
3197 1055 3326 1106 corp
3352 1057 3441 1092 ,ωδ

1891 1124 2303 1190 nutrimentum,
2337 1135 2389 1180 et
2423 1136 2476 1178 ut
2506 1127 2597 1193 qui
2645 1142 2749 1180 non
2798 1128 3006 1194 possint
3033 1129 3188 1180 aliter
3223 1129 3438 1187 nutriri,

1889 1213 2068 1267 minus
2099 1214 2409 1282 punientur.
2445 1213 2654 1282 Reliqui
2687 1229 2901 1282 quoque
2931 1226 3144 1284 propter
3174 1231 3324 1269 esum
3354 1231 3444 1268 ex-

1889 1305 2205 1358 secrabilem
2237 1306 2416 1361 mitius
2446 1308 2752 1374 punientur.
2787 1321 2850 1358 eo
2878 1309 3019 1372 quod
3055 1315 3277 1360 sanctus
3307 1321 3442 1372 quo-

1887 1407 1990 1459 qne
2017 1394 2144 1448 dicit
2177 1411 2283 1448 non
2315 1411 2473 1465 grave
2509 1410 2628 1450 esse
2675 1394 2965 1464 idolothyta
2996 1397 3292 1453 comedere.
3322 1410 3440 1464 qua:

1888 1483 1954 1535 ab
2011 1483 2072 1537 iis
2128 1495 2472 1553 apponuntur
2521 1486 2612 1552 qui
2663 1485 2818 1538 idolis
2869 1500 2970 1537 non
3021 1484 3436 1539 sacrificarunt:

1887 1588 1991 1624 non
2031 1581 2110 1627 est
2143 1584 2317 1628 tamen
2355 1575 2422 1628 ab
2459 1575 2602 1630 omni
2635 1577 2844 1643 penitus
2872 1575 3283 1643 reprehensione
3312 1575 3442 1628 alie—

1887 1678 2035 1716 num.
2083 1662 2493 1731 interrogaverit
2522 1676 2695 1721 autem
2726 1668 2991 1736 quispiam
3028 1684 3042 1720 :
3069 1665 3202 1719 Cum
3237 1682 3324 1720 m
3350 1682 3440 1721 ca-

1886 1770 1992 1807 non
2028 1756 2167 1810 beati
2193 1754 2335 1811 Petri
2369 1759 2754 1827 arcltiepierpi
2786 1759 3038 1812 Alexand:
3059 1760 3128 1812 int
3157 1769 3208 1812 et
3240 1767 3439 1826 marty-

1884 1845 1961 1899 ris
1990 1848 2276 1912 contineat,
2310 1864 2403 1903 eos
2433 1850 2524 1918 qui
2571 1851 2622 1903 vi
2672 1851 2945 1921 tyrannica
2980 1851 3439 1918 compulsi‘idolo-

1884 1938 2033 2009 thyta
2064 1939 2412 1994 comederunt
2459 1949 2512 1993 et
2560 1941 2739 1995 itidem
2778 1941 3170 1995 sacrificarunt.
3204 1955 3306 1993 non
3341 1955 3439 2007 pn-

1882 2029 2010 2091 niri,
2039 2029 2132 2084 sed
2163 2029 2341 2097 potius
2370 2043 2489 2084 esse
2518 2031 2676 2084 etiam
2710 2032 2762 2084 in
2792 2032 2955 2091 clero,
2989 2032 3029 2084 si
3073 2030 3180 2084 sint
3218 2029 3434 2085 clerici:

1883 2121 2155 2188 quomodo
2201 2122 2439 2177 decernit
2483 2137 2715 2192 praesens
2769 2123 2882 2175 haec
2928 2121 3172 2189 epistola,
3199 2135 3292 2174 eos
3344 2121 3437 2189 qui

1886 2207 2177 2279 idolothyta
2209 2212 2573 2274 comederunt,
2607 2227 2705 2263 non
2732 2213 2956 2279 graviter
2980 2211 3099 2263 (cedi
3129 2226 3146 2261 :
3178 2219 3234 2262 ut
3266 2225 3327 2261 ex
3370 2225 3436 2261 eo

1886 2307 2167 2365 appareat,
2202 2299 2346 2367 ipsos
2388 2299 2714 2353 mediocriter
2747 2301 2902 2353 laedi?
2934 2299 3160 2353 Solutio.
3208 2297 3437 2351 Sanctus

1882 2399 2085 2457 martyr
2131 2387 2341 2456 Petrus,
2381 2391 2431 2443 in
2465 2406 2550 2443 xiv
2593 2405 2692 2445 suo
2736 2405 2960 2453 canone,
3000 2391 3160 2442 etiam
3211 2390 3262 2441 in
3319 2388 3436 2456 ipso

1881 2474 2279 2530 immolatarum
2312 2493 2404 2532 esu
2441 2479 2664 2532 athletas
2709 2488 2970 2549 martytes
2998 2477 3162 2533 fuisse
3199 2487 3250 2530 et
3283 2477 3436 2530 testi-

1882 2566 2120 2618 monium
2154 2567 2443 2634 prcebttisse
2478 2569 2736 2635 perhibet.
2768 2568 2900 2622 Dicit
2928 2569 3069 2621 enim
3104 2569 3243 2637 quod
3271 2568 3430 2621 etiam

1881 2650 2264 2708 ferramentum
2307 2655 2357 2707 in
2391 2671 2451 2708 os
2485 2656 2721 2724 ipsorum
2756 2657 3004 2725 injectum
3033 2665 3134 2718 est,
3163 2665 3214 2707 ct
3242 2670 3433 2707 manus

1882 2758 2066 2798 eorum
2094 2753 2226 2798 usta!
2264 2753 2411 2810 sunt,
2436 2755 2511 2811 et,
2543 2757 2598 2799 ut
2631 2747 2793 2801 semel
2822 2749 3019 2810 dicam,
3048 2747 3111 2800 ad
3145 2747 3434 2817 immolatis

1880 2836 2199 2890 vescendum
2231 2835 2376 2889 nullo
2409 2837 2569 2891 modo
2593 2847 3008 2903 consenserunt,
3042 2852 3139 2892 nec
3177 2837 3336 2891 etiam
3364 2837 3432 2890 ad

1881 2925 2039 2981 idolis
2067 2928 2503 2985 sacriﬁcandum.
2533 2929 2774 2985 Praesens
2804 2937 2979 2983 autem
3027 2927 3284 2982 canonica
3320 2929 3432 2995 epi-

1880 3017 2015 3070 stola
2050 3027 2240 3073 tractat
2274 3022 2327 3073 in
2362 3022 2647 3089 principio,
2676 3021 2916 3088 captivos
2946 3021 3159 3088 quidem
3189 3018 3429 3088 apposita

1879 3105 1980 3158 sibi
2013 3105 2304 3175 idol0thyta
2333 3109 2382 3159 vi
2412 3109 2731 3172 comedisse,
2769 3109 2861 3162 sed
2892 3123 2999 3161 non
3026 3108 3185 3161 etiam
3213 3121 3279 3160 eo
3311 3107 3431 3176 ipso

234 3201 523 3263 δωλόθυτα,
559 3202 615 3253 οὑ
649 3203 752 3272 μὴν
782 3203 874 3254 καὶ
902 3204 1019 3255 κατ’
1052 3201 1182 3254 αὐτὸ
1211 3199 1270 3254 τὺ
1307 3201 1496 3270 φαγεῖν
1531 3214 1788 3271 τυραννη-

1878 3201 2118 3262 tempore
2154 3211 2263 3263 quo
2291 3197 2657 3261 comedebant,
2690 3199 2968 3267 tyrannica
3006 3197 3256 3251 violentia
3280 3212 3426 3250 com-

238 3290 421 3358 θῆναι,
449 3293 541 3342 καὶ
571 3291 656 3344 διὰ
684 3291 836 3344 τοῦτο
868 3291 1008 3345 θέλει
1032 3297 1107 3356 ὡς
1131 3291 1262 3355 ὅλως
1299 3292 1674 3360 ὑποκύψαντας
1713 3291 1789 3361 τῷ

235 3380 502 3450 θελήματι
551 3382 641 3433 τοῦ
689 3382 966 3452 τυράννου,
1001 3383 1230 3452 μετρίως
1260 3383 1651 3454 τιμωρηθῆναι.
1684 3382 1788 3433 Νο-

237 3471 383 3540 μίζω
411 3471 468 3522 δὲ
497 3470 622 3536 ἐγὼ,
657 3472 758 3532 ὅτι,
786 3470 970 3540 ὥσπερ
1000 3473 1099 3525 οὐκ
1125 3473 1237 3523 ἐστι
1268 3472 1437 3539 πάντη
1466 3472 1788 3539 ἀνεπιτίμη-

235 3579 327 3613 τον
375 3562 436 3613 τὸ
478 3564 667 3628 φαγεῖν
699 3561 1016 3614 εἰδωλόθυτα
1059 3561 1200 3613 κατὰ
1244 3562 1360 3630 βίαν
1397 3561 1680 3631 βαρϐάρων
1715 3559 1789 3629 μὴ

233 3648 624 3713 ἐπιθυσάντων,
654 3649 822 3712 οὕτως
847 3651 962 3702 οὐδὲ
997 3651 1054 3702 τὸ
1087 3650 1382 3719 ὑποστῆναι.
1428 3650 1627 3719 φθορὰν
1658 3649 1778 3718 βαρ·

235 3740 471 3809 ϐαρικὴν
495 3740 630 3793 κατὰ
657 3740 800 3809 βίαν·
833 3741 923 3793 καὶ
951 3741 1104 3793 τοῦτο
1133 3741 1240 3812 γὰρ
1278 3739 1508 3810 μετρίως
1539 3742 1789 3811 ἐπιτιμη-

232 3828 477 3898 θήσεται.
529 3830 646 3882 Κᾶν
690 3830 798 3900 γὰρ
851 3833 944 3883 καὶ
983 3834 1011 3883 ό
1045 3832 1314 3894 πολιτικὸς
1353 3831 1510 3899 νόμος
1543 3832 1705 3902 φησὶν
1732 3835 1789 3884 ἐν

233 3916 424 3987 βιϐλίῳ
473 3918 512 3982 ξ’
541 3918 714 3970 τίτλου
762 3918 840 3988 λη’
871 3919 1058 3987 κεφαλ.
1097 3921 1158 3992 ιβ’
1182 3920 1374 3990 θέματι
1415 3920 1586 3990 ἕκτῳ·
1621 3920 1787 3992 Καλὴ

234 4007 382 4078 παρὰ
426 4010 536 4070 τοῖς
584 4007 854 4076 πολεμίοις
897 4009 1235 4077 μοιχευθεῖσα
1273 4007 1364 4060 καὶ
1411 4009 1787 4081 ὑποστρέψασα

231 4099 614 4166 κατηγορεῖται
647 4096 794 4165 παρὰ
821 4095 913 4148 τοῦ
945 4097 1152 4167 ἀνδρὸς,
1181 4098 1240 4150 οὐ
1265 4098 1453 4167 δικαίῳ
1489 4099 1698 4170 ἀνδρὸς,
1737 4103 1785 4154 εἰ

229 4186 310 4256 μὴ
344 4185 432 4256 βία
469 4186 625 4238 τοῦτο
670 4185 922 4248 πέπονθε,
949 4187 1040 4238 καὶ
1082 4188 1498 4257 τοιουτοτρόπως
1524 4190 1786 4258 συγγινώ-

1877 3285 2062 3353 puisos
2094 3286 2292 3350 fuisse;
2319 3297 2370 3342 et
2415 3289 2534 3343 ideo
2565 3290 2677 3342 vult
2718 3304 2831 3354 eos,
2860 3298 2917 3343 ut
2963 3291 3054 3358 qni
3102 3290 3323 3342 omnino
3353 3300 3434 3360 ty-

1877 3391 2172 3431 rannorum
2225 3380 2490 3433 voluntati
2536 3379 2831 3443 cesserint,
2898 3381 3172 3433 moderate
3230 3381 3428 3448 puniri.

1879 3465 2143 3521 Existimo
2189 3478 2366 3523 autem
2419 3485 2537 3540 ego,
2568 3473 2709 3540 quod
2756 3470 3212 3539 quemadmodum
3266 3473 3432 3526 idolo-

1880 3559 2025 3628 thyta
2056 3560 2352 3622 comedere,
2382 3576 2412 3614 a
2446 3561 2690 3616 barbaris
2739 3561 2830 3630 qui
2877 3575 2983 3614 non
3037 3562 3430 3620 sacritlcarunt.

1875 3651 2236 3718 compulsum,
2272 3667 2376 3706 non
2417 3662 2498 3707 est
2549 3654 2616 3706 ab
2664 3653 2809 3706 omni
2844 3653 3254 3721 reprehensione
3303 3652 3432 3703 libe-

1877 3754 2030 3805 rum;
2065 3741 2136 3794 ita
2169 3756 2266 3796 nec
2285 3744 2624 3798 barbaricum
2655 3751 2899 3811 stuprum
2929 3743 2976 3794 vi
3008 3757 3317 3810 perpessum
3352 3755 3433 3792 cs-

1877 3844 1936 3882 se
1968 3847 1982 3883 :
2013 3846 2136 3884 nam
2183 3832 2284 3886 hoc
2335 3849 2549 3902 quoque
2597 3835 2805 3888 modice
2846 3834 3114 3903 punietur.
3152 3831 3259 3884 Etsi
3287 3831 3428 3884 enim

1876 3918 1959 3972 lex
1987 3920 2158 3977 civilis
2191 3923 2319 3976 dicit
2347 3923 2398 3975 itt
2428 3924 2518 3976 lib.
2551 3939 2638 3987 ιχ,
2670 3926 2750 3978 tit.
2780 3922 2935 3989 58,c.
2969 3924 3055 3986 12,
3091 3925 3323 3977 themate
3351 3923 3383 3974 6
3414 3941 3426 3969 :

1875 4005 2048 4061 Etiam
2083 4024 2145 4064 ea
2173 4027 2292 4080 quae
2325 4013 2394 4066 ab
2423 4013 2670 4067 hostibus
2692 4023 2774 4068 est
2806 4013 3127 4079 adulterata,
3160 4029 3222 4067 ac
3253 4029 3429 4067 rever-

1876 4110 1957 4161 sa,
1985 4113 2013 4150 a
2039 4101 2154 4152 viro
2179 4102 2306 4169 (non
2332 4103 2431 4155 rite
2454 4102 2593 4170 viro)
2620 4112 2922 4168 accusatur,
2946 4104 3045 4157 nisi
3075 4105 3176 4157 hoc
3201 4104 3248 4156 vi
3273 4118 3426 4172 passa

1874 4195 1978 4250 est,
2028 4197 2081 4242 et
2113 4189 2214 4244 hoc
2242 4192 2403 4245 modo
2443 4192 2490 4246 ei
2530 4195 2613 4246 cui
2647 4193 2729 4248 vis
2773 4194 2933 4247 allata
2979 4203 3080 4259 est,
3111 4195 3427 4263 ignoscitur,

229 4293 352 4328 σκει
383 4277 482 4341 τὴν
511 4275 836 4345 βιασθεῖσαν,
869 4278 960 4329 καὶ⁹
997 4277 1087 4330 τὸν
1124 4278 1298 4347 γάμον
1329 4279 1389 4331 οὐ
1415 4279 1642 4350 διασπᾷ·
1672 4279 1784 4332 ἀλλ’

1878 4291 1974 4330 nec
2002 4276 2052 4328 id
2079 4286 2133 4331 et
2164 4279 2564 4334 matrimonium
2591 4282 2794 4335 dirimit
2824 4300 2836 4335 :
2863 4283 2953 4335 sed
2987 4283 3069 4335 lex
3100 4281 3430 4336 ecclesiasti~

223 4366 256 4418 ὁ
286 4365 730 4434 ἐκκλησιαστικδς
761 4368 918 4436 νόμος
962 4367 1057 4436 τὴν
1104 4366 1237 4429 ὅλως
1265 4367 1368 4420 ὑπὸ
1393 4367 1664 4440 βαρϐάρου
1699 4387 1786 4440 μο-

1878 4378 1957 4428 ca,
1983 4379 2100 4418 eam
2131 4381 2250 4434 qua:
2280 4369 2500 4421 omnino
2525 4384 2554 4422 a
2583 4368 2813 4422 barbaro
2843 4369 3044 4437 polluta
3073 4379 3176 4434 est,
3205 4369 3307 4422 nisi
3338 4383 3430 4436 per

227 4456 506 4510 λυνθεῖσαν
540 4456 612 4526 μὴ
636 4457 984 4529 καθαριεῦσαι
1011 4457 1074 4509 δι’
1104 4457 1372 4526 ἐπιτιμίου
1395 4461 1493 4511 οὐκ
1519 4460 1779 4525 ἀνέξεται.

1878 4468 2085 4521 ρωιιειιη
2134 4473 2267 4525 pura
2317 4459 2404 4523 sit,
2434 4474 2540 4513 non
2577 4459 2732 4513 sinet.
2767 4457 2903 4527 Lege
2934 4468 2985 4512 et
3017 4473 3108 4511 cm
3162 4457 3424 4511 novellam

231 4545 526 4612 Ἀνάγνωθι
557 4548 650 4598 καὶ
683 4546 778 4616 τὴν
809 4553 890 4617 ργ¹
921 4545 1116 4618 νεαρὰν
1153 4548 1237 4601 τοῦ
1289 4547 1549 4617 βασιλέως
1590 4552 1781 4622 κυρίου

1878 4543 2211 4611 imperatoris
2242 4548 2442 4600 domini
2476 4547 2668 4602 Leonis
2703 4547 2990 4616 Sapientis,
3039 4563 3158 4615 qua:
3212 4549 3322 4601 inec
3369 4549 3420 4599 in

217 4635 448 4697 Λέοντος
492 4637 583 4688 τοῦ
617 4636 811 4704 Σοφοῦ,
855 4637 1114 4704 λέγουσαν
1153 4640 1278 4708 περὶ
1305 4639 1363 4691 τὸ
1395 4639 1543 4703 τέλος
1578 4642 1777 4694 ταῦτα·

212 4722 484 4792 Οὐδαμῶς
511 4721 602 4778 οὖν
636 4724 957 4796 θεσπίζομεν
990 4727 1069 4778 ἐτι
1099 4727 1232 4796 πρὸς
1255 4729 1540 4795 συνάφειαν
1571 4731 1776 4800 ἐτέρου,

209 4813 312 4865 τὸν
366 4813 656 4882 ἀπείρατον
706 4815 1045 4884 μεμενηκότα
1078 4817 1178 4882 τῆς
1212 4817 1576 4884 αἰχμαλωσίας
1626 4819 1780 4889 ἔρχε-

214 4902 369 4966 σθαι,
400 4904 492 4955 καὶ
522 4905 588 4955 τὰ
635 4904 776 4972 ἑξῆς.
797 4906 1031 4974 Ἀναιρεῖ
1064 4905 1119 4956 δὲ
1167 4906 1199 4974 ἡ
1238 4906 1452 4977 τοιαύτη
1487 4908 1653 4978 νεαρὰ
1680 4911 1778 4980 τὴν

225 4991 650 5043 ’1ουστινιάνειον
678 4992 776 5060 ριξ¹
798 4993 995 5063 νεαρὰν
1019 4991 1115 5062 τὴν
1145 4993 1401 5062 κειμένην
1426 4997 1482 5046 ἐν
1506 4995 1667 5065 βίϐλῳ
1693 5005 1775 5066 κη’

207 5079 396 5133 τίτλου
426 5079 468 5142 ζ’
493 5082 584 5132 καὶ
614 5081 906 5148 λέγουσαν,
946 5084 1132 5138 Ἐστιν
1149 5087 1233 5140 ὅτε
1249 5088 1466 5142 λύεσθαι
1491 5085 1579 5137 τὸν
1605 5087 1778 5139 τοιοῦ-

205 5185 308 5221 τον
341 5169 514 5238 γάμον
538 5186 551 5198 ·
596 5170 732 5239 πλὴν
768 5173 799 5240 ἡ
833 5178 1050 5242 τοιαύτη
1081 5173 1246 5241 νεαρὰ
1274 5172 1453 5243 χώραν
1486 5175 1614 5244 ἔχει,
1653 5178 1776 5229 ὅταν

214 5262 247 5329 ἡ
283 5259 774 5328 αἰχμαλωτισθεῖσα
800 5263 897 5314 οὐκ
922 5263 1146 5332 ἐμιάνθη
1174 5265 1321 5334 παρὰ
1339 5265 1442 5316 τῶν
1469 5266 1770 5338 βαρϐάρων.

202 5346 472 5399 Τοιούτου
497 5347 550 5399 δέ
584 5365 723 5410 τινος
769 5351 1066 5415 γεγονότος,
1096 5351 1276 5422 χώραν
1299 5353 1483 5422 έχουσι
1514 5354 1581 5406 τὰ
1617 5357 1672 5408 ἐν
1702 5355 1775 5425 τῷ

207 5433 437 5506 ῥηθέντι
466 5435 741 5504 κεφαλαίῳ
769 5436 863 5487 τοῦ
892 5437 934 5500 ξ’
961 5437 1180 5505 βιϐλίου.

285 5525 528 5577 ZQNAP.
592 5526 885 5597 Βαρϐάρων
925 5529 1253 5582 ἐπελθόντων
1298 5531 1500 5602 χώραις
1540 5533 1775 5603 Ῥωμαῖ-

204 5617 357 5677 καῖς,
382 5615 475 5666 καὶ
502 5614 842 5684 ληῖσαμένων
873 5617 1060 5679 αὑτὰς,
1082 5620 1128 5669 οί
1158 5622 1283 5689 παρ’
1306 5621 1480 5672 αὐτῶν
1511 5623 1775 5692 αἰχμαλω-

203 5704 485 5766 τισθέντες
512 5705 800 5770 ἐγεύσαντο
837 5707 1212 5770 εἰδωλοθύτων,
1246 5708 1276 5778 ἦ
1307 5710 1398 5761 καὶ
1425 5710 1596 5762 ἄλλων
1626 5714 1772 5781 ἁπη-

199 5797 558 5867 γορευμένων
599 5796 914 5866 βρωμάτων.
934 5801 1212 5870 Ἦρωτήθη
1262 5798 1353 5854 οὖν
1403 5804 1526 5871 περὶ
1569 5803 1770 5858 τούτων

526 5898 790 5961 Ρλτουι.
825 5902 941 5965 ϐα.
986 5901 1388 5964 CXXXVIII.

1873 4633 1977 4688 fine
2029 4636 2374 4703 prosequitur
2417 4655 2430 4689 :
2467 4637 2622 4691 Nullo
2677 4653 2806 4705 ergo
2856 4638 3016 4691 modo
3060 4637 3418 4696 decernimus,

1870 4737 1991 4776 eum
2023 4724 2110 4792 qui
2143 4725 2500 4794 captivitatem
2536 4742 2638 4779 non
2667 4737 2919 4794 expertus
2948 4727 3161 4790 mansit,
3191 4728 3255 4778 ad
3285 4728 3422 4780 alte~

1870 4815 1985 4866 rius
2033 4815 2467 4883 conjunctionem
2498 4817 2701 4881 venire,
2726 4826 2778 4870 et
2825 4825 3034 4869 caetera.
3072 4815 3193 4870 llaec
3243 4827 3420 4869 autem

1868 4905 2074 4957 novella
2102 4906 2239 4959 tollit
2266 4904 2553 4959 Iustiniani
2583 4921 2725 4960 cxvtt
2757 4906 3043 4973 novellam,
3069 4922 3188 4974 qua:
3218 4908 3319 4960 sita
3344 4917 3426 4958 est

1869 4993 1921 5046 in
1967 4994 2102 5048 libro
2133 5012 2322 5060 xxvzn,
2375 4997 2454 5051 tit.
2488 4997 2537 5061 7,
2575 5006 2627 5050 et
2671 4997 2821 5061 dicit,
2867 5012 3256 5064 nonnunquam
3288 4996 3425 5049 solvi

1867 5086 2268 5139 mahimonium
2316 5105 2328 5140 :
2373 5101 2556 5139 verum
2607 5087 2720 5139 haec
2765 5087 2973 5139 novella
3021 5086 3199 5138 locum
3245 5083 3424 5148 habet,

1865 5177 2082 5244 quando
2112 5179 2316 5243 captiva
2349 5193 2376 5228 a
2407 5176 2652 5230 barLaris
2681 5191 2787 5228 non
2819 5185 2900 5230 est
2935 5175 3158 5245 polluta.
3199 5175 3258 5228 Si
3295 5175 3425 5242 quid

1866 5274 2044 5318 autem
2077 5267 2338 5333 ejusmodi
2368 5266 2564 5319 factum
2590 5266 2678 5330 sit,
2699 5267 2876 5320 locum
2903 5267 3121 5333 habent,
3149 5283 3269 5337 qua
3299 5278 3428 5321 sunt

1870 5355 1921 5406 in
1953 5356 2096 5409 dicto
2123 5358 2293 5423 capite
2323 5371 2389 5409 ιιι
2419 5357 2562 5410 libri.

1933 5533 2133 5592 Zona.
2173 5537 2306 5591 Cum
2338 5539 2388 5592 in
2427 5538 2696 5594 Romanas
2723 5540 2966 5608 regiones
2995 5539 3208 5595 barbari
3236 5538 3426 5593 irruis‘

1869 5637 2007 5692 sent,
2050 5643 2249 5695 easque
2281 5629 2507 5684 fuissent
2534 5631 2868 5699 depopulati,
2905 5633 2995 5700 qui
3045 5635 3111 5687 ab
3159 5632 3290 5700 ipsis
3335 5644 3428 5682 ca-

1870 5721 1995 5787 ptivi
2041 5730 2165 5772 sunt
2215 5719 2365 5782 facti,
2394 5721 2706 5792 itloiothyta,
2739 5724 2820 5777 vel
2848 5724 2984 5779 alios
3029 5736 3246 5792 quoque
3277 5721 3423 5776 cibos

1870 5807 2061 5863 vetitos
2089 5812 2459 5874 degustaruut.
2498 5810 2569 5864 De
2611 5812 2676 5865 iis
2721 5814 2901 5882 ita-lue
2947 5823 3164 5882 rogatus
3203 5811 3301 5865 fuit
3347 5811 3425 5864 vir

3060 5913 3132 5971 17
