4124 6462
743 427 849 488 5ἳ3

1976 408 2246 472 'l'lliiOD.
2287 409 2685 470 BALSAMON

3836 413 3941 476 5'24

739 562 979 614 sanctus,
1011 550 1191 615 aitque
1215 547 1255 599 si
1292 563 1408 613 qum
1438 561 1465 598 a
1501 546 1732 599 dominis
1761 544 1888 611 ipsis
1911 541 2150 609 apposita
2176 540 2283 592 fue-

2386 541 2604 606 οάγιος,
2633 537 2724 590 καί
2757 555 2934 606 φησιν,
2971 538 3048 589 ἔτι
3083 541 3128 589 εἰ
3158 539 3354 606 ἔφαγον
3404 539 3452 588 οἰ
3493 537 3825 605 αἰχμάλωτοι
3865 540 3933 589 τά

741 649 860 692 rant
907 638 1098 705 captivi
1145 639 1508 696 comederunt.
1558 638 1606 689 id
1647 651 1748 689 non
1794 647 2033 702 gravare,
2073 632 2171 684 lioc
2205 639 2286 683 cst

739 745 899 798 pta-ve
927 731 1178 781 damnum
1207 729 1425 780 minime
1450 727 1672 790 aﬂ'erre;
1705 725 1996 794 praesertim
2016 723 2154 790 quod
2179 737 2283 774 una

741 820 878 884 apud
910 835 1094 870 omnes
1124 829 1203 870 est
1238 819 1397 869 larua.
1447 820 1557 870 sive
1605 818 1745 885 quod
1780 830 1966 868 omnes
2001 816 2137 866 idem
2182 814 2283 866 hoc

739 907 1024 966 :it'iirmant,
1060 907 1317 958 barbaros
1345 908 1433 972 qui
1468 923 1496 957 n
1524 917 1676 958 :stras
1701 906 1941 972 regiones
1974 903 2285 956 incursioni-

746 995 849 1042 bus
866 999 1166 1050 vastarunt,
1190 1003 1528 1057 nequaquam
1551 990 1708 1042 idolis
1723 991 2071 1051 sacrificasse,
2105 1004 2162 1047 ut
2182 1011 2305 1062 pro-

747 1080 872 1132 inde
898 1095 1070 1146 nequc
1089 1081 1283 1148 captivi
1324 1080 1620 1150 idnlotltytu
1655 1082 1840 1134 ('onteil
1884 1084 2012 1135 rint.
2037 1086 2143 1152 26
2176 1087 2295 1139 Pro-

750 1172 854 1220 lert
888 1183 1013 1220 vero
1041 1183 1162 1221 cum
1195 1185 1258 1221 ex
1289 1171 1567 1237 Apostulo,
1618 1179 1727 1222 tum
1768 1184 1833 1222 ex
1877 1171 2162 1239 Evangelio
2198 1177 2293 1228 de-

747 1267 997 1324 prompta
1031 1260 1270 1312 oracula.
1301 1261 1370 1313 Ex
1404 1262 1661 1327 Apostolo
1699 1261 1919 1327 quidem
1948 1263 2101 1325 illud,
2163 1265 2297 1318 Esca

741 1345 922 1402 νίψει-ἱ,
951 1355 996 1395 et
1046 1355 1214 1396 venter
1258 1349 1409 1408 escis;
1440 1358 1490 1399 et
1519 1362 1636 1414 qua:
1680 1357 1992 1413 sequuntur.
2026 1347 2126 1410 Qui
2157 1361 2285 1400 sane

743 1434 893 1485 licus
932 1435 994 1485 de
1027 1435 1256 1501 ingluvie
1284 1452 1347 1488 ac
1387 1437 1705 1488 lielluatione
1730 1447 1810 1489 est
1833 1437 2189 1502 accipiendus.
2213 1438 2285 1489 Ac

743 1537 785 1570 c.-
806 1537 880 1573 cm.
914 1525 1126 1589 quidem
1180 1539 1412 1585 lumine,
1445 1540 1891 1593 supervacaneam
1924 1527 2028 1578 cibi
2061 1527 2288 1593 copiam,

748 1613 1038 1679 lnxumquc
1096 1615 1338 1681 intelligit
1372 1633 1382 1665 :
1417 1631 1508 1682 per
1552 1628 1786 1670 ventrem
1819 1628 1993 1670 autem
2027 1618 2288 1671 voracita-

746 1712 873 1760 tc-m,
905 1717 1008 1753 non
1040 1703 1212 1769 ipsum
1246 1705 1620 1756 ventriculum.
1650 1704 1851 1759 Iudicat
1882 1708 2042 1775 igitur
2071 1708 2154 1761 liis
2178 1723 2290 1760 ver-

748 1790 829 1842 bis
874 1792 1177 1856 Apostolus,
1218 1795 1436 1845 nimiam
1491 1795 1593 1847 cibi
1641 1797 1848 1862 copiam
1897 1807 1949 1850 et
1999 1798 2182 1850 luxum
2221 1797 2291 1850 ad

2383 631 2529 701 παρά
2562 630 2667 681 τῶν
2702 628 3219 697 αἰχμαλωτησέντων
3271 629 3459 690 αὐτοὺς
3505 627 3931 696 παρατιθέμενα,

2380 722 2534 774 τοῦτο
2563 722 2621 773 οὺ
2657 721 2825 789 βαρεῖ,
2858 720 2974 771 ἀντὶ
2997 718 3110 782 τοῦ,
3137 719 3196 769 ού
3230 718 3444 787 βαρεῖαν
3469 720 3684 785 ἐμποιεί
3709 717 3929 785 βλάϐην·

2382 814 2474 866 καὶ
2517 812 2709 881 μᾶλλον
2754 811 2832 862 ὅτι
2881 805 2958 871 εἷς
3005 809 3157 876 λόγος
3201 808 3347 877 παρά
3380 811 3613 869 παντων,
3639 811 3803 878 ἤγουν
3849 809 3934 860 ὅτι

2384 906 2576 964 πάντες
2603 903 2660 953 τὸ
2686 900 2814 952 αὐτὸ
2844 900 3106 966 λέγουσιν,
3129 901 3209 952 ὅτι
3237 901 3285 951 οἰ
3306 901 3371 951 τά
3400 900 3636 968 ἡμέτερα
3670 899 3937 968 καταδρα-

2386 993 2571 1059 μόντες
2604 989 2862 1059 βάρϐαροι
2889 987 3120 1049 εἰδώλοις
3151 988 3248 1039 οὐκ
3272 988 3484 1043 Εθυσαν.
3513 987 3650 1037 ὥστε
3693 987 3811 1037 οὐδὲ
3854 989 3932 1037 εἰ-

2382 1081 2644 1132 δωλόθυτα
2677 1079 2872 1146 ἔφαγον
2914 1079 2960 1128 οἱ
3003 1077 3347 1144 αἰχμάλωτοι.
3392 1077 3628 1143 Παράγει
3657 1077 3711 1126 δὲ
3744 1077 3836 1126 καὶ
3865 1077 3932 1125 ὲκ

2381 1169 2474 1221 τοῦ
2514 1168 2828 1221 ’Δποστὸλου
2859 1169 3076 1236 χρήσεις
3119 1168 3208 1218 καὶ
3254 1168 3315 1217 ὲκ
3356 1166 3445 1218 τοῦ
3482 1166 3832 1231 Εὑαγγε).ίου’
3867 1168 3932 1216 ὲκ

2389 1261 2484 1328 μὲν
2503 1259 2594 1311 τοῦ
2640 1259 2949 1310 ἰὶποστόλου
2977 1257 3056 1319 τὸ,
3082 1257 3152 1308 Τὰ
3165 1256 3441 1323 ,ϐρώματα
3485 1253 3559 1320 τῇ
3590 1257 3802 1317 κοιλίᾳ,
3835 1255 3931 1305 καί

2385 1351 2422 1415 ἡ
2463 1349 2656 1400 κοιλία
2699 1346 2818 1426 τοῖς
2854 1346 3154 1412 βρώμασι·
3190 1347 3279 1396 καὶ
3306 1344 3372 1396 τὰ
3404 1344 3623 1412 έξῆς.Ὀ
3650 1343 3705 1395 δὲ
3737 1344 3934 1412 χωρίον

2386 1437 2510 1505 περὶ
2542 1435 2848 1504 πλησμονῆς
2878 1436 3019 1501 λέγει
3059 1436 3149 1486 καὶ
3171 1437 3622 1504 γαστριμαργίας.
3655 1437 3764 1486 Καὶ
3795 1435 3936 1504 βρώ-

2388 1543 2528 1594 ματα
2553 1525 2649 1594 μὶν
2673 1525 2740 1576 τά
2767 1526 2990 1594 περιττά
3021 1524 3270 1592 ὀνομάζει
3304 1527 3395 1577 καὶ
3425 1527 3521 1592 τὴν
3547 1528 3755 1595 τρυφήν
3777 1543 3789 1554 ·
3820 1544 3935 1578 κοι-

2384 1614 2501 1666 λίαν
2540 1614 2594 1666 δὲ
2628 1615 2724 1684 τὴν
2753 1617 3204 1685 γαστριμαργίαν,
3237 1615 3349 1668 ἀλλ’
3386 1615 3504 1682 οὐχ).
3543 1616 3639 1684 τὴν
3670 1617 3932 1686 γαστέρα.

2384 1703 2480 1758 Διά
2495 1705 2548 1755 δὲ
2569 1704 2766 1757 τούτων
2787 1706 3138 1769 ὁᾺτοόστολος
3178 1706 3320 1772 λέγει
3342 1747 3356 1770 ,
3383 1707 3515 1774 δτιή
3544 1706 3815 1774 ἀδηφαγία
3842 1707 3935 1756 καὶ

2385 1795 2417 1863 ἡ
2450 1794 2624 1863 τρυφὴ
2656 1797 2720 1864 τῇ
2751 1795 3151 1864 γαστριμαργίᾳ
3175 1797 3384 1864 ἀνήκει,
3408 1795 3520 1847 ἀλλ’
3547 1797 3605 1847 οὐ
3639 1794 3769 1864 πρὸς
3805 1795 3934 1846 Θεὸν

749 1879 1462 1949 lu-lluntionem,perduccrc,
1482 1899 1584 1936 non
1611 1887 1671 1938 ad
1699 1885 1861 1939 Deum
1893 1887 2062 1951 ferre;
2089 1889 2294 1942 luxum-

2386 1885 2555 1954 φέρει,
2604 1885 2691 1936 καὶ
2737 1887 2803 1953 τῇ
2849 1889 3024 1956 τρυφῇ
3072 1887 3131 1937 τὸ
3175 1887 3272 1955 τῆς
3302 1885 3734 1955 γαστριμαργίας
3771 1886 3938 1949 πάθος

750 1987 854 2035 que
887 1973 1200 2038 plerumque
1230 1975 1414 2025 vitium
1452 1975 1788 2030 lielluationis
1824 1979 2190 2047 consequitur,
2218 1980 2296 2032 al-

752 2070 1032 2129 terumque
1066 2064 1214 2114 alteri
1247 2064 1511 2129 deservit;
1545 2065 1684 2119 Deus
1719 2077 1894 2120 autem
1929 2070 2077 2122 irrita
2106 2073 2217 2124 lucc
2243 2081 2296 2126 et

751 2164 902 2201 cassa
936 2152 1136 2213 reddet,
1174 2162 1228 2205 ut
1257 2153 1390 2205 nihil
1423 2170 1487 2208 ex
1524 2156 1652 2222 ipsis
1678 2156 1857 2210 damni
1888 2158 2139 2226 cuiquam
2168 2175 2295 2214 con-

751 2239 1172 2306 tingat.\'idetur
1199 2258 1359 2310 porro
1390 2246 1476 2299 hic
1502 2255 1720 2299 sanctus
1745 2247 1845 2300 hoc
1874 2248 1992 2302 loco
2019 2265 2149 2303 usus
2174 2267 2297 2319 apo-

753 2333 956 2384 stolicis
992 2333 1189 2392 verbis.
1223 2344 1279 2387 ut
1323 2335 1712 2389 demonstraret
1741 2353 1860 2404 quae
1893 2339 1961 2391 ob
1997 2340 2179 2392 luxum
2233 2356 2296 2394 ac

751 2421 1064 2474 edacitatem
1101 2422 1253 2486 ﬁunt,
1284 2425 1532 2478 damnata
1565 2442 1682 2480 esse
1727 2441 1788 2480 ac
1836 2430 2007 2496 pmnis
2040 2430 2294 2494 obnoxia,

753 2526 858 2562 non
893 2512 1013 2564 item
1048 2528 1107 2564 ea
1139 2530 1256 2582 quae
1283 2515 1328 2566 vi
1365 2529 1426 2566 ae
1457 2515 1773 2569 necessitate
1805 2519 2045 2586 corporis
2073 2530 2297 2587 cogente

754 2597 1130 2652 admittuntur.
1160 2600 1390 2654 Proinde
1432 2603 1640 2656 etiamsi
1686 2605 1837 2658 cibos
1863 2606 2072 2674 aliquos
2101 2607 2297 2659 vetitos

754 2686 946 2752 captivi
997 2689 1345 2748 comederint.
1379 2705 1500 2742 cum
1549 2692 1686 2743 servi
1736 2701 1932 2753 essent,
1965 2693 2034 2746 ob
2077 2694 2296 2749 alterius

755 2777 989 2830 alimenti
1025 2780 1280 2845 inOpiam,
1313 2781 1489 2832 cibum
1537 2781 1840 2834 necessario
1868 2783 2111 2851 exigente
2144 2794 2300 2839 natu-

756 2881 846 2928 ra;
875 2881 976 2916 non
1012 2876 1091 2918 est
1123 2868 1221 2917 lioc
1247 2881 1484 2935 eousque
1515 2883 1694 2934 grave,
1732 2877 1788 2922 ut
1823 2878 1875 2922 et
1907 2871 2149 2926 criminis
2180 2869 2299 2927 loco

755 2952 998 3008 tueatur.
1038 2958 1110 3008 Ex
1147 2956 1430 3026 Evangelio
1459 2969 1638 3012 autem
1680 2974 1812 3013 usus
1841 2968 1921 3013 est
1957 2960 2060 3014 illis
2088 2959 2297 3015 Domini

759 3046 978 3098 \crbis:
1023 3045 1142 3097 Non
1185 3051 1319 3114 quod
1349 3050 1508 3102 intrat
1552 3066 1642 3116 per
1687 3067 1764 3113 os,
1794 3051 2093 3117 coinquinat
2135 3051 2296 3102 Itami-

758 3150 910 3196 nem;
957 3145 1005 3186 et
1033 3138 1096 3187 ad
1124 3137 1366 3190 eamdem
1414 3139 1526 3191 haec
1567 3155 1780 3208 quoque
1811 3142 2125 3194 sententiam
2174 3143 2304 3196 rele-

2383 1972 2667 2040 ῲκείωται,
2698 1975 2789 2025 καὶ
2835 1974 3054 2044 θάτερον
3087 1976 3296 2045 θατέρῳ
3327 1976 3588 2027 δουλεύει·
3637 1978 3663 2027 ὁ
3712 1975 3766 2027 δὲ
3806 1977 3937 2037 Θεὸς

2385 2062 2634 2129 ἄπρακτα
2668 2063 2760 2113 καὶ
2785 2065 2925 2132 ἀργὰ
2955 2066 3166 2133 ποιήσει
3198 2065 3382 2125 ταῦτα,
3410 2066 3546 2116 ὥστε
3577 2065 3648 2134 μὴ
3672 2068 3729 2131 ἐξ
3760 2068 3936 2118 αὐτῶν

2386 2151 2536 2212 τινὰς
2570 2150 3106 2219 βλάπτεσθαι.Ἔοικε
3139 2155 3193 2206 δὲ
3225 2157 3252 2206 ὁ
3281 2155 3430 2220 ἅγιος
3460 2148 3609 2217 οὗτος
3638 2156 3938 2224 χρήσασθαι

2383 2243 2492 2300 τοῖς
2537 2243 2901 2304 ἀποστολικοίς
2953 2245 3182 2312 ῥήμασιν
3214 2243 3438 2296 ἐνταῦθα
3460 2284 3473 2305 ,
3507 2244 3734 2305 δεικνὺς,
3763 2247 3843 2296 ὅτι
3874 2248 3939 2297 τὰ

2385 2331 2522 2382 κατά
2549 2331 2753 2401 τρυφὴν
2784 2333 2874 2384 καὶ
2917 2333 3220 2400 ἀδηφαγίαν
3249 2334 3503 2400 γινόμενα
3539 2334 3937 2404 διαϐέϐληνται,

2390 2418 2479 2467 καὶ
2515 2420 2796 2486 ἐπιτιμίων
2833 2420 2965 2470 εἰσὶν
2988 2418 3129 2481 ἀξια,
3160 2421 3218 2472 οὑ
3240 2420 3308 2470 τὰ
3335 2419 3398 2471 δι’
3425 2421 3666 2489 ἀνάγκην
3699 2424 3791 2473 καὶ
3822 2423 3939 2491 βίαν

2387 2508 2728 2575 σωματικήν-
2782 2506 2918 2559 ὥστε
2972 2507 3072 2560 κᾶν
3120 2508 3317 2574 ἔφαγον
3361 2511 3407 2561 οἰ
3455 2511 3782 2578 αἰχμάλωτοι
3823 2529 3941 2562 τινα

2388 2595 2646 2665 βρώματα
2666 2597 2772 2648 τῶν
2799 2597 3274 2666 ἀπηγορευμένων,
3298 2598 3469 2652 δοῦλοι
3501 2601 3670 2662 ὄντες,
3714 2602 3782 2653 δι’
3808 2603 3941 2653 ἀπο-

2391 2685 2509 2755 ρίαν
2538 2685 2724 2755 έτέρας
2754 2685 2977 2755 τροφῆς,
3007 2685 3104 2754 τῆς
3148 2687 3356 2754 φύσεως
3398 2689 3665 2756 τραφῆναι
3696 2687 3941 2757 βιαζομέο

2385 2792 2500 2845 νης,
2534 2776 2594 2828 οὐ
2642 2776 2776 2846 βαρὺ
2821 2776 2995 2838 τοῦτο,
3029 2778 3102 2839 ὡς
3137 2778 3229 2830 καὶ
3274 2779 3568 2862 ἁμάρτημα
3601 2778 3935 2849 λογισθῆναι.

2397 2866 2490 2918 Ἐκ
2514 2865 2568 2917 δὲ
2595 2864 2687 2918 τοῦ
2720 2867 3044 2934 Εὑαγγελίου
3069 2869 3330 2938 ἐχρήσατο
3356 2871 3462 2930 τοῖς
3489 2867 3578 2919 τοῦ
3607 2869 3810 2938 Κυρίου
3846 2872 3941 2940 ῥή-

2388 2972 2518 3024 μασι
2546 2959 2656 3018 τοϊς
2685 2958 2948 3024 λέγουσιν,
2980 2959 3080 3019 ὅτι.
3121 2961 3201 3011 Οὐ
3225 2959 3287 3010 τὸ
3311 2962 3806 3026 εἰσπορευόμενον
3831 2979 3944 3014 κοι-

2383 3046 2480 3099 νοῖ
2503 3046 2608 3098 τὸν
2629 3047 2933 3113 ἄνθρωπον
2952 3065 2964 3076 ·
2991 3049 3084 3100 καὶ
3109 3049 3276 3100 ταῦτα
3299 3049 3352 3099 δὲ
3381 3050 3512 3118 πρὸς
3528 3050 3624 3117 τὴν
3645 3052 3940 3120 εἰρημένην

2383 3135 2644 3186 τείνουσιν
2688 3135 2908 3188 ἔννοιαν.
2958 3137 3086 3188 Εἶτα
3138 3137 3231 3188 καὶ
3283 3139 3408 3207 περὶ
3454 3139 3724 3203 γυναικῶν
3779 3157 3940 3209 φησιν

750 3235 958 3276 runtur.
1004 3225 1135 3280 llinc
1166 3228 1229 3280 de
1278 3228 1592 3282 mulieribus
1624 3245 1836 3299 quoque
1861 3232 2083 3299 captivis
2125 3248 2244 3300 qua:
2272 3249 2299 3285 a

2386 3223 2737 3293 αἰχμαλώτων
2761 3221 2845 3286 αἷς
2876 3227 2921 3276 oi
2963 3225 3222 3295 βάρϐαροι
3263 3227 3688 3296 συνεφθάρησαν.
3720 3229 3829 3280 Καὶ
3857 3230 3937 3279 δί-

757 3315 998 3368 barbaris
1030 3327 1293 3386 corrupta:
1325 3327 1468 3382 sunt,
1499 3320 1744 3386 disserit;
1775 3331 1934 3389 atque
1966 3323 2033 3375 ita
2063 3337 2303 3392 pronun-

755 3417 844 3458 t;al
884 3424 896 3458 :
932 3406 974 3457 si
1007 3407 1220 3473 quidem
1249 3410 1460 3462 illarum
1497 3421 1734 3464 anteacta
1767 3414 1868 3466 vita
1907 3415 2158 3469 damnato
2189 3418 2302 3472 fue-

757 3506 856 3556 rat.
895 3511 987 3548 eas
1015 3497 1174 3549 etiam
1211 3500 1534 3564 captivitatis
1567 3511 1803 3569 tempore
1846 3503 2164 3559 fornicarius
2214 3508 2303 3561 lia.

757 3588 900 3637 bitus
931 3596 1210 3652 suspectas
1244 3587 1389 3648 facit.
1427 3591 1754 3658 prointleque
1795 3594 1934 3646 baud
1984 3595 2139 3648 facile
2173 3597 2302 3664 ipsis

759 3677 808 3725 in
840 3678 1143 3743 precatione
1173 3680 1574 3732 communicare
1618 3692 1847 3747 oportet,
1876 3684 1976 3736 nisi
2023 3686 2196 3738 debita
2227 3688 2304 3738 vi-

756 3767 946 3817 iii-licet
993 3768 1316 3833 paenitentia
1365 3777 1599 3836 tempora
1635 3771 1982 3837 expleverint.
2015 3772 2108 3828 Est
2147 3791 2305 3843 porro

759 3857 991 3916 Itubiltls,
1025 3857 1275 3910 diuturna
1307 3873 1370 3911 ac
1402 3867 1636 3926 tempore
1663 3861 1974 3914 conﬁrmata
2017 3874 2304 3918 consuetu-

757 3949 844 4008 (τυ,
877 3962 995 4013 qua:
1028 3957 1233 4000 natura:
1279 3949 1468 4003 similis
1502 3958 1605 4013 est,
1644 3959 1700 4003 ut
1733 3961 2008 4020 propterea
2039 3955 2301 4021 ejusmmh'

759 4037 1010 4088 mulieres
1043 4052 1382 4104 nequaquam
1411 4039 1458 4090 vi
1493 4049 1706 4093 coactas
1733 4055 1980 4107 peccasse
2005 4045 2302 4111 putandum

758 4129 844 4180 sit.
879 4127 1030 4191 Quod
1063 4128 1103 4180 si
1137 4128 1365 4194 priorem
1396 4129 1559 4180 vitam
1593 4139 1738 4183 caste
1782 4147 1844 4185 ac
1873 4132 2004 4186 citra
2051 4135 2302 4189 oﬂ‘ensio—

759 4233 878 4268 nem
920 4224 1163 4283 egerunt,
1195 4225 1303 4268 tum
1336 4217 1578 4270 abductse
1615 4219 1664 4271 in
1693 4221 2000 4274 servitutem
2035 4223 2104 4275 ob
2135 4225 2304 4291 capti-

757 4307 996 4366 vitatem,
1030 4322 1092 4358 ex
1121 4308 1366 4359 violentia
1401 4309 1750 4360 barbarorum
1783 4312 2160 4363 contumeliam
2189 4327 2304 4379 pas-

760 4412 830 4448 sze
857 4406 999 4454 sunt,
1037 4397 1303 4449 immunes
1336 4409 1458 4450 sunt
1489 4413 1518 4450 a
1553 4399 1704 4464 culpa
1736 4417 1748 4450 :
1777 4399 2182 4466 exemplumque
2207 4401 2302 4454 ad-

764 4488 926 4548 bibet,
956 4488 1096 4553 quod
1136 4488 1186 4538 in
1219 4485 1614 4540 Dcutcronomii
1642 4488 2114 4547 constitutionibus
2141 4487 2304 4543 reler-

761 4595 865 4641 tnr,
899 4583 964 4633 de
997 4582 1201 4647 virgine
1261 4581 1366 4632 vim
1423 4594 1600 4646 passa.
1648 4594 1808 4646 quam
1862 4580 1913 4631 in
1963 4582 2249 4636 solitudine
2283 4582 2548 4650 quispiam
2599 4580 2821 4633 violavit

760 4687 1038 4743 peccatum
1065 4674 1273 4726 mortis.

1293 4800 1517 4856 CANON
1554 4799 1616 4852 ll.

831 4913 850 4944 ι
898 4892 1085 4947 Gravis
1117 4903 1196 4944 est
1243 4891 1463 4942 avaritia
1490 4928 1504 4953 ,
1554 4905 1652 4944 nec
1683 4896 1909 4957 possunt
1941 4903 2046 4941 una
2073 4889 2295 4955 epistola
2325 4889 2365 4943 Ι)

755 5005 772 5034 ι
821 4984 1042 5052 proponi
1076 4982 1385 5048 Scriptum.
1425 4982 1475 5032 in
1506 4981 1702 5048 quibus
1733 4995 1835 5032 non
1869 4979 2040 5032 solum
2074 4979 2296 5045 praedari

756 5095 773 5123 ι
823 5075 1131 5140 fugiendum
1165 5071 1596 5136 horrendumque
1626 5068 1979 5135 praedicatur,
2013 5067 2104 5120 sed
2147 5068 2296 5135 plura

755 5168 771 5215 ἱ
819 5167 978 5216 «ιὶοιιι
1021 5163 1425 5228 concupiscere,
1477 5168 1528 5211 et
1570 5157 1743 5210 aliena
1773 5165 1988 5222 propter
2031 5169 2184 5223 turpe
2221 5157 2301 5208 lu-

756 5275 771 5299 σ
823 5270 973 5308 crum
1002 5252 1294 5319 attingere:
1333 5261 1382 5303 et
1408 5251 1710 5318 quicunque
1735 5259 1817 5299 est
1837 5246 2121 5311 ejusmodi,
2156 5247 2199 5298 is
2221 5256 2302 5299 est

761 5367 778 5396 ‹
826 5363 853 5398 a
894 5345 982 5397 Dei
1027 5343 1260 5396 Ecclesia
1295 5341 1592 5393 abdicatus.
1631 5337 1686 5390 ιιι
1720 5347 1956 5404 tempore
2001 5343 2173 5386 autem
2222 5334 2304 5384 in-

762 5456 778 5486 ι
827 5434 1126 5489 cursionis.
1162 5432 1213 5484 in
1243 5440 1388 5483 tanto
1423 5431 1566 5482 luctu
1599 5429 1865 5494 tantisque
1885 5424 2116 5484 ﬂetibus,
2145 5437 2304 5474 ausos

763 5547 779 5576 ι
826 5541 943 5579 esse
984 5524 1194 5591 aliquos
1228 5531 1434 5586 tempus
1464 5519 1603 5586 quod
1643 5515 1892 5569 omnibus
1924 5511 2146 5564 exitium
2179 5509 2306 5562 alle—

765 5636 782 5666 ι
825 5617 1007 5677 rcbat,
1038 5613 1347 5666 existimare
1371 5623 1490 5661 esse
1524 5608 1622 5660 sibi
1652 5605 1784 5659 lucri
1816 5611 2023 5672 tempus
2048 5641 2062 5664 ,
2108 5609 2186 5651 est
2217 5599 2309 5649 lio-

765 5725 784 5757 ι
831 5705 1033 5758 minum
1079 5703 1366 5769 impiorum
1399 5708 1450 5751 ct
1487 5697 1593 5750 Deo
1639 5696 1961 5754 invisorum,
1994 5701 2042 5744 et
2078 5701 2306 5756 quorum

769 5816 785 5846 ι
831 5769 1157 5853 improbitati
1184 5792 1313 5843 nihil
1340 5797 1512 5852 potest
1539 5787 1714 5847 adjici.
1745 5783 1892 5836 Unde
1919 5794 2104 5836 omnes
2135 5777 2291 5832 istius

2385 3312 2512 3364 δωσι
2545 3313 2783 3382 γνώμην,
2813 3317 2912 3376 ὅτι,
2941 3318 2987 3367 εἰ
3017 3316 3112 3383 μὲν
3141 3317 3168 3366 ὁ
3206 3314 3391 3384 πρώην
3420 3316 3593 3366 αὐτῶν
3635 3316 3745 3383 βίος
3777 3335 3940 3369 κατε-

2384 3400 2688 3469 γνωσμένος
2718 3395 2802 3469 ἦν,
2834 3401 3099 3463 ὑπόπτους
3127 3401 3293 3463 αύτάς
3330 3404 3468 3452 ποιεῖ
3498 3404 3527 3471 ἡ
3554 3404 3785 3472 πορνικὴ
3807 3405 3938 3466 ἕξις,

2385 3493 2477 3544 καὶ
2520 3492 2576 3543 ὲν
2620 3490 2695 3558 τῷ
2733 3489 2906 3561 καιρῷ
2951 3490 3047 3558 τῆς
3078 3491 3482 3560 αἰχμαλωσίας·
3533 3493 3624 3544 καὶ
3667 3492 3756 3543 διὰ
3786 3494 3943 3546 τοῦτο

2385 3580 2684 3650 προχείρως
2725 3581 2911 3641 αὑταῖς
2944 3579 3002 3631 ού
3043 3580 3388 3648 συνεύχεσθαι
3416 3581 3512 3642 δεῖ,
3540 3581 3671 3632 ἀλλά
3709 3582 3845 3651 μετά
3883 3584 3943 3635 τὸ

2387 3670 2660 3722 δουλεῦσαι
2706 3669 2901 3738 δηλαδὴ
2936 3670 3404 3739 ὲπιτιμίοις.”Εξις
3438 3671 3480 3721 δ’
3512 3672 3674 3734 ἐστὶν,
3709 3675 3740 3741 ὴ
3771 3674 3945 3740 χρονί-

2391 3776 2524 3812 σασα
2557 3759 2831 3828 συνήθεια,
2873 3760 2965 3812 καὶ
2994 3760 3070 3828 τῷ
3098 3760 3270 3829 χρόνῳ
3303 3760 3655 3826 παγιωθεῖσα,
3701 3762 3822 3829 ἥτις
3853 3763 3945 3813 κει.)⁸

2389 3849 2543 3918 φύσει
2575 3851 2904 3918 προσέοικεν,
2934 3848 3070 3901 ὥστε
3107 3852 3159 3902 αἰ
3189 3850 3292 3919 μὴν
3316 3849 3556 3902 τοιαῦται
3578 3851 3673 3918 οὺχ
3700 3852 3944 3920 ἥμαρτον

2391 3937 2703 4007 βιασθεῖσαι.
2736 3939 2797 3989 Εἰ
2826 3938 2880 3988 δὲ
2909 3940 2936 3989 ὁ
2966 3938 3221 4007 πρότερος
3253 3939 3428 3989 αὐτῶν
3460 3938 3570 4006 βίος
3599 3938 3830 4008 σώφρων
3858 3941 3947 3990 καὶ

2391 4027 2768 4095 ἀνεπίληπτος,
2794 4025 3134 4080 δουλωθεῖσαι
3179 4030 3234 4081 δὲ
3277 4029 3368 4080 καὶ
3409 4027 3492 4079 διὰ
3538 4029 3632 4097 τῆς
3667 4030 3947 4097 αἰχμαλω-

2391 4116 2531 4178 σίας,
2574 4117 2635 4167 ὲκ
2669 4115 2786 4183 βίας
2819 4116 3111 4183 ὑπέμειναν
3156 4120 3250 4186 τὴν
3295 4117 3401 4168 τῶν
3449 4117 3737 4186 βαρϐάρων
3769 4117 3943 4188 ὓϐριν,

2391 4204 2704 4274 ἀνέγκλητοί
2737 4206 2860 4256 εἰσι.
2911 4206 3017 4256 Καὶ
3069 4206 3464 4275 παραδείγματι
3497 4207 3760 4274 κέχρηται
3794 4211 3858 4275 τῇ
3891 4211 3946 4259 ὲν

2392 4293 2468 4362 τῷ
2495 4294 2885 4364 Δευτερονομίῳ
2913 4286 3232 4364 θεσμοθεσία
3253 4298 3317 4364 τῇ
3349 4298 3471 4365 περὶ
3504 4295 3599 4364 τῆς
3635 4295 3948 4363 βιασθείσης

2397 4382 2681 4450 παρθένου,
2711 4383 2775 4450 ἣν
2800 4383 2856 4433 ὲν
2880 4383 3081 4452 ἐρημία
3106 4384 3134 4434 ὀ
3156 4381 3477 4449 βιασάμενος
3506 4381 3745 4450 ἔφθειρε,
3771 4383 3949 4447 λεγούο

2400 4492 2468 4547 σῃ
2491 4494 2503 4506 ·
2534 4481 2644 4531 οὺκ
2675 4478 2822 4529 ἔσται
2852 4480 2916 4546 τῇ
2951 4479 3144 4530 νεάνιδι
3177 4479 3474 4546 ἁμάρτημα
3506 4477 3758 4529 Θανάτου.

2872 4598 2884 4632 :
2934 4578 3048 4632 Non
3109 4580 3233 4643 erit,
3292 4579 3484 4648 inquit,
3541 4579 3950 4633 adolescentqu.

2997 4782 3229 4834 ΚΑΝΩΝ
3276 4783 3347 4834 B'.

2471 4891 2489 4922 ι
2529 4872 2682 4942 Δεινὴ
2707 4874 2740 4942 ἡ
2775 4871 3048 4936 πλεονεξία
3073 4910 3086 4933 ,
3118 4874 3211 4925 καὶ
3256 4873 3355 4924 οὐκ
3403 4873 3515 4926 ἔστι
3555 4875 3622 4926 δι’
3669 4877 3948 4947 ἐπιστολῆς

2407 4982 2423 5013 ι
2469 4965 2594 5032 μιᾶς
2622 4962 2956 5032 παραθέσθαι
2990 4963 3056 5014 τὰ
3087 4962 3202 5014 θεῖα
3227 4965 3555 5032 γράμματα,
3589 4968 3646 5018 έν
3689 4963 3770 5030 οἷς
3797 4971 3857 5020 οὺ
3895 4971 3948 5022 τὸ

2407 5042 2435 5102 ι’
2460 5052 2731 5122 λῃστεύειν
2758 5052 2911 5121 μόνον
2938 5053 3157 5120 φρικτὸν
3179 5053 3268 5104 καὶ
3297 5054 3557 5122 φρικῶδες
3591 5057 3946 5124 καιταγγέλλε·

2407 5160 2424 5191 ι
2463 5160 2588 5205 ται,
2631 5143 2762 5194 ἀλλά
2800 5142 3022 5195 καθόλου
3059 5143 3117 5195 τὸ
3157 5143 3492 5196 πλεονεκτεῖν
3526 5145 3618 5195 καὶ
3659 5145 3947 5215 ἀλλοτρίων

2409 5252 2424 5281 ι
2460 5233 2786 5300 ἐφάπτεσθαι
2830 5235 2918 5285 ἐπὶ
2960 5233 3393 5304 αἰσχροκερδείᾳ·
3439 5233 3532 5286 καὶ
3580 5236 3684 5296 πᾶς
3717 5237 3947 5298 τοιοῦτος

2408 5342 2425 5372 ιι
2462 5324 2787 5391 ἐκκήρυκτος
2823 5323 3139 5391 Ἐκκλησίας
3186 5323 3336 5375 Θεοῦ.
3367 5323 3439 5374 Τὸ
3469 5323 3522 5374 δὲ
3556 5325 3613 5374 ὲν
3643 5326 3819 5394 καιρῷ
3856 5327 3947 5394 τῆς

2410 5429 2427 5459 ι
2465 5411 2823 5479 καταδρομῆς,
2849 5414 2903 5463 ὲν
2941 5413 3171 5483 τοσαύτῃ
3192 5415 3397 5482 οἰμωγῇ
3421 5413 3511 5465 καὶ
3538 5413 3806 5478 τοσούτοις
3823 5415 3947 5484 θρή-

2410 5520 2428 5550 ι
2465 5509 2571 5562 νοις
2590 5501 2848 5569 τολμῆσαί
2879 5519 3026 5563 τινας
3050 5503 3138 5554 τὸν
3164 5504 3347 5570 καιρὸν
3391 5503 3477 5555 τὸν
3527 5505 3690 5556 πᾶσιν
3734 5504 3946 5574 ὀλεθρον

2411 5608 2430 5640 ¢
2465 5589 2687 5659 φέροντα
2709 5591 2919 5659 νομίσαι
2948 5593 3154 5654 ἑαυτοῖς
3181 5594 3366 5661 καιρὸν
3400 5589 3531 5644 εἶναι
3559 5594 3783 5662 κέρδους
3801 5635 3815 5656 ,
3861 5596 3946 5646 ἀν-

2410 5697 2428 5729 o
2465 5680 2691 5748 θρώπων
2714 5683 2854 5732 ἐστὶν
2872 5682 3077 5734 ἀσεϐῶν
3104 5684 3193 5735 καὶ
3220 5682 3520 5750 θεοστυγῶν
3540 5725 3552 5746 ,
3575 5687 3693 5737 οὐδὲ
3723 5686 3944 5755 ὑπερϐο-

2411 5787 2432 5823 o
2464 5769 2558 5836 λὴν
2601 5771 2822 5832 ἀτοπίας
2867 5773 3108 5837 ἐχόντων.
3146 5772 3303 5826 Ὀθεν
3327 5773 3465 5837 ἔδοξε
3513 5776 3635 5838 τοὺς
3680 5776 3942 5838 τοιούτους
