4124 6478
207 427 313 488 525
1205 427 1283 488 ΙΝ
1321 427 1560 488 EPIST.
1603 427 1642 486 S
1703 427 2081 490 GREGORII
2136 424 2572 491 NEOCJESAR.
3346 429 3449 495 526

218 560 238 593 ο
277 543 600 618 ἐκκηρὺξαι,
639 548 842 618 μήποτε
877 548 958 614 ἐφ’
986 546 1104 599 ὅλον
1135 546 1263 618 ἔλθῃ
1292 547 1381 600 τὸν
1410 548 1534 602 λαύν
1575 554 1608 621 ἡ
1653 552 1790 624 ὀργὴ

1885 559 1904 595 ι
1951 544 2092 598 modi
2130 545 2378 600 abdicare
2403 546 2577 602 visum
2607 557 2706 612 est,
2736 565 2800 603 ne
2834 549 2970 604 forte
2995 550 3045 604 in
3076 560 3244 606 totum
3273 568 3442 624 popu-

220 653 238 686 ι
280 637 374 690 καὶ
405 639 490 690 ἐπ’
512 638 711 704 αὐτοὺς
732 637 944 707 πρῶτον
973 639 1099 699 τοὺς
1142 638 1483 708 προεστῶτας
1503 680 1516 702 ,
1549 642 1675 704 τοὺς
1717 643 1790 715 μὴ

1885 647 1905 684 ι
1949 633 2059 686 lum
2089 634 2168 687 ira
2201 634 2398 701 veniat,
2429 645 2482 691 et
2511 637 2563 690 in
2595 652 2686 692 eos
2719 639 2950 706 primum
2977 638 3069 707 qui
3099 650 3356 708 prresunt,
3391 651 3444 697 et

221 745 238 777 ι
282 729 694 800 ἐπιζητοῦντας.
739 729 1010 800 Φοϐοῦμαι
1046 729 1188 799 γὰρ,
1232 729 1362 801 ὡςή
1396 731 1584 802 Γραφὴ
1623 730 1789 800 λέγει,

220 835 238 866 ι
283 819 358 888 μὴ
385 821 728 892 συναπολέσῃ.
763 820 962 890 ἀσεϐὴς
985 820 1075 873 τὸν
1105 816 1328 874 δῖκαιον.
1363 823 1614 889 Πορνεία
1659 825 1789 894 Αιηὰρ,

221 926 233 956 ι
280 909 445 978 φησι,
489 911 586 963 καὶ
628 910 966 975 πλεονεξία,
994 909 1067 962 δι’
1093 908 1385 978 ἁὲρχεται
1429 913 1466 980 ἠ
1511 912 1656 982 ὀργὴ
1687 914 1791 969 τοῦ

219 1015 237 1048 ι
284 998 433 1051 Θεοῦ
461 1001 557 1053 ἐπὶ
583 1000 724 1065 τοὺς
749 1000 915 1066 υἱοὺς
952 1001 1061 1069 τῆς
1089 1002 1409 1067 ἀπειθείας.
1435 999 1531 1068 Μὴ
1555 1000 1668 1056 οὖν
1703 1004 1790 1072 τί-

219 1108 233 1138 ι
278 1093 459 1153 νεσθε
488 1091 849 1160 συμμέτοχοι
869 1091 1084 1146 αὐτῶν.
1103 1087 1238 1146 Ἦτε
1260 1090 1368 1160 γάρ
1387 1107 1530 1145 ποτε
1545 1094 1786 1159 σκότος,

221 1199 237 1230 ι
278 1179 398 1233 νῦν
433 1180 500 1232 δὲ
523 1181 647 1248 φῶς
671 1182 964 1247 ειν-Κυρίῳ.
1005 1183 1096 1247 Ὠς
1122 1182 1300 1235 τέκνα
1319 1181 1509 1251 φωτὸς
1550 1196 1791 1250 περιπα-

220 1289 233 1319 ι
284 1270 434 1322 τεῖτε
462 1271 479 1328 (
495 1277 526 1323 ό
552 1272 661 1339 τὰρ
691 1272 915 1338 καρπὸς
935 1271 1038 1326 τοῦ
1068 1273 1264 1341 φωτὸς
1287 1274 1356 1326 ὲν
1387 1273 1554 1342 πάσῃ
1579 1274 1786 1342 (171100-

1884 740 1904 776 ι
1949 739 2055 778 non
2087 725 2386 795 inquirunt.
2422 726 2621 784 Vereor
2651 731 2815 795 enim,
2850 739 2907 784 ut
2941 730 3016 785 ait
3044 730 3344 800 Scriptura.
3377 749 3444 788 ne

1883 831 1901 866 ι
1947 815 2147 883 impius
2194 818 2401 886 justum
2446 834 2549 873 una
2589 835 2769 875 secum
2816 821 3002 890 perdat
3048 822 3086 876 ¹.
3123 816 3442 876 Toruicatio

1881 922 1899 956 ι
1946 905 2109 970 enim,
2148 906 2352 975 inquit,
2395 920 2442 963 et
2477 911 2733 977 avaritia,
2780 927 2870 979 per
2899 926 3015 982 qua:
3054 914 3186 966 venit
3233 915 3313 966 ira
3351 914 3444 967 Dci

1880 1015 1898 1044 ι
1947 996 2002 1049 in
2045 997 2184 1067 ﬁlios
2219 998 2578 1051 inobedieutitz
2605 1013 2621 1051 :
2647 1015 2710 1051 ne
2751 1002 2866 1054 sitis
2898 1018 3019 1071 ergo
3064 1018 3240 1055 eorum
3271 1008 3441 1072 parti-

1882 1104 1898 1134 ι
1941 1086 2098 1154 cipes.
2125 1084 2324 1138 Fuistis
2354 1088 2490 1139 enim
2514 1087 2799 1156 aliquando
2821 1089 3076 1144 tenebrae:
3111 1107 3242 1143 nunc
3266 1104 3438 1147 autem

1878 1190 1898 1224 ι
1944 1173 2037 1227 tua:
2087 1175 2142 1227 in
2189 1174 2430 1228 Domino.
2477 1174 2542 1228 Ut
2576 1177 2676 1244 [itii
2722 1177 2853 1230 lucis
2904 1179 3164 1232 ambulate
3215 1182 3437 1250 (fructus

1879 1284 1898 1315 ι
1942 1264 2079 1318 enim
2129 1264 2259 1317 lucis
2291 1273 2365 1317 est
2399 1266 2452 1317 in
2485 1267 2623 1318 omni
2648 1266 3196 1335 bonitate,etjustitia,
3229 1284 3274 1325 et
3307 1275 3438 1325 veri-

218 1377 236 1408 ι
279 1359 442 1425 σύνῃ
467 1360 859 1430 traici/inﬂata)
883 1402 897 1424 ,
935 1362 1348 1432 δοκιμάζοντες
1376 1365 1432 1417 τί
1465 1363 1790 1431 εὐάρεστον

1875 1373 1894 1407 ι
1941 1356 2103 1424 tate),
2155 1357 2428 1424 probantes
2474 1355 2610 1424 quod
2663 1358 2729 1410 sit
2788 1356 2890 1411 Deo
2939 1371 3241 1426 acceptum:
3286 1373 3334 1414 et
3375 1382 3436 1418 ne

216 1467 236 1498 ι
277 1447 357 1512 τῷ
402 1450 629 1515 Κυρίῳ,
670 1451 765 1502 καί
811 1451 897 1518 μὴ
934 1454 1388 1520 συγκοινωνεῖτε
1429 1455 1552 1520 τοῖς
1593 1455 1786 1522 ἔργοις

1877 1460 1892 1490 ι
1938 1445 2316 1496 communicata
2343 1443 2670 1512 iufrugifrris
2699 1446 2936 1511 operibus
2962 1448 3308 1515 tenebrarum,
3346 1453 3433 1506 sed

217 1558 234 1588 ι
278 1539 406 1603 τοῖς
450 1539 740 1606 ἀκάρποις
797 1540 902 1594 τοῦ
944 1544 1236 1608 σκότους,
1290 1541 1534 1612 μᾶλλον
1579 1544 1645 1598 δὲ
1688 1537 1784 1599 καὶ

1875 1552 1894 1582 ‹
1939 1534 2110 1597 potius
2145 1533 2303 1586 etiam
2346 1532 2658 1603 redurguite.
2697 1533 2826 1597 Quae
2859 1537 2997 1589 enim
3039 1541 3103 1590 ab
3143 1539 3268 1607 ipsis
3300 1541 3431 1609 ﬁunt

216 1647 235 1680 ι
273 1629 575 1696 ἐ.ῑέγχετε’
626 1630 694 1682 τὰ
725 1630 834 1698 γὰρ
887 1631 1084 1699 κρυφῇ
1131 1635 1421 1702 γινόμενα
1458 1635 1556 1688 ὑπ’
1595 1635 1790 1688 αὐτῶν

1874 1643 1892 1677 ι
1938 1627 2266 1694 clanculum,
2317 1644 2463 1696 turpe
2504 1639 2577 1682 est
2622 1630 2704 1684 uel
2725 1631 2912 1686 dicere.
2969 1633 3160 1688 Omnia
3198 1650 3367 1690 autent
3399 1657 3431 1692 ιι

216 1737 235 1770 ι
276 1722 534 1787 αἰσχρόν
565 1721 695 1774 ἐστι
730 1722 824 1774 καὶ
853 1720 1070 1790 λέγειν.
1121 1723 1196 1776 Τὰ
1218 1723 1285 1775 δὲ
1321 1724 1515 1778 πάντα
1543 1727 1788 1795 ἐλεγχό-

1876 1739 1890 1770 ι
1937 1720 2048 1773 luce
2080 1721 2311 1774 convicta
2338 1721 2749 1790 manifestantur
2796 1722 2839 1779 ’.
2887 1723 3010 1781 Haec
3044 1729 3257 1795 quidem
3297 1730 3432 1799 Apo-

218 1827 236 1858 ι
268 1825 424 1876 μενα
455 1809 574 1862 ὑπὸ
600 1809 705 1863 τοῦ
731 1811 923 1878 φωτὸς
955 1811 1334 1878 φανεροῦται.
1377 1814 1612 1868 Τοιαῦτα
1639 1818 1734 1885 μὲν
1763 1817 1790 1868 6

1874 1830 1890 1862 ι
1937 1812 2132 1866 stolus.
2187 1811 2242 1865 Si
2291 1820 2468 1865 autem
2503 1812 2595 1881 qui
2634 1822 2850 1882 propter
2886 1818 3117 1884 priorem
3151 1821 3298 1886 plura
3337 1825 3432 1875 ha-

217 1917 236 1947 ι
299 1898 644 1962 Ἀπὸστολος.
692 1900 814 1951 Ἐὰν
847 1900 923 1963 δὲ,
947 1900 1032 1952 διὰ
1058 1901 1154 1970 τὴν
1189 1903 1457 1973 προτέραν
1482 1905 1788 1969 πλεονεξίαν

215 2005 235 2038 ι
271 1987 371 2056 τὴν
398 1989 453 2038 ἐν
471 1991 534 2057 τῇ
555 1989 745 2059 εἰρήνῃ
761 1989 1054 2058 γενομένην
1075 1989 1229 2060 δίκην
1249 1992 1540 2056 τιννύντες,
1564 1995 1622 2045 ἐν
1644 1994 1788 2064 αύτῷ

216 2094 234 2125 ι
275 2076 354 2145 τῷ
382 2075 557 2146 καιρῷ
603 2078 703 2145 τῆς
745 2077 912 2147 ὀργῆς
959 2077 1118 2129 πάλιν
1143 2077 1302 2148 -προς
1343 2078 1438 2148 τὴν
1475 2079 1787 2144 πλεονεξίαν

216 2183 234 2213 ι
273 2164 587 2232 ἐκτραπῶσί
613 2181 775 2229 τινες,
806 2165 1175 2235 κερδαίνοντες
1204 2166 1262 2230 ἐξ
1289 2167 1516 2236 αἵματος
1558 2169 1650 2220 καὶ
1677 2168 1790 2220 ὀλέ-

216 2274 233 2303 ι
275 2254 406 2323 θρου
433 2254 731 2323 ἀνθρώπιον
769 2257 1082 2309 ἀναστάτων
1111 2257 1473 2327 γενομένωνῆ
1506 2258 1779 2328 αἰχμαλῶ-

215 2364 234 2395 ‹
272 2361 398 2410 των,
426 2346 855 2414 πεφονευμένων,
893 2348 943 2399 τί
967 2347 1151 2418 ἕτερον
1186 2349 1496 2420 προσδοκᾷν
1531 2350 1685 2419 χρὴῆ
1714 2349 1788 2411 ὡς

216 2454 234 2486 ι
275 2437 783 2506 ἐπαγωνιζομένους
810 2440 872 2506 τῇ
904 2437 1204 2507 πλεονεξίᾳ,
1227 2438 1592 2498 ἐπισωρεῦσαι
1612 2439 1787 2510 ὀργὴν

215 2545 234 2576 ι
271 2528 366 2578 καὶ
391 2529 599 2588 ἑαυτοῖς
624 2526 718 2579 καὶ
749 2528 911 2580 παντὶ
938 2527 1016 2596 τῷ
1053 2526 1197 2596 λαῷς
1231 2544 1247 2576 ι

283 2618 478 2669 ΒΑΛΣ.
507 2618 592 2669 Ἐν
617 2617 694 2686 τῷ
719 2616 891 2686 καιρῷ
916 2617 1013 2686 τῆς
1038 2617 1144 2669 τῶν
1163 2617 1450 2688 βαρϐάρων
1472 2616 1786 2687 ἐπιδρομῆςν

211 2707 468 2777 ἥρπασάν
499 2721 640 2771 τινες
671 2708 779 2760 τῶν
804 2706 1092 2778 ὀρθοδόξων
1117 2706 1184 2759 τά
1217 2706 1312 2777 τὴν
1354 2706 1640 2777 λεηλασίαν
1673 2706 1789 2760 δια·-

188 2797 474 2866 .φυγόντα’
512 2797 621 2850 τῶν
697 2798 1234 2867 αἰχμαλωτισθέντων
1276 2796 1590 2867 πράγματα.
1656 2795 1789 2864 Περὶ

212 2889 417 2941 τούτων
449 2885 542 2941 οὖν
577 2889 872 2959 ἐρωτηθεὶς
893 2890 920 2941 6
969 2887 1140 2955 ἅγιος,
1167 2887 1350 2957 φησιν,
1381 2887 1460 2939 ὅτι
1487 2889 1592 2948 πᾶς
1637 2885 1786 2937 πλεο.

213 2978 408 3047 νέκτης
444 2979 779 3047 ἐκκήρυκτος
821 2977 919 3046 τῆς
973 2975 1297 3044 Ἐκκλησίας
1325 2977 1492 3038 ἐστὶν,
1525 2975 1643 3027 ἀντὶ
1671 2972 1786 3042 τοῦ,

214 3067 516 3136 ἀπόὸλητος
557 3066 651 3120 καὶ
691 3067 990 3136 ἀλλότριος.
1037 3065 1536 3136 Ἀποκηρύσσεσθαι
1566 3067 1672 3137 γὰρ
1702 3066 1789 3118 λέ-

215 3175 400 3226 γονται
427 3158 474 3210 oi
499 3157 603 3210 υἱοὶ
630 3157 756 3209 ὅταν
795 3157 883 3209 διά
900 3173 1018 3208 τινα
1041 3156 1334 3224 αἰτιάματα
1355 3157 1418 3206 ἐκ
1445 3154 1541 3224 τῆς
1574 3156 1791 3224 γονικῆς

1870 1921 1888 1953 ι
1935 1903 2094 1956 bendi
2148 1903 2535 1971 cupiditatem,
2589 1920 2711 1973 qua
2769 1907 2819 1959 in
2856 1923 2985 1976 pace
3033 1909 3168 1971 fuit,
3218 1927 3428 1979 pmnam

1871 2007 1891 2043 ι
1935 1991 2099 2057 dant,
2151 1992 2202 2045 in
2257 1993 2373 2061 ipso
2405 1993 2498 2047 irae
2533 2003 2771 2063 tempore
2807 2013 2998 2053 rursus
3045 2000 3108 2052 ad
3153 2002 3430 2056 avaritiam

1872 2101 1889 2133 ι
1936 2093 2354 2148 convertuntur,
2384 2084 2784 2140 lucrifacientes
2815 2102 2880 2140 ex
2913 2091 3173 2158 sanguine
3213 2100 3264 2145 et
3307 2107 3429 2160 pcr-

1871 2191 1888 2223 ι
1935 2173 2074 2229 nieie
2111 2189 2418 2229 eversorum
2463 2175 2774 2240 hominum,
2809 2178 3180 2244 captivorum,
3217 2180 3433 2234 interfe-

1871 2283 1888 2315 ι
1935 2271 2184 2328 ctorum;
2233 2265 2359 2333 quid
2403 2263 2546 2320 aliud
2591 2268 3012 2334 exspectandum
3053 2277 3153 2331 est,
3181 2284 3340 2337 quam
3377 2279 3432 2322 ut

1872 2371 1889 2402 ι
1936 2353 2162 2407 avaritia
2185 2354 2522 2410 decertantes
2556 2354 2690 2409 iram
2730 2357 2829 2410 sibi
2862 2365 2914 2410 et
2939 2358 3194 2412 universo
3236 2360 3432 2427 pepqu

1874 2463 1890 2494 ι
1940 2445 2319 2499 accumulent?
2347 2463 2365 2496 ι

1940 2612 2046 2680 27
2069 2611 2220 2668 ΒΑιε.
2241 2613 2299 2668 in
2337 2625 2578 2684 tempore
2603 2614 2956 2681 incursionis,
2983 2614 3200 2683 quidam
3223 2630 3285 2670 ev
3337 2631 3432 2669 or-

1868 2703 2122 2758 thodoxis
2144 2705 2530 2775 corripuerunt
2553 2722 2637 2760 res
2655 2721 2775 2775 qua:
2793 2707 3130 2775 captivorum
3156 2706 3434 2775 depraeda-

1868 2795 2070 2849 tionem
2093 2795 2425 2866 efl‘ugerunt.
2470 2798 2544 2851 De
2570 2797 2655 2852 bis
2671 2811 2798 2866 ergo
2821 2796 3187 2866 interrogatus
3211 2804 3432 2849 sanctus

1866 2889 2016 2951 dicit.
2044 2891 2185 2959 quod
2212 2891 2458 2962 quisquis
2491 2900 2572 2946 est
2607 2907 2822 2957 avarus,
2859 2899 2940 2945 est
2970 2890 3037 2943 ab
3063 2887 3302 2942 Ecclesia
3335 2887 3430 2940 ab-

1865 2980 2096 3044 dicatus,
2145 2981 2194 3034 id
2234 2990 2336 3046 est,
2371 2984 2573 3052 ejectus
2616 2991 2669 3037 et
2717 2983 2942 3036 alienus.
2998 2979 3260 3034 Dicuntur
3285 2980 3427 3032 enim

1866 3067 2096 3122 abdicati
2131 3069 2224 3122 lilii
2255 3071 2470 3138 quando
2503 3078 2721 3139 prepter
2752 3069 2929 3138 aliqua
2974 3069 3197 3122 crimina
3231 3067 3296 3119 ab
3323 3066 3431 3119 ba:-

1866 3157 2093 3212 reditate
2122 3168 2344 3228 paterna
2371 3161 2693 3215 alienantur.
2738 3159 2792 3214 In
2829 3171 3066 3229 tempore
3098 3168 3275 3212 autem
3307 3157 3428 3211 talis

217 3247 575 3318 κληρονομίας
603 3242 1003 3317 ἁλλοτριῶνται.
1036 3246 1106 3297 Τὸ
1128 3246 1183 3297 δὲ
1217 3247 1272 3296 ἐν
1306 3243 1484 3314 καιρῷ
1513 3245 1790 3314 συμφορᾶς

1874 3246 2192 3302 calamitatis
2245 3247 2441 3302 audere
2485 3248 2716 3316 aliquem
2762 3249 2969 3304 facinus
3017 3248 3323 3318 ejusmodi,
3375 3258 3430 3303 et

219 3339 466 3408 τοιαύτης
489 3337 748 3408 τολμῆσαί
781 3355 900 3390 τινα
923 3334 1156 3388 τοιοῦτόν
1183 3353 1238 3388 τι
1272 3335 1439 3388 κακὸν
1459 3375 1473 3398 ,
1506 3335 1598 3386 καὶ
1648 3334 1794 3403 λογί-

217 3429 413 3483 σασθαι
439 3430 672 3500 κέρδους
700 3429 948 3498 ἀφορμὴν
976 3428 1072 3497 τὴν
1093 3427 1200 3479 τῶν
1223 3424 1464 3494 ἀδελφῶν
1489 3424 1790 3496 συμφορὰν,

217 3521 376 3589 ἔργον
405 3520 550 3571 ἐστὶν
587 3519 887 3590 ἀνθρώπων
918 3516 1125 3570 ἀσεϐῶν
1154 3517 1244 3569 καὶ
1274 3510 1378 3568 ὕπο
1407 3515 1498 3569 τοῦ
1537 3515 1668 3568 Θεοῦ
1701 3533 1790 3585 μι-

219 3606 517 3676 σουμένων,
544 3607 634 3660 καὶ
657 3608 834 3675 πάσης
878 3605 1102 3668 ἀτοπίας
1141 3606 1412 3658 ἐπέκεινα.
1442 3604 1598 3657 Ὅθεν
1643 3602 1790 3668 ἔδοξε

219 3699 344 3760 τοὺς
363 3697 634 3760 τοιούτους
667 3695 963 3766 ἐκκηρύξαι
991 3695 1110 3747 ἀντὶ
1132 3693 1247 3758 τοῦ,
1285 3691 1794 3763 φανεῴςέκδιῶξαι

217 3785 318 3853 τῆς
359 3785 715 3854 Ἐκκλησίας,
755 3786 848 3837 καὶ
881 3783 1108 3852 χωρίσαι
1158 3782 1250 3835 τοῦ
1291 3780 1650 3853 πληρώματος
1685 3781 1792 3834 τῶν

220 3876 454 3928 πιστῶψ
491 3876 576 3926 ἵνα
607 3875 679 3944 μὴ
699 3873 764 3925 δι’
792 3873 988 3936 αὐτοὺς
1021 3875 1053 3944 ἡ
1087 3872 1222 3942 ὀργὴ
1248 3870 1338 3923 τοῦ
1368 3869 1498 3922 Θεοῦ
1547 3869 1675 3939 ἔλθῃ
1699 3869 1791 3922 ἐπὶ

221 3966 451 4028 πάντας,
484 3966 576 4017 καὶ
602 3965 704 4034 πρὸ
728 3963 835 4015 τῶν
864 3962 1033 4017 ἄλλων
1067 3963 1156 4015 ἐπὶ
1175 3963 1298 4023 τοὺς
1321 3961 1687 4029 προεστῶτας,
1710 3960 1784 4030 μὴ

222 4054 614 4125 ἐπιζητοῦντας
641 4052 734 4106 καὶ
767 4051 1116 4117 ἐξετάζοντας
1154 4050 1278 4114 τοὺς
1323 4049 1611 4111 τοιούτους.
1661 4044 1780 4101 Ebro

224 4130 420 4214 ἐπάγει
457 4149 550 4200 καὶ
580 4145 857 4216 Γραφικὰς
893 4144 1191 4214 μαρτυρίας
1213 4181 1228 4205 ,
1257 4141 1350 4194 καὶ
1384 4141 1510 4211 περὶ
1545 4139 1604 4190 r6
1641 4139 1789 4202 τέλος

225 4237 505 4307 ἐπιφέρειο
533 4237 595 4288 Ει
625 4236 681 4287 δέ
703 4251 844 4296 τινες
867 4234 953 4286 διὰ
981 4233 1289 4296 πλεονεξίαν
1322 4232 1616 4300 γενομένην
1664 4231 1792 4300 παρ’

225 4329 409 4381 αὐτῶν
447 4327 588 4382 κατὰ
612 4327 701 4378 τὸν
726 4327 822 4394 τῆς
847 4324 1277 4394 εἰρήνηςκαιρδν
1299 4321 1666 4382 κολασθέντες,
1701 4319 1796 4371 πά-

1865 3336 2176 3392 existlmare
2222 3338 2447 3392 aliorum
2483 3339 2842 3393 calamitatem
2873 3355 2991 3394 esse
3035 3339 3116 3393 sui
3160 3339 3292 3392 lucri
3339 3352 3430 3393 oc-

1867 3428 2164 3493 casioncm,
2188 3438 2270 3483 est
2297 3429 2585 3498 impiorum
2613 3429 2891 3482 hominum
2921 3438 2972 3482 et
2996 3429 3101 3484 Deo
3131 3429 3428 3482 invisorum

1868 3530 1921 3575 et
1951 3519 2042 3589 qui
2076 3533 2290 3573 omnem
2318 3519 2714 3590 improbitatem
2745 3528 3020 3588 superant.
3073 3519 3221 3573 Unde
3255 3520 3428 3574 visum

1869 3618 1953 3664 est
1977 3624 2070 3664 eos
2102 3609 2372 3674 abdicare,
2407 3624 2503 3678 pro
2546 3623 2610 3664 eo
2658 3609 2802 3678 quod
2832 3616 2934 3673 est,
2970 3619 3151 3678 aperte
3192 3609 3430 3664 Ecclesia

1868 3697 2158 3767 expeliere,
2207 3705 2262 3751 et
2309 3712 2339 3750 a
2391 3697 2626 3752 ﬁdelium
2656 3697 3000 3751 multitudine
3039 3713 3320 3765 separare:
3367 3715 3432 3752 nc

1872 3796 2088 3857 propter
2118 3787 2264 3856 ipsos
2295 3787 2385 3841 Dei
2416 3788 2494 3841 ira
2530 3786 2584 3840 in
2619 3802 2809 3842 omnes
2841 3788 3035 3849 veniat,
3072 3797 3124 3841 ct
3154 3797 3275 3842 ante
3299 3790 3432 3843 alios

1871 3878 1924 3932 in
1961 3891 2053 3931 eos
2080 3878 2173 3945 qui
2211 3885 2482 3946 praesunt,
2517 3877 2609 3944 qui
2641 3877 2903 3946 ejusmodi
2938 3877 3183 3930 homines
3218 3893 3324 3930 non
3354 3879 3435 3931 in-

1873 3967 2096 4036 quirunt
2125 3974 2178 4020 et
2201 3967 2530 4021 examinant.
2562 3965 2758 4020 Deinde
2787 3966 3063 4036 subiungit
3089 3967 3248 4020 etiam
3283 3976 3433 4022 testi-

1875 4056 2055 4110 monia
2094 4053 2406 4125 Scriptura,
2441 4064 2492 4109 et
2531 4056 2673 4109 circa
2711 4055 2866 4110 finem
2895 4055 3090 4109 infert:
3131 4055 3186 4110 Si
3217 4057 3308 4126 qui
3340 4073 3435 4111 au-

1875 4158 1981 4200 tem
2028 4152 2242 4213 propter
2293 4159 2444 4198 suam
2485 4144 2806 4209 avaritiam,
2859 4159 2978 4214 qua:
3037 4144 3136 4198 fuit
3200 4153 3436 4212 tempore

1874 4234 2065 4302 pacis,
2116 4233 2326 4302 puniti,
2377 4234 2429 4286 in
2482 4234 2832 4288 barbarorum
2888 4235 3080 4288 iterum
3130 4234 3438 4290 incursione

1875 4326 2060 4376 eadem
2095 4322 2465 4390 peccaverint,
2507 4323 2577 4386 ii,
2617 4324 2808 4392 inquit,
2843 4339 2949 4377 non
2980 4325 3149 4378 solum
3182 4325 3273 4379 Dei
3303 4326 3437 4379 iram

226 4420 309 4472 λιν
331 4420 424 4471 καὶ
455 4420 532 4480 εἰς
564 4418 658 4481 τὴν
685 4415 788 4467 τῶν
822 4413 1109 4483 βαρϐάρων
1137 4412 1321 4480 ἔφοδον
1347 4410 1414 4463 τὰ
1451 4409 1588 4463 αὐτὰ
1615 4409 1790 4478 ἦμαρ-

1878 4413 1929 4464 in
1971 4426 2028 4465 se
2065 4412 2378 4478 attrahunt,
2414 4413 2505 4469 sed
2529 4415 2689 4467 etiam
2723 4415 2980 4469 adversus
3011 4431 3221 4470 omnem
3269 4433 3439 4487 popu-

228 4527 339 4572 τον,
370 4511 419 4561 οι
448 4506 702 4571 τοιοῦτοι,
737 4505 938 4574 φησιν,
982 4504 1041 4556 ού
1085 4503 1242 4572 μόνον
1283 4500 1401 4553 καθ’
1452 4498 1655 4553 ἐαυτῶν
1697 4497 1790 4568 τὴν

1880 4502 2010 4556 lum.
2045 4499 2316 4556 Hrec'cum
2345 4503 2419 4556 ita
2448 4518 2505 4558 se
2536 4504 2785 4568 habeant,
2812 4514 2933 4557 nota
2962 4519 3024 4557 ex
3054 4504 3155 4557 hac
3187 4507 3432 4572 praesenti

228 4601 401 4670 ὀργὴν
424 4598 514 4651 τοῦ
555 4597 689 4650 Θεοῦ
734 4597 1049 4662 ἐφέλκουσιν
1073 4634 1087 4657 ,
1127 4593 1260 4646 ἀλλὰ
1297 4593 1386 4645 καὶ
1426 4589 1566 4643 κατὰ
1601 4589 1790 4652 παντὸς

1877 4593 2124 4663 epistola,
2166 4594 2308 4662 quod
2346 4594 2611 4663 episcopis
2638 4595 2967 4663 permittitur
2996 4611 3281 4648 avarorum
3312 4597 3433 4663 plu-

230 4689 324 4741 τοῦ
353 4686 504 4739 λαοῦ.
549 4684 763 4738 Τούτων
808 4682 974 4745 οὕτως
1022 4681 1250 4751 ἐχόντων
1324 4679 1652 4749 σημείωσαι,
1713 4679 1793 4730 ὅτι

231 4780 326 4831 καὶ
349 4777 456 4831 ἀπὸ
493 4777 590 4844 τῆς
621 4772 900 4845 παρούσης
939 4770 1224 4840 ἐπιστολῆς
1279 4772 1484 4838 ἐφεῖται
1529 4771 1636 4830 τοῖς
1676 4769 1795 4819 ἐπι-

231 4867 453 4927 σκόποις
477 4866 570 4929 τὰς
602 4865 705 4916 τῶν
731 4862 1063 4916 πλεονεκτῶν
1099 4859 1410 4921 δυναστείας
1458 4855 1796 4910 ἀναστέλλειν

225 4957 312 5008 διὰ
335 4955 623 5022 ἐπιτιμίων
644 4971 656 4984 ·
694 4954 784 5006 καὶ
810 4953 933 5015 τοὺς
963 4953 1058 5022 μὲν
1091 4949 1430 5020 ἁρπάζοντας
1473 4947 1539 4999 τὰ
1569 4947 1674 4999 ἀπὸ
1702 4945 1798 5014 τῆς

226 5046 599 5116 αίχμαλωσίας
618 5043 1028 5115 περιλειφθέντα
1060 5041 1356 5112 πράγματα
1379 5040 1484 5092 τῶν
1507 5038 1823 5108 ὀρθοδόξων’

231 5135 319 5188 διὰ
359 5133 603 5204 μεγάλων
631 5133 1091 5203 ἐκκλησιαστικῶν
1128 5130 1471 5201 σωφρονίζειν
1503 5127 1793 5182 κολάσεων·

230 5227 358 5286 τοὺς
381 5223 437 5275 δὲ
468 5223 541 5292 μὴ
563 5221 832 5284 τοιούτους
854 5223 1102 5292 ἅρπαγας
1121 5239 1214 5291 μετ
1224 5221 1492 5291 ριωτέρως
1521 5219 1794 5287 ἐπιτιμᾷν·

231 5314 373 5364 ὥστε
416 5312 524 5364 άπὸ
571 5310 825 5362 τοιούτων
885 5311 1009 5378 περὶ
1066 5310 1313 5362 τοιούτων
1362 5307 1662 5363 ὑποθέσεων
1705 5307 1799 5359 καὶ

1880 4697 2046 4751 raque
2078 4681 2306 4736 habendi
2347 4683 2661 4751 cupidorum
2710 4687 3007 4752 potentiam
3043 4684 3216 4750 poenis
3260 4683 3436 4750 impo-

1881 4773 1997 4826 sitis
2031 4786 2312 4826 coercere:
2358 4781 2410 4825 et
2443 4787 2535 4826 eos
2563 4772 2809 4842 quidem,
2842 4772 2931 4841 qui
2953 4813 2967 4835 ,
3014 4788 3133 4840 quae
3164 4788 3224 4826 ex
3271 4773 3438 4840 capti-

1881 4863 2043 4917 vitate
2071 4863 2253 4916 relicta
2283 4871 2408 4916 sunt
2439 4861 2682 4916 fidelibus
2703 4903 2718 4928 ,
2751 4864 2997 4931 rapiunt,
3028 4864 3235 4931 magnis
3267 4862 3437 4915 eccle-

1882 4953 2114 5009 siasticis
2138 4953 2694 5007 animadversionibus
2723 4955 3015 5022 castigare;
3055 4953 3146 5020 qui
3173 4967 3277 5006 non
3314 4962 3440 5006 sunt

1884 5053 2064 5098 autem
2146 5042 2408 5112 ejusmodi
2473 5057 2733 5111 rapaces,
2823 5043 3165 5095 mediocriter
3226 5042 3434 5109 punire.

1885 5132 2242 5198 Quamobrem
2288 5145 2353 5184 ex
2406 5130 2490 5183 bis
2538 5130 2602 5184 de
2664 5129 2970 5198 hujusmodi
3033 5129 3211 5183 causis
3275 5130 3438 5184 laicus

1886 5236 2100 5292 quoque
2139 5221 2371 5290 episcopi
2413 5220 2508 5273 rite
2541 5219 2796 5288 judicent.
2845 5218 3127 5283 Quomodo
3169 5220 3310 5272 enim
3347 5233 3440 5272 eos

1885 5313 2143 5382 punient,
2190 5311 2234 5365 si
2276 5325 2382 5364 non
2414 5311 2562 5378 prius
2606 5310 2800 5363 veritas
2835 5309 3180 5378 apparuerit?
3219 5309 3442 5376 Propter

231 5404 457 5463 λαῖκοὺς
479 5401 787 5468 ἐνδυνάμως
815 5401 901 5451 ἴνα
937 5400 1226 5451 δικάσωσιν
1255 5400 1303 5450 oi
1333 5399 1635 5451 ἐπίσκοποι.
1677 5395 1790 5457 Πῶς

1889 5403 2166 5458 avaritiam
2182 5410 2358 5453 autem
2394 5414 2419 5450 a
2447 5399 2676 5452 ﬁdelium
2702 5399 3080 5451 communione
3097 5399 3327 5464 aliquem
3347 5399 3441 5450 ab-

235 5497 345 5565 γὰρ
378 5493 759 5561 ἐπιτιμήσουσι
804 5491 1021 5553 τούτους
1065 5491 1160 5558 τῆς
1192 5489 1441 5557 ἀληθείας
1475 5487 1547 5558 μὴ
1595 5489 1790 5554 ἀναφα-

1889 5496 2075 5556 dicari,
2107 5507 2356 5560 magnum
2389 5502 2486 5551 est,
2521 5500 2572 5544 et
2603 5504 2680 5542 vze
2713 5491 2918 5542 avaris!
2957 5487 3060 5540 Lex
3094 5503 3219 5542 vero
3248 5488 3440 5559 civilis.

234 5587 422 5649 νείσης
445 5583 708 5653 πρότερον
734 5597 747 5644 ;
779 5580 849 5632 T6
877 5581 930 5632 δὲ
965 5581 1050 5632 διὰ
1086 5579 1390 5641 πλεονεξίαν
1425 5575 1790 5647 ἀποκηρύσσε-

1888 5600 2008 5639 eum
2054 5583 2146 5652 qui
2200 5582 2334 5650 rapit
2379 5596 2439 5634 ex
2486 5578 2732 5632 inccndio
2777 5578 2856 5631 vel
2906 5593 2968 5630 cx
3015 5578 3170 5630 ruina
3214 5579 3440 5642 aedium,

316 5771 330 5798 ’
365 5773 502 5829 Gen.
541 5785 689 5828 mu.
715 5768 802 5831 '25,
832 5768 920 5821 9.5.
1012 5761 1027 5788 '
1071 5765 1265 5831 Ephes.
1302 5783 1351 5827 v.
1383 5766 1534 5820 5-13.
