4124 6476
216 411 320 480 5Ξ9

1136 409 1213 471 IN
1256 408 1495 469 EPiST.
1628 402 2000 466 GliEGOBII
2044 400 2480 463 NEOCﬁS‘Ji.

3315 396 3439 460 sweet

220 566 239 599 ι
276 548 431 618 λησε,
472 558 577 600 απο
610 544 699 600 τοῦ
742 543 1105 614 ἀναθέματος,
1149 547 1242 600 καὶ
1290 546 1379 599 ἐπὶ
1427 547 1604 597 πᾶσαν
1645 560 1758 596 συν-

1863 562 1881 595 ε
1917 543 2221 598 dedicatum
2269 548 2402 598 erat,
2460 536 2701 603 peccarit
2746 544 2842 588 :ct
2894 536 2943 586 in
2994 549 3205 587 omnem
3252 533 3413 586 istacl

220 656 238 689 ι
280 637 498 708 αγωγήν
577 636 787 707 Ἰσραὴλ
821 635 1049 705 έγενήθη
1090 636 1325 707 ήὸργή;
1380 634 1490 690 Καὶ
1533 628 1614 697 εἷς
1672 632 1767 706 μύ-

220 744 239 776 ι
275 741 363 788 νος
392 718 544 785 οὗτος
572 725 806 795 ἥμαρτε,
839 724 911 794 μὴ
948 724 1102 792 μόνος
1127 721 1389 775 ἀπέθανεν
1419 720 1477 774 έν
1503 723 1568 794 τῇ
1592 720 1767 792 ἀμαρ-

221 834 239 866 ε
279 815 369 884 τίᾳ
410 812 593 867 αὑτοῦ.
652 814 811 881 Ἡμῖν
849 811 905 864 δὲ
952 813 1057 864 πᾶν
1087 810 1146 862 τὸ
1181 810 1254 880 μὴ
1292 810 1587 881 ἡμέτερον,
1631 808 1767 861 ἀλλα

220 923 239 955 ε
279 905 571 975 ἀλλότριον,
604 902 681 974 τῷ
707 902 879 973 καιρῷ
902 901 1074 970 τούτῳ
1111 900 1316 971 κέρδος,
1351 900 1593 969 ἀνάθεμα
1620 914 1766 952 νενοω

221 1016 239 1050 ε
284 996 467 1067 μίσθαι
512 998 786 1069 προσήκει.
834 995 1093 1055 Κάκεῖνος
1147 993 1245 1063 μὲν
1277 990 1386 1063 γὰρ
1423 992 1451 1045 6
1502 991 1675 1061 ’Δχαρ
1703 989 1767 1043 tu

221 1104 239 1135 ε
279 1086 380 1156 τῆς
414 1086 686 1156 προνομῆς
718 1082 872 1137 ίλαϐε
891 1099 903 1113 ο
940 1084 1030 1135 καὶ
1062 1081 1213 1134 αὐτοὶ
1242 1079 1335 1132 νῦν
1366 1080 1430 1132 ὲκ
1463 1077 1763 1150 προνομῆς’

220 1196 238 1229 ι
278 1180 525 1238 κάκεῖνος
562 1176 656 1247 μὲν
684 1174 753 1227 τά
777 1174 883 1226 τῶν
926 1171 1218 1241 πολεμίων,
1253 1170 1301 1222 οί
1342 1168 1400 1221 δὲ
1435 1166 1528 1220 νῦν
1556 1166 1623 1219 τά
1646 1165 1766 1222 ,τῶν

220 1286 239 1320 ε
281 1267 544 1337 ἀδελφῶν,
580 1266 945 1336 κερδαίνοντες
974 1261 1211 1333 ὀλέθριον
1239 1260 1442 1332 κέρδος.
1477 1278 1494 1309 ι

287 1446 478 1499 ΒᾹΛΣ.
528 1441 707 1497 Είπὼν
750 1444 778 1495 6
834 1441 983 1509 ἅγιος
1029 1436 1495 1510 ἀποκηρύττεσθαι
1542 1438 1606 1489 έκ
1659 1435 1763 1487 τῶν

218 1537 423 1591 πιστῶν
469 1536 594 1598 τοὺς
643 1534 989 1604 ἁρπάσαντας
1040 1532 1107 1585 τά
1148 1536 1257 1595 τοῖς
1297 1527 1764 1601 αίχμαλωτισθείσι

214 1629 555 1699 διαφέροντα,
598 1627 689 1678 καὶ
721 1624 826 1677 ἀπὸ
854 1624 949 1693 τῆς
994 1621 1327 1693 βαρϐαρικῆς
1353 1618 1637 1689 λεηλασίας
1669 1634 1764 1671 πε-

219 1716 576 1788 ριλειφθέντα,
622 1715 716 1768 καὶ
749 1715 829 1767 δτι
861 1712 948 1765 διά
986 1714 1109 1775 τοὺς
1139 1711 1279 1763 οὕτω
1317 1708 1567 1770 πολλάκις
1611 1706 1766 1761 πται-

217 1823 415 1870 σαντας
457 1808 549 1867 καὶ
596 1805 670 1876 μὴ
717 1801 1119 1874 διορθωθέντας,
1171 1801 1263 1853 καὶ
1304 1802 1380 1864 είς
1432 1799 1521 1853 τὸν
1560 1798 1685 1852 λαὸν
1726 1800 1760 1870 η

1864 652 1886 690 ε
1926 643 2254 706 εγιιεκοςιηι
2304 628 2384 683 ira
2430 624 2711 696 pervenit?
2752 628 2923 693 Atque
2965 626 3050 678 hic
3093 640 3232 678 unus
3266 625 3412 679 Solus

1865 743 1886 777 ε
1926 724 2188 796 peccarit,
2218 717 2310 773 sed
2350 730 2456 771 non
2489 714 2637 773 solus
2670 714 2724 768 in
2760 729 2859 769 suo
2893 724 3108 784 peccatu
3139 722 3220 767 cst
3265 729 3367 767 tua!
3388 744 3410 753 -

1867 833 1886 866 ε
1921 824 2066 869 tuus.
2118 809 2286 865 Nobis
2322 816 2499 861 autem
2551 803 2812 873 quidquid
2852 819 2957 857 non
2995 814 3275 866 nostrum,
3318 804 3411 857 sed

1867 922 1886 956 ι
1926 903 2160 958 alienum
2203 909 2303 964 est,
2339 902 2443 952 hoc
2485 907 2726 965 tempore
2767 894 3001 959 lucrum,
3051 891 3160 945 Deo
3196 893 3413 946 dcdiea~

1866 1012 1885 1046 ι
1925 1002 2037 1048 tum
2074 1005 2193 1046 esse
2224 986 2639 1045 existimandum
2678 994 2778 1040 est.
2811 981 2942 1037 Nam
2986 993 3038 1036 ct
3075 981 3162 1036 ille
3192 981 3409 1051 quidem

1869 1102 1888 1134 ε
1928 1082 2107 1136 Achar
2147 1095 2213 1134 ex
2257 1078 2436 1148 praeda
2469 1075 2697 1144 accepit,
2739 1082 2792 1129 et
2832 1073 2931 1142 ipsi
2963 1088 3104 1126 nunc
3138 1087 3201 1126 ex
3233 1072 3408 1141 pranla

1866 1192 1884 1225 ε
1925 1172 2210 1241 accipiunt.
2243 1170 2317 1223 Ae
2348 1169 2435 1222 ille
2451 1168 2692 1236 quidem.
2718 1180 2779 1219 ea
2807 1180 2927 1233 quae
2951 1172 3105 1217 erant
3134 1164 3368 1216 hostium
3394 1183 3405 1214 :

1867 1281 1885 1313 ε
1909 1263 2001 1331 qui
2018 1276 2143 1314 vero
2159 1274 2301 1313 nunc
2326 1265 2472 1315 sunt.
2492 1272 2552 1310 ea
2579 1272 2694 1323 qua-
2712 1266 2835 1308 sunt
2852 1252 3411 1322 fratt'um,pcrnicio.so

1868 1371 1886 1403 ε
1926 1352 2077 1406 lucro
2106 1348 2525 1405 lucrifacieuvs.
2565 1365 2583 1397 ι

1932 1441 2086 1496 Βλιε.
2124 1442 2256 1494 Cum
2305 1438 2533 1493 dixisset
2565 1444 2781 1491 sanctus
2829 1452 2856 1488 a
2894 1434 3138 1487 tittelibus
3170 1434 3407 1488 abdicari

1860 1546 1952 1586 eos
1981 1531 2070 1600 qui
2121 1529 2335 1598 rapiunt
2379 1545 2497 1597 quae
2526 1528 2589 1580 ad
2624 1528 2865 1595 captivos
2914 1526 3202 1593 pertinent,
3244 1532 3296 1578 et
3341 1540 3403 1577 ex

1861 1620 2140 1676 barbarica
2188 1619 2364 1688 praeda
2413 1618 2593 1671 relicta
2642 1616 2890 1680 fuerunt;
2922 1625 2976 1668 ct
3004 1617 3147 1683 quod
3194 1622 3409 1685 propter

1860 1726 1953 1766 eos
1976 1712 2064 1779 qui
2105 1709 2184 1763 sic
2225 1723 2364 1777 sazpe
2392 1708 2525 1777 lapsi
2564 1717 2615 1760 ct
2643 1705 2862 1759 minime
2898 1705 3132 1773 correpti
3168 1712 3316 1766 sunt,
3356 1704 3406 1756 in

1861 1801 2114 1871 populum
2147 1814 2360 1868 quoque
2389 1801 2465 1851 ira
2495 1797 2586 1849 Dei
2620 1797 2952 1851 aceumnlata
2983 1797 3086 1861 sit;
3120 1795 3185 1851 ad
3216 1811 3401 1850 eorum

214 1894 456 1967 ὀργὴτοῦ
478 1894 611 1947 Θεοῦ
633 1892 991 1963 ὲπισωρευθῇ,
1010 1889 1255 1959 ἐπιφέρει
1283 1890 1413 1961 πρὸς
1431 1887 1758 1956 κατασκευὴν

1860 1891 2322 1946 conﬁrmationem
2381 1888 2588 1942 inducit
2627 1887 2803 1941 Achar
2852 1886 3132 1940 historiam
3169 1886 3220 1940 in
3269 1886 3405 1940 libro

214 1984 418 2037 τούτων
451 1982 545 2053 τὴν
574 1984 632 2034 ὲν
671 1983 735 2051 τῇ
784 1979 949 2052 βίϐλῳ
982 1976 1075 2029 τοῦ
1127 1976 1297 2047 Ἰησοῦ
1338 1977 1430 2031 τοῦ
1472 1976 1628 2044 Ναυῆ
1668 1991 1762 2042 γε-

215 2071 539 2142 γραμμένην
570 2069 804 2139 ἱστορίαν
825 2064 1061 2135 περὶτοῦ
1095 2065 1287 2136 ’Δχαρ.
1336 2062 1764 2135 Ἰστορεῖταιγάρ

214 2162 291 2223 ὡς
317 2160 410 2213 τοῦ
445 2158 615 2230 Ἰησοῦ
639 2156 1094 2227 ἐπαγγειλαμένου
1122 2154 1506 2225 ἀνατεθειμένα
1532 2149 1665 2207 εἶναι
1687 2151 1764 2223 τῷ

211 2251 335 2319 Θεῷ
384 2248 558 2303 πάντα
604 2247 672 2299 τὰ
721 2248 826 2299 ἀπὸ
868 2246 966 2316 τῆς
1019 2244 1361 2317 Ἱεριχοῦντος
1405 2242 1762 2313 σκυλευθησό-

216 2357 373 2410 μενα,
419 2341 447 2392 6
482 2339 655 2409 ’Δχαρ
690 2336 826 2408 μετά
861 2337 958 2408 τὴν
1002 2336 1196 2389 ἅλωσιν
1241 2335 1337 2405 τῆς
1369 2333 1569 2397 πόλεως
1607 2334 1761 2404 Ἱερι-

214 2430 455 2500 χοῦντος,
503 2428 743 2496 γλῶτταν
788 2426 990 2497 χρυσῆν
1034 2426 1127 2479 καὶ
1157 2424 1381 2494 ὕφασμα
1414 2440 1464 2475 τι
1497 2422 1759 2492 ὑφελόμε-

212 2537 324 2582 νος,
375 2518 677 2588 κατέχωσεν
728 2515 863 2570 αὺτά
918 2517 974 2567 ὲν
1010 2518 1075 2585 τῇ
1128 2516 1299 2584 σκηνῇ
1340 2511 1521 2567 αὐτοῦ.
1588 2511 1765 2582 Ὀργιο

213 2610 431 2672 σθέντος
469 2609 525 2661 δὲ
572 2606 664 2660 τοῦ
713 2606 847 2659 Θεοῦ
895 2603 981 2658 διὰ
1014 2604 1187 2668 τοῦτο,
1235 2601 1540 2674 ἡττήθησαν
1593 2602 1648 2654 έν
1687 2600 1764 2670 τῷ

213 2699 434 2769 πολέμῳ
478 2700 525 2750 oi
582 2696 922 2766 Ἰσραηλῖται.
970 2696 1086 2748 Ὅτι
1124 2694 1179 2747 δὲ
1216 2692 1405 2763 ἄδηλος
1439 2688 1505 2763 ἦν
1532 2693 1565 2761 ἠ
1619 2690 1763 2744 αίτία

212 2786 314 2853 τῆς
345 2784 510 2857 ὀργῆς
543 2784 633 2838 τοῦ
659 2778 814 2845 Θεοῦ,
844 2784 1031 2852 γέγονε
1064 2781 1280 2852 κλῆρος,
1316 2781 1409 2835 καὶ
1451 2780 1643 2832 ἔπεσεν
1672 2776 1762 2830 ἐπὶ

211 2876 306 2929 τὸν
338 2876 530 2944 ⁸Ἀχαρ.
563 2874 841 2936 Κάκεῖνος,
893 2872 1325 2942 ἀνακρινόμενος,
1366 2869 1674 2940 ὡμολόγησε
1703 2864 1763 2917 τὸ

213 2964 437 3034 κλέμμα
467 2963 558 3014 καὶ
587 2962 654 3021 τὰ
686 2960 956 3029 κλαπέντα
989 2960 1350 3028 προσήνεγκε·
1390 2956 1481 3009 καὶ
1527 2953 1759 3009 έλιθοδοο

210 3053 352 3123 λήθη
398 3051 556 3113 αὐτὸς
590 3067 649 3103 τε
688 3050 779 3103 καὶ
820 3048 1017 3110 πάντες
1057 3048 1106 3099 οἱ
1156 3047 1283 3123 περ)⁸
1323 3046 1514 3109 αὐτὸν,
1559 3045 1652 3098 καὶ
1689 3043 1758 3101 τὰ

210 3121 352 3207 ζῷα,
380 3142 472 3194 καὶ
498 3142 642 3194 πᾶσα
684 3142 715 3209 ὴ
744 3140 1011 3211 ὑποσκευὴ
1044 3121 1224 3192 aia-:03.
1266 3139 1372 3191 Καί
1405 3153 1587 3206 φησιν,
1631 3136 1758 3190 Ἰδοὺ

1857 1972 1981 2031 Jesu
2012 1975 2152 2029 Nave
2173 1978 2518 2045 descriptam.
2548 1973 2741 2028 Narrat
2761 1975 2901 2028 enim
2930 1975 3073 2044 quod
3103 1991 3224 2029 cum
3249 1973 3406 2030 Iesus

1858 2066 2256 2137 pronuntiasset
2284 2067 2464 2121 omnia
2499 2064 2608 2119 Dco
2640 2080 2758 2120 esse
2785 2066 3026 2120 dedicata
3057 2066 3250 2136 spolia,
3283 2083 3404 2136 qua:

1857 2170 1919 2210 ex
1949 2153 2165 2209 Iericho
2199 2166 2352 2224 capta
2382 2166 2583 2215 essent.
2629 2155 2806 2208 Achar
2842 2171 3125 2224 posnluam
3162 2157 3291 2212 urbs
3317 2155 3409 2211 Je-

1858 2245 2009 2300 rieho
2042 2256 2193 2313 capta
2228 2257 2385 2307 esset,
2423 2261 2582 2300 aurea
2617 2245 2794 2315 lingua
2823 2254 2876 2299 et
2904 2247 3083 2316 aliqua
3114 2256 3259 2303 veste
3286 2262 3406 2302 sur-

1859 2345 2027 2404 repta,
2062 2351 2123 2389 ea
2152 2334 2342 2389 infodit
2374 2335 2426 2390 in
2452 2351 2552 2390 suo
2587 2338 2836 2391 tentorio.
2872 2338 3007 2392 Cum
3048 2348 3226 2392 autem
3262 2338 3404 2393 Dens

1856 2435 2134 2496 prOpIerea
2169 2428 2585 2490 suecensuisset,
2618 2427 2668 2481 in
2704 2442 2767 2481 eo
2814 2428 2951 2482 bello
2988 2427 3238 2483 Israelita;
3273 2430 3399 2483 victi

1855 2522 2001 2567 sunt.
2032 2513 2167 2579 Quia
2191 2523 2365 2567 autem
2398 2530 2501 2567 non
2535 2514 2816 2569 manifesta
2843 2526 2958 2570 erat
2992 2519 3081 2569 inc
3103 2518 3192 2572 Dei
3217 2531 3400 2579 causa.

1859 2605 2022 2657 missa
2059 2614 2139 2658 est
2170 2619 2309 2668 sors,
2346 2614 2398 2657 et
2430 2605 2623 2660 cecidit
2667 2622 2829 2675 super
2860 2607 3056 2661 Achar.
3095 2607 3184 2662 lllo
3222 2618 3401 2662 autem

1858 2691 2242 2759 interrogatus,
2266 2689 2466 2745 furtum
2496 2692 2778 2747 confessus
2802 2702 2904 2757 est,
2940 2706 2991 2750 et
3021 2712 3141 2765 qua:
3157 2708 3400 2767 surrepta

1854 2789 2002 2845 sunt,
2046 2781 2296 2849 protulit;
2351 2791 2402 2835 et
2441 2782 2709 2851 lapidibus
2761 2784 2987 2840 obrutus
3038 2795 3120 2840 est
3163 2786 3273 2856 ipse
3300 2826 3314 2851 ,
3351 2797 3403 2839 et

1855 2884 2042 2924 omnes
2074 2870 2177 2932 sui,
2205 2882 2255 2925 et
2286 2872 2557 2937 animalia,
2587 2884 2641 2927 et
2667 2883 2772 2927 tota
2804 2874 2921 2943 ejus
2946 2876 3203 2944 supellex.
3230 2874 3296 2930 Et
3321 2876 3402 2932 di-

1854 2959 1927 3013 cit
1962 2958 2137 3014 :Eece
2164 2975 2304 3015 unus
2335 2962 2600 3030 peccavit,
2632 2972 2683 3016 et
2701 2978 2765 3017 ex
2794 2978 2858 3018 eo
2889 2965 3030 3033 quod
3063 2963 3171 3020 Deo
3190 2965 3402 3021 dedica-

1853 3060 1965 3103 tum
1995 3058 2095 3113 est,
2124 3050 2368 3114 sustulit;
2399 3060 2451 3104 et
2482 3060 2700 3120 propter
2724 3052 2870 3107 illius
2913 3063 3212 3121 peccatum.
3243 3056 3399 3111 multi

1854 3139 2127 3210 perierunt
2154 3140 2205 3192 in
2231 3139 2390 3203 bello,
2423 3155 2485 3193 ex
2515 3156 2782 3211 synagoga
2815 3156 2907 3197 seu
2949 3150 3089 3197 cmtu
3129 3143 3399 3198 Israelita-

208 3227 294 3293 εἷς
324 3231 557 3299 ἥμαρτε,
611 3228 702 3281 καὶ
749 3228 991 3295 ὑφείλετο
1028 3227 1135 3280 ἀπὸ
1170 3225 1263 3278 τοῦ
1310 3223 1639 3291 ἀναθέματος
1683 3221 1758 3293 τῷ

1857 3243 1975 3282 rum
2006 3246 2017 3280 :
2049 3238 2100 3283 et
2131 3243 2320 3283 rursus
2351 3230 2482 3282 ultio
2513 3228 2650 3284 facta
2679 3241 2780 3295 est,
2804 3246 2908 3284 non
2936 3230 2987 3284 in
3019 3231 3170 3285 illum
3200 3232 3395 3297 solum,

207 3320 350 3387 Θεῷ,
384 3320 473 3370 καὶ
505 3317 591 3371 διά
627 3317 723 3387 τὴν
748 3316 1015 3387 ἁμαρτίαν
1052 3316 1256 3368 ἐκείνου
1291 3311 1563 3367 ἀπώλοντο
1604 3314 1660 3365 ὲν
1685 3310 1762 3381 τῷ

206 3408 432 3476 πολέμῳ
466 3406 645 3459 πολλοὶ
677 3407 740 3458 ὲκ
774 3405 869 3474 τῆς
898 3403 1214 3471 συναγωγῆς
1241 3400 1347 3454 τῶν
1388 3396 1755 3470 Ἰσραηλιτῶν·

206 3496 305 3547 καὶ
333 3493 491 3555 αὖθις
519 3494 552 3563 ἡ
581 3492 849 3562 ἐκδίκησις
878 3492 1095 3558 γέγονεν
1115 3489 1214 3541 οὐκ
1246 3490 1323 3551 είς
1348 3488 1548 3539 ἐκεῖνον
1582 3486 1757 3556 μόνον,

204 3584 345 3639 ἀλλὰ
375 3584 465 3636 καὶ
492 3586 569 3645 είς
602 3582 802 3643 πάντας
840 3581 962 3643 τοὺς
996 3576 1389 3647 ἐκείνουιῐῖρδς
1425 3576 1481 3629 δὲ
1507 3576 1596 3628 τὸν
1632 3576 1759 3638 ἴσως

205 3674 431 3729 είπόντα
460 3668 719 3742 διαφορὲν
751 3666 886 3723 εἶναι
920 3668 1027 3721 τῶν
1070 3666 1493 3735 ἀνατεθειμένων
1526 3663 1605 3733 τῷ
1641 3662 1759 3732 Θεῷ

204 3772 307 3825 καὶ
338 3770 444 3822 τῶν
475 3767 833 3838 διαψερόντων
869 3766 1121 3829 ἰδιώταις,
1157 3763 1594 3818 ἀντικαθίσταται
1622 3764 1650 3816 6
1693 3762 1755 3817 ἀ·-

204 3878 349 3930 γιος,
396 3860 487 3914 καί
522 3858 911 3921 κατασκευάζει
950 3855 1167 3926 χείρονα
1204 3854 1417 3924 ἐκείνης
1454 3853 1550 3923 τῆς
1602 3852 1758 3906 πλεο-

203 3953 388 4015 νεξίας
420 3946 557 4003 εἶναι
583 3950 681 4019 τὴν
711 3947 984 4018 παροῦσαν
1003 3946 1255 4018 ἁρπαγήν
1310 3946 1392 3998 ὅτι
1419 3960 1476 3997 τε
1504 3942 1660 3996 τάοέν
1680 3942 1759 4015 τῷ

202 4041 385 4113 καιρῷ
416 4042 511 4109 τῆς
551 4038 836 4108 λεηλασίας
867 4037 972 4090 τῶν
1023 4035 1307 4107 βαρὸἀρων
1354 4032 1755 4104 περιλειφθέντα

201 4131 507 4202 πράγματα
563 4128 670 4182 τῶν
731 4127 968 4195 ἀδελφῶν
998 4168 1013 4193 ,
1094 4126 1168 4188 ὡς
1234 4125 1619 4195 ἀνατεθειμένα
1678 4125 1755 4196 τῷ

200 4221 327 4290 Θεῷ
357 4220 655 4288 λογίζονται
673 4236 686 4249 ·
724 4219 817 4271 καὶ
844 4219 924 4270 ὅτι
952 4218 1052 4273 κᾶν
1085 4217 1300 4285 ἰσότητα
1328 4214 1487 4286 έχωσι
1515 4215 1586 4268 τὰ
1609 4216 1756 4285 πα.ρά

198 4314 314 4366 τῶν
364 4313 538 4381 Ἀχαρ
572 4308 971 4377 ἀποσυληθέντα
1017 4308 1108 4360 καὶ
1144 4306 1211 4360 τά
1252 4305 1397 4376 παρά
1427 4304 1629 4359 τούτων
1659 4306 1756 4376 ἀρ-

199 4401 469 4469 παγέντα,
495 4400 580 4454 διά
616 4399 676 4451 16
704 4400 770 4469 έκ
805 4396 1078 4468 προνομῆς
1113 4397 1229 4466 ἦτοι
1268 4394 1634 4466 αἰχμαλωσίας
1664 4395 1754 4449 καὶ

1854 3319 1948 3373 sed
1979 3321 2030 3371 in
2064 3332 2252 3372 omnes
2286 3333 2435 3373 suos.
2481 3317 2572 3371 Eis
2600 3329 2775 3373 autem
2821 3319 2912 3389 qui
2958 3316 3094 3373 forte
3120 3319 3394 3383 dixerant,

1853 3421 1973 3461 esse
2001 3406 2350 3461 diﬂ‘erentiatn
2380 3423 2565 3461 eorum
2597 3424 2717 3478 quae
2750 3406 2858 3462 Deo
2888 3408 3130 3463 dedicata
3162 3408 3393 3474 fuerant.

1852 3504 1907 3549 et
1934 3510 2119 3549 eorum
2150 3511 2269 3565 quae
2306 3496 2368 3549 ad
2404 3496 2640 3565 privatos
2678 3496 2887 3566 aliquos
2924 3498 3224 3567 pertinent,
3259 3500 3397 3553 resi-

1854 3585 1944 3637 stit
1969 3594 2217 3648 sanctus;
2243 3594 2296 3637 et
2320 3584 2555 3640 ostendit
2578 3585 2715 3640 hanc
2741 3586 2985 3654 rapinam
3014 3602 3135 3641 esse
3162 3587 3252 3643 illa
3275 3602 3399 3642 ara-

1853 3672 1974 3725 ritia
2023 3672 2341 3726 deteriorem
2372 3690 2383 3724 :
2421 3680 2474 3724 et
2504 3672 2646 3741 quod
2678 3686 2744 3726 eo
2787 3681 3027 3743 tempore
3057 3688 3165 3745 quo
3206 3674 3399 3743 praeda

1852 3759 1921 3812 ab
1946 3759 2191 3815 hostibus
2220 3771 2469 3830 aguntur,
2500 3776 2586 3817 res
2617 3761 2845 3817 fratrum
2879 3765 3099 3828 relictae,
3140 3773 3396 3834 tanquam

1853 3848 1960 3905 Deo
1986 3850 2242 3905 dedicatae
2276 3861 2592 3922 reputantur
2621 3872 2633 3906 :
2658 3862 2712 3908 et
2742 3854 2907 3922 quod,
2949 3856 3197 3923 quamvis
3218 3871 3397 3924 aequa-

1851 3941 2053 3995 litatem
2098 3940 2359 4007 habeant,
2390 3958 2509 4011 quae
2557 3936 2627 3997 tib
2656 3942 2836 3998 Achar
2874 3944 3084 4013 direpta
3116 3943 3265 3999 fuere
3287 3984 3301 4007 ,
3345 3957 3396 3998 et

1852 4044 1971 4100 quae
1995 4030 2061 4084 ab
2090 4032 2171 4084 eis
2199 4040 2346 4099 rapta
2384 4042 2508 4086 sunt
2530 4071 2543 4096 ,
2579 4042 2858 4102 propterea
2904 4035 3045 4104 quod
3086 4043 3141 4088 et
3171 4043 3397 4104 utraque

1850 4135 1914 4176 ex
1966 4122 2292 4191 pradatione
2356 4123 2436 4176 vel
2486 4126 2791 4192 captivitate
2867 4136 3178 4195 comparata
3238 4137 3391 4186 sunt;

1852 4223 2037 4265 eorum
2088 4219 2266 4265 tamen
2320 4212 2472 4281 culpa
2527 4214 2702 4282 major
2758 4223 2859 4268 est.
2905 4215 3081 4269 Achar
3123 4218 3267 4271 enim
3312 4230 3396 4269 res

1853 4299 2083 4354 hostium
2117 4301 2376 4355 abstulit:
2406 4302 2443 4355 ii
2472 4310 2650 4356 autem
2692 4318 2831 4372 quos
2868 4304 3021 4373 plura
3055 4304 3286 4359 habendi
3327 4305 3391 4358 |i«

1853 4390 1975 4445 bido
2005 4405 2148 4446 nunc
2176 4390 2392 4457 invasit,
2425 4390 2564 4445 bona
2600 4390 2823 4447 fratrum
2853 4402 3181 4464 rapuerunt;
3205 4408 3403 4447 eorum

201 4493 490 4564 ἀμφότερα
537 4488 1012 4559 ἀποκερδανθῆναι,
1058 4487 1169 4541 ἀλλ’
1203 4488 1236 4557 ἡ
1265 4488 1326 4539 ὲκ
1372 4485 1573 4539 τούτων
1612 4485 1753 4539 αίτία

1857 4481 2231 4546 calamitatem,
2263 4482 2470 4536 lucrum
2513 4482 2874 4552 perniciosum
2911 4486 3031 4539 rati.
3072 4482 3209 4539 Nota
3257 4499 3391 4554 pra:-

206 4578 415 4648 μείζων
436 4576 598 4629 ἐστίν.
647 4575 703 4628 Ὀ
726 4576 822 4644 μὲν
848 4575 955 4644 γὰρ
984 4576 1158 4643 Ἀχαρ
1185 4572 1292 4626 τῶν
1321 4573 1589 4643 πολεμίων
1610 4572 1755 4641 ὑφεί-

200 4668 362 4720 λετο·
408 4666 456 4718 οί
503 4665 558 4720 δὲ
604 4664 697 4717 νῦν
742 4664 1222 4734 πλεονεκτήσαντες
1268 4662 1336 4716 τὰ
1368 4664 1475 4717 τῶν
1514 4662 1754 4734 ἀδελφῶν

199 4752 476 4827 ἥρπαζον,
509 4756 604 4824 τὴν
634 4752 911 4824 συμφορὰν
931 4753 1130 4807 τούτων
1150 4753 1333 4825 κέρδος
1364 4753 1598 4825 ὀλέθριον
1620 4756 1751 4824 ἡγη-

202 4846 457 4915 σάμενοι.
488 4844 795 4914 Σημείωσαι
817 4841 886 4896 τά
906 4843 1142 4912 παρόντα
1161 4842 1248 4897 διά
1268 4844 1389 4906 τοὺς
1414 4843 1752 4907 ἁρπάζοντας

1850 4581 2053 4625 sentem
2093 4584 2353 4625 eanouem
2400 4581 2616 4641 propter
2642 4588 2737 4628 eos
2770 4575 2862 4642 qui
2901 4591 2987 4631 res
3033 4576 3389 4632 Ecclesiaium

1848 4667 1903 4714 et
1928 4660 2378 4714 monasteriorum
2408 4661 2644 4729 rapiunt,
2668 4674 2744 4729 et,
2775 4674 2830 4717 ut
2855 4666 3018 4721 semel
3048 4661 3245 4733 dicam,
3266 4685 3392 4739 pru-

1849 4758 1966 4818 pter
1995 4762 2089 4801 eos
2116 4749 2208 4818 qui
2232 4763 2351 4818 qua
2387 4759 2512 4805 sunt
2542 4749 2653 4805 Deo
2680 4752 2944 4820 dedicata,
2983 4766 3237 4825 tanquam
3259 4771 3390 4828 pro—

1849 4837 1962 4905 pria
1998 4836 2285 4893 vindicant.

199 4941 278 4993 τά
322 4939 429 4992 τῶν
479 4939 806 5010 Ἐκκλησιῶν
853 4924 943 4998 καὶ
977 4949 1043 4997 τά
1089 4946 1195 4998 τῶν
1234 4952 1629 5021 μοναστηρίων,
1663 4955 1754 5004 καὶ
1780 4951 1959 5015 ἁπλῶς
1983 4953 2067 5005 διά
2082 4953 2203 5016 τοὺς
2227 4951 2546 5021 ίδιουμένους
2586 4952 2758 5006 πάντα
2799 4953 2865 5007 τὰ
2896 4956 3278 5027 ἀνατεθειμένα
3308 4958 3390 5028 τῷ

201 5029 349 5093 Θεῷ.

279 5126 524 5180 ZDNAP.
573 5126 663 5178 Ἑν
698 5129 764 5197 τῇ
806 5125 971 5197 βίϐλῳ
1027 5124 1199 5196 Ἰησοῦ
1232 5126 1322 5181 τοῦ
1361 5127 1518 5199 Ναυῆ
1558 5129 1754 5200 γέγρα-

200 5233 362 5277 πται,
407 5216 487 5267 ὅτι
532 5215 833 5286 πολιορκῶν
876 5217 905 5269 6
958 5217 1160 5286 Ἰησοῦς
1199 5208 1351 5281 οὗτος
1386 5220 1480 5289 τὴν
1520 5220 1753 5291 Ἰεριχῶ,

201 5308 385 5361 πάντα
414 5304 483 5356 τά
511 5305 569 5356 ὲν
606 5305 741 5376 αὐτῇ
775 5304 1018 5378 ἀνάθεμα
1060 5306 1415 5378 ἐπηγγείλατο
1451 5303 1586 5362 εῖναι
1615 5309 1751 5380 Θεῷ.

212 5393 551 5455 Ἐαλωκυίας
575 5393 631 5447 δὲ
654 5395 753 5465 τῆς
787 5395 1007 5458 πόλεως,
1039 5397 1067 5449 6
1100 5396 1296 5466 Ἀχαρ,
1335 5396 1529 5468 χρυσὸν
1569 5398 1661 5451 καί
1702 5414 1754 5451 τι

198 5487 434 5555 ὕφασμα
484 5482 841 5552 ἀφελόμενος,
876 5484 1175 5554 κατέχωσεν
1218 5485 1353 5538 αὺτά
1386 5487 1442 5538 ὲν
1470 5488 1537 5556 τῇ
1583 5489 1750 5556 σκηνῇ

198 5573 391 5629 αὐτοῦ.
440 5569 809 5642 Ὀργισθέντος
830 5571 884 5623 δὲ
916 5571 1007 5624 τοῦ
1038 5570 1169 5624 Θεοῦ
1197 5572 1282 5624 διὰ
1312 5571 1483 5634 τοῦτο,
1519 5573 1749 5643 ἡττήθη-

200 5680 301 5716 σαν
346 5661 483 5731 μετά
512 5658 683 5712 ταῦτα
713 5659 769 5710 ἐν
797 5659 1009 5729 πολέμῳ
1038 5661 1086 5713 οί
1133 5662 1475 5732 Ἰσραηλῖται,
1517 5662 1610 5716 καὶ
1629 5662 1750 5717 ιτα·

199 5760 300 5805 σογ
326 5750 530 5803 πολλοί.
580 5749 912 5815 Ζητουμένοο)
952 5750 1003 5801 δι
1036 5751 1202 5802 αἰτίου
1235 5752 1326 5817 τῆς
1369 5752 1456 5804 τοῦ
1488 5752 1616 5804 Θεοῦ
1661 5752 1749 5819 ὀρ-

1917 5121 2115 5178 Zuma.
2165 5124 2430 5193 Scriptum
2469 5128 2633 5181 estin
2677 5130 2816 5188 libro
2863 5131 2989 5189 Jesu
3038 5132 3202 5201 Nare,
3242 5140 3389 5206 quod

1849 5228 1969 5267 eum
2028 5215 2298 5270 obsideret
2337 5215 2497 5272 Jesus
2539 5218 2775 5287 Jericho,
2817 5239 3154 5295 quaecunque
3203 5216 3257 5282 in
3299 5228 3389 5285 illa

1847 5312 2021 5368 erant,
2051 5302 2158 5358 Deo
2188 5306 2429 5361 dedicata
2456 5311 2838 5376 pronuntiavit.
2872 5312 3186 5385 Expugnata
3209 5327 3388 5373 autem

1849 5390 1999 5454 urbe,
2039 5390 2219 5447 Achar
2251 5394 2465 5449 sublato
2503 5410 2636 5451 auro
2669 5412 2733 5452 ac
2773 5400 3002 5467 quodam
3032 5402 3383 5469 indumento,

1846 5478 1935 5534 illa
1955 5478 2007 5532 in
2035 5481 2486 5547 suotabernaculo
2498 5470 2894 5551 defodit.Quam
2913 5488 2982 5542 ob
3004 5504 3223 5545 causam
3247 5490 3385 5546 irato

1846 5564 1973 5628 Deo.
2011 5566 2136 5621 victi
2169 5581 2291 5623 sunt
2333 5571 2385 5623 in
2418 5571 2557 5624 bello
2587 5581 2709 5641 post
2752 5575 2864 5629 haec
2894 5574 3168 5640 Israelita,
3203 5579 3381 5633 multio

1846 5669 1948 5719 que
1992 5656 2247 5712 cecidere.
2285 5656 2452 5714 Porro
2502 5675 2624 5715 eum
2660 5661 2854 5716 divinae
2898 5665 3185 5721 iracundia:
3218 5684 3379 5724 causa

1846 5754 2185 5813 quereretur.
2207 5750 2385 5803 missis
2416 5752 2645 5806 sortibus
2669 5752 2839 5807 Achar
2863 5765 2941 5806 est
2975 5757 3262 5825 iesignatus
3286 5774 3379 5814 sae
