4124 6462
2326 22 2862 29 Μ

274 310 381 376 533
1174 324 1245 385 IN
1284 327 1517 392 El'IST.
1559 331 1620 395 S.
1660 333 2038 398 ΟιιΕῦοιιιι
2077 339 2508 406 Νιιυοάξδλιι.

264 444 559 545 εὑρέσεως·
616 451 765 520 πόσῳ
819 453 1012 521 μᾶλλον
1062 457 1263 525 ὀφείλει
1309 462 1338 513 ό
1378 462 1549 533 εὑρὼν
1590 465 1793 535 ἀδελφοὶ

1882 473 2100 520 ιριιτειιι
2129 484 2143 520 :
2173 478 2374 536 quanto
2413 471 2584 539 magis
2613 473 2771 529 debet
2805 476 2848 530 is
2876 480 2967 545 qui
3008 496 3094 534 res
3124 483 3324 539 invenit
3348 484 3457 540 {rae

272 529 565 639 Guozu‘éoﬁv
578 555 657 600 τος
689 541 779 593 καὶ
811 544 1379 620 αἰχμαλωτισθένταςῆ
1411 529 1502 603 καὶ
1532 529 1793 622 φεύγοντος

1911 556 2010 607 tris
2039 556 2261 611 adversa
2290 558 2505 614 fortuna
2543 565 2765 630 utentis,
2799 574 2850 619 et
2879 570 2931 619 iu
2963 574 3326 639 captivitatem
3367 580 3457 629 ab-

270 622 400 727 τους
450 623 783 727 βαρβάρους,
838 632 1154 702 πράγματα,
1215 639 1307 691 καὶ
1362 642 1500 694 κατὰ
1552 646 1793 714 τοσαύτηπ

1907 646 2074 711 ducti,
2096 649 2173 702 vel
2191 649 2445 706 barbaros
2465 652 2739 722 fugientis,
2766 667 2819 711 et
2846 660 2934 727 qui
2964 661 3014 713 in
3048 673 3190 717 tanta
3229 672 3454 721 necessi-

268 710 514 781 ἀνάγκην
550 715 858 787 ἀτημέλητα
898 721 1276 788 καταλιπόντος
1326 729 1391 781 τὰ
1438 731 1631 797 οἰκεῖα,
1678 710 1800 787 ἀπο-

268 797 527 890 καθιστᾷν
572 802 706 856 αὐτὰ
749 807 883 876 πρὸς
930 808 989 861 τὸ
1040 811 1201 881 μέρος
1256 815 1347 867 τοῦ
1398 817 1538 871 οὕτω
1580 820 1811 890 δυσπραα

264 885 489 953 γοῦντος
536 890 853 960 ἀνθρώπους
909 897 1017 949 Καὶ
1057 900 1086 950 ὁ
1136 899 1233 967 μὲν
1282 901 1433 968 ἆγιος
1486 907 1654 959 ταῦτα
1698 885 1786 961 ὲθέ

268 988 455 1025 σπισε’
504 976 594 1027 καὶ
633 978 824 1048 ἐφεξῆς
877 981 1111 1035 διδάσκει
1154 985 1268 1048 πῶς
1300 988 1597 1055 ὀφείλουσιν
1643 994 1812 1046 ὲπιτιν-

268 1062 469 1129 μεῖσθαι
506 1064 559 1114 οἵ
596 1079 654 1115 τε
708 1066 1044 1135 ἁρπάσαντες
1096 1070 1163 1122 τά
1211 1075 1432 1129 τοιαῦτα
1491 1081 1809 1150 πράγματα,

264 1150 359 1202 καὶ
385 1151 433 1202 oi
459 1152 531 1221 μὴ
566 1152 915 1222 ἁρπάζοντες,
956 1159 1089 1212 άλλά
1130 1163 1402 1232 εὑρόντεςο
1445 1167 1579 1237 πρὸς
1616 1169 1672 1221 δὲ
1719 1172 1810 1224 καὶ

258 1243 312 1293 oi
373 1244 507 1311 μετὰ
569 1244 667 1315 τὴν
724 1245 937 1317 εὕρεσιν
1000 1253 1074 1319 μὴ
1128 1252 1595 1320 ἀποκαθιστῶντες
1650 1261 1805 1314 αὐτά.

272 1331 332 1384 '0
370 1332 424 1384 δὲ
476 1333 743 1398 πολιτικὸς
779 1336 939 1406 νόμος
982 1340 1143 1409 φησὶν
1175 1342 1230 1394 ὲν
1261 1343 1450 1413 θέματι
1474 1345 1535 1409 ε’,
1581 1345 1676 1400 τοῦ
1721 1352 1809 1417 μγ’

254 1421 574 1488 κεφαλαίου,
623 1423 715 1476 τοῦ
752 1424 828 1495 ιβ’
873 1424 1072 1492 τίτλου,
1120 1428 1213 1480 τοῦ
1250 1430 1335 1495 '5"
1361 1431 1587 1501 βιϐλίου,
1637 1436 1808 1488 ταῦτα

257 1512 468 1580 ῥητῶς·
506 1513 561 1565 '0
581 1512 643 1565 τδ
676 1513 950 1585 ἀλλότριον
992 1519 1217 1588 πρᾶγμα
1244 1523 1567 1591 ἐρριμμένον
1602 1523 1807 1592 λαμϐά-

254 1615 362 1651 νων
384 1601 473 1651 ὲπὶ
486 1600 561 1671 τῷ
577 1602 849 1671 κερδᾶναι,
872 1604 975 1657 κᾶν
996 1607 1159 1677 ἀγνοῇ
1190 1610 1328 1674 τίνος
1345 1612 1508 1673 ἐστὶν,
1528 1614 1805 1667 ὑπόκειται

251 1694 323 1759 τῇ
373 1691 498 1760 περὶ
554 1692 757 1762 κλοπῆς
798 1696 1007 1765 ἀγωγῇ·
1065 1702 1112 1748 ει
1168 1698 1241 1767 μὴ
1270 1699 1377 1769 ἄρα
1408 1701 1739 1770 ἀπρονόητον
1773 1705 1801 1756 6

252 1778 515 1849 δεσπότης
547 1778 725 1834 εἴασεν
773 1784 932 1835 αὐτό·
992 1785 1111 1836 τότε
1151 1787 1259 1858 γάρ
1300 1789 1401 1841 κᾶν
1446 1790 1519 1852 ὡς

252 1868 386 1919 αὐτὸ
405 1868 611 1931 ἐλαϐεν,
647 1870 829 1941 ἐπειδὴ
878 1873 1147 1927 ἐπαύσατο
1169 1876 1329 1929 αὐτοῦ
1363 1874 1518 1941 εἶναι,
1546 1879 1643 1949 οὐχ
1677 1882 1805 1933 ὑπό-

250 1972 450 2009 κειται.
485 1959 670 2030 Κλοπὴ
702 1961 809 2031 γὰρ
847 1965 907 2015 οὐ
941 1965 1146 2029 γίνεται
1182 1967 1256 2037 μὴ
1288 1967 1435 2031 ὖντος
1478 1970 1568 2022 τοῦ
1599 1972 1800 2043 κλοπὴν

251 2045 637 2116 ὑφισταμένου.
689 2050 749 2102 Εἰ
790 2050 845 2102 δὲ
890 2052 951 2103 τὸ
986 2054 1059 2124 μὴ
1099 2055 1157 2108 ὃν
1186 2058 1511 2128 ἀπρονόητον
1558 2060 1801 2131 ἐνόμισεν

247 2136 609 2206 ἀπρονόητον,
648 2140 745 2192 οὐκ
788 2139 900 2193 ἐστι
955 2143 1209 2215 κλέπτης·
1241 2150 1288 2199 εί
1333 2148 1389 2200 δὲ
1426 2149 1499 2219 μὴ
1521 2145 1587 2219 ἦν
1627 2151 1799 2222 ἀπρο-

246 2225 454 2294 νόητον,
515 2228 649 2296 μήτε
693 2230 957 2299 ἐνόμισεν,
980 2232 1145 2286 ¹ἕλαόε
1176 2236 1254 2298 δὲ,
1286 2237 1375 2288 ἐπὶ
1398 2238 1474 2306 τῷ
1512 2238 1691 2293 δοῦναι
1719 2240 1797 2312 τῷ

246 2316 617 2386 εὑρισκομένῳ
665 2317 913 2389 δεσπότῃ,
948 2322 1045 2391 οὐχ
1100 2324 1377 2379 ὑπόκειται
1415 2329 1479 2397 τῇ
1511 2329 1636 2399 περὶ
1668 2331 1792 2383 κλοι-

246 2406 355 2473 πῆς
381 2408 588 2477 ἀγωγῇ,
623 2409 724 2461 κᾶν
746 2409 974 2479 εὖρετρα
1000 2412 1155 2482 λάϐῃ.
1189 2414 1457 2478 Ὡσαύτως
1486 2418 1577 2469 καὶ
1620 2413 1680 2467 τὸ
1704 2413 1783 2482 Ea.’

246 2512 372 2563 κεφ.
398 2496 489 2547 τοῦ
533 2504 580 2563 γ’
615 2499 789 2550 τίτλου
835 2498 927 2551 τοῦ
965 2504 1006 2552 ν’
1034 2500 1233 2569 βιὸλίου
1256 2502 1394 2557 οὕτω
1424 2504 1787 2576 διαλαμϐάνει·

258 2582 381 2633 Ἐάν
414 2600 494 2644 τις
543 2584 769 2647 ἀπόντος
822 2588 1049 2657 πρᾶγμα
1096 2590 1319 2659 κατέσχε
1377 2592 1650 2660 σχολάζον,
1693 2595 1791 2647 οὐκ

242 2670 467 2739 ἑνήγετο
494 2670 553 2722 τὸ
577 2672 800 2725 παλαιὸν
828 2676 861 2744 ἢ
891 2675 967 2744 τῷ
995 2678 1119 2747 περὶ
1146 2677 1263 2746 βίας
1299 2682 1728 2753 παραγγέλματι,
1755 2685 1787 2756 ἢ

241 2757 341 2825 τῷ,
378 2761 550 2830 Ὅπερ
594 2760 681 2831 βίᾳ
710 2762 743 2833 ἢ
779 2763 970 2836 λάθρα,
1001 2769 1048 2818 εί
1079 2768 1152 2837 μὴ
1182 2769 1292 2839 ἄρα
1319 2770 1476 2838 τῇτὰ
1510 2772 1613 2825 ἴδια
1650 2775 1788 2826 ἐκδι-

241 2850 414 2923 κούσῃ
433 2853 642 2921 ἀγωγῇ,
678 2855 733 2906 ἐν
761 2844 804 2919 ᾧ
836 2855 1095 2925 δεσπότης
1117 2852 1182 2927 ἦν
1207 2862 1234 2910 ό
1258 2857 1430 2910 ἀπών.
1474 2859 1655 2929 Ἡμεῖς
1677 2859 1786 2926 οὖν,

240 2940 317 3004 ὡς
339 2942 506 3011 νομέα
539 2944 682 3008 ὄντα,
738 2944 1033 3015 βουλόμεθα
1068 2952 1382 3019 κρατεῖσθαι
1412 2953 1488 3021 τῷ
1522 2955 1646 3024 περὶ
1671 2954 1788 3024 βίας

239 3032 442 3100 γενικῷ
477 3036 910 3105 παραγγέλματν
945 3037 1147 3104 γελοῖον
1186 3040 1292 3110 γάρ
1336 3044 1451 3094 ἐστι
1502 3045 1563 3096 τὸ
1592 3044 1787 3113 λέγειν,

1907 743 2015 791 tate
2035 752 2133 791 sua
2152 740 2388 808 neglecta
2413 744 2646 812 reliquit.
2661 761 2753 801 eas
2776 757 2881 801 tam
2903 750 3100 805 infortu
3111 765 3230 808 nato
3248 758 3448 811 homini

1903 829 2222 883 restituere?
2248 832 2422 899 Atque
2448 834 2560 887 lucc
2589 837 2801 903 quidem
2831 850 3046 894 sanctus
3073 843 3319 898 describit
3350 863 3362 898 :
3397 863 3451 900 et

1902 916 2056 972 docet
2076 918 2326 988 deinceps
2339 926 2609 989 quomodo
2624 926 2794 993 puniri
2819 928 3062 993 debeant,
3080 940 3131 983 et
3152 934 3241 999 qui
3260 950 3341 988 res
3356 950 3447 987 eas

1904 1002 2214 1072 rapuerunt,
2236 1019 2287 1062 et
2322 1010 2412 1078 qui
2434 1026 2539 1065 non
2574 1026 2881 1082 rapuerunt,
2907 1019 2995 1071 sed
3034 1019 3368 1084 invenerunt,
3393 1034 3446 1076 et

1903 1095 1998 1161 qui
2028 1106 2308 1165 postquam
2338 1099 2655 1156 invenerunt
2689 1118 2781 1157 eas
2806 1121 2910 1157 nun
2941 1110 3305 1162 restituerunt.
3337 1110 3440 1165 Lex
3540 1092 3549 1099 ~

1897 1194 2079 1238 autem
2108 1186 2281 1241 civilis
2320 1188 2433 1242 bmc
2464 1204 2718 1258 expresse
2742 1194 2871 1247 dicit
2915 1194 2965 1246 in
2995 1197 3224 1252 themate
3248 1200 3299 1260 5.
3322 1215 3439 1269 cap.

1880 1276 1985 1341 43,
2022 1276 2101 1330 tit.
2140 1277 2225 1341 1-2,
2257 1278 2351 1333 lib.
2384 1295 2450 1332 ιι
2479 1297 2491 1332 :
2529 1281 2633 1346 Qui
2662 1298 2771 1337 rem
2804 1286 3032 1340 alienam
3063 1289 3319 1355 abjectam
3348 1306 3441 1345 ac-

1896 1364 2043 1432 cipit,
2089 1374 2147 1419 ut
2185 1380 2303 1420 eam
2343 1368 2601 1434 lucretur,
2644 1373 2854 1427 etiamsi
2897 1375 3107 1443 ignorat
3137 1380 3292 1447 cujus
3331 1381 3437 1443 sit,

1892 1464 1974 1509 est
2000 1454 2128 1511 furti
2158 1458 2353 1511 actioni
2388 1459 2655 1515 obnoxius
2682 1480 2695 1514 :
2727 1465 2829 1518 nisi
2862 1465 3000 1520 forte
3033 1466 3283 1521 dominus
3317 1488 3435 1522 eum

1892 1544 1965 1597 ita
1996 1544 2290 1613 reliquerit,
2322 1555 2380 1599 ut
2413 1546 2569 1615 cujus
2600 1550 2799 1603 nullam
2844 1568 3028 1606 curam
3073 1568 3236 1623 gerat.
3286 1556 3435 1610 Tune

1889 1634 2031 1687 enim
2073 1635 2282 1690 etiamsi
2306 1645 2364 1689 ut
2393 1650 2455 1689 ea
2495 1641 2679 1691 iurans
2710 1643 2933 1708 ceperit,
2976 1645 3231 1711 quoniam
3269 1648 3435 1713 ipsius

1888 1738 2009 1776 esse
2039 1724 2219 1786 desiit,
2246 1723 2373 1778 l‘urtt
2400 1740 2503 1777 non
2529 1735 2759 1780 tenetur.
2793 1726 2909 1782 Non
2938 1733 3079 1783 enim
3114 1732 3172 1784 ﬁt
3210 1733 3429 1798 furtum,

1564 1791 1803 1894 ’ξλέτξταξν
1832 1802 1870 1855 Β
1889 1813 1994 1867 nisi
2028 1814 2097 1866 sit
2128 1815 2214 1869 eui
2246 1814 2446 1869 furtum
2490 1818 2598 1869 liat.
2644 1818 2698 1869 Si
2727 1827 2905 1871 autem
2935 1822 3078 1888 quod
3105 1838 3205 1875 non
3232 1836 3313 1878 est
3340 1841 3434 1894 pro

1888 1900 2143 1955 derelicto
2170 1901 2437 1966 habitum,
2476 1920 2571 1973 pro
2617 1904 2871 1965 derelicto
2908 1922 3026 1962 esse
3052 1908 3290 1963 habitum
3317 1929 3432 1965 ext—

1889 1993 2145 2058 stimavit,
2195 2008 2298 2046 non
2346 2006 2428 2049 est
2463 1996 2582 2059 fur;
2618 1996 2861 2048 siautem
2908 2010 3006 2049 nec
3048 2013 3145 2065 pro
3180 2000 3433 2055 derelicto

1887 2082 2203 2148 habebatur,
2236 2099 2334 2137 nec
2359 2098 2452 2151 pro
2474 2084 2725 2137 derelicto
2760 2084 2941 2137 haberi
2973 2087 3317 2150 existimavit,
3337 2105 3427 2142 ae—

1872 2166 2207 2232 cepitautem
2224 2176 2284 2221 ut
2302 2166 2524 2221 domino
2542 2166 2760 2220 invento
2782 2166 3053 2234 redderet,
3070 2166 3279 2220 actione
3299 2166 3425 2218 furti

1874 2271 1982 2311 non
2036 2267 2268 2323 tenetur,
2298 2257 2514 2313 etiamsi
2543 2260 2650 2328 30
2692 2274 2791 2327 pro
2846 2256 3160 2310 inventione
3192 2255 3425 2323 pretium

1881 2346 2165 2414 acceperit.
2187 2343 2441 2397 Similiter
2460 2353 2511 2396 et
2532 2342 2592 2397 61
2625 2358 2738 2410 cap.
2754 2382 2767 2406 ,
2787 2343 2820 2395 5
2838 2342 2945 2407 tit.,
2963 2357 2992 2393 ι.
3014 2342 3107 2394 lib.
3132 2343 3211 2396 sic
3223 2343 3385 2396 habet
3409 2361 3424 2396 :

1882 2436 1938 2489 Si
1978 2436 2100 2505 quis
2125 2435 2364 2489 absentis
2392 2448 2503 2487 rem
2536 2445 2812 2486 vacantem
2844 2434 3192 2500 detinuisset,
3218 2448 3323 2486 non
3350 2443 3428 2486 te-

1880 2528 2108 2580 nebatur
2148 2526 2276 2579 olim
2327 2525 2411 2578 vel
2466 2524 2749 2578 interdicto
2799 2525 2865 2577 de
2896 2524 2967 2588 vi,
3006 2523 3086 2576 vel
3121 2523 3421 2586 interdicto,

1878 2614 2035 2682 Quod
2059 2616 2106 2669 vi
2131 2626 2223 2669 aut
2255 2615 2418 2679 clam,
2453 2614 2557 2668 nisi
2590 2615 2861 2682 utiquerei
2893 2613 3265 2673 viudieatione,
3291 2628 3429 2680 qua—

1879 2712 2036 2756 tenus
2062 2702 2257 2755 absens
2287 2709 2402 2754 erat
2427 2696 2697 2754 dominus.
2743 2698 2851 2753 Nos
2873 2714 2997 2769 ergo
3024 2700 3270 2751 volumus
3301 2716 3420 2752 eum

1880 2798 1937 2842 ut
1962 2788 2054 2858 qui
2079 2790 2149 2841 sit
2171 2801 2475 2855 possessor,
2502 2787 2734 2856 generali
2760 2787 2825 2839 de
2846 2788 2897 2839 \i
2922 2787 3204 2839 interdicto
3231 2790 3418 2841 teneri.

1878 2876 1974 2929 Est
1998 2880 2140 2928 enim
2166 2874 2450 2928 ridiculum
2476 2874 2653 2928 dicere
2680 2875 2821 2942 quod
2851 2877 3123 2943 preprium
3146 2877 3423 2929 existima-

1876 2968 2006 3022 bant
2051 2968 2102 3020 id
2146 2966 2287 3034 quod
2334 2975 2416 3020 est
2460 2966 2692 3019 alienum
2722 2966 3207 3033 :quenradtnodmn
3257 2974 3309 3019 et
3355 2969 3422 3019 de

1878 3056 2010 3111 furti
2039 3056 2088 3109 in
2121 3056 2341 3125 duplum
2383 3056 2593 3108 actione
2633 3054 2889 3118 diximus,
2934 3056 3075 3123 quod
3114 3056 3205 3123 qui
3232 3067 3420 3123 praeter

240 3121 324 3173 ὅτι
358 3122 599 3191 ἐνόμιζον
628 3125 752 3178 ίδιον
802 3126 863 3179 τὸ
890 3127 1181 3198 ἀλλότριονο
1216 3128 1400 3201 ὥσπερ
1432 3128 1522 3185 οὖν
1553 3134 1643 3186 καὶΙ
1698 3136 1788 3187 ἐπὶ

1882 3147 2082 3202 domini
2114 3121 2430 3201 sententiam
2453 3160 2515 3198 ac
2536 3144 2859 3198 voluntatem
2884 3154 3199 3199 contrectat.
3219 3144 3417 3197 furtum

238 3212 338 3280 τῆς
365 3214 486 3282 περὶ
514 3214 714 3285 κλοπῆς
756 3217 835 3279 εἰς
884 3217 943 3269 τὸ
980 3217 1254 3272 διπλάσιον
1301 3221 1518 3292 ἀγωγῆς
1546 3223 1787 3293 εἴπομεν,

239 3300 374 3355 ὅτιό
420 3304 567 3373 παρὰ
599 3304 817 3376 γνώμην
845 3306 938 3358 τοῦ
972 3308 1225 3361 δεσπότου
1281 3311 1539 3379 ψηλαφῶν
1589 3312 1790 3385 κλοπὴν

239 3390 564 3461 ἁμαρτάνει.
615 3394 797 3447 Ταῦτα
840 3396 896 3448 δέ
928 3413 1123 3466 φαμεν,
1158 3399 1250 3452 ἐὰν
1282 3403 1353 3470 μὴ
1387 3405 1790 3470 τριακονταετία

240 3482 513 3551 παρῆλθεν
544 3483 603 3547 ἐξ
634 3479 693 3536 οὗ
725 3487 822 3555 τῆς
854 3488 1020 3557 νομῆς
1057 3488 1361 3542 ἐπελάϐετο.
1393 3493 1699 3560 Σημείωσαι
1725 3496 1791 3549 τὰ

238 3572 472 3625 ἐνταῦθα
528 3577 880 3645 γεγραμμένα
939 3579 1064 3648 περὶ
1120 3578 1229 3631 τῶν
1287 3584 1622 3651 πραγμάτων
1684 3585 1789 3637 τῶν

237 3662 609 3734 αἶχμαλώτων.
656 3667 943 3734 ’Δνάγνωθι
972 3669 1061 3720 καὶ
1088 3668 1223 3737 βι6λ.
1252 3669 1342 3735 λό’,
1392 3688 1491 3723 τιτ.
1539 3679 1607 3736 α’,
1660 3690 1781 3742 κεφ.

242 3752 330 3815 ιζ’,
367 3755 541 3821 λέγον·
590 3755 725 3819 Τοὺς
758 3753 1155 3826 ἀναληφθέντας
1186 3759 1331 3831 παρὰ
1382 3761 1485 3812 τῶν
1529 3763 1789 3832 πολεμίων

237 3844 441 3913 ἀγροὺς
471 3846 521 3897 οἱ
554 3845 740 3917 πρώην
770 3845 1203 3917 ἄναλαμὸάνουσι
1227 3849 1496 3904 δεσπόταν
1520 3854 1578 3903 οὐ
1601 3854 1707 3923 γάρ
1732 3855 1788 3906 ἐν

236 3936 388 4000 τάξει
421 3936 810 4007 πραίδαςιείσὶν
845 3937 963 3990 οὐδὲ
1005 3937 1246 4008 δημόσιοι
1292 3940 1544 4006 γίνονται.
1576 3944 1649 3995 Οὐ
1683 3942 1788 4015 γάρ

234 4026 345 4077 τῶν
378 4026 649 4095 πολεμίων
673 4025 1087 4095 λαμϐανόμενοι,
1123 4028 1354 4095 γίνονται
1392 4030 1653 4101 δημόσιοι.
1688 4034 1789 4102 Ση-

240 4116 469 4185 μείωσαι
495 4110 607 4177 οὖν,
642 4116 720 4167 ὅτι
754 4116 846 4167 καλ⁵
874 4116 981 4168 ἀπὸ
1012 4117 1118 4169 τῶν
1153 4120 1387 4171 κανόνων
1429 4121 1519 4173 καὶ
1547 4122 1652 4174 ἀπὸ
1682 4122 1788 4176 τῶν

235 4206 416 4275 νόμων
441 4206 502 4257 οὐ
537 4205 682 4274 μόνοι
715 4207 764 4256 oi
792 4205 861 4257 τὰ
913 4206 1018 4258 τῶν
1071 4208 1607 4276 αίχμαλωτισθέντων
1653 4214 1783 4266 ἀπο-

239 4295 504 4357 συλῶντες
548 4295 580 4364 ἢ
624 4295 954 4365 ἁρπάζοντες
1001 4298 1312 4362 κολάζονται
1357 4302 1447 4353 καὶ
1498 4302 1780 4371 ἐνέχονται,

1878 3239 2179 3293 committit.
2218 3234 2343 3290 Hmc
2388 3246 2567 3289 autem
2604 3234 2836 3288 dicimus
2868 3236 2971 3288 nisi
3007 3251 3113 3288 nx
3158 3250 3420 3289 annorum

1878 3329 2109 3396 spatium
2154 3326 2484 3395 praeterierit,
2532 3342 2598 3378 ex
2644 3340 2751 3393 quo
2794 3326 3185 3392 [lOSSCS>i0|lCIll
3233 3341 3423 3394 appre-

1879 3417 2081 3471 hendit.
2122 3415 2255 3470 Nota
2302 3432 2421 3484 qua:
2463 3417 2545 3469 hic
2574 3416 2639 3467 de
2674 3416 3007 3483 captivorum
3043 3417 3202 3467 rebus
3228 3416 3421 3483 scriptu

1880 3515 2026 3560 sunt.
2056 3504 2193 3574 Lege
2225 3506 2381 3558 etiam
2406 3506 2497 3557 lib.
2532 3519 2715 3567 xxxrv,
2750 3504 2831 3556 tit.
2858 3504 2906 3567 l,
2936 3519 3054 3571 cap.
3088 3504 3169 3567 l7,
3198 3506 3377 3558 dicem
3406 3522 3419 3559 :

1878 3591 2142 3663 Beceptos
2166 3595 2232 3647 ab
2264 3593 2508 3646 hostibus
2533 3607 2712 3659 agros,
2742 3592 2832 3658 qui
2864 3592 3011 3659 prius
3041 3603 3189 3644 erant
3223 3594 3427 3646 domini

1882 3687 2143 3753 recipiunt
2170 3700 2183 3748 ;
2214 3699 2317 3737 non
2352 3683 2494 3736 enim
2515 3683 2632 3735 loco
2660 3683 2851 3750 praeda:
2879 3694 3023 3745 Sunt,
3056 3697 3226 3750 neque
3254 3684 3427 3750 publi-

1881 3783 2091 3827 cautur.
2123 3771 2226 3837 Qui
2257 3788 2321 3826 ex
2359 3772 2604 3825 hostibus
2636 3772 2779 3825 enim
2814 3772 3116 3839 rapiuntur,
3155 3787 3257 3824 non
3292 3771 3428 3824 ﬁunt

1880 3863 2104 3931 publici.
2133 3860 2268 3916 Nota
2303 3877 2431 3931 ergo
2459 3861 2601 3931 quod
2626 3864 2788 3914 etiam
2818 3869 2871 3914 et
2892 3862 3187 3914 eanouibus
3215 3869 3268 3913 et
3296 3861 3427 3929 legi-

1879 3955 1998 4016 bus,
2033 3968 2139 4006 non
2175 3954 2349 4006 solum
2376 3952 2468 4021 qui
2499 3954 2832 4021 captivorum
2867 3967 2953 4006 res
2982 3952 3351 4019 depraedantur
3376 3961 3429 4003 ct

1875 4043 2163 4110 diripiunt,
2207 4042 2503 4109 puniuntur
2544 4052 2599 4095 et
2641 4052 2918 4107 tenentur;
2947 4042 3038 4097 sed
3075 4042 3235 4094 etiam
3267 4042 3301 4092 it
3334 4041 3430 4107 qui

1880 4148 1994 4187 rem
2038 4132 2364 4186 immobilem
2405 4141 2685 4185 vacantem
2730 4134 3001 4185 invenisse
3033 4147 3090 4184 se
3122 4132 3305 4184 dicunt
3330 4169 3344 4191 ,
3376 4142 3428 4182 et

1879 4239 1983 4277 non
2028 4224 2212 4278 statim
2259 4236 2372 4275 rem
2417 4222 2685 4290 aperiunt,
2717 4231 2769 4274 et
2799 4236 2916 4273 eam
2967 4220 3181 4273 nomine
3224 4219 3428 4271 domini

1879 4319 2183 4388 possident;
2220 4317 2519 4373 secundum
2554 4315 2720 4385 legem
2755 4316 2968 4382 quidem
3008 4312 3426 4365 ecelesiastiram

238 4384 375 4437 ἀλλὰ
408 4385 500 4436 καὶ
530 4386 575 4436 οἱ
608 4385 813 4454 εὗρεμά
838 4402 888 4437 τι
913 4388 945 4455 ἢ
968 4386 1218 4458 ἀκίνητον
1259 4386 1511 4459 σχολάζον
1548 4390 1787 4459 λέγοντες

1882 4384 1960 4463 eis
1980 4384 2291 4478 pteuitentia
2309 4407 2651 4476 injungetur;
2678 4406 2973 4459 secundum
2995 4402 3202 4455 civilem
3226 4410 3421 4461 autem,

239 4476 507 4545 ὲφευρεῖν,
530 4476 621 4527 καὶ
648 4477 719 4546 μὴ
744 4475 940 4529 αὐτίκα
960 4477 1019 4528 τὸ
1046 4481 1271 4547 πρᾶγμα
1293 4481 1584 4549 κατάδηλον
1609 4483 1790 4536 ποιού-

241 4581 414 4634 μενοι,
442 4564 534 4616 xui.
570 4564 918 4631 φυλάττοντες
949 4568 1074 4619 αὐτὸ
1103 4570 1182 4625 εἰς
1208 4569 1373 4638 ὄνομα
1396 4570 1488 4621 τοῦ
1510 4571 1783 4637 δεσπότου,

237 4655 380 4708 κατὰ
420 4654 516 4724 μὲν
558 4654 649 4707 τὸν
705 4656 1148 4727 ἐκκλησιαστικὸν
1192 4660 1348 4728 νόμον
1373 4662 1788 4730 ὲπιτιμηθήσον-

236 4761 343 4810 ται,
376 4744 511 4797 κατὰ
541 4744 593 4796 δὲ
624 4745 714 4797 τὸν
742 4745 1009 4798 πολιτικὸν
1039 4747 1070 4816 ἢ
1100 4746 1175 4809 ὼς
1225 4748 1450 4800 κλόπται
1481 4752 1786 4823 τιμωρηθή-

237 4852 445 4897 σονται,
478 4836 570 4887 ἐάν
594 4837 706 4887 ἐστι
735 4835 795 4887 τὸ
824 4838 1050 4905 πρᾶγμα
1070 4839 1302 4905 κινητὸν,
1338 4836 1368 4906 ἢ
1402 4838 1475 4907 τῷ
1509 4840 1634 4909 περὶ
1671 4840 1786 4910 βίας

237 4923 679 4994 παραγγέλματι,
727 4923 819 4975 ἐάν
850 4924 994 4975 ἐστιν
1028 4926 1297 4995 ἀκίνητον.
1340 4928 1500 4979 Ὀταν
1539 4928 1593 4980 δὲ
1621 4931 1793 5000 ἀπρο-

238 5009 427 5081 νόητόν
464 5010 577 5059 ἐστι
600 5012 659 5060 τὸ
684 5009 918 5078 εὑρεθὲν,
954 5010 1013 5061 τὸ
1047 5013 1196 5081 παρὰ
1241 5018 1351 5075 τοῖς
1382 5015 1563 5084 νόμοις
1600 5016 1788 5069 καλού-

242 5114 404 5167 μενον
432 5097 591 5166 προδε
601 5096 859 5166 ρέλικτον,
877 5098 935 5149 οὐ
957 5099 1233 5160 κολάζεται
1255 5105 1562 5171 παρομοίως
1587 5107 1615 5156 ό
1636 5103 1794 5156 τοῦτο

239 5183 547 5253 κατασχὼνο
592 5183 704 5235 ἀλλ’
734 5185 781 5235 εἰ
818 5188 915 5255 μὲν
957 5188 1168 5255 κινητόν
1221 5188 1386 5251 ἔστιν,
1432 5191 1791 5257 ἀναγκάζεται

238 5277 374 5328 αὐτὸ
399 5274 707 5336 ἀποδοῦναι,
735 5278 828 5326 καὶ
860 5276 1034 5344 μόνον,
1063 5278 1108 5327 εί
1134 5278 1206 5346 μὴ
1233 5278 1516 5331 ὲδέσποσεν
1542 5281 1688 5344 αὐτὸ,
1715 5283 1789 5337 ὡς

239 5368 381 5436 καλῇ
406 5365 584 5418 πίστει
633 5364 845 5433 νομεὺς.
896 5366 1041 5428 ἐντὸς
1062 5368 1317 5436 τριετίας·
1350 5368 1474 5420 εἰδὲ
1521 5369 1788 5440 ἀκίνητον.

243 5459 376 5515 αὐτὸ
404 5444 579 5509 ὲκεῗνο
602 5459 663 5509 τὸ
692 5456 1017 5525 κατασχεθὲν
1050 5456 1123 5517 ὡς
1170 5457 1596 5527 προδερέλικτον,
1640 5462 1687 5511 εί
1717 5464 1789 5535 μὴ

241 5548 437 5614 γέγονε
466 5546 653 5598 τούτου
681 5547 962 5615 δεσπότης,
996 5546 1146 5607 ἐντὸς
1177 5548 1472 5609 δεκαετίας.
1508 5547 1782 5618 Σχολάζον-

238 5654 333 5697 τος
355 5636 411 5689 δὲ
444 5638 538 5690 xui
585 5637 914 5704 ἀπρονοήτου
943 5635 1146 5704 μεγάλη
1179 5637 1423 5704 διαιεορά.
1465 5639 1535 5688 Τὸ
1570 5639 1663 5705 μὲν
1687 5638 1789 5704 γὰρ

1885 4500 1968 4555 vel
2007 4509 2063 4554 ut
2098 4498 2247 4552 fures
2280 4498 2599 4566 puniuntur,
2647 4497 2690 4550 si
2721 4511 2806 4548 res
2837 4493 2937 4548 erit
2974 4492 3209 4553 mobilis,
3239 4490 3316 4542 vel
3343 4492 3427 4542 in-

1886 4590 2113 4646 terdicto
2142 4590 2208 4643 de
2240 4590 2313 4652 vi,
2360 4588 2403 4642 si
2454 4588 2554 4641 erit
2606 4584 2915 4639 immobilis.
2961 4582 3186 4647 Quando
3228 4591 3427 4641 autem,

1882 4681 2025 4749 quod
2059 4680 2335 4733 inventum
2369 4679 2667 4747 neglectum
2699 4686 2802 4738 est,
2832 4675 2973 4743 quod
3005 4690 3035 4726 a
3070 4674 3272 4743 legibus
3304 4690 3431 4743 pro-

1883 4770 2196 4824 derelietum
2245 4780 2608 4837 nuncupatur,
2654 4782 2760 4819 non
2793 4766 3037 4820 similiter
3070 4767 3305 4833 punitur,
3339 4768 3431 4833 qui

1889 4860 1939 4913 id
1965 4860 2213 4913 detinuit.
2246 4858 2348 4911 Sed
2386 4861 2429 4912 si
2464 4859 2533 4910 sit
2561 4857 2775 4924 quidem
2823 4871 2907 4909 res
2956 4856 3188 4919 mobilis,
3221 4857 3433 4924 cogitur

1887 4965 2004 5002 eam
2047 4948 2265 5001 domino
2297 4947 2599 5010 restituere,
2650 4956 2701 4999 et
2743 4947 2917 4999 solum
2968 4947 3065 4998 nisi
3099 4946 3214 5012 ejus
3258 4946 3432 5000 derui-

1888 5038 2037 5093 nium
2072 5046 2351 5091 assecutus
2380 5038 2468 5098 sit,
2502 5047 2558 5089 ut
2599 5037 2752 5089 bona:
2795 5036 2916 5089 lidei
2957 5052 3257 5103 possessor,
3293 5038 3431 5090 intra

1887 5127 2207 5191 triennium;
2262 5127 2305 5180 si
2346 5136 2522 5179 autem
2560 5126 2688 5179 illud
2724 5126 3012 5182 immobile,
3045 5129 3184 5194 quod
3219 5144 3312 5194 pro
3341 5128 3434 5180 de-

1888 5216 2075 5270 relieto
2101 5217 2376 5269 detentum
2426 5225 2527 5277 est,
2579 5215 2681 5267 nisi
2723 5214 2838 5281 ejus
2862 5215 3033 5268 factus
3064 5217 3131 5268 sit
3160 5217 3432 5277 dominus,

1890 5306 2028 5360 intra
2055 5304 2394 5358 decennium.
2440 5304 2689 5356 Vacanlis
2717 5312 2917 5366 autem,
2946 5314 2997 5356 et
3026 5306 3141 5370 ejus
3170 5306 3311 5373 quod
3341 5321 3435 5370 pro

1891 5396 2146 5457 derelicto
2176 5395 2418 5449 habetur.
2449 5408 2637 5460 magna
2667 5402 2747 5445 est
2772 5393 3089 5446 dill‘ereulia.
3115 5395 3266 5458 Quod
3293 5398 3434 5445 enim

1894 5496 2069 5546 vacat,
2132 5486 2311 5537 animo
2368 5483 2724 5550 possidemus,
2778 5484 2986 5537 etiamsi
3040 5484 3089 5535 id
3116 5484 3436 5536 naturaliter

1893 5589 1999 5630 non
2036 5575 2402 5638 possidemus;
2439 5573 2581 5640 quod
2610 5583 2787 5625 autem
2819 5590 2916 5643 pro
2943 5575 3215 5633 derelicto.
3241 5590 3335 5626 nec
3361 5574 3433 5627 ci-

1896 5667 2089 5721 vrlitcr.
2117 5680 2211 5718 nec
2247 5664 2556 5717 naturaliter
2592 5665 2958 5727 possidemus;
2988 5676 3038 5717 et
3073 5664 3190 5717 ideo
3226 5680 3252 5714 ει
3284 5663 3434 5716 buun-
