4124 6462
229 357 334 422 531
1173 349 1252 411 IN
1306 352 1543 416 EPIST.
1582 353 1639 416 S.
1673 354 2060 418 GREGORII
2101 357 2537 419 NEOCJ‘ZSAIL
3360 363 3462 430 538

225 490 323 542 καὶ
355 491 545 544 αὐτόθι
594 490 734 544 ὥστε
767 488 938 553 οὕτως
965 489 1108 561 ὑμᾶς
1157 495 1350 555 ποιεῖν,
1407 493 1500 545 κα)⁵
1544 492 1696 554 τίνας
1722 494 1784 548 δεῖ

1899 489 2008 545 illic
2033 488 2259 552 faciatis,
2291 497 2344 544 et
2363 504 2594 558 quorum
2621 493 3000 548 accusationes
3025 505 3078 548 et
3099 502 3286 549 contra
3312 510 3450 565 quos

235 579 678 649 κατηγοροῦντάς
715 597 874 631 τινων
912 580 1318 650 προσδέχεσθαι,
1379 583 1470 634 καὶ
1497 583 1589 646 οὓς
1636 585 1784 654 ἐκκη·

1895 591 2138 651 Oporteat
2161 581 2476 644 admittatis,
2501 594 2553 638 et
2579 599 2715 652 quos
2743 585 2892 637 decet
2914 584 3176 640 abdicetis
3197 623 3210 645 .
3237 585 3342 640 hoc
3379 595 3456 640 est

239 668 420 738 ρύξαι,
453 671 616 739 ἡγουν
643 669 793 732 τίνας
823 670 920 738 τῆς
958 669 1278 739 Ἐκκλησίας
1316 671 1534 735 ἐξῶσαι,
1583 676 1674 726 καὶ
1697 676 1804 728 τῶν

235 761 449 812 πιστῶν
507 762 758 832 χωρίσαι,
793 761 932 813 ὣστε
966 761 1038 830 μὴ
1075 762 1424 831 συνεύχεσθαι
1481 766 1677 828 αὐτοῖς.
1709 761 1800 819 Τί·

234 866 332 912 νας
365 851 420 902 δὲ
461 851 540 903 δεῖ
593 852 1032 922 κατηγοροῦντας
1084 853 1494 922 προσδέχεσθαι,
1542 857 1601 908 τὸ
1646 857 1800 910 ἐκτον

235 940 525 1006 κεφάλαιον
571 942 670 1008 τῆς
723 941 980 1010 δευτέρας
1041 942 1422 1011 οίκουμενικῆς
1473 945 1686 998 συνόδου
1722 945 1799 999 δι-

231 1030 440 1096 δάσκει.
503 1033 895 1099 ’Δναγνωστέον
921 1037 1012 1088 καὶ
1042 1037 1110 1090 τὰ
1141 1038 1256 1090 ἐκεῖ
1281 1037 1658 1106 γεγραμμένα.

829 1125 1064 1178 ΚΛΝΩΝ
1096 1129 1185 1194 ς’.

311 1231 328 1262 ι
362 1212 494 1282 Περ.
516 1213 622 1264 τῶν
647 1213 734 1283 βίᾳ
767 1215 1101 1283 κατεχόντων
1133 1218 1258 1280 τοὺς
1289 1218 1351 1269 ἐκ
1380 1219 1486 1270 τῶν
1512 1217 1801 1288 βαρϐάρων

237 1321 256 1354 ι
299 1302 692 1372 αἰχμαλώτους.
743 1305 1084 1376 Ἀπηγγέλθη
1114 1306 1170 1359 δέ
1199 1325 1249 1358 τι
1276 1309 1406 1376 ἡμῖν
1435 1309 1527 1360 καὶ
1573 1308 1798 1361 ἄπιστον

237 1412 256 1444 ι
302 1396 358 1446 ἐν
391 1398 456 1464 τῇ
505 1394 654 1465 χώρᾳ
712 1396 863 1464 ύμῶν
909 1398 1215 1464 γενόμενον,
1277 1398 1490 1460 πάντως
1545 1415 1642 1449 που
1693 1398 1798 1451 ὑπὸ

238 1503 258 1534 ι
302 1485 542 1549 ἀπίστων
597 1487 686 1536 καὶ
739 1485 949 1537 ἀσεϐῶν
978 1487 1070 1538 καὶ
1113 1486 1185 1555 μὴ
1216 1487 1430 1539 εἰδότων
1462 1488 1591 1557 μηδέ
1627 1489 1796 1558 δνομα

237 1593 256 1626 ι
297 1577 520 1646 Κυρίου,
557 1578 637 1628 ὅτι
695 1579 801 1647 ἄρα
831 1580 908 1639 εἰς
944 1578 1193 1630 τοσοῦτόν
1233 1595 1375 1641 τινες
1401 1578 1680 1648 ὠμότητος
1704 1580 1796 1632 καὶ

237 1684 256 1716 ι
302 1665 694 1734 ἀπανθρωπίας
729 1665 1140 1735 προεχώρησαν,
1168 1667 1307 1719 ὥστε
1336 1669 1488 1730 τινάς
1530 1671 1654 1731 τοὺς
1680 1669 1796 1722 δια⁴

236 1775 255 1803 ε
295 1757 557 1824 φυγόντας
591 1757 964 1827 αἰχμαλώτους
994 1758 1082 1827 βίᾳ
1107 1759 1376 1827 κατέχειν.
1419 1759 1794 1812 ’Δποστείλατέ

1895 672 2127 740 ejiciatis
2152 671 2219 725 ab
2249 671 2504 737 Ecclesia,
2535 683 2694 741 atque
2724 689 2750 726 a
2783 673 3027 727 ﬁdelibus
3058 675 3368 743 segregetis,
3396 692 3456 732 ne

1897 775 2019 814 cum
2051 760 2182 828 ipsis
2223 777 2328 813 una
2362 771 2668 830 precentur.
2705 760 2874 814 Porro
2905 777 3264 829 quornmnam
3295 781 3458 819 accu-

1895 850 2136 904 sationes
2162 865 2192 903 a
2216 851 2507 904 lmittendzr
2539 854 2667 914 sint,
2695 861 2906 904 sextum
2939 856 3190 908 secunda:
3216 871 3456 909 (Boume-

1893 941 2028 995 nica:
2075 941 2262 1010 synodi
2296 951 2458 1011 caput
2488 943 2664 995 docet.
2724 942 2992 1010 Legantur
3034 945 3196 996 etiam
3229 962 3348 1014 quae
3383 947 3454 1000 ibi

1893 1030 2230 1099 scripsimus.

2068 1106 2078 1114 '
2489 1119 2714 1175 CANON
2770 1119 2856 1174 vL

1966 1228 1985 1262 ι
2025 1211 2099 1264 De
2131 1213 2196 1266 iis
2219 1212 2309 1280 qui
2329 1212 2648 1280 eaptivosex
2677 1211 2920 1264 barbaris
2944 1211 3211 1279 fugientes
3244 1214 3294 1266 vi
3321 1215 3454 1267 deti-

1897 1319 1916 1352 ι
1958 1311 2106 1354 nent.
2140 1301 2522 1355 Denuntiatum
2557 1311 2731 1354 autem
2759 1310 2837 1353 est
2874 1301 3029 1355 nobis
3059 1304 3333 1371 quidpiam
3368 1307 3452 1357 in-

1892 1407 1913 1441 c
1955 1391 2208 1444 credibile
2253 1392 2304 1443 in
2331 1403 2507 1444 vestra
2555 1392 2773 1459 regione
2816 1390 3013 1444 factum
3045 1408 3184 1456 eSse,
3230 1396 3451 1448 omnino

1892 1497 1911 1530 ι
1949 1482 2016 1533 ab
2051 1481 2357 1534 inﬁdelibus
2387 1491 2439 1534 et
2468 1482 2667 1548 impiis,
2693 1493 2743 1534 et
2773 1485 2862 1549 qui
2894 1499 2959 1535 ne
2995 1499 3188 1536 nomen
3231 1486 3449 1552 quidem

1893 1586 1908 1617 ι
1952 1567 2165 1621 Domini
2197 1584 2427 1633 novere;
2484 1570 2626 1637 quod
2673 1572 2916 1623 nonnulli
2945 1586 3009 1624 eo
3040 1573 3449 1629 inlmmanitatis

1891 1677 1910 1708 ι
1950 1660 2390 1725 crudelitatisque
2421 1674 2750 1726 processere.
2779 1669 2835 1711 ιιι
2861 1661 3100 1726 captivos
3122 1663 3332 1729 aliquos
3356 1665 3448 1732 qui

1891 1765 1910 1799 ι
1952 1748 2273 1817 eﬂugerunt,
2316 1750 2364 1801 vi
2423 1751 2689 1803 retineant
2764 1748 2954 1802 Mittite
3011 1753 3223 1819 aliquos
3270 1755 3321 1806 in
3367 1771 3446 1809 re-

237 1868 255 1897 ι
293 1864 441 1909 τινας
468 1849 545 1908 εἰς
573 1849 670 1916 τὴν
697 1847 898 1916 χώραν,
935 1849 1007 1917 μὴ
1039 1849 1131 1899 καὶ
1177 1849 1405 1916 σκηπτοὶ
1440 1849 1675 1902 πέσωσιν
1701 1852 1784 1901 ἐπὶ

1888 1855 1906 1888 ι
1948 1840 2185 1906 gionem,
2239 1855 2306 1892 ne
2361 1839 2442 1893 vel
2492 1839 2712 1892 fulmina
2748 1840 2800 1892 in
2844 1855 2938 1894 eos
2969 1842 3164 1894 cadant
3199 1845 3290 1911 qui
3335 1847 3446 1900 tunc

237 1955 256 1986 ι
295 1938 420 1998 τοὺς
449 1935 516 1987 τὰ
545 1938 765 1988 τοιαῦτα
797 1937 1191 2006 πράσσοντας.»

303 2027 477 2078 ΒΛΛΣ
535 2025 771 2094 Ἐμαθεν
796 2028 823 2077 ό
871 2026 1020 2092 ᾶγιος
1043 2027 1117 2089 ὣς
1138 2045 1279 2090 τινες
1298 2025 1562 2098 όρθόδοξοι
1601 2028 1795 2098 αἰχμά-

227 2117 409 2178 λωτοι,
459 2119 555 2177 τάς
614 2115 951 2186 βαρϐαρικὰς
1002 2121 1187 2187 χεῖρας
1241 2117 1608 2187 διαφυγόντες,
1644 2119 1794 2170 κατέ-

227 2222 412 2275 χονται
436 2205 538 2256 ὑπό
565 2222 722 2256 τινων
753 2205 889 2257 κατὰ
915 2205 1058 2274 βίαν,
1106 2208 1199 2260 καὶ
1251 2209 1311 2260 ού
1347 2209 1792 2280 παραχωροῦνται

225 2295 408 2348 οἴκαδε
440 2294 794 2364 ὑποστρέψαι.
819 2297 984 2364 Φησὶν
1013 2293 1102 2348 οὖν
1138 2298 1270 2369 πρὸς
1301 2297 1392 2360 οὓς
1423 2300 1699 2368 ἀπεστάλη
1730 2299 1791 2350 τδ

226 2384 632 2453 ἐπιστολιμαῖον
665 2383 819 2436 τοῦτο
849 2384 1101 2454 γράμμα,
1133 2386 1205 2448 ὼς
1263 2387 1418 2439 τοῦτο
1446 2389 1536 2440 καὶ
1565 2389 1790 2441 ἄπιστον

226 2475 477 2543 ἐλογίσθη
530 2474 693 2543 αύτῷο
733 2472 888 2545 ἔργον
939 2477 1045 2545 γάρ
1078 2477 1222 2528 ἐστιν
1274 2478 1514 2532 ἀπίστων
1549 2481 1641 2533 καὶ⁵
1668 2480 1790 2532 ἀσε-

225 2565 356 2616 ϐῶν.
390 2565 450 2616 Εἰ
480 2565 534 2616 δέ
568 2565 809 2632 γέγονεν,
841 2566 1187 2634 ἀνεκδίκητον
1215 2569 1313 2619 οὐκ
1342 2567 1511 2622 ἔσται.
1567 2568 1661 2620 Διὸ
1697 2569 1788 2622 καὶ

221 2654 492 2720 ὀφείλουσι
517 2654 585 2704 τὰ
617 2653 741 2722 περὶ
795 2653 980 2705 τούτου
1036 2654 1643 2728 πολυπραγμονηθῆναι,
1696 2659 1786 2711 καὶ

1889 1946 1907 1978 ι
1949 1938 2135 1996 agunt.
2177 1947 2195 1980 ι

1950 2018 2113 2072 Βιιε.
2148 2006 2364 2087 Accepit
2394 2030 2614 2074 sanctus
2637 2021 2778 2089 quod
2811 2022 3028 2089 quidam
3054 2025 3243 2090 captivi
3271 2026 3443 2081 ortho-

1879 2109 2024 2175 doxi,
2055 2121 2343 2178 postquam
2378 2127 2568 2164 manus
2599 2113 2906 2166 barbaricas
2934 2129 3172 2176 evasere,
3203 2117 3250 2166 vi
3279 2131 3307 2167 a
3331 2117 3441 2183 qni-

1880 2201 2106 2254 buadam
2138 2203 2466 2264 detinentur,
2506 2217 2600 2254 nec
2651 2203 2870 2254 domum
2921 2206 3114 2256 reverti
3161 2205 3440 2258 sinuntur.

1877 2289 2017 2344 Dicit
2057 2307 2184 2359 ergo
2213 2292 2296 2354 iis,
2329 2293 2391 2342 ad
2427 2308 2561 2358 quos
2589 2291 2847 2358 scriptum
2877 2295 2977 2344 hoc
3003 2294 3289 2359 epistolare
3313 2295 3441 2349 mis-

1876 2395 1997 2434 sum
2042 2389 2145 2441 est,
2185 2380 2329 2448 quod
2379 2381 2480 2433 hoc
2513 2381 2558 2432 ei
2615 2381 2928 2433 incredibile
2977 2383 3150 2434 visum
3203 2396 3320 2437 est:
3361 2395 3439 2440 est

1875 2473 2019 2525 enim
2070 2471 2360 2523 intidelinm
2395 2480 2447 2523 et
2477 2472 2764 2537 impiorum
2807 2485 2964 2537 opus.
2999 2470 3090 2524 Sin
3133 2484 3312 2528 autem
3352 2475 3434 2528 l'a-

1876 2569 2020 2612 ctum
2046 2568 2147 2618 est,
2183 2575 2287 2610 non
2320 2560 2613 2612 remanebit
2639 2561 2983 2626 impunitum.
3012 2562 3075 2614 Et
3099 2564 3217 2616 ideo
3243 2565 3440 2620 debent

1875 2649 1988 2702 haec
2016 2650 2298 2717 diligenter
2321 2651 2540 2718 inquiri,
2567 2660 2620 2703 et
2653 2652 2793 2703 mitti
2826 2653 2876 2704 in
2906 2655 3176 2721 regionem
3204 2656 3294 2721 qni
3326 2657 3438 2710 hac

221 2735 538 2794 ἀποστεῖλαι
600 2745 678 2804 εἰς
705 2739 1012 2812 τῆν’χώραν
1069 2746 1163 2797 καὶ
1218 2747 1525 2818 ἐρευνῆσαι.
1559 2749 1784 2819 Νομίζω

1871 2748 2300 2806 perscrutentur.
2335 2739 2619 2793 Existimat
2644 2742 2808 2804 enim,
2849 2745 2990 2811 quod
3028 2747 3187 2797 etiam
3234 2745 3436 2802 fulmen

221 2833 332 2901 γὰρ
361 2831 435 2893 ὡς
467 2833 559 2883 καὶ
617 2832 873 2900 σκηπτὸς,
928 2833 1093 2901 ἤγουν
1149 2835 1278 2902 πῦρ,
1312 2837 1375 2889 ἐκ
1422 2837 1514 2889 τοῦ
1562 2838 1784 2909 ούρανοῦ

1871 2839 1964 2880 seu
2012 2829 2150 2896 ignis
2200 2831 2267 2882 sit
2314 2845 2562 2895 casurus,
2606 2841 2660 2884 et
2701 2847 2798 2886 eos
2839 2834 2933 2901 qui
2974 2835 3086 2887 haec
3120 2845 3437 2906 aguntexu-

222 2919 405 2979 ἔπεσε,
433 2923 522 2972 καὶ
551 2919 838 2987 κατέφλεξε
871 2922 994 2984 τοὺς
1025 2922 1194 2975 ταῦτα
1223 2925 1579 2994 πράσσοντας.
1869 2927 2073 2972 sturus.

293 3009 532 3059 ΖΩΝΑΡ.
563 3008 734 3070 Τινές,
767 3011 929 3078 φησὶν
981 3013 1055 3074 ὼς
1089 3014 1379 3082 ἐμάθομεν.
1414 3015 1784 3085 αἰχμαλώτους

1938 3005 2134 3060 Zona.
2176 3006 2448 3072 Nonnulli,
2487 3010 2683 3078 inquit,
2741 3022 2798 3065 ut
2831 3013 3150 3076 didicimus.
3194 3019 3433 3086 captivos

219 3096 576 3164 διαφυγόντας
605 3100 728 3161 τοὺς
755 3100 1063 3169 πολεμίους,
1098 3102 1188 3172 βίᾳ
1215 3104 1534 3172 κατέχουσιν
1553 3122 1566 3134 ·
1597 3107 1784 3168 οἵτινες

1868 3111 1934 3151 cr.
1967 3098 2210 3151 hostibus
2239 3098 2576 3166 dill‘ugientes
2609 3103 2654 3152 vi
2694 3103 2926 3156 retinent
2973 3123 2985 3157 :
3033 3108 3122 3174 qui
3160 3116 3282 3162 sunt
3312 3125 3431 3163 om-

222 3188 439 3249 πάντως
469 3189 682 3240 ἄπιστοί
709 3191 814 3241 εἰσι
845 3191 937 3242 καὶ
971 3191 1206 3254 ἀσεϐεῖς,
1242 3195 1332 3246 καὶ
1362 3194 1481 3246 οὐδὲ
1513 3194 1644 3248 Θεοῦ
1669 3195 1784 3247 ἐπί·-

1868 3186 1995 3241 hino
2039 3187 2280 3242 inﬁdeles
2327 3199 2380 3242 et
2435 3191 2606 3257 impii,
2664 3208 2836 3262 neque
2869 3195 2965 3248 veL
2995 3195 3159 3250 Deum
3207 3210 3424 3254 norunt.

218 3293 418 3344 γνωσιν
446 3279 672 3346 ἔχουσιν.
719 3281 962 3333 Ἀπαιτεί
990 3278 1082 3334 οὖν
1110 3285 1138 3334 ὁ
1166 3284 1316 3350 amo;
1350 3285 1473 3346 τοὺς
1517 3285 1652 3354 πρὸς
1692 3284 1783 3347 οὓς

1868 3275 2097 3333 Proinde
2121 3292 2340 3333 sanctus
2372 3281 2450 3333 vir
2475 3282 2542 3334 ab
2580 3282 2645 3336 iis
2687 3286 2751 3337 ad
2785 3301 2921 3353 quos
2953 3288 3158 3349 scribit,
3195 3292 3430 3356 postulat

217 3371 453 3439 γράφει,
499 3371 810 3423 ἀποστεῖλαι
861 3375 938 3435 εἰς
982 3372 1076 3442 τὴν
1137 3372 1318 3443 χώραν
1364 3375 1456 3426 καὶ
1496 3376 1782 3444 ἐρευνῆσαι

1868 3370 2002 3422 mitti
2039 3372 2090 3421 in
2115 3372 2383 3438 regionem
2416 3373 2659 3428 homines
2689 3377 2776 3442 qui
2800 3377 2866 3428 de
2901 3380 2997 3429 hac
3026 3393 3081 3430 re
3118 3379 3424 3446 inquirant;

217 3460 467 3529 περὶτοῦ
502 3462 836 3529 πράγματος,
869 3465 952 3516 ἴνα
986 3463 1060 3532 μὴ
1084 3464 1213 3534 πῦρ,
1246 3463 1429 3533 φησὶν,
1467 3464 1526 3528 ἐξ
1556 3466 1780 3536 ούρανοῦ

1868 3474 1968 3522 ne,
2012 3461 2218 3526 inquit,
2267 3461 2405 3530 ignis
2453 3462 2610 3515 cadat
2660 3466 2911 3526 caelitus,
2954 3481 3014 3518 ac
3058 3482 3149 3520 eos
3191 3470 3282 3536 qui
3314 3471 3429 3524 hanc

216 3550 361 3617 πέσῃ
391 3551 484 3600 καὶ
507 3552 812 3622 καταφλέξῃ
848 3553 967 3614 τοὺς
1006 3553 1170 3606 ταῦτα
1210 3555 1570 3624 πράσσοιτας.
1617 3557 1782 3610 Τοῦτο

1868 3557 2028 3615 agunt
2056 3549 2324 3603 absumat.
2369 3548 2481 3604 Hoc
2515 3560 2689 3604 autem
2723 3554 2874 3616 dixit,
2908 3553 3162 3608 facinoris
3192 3559 3424 3622 gravita-

213 3637 272 3692 δὲ
306 3634 447 3700 εἷπε,
478 3639 572 3708 τὴν
601 3641 826 3694 ἀτοπίαν
857 3635 1112 3695 δεικνύων
1141 3644 1237 3712 τῆς
1265 3645 1530 3714 πράξεως.

836 3735 1070 3786 ΚΑΝΩΝ
1103 3737 1172 3787 Z'.

296 3837 315 3870 ι
355 3821 487 3888 Περὶ
519 3822 624 3873 τῶν
651 3823 1150 3893 ἐγκαταλεχθέντων
1183 3829 1295 3889 τοῖς
1319 3827 1611 3898 βαρϐάροις
1631 3868 1644 3891 ,
1687 3833 1780 3882 καὶ

220 3926 240 3957 ι
284 3908 458 3960 ἄτοπά
482 3927 599 3961 τινα
625 3910 763 3962 κατὰ
779 3911 885 3962 τῶν
900 3913 1182 3980 ὁμοφύλων
1213 3915 1614 3984 τολμησάντων.
1641 3918 1777 3981 Τοὺς

223 4019 240 4048 ι
287 4001 383 4066 μὲν
413 3995 502 4050 οὗν
536 3999 1027 4068 ἐγκαταλεχθέντας
1054 4005 1163 4064 τοῖς
1213 4001 1501 4074 βαρϐάροις
1536 4007 1628 4056 καὶ
1661 4007 1776 4075 μετ’

221 4106 240 4138 ι
276 4089 455 4141 αὐτῶν
486 4091 541 4140 ἐν
579 4089 920 4160 αἰχμαλωσίᾳ
953 4091 1303 4156 ἐπελθόντας,
1336 4094 1773 4164 ἐπιλαθομένους,

220 4195 238 4226 ι
280 4177 362 4229 ὅτι
390 4173 527 4246 ἦσαν
560 4178 807 4228 Ποντικοὶ
843 4179 933 4230 καὶ
967 4179 1299 4248 Χριστιανοὶ,
1332 4180 1776 4250 ἐκϐαρϐαρωθέν-

217 4285 238 4318 ι
273 4283 373 4329 τας
407 4267 460 4319 δέ
487 4266 560 4327 ὡς
586 4267 678 4318 καὶ
713 4266 959 4333 φονεύειν
987 4268 1111 4329 τοὺς
1152 4267 1448 4336 ὁμοφύλους
1491 4267 1521 4338 ἢ
1571 4269 1708 4338 ξύλῳ
1739 4270 1771 4339 ἢ

217 4375 238 4406 ι
275 4355 499 4427 ἀγχόνῃ,
535 4355 908 4408 ὑποδεικνύναι
930 4356 986 4408 δὲ
1019 4356 1050 4424 ἢ
1081 4347 1276 4427 ὀδοὺςῆ
1316 4359 1489 4420 οἰκίας
1524 4357 1774 4427 ἀγνοοῦσι

221 4464 238 4495 ι
279 4447 390 4506 τοῖς
433 4443 750 4512 βαρϐάροις·
783 4444 875 4536 καί
905 4445 1350 4536 τῆς-ἀκροάσεως
1384 4446 1637 4536 ἀπείρςαι
1673 4447 1772 4516 δεῖ,
1795 4481 1836 4536 D

213 4553 230 4581 ο
276 4531 467 4600 μέχρις
493 4531 556 4584 ἂν
586 4533 734 4600 κοινῇ
753 4531 881 4600 περὶ
896 4531 1074 4583 αὐτῶν
1099 4549 1148 4582 τι
1178 4531 1301 4601 δόξῃ
1334 4532 1639 4584 συνελθοῦσι
1664 4537 1773 4596 τοῖς

212 4640 232 4673 ι
269 4621 464 4689 ἁγίοις,
501 4621 591 4673 καὶ
617 4621 720 4690 πρὸ
750 4620 926 4673 αὐτῶν
957 4621 1032 4690 τῷ
1057 4622 1192 4690 ἁγίῳ
1224 4623 1515 4691 Πνεύματι.
1558 4641 1577 4674 ι

279 4802 470 4853 ΒΑΛΣ.
508 4801 642 4862 Τοὺς
673 4799 852 4868 μέντοι
889 4801 1024 4868 μετὰ
1050 4799 1108 4851 τὸ
1129 4803 1618 4871 αἰχμαλωτισθῆναι
1662 4807 1768 4868 τοῖς

208 4891 503 4961 βαρϐάροις
524 4891 1016 4960 ὁμοφρονήσαντας.
1049 4891 1139 4942 καὶ
1173 4892 1288 4960 μετ’
1309 4892 1485 4943 αὐτῶν
1510 4889 1618 4944 οἷον
1647 4891 1770 4961 βαρ-

207 4979 570 5049 εαρωθέντας,
604 4980 694 5031 καὶ
726 4980 850 5040 τοὺς
884 4978 1182 5047 ὁμοφύλους
1203 4981 1554 5050 Χριστιανοὺς
1582 4980 1769 5048 φονεύ-

209 5085 430 5130 σαντας,
463 5069 496 5137 η
551 5068 701 5130 ὀδοὺς
741 5070 1102 5135 άγνοουμενας
1138 5071 1250 5128 τοῖς
1301 5068 1626 5140 βαρϐάροις,
1676 5069 1763 5120 καὶ

206 5157 524 5220 άπαγούσας
557 5159 633 5220 εἰς
676 5156 1026 5225 Χριστιανοὺς
1071 5155 1478 5220 ύποδείξαντας,
1522 5157 1553 5226 ἢ
1595 5157 1765 5222 οἰκίας

208 5249 410 5302 τούτων
437 5245 761 5315 καταδήλους
787 5248 897 5307 τοῖς
925 5244 1197 5313 πολεμίοις
1240 5248 1562 5315 ποιήσαντας
1581 5284 1594 5307 ,
1633 5246 1764 5315 μηδὶ

207 5340 288 5399 είς
320 5337 578 5406 ἀκρόασιν
606 5333 710 5387 τῶν
726 5333 884 5386 θείων
909 5331 1220 5401 δοξολογιῶν
1247 5334 1644 5403 πραδεχθῆναι
1661 5335 1761 5387 διο-

211 5427 444 5501 ρίζεται’
482 5425 614 5477 άλλά
672 5424 774 5489 ἐξω
812 5421 1088 5484 παντελῶς
1146 5422 1241 5491 τῆς
1284 5423 1570 5490 ἐκκλησίας
1617 5425 1754 5475 ἵστα-

211 5516 334 5570 σθαι
381 5517 577 5577 αύτοὺς
624 5516 679 5565 ἐν
719 5515 862 5580 τόπῳ
901 5511 1330 5582 προσκλαιόντων
1377 5512 1586 5574 πάντως
1630 5510 1760 5580 μετὰ

211 5612 307 5678 τὴν
338 5605 718 5675 ἐξομολόγησιν
747 5603 776 5670 ἢ
805 5602 899 5668 τήν
928 5602 1241 5670 καταδίκην,
1276 5602 1376 5663 ἕως
1405 5603 1467 5654 5w
1487 5603 1758 5668 σκοπήσω-

215 5699 366 5752 πνοι
396 5698 538 5761 ἅγιοι
577 5692 693 5759 περὶ
723 5690 898 5742 αὑτῶν
946 5693 1093 5760 κοινῇ
1142 5692 1493 5754 συνελθόντες.
1556 5693 1756 5756 ’Λγίους

1862 3641 1968 3687 tem
2003 3636 2267 3690 indicans.

2329 3719 2434 3790 32
2451 3727 2678 3781 canon
2714 3727 2822 3780 vu.

1935 3835 1952 3866 ι
1997 3816 2070 3871 De
2104 3819 2169 3872 iis
2199 3819 2288 3886 qui
2325 3819 2461 3871 inter
2495 3821 2754 3872 barbaros
2788 3821 3122 3872 annumerati
3161 3831 3319 3885 sunt,
3367 3835 3423 3877 et

1864 3925 1882 3956 ι
1928 3909 2158 3960 absurda
2186 3911 2428 3976 quaedam
2466 3908 2516 3959 in
2547 3923 2639 3960 eos
2668 3909 2757 3974 qui
2787 3918 2911 3960 sunt
2934 3910 3015 3959 sui
3048 3911 3258 3976 genrris
3288 3912 3426 3965 iece-

1864 4013 1883 4046 ι
1931 4006 2076 4047 runt.
2131 3994 2236 4047 Eos
2281 3996 2456 4062 itaque
2487 3995 2578 4062 qui
2628 3995 2764 4046 inter
2817 3996 3074 4048 barbaros
3121 4002 3419 4051 enumerati

1861 4103 1882 4136 ι
1925 4094 2082 4144 sunt,
2112 4093 2308 4137 etcum
2339 4086 2417 4138 eis
2448 4085 2498 4137 in
2547 4085 2853 4153 captivitate
2885 4087 3227 4151 invaserunt,
3266 4088 3417 4142 obliti

1860 4193 1878 4224 ι
1924 4189 1982 4227 se
2027 4189 2146 4226 esse
2185 4163 2433 4227 Ponticos
2478 4184 2530 4228 et
2574 4174 2949 4238 Christianos,
2991 4175 3193 4228 eilerati
3239 4189 3419 4230 autem

1858 4282 1877 4314 ι
1924 4265 2243 4333 barbarique
2270 4265 2482 4330 redditi,
2513 4275 2569 4318 ut
2599 4275 2650 4317 et
2676 4280 2770 4318 eos
2797 4267 2887 4332 qui
2921 4266 3001 4317 sui
3029 4274 3154 4318 sunt
3176 4269 3417 4334 generis,

1857 4373 1876 4404 ι
1925 4355 2004 4408 vel
2044 4356 2186 4424 ligno
2217 4356 2294 4422 vel
2322 4355 2673 4410 suil‘ocatione
2706 4357 3061 4418 interﬁciant,
3090 4358 3203 4410 vias
3236 4368 3417 4414 autem

1857 4465 1876 4498 ι
1923 4448 2003 4500 vel
2032 4448 2222 4500 domos
2249 4448 2607 4503 nescientibus
2633 4448 2874 4499 barbaris
2899 4449 3216 4510 ostendant;
3250 4457 3413 4502 etiam

1857 4555 1876 4587 ι
1921 4536 1988 4589 ab
2021 4536 2296 4588 auditione
2336 4551 2519 4588 arcere
2565 4546 2807 4603 oportet,
2852 4536 3022 4589 donec
3070 4538 3136 4589 de
3173 4537 3237 4590 iis
3280 4553 3412 4588 eon-

1855 4643 1874 4676 ι
1921 4624 2153 4692 gregalis
2179 4625 2380 4678 sanctis
2408 4624 2607 4692 aliquid
2638 4625 2996 4676 communiter
3028 4626 3198 4678 visum
3227 4624 3410 4688 fuerit,

1856 4733 1874 4764 ι
1921 4724 1971 4766 ιιι
1996 4723 2118 4766 ante
2149 4728 2242 4767 eos
2274 4722 2460 4766 sancto
2492 4713 2734 4780 Spiritui.
2777 4731 2795 4762 ι

1931 4803 2087 4856 lius.
2128 4802 2234 4854 Eos
2292 4805 2504 4870 quidem
2557 4803 2647 4870 qui
2692 4811 2975 4870 postquam
3029 4792 3220 4871 captivi
3279 4801 3411 4856 facti

1848 4902 2010 4956 sunt,
2059 4892 2299 4946 barbaris
2343 4901 2775 4953 consenserunt,
2823 4902 2876 4943 et
2936 4906 3060 4944 cum
3117 4894 3197 4944 eis
3241 4891 3404 4945 veluti

1850 4983 2065 5036 barbari
2098 4982 2268 5035 eﬂecti
2303 4990 2458 5046 sunt,
2497 4991 2548 5034 et
2590 4982 2670 5034 sui
2698 4980 2908 5049 generis
2948 4979 3286 5033 Christianos
3323 4981 3407 5032 iu-

1849 5071 2210 5133 tei'fecerunt,
2247 5073 2328 5125 vel
2366 5074 2480 5124 vias
2519 5073 2759 5126 barbaris
2806 5075 3100 5144 ignotaswt
3132 5071 3196 5123 ad
3247 5069 3404 5124 Cliri~

1847 5163 2053 5215 stianos
2097 5161 2354 5215 ducentes
2399 5162 2765 5220 ostenderunt,
2793 5160 2870 5211 vel
2914 5174 3098 5211 eorum
3136 5161 3275 5212 aedes
3307 5160 3406 5211 ho-

1846 5251 2020 5304 stibus
2044 5250 2353 5304 manifestas
2388 5251 2644 5311 fecerunt,
2676 5265 2740 5302 ne
2763 5249 2826 5301 ad
2856 5251 3157 5303 divinarum
3187 5249 3404 5316 quidem

1846 5340 2063 5393 laudum
2099 5340 2421 5392 auditionem
2457 5339 2812 5390 admittendos
2851 5352 2970 5391 esse
3001 5337 3272 5389 decernit:
3307 5337 3401 5390 sed

1845 5445 1940 5484 eos
1968 5432 2188 5484 omnino
2232 5440 2377 5482 extra
2439 5429 2720 5482 ecclesiam
2753 5427 2913 5480 statui
2957 5427 3008 5478 in
3050 5425 3169 5478 loco
3203 5424 3404 5478 deﬂen-

1845 5533 1977 5576 tium
2000 5562 2014 5584 ,
2071 5533 2188 5592 post
2218 5524 2612 5576 confessionem
2646 5522 2848 5575 scilicet
2879 5521 2955 5573 vel
2999 5519 3405 5573 condemnatio—

1846 5627 2006 5675 nem,
2057 5614 2228 5665 donec
2268 5613 2436 5664 sancti
2483 5611 2642 5662 simul
2688 5610 2992 5677 congregati
3044 5609 3109 5659 de
3150 5606 3214 5657 iis
3255 5619 3403 5656 enmc

1845 5704 2077 5756 utttnitcr
2104 5703 2400 5754 Maluerint.
2441 5702 2666 5752 Sanctus
2701 5709 2874 5751 autem
2908 5697 3187 5765 episeopo»
3220 5695 3396 5761 appel-
