4124 6472
746 318 850 383 539
2035 328 2312 393 THEOD.
2354 328 2440 392 BA
2454 330 2751 393 LSAMON
3885 334 3973 401 540

752 464 849 516 lat.
898 461 1032 515 illud
1082 475 1279 520 autem,
1311 472 1433 513 ante
1486 459 1627 523 ipsos
1674 468 1854 510 ιιιηίτο
1906 456 2155 525 Spiritui,
2193 457 2323 511 sub-

2421 461 2479 515 δέ
2499 461 2623 525 τοὺς
2650 462 2971 523 ἐπισκόπους
2991 461 3158 514 καλεῖ.
3184 461 3345 523 τὸδὲ,
3372 461 3484 530 πρὸ
3509 462 3703 517 αὐτῶν
3727 462 3809 529 τῷ
3836 464 3966 532 ἁγίῳ

752 552 969 620 iunxit,
1010 548 1332 613 ostendens,
1385 547 1528 617 quod
1568 561 1901 615 quaecunque
1947 548 2000 600 in
2049 545 2322 601 communi

2423 549 2737 616 Πνεύματι,
2763 548 3028 617 ἐπήγαγε,
3048 550 3274 612 δεικνὺς,
3294 552 3373 603 δτι
3400 554 3495 604 ὅσα
3514 553 3571 605 ἐν
3595 556 3747 623 κοινῇ
3766 553 3967 607 διασκέ-

754 639 1194 695 consideratione
1220 638 1288 691 ab
1311 635 1579 705 episcopis
1598 634 1977 703 dispensantur
2004 645 2056 690 et
2083 644 2324 690 statuuno

755 739 881 795 tur,
914 728 1155 798 Spiritus
1200 738 1421 783 sanctus
1465 742 1527 781 ea
1573 727 1829 795 suggerit.
1881 725 1945 780 Et
1988 726 2071 781 lex
2104 726 2321 797 quidem

754 821 1129 879 ecclesiastica
1171 823 1317 890 ipsos
1358 820 1439 875 sic
1484 823 1657 888 punit.
1698 818 1810 873 Lex
1854 833 1985 873 vero
2023 818 2196 873 civilis
2228 832 2321 873 eos

756 914 1061 985 maiestatis
1098 914 1314 969 crimini
1344 912 1582 982 subjicit.
1618 910 1757 964 Dicit
1785 910 1928 964 enim
1966 912 2197 978 primum
2228 923 2322 964 οι-

757 1015 875 1077 put,
917 1006 985 1061 36
1015 1007 1120 1068 tit.,
1154 1021 1221 1059 ιι
1256 1004 1347 1057 lib.
1386 1023 1399 1056 :
1437 1002 1546 1057 Lex
1574 1000 1869 1069 maiestatis
1894 1000 2085 1053 similis
2112 1007 2195 1053 est
2219 1000 2325 1071 legi

754 1098 823 1151 de
849 1095 1153 1164 sacrilegio.
1184 1092 1250 1147 Et
1286 1102 1497 1147 torretur
1521 1106 1605 1155 ea,
1630 1091 1722 1159 qui
1754 1090 2014 1144 adversus
2066 1088 2320 1159 populum

756 1185 1064 1241 Romanum
1110 1182 1422 1242 commisit,
1483 1188 1537 1235 et
1575 1180 1668 1248 qui
1733 1179 1859 1233 dolo
1921 1177 2064 1232 malo
2119 1179 2326 1232 curavit

754 1276 967 1345 iniussu
1006 1270 1265 1343 principis
1314 1271 1528 1326 obsides
1572 1268 1843 1333 interimi;
1899 1268 1979 1321 vel
2030 1274 2089 1322 ut
2131 1268 2323 1321 armati

756 1366 1009 1420 homines
1039 1365 1090 1417 in
1122 1365 1256 1417 urbe
1283 1363 1391 1417 sint
1414 1361 1673 1415 adversus
1709 1358 2125 1426 rempublicam,
2157 1356 2239 1410 vel
2266 1364 2325 1410 ut

756 1456 876 1511 loca
910 1466 1004 1508 aut
1028 1454 1223 1523 templa
1254 1458 1605 1520 occupentur,
1640 1448 1721 1502 vel
1754 1448 2042 1502 seditiosus
2075 1447 2165 1499 ﬂat
2196 1459 2325 1501 ccu-

756 1556 973 1611 ventus,
1007 1546 1089 1599 vel
1132 1554 1189 1597 ut
1228 1542 1505 1597 occidatur
1537 1541 1885 1609 magistratus
1906 1579 1921 1604 ,
1951 1548 2004 1592 et
2035 1538 2100 1591 ad
2142 1536 2326 1592 hostes

760 1639 1009 1692 nuntium
1032 1637 1115 1691 vel
1141 1636 1350 1690 litteras
1372 1633 1539 1696 misit,
1566 1632 1647 1686 vel
1678 1632 1829 1700 signa
1859 1631 1938 1685 eis
1961 1630 2123 1695 dedit,
2152 1629 2327 1684 aliove

760 1729 925 1782 modo
958 1728 1037 1781 eis
1066 1727 1186 1780 tulit
1212 1724 1508 1789 auxilium,
1543 1732 1595 1777 et
1622 1722 1716 1790 qui
1748 1719 2053 1774 sollicitavit
2085 1718 2165 1773 vel
2197 1732 2327 1773 con-

2421 638 2511 705 ψει
2553 638 2951 707 οίκονομοῦνται
3000 637 3148 708 παρά
3191 640 3299 693 τῶν
3348 642 3676 707 ἐπισκόπων,
3724 640 3792 695 τὸ
3833 644 3971 710 ἅγιον

2423 726 2641 797 Πνεῦμα
2670 728 2983 799 ὑποτίθησιν
3009 730 3165 783 αὐτά.
3194 732 3304 783 Καὶ
3326 734 3355 784 ό
3401 732 3496 802 μέν
3533 732 3971 804 ἐκκλησιαστικος

2422 818 2582 889 νόμος
2604 818 2745 873 οὕτω
2769 821 2985 885 τούτους
3029 822 3241 887 κολάζει
3260 840 3273 853 ⁸
3304 827 3333 879 ὁ
3370 824 3426 877 δέ
3455 824 3728 889 πολιτικὸς
3753 824 3827 896 τῷ
3852 828 3971 899 περὶ

2421 906 2796 971 καθοσιώσεως
2808 908 3109 980 ἐγκλήματι
3136 910 3525 965 καθυποδάλλει
3544 914 3671 976 τοὺς
3688 910 3966 979 τοιούτους.

2419 996 2554 1066 Φησὶ
2579 997 2684 1068 γὰρ
2715 998 2906 1067 κεφάλ.
2942 1005 2989 1051 α’
3020 998 3113 1052 τοῦ
3164 999 3249 1063 λς’
3292 1000 3473 1054 τίτλου
3515 1002 3609 1056 τοῦ
3645 1002 3684 1067 ξ’
3730 1004 3967 1073 βιϐλίου·

2432 1087 2488 1138 '0
2519 1086 2645 1156 περὶ
2672 1086 2779 1140 τῶν
2823 1088 3119 1142 ἐπιϐούλων
3144 1089 3308 1158 νόμος
3349 1091 3530 1159 ὅμοιός
3575 1093 3689 1145 ἐστι
3726 1092 3807 1162 τῷ
3852 1095 3971 1163 περὶ

2422 1176 2736 1247 ἱεροσυλίας.
2763 1178 2870 1231 Kal
2898 1180 3137 1249 ἐνέχεται
3160 1180 3308 1251 αύτῷ
3328 1183 3356 1235 ό
3382 1182 3523 1236 κατά
3547 1183 3641 1236 τοῦ
3673 1185 3971 1253 Ῥωμαϊκοῦ

2418 1266 2481 1336 δή
2491 1283 2588 1335 μου
2617 1267 3033 1340 πλημμελήσας,
3057 1272 3148 1325 καὶ
3171 1272 3472 1338 σπουδάσας
3500 1276 3638 1328 κατὰ
3662 1276 3812 1329 δόλον
3832 1278 3973 1347 παρὰ

2421 1357 2663 1411 κέλευσιν
2684 1358 2950 1430 βασιλέως
2976 1362 3327 1433 ἀναιρεθῆναι
3355 1366 3477 1427 τοὺς
3516 1367 3788 1435 ὁμήρους·
3831 1368 3975 1438 ήςῐνα

2420 1450 2627 1503 ἔνοπλοι
2654 1452 2923 1522 ἄνθρωποι
2953 1455 3011 1505 ἐν
3038 1453 3188 1505 πόλει
3215 1454 3355 1507 κατά
3379 1455 3477 1524 τῆς
3523 1456 3795 1520 πολιτείας
3825 1452 3972 1523 ὦσιν,

2419 1540 2452 1606 ἢ
2483 1541 2569 1595 ῖνα
2599 1541 2760 1606 τόπος
2789 1544 2822 1613 ή
2858 1543 2976 1614 ίερά
3000 1544 3426 1613 κατασχεθῶσιν,
3465 1545 3498 1615 ἢ
3552 1546 3849 1617 στασιώδης
3886 1550 3965 1616 γέ-

2419 1646 2574 1700 νηται
2608 1630 2841 1697 σύνοδος,
2870 1633 2903 1703 ἢ
2936 1632 3021 1686 ῖνα
3054 1633 3292 1703 φονευθῇ
3320 1635 3349 1685 ό
3388 1634 3599 1704 ἄρχων·
3642 1637 3737 1689 καὶ
3775 1637 3805 1688 ό
3847 1638 3974 1707 πρὸς

2417 1723 2542 1785 τοὺς
2574 1723 2861 1793 πολεμίους
2886 1723 3166 1795 γράμμαή
3190 1724 3413 1792 ἄγγελον
3443 1725 3661 1794 πέμψας
3689 1726 3720 1796 ἢ
3759 1731 3974 1799 σημεῖον

758 1820 947 1873 citavit
998 1818 1197 1871 milites
1246 1817 1311 1871 ad
1354 1816 1676 1869 seditionem
1726 1812 1811 1867 vel
1876 1813 2085 1866 turbam
2133 1817 2324 1865 contra

2421 1811 2604 1875 αὐτοῖς
2633 1812 2898 1877 δεδωκὼς,
2914 1814 2954 1884 ,ἢ
2985 1814 3157 1879 ἄλλως
3191 1815 3461 1886 βοηθήσας
3488 1818 3690 1878 αὐτοῖς,
3724 1819 3820 1870 καὶ
3853 1820 3975 1871 ὑπο-

758 1908 1169 1977 rempublicam.
1223 1907 1288 1960 Et
1330 1923 1447 1975 cap.
1496 1906 1530 1959 5
1572 1904 1811 1973 ejusdem
1844 1904 1923 1958 tit.
1969 1911 2020 1957 et
2055 1902 2148 1955 lib.
2176 1918 2190 1955 :
2221 1899 2326 1966 Qui

760 1994 947 2048 hostes
971 1994 1309 2058 sollicitavit,
1334 2002 1387 2047 et
1413 1993 1492 2046 eis
1526 1992 1906 2060 rempublicam
1939 1990 2191 2053 tradidit,
2231 2004 2326 2043 ca-

758 2082 870 2150 pite
916 2082 1157 2150 punitur.
1216 2078 1280 2132 Et
1321 2080 1574 2146 deinceps
1622 2078 1838 2132 disserit
1881 2084 2043 2145 caput
2088 2075 2154 2130 de
2206 2074 2326 2128 aliis

760 2167 1088 2239 quibusdam
1123 2167 1411 2222 similibus.
1462 2168 1526 2221 Et
1558 2168 1669 2220 lucc
1700 2167 1914 2235 quidem
1953 2166 2019 2218 de
2053 2166 2119 2219 iis
2147 2165 2237 2234 qui
2270 2165 2326 2219 in

760 2262 1125 2330 captivitatem
1158 2258 1371 2313 abducti
1401 2269 1546 2319 sunt,
1576 2267 1627 2311 et
1652 2258 1891 2312 hostibus
1916 2264 2325 2322 consenserunt,

760 2354 908 2408 etde
958 2353 1024 2407 iis
1069 2353 1251 2407 itidem
1307 2352 1398 2421 qui
1439 2366 1545 2404 non
1588 2350 1638 2403 in
1691 2349 2053 2417 captivitatem
2109 2347 2326 2402 abducti

762 2453 913 2507 sunt,
944 2459 1067 2497 cum
1103 2445 1346 2497 hostibus
1381 2452 1555 2495 tamen
1584 2450 1997 2501 consenserunt,
2038 2447 2092 2491 et
2139 2437 2329 2491 adver-

764 2550 861 2589 sus
904 2533 1208 2589 Romanum
1255 2533 1539 2603 imperium
1575 2532 1969 2599 conspirarnnt.
2016 2527 2118 2592 Qui
2148 2535 2326 2579 autem

762 2639 889 2679 cum
935 2623 1001 2678 iis
1051 2623 1143 2691 qui
1199 2632 1395 2676 terram
1447 2636 1700 2688 mareque
1750 2617 2176 2687 depopulantur,
2223 2630 2328 2670 una

768 2712 1055 2784 depraedati
1085 2721 1245 2777 sunt,
1274 2710 1475 2780 nugis,
1512 2719 1568 2762 ut
1600 2709 1730 2762 mibi
1758 2709 1980 2771 videtur,
2008 2706 2326 2776 punientur,

767 2804 895 2874 quia
938 2802 1113 2872 major
1142 2812 1226 2857 est
1267 2816 1452 2855 eorum
1491 2800 1826 2866 improbitas.
1862 2798 2052 2852 llostes
2088 2796 2231 2851 enim
2271 2811 2330 2850 a-

763 2902 921 2964 perta
954 2893 1150 2955 fronte,
1184 2900 1237 2947 et
1267 2892 1433 2956 nudo,
1465 2900 1522 2943 ut
1557 2890 1725 2954 aiunt,
1761 2890 1932 2958 capita
1952 2888 2148 2941 bellum
2176 2901 2329 2940 com-

769 2993 997 3053 parant;
1028 2983 1263 3036 latrones
1290 2990 1466 3034 autem
1504 2980 1642 3033 clam
1671 2990 1722 3032 et
1756 2978 1963 3031 occulte
2000 2975 2329 3045 inOpinatam

772 3074 970 3128 caadem
1019 3072 1336 3125 moliuntur.
1394 3070 1607 3135 Quanto
1656 3083 1784 3137 ergo
1849 3066 2060 3136 prmvisi
2107 3065 2330 3135 periculi

773 3178 953 3233 pugna
985 3162 1153 3214 levior
1183 3169 1266 3213 est
1298 3160 1572 3227 inopinato
1600 3158 1759 3221 male,
1796 3165 1945 3210 tanto
1977 3156 2210 3209 hostium
2244 3155 2333 3209 in-

769 3251 949 3307 sultus
978 3258 1058 3305 est
1088 3248 1413 3303 tolerabilior
1443 3248 1709 3300 latronum
1742 3246 1969 3299 insidiis.

2419 1900 2673 1963 νοθεύσας
2715 1902 3046 1973 στρατιώτας
3093 1904 3226 1975 πρὸς
3270 1906 3454 1958 στάσιν
3492 1907 3523 1975 ἢ
3585 1905 3815 1979 θόρυϐον
3845 1909 3977 1961 κατὰ

2418 1987 2517 2056 τῆς
2546 1989 2833 2053 πολιτείας.
2872 1990 2980 2043 Καὶ
3008 1990 3199 2058 κεφάλ.
3234 1998 3302 2060 γ’,
3348 1992 3443 2045 τοῦ
3474 1993 3636 2047 αὑτοῦ
3680 1996 3858 2048 τιτλου
3891 1999 3977 2049 καὶ

2420 2077 2622 2147 βιϐλίου
2642 2095 2654 2108 '
2696 2079 2752 2132 Ὀ
2779 2080 2903 2143 τοὺς
2931 2081 3215 2151 πολεμίους
3238 2083 3506 2153 ἐρεθίσας,
3529 2084 3561 2153 ἦ
3588 2086 3862 2155 παραδοὺς
3886 2087 3976 2139 αύ-

2418 2172 2527 2233 τοῖς
2555 2169 2774 2240 πολίτην
2798 2209 2812 2234 ,
2857 2173 2934 2235 είς
2975 2172 3212 2243 κεφαλήν
3262 2176 3599 2243 τιμωρεῖται.
3635 2176 3746 2227 Καὶ
3792 2177 3977 2248 ἐφεξῆς

2419 2261 2717 2330 διαλέγεται
2750 2263 2811 2315 τὸ
2845 2262 3132 2331 κεφάλαιον
3176 2264 3303 2334 περὶ
3348 2265 3522 2319 ἄλλων
3556 2267 3715 2320 τινῶν
3764 2269 3974 2337 ὁμοίων.

2421 2350 2530 2402 Καὶ
2554 2350 2724 2403 ταῦτα
2752 2351 2850 2421 μέν
2878 2352 3006 2423 περὶ
3032 2351 3137 2405 τῶν
3170 2351 3705 2421 αἰχμαλωτισθέντων
3733 2356 3830 2407 καὶ
3856 2359 3977 2425 δμο-

2421 2440 2779 2509 φωνησάντων
2810 2444 2918 2505 τοῖς
2953 2441 3249 2511 πολεμίοις,
3280 2442 3374 2496 xal
3403 2443 3530 2512 περὶ
3560 2443 3669 2495 τῶν
3695 2446 3771 2515 μὴ
3796 2448 3982 2515 αἰχμα-

2419 2528 2807 2595 λωτισθέντων,
2838 2533 2986 2601 ὅμως
3021 2532 3198 2601 μέντοι
3227 2534 3337 2594 τοῖς
3370 2532 3641 2603 πολεμίοις
3669 2536 3981 2605 ὁμογνωμο-

2422 2621 2697 2689 νησάντων
2720 2660 2735 2685 ,
2778 2621 2871 2676 καὶ
2918 2621 3295 2694 φρονήσαντων
3338 2622 3477 2675 κατά
3524 2623 3621 2691 τῆς
3676 2624 3979 2694 Ῥωμαῖκῆς

2421 2712 2687 2777 ἐξουσίας.
2720 2716 2781 2766 υἱ
2820 2714 2877 2766 δὲ
2906 2717 3014 2775 τοῖς
3044 2692 3181 2766 κατά
3220 2713 3411 2782 χέρσον
3453 2713 3546 2766 καὶ
3588 2692 3854 2767 θάλατταν
3897 2692 3982 2785 λη-

2425 2802 2667 2855 στεύουσι
2691 2802 3199 2872 συλλῃστεύσαντες,
3238 2802 3515 2867 πλειόνως,
3547 2804 3621 2866 ὡς
3660 2804 3785 2874 ἐμοὶ
3824 2805 3979 2868 δοκεῖ,

2424 2889 2866 2960 κολασθήσονται·
2892 2891 2971 2942 ὅτι
3004 2890 3095 2942 καὶ
3122 2889 3317 2958 μείζων
3349 2889 3464 2941 ἐστὶ
3502 2890 3706 2941 τούτων
3739 2891 3773 2958 ή
3804 2889 3979 2942 κακία.

2426 2982 2488 3033 Οἱ
2518 2980 2614 3049 μὲν
2639 2980 2746 3050 γὰρ
2778 2979 3020 3049 πολέμιοι
3064 2978 3199 3031 κατά
3231 2978 3515 3048 πρόσωπον
3558 2978 3647 3032 καὶ
3674 2980 3853 3048 γυμνῇ
3895 2993 3980 3029 κε·

2427 3070 2589 3140 φαλῇ,
2623 3071 2684 3122 τὸ
2710 3070 3017 3138 λεγόμενον,
3044 3068 3131 3120 τὸν
3160 3068 3390 3137 πόλεμον
3442 3068 3761 3121 συνιστῶσιν
3783 3084 3798 3098 ⁶
3843 3069 3893 3121 oi
3931 3069 3983 3121 δέ

2427 3156 2618 3230 λῃσταὶ
2649 3158 2892 3225 ἀοράτως
2924 3157 3017 3208 καὶ
3049 3156 3263 3223 ἀφανῶς
3295 3156 3697 3225 ἀπροσδόκητον
3726 3157 3982 3223 μελετῶσι

2426 3246 2601 3313 φόνον.
2633 3247 2791 3297 Ὅσον
2817 3240 2909 3297 οὖν
2932 3243 3025 3297 τοῦ
3063 3245 3412 3315 προκειμένου
3443 3245 3563 3297 κατ’
3595 3244 3651 3305 διε
3668 3261 3718 3298 ιν
3745 3242 3980 3298 κινδύνου

772 3356 807 3428 ἡ
856 3356 1004 3426 μάχη
1050 3354 1350 3425 κουφοτέρα
1387 3354 1502 3406 ἐστὶ
1537 3352 1629 3404 τοῦ
1681 3351 2084 3421 ἀπροσδοκήτου
2132 3355 2330 3419 κακοῦ,
2379 3351 2624 3407 τοσοῦτον
2651 3352 2740 3404 καὶ
2772 3352 2803 3421 ή
2831 3348 2936 3401 τῶν
2971 3346 3235 3415 πολεμίων
3277 3346 3461 3414 ἔφοδος
3514 3344 3842 3412 ἀνεκτοτὲρα
3867 3337 3978 3389 ἐστὶ

771 3446 869 3517 τῆς
894 3448 999 3499 τῶν
1025 3446 1389 3517 λῃστευόντων
1425 3444 1728 3513 ἐπιϐουλῆς.

852 3546 1053 3599 Zumn.
1096 3544 1413 3610 Quicunque
1457 3541 1711 3610 quidem,
1759 3540 1876 3603 ait,
1939 3537 2233 3607 aliquando
2282 3536 2336 3589 in

782 3639 1094 3693 servitutem
1123 3633 1337 3687 abducti
1378 3648 1436 3685 se
1466 3631 1710 3684 barbaris
1741 3630 2119 3696 adjunxerunt,
2156 3633 2207 3678 ct
2233 3639 2335 3679 una

781 3739 905 3777 cum
944 3724 1009 3775 iis
1054 3720 1284 3790 grassati
1334 3729 1458 3772 sunt
1507 3732 1715 3771 tuorum
1764 3716 2063 3769 barbariem
2116 3714 2339 3766 induen-

782 3825 899 3875 tes,
941 3826 1003 3864 ac
1035 3810 1178 3863 velut
1212 3808 1359 3861 obliti
1401 3822 1459 3861 se
1498 3821 1565 3859 er
1614 3804 1783 3856 Ponto
1807 3804 2145 3856 Christianos
2183 3816 2335 3867 esse,

781 3918 876 3956 eos
913 3901 1004 3970 qui
1033 3898 1273 3968 ejusdem
1306 3905 1432 3950 sunt
1464 3894 1676 3964 generis
1706 3890 2016 3946 interfecere
2037 3932 2051 3952 ,
2104 3890 2183 3943 vel
2218 3890 2339 3943 bar-

783 3992 931 4046 baris
965 3991 1174 4058 ignotas
1221 3996 1587 4039 monstravere
1629 3984 1761 4046 vias,
1798 3982 2051 4034 domosve
2092 3978 2225 4047 ipsis
2254 3992 2341 4032 oc-

2489 3527 2727 3580 ZONAP.
2766 3525 2918 3577 Ὅσοι
2954 3523 3052 3593 μὲν
3083 3518 3197 3585 οὖν,
3225 3519 3420 3592 φησὶν,
3464 3520 3981 3590 αἰχμαλωτισθέντες

2420 3619 2570 3681 ml,
2604 3616 3084 3684 ωγκατετάγησαν
3114 3616 3223 3675 τοῖς
3268 3612 3590 3682 βαρϐάροις,
3626 3614 3721 3663 καὶ
3753 3614 3867 3682 μετ’
3894 3616 3986 3667 αὑ-

2421 3709 2528 3764 τῶν
2560 3707 2792 3777 ἐπῆλθον
2822 3704 3261 3777 βαρϐαρωθέντες
3287 3704 3354 3754 τὰ
3381 3702 3474 3773 ἔθη
3494 3720 3507 3732 ’
3540 3705 3632 3756 καὶ
3661 3702 3850 3774 ὥσπερ
3877 3704 3987 3756 ἐπι-

2423 3798 2724 3866 λαθόμενοι,
2755 3798 2837 3849 ὅτι
2865 3797 2928 3848 ἐκ
2950 3796 3043 3848 τοῦ
3077 3795 3278 3847 Πόντου
3310 3790 3449 3871 ἦσαν
3476 3794 3824 3863 Χριστιανοὶ.
3862 3794 3988 3862 ὁμο-

2423 3886 2620 3955 φύλους
2636 3886 2997 3954 ἐφόνευσαν,ῆ
3024 3885 3173 3945 ὀδοὺς
3196 3883 3538 3935 ὑπεδείκνυον
3568 3886 3678 3945 τοῖς
3701 3881 3987 3953 μρὸἀροις

2424 3976 2789 4046 ἀγνοουμένας
2808 3974 3053 4043 αύτοῖς,ἢ
3080 3975 3254 4036 οίκίας
3278 3971 3637 4034 λανθανούσας
3656 3972 3871 4034 αύτούς·
3905 3966 3989 4024 οὗ·

785 4081 993 4140 cultas;
1040 4078 1094 4131 lti
1134 4094 1200 4130 ne
1237 4076 1301 4129 ad
1335 4075 1664 4129 auditionem
1696 4070 1913 4140 quidem
1946 4068 2327 4130 admittantur,

2425 4085 2506 4120 τοι
2539 4067 2670 4139 μηδὲ
2696 4069 2774 4128 είς
2790 4067 3048 4137 ἀκρόασιν
3065 4064 3555 4133 παραδεχθήτωσαν
3578 4062 3982 4132 μετανοοῦντες

784 4168 1154 4240 pmnitentiam
1198 4176 1451 4235 agentes;
1504 4164 1607 4217 hoc
1670 4170 1789 4223 est,
1847 4169 1997 4211 extra
2058 4155 2327 4211 ecclesiam

2426 4157 2702 4210 τουτέστιν
2740 4156 2844 4217 ἔξω
2893 4153 3163 4216 παντελῶς
3211 4154 3312 4221 τῆς
3349 4152 3641 4223 ἐκκλησίας
3693 4151 3988 4221 ἑστηκότω-

786 4261 1013 4316 omnino
1042 4258 1373 4321 consistant,
1424 4255 1478 4307 in
1511 4254 1628 4307 loco
1652 4252 1897 4305 videlicet
1936 4248 2209 4309 ﬂentium,
2246 4244 2327 4298 do

2432 4264 2549 4310 σαν,
2586 4248 2642 4299 ἐν
2674 4247 2823 4316 τόπῳ
2851 4244 3048 4315 δηλαδὴ
3076 4242 3525 4313 προσκλαιόντων,
3555 4242 3659 4303 ἕως
3686 4242 3751 4293 ἀν
3790 4241 3991 4309 σκοπή-

785 4365 887 4405 nec
912 4350 964 4403 in
993 4348 1267 4403 communi
1310 4352 1573 4399 conventu
1622 4341 1792 4396 sancti
1826 4339 1892 4392 de
1937 4338 2104 4406 ipsius
2141 4334 2327 4389 delibe-

2433 4354 2595 4390 σωσιν
2624 4338 2672 4388 οί
2696 4336 2838 4404 ἅγιοι
2866 4334 2991 4404 περὶ
3017 4334 3195 4385 αὐτῶν
3211 4334 3362 4401 κοινῇ
3388 4331 3747 4392 συνελθόντες.
3784 4330 3987 4397 ’Δγίους

787 4450 927 4495 rent.
981 4438 1209 4491 Sanctus
1245 4451 1404 4505 porro
1432 4445 1524 4487 aut
1556 4433 1838 4501 episcopos
1872 4438 2059 4490 vocat,
2092 4435 2184 4479 aut
2214 4424 2327 4479 sim-

2430 4426 2487 4479 δέ
2516 4427 2549 4497 ἢ
2583 4427 2705 4488 τοὺς
2737 4426 3062 4486 ἐπισκόπους
3093 4423 3281 4485 καλεῖ,
3314 4422 3347 4491 ἢ
3385 4422 3511 4483 τοὺς
3548 4420 3773 4481 πιστοὺς
3817 4417 3993 4479 ἀπ).αῇ

788 4531 996 4600 pliciter
1058 4483 1279 4589 lideles',
1347 4524 1526 4594 magni
1588 4521 1740 4574 Pauli
1791 4519 2016 4587 apostoli
2077 4516 2322 4584 exemplo

2434 4483 2574 4573 κατά
2604 4483 2701 4570 τὸν⁷
2726 4518 2895 4587 μέγαν
2930 4483 3222 4569 ἀπόστολον
3252 4483 3481 4566 Παύλον.
3521 4511 3594 4562 Τὸ
3619 4511 3698 4573 δὲ,
3730 4510 3845 4575 πρὸ
3894 4510 3991 4560 αὑ-

788 4619 881 4673 Illa
926 4632 1103 4673 autem
1152 4618 1306 4671 verba
1332 4657 1344 4677 ,
1393 4628 1513 4667 ante
1558 4614 1697 4681 ipsos
1728 4610 1950 4679 Spiritui
1976 4622 2189 4670 sancta,
2225 4608 2327 4661 idet

2435 4609 2551 4666 τῶν
2570 4608 2647 4671 τῷ
2678 4609 2821 4676 ἁγίῳ
2850 4609 3182 4675 ιΙγεύμίιτι,.
3213 4607 3481 4675 ἐπήγαγε,
3514 4603 3728 4663 δεικνὺς
3746 4640 3762 4663 ,
3790 4602 3872 4653 δτι
3900 4602 3994 4653 ὅσα

788 4707 1068 4776 adiunxit,
1115 4714 1172 4759 ut
1215 4716 1545 4773 quaecunque
1596 4703 1647 4753 in
1702 4715 1803 4753 con
1831 4697 1977 4750 muni
2015 4697 2238 4751 consilio
2279 4694 2327 4747 al

2440 4701 2495 4752 ἐν
2524 4702 2675 4769 κοινῇ
2713 4698 2991 4766 διασκέψει
3030 4694 3433 4764 οίκονομοῦνται
3480 4692 3628 4761 παρά
3666 4691 3992 4751 ἐπισκόπων,

788 4801 1079 4869 episcopis,
1112 4799 1190 4851 vel
1212 4799 1371 4851 etiam
1398 4812 1427 4848 a
1458 4794 1870 4862 quibuscunque
1893 4789 2136 4841 tldelibus
2160 4788 2327 4840 decer-

2436 4792 2471 4861 ἢ
2507 4793 2597 4844 καὶ
2626 4792 2806 4852 ἁπλῶς
2834 4790 2940 4842 τῶν
2964 4787 3186 4849 πιστῶν,
3221 4785 3281 4837 τὸ
3301 4785 3451 4850 ἀγιον
3482 4783 3707 4851 Πνεῦμα
3751 4781 3997 4849 ὑποτίθη-

792 4901 1016 4952 nuntnr,
1048 4889 1307 4957 Spiritum
1330 4895 1573 4941 sanctum
1619 4896 1680 4935 ca
1703 4878 2122 4934 deliberantibus
2158 4890 2327 4946 θυεμ·

2440 4900 2523 4937 σιν
2553 4881 2690 4937 αὐτὰ
2720 4884 2831 4944 τοῖς
2859 4880 2985 4949 ’περὶ⁵
3017 4878 3192 4931 αὐτῶν
3222 4873 3719 4943 διασκεπτομένοις.

794 4993 915 5032 rere
942 4977 1291 5030 demonstret.

1252 5053 1357 5123 33
1372 5057 1594 5113 CANON
1631 5053 1763 5111 Vill.
3051 5058 3285 5114 ΚΑΝΩΝ
3322 5057 3396 5108 H'.

872 5175 889 5208 ι
936 5156 1011 5210 De
1051 5156 1118 5209 iis
1151 5155 1239 5223 qui
1271 5154 1473 5206 alienas
1504 5153 1688 5204 domos
1713 5146 1976 5201 hostiliter
2004 5145 2206 5215 ingredi
2234 5160 2327 5197 aus

2520 5173 2538 5205 ι
2581 5155 2712 5225 Περὶ
2742 5152 2846 5205 τῶν
2877 5151 3042 5213 οἴκοις
3080 5146 3373 5215 ἀλλοτρίοις
3417 5144 3661 5196 ἐπελθεῖν
3706 5141 3997 5212 τολμησάνο

800 5262 821 5294 ο
870 5258 997 5299 sunt
1046 5245 1096 5296 in
1148 5242 1498 5295 barbarorum
1536 5239 1860 5290 incursione.
1906 5234 2011 5288 Eos
2055 5244 2230 5287 autem
2261 5248 2327 5299 qu

2451 5265 2467 5296 ι
2505 5263 2611 5298 των
2650 5248 2703 5297 ἐν
2735 5246 2798 5313 τῇ
2828 5244 2933 5295 τῶν
2967 5240 3250 5310 βαρϐάρων
3272 5236 3555 5306 ἐπιδρομῇ.
3584 5234 3725 5295 Τοὺς
3757 5233 3811 5285 δὲ
3842 5233 3999 5289 οἴκοις

802 5354 821 5385 ι
869 5336 1075 5387 alienas
1111 5333 1297 5386 domos
1341 5328 1593 5381 invadere
1622 5326 1737 5379 ausi
1770 5324 2000 5387 fuerint,
2042 5324 2085 5375 si
2119 5330 2327 5374 accusat

2454 5355 2471 5389 ι
2509 5335 2802 5407 ἀλλοτρίοις
2835 5333 3074 5385 ἐπελθεῖν
3102 5330 3473 5398 τολμήσαντας
3498 5366 3511 5388 ,
3562 5326 3655 5377 ἐὰν
3702 5324 3800 5393 μὲν
3845 5336 4001 5387 κατη-

803 5444 821 5475 ε
869 5426 1087 5493 quidem
1128 5421 1358 5476 convicti
1412 5418 1648 5479 fuerint,
1715 5430 1811 5468 nec
1854 5414 2126 5467 auditione
2164 5412 2324 5481 digno

2454 5447 2473 5479 ι
2515 5424 2832 5498 γορηθέιτες
2864 5420 3176 5491 ἐλεγχθῶσι,
3207 5418 3337 5488 μηδέ
3364 5416 3462 5485 τῆς
3489 5416 3807 5485 ἀκροάσεως
3846 5409 3999 5475 ἀξιῶ-

801 5538 822 5566 ε
869 5515 1196 5571 existimare.
1226 5511 1319 5565 Sin
1349 5518 1526 5563 autem
1566 5506 1852 5559 iudicarint
1883 5520 1939 5558 se
1972 5505 2117 5572 ipsos
2149 5517 2211 5556 ac
2240 5502 2327 5554 red

2458 5537 2475 5568 ι
2517 5534 2632 5569 σαι-
2664 5515 2755 5567 ἐὰν
2799 5513 2853 5565 δὲ
2880 5513 3075 5572 αὐτοὺς
3110 5508 3358 5571 ἐξείπωσι
3394 5504 3485 5556 καὶ
3519 5503 3791 5556 ἀποδῶσιν
3813 5541 3825 5565 ,
3856 5502 3912 5554 ἐν
3939 5498 4001 5561 τῇ

804 5626 823 5655 ε
868 5605 1141 5665 diderint,
1211 5605 1263 5657 in
1312 5616 1496 5656 corum
1545 5600 1633 5668 qui
1685 5606 2066 5652 convertuntur
2115 5591 2327 5647 ordinem

2462 5627 2479 5661 t
2515 5609 2620 5662 τῶν
2648 5605 3083 5676 ύποστρεφόντων
3110 5600 3256 5663 τάξει
3290 5598 3629 5650 ὑποπίπτειν.
3675 5616 3692 5647 ι

808 5716 826 5749 ι
872 5698 1159 5754 substerni.
1193 5717 1211 5747 ι
