4124 6476
269 375 370 441 ω

1215 378 1287 439 ΙΝ
1323 378 1556 441 EPIST.
1590 382 1646 442 S.
1678 381 2057 441 GllEGORll
2117 379 2546 439 NEOCASSAR.

2644 18 2999 25 ii__v________,(

3374 371 3480 435 542

329 505 523 559 Bm.
552 503 883 574 Παχυμερῶς
912 502 1176 557 διαλαϐὼν
1196 503 1223 555 6
1245 502 1394 570 ἅγιος
1427 506 1552 573 περὶ
1584 505 1688 557 τῶν
1718 507 1812 576 ἀρ-

1979 503 2136 562 Βιιε.
2174 502 2466 574 Postquam
2504 514 2723 560 sanctus
2754 499 2928 587 fusius
2961 507 3267 561 tractaverit
3295 505 3363 562 de
3401 508 3469 563 iis

255 595 550 650 πασάντων
577 594 610 663 ἢ
645 592 948 664 εὑρηκότων
980 592 1274 663 πράγματά
1301 608 1458 645 τινων
1485 595 1759 663 alxpalurr
1769 612 1813 647 ι-

256 685 529 745 σθέντων,
579 684 699 735 ὅσον
740 683 875 745 τέως
904 686 981 745 είς
1021 682 1110 733 τὸν
1139 681 1291 748 λόγον
1344 682 1452 735 τῶν
1498 684 1809 754 ἐπιτιμίωνο

256 773 386 845 ἄρτι
415 774 505 825 καὶ
530 772 595 826 τὰ
629 772 739 842 εἴδη
781 773 880 841 τῆς
918 772 1197 841 μετανοίας
1232 774 1345 842 ἦτοι
1378 772 1487 826 τῶν
1528 774 1807 844 ἐκκλησια-

258 863 459 915 στικῶν
492 863 775 932 ἐπιτιμίων
800 862 1020 932 ἄρχεται
1045 862 1237 928 λέγειν.
1280 862 1388 914 Καὶ
1420 863 1613 916 αὐτίκα
1652 863 1814 934 διορι-

261 952 436 1015 ζεται,
492 952 575 1003 ἵνα
635 951 763 1020 μηδὲ
818 949 952 1019 μετά
990 948 1094 1001 τῶν
1128 951 1486 1019 ἀκροωμένων
1537 952 1803 1017 ἱστῶνται,

257 1042 394 1094 ἀλλά
442 1041 576 1112 μετά
616 1041 721 1107 τῶν
765 1041 1191 1112 προσκλαιόντων
1247 1040 1443 1105 ἔξωθεν
1477 1042 1573 1111 τῆς
1623 1045 1817 1114 ὲκκληο

261 1133 383 1194 σίας
405 1172 419 1194 ,
439 1132 487 1184 οί
517 1132 853 1201 ἁρπάσαντες
879 1128 1114 1182 τοιοῦτόν
1128 1146 1179 1182 τι
1206 1133 1433 1199 πρᾶγμα
1451 1130 1812 1201 αἰχμαλώτου,

259 1224 357 1275 καὶ
391 1223 463 1292 μὴ
491 1220 933 1291 ἀντιστρέψαντες
950 1219 1097 1282 αὐτὸ,
1125 1220 1255 1273 ἀλλὰ
1271 1221 1656 1290 ἀναμείναντες
1673 1238 1811 1275 κατ-

265 1311 499 1383 ηγορίαν
544 1312 636 1363 καὶ
661 1310 875 1378 ἔλεγχον
894 1309 980 1361 διὰ
1006 1309 1102 1379 τὴν
1146 1309 1389 1380 ἄρνησιν.
1428 1312 1564 1374 Τοὺς
1605 1311 1659 1363 δὲ
1689 1313 1815 1365 ἑαυ-

258 1404 387 1466 τοὺς
418 1400 904 1472 προσαγγείλαντας
931 1402 1022 1453 καὶ
1047 1401 1232 1462 δόντας
1260 1399 1558 1464 καλοθελῶς
1575 1400 1678 1471 πρὸ
1690 1401 1816 1454 ἀνα·

259 1489 447 1557 γωγῆς
480 1488 517 1540 ἀ
549 1488 856 1555 ἀφείλοντο,
898 1486 1187 1557 διορίζεται
1215 1486 1303 1541 διὰ
1334 1487 1430 1557 τὴν
1460 1488 1818 1557 μεταμέλειαν

263 1574 634 1645 συνεύχεσθαι,
663 1575 825 1643 ἤγουν
855 1575 1230 1639 συνίστασθαι,
1270 1575 1407 1644 μετά
1433 1575 1541 1628 τῶν
1578 1578 1814 1632 πιστῶνσ

1905 597 1999 665 qui
2040 604 2350 664 rapuerunt,
2390 595 2473 650 vel
2517 596 2871 665 quorumdam
2902 597 3231 663 captivorum
3262 612 3348 651 res
3381 597 3466 650 in-

1906 694 2209 749 venerunt,
2261 682 2403 752 quod
2466 685 2530 735 ad
2586 698 2865 751 pennarum
2918 684 3179 737 rationem
3228 685 3462 748 attinet;

1909 790 2053 829 nunc
2078 788 2295 842 quoque
2322 773 2529 840 species
2556 771 2899 839 paenitentiae,
2932 772 3045 825 sive
3076 773 3467 826 ecclesiastica-

1915 880 2032 918 rum
2074 879 2352 932 puenarum
2400 863 2584 929 incipit
2616 862 2814 915 dicere.
2865 860 2929 914 Et
2990 862 3172 915 statim
3222 862 3464 915 decernit

1910 964 1968 1009 ut
2014 969 2110 1008 nec
2155 963 2297 1009 stent
2328 968 2448 1006 cum
2483 952 2863 1015 audientibus,
2914 952 3006 1006 sed
3053 966 3175 1004 cum
3224 951 3467 1005 deflenti-

1909 1043 2029 1105 bus,
2066 1051 2213 1096 extra
2245 1041 2558 1103 ecclesiam,
2602 1040 2693 1108 qui
2740 1056 2850 1093 rem
2898 1040 3095 1107 captivi
3128 1050 3461 1108 rapuerunt,

1907 1140 1960 1187 et
1990 1147 2107 1185 eam
2138 1146 2243 1186 non
2288 1135 2654 1191 restituerunt,
2685 1130 2778 1184 sed
2809 1130 3205 1183 accusationem
3248 1139 3301 1183 et
3340 1146 3467 1197 pro-

1908 1220 2177 1277 bationem
2215 1230 2591 1289 exspectarunt
2637 1228 2850 1286 propter
2913 1218 3308 1271 infitiationem.
3359 1218 3464 1271 Eos

1908 1320 2085 1365 autem
2125 1311 2216 1379 qui
2259 1325 2316 1364 se
2363 1310 2508 1378 ipsos
2533 1308 2854 1372 detulerunt,
2885 1315 2939 1360 et
2976 1321 3072 1361 sua
3116 1316 3307 1375 sponte
3344 1322 3466 1375 quae

1907 1400 2199 1462 abstulere,
2240 1406 2362 1452 ante
2393 1399 2659 1452 actionem
2710 1397 2993 1461 dederunt,
3027 1397 3215 1449 statuit
3246 1406 3302 1449 ut
3335 1412 3465 1465 pro-

1910 1498 2027 1557 pter
2049 1489 2413 1557 pmnitentiam
2438 1496 2867 1554 comprecentur,
2899 1502 2993 1541 seu
3017 1489 3312 1541 consistant
3340 1502 3463 1541 cum

1910 1576 2182 1641 fidelibus;
2216 1575 2628 1630 substernantur
2680 1584 2859 1629 autem
2905 1576 3045 1636 illis,
3091 1590 3155 1628 eo
3194 1576 3334 1643 quod
3366 1590 3462 1627 co-

261 1665 589 1717 ύποπίπτειν
616 1664 671 1716 δὲ
698 1663 872 1722 αὐτῶν
892 1664 979 1726 διά
1004 1663 1066 1715 τὸ
1088 1663 1485 1731 ἀναγκάζεσθαι
1506 1665 1818 1737 ὲξέρχεσθαι

1912 1675 2108 1736 guntur
2149 1666 2328 1734 egredi
2364 1680 2487 1720 cum
2526 1664 2948 1719 catechumenis.
2991 1664 3068 1719 Ac
3112 1665 3192 1718 lex
3244 1665 3461 1733 quidem

268 1770 407 1825 μετα
434 1754 538 1807 τῶν
572 1754 1007 1825 κατηχουμένων.
1042 1755 1150 1806 Καὶ
1188 1756 1217 1807 6
1242 1756 1337 1825 μὲν
1371 1756 1817 1826 ἑκκλησιαστικὺς

1912 1755 2265 1809 ecclesiastica
2301 1768 2395 1808 eos
2431 1755 2512 1809 sic
2542 1757 2715 1822 punit.
2759 1752 2869 1809 Lex
2907 1768 3035 1807 vero
3078 1754 3251 1807 civilis
3283 1762 3465 1822 rapto-

265 1845 432 1915 νόμος
453 1844 591 1898 οὕτω
620 1835 839 1905 τούτόυς
867 1842 1081 1907 κολάζει
1098 1860 1112 1873 ο
1140 1845 1168 1895 6
1195 1844 1253 1897 δὲ
1280 1845 1549 1910 πολιτικὸς
1573 1848 1695 1911 τοὺς
1723 1847 1820 1919 ἆρ-

1912 1860 1996 1899 res
2024 1844 2165 1913 quod
2189 1844 2255 1897 ab
2281 1844 2413 1911 ipsis
2444 1854 2655 1911 raptum
2687 1853 2768 1896 est
2793 1843 2952 1896 etiam
2984 1852 3104 1896 ante
3135 1844 3464 1896 condemna-

264 1951 447 2003 παγας
475 1936 566 1988 καὶ
598 1935 701 2005 πρὸ
728 1934 1015 2003 καταδίκης
1047 1934 1412 2004 προσάγοντας
1439 1934 1499 1987 τδ
1525 1934 1616 1989 ὑπ’
1641 1936 1820 1990 αὐτῶν

1912 1936 2113 1989 tionem
2154 1936 2477 1999 offerentes,
2536 1948 2640 1986 non
2675 1934 2949 1997 admittit,
2997 1932 3089 1986 sed
3145 1933 3465 1986 condemnat

266 2024 514 2097 ἀρπαγὲν
544 2024 604 2077 οὐ
636 2023 1016 2094 προσδέχεται.
1065 2024 1177 2076 ἀλλ’
1224 2026 1302 2085 εἰς
1338 2024 1398 2076 τὸ
1433 2025 1820 2094 τετραπλάσιον

1912 2025 1963 2077 in
2008 2025 2387 2093 quadruplum.
2456 2023 2594 2077 Dicit
2633 2024 2776 2075 enim
2822 2038 2943 2091 cap.
2994 2022 3047 2083 6,
3106 2021 3172 2075 l7
3225 2024 3346 2084 tit.,
3394 2037 3465 2075 ιι

266 2115 630 2178 καταδικάζει.
660 2115 795 2183 Φησὶ
820 2115 932 2181 γὰρ’
951 2130 1074 2181 κεφ.
1100 2119 1174 2177 ς’,
1203 2113 1293 2165 τοῦ
1321 2114 1384 2177 ιζ’
1432 2112 1628 2176 τίτλον,
1666 2114 1753 2167 τοῦ
1774 2115 1816 2182 ξ’

270 2207 473 2277 βιϐλίου
492 2223 506 2236 ·
550 2207 607 2258 '0
635 2204 815 2275 ἀρπαξ
844 2206 943 2257 οὑκ
969 2204 1361 2257 ἀπαλλάττεται
1375 2206 1474 2274 τῆς
1506 2206 1693 2274 ποινῆς
1715 2202 1820 2276 πρὸ

267 2297 368 2367 τῆς
393 2296 547 2373 δίκης
575 2296 860 2366 προσάγων
901 2295 962 2347 τὸ
1009 2297 1257 2365 πρᾶγμα.
1298 2295 1405 2348 Καὶ
1446 2296 1586 2365 θεμα
1631 2296 1695 2360 ζ’,
1726 2296 1819 2349 τοῦ

274 2384 317 2456 βί
365 2384 554 2453 κεφαλ.
596 2383 688 2435 τοῦ
723 2383 883 2437 αὐτοῦ
911 2383 1112 2453 βιϐλίου
1130 2383 1221 2436 καὶ
1236 2382 1409 2437 τίτλου
1428 2400 1442 2413 ·
1470 2384 1820 2437 Είσωοὲνιαυ-

270 2475 365 2528 τοῦ
394 2474 455 2527 τὸ
486 2473 679 2543 ἀληθὲς
725 2472 818 2526 τοῦ
852 2473 1169 2543 πράγματος
1204 2471 1412 2543 τίμημα
1432 2472 1825 2544 τετραπλάσιά-

273 2565 445 2631 ζεται,
466 2565 527 2617 ού
554 2565 657 2635 μὴν
680 2564 740 2616 τὸ
766 2563 1039 2633 διαφέρον.
1068 2564 1240 2631 Ὅπερ
1258 2562 1314 2615 δέ
1341 2579 1505 2632 φησιν
1540 2562 1766 2617 ἐνταῦθα
1795 2566 1823 2617 6

274 2653 429 2721 ἅγιος
452 2652 606 2722 χάριν
643 2651 750 2702 τῶν
782 2650 887 2718 πρὸ
916 2649 1207 2719 καταδίκης
1238 2649 1331 2701 καὶ
1377 2649 1703 2719 κατηγορίας
1743 2649 1823 2701 δι-

1908 2108 2005 2173 lib.
2034 2130 2048 2166 :
2082 2111 2288 2181 Raptor
2326 2127 2485 2181 paena
2515 2128 2620 2165 non
2638 2112 2901 2165 liberatur
2932 2113 3197 2166 oblatione
3220 2115 3292 2167 rei
3340 2124 3465 2169 ante

1907 2204 2074 2257 litem.
2134 2202 2195 2256 Et
2242 2203 2416 2256 thema’
2465 2202 2494 2253 7
2522 2240 2539 2265 ,
2581 2217 2696 2270 cap.
2739 2202 2774 2255 2
2818 2202 3056 2271 ejusdem
3122 2203 3210 2256 lib.
3245 2214 3298 2257 et
3329 2204 3408 2256 tit.
3444 2217 3461 2257 :

1908 2291 2048 2347 Intra
2093 2308 2293 2347 annum
2347 2308 2533 2345 verum
2580 2292 2810 2360 pretium
2875 2293 3304 2360 quadruplatur,
3357 2308 3460 2347 non

1906 2392 2083 2436 autem
2134 2382 2186 2436 id
2240 2382 2383 2449 quod
2444 2381 2687 2435 interest.
2754 2381 2907 2447 Quod
2952 2390 3129 2433 autem
3192 2381 3279 2435 hic
3332 2383 3463 2436 dicit

1907 2486 2124 2526 sanctus
2156 2470 2222 2525 de
2264 2471 2330 2524 iis
2371 2470 2464 2539 qui
2514 2481 2638 2524 ante
2672 2471 3175 2524 condemnationem
3217 2479 3270 2524 et
3304 2486 3463 2526 accu-

1907 2560 2166 2614 sationem
2214 2575 2326 2614 rem
2365 2562 2683 2627 restituunt,
2726 2562 2810 2615 lex
2856 2562 3007 2630 jubet
3038 2562 3087 2615 id
3120 2562 3232 2616 fieri
3275 2563 3327 2616 in
3371 2579 3463 2621 eos

1906 2648 2000 2717 qui
2057 2650 2256 2718 aliquid
2322 2666 2387 2705 ex
2453 2653 2636 2720 aliquo
2701 2661 2846 2706 metu
2921 2665 3259 2722 acceperunt.
3326 2656 3465 2713 Dicit

274 2744 468 2797 δόντων
491 2742 551 2795 τὸ
581 2740 897 2810 ἀφαιρεθὲν,
930 2739 1086 2792 τοῦτο
1122 2740 1151 2790 6
1190 2739 1352 2809 νόμος
1398 2738 1820 2809 παρακελεύεται

1912 2739 2047 2791 enim
2081 2738 2114 2793 5
2154 2739 2366 2807 thema,
2413 2739 2481 2795 15
2519 2756 2664 2809 cap.,
2686 2742 2720 2795 2
2764 2742 2868 2809 ιίι.,
2893 2759 2925 2796 x
2970 2744 3098 2797 lib.:
3131 2745 3285 2800 Actio
3308 2747 3464 2816 cujus

274 2820 521 2901 γίνεσθαι
547 2833 626 2893 εἰς
655 2831 778 2893 τοὺς
812 2828 949 2883 κατά
982 2828 1142 2897 φόϐον
1170 2828 1427 2889 λαϐόντας
1466 2846 1518 2881 τι
1556 2829 1619 2880 ὲκ
1661 2828 1820 2890 τινός.

1912 2838 2081 2880 metus
2117 2844 2309 2895 causa,
2352 2839 2434 2885 est
2460 2831 2665 2897 libera;
2698 2841 2752 2886 et
2789 2832 2909 2886 licet
2946 2833 2994 2886 ei
3021 2834 3278 2890 adversus
3302 2852 3461 2904 quem

274 2923 411 2994 Φησὶ
442 2922 547 2992 γάρ
571 2920 630 2973 τὸ
661 2926 697 2972 ε’
726 2919 884 2989 θὲμα,
928 2918 1022 2971 τοῦ
1052 2923 1117 2985 ιγ’
1159 2917 1371 2985 κεφαλ.,
1407 2915 1500 2970 τοῦ
1541 2916 1582 2986 β’
1617 2916 1816 2979 τίτλου,

1912 2916 2106 2987 agitur,
2136 2917 2200 2970 ad
2234 2920 2551 2972 sententiam
2584 2936 2753 2989 usque
2780 2936 2891 2974 rem
2934 2924 3236 2983 restituere.
3270 2932 3325 2977 et
3354 2941 3459 2977 non

277 3014 372 3068 τοῦ
404 3012 625 3066 δεκάτου
659 3010 888 3080 βιϐλίον’
952 3010 1015 3063 Ἦ
1052 3008 1139 3062 διά
1180 3008 1340 3078 φόϐον
1368 3008 1601 3071 αἰτίασις
1634 3008 1820 3078 αίρετή

1912 3011 2037 3064 dare
2084 3010 2464 3079 quadruplum.
2521 3010 2613 3064 Est
2675 3020 2853 3064 autem
2909 3019 2964 3064 et
3014 3010 3112 3064 alia
3165 3012 3461 3066 differentia

276 3105 393 3158 hct
412 3120 426 3134 ο
456 3103 549 3156 καὶ
574 3101 748 3165 ἔξεστι
772 3099 846 3171 τῷ
878 3100 1184 3169 ὲναγομένῳ
1216 3098 1373 3170 μέχρι
1402 3098 1580 3169 ψήφου
1618 3098 1820 3151 ἀποκα-

1912 3113 2095 3153 eorum
2129 3100 2221 3166 qui
2260 3100 2310 3151 vi
2368 3115 2454 3153 res
2501 3098 2773 3160 auferunt,
2821 3107 2876 3153 et
2918 3114 3105 3153 eorum
3139 3103 3229 3168 qui
3259 3101 3459 3169 aliquid

275 3192 536 3262 ταστῆσαι
563 3191 622 3242 τὸ
648 3190 893 3258 πρᾶγμα,
923 3190 1015 3241 καὶ
1044 3188 1117 3257 μὴ
1158 3186 1337 3240 δοῦναι
1371 3186 1431 3238 τὺ
1474 3184 1820 3255 τετραπλοῦν.

1912 3188 1981 3242 ab
2005 3189 2187 3257 aliquo
2213 3197 2356 3242 metu
2383 3188 2671 3256 accipiunt.
2727 3189 2984 3256 Raptores
3028 3189 3167 3241 enim
3200 3206 3304 3245 una
3333 3207 3456 3247 cum

278 3282 437 3333 Ἐστι
462 3280 519 3333 δὲ
542 3282 635 3332 καὶ
658 3280 816 3348 ἑτέρα
842 3277 1068 3348 διαφορά
1086 3277 1189 3329 τῶν
1212 3276 1391 3345 βιαίως
1417 3273 1820 3344 ἀφαιρουμένων

1912 3278 2194 3346 quadrupli
2221 3278 2570 3330 retributione
2593 3278 2750 3331 etiam
2776 3277 3131 3343 infamantur;
3164 3280 3255 3347 qui
3281 3290 3459 3335 autem

278 3373 573 3445 πράγματα
598 3366 815 3423 καὶτῶν
853 3370 991 3421 κατά
1021 3369 1181 3436 φόϐον
1212 3367 1584 3437 λαμϐανόντων
1627 3383 1677 3418 τι
1715 3364 1820 3418 ἀπό

1912 3376 2111 3419 metum
2155 3366 2469 3430 intulerunt,
2520 3364 2573 3418 in
2605 3366 3001 3421 existimatione
3046 3377 3248 3422 tantum
3287 3370 3459 3424 labem

277 3477 421 3524 τινος
444 3477 457 3491 ο
484 3461 532 3511 οἰ
563 3461 657 3529 μὲν
680 3460 786 3527 γὰρ
810 3460 1051 3528 ἅρπαγες
1095 3460 1189 3510 σὺν
1228 3460 1293 3527 τῇ
1329 3456 1577 3509 ἀποδόσει
1614 3454 1707 3507 τοῦ
1734 3472 1820 3508 τε-

1914 3452 2151 3522 aliquam
2177 3456 2522 3509 contrahunt.

277 3548 517 3619 τραπλοῦ
556 3548 647 3600 καὶ
693 3547 1033 3617 ἀτιμούνται’
1077 3548 1125 3600 οἰ
1163 3547 1217 3603 δὲ
1262 3546 1421 3615 φόϐον
1444 3544 1828 3612 ἐπαγαγόντες,

282 3638 593 3691 σπιλοῦνται
623 3639 776 3709 μόνον
803 3638 940 3691 κατά
964 3638 1059 3708 τὴν
1086 3636 1365 3705 ὑπόληψιν.

356 3728 595 3779 ΖΩΝΛΡ.
624 3728 689 3779 Oi’
715 3743 855 3788 τινες
882 3726 937 3778 δὲ
964 3725 1192 3793 ἐπῆλθον
1217 3724 1385 3787 οτκοις
1408 3723 1699 3795 ἀλλοτρίοις
1739 3725 1831 3787 καὶ

280 3818 532 3886 ἥρπασαν
560 3815 761 3870 ἐκεῖθεν
792 3816 1060 3886 χρήματα,
1100 3808 1262 3880 οὗτοι,
1294 3815 1473 3884 φησὶν,
1495 3816 1543 3867 εί
1562 3820 1680 3886 μὲν,
1699 3833 1828 3868 κατο

283 3905 642 3976 ηγορηθέντες
702 3906 793 3958 καὶ
834 3904 1180 3975 ἀρνούμενοι,
1233 3904 1554 3973 ἐλεγχθῶσιν
1577 3943 1593 3970 ,
1635 3906 1832 3975 ὁμοίως

282 4000 396 4059 τοῖς
418 3998 835 4067 ,προειρημένοις
855 3996 946 4050 καὶ
974 3997 1071 4065 τῆς
1097 3994 1405 4067 ἀκροάσεως
1430 3994 1830 4058 κωλυέσθωσαν,

285 4086 380 4139 καὶ
415 4086 550 4156 μετά
582 4086 688 4137 τῶν
717 4086 1145 4155 προσκλαιόντων
1170 4084 1535 4154 τετάχθωσανσ
1566 4086 1614 4136 εἰ
1634 4083 1692 4137 δὲ
1717 4084 1834 4136 ὲαυ·

282 4174 414 4235 τοὺς
445 4166 748 4237 ἐξείπωσιν,
773 4174 805 4243 ἢ
834 4172 936 4245 πρὸ
967 4173 1057 4225 τοῦ
1102 4173 1540 4243 κατηγορηθῆναι
1586 4172 1837 4242 ὁμολογή-

287 4279 455 4315 σωσιν
482 4262 832 4332 ἀγνοούμενον
852 4262 913 4313 τὸ
933 4263 1247 4331 ἁμάρτημα,
1267 4263 1359 4313 καὶ
1379 4261 1619 4314 ἀποδοῖεν
1632 4261 1666 4314 ἀ
1688 4260 1828 4329 ἀφεί-

286 4355 458 4416 λοντο,
485 4353 720 4406 ἔστωσαν
747 4355 803 4406 ὲν
835 4352 1396 4435 τοῖς-ὑποστρέφουσιν
1425 4352 1531 4404 ἀπὸ
1548 4352 1835 4422 ἁμαρτίας,

1986 3732 2182 3788 Zona.
2214 3734 2314 3800 Qui
2338 3749 2462 3789 vero
2481 3736 2682 3789 alienas
2708 3734 2899 3789 domos
2930 3733 3239 3787 imlaserunt
3272 3748 3466 3803 resque

1919 3827 2040 3881 inde
2074 3828 2400 3895 surripuere,
2449 3827 2545 3891 illi,
2582 3827 2773 3894 inquit,
2806 3826 2851 3880 si
2879 3826 3094 3894 quidem
3121 3826 3356 3878 accusati
3402 3841 3466 3880 ac

1920 3924 2270 3984 pernegantes
2312 3916 2539 3970 convicti
2583 3915 2797 3981 fuerint,
2828 3931 2950 3971 cum
2998 3914 3063 3968 iis
3104 3916 3305 3981 pariter
3330 3930 3467 3981 quos

1921 4022 2081 4074 supra
2116 4005 2351 4061 diximus
2386 4008 2452 4061 ab
2490 4008 2763 4061 auditione
2797 4020 3010 4075 quoque
3049 4006 3467 4073 prohibeantur,

1922 4105 2081 4163 atque
2105 4096 2157 4148 in
2180 4096 2419 4149 flentium
2445 4097 2685 4149 ordinem
2719 4098 3053 4164 relegenter;
3084 4096 3166 4149 sin
3200 4106 3375 4149 autem
3411 4112 3469 4149 sc

1925 4185 2070 4252 ipsos
2099 4184 2424 4247 detexerint,
2464 4194 2558 4237 aut
2600 4196 2724 4239 ante
2765 4186 3162 4240 accusationem
3198 4185 3467 4238 occultum

1925 4272 2126 4325 crimen
2150 4271 2387 4326 confessi
2418 4271 2636 4336 fuerint,
2663 4288 2854 4342 resque
2879 4274 3083 4327 ablatas
3112 4273 3470 4335 reddiderint,

1925 4360 2320 4414 constituantur
2366 4361 2419 4413 in
2465 4375 2651 4414 eorum
2682 4362 2868 4415 ordine
2899 4362 3050 4429 quia
3087 4368 3304 4428 peccato
3349 4375 3476 4413 con-

291 4445 536 4498 τουτέστι
559 4445 655 4513 τῆς
691 4444 891 4510 τάξεως
913 4444 1019 4496 τῶν
1039 4442 1465 4503 ὑποπιπτόντων,
1490 4441 1679 4504 οἵτινες
1710 4441 1820 4493 ὑπο

1928 4455 2225 4510 vertuntur,
2269 4449 2371 4502 hoc
2409 4458 2512 4513 est,
2552 4450 2738 4503 ordine
2781 4449 3196 4511 substratorum,
3225 4448 3317 4516 Qui
3350 4462 3474 4501 cum

296 4534 640 4604 συνεύχονται
674 4534 770 4604 μὲν
793 4537 903 4595 τοίς
928 4535 1133 4595 πιστοῖς
1176 4533 1429 4595 εἰσιόντες
1458 4532 1537 4595 εἰς
1570 4532 1659 4584 τὸν
1695 4532 1836 4597 ναὸν,

291 4626 602 4698 ἐξέρχονται
623 4626 679 4678 δὲ
706 4626 779 4687 ὡς
802 4627 850 4676 οἰ
884 4625 1287 4694 κατηχούμενοι.

890 4715 1125 4769 ΚΑΝΩΝ
1176 4714 1250 4766 Θθ.

371 4827 392 4860 1
430 4808 563 4878 Περὶ
604 4808 709 4860 τῶν
756 4808 812 4857 ὲν
840 4806 916 4875 τῷ
960 4804 1183 4873 πεδίῳῆ
1232 4806 1287 4856 ὲν
1324 4805 1435 4864 τοῖς
1487 4802 1634 4863 ἰδίοις
1677 4802 1842 4861 οἴκοις

300 4918 319 4950 1
358 4897 620 4969 εὑρόντων
663 4897 731 4949 τά
780 4896 883 4948 ὑπὸ
932 4895 1038 4947 τῶν
1077 4892 1359 4963 βαρϐάρων
1406 4890 1837 4956 καταλειφθέντα.

300 5010 323 5043 1
360 4991 499 5051 Τοὺς
522 4989 577 5041 δὲ
621 4990 677 5040 ὲν
727 4987 886 5055 πεδίῳ
915 4985 1168 5055 εὑρόντας
1212 5000 1263 5034 τι
1305 4982 1339 5051 ἢ
1379 4983 1436 5033 ὲν
1478 4984 1596 5042 ταῖς
1641 4978 1844 5031 ἑαυτῶν

303 5098 322 5129 1
361 5078 559 5138 οἰκίαις
587 5074 934 5140 καταλειφθὲν
973 5074 1075 5125 ὑπὸ
1118 5070 1225 5123 τῶν
1266 5068 1579 5138 βαρϐάρων,
1609 5068 1701 5118 ἐὰν
1749 5067 1842 5135 μὲν

304 5186 325 5216 1
365 5163 825 5234 κατηγορηθέντες
869 5159 1190 5229 ἐλεγχθῶσιν
1210 5197 1225 5220 ,
1253 5158 1450 5225 ὁμοίως
1480 5158 1536 5206 ἐν
1575 5159 1683 5217 τοῖς
1715 5156 1843 5206 ὑπο-

306 5273 325 5305 1
370 5255 682 5305 πίπτουσιν
716 5250 807 5303 ἐὰν
848 5248 903 5300 δὲ
934 5247 1154 5307 ἑαυτοὺς
1180 5244 1432 5310 ὲξείπωσι
1460 5243 1551 5294 καὶ
1576 5241 1839 5304 ἀποδῶσι,

308 5364 326 5396 1
368 5344 461 5396 καὶ
489 5342 583 5410 τῆς
614 5341 773 5409 εὑχης
802 5338 1044 5401 ἀξιῶσαι.
1077 5355 1093 5385 ι

379 5434 568 5486 ΒΑΛΣ.
602 5432 821 5499 Εἴρηται
850 5426 1063 5478 ὄπισθεν
1092 5424 1215 5493 περὶ
1246 5421 1351 5473 τῶν
1391 5421 1647 5485 λεγόντων
1675 5417 1845 5485 εὑρεῖν

302 5523 671 5591 ἀνεπιμέ).ητα
703 5518 769 5569 τὰ
800 5516 904 5568 τῶν
948 5511 1478 5583 αἰχμαλωτισθέντων
1532 5509 1846 5577 πράγματα,

305 5616 398 5666 καὶ
430 5608 739 5664 ἰδιώσασθαι
768 5605 920 5659 αὐτὰ.
954 5605 1060 5656 Καὶ
1100 5601 1193 5654 νῦν
1219 5601 1274 5652 δὲ
1318 5599 1601 5667 διορίζεται
1643 5600 1670 5649 6
1698 5599 1847 5661 ἆγιος

305 5707 432 5763 τοὺς
465 5704 522 5752 ἐν
551 5701 666 5757 ταῖς
694 5696 885 5754 οἰκίαις
911 5694 1013 5745 τῶν
1042 5688 1569 5759 αἰχμαλωτισθέντων
1596 5684 1845 5753 εὑρόντας

1930 4535 2173 4593 fidelibus
2216 4538 2427 4605 quidem
2460 4547 2743 4606 precantur
2778 4539 3031 4607 templum
3061 4540 3339 4602 intrantes,
3376 4553 3479 4592 eae-

1932 4634 2103 4679 tcrum
2128 4642 2274 4680 more
2299 4630 2803 4681 catechumenorum
2836 4628 3201 4696 egrediuntur.

2526 4717 2750 4771 GANON
2795 4718 2884 4772 IX.

2008 4824 2030 4858 1
2065 4806 2136 4862 De
2167 4806 2232 4860 iis
2256 4807 2423 4875 quiin
2455 4823 2582 4875 agro
2612 4809 2695 4861 vel
2721 4810 2773 4862 in
2796 4809 2999 4862 aedibus
3026 4808 3140 4862 suis
3180 4823 3265 4867 ea,
3295 4822 3415 4873 quae
3447 4820 3483 4859 α

1939 4912 1960 4947 1
2006 4896 2250 4951 barbaris
2279 4898 2456 4950 relicta
2482 4908 2628 4959 sunt,
2668 4900 3004 4951 invenerunt.
3043 4896 3148 4950 Eos
3183 4896 3363 4948 autem
3386 4896 3481 4963 qui

1941 5002 1964 5038 1
2007 4986 2060 5039 in
2096 5002 2284 5055 campo
2320 4988 2520 5055 aliquid
2571 4990 2909 5049 invenerunt,
2936 4988 3018 5041 vel
3060 4988 3113 5040 in
3142 4987 3256 5041 suis
3277 4987 3483 5039 aedibus

1941 5094 1961 5126 1
2008 5092 2038 5128 a
2069 5077 2309 5133 barbaris
2343 5079 2612 5140 relictum,
2645 5079 2691 5132 si
2726 5080 2960 5131 accusati
2992 5076 3206 5145 quidem
3253 5079 3484 5130 convicti

1944 5183 1963 5216 1
2008 5166 2224 5232 fuerint,
2255 5170 2361 5222 sint
2385 5170 2633 5222 similiter
2657 5170 2796 5221 inter
2812 5184 2904 5222 eos
2926 5169 3015 5236 qui
3040 5168 3483 5230 substernuntur;

1946 5275 1965 5309 1
2008 5258 2090 5312 sin
2119 5268 2296 5311 autem
2326 5275 2382 5313 se
2405 5260 2551 5327 ipsos
2579 5259 2863 5311 dvtulerint
2882 5267 2935 5312 et
2954 5256 3299 5320 reddiderint,
3324 5256 3484 5308 etiam

1947 5363 1966 5397 1
2012 5347 2258 5413 precibus
2284 5346 2431 5415 digni
2471 5346 2789 5397 habeantur.
2840 5363 2856 5393 ι

2013 5431 2168 5486 Βλιε.
2218 5432 2423 5485 Dictum
2465 5444 2547 5485 est
2594 5431 2840 5498 superius
2865 5431 2930 5483 de
2960 5431 3024 5491 iis
3062 5430 3158 5496 qui
3205 5428 3391 5480 dicunt
3429 5443 3486 5479 se

1945 5520 2211 5573 invenisse
2226 5535 2308 5573 res
2321 5520 2652 5587 captivorum
2681 5518 2941 5585 neglectui
2968 5519 3198 5578 habitas,
3222 5525 3273 5567 et
3301 5530 3491 5567 carum

1943 5609 2045 5660 sibi
2089 5607 2463 5675 proprietatem
2490 5607 2811 5659 vindicasse.
2846 5606 2995 5658 Nunc
3044 5614 3217 5657 autem
3248 5604 3487 5655 decernit

1945 5707 2184 5761 sanctus,
2203 5707 2295 5750 eos
2320 5698 2409 5764 qui
2432 5713 2515 5749 res
2549 5699 2879 5763 Captivorum
2910 5696 2961 5747 in
2988 5694 3236 5747 domibus
3262 5694 3483 5749 invene-
