4124 6472
745 355 852 420 543

1999 348 2092 405 ἸἸί
2108 345 2266 404 EUD.
2316 341 2707 403 BALSAMON

3847 336 3943 402 ειι

742 499 886 553 runt,
911 498 1093 557 utpote
1119 502 1225 542 non
1262 502 1292 540 a
1332 485 1571 539 barbaris
1601 483 1823 542 ablatas,
1852 479 1930 533 vel
1960 479 2010 531 in
2037 477 2136 530 viis
2185 476 2267 530 ab

2392 473 2710 542 πράγματα,
2731 471 2805 534 ὡς
2832 468 2903 540 μὴ
2940 469 3087 540 παρὰ
3116 468 3220 522 τῶν
3249 465 3534 540 βαρϐάρων
3565 465 3938 540 ἀφαιρεθέντα,

735 580 919 645 jectas,
945 578 1169 631 fortasse
1188 587 1396 645 propter
1415 574 1640 642 pondus,
1661 574 1902 625 inventas
1917 567 2127 636 quidem
2143 566 2280 620 bona

743 671 844 721 lide
877 670 1244 722 restituentes.
1277 668 1326 717 in
1347 664 1452 735 34
1471 664 1709 732 perferto
1732 662 1896 730 gradu
1928 669 2070 713 stare
2102 658 2303 712 debere

745 767 865 804 cum
888 751 1152 804 fidelibus.
1169 752 1261 804 Sin
1283 763 1458 804 autem
1477 747 2056 805 condcmuatifuerint.
2077 745 2299 800 colloca-

744 842 790 894 ri
808 856 932 894 cum
951 842 1016 894 iis
1033 843 1123 910 qui
1142 843 1586 904 substernuntur,
1605 839 1808 893 scilicet
1823 838 2003 907 egredi
2019 852 2138 891 cum
2161 847 2302 889 cate-

742 929 1044 980 cliumenis.
1065 925 1183 979 HAEC
1199 942 1318 978 cum
1345 926 1412 977 ita
1437 941 1490 978 se
1517 926 1765 987 habeant,
1789 924 2282 991 dixeritquispiam,

743 1037 834 1074 eos
871 1021 945 1073 sic
977 1021 1169 1086 puniri.
1201 1021 1290 1086 qui
1326 1033 1420 1085 pro
1450 1034 1505 1070 re
1535 1018 1746 1070 inventa
1781 1018 2104 1069 restituenda
2156 1030 2285 1068 con-

745 1110 1139 1162 demnationem
1183 1116 1518 1174 exspectant,
1561 1098 1678 1158 es'se
1709 1106 2067 1173 justissimum
2092 1145 2106 1168 .
2145 1119 2284 1173 quo-

747 1200 891 1252 niam
924 1197 1051 1250 furti
1080 1211 1291 1264 quoque
1324 1195 1534 1247 actione
1563 1205 1842 1257 tenentur,
1873 1194 2166 1249 secundum
2208 1195 2285 1247 le-

747 1303 885 1355 gem,
915 1301 1034 1354 quae
1067 1286 1228 1338 dicit:
1260 1283 1366 1335 Fur
1389 1291 1470 1336 est
1492 1284 1581 1350 qui
1612 1299 1718 1336 rem
1745 1285 1971 1336 alienam
1995 1289 2287 1336 contrectat

749 1385 937 1442 prater
967 1375 1168 1426 domini
1200 1373 1548 1435 voluntatem,
1593 1376 1768 1426 sciens
1791 1374 1839 1424 id
1879 1373 1952 1424 illi
2004 1372 2284 1425 molestum

746 1480 882 1518 esse.
915 1465 1048 1516 Cum
1080 1462 1321 1514 ﬁdelibus
1343 1472 1518 1514 autem
1545 1463 1862 1523 consistere,
1889 1471 1941 1514 et
1976 1475 2284 1514 sacramen-

750 1553 816 1605 tis
870 1561 1074 1604 tantum
1101 1565 1204 1602 non
1239 1551 1445 1618 dignari
1471 1565 1592 1602 eum
1622 1552 1711 1618 qui
1741 1565 1796 1602 se
1824 1551 1994 1616 ipsmn
2019 1550 2282 1611 detulerit,

749 1651 798 1693 et
824 1642 986 1708 probe
1006 1655 1114 1692 rem
1142 1641 1409 1691 inventam
1433 1638 1654 1699 dederit,
1684 1655 1875 1692 novum
1903 1649 2015 1700 est;
2045 1649 2124 1692 est
2145 1639 2286 1692 enim

751 1731 930 1796 potius
963 1727 1294 1780 Eucharistia
1321 1727 1530 1794 dignus.
1557 1729 1720 1795 utqui
1749 1743 1857 1781 rem
1889 1729 2080 1794 captivi
2110 1743 2289 1780 serva-

2391 563 2424 633 ἢ
2455 562 2545 616 καὶ
2577 561 2715 615 κατά
2743 560 2837 623 τὰς
2882 561 3032 622 ὀδοὺς
3074 559 3311 629 ῥιφέντα,
3347 561 3434 614 διά
3467 563 3526 614 τὸ
3559 562 3725 634 βάρος
3763 561 3934 629 τυχὸν,

2391 653 2863 712 ἀποκαθιστῶντας
2894 651 2990 719 μὲν
3033 649 3382 719 εὐγνωμόνως
3425 651 3491 704 τὰ
3532 652 3839 721 εὑρεθέντα,
3865 653 3938 713 είς

2390 745 2478 796 τὸν
2524 744 2684 794 τόπον
2732 741 2976 794 ἵστασθαι
3020 741 3108 792 τὸν
3145 741 3342 794 τέλειον
3378 742 3512 811 μετά
3549 743 3656 796 τῶν
3702 742 3934 795 πιστῶν

2393 836 2438 886 εί
2467 833 2519 884 δὲ
2550 831 2999 892 καταδικασθῶσι,
3029 831 3313 883 τάττεσθαι
3345 833 3438 884 σὺν
3469 836 3578 894 τοῖς
3612 832 3937 886 ὑποπίτττουο

2393 938 2495 982 σιν,
2522 924 2684 989 ἤγουν
2709 919 3020 988 ὲξέρχεσθαι
3052 920 3184 988 μετά
3215 921 3320 972 τῶν
3352 922 3788 990 κατηχουμένων.
3814 918 3939 974 Τού-

2391 1030 2495 1065 των
2523 1011 2691 1073 οὕτως
2736 1012 2963 1080 ἑχόντων
2984 1051 2998 1073 ,
3030 1012 3170 1062 είποι
3212 1027 3314 1074 τις,
3344 1011 3419 1074 ὼς
3449 1012 3510 1063 τὸ
3552 1011 3693 1063 οὕτω
3728 1011 3939 1075 κολάζε-

2395 1103 2515 1155 σθαι
2554 1103 2678 1164 τοὺς
2714 1100 3076 1169 ἀναμένοντας
3129 1102 3422 1170 καταδίκην
3464 1102 3623 1172 χάριν
3667 1103 3936 1168 ἀντιστρο-

2393 1193 2496 1260 φῆς
2543 1192 2632 1243 τοῦ
2659 1191 2978 1260 εὑρέματος,
3009 1190 3337 1242 δικαιότατον
3391 1193 3536 1242 ἑστιν
3562 1230 3576 1252 ,
3628 1191 3707 1241 ὄντι
3755 1189 3847 1241 καὶ
3877 1192 3937 1257 τῇ

2393 1281 2520 1349 περὶ
2562 1280 2764 1348 κλοπῆς
2795 1281 2982 1349 ἀγωγῇ
3016 1281 3318 1349 ἐνέχονται.
3353 1278 3492 1331 κατά
3538 1279 3626 1331 τὸν
3666 1279 3830 1347 νόμον
3857 1285 3939 1330 τον

2392 1371 2642 1436 λεγονταο
2707 1369 2954 1439 κλέπτης
3013 1371 3157 1422 ιστὶν
3210 1372 3238 1422 6
3279 1369 3340 1421 τὸ
3384 1368 3657 1439 ἀλλότριον
3716 1371 3940 1440 πρᾶγμα

2391 1460 2651 1528 ψηλαφῶν
2682 1459 2830 1530 παρά
2861 1456 3081 1528 γνώμην
3115 1457 3206 1510 τοῦ
3237 1458 3492 1510 δεσπότου
3535 1461 3591 1510 ἐν
3628 1459 3826 1527 είδὴσειι
3853 1457 3939 1510 τοῦ

2391 1550 2628 1617 λυπῆσαι
2669 1549 2848 1601 αὐτόν.
2886 1549 2958 1600 Τὸ
2987 1549 3043 1600 δὲ
3087 1548 3430 1600 συνίστασθαι
3461 1549 3571 1609 τοϊς
3595 1550 3824 1610 πιστοῖς,
3856 1549 3941 1599 καὶ

2395 1640 2552 1704 μόνον
2589 1639 2662 1710 μὴ
2706 1637 2981 1702 ἀξιοῦσθαι
3019 1639 3074 1692 δὲ
3117 1638 3224 1690 τῶν
3274 1639 3625 1707 ἀγιασμάτων
3660 1639 3750 1690 τὸν
3783 1653 3941 1707 προσ-

2392 1730 2716 1797 αγγείλαντα
2741 1729 2930 1780 ἑαυτὸν
2951 1730 3042 1780 καὶ
3069 1729 3417 1796 εὐγνωμόνως
3443 1728 3600 1781 δόντα
3628 1729 3688 1779 τὸ
3721 1728 3939 1796 εὕρεμα.

752 1818 906 1877 verit,
939 1826 991 1871 et
1023 1822 1188 1883 ipsam
1214 1817 1526 1870 restituerit.
1567 1815 1631 1868 Et
1675 1818 1792 1870 ideo
1815 1818 1996 1870 dicunt
2024 1817 2286 1882 nonnulli,

2393 1821 2574 1874 καινόν
2609 1823 2782 1872 ἔστιν·
2815 1818 2959 1882 ἄξιος
2993 1818 3100 1888 γὰρ
3147 1817 3340 1885 μᾶλλον
3379 1819 3738 1887 Εὑχαριστίας
3780 1818 3937 1878 ίιστὶν,

752 1923 874 1958 cum
899 1906 1143 1960 ﬁdelibus
1167 1907 1588 1969 consistentiam,
1605 1917 2062 1961 sacramentorum
2080 1921 2290 1976 quoque

754 2000 1207 2067 participationem
1240 2000 1398 2053 tacite
1434 2001 1706 2066 consequi.

825 2267 1018 2320 lorum.
1056 2265 1296 2326 Barbati.
1325 2281 1442 2320 cum
1499 2267 1942 2334 depopularentur
1991 2267 2288 2335 regionem,

758 2374 841 2413 res
874 2359 1131 2424 quasdam
1192 2368 1518 2424 rapuerunt;
1578 2372 1806 2425 moxque
1859 2357 1939 2408 vel
1966 2356 2104 2409 obvii
2167 2355 2290 2410 facti

758 2449 1092 2507 melioribus,
1121 2448 1198 2500 vel
1226 2450 1427 2515 gravati
1455 2449 1840 2515 pondere,cum
1867 2463 1984 2514 qua:
2009 2454 2296 2514 rapuerant

760 2540 897 2591 ferre
925 2539 1142 2589 minime
1183 2547 1421 2604 possent,
1454 2538 1646 2604 partim
1675 2553 1769 2604 per
1795 2552 2010 2603 campos
2032 2537 2290 2604 abiecere,

759 2623 949 2688 partim
1006 2623 1057 2674 in
1093 2623 1394 2689 aliquorum
1453 2625 1674 2685 a-dibus,
1728 2624 1779 2675 in
1831 2625 2026 2690 quibus
2075 2625 2292 2677 meliora

759 2713 889 2764 forte
918 2721 1242 2778 repererant,
1273 2713 1583 2777 deposuere.
1641 2712 1954 2779 Quicuoque
1991 2713 2169 2781 igitur,
2206 2714 2291 2765 in-

758 2801 892 2866 quit,
923 2812 1010 2852 aut
1043 2802 1094 2850 in
1119 2802 1322 2866 campis
1355 2811 1445 2853 aut
1489 2803 1539 2853 in
1578 2803 1688 2854 suis
1737 2803 1980 2854 domibus
2002 2804 2178 2865 aliqua
2209 2801 2291 2852 in-

760 2890 1128 2950 venerunt,illi
1156 2891 1196 2941 si
1234 2891 1447 2956 quidem
1480 2892 1712 2943 accusati
1739 2900 1790 2942 ct
1821 2891 2045 2943 convicti
2077 2889 2294 2950 fuerint,

761 2979 897 3028 inter
917 2991 1009 3029 eos
1032 2978 1122 3044 qui
1143 2978 1558 3030 substernuntur
1583 2979 1755 3030 locum
1779 2979 2056 3044 accipiant.
2088 2975 2143 3029 Si
2170 2991 2296 3028 vero

2391 1910 2466 1973 ὥς
2510 1911 2569 1963 τὸ
2601 1912 2828 1980 πρᾶγμα
2880 1908 2972 1960 τοῦ
3023 1907 3538 1976 αίχμαλωτισθέντος
3565 1907 3805 1975 φυλάξας
3855 1908 3943 1959 καὶ

2393 1999 2844 2066 ἀποκαταστήσας
2872 1997 3022 2049 αὐτό.
3059 1996 3147 2048 Διὸ
3175 1997 3267 2048 καὶ
3300 1996 3514 2062 λέγουσί
3539 2013 3686 2059 τινες
3721 1996 3942 2049 συνέπιε

2397 2089 2514 2141 σθαι
2551 2091 2616 2157 τῇ
2653 2089 2787 2158 μετὰ
2835 2087 2943 2138 τῶν
2986 2087 3188 2138 πιστῶν
3233 2089 3516 2150 συστάσει,
3564 2087 3657 2141 καὶ
3703 2085 3801 2156 τὴν
3844 2087 3945 2138 τῶν

2396 2177 2743 2247 ἀγιασμάτων
2779 2177 2988 2246 μέθεξιν
3022 2177 3328 2247 σιωπηρῶς.

2465 2269 2701 2320 ΖΩΝΑΡ.
2750 2269 2813 2319 Oi
2848 2267 3135 2336 βάρϐαροι,
3183 2266 3560 2335 λεηλατοῦντες
3600 2267 3699 2336 τὴν
3744 2266 3943 2338 χώραν.

2395 2359 2634 2427 ἥρπαζον
2689 2359 3012 2426 πράγματα’
3064 2358 3157 2410 καὶ
3212 2357 3244 2426 ἢ
3293 2357 3561 2425 κρείττοσι
3610 2359 3745 2426 μετά
3786 2360 3944 2411 ταῦτα

2397 2449 2825 2516 ἐντυγχάνοντες.
2848 2449 2887 2517 ἢ
2917 2448 3001 2500 διὰ
3034 2448 3195 2518 βάρος
3227 2447 3300 2516 μὴ
3327 2448 3606 2516 δυνάμενοι
3637 2450 3826 2519 φέρειν
3853 2451 3945 2502 ὅσα

2397 2539 2664 2606 ἥρπασαν,
2699 2538 2766 2589 τά
2800 2540 2892 2606 μὲν
2938 2540 2994 2589 ἑν
3023 2538 3098 2606 τῷ
3131 2538 3292 2606 πεδίῳ
3339 2537 3622 2607 ἔρριπτον.
3660 2539 3728 2591 τὰ
3759 2541 3814 2593 δὲ
3860 2543 3946 2593 καὶ

2396 2628 2452 2676 ἐν
2495 2627 2685 2688 οίκίαις
2733 2627 2928 2689 τινῶν,
2975 2630 3030 2679 ὲν
3079 2622 3163 2690 αἷς
3218 2628 3342 2690 ίσως
3387 2629 3637 2682 καλλίονα
3679 2629 3943 2699 εὕρισκον.

2399 2717 2549 2768 Ὅσοι
2596 2716 2757 2784 γοῦν,
2812 2719 3003 2785 φησὶν,
3050 2714 3201 2787 εὗρόν
3246 2735 3364 2771 τινα
3411 2723 3466 2772 ὲν
3504 2720 3581 2788 τῷ
3632 2721 3796 2789 πεδίῳ
3831 2721 3861 2788 ἢ
3895 2721 3946 2772 ὲν

2397 2809 2513 2866 ταῖς
2547 2807 2751 2858 ἑαυτῶν
2805 2807 3036 2869 οίκίαις,
3088 2802 3264 2869 οὗτοι,
3294 2811 3341 2859 εί
3397 2810 3492 2876 μὶν
3539 2809 3947 2878 κατηγορηθῶσι

2399 2895 2490 2946 καὶ
2522 2895 2832 2962 ἐλεγχθῶσι,
2874 2897 3246 2947 ταττέσθωσαν
3290 2899 3344 2949 ιν
3373 2901 3484 2958 τοῖς
3527 2899 3941 2950 ὑποπίπτουσιν·

2400 2982 2492 3034 ὲάν
2545 2983 2599 3034 δὲ
2656 2984 2877 3045 ἑαυτοὺς
2928 2985 3391 3053 προσαγγείλωσι,
3451 2988 3542 3037 καὶ
3594 2987 3862 3039 ἀποδῶσιν
3915 2987 3948 3038 ἀ

760 3083 816 3118 se
849 3067 993 3132 ipsos
1021 3067 1330 3151 detulerint,
1356 3081 1415 3119 ac
1439 3081 1499 3118 ea
1532 3082 1649 3132 qum
1675 3069 1921 3119 invenere
1951 3067 2293 3130 reddiderint,

2401 3066 2589 3141 εὗρον,
2639 3075 2730 3126 ut
2763 3074 2860 3142 τῆς
2909 3076 3069 3143 εὐχῆς
3117 3075 3516 3140 ἀξιούσθωσανο
3575 3076 3740 3145 ἤγουν
3792 3078 3944 3146 μέχρι

763 3155 1069 3222 precatione
1099 3171 1314 3223 quoque
1335 3155 1479 3224 digni
1514 3156 1809 3208 habeantur
1838 3175 1849 3207 :
1886 3155 1984 3208 hoc
2010 3164 2108 3216 est,
2137 3155 2201 3206 ad
2229 3153 2293 3207 [l-

764 3259 882 3295 nem
908 3258 1075 3309 usque
1105 3245 1429 3310 precationis
1460 3260 1580 3297 cum
1613 3244 1855 3298 ﬁdelibus
1881 3245 2199 3309 consistant,
2232 3257 2294 3298 ac

764 3346 790 3381 a
827 3339 1008 3382 sancta
1045 3331 1421 3382 communione
1469 3330 1840 3382 tantummodo
1868 3337 2182 3391 arceantur;
2209 3327 2292 3378 vi-

763 3417 948 3468 delicet
991 3417 1286 3482 usquedum
1327 3418 1688 3483 pmnitcntiam
1734 3417 2164 3482 ostenderint,et
2193 3415 2294 3468 bac

763 3521 976 3573 quoque
999 3505 1143 3575 digni
1177 3506 1568 3558 existimentur.

1367 3593 1588 3647 CANON
1621 3595 1686 3647 x.

836 3703 854 3734 ι
900 3684 1004 3738 Eos
1034 3693 1210 3738 autem
1244 3683 1331 3750 qui
1365 3695 1579 3737 servant
1607 3685 1871 3749 mandata,
1919 3684 2120 3752 absque
2151 3683 2296 3736 omni

767 3793 784 3823 ι
829 3775 967 3841 turpi
1019 3774 1170 3826 lucro
1199 3788 1411 3825 servare
1440 3783 1679 3840 oportet;
1735 3788 1830 3827 nec
1863 3773 2040 3826 indicii
2074 3773 2153 3824 vel
2199 3787 2296 3825 cu-

766 3882 784 3914 i
825 3864 1030 3926 stodite,
1073 3862 1152 3914 vel
1195 3861 1516 3912 inventionis
1547 3862 1794 3928 pretium,
1841 3862 1921 3915 vel
1978 3875 2298 3931 quocunque

767 3970 788 4004 ε
833 3954 1047 4006 nomine
1077 3951 1178 4004 hoc
1217 3951 1500 4016 appellant,
1531 3950 1819 4017 exigentes.
1863 3968 1880 4000 ι

830 4041 989 4094 ltus.
1016 4041 1148 4092 Cum
1189 4039 1492 4109 admisisset
1527 4048 1744 4092 sanctus
1767 4039 1960 4090 bonam
1992 4052 2178 4092 eorum
2204 4053 2298 4092 vo-

763 4134 1042 4189 luntatem,
1066 4128 1154 4193 qui
1189 4139 1244 4178 se
1276 4125 1421 4191 ipsos
1445 4125 1749 4178 detulerunt
1793 4134 1844 4178 et
1900 4127 2173 4180 inventum
2202 4126 2294 4180 be.

765 4217 950 4271 nevole
973 4215 1340 4272 reddiderunt,
1361 4214 1562 4281 adjicit,
1581 4217 1721 4283 quod
1747 4216 1788 4268 si
1818 4215 1852 4267 ii
1881 4215 2038 4268 velint
2065 4211 2296 4266 mandati

767 4307 854 4360 Dei
881 4307 1253 4360 observatores
1277 4303 1467 4365 videri,
1499 4306 1692 4357 debent
1716 4305 1916 4372 absque
1945 4305 2133 4372 quovis
2159 4300 2298 4370 turpi

765 4395 915 4448 lucro
943 4411 1054 4448 rem
1095 4396 1361 4448 inventam
1395 4395 1632 4448 reddere.
1676 4393 1956 4446 Deﬁnitum
1992 4403 2164 4446 autem
2194 4399 2294 4456 est,

763 4497 868 4537 non
903 4487 1112 4552 exigere
1138 4496 1382 4551 Oportere
1412 4500 1532 4538 eum
1565 4484 1654 4551 qui
1699 4484 1922 4544 invenit,
1971 4483 2035 4534 ab
2091 4497 2155 4535 eo
2205 4483 2295 4550 qui

763 4572 1004 4638 captivus
1044 4571 1164 4635 fuit,
1189 4575 1267 4626 vel
1293 4573 1496 4637 indicii,
1527 4573 1602 4625 vel
1630 4573 1906 4634 custodire,
1934 4572 2011 4624 vel
2039 4571 2300 4624 inventio-

765 4662 847 4712 nis
872 4661 1121 4727 pretium,
1155 4663 1231 4713 vel
1264 4663 1461 4728 aliquid
1486 4663 1658 4722 aliud;
1699 4677 1762 4714 eo
1797 4661 1939 4728 quod
1965 4677 2067 4713 non
2107 4676 2168 4714 ex
2204 4676 2294 4714 ne-

764 4752 1018 4818 gligentia
1049 4750 1413 4810 dominorum,
1440 4751 1521 4804 vel
1541 4752 1698 4803 etiam
1738 4749 1955 4802 fortuito
1990 4765 2074 4804 res
2101 4751 2294 4802 amissa

763 4840 856 4902 sit,
888 4839 978 4890 sed
1025 4854 1214 4907 magna
1247 4840 1548 4892 calamitate
1578 4847 1628 4889 et
1660 4838 1937 4891 barbarica
1969 4837 2294 4890 incursione.

763 4928 865 4993 Qui
910 4929 1049 4982 enim
1089 4946 1172 4984 res
1203 4929 1540 4984 dominorum
1586 4927 1900 4994 negligentia
1949 4927 2028 4979 vel
2081 4924 2299 4978 fortuito

766 5021 997 5086 perditas
1027 5019 1343 5072 invenerunt
1384 5027 1436 5072 et
1478 5033 1570 5071 eas
1610 5017 1929 5079 restituunt,
1979 5013 2297 5069 inventionis

763 5111 992 5176 pretium
1019 5118 1164 5162 recte
1193 5110 1430 5174 exigunt,
1461 5107 1905 5174 quemadmodum
1933 5107 2032 5158 hoc
2063 5119 2123 5156 ex
2171 5103 2298 5170 legi-

766 5200 866 5252 bus
898 5200 1143 5266 superius
1175 5198 1363 5267 positis
1395 5206 1628 5265 apparet.

841 5376 1036 5427 Zama.
1067 5377 1200 5428 Cum
1233 5375 1295 5426 iis
1325 5374 1414 5440 qui
1458 5388 1565 5424 rem
1593 5373 1816 5425 alienam
1860 5389 1886 5424 a
1931 5389 1985 5424 se
2032 5372 2290 5424 inventam

765 5465 1112 5525 denuntiant,
1163 5465 1438 5531 benignius
1486 5465 1740 5532 agr-nilum
1794 5480 1909 5517 c3sc
1964 5466 2038 5516 vir
2084 5470 2293 5517 sanctus

857 5624 968 5690 (3i)
1011 5627 1076 5678 re
1113 5628 1143 5677 εἰ
1170 5631 1182 5675 l
1209 5628 1440 5691 lentior.
1477 5625 1659 5680 Scribe
1696 5627 1796 5679 τῶν
1828 5628 2123 5697 ἀλλυτρίίνν·

2397 3162 2582 3224 τέλους
2639 3162 2738 3230 τῆς
2811 3163 2975 3232 εὐχῆς
3030 3165 3500 3233 συνεστηκέτωσαν
3548 3169 3659 3228 τοῖς
3706 3169 3944 3228 πιστοῖς,

2401 3251 2566 3321 μόνης
2625 3253 2722 3321 τῆς
2771 3253 2930 3319 ἁγίας
2997 3254 3342 3324 μεταλήψεως
3386 3255 3739 3325 κωλυόμενοι·
3790 3257 3946 3325 ἡγουν

2403 3342 2590 3412 μέχρις
2619 3343 2683 3396 ἂν
2717 3343 3009 3412 μετάνοιαν
3032 3346 3419 3410 ἐπιδείξωνται,
3443 3346 3536 3400 καὶ
3558 3346 3758 3416 ταύτης
3791 3347 3945 3409 ἀξιω-

2400 3431 2553 3484 θῶσι.

3010 3594 3241 3647 ΚΑΝΩΝ
3282 3596 3334 3646 ιο.

2477 3699 2493 3731 ι
2536 3680 2670 3743 τους
2701 3681 2756 3733 δὲ
2805 3683 2901 3752 τὴν
2943 3683 3155 3752 ἐντολὴν
3195 3682 3530 3752 πληροῦντας
3571 3683 3726 3744 ἰκτδς
3772 3680 3944 3751 πάσης

2406 3787 2424 3820 ι
2463 3771 2898 3841 αἰσχροκερδείας
2930 3773 3164 3842 πληροῦν
3191 3773 3289 3833 δεῖ.
3323 3775 3457 3844 μήτε
3504 3775 3745 3845 μήνυτρα
3775 3775 3808 3845 ἢ
3842 3773 3944 3828 σῶ-

2405 3877 2425 3910 t
2466 3877 2626 3929 στρα,
2658 3862 2689 3930 ἢ
2719 3861 2984 3931 εὖρετρα,
3018 3863 3050 3931 ἢ
3099 3857 3142 3929 ᾧ
3182 3863 3400 3932 ὀνόματι
3447 3863 3618 3916 ταῦτα
3666 3864 3942 3929 καλοῦσιν,

2413 3967 2428 4000 ι
2466 3951 2842 4012 ἀπαιτοῦντας.
2873 3969 2890 4000 ι

2471 4039 2660 4091 ΒΛΛΣ.
2696 4039 3107 4106 Ἀποδεξάμενος
3131 4039 3224 4108 τὴν
3253 4037 3630 4105 ἀγαθοθέλειαν
3652 4039 3758 4090 τῶν
3790 4054 3947 4097 προσ-

2401 4129 2762 4194 αγγειλάντων
2818 4131 3039 4191 ἑαυτοὺς
3096 4131 3186 4181 καὶ
3245 4129 3544 4180 ἀποδόντων
3602 4130 3946 4197 εὐγνωμονως

2399 4217 2460 4269 τὸ
2492 4218 2731 4288 εὕρεμα,
2764 4219 3110 4289 προστίθησιν
3156 4218 3418 4282 ὁιρᾰγιος,
3463 4217 3569 4280 ὡς,
3616 4220 3662 4269 εί
3712 4218 3946 4271 θέλουσιν

2399 4304 2544 4362 οὗτοι
2589 4309 2892 4378 λογισθῆναι
2941 4311 3217 4378 πληρωταὶ
3253 4310 3349 4376 τῆς
3394 4308 3612 4377 ἐντολῆς
3663 4309 3754 4361 τοῦ
3795 4314 3944 4374 Usen,

2340 4386 2379 4439 ί)
2401 4399 2668 4466 ὀφείλουσι
2728 4400 2893 4469 χωρὶς
2941 4397 3162 4467 αίσχροῦ
3210 4398 3430 4467 κέρδους
3465 4397 3574 4449 οἴου
3598 4399 3658 4467 δή
3683 4415 3823 4460 τινος
3853 4398 3946 4468 τὴν

2402 4487 2648 4539 ἀπόδοσιν
2680 4486 2771 4538 τοῦ
2808 4486 3100 4555 εὑρέματος
3132 4489 3318 4537 ποιεῖν.
3359 4485 3571 4555 Ὡρίσθη
3602 4487 3656 4538 δὲ
3681 4487 3756 4556 μὴ
3790 4488 3946 4540 ἀπαι-

2400 4577 2606 4630 τεῖσθαι
2655 4576 2802 4644 παρὰ
2856 4575 2947 4626 τοῦ
3005 4577 3290 4644 εὑρηκότος
3341 4576 3405 4626 ὲκ
3467 4574 3557 4626 τοῦ
3620 4575 3814 4646 μέρους
3857 4575 3946 4629 τοῦ

2403 4663 2745 4732 αἰχμαλώτου
2781 4665 3023 4733 μήνυτρα
3067 4665 3098 4730 ἦ
3134 4665 3406 4734 σῶστραῆ
3438 4663 3704 4734 εὓρετρα,
3751 4667 3784 4736 ἢ
3826 4667 3946 4720 ἀλλο

2401 4769 2474 4812 τι.
2502 4752 2587 4804 διὰ
2613 4753 2673 4804 τὸ
2709 4753 2780 4820 μὴ
2813 4752 2869 4816 ἐξ
2904 4753 3156 4820 ἀμελείας
3196 4753 3302 4804 τῶν
3343 4753 3613 4805 δεσποτῶν
3659 4755 3692 4823 ἢ
3736 4757 3831 4808 καὶ
3855 4774 3935 4808 τυ·

2403 4843 2567 4911 χαίως
2595 4843 2711 4908 γενέ
2723 4841 2838 4894 σθαι
2866 4842 2960 4910 τὴν
2982 4841 3270 4903 ἀπώλειαν,
3295 4841 3428 4895 ἀλλά
3455 4844 3562 4894 ἀπὸ
3583 4847 3945 4914 περιστάσεως

2406 4932 2642 5000 μεγάλης
2682 4934 2773 4983 καὶ
2816 4933 3112 5002 ἐπιδρομῆς
3154 4931 3505 5003 βαρϐαρικῆς.
3538 4936 3600 4988 Oi
3642 4936 3751 5006 γάρ
3791 4938 3946 5008 supr,-

2405 5022 2557 5084 κότες
2589 5023 2880 5091 πράγματα
2911 5022 2971 5086 ἐξ
2999 5023 3249 5091 ἀμελείας
3283 5024 3389 5076 τῶν
3424 5024 3689 5077 δεσποτῶν
3723 5025 3754 5095 ἢ
3788 5028 3944 5097 τύχης

2407 5113 2783 5172 ἀπολεσθέντα,
2814 5115 2905 5166 καὶ
2928 5113 3392 5179 ἀποκαθιστῶντες
3422 5115 3611 5176 ταῦτα,
3637 5118 3947 5169 ἀπαιτοῦσιν

2408 5202 2651 5271 εὖρετρα,
2686 5202 2863 5264 καθὼς
2895 5203 3049 5255 τοῦτο
3075 5205 3416 5270 ἀναφαίνεται
3459 5207 3564 5258 ἀπὸ
3590 5205 3700 5258 τῶν
3736 5207 3947 5260 ὄπισθεν

2409 5292 2889 5360 καταπρωθέντων
2920 5291 3118 5358 νόμων.

2477 5382 2709 5432 ΖΩΝΑΡ.
2779 5382 2900 5444 Τοῖς
2957 5381 3268 5450 ὁμολογοῦσι
3319 5382 3379 5436 τὸ
3429 5382 3637 5454 εὕρεμα
3686 5386 3745 5436 τὸ
3806 5384 3945 5436 ἀλλό-

2408 5486 2550 5538 τριον
2604 5469 2710 5537 (δι)
2763 5472 3290 5540 συγγνωμονέστερον
3345 5471 3672 5525 διατίθεσθαι
3724 5474 3752 5520 δ
3809 5474 3948 5538 ἅγιος
