4124 6460
751 403 850 464 547

1980 388 2678 452 'l‘llEOD.l’..\i.S.\.\lON

3851 380 3946 442 5.18

755 513 1053 570 Salvatoris
1084 514 1256 570 nostri
1301 511 1570 582 gra:iam,
1615 508 1965 573 depellamus,
2020 504 2309 572 simplicio-

2411 502 2660 569 ρέρε.διά
2689 499 2937 570 βραχέων
2991 498 3080 552 καὶ
3145 502 3240 568 τήν
3304 495 3392 549 τοῦ
3452 495 3690 563 πονηροῦ
3745 492 3941 560 πλάνην

753 621 983 674 rumque
1001 615 1234 660 mentem
1254 605 1654 658 cantirmemus.
1679 599 1865 652 Omnia
1886 597 2101 657 quidem
2117 598 2309 648 munda

2411 595 2746 660 ιπελάσωμεν
2791 592 2992 662 τῇ,τού
3031 591 3278 658 Σωτῆρος
3311 587 3677 658 ήμῶιχάριτι,
3715 586 3811 637 xui.
3853 584 3946 650 τὴν

751 700 960 753 tumidis
987 701 1002 730 ⁸
1033 717 1046 751 :
1079 699 1170 752 sed
1215 696 1553 764 impurorum
1603 703 1715 747 tum
1766 689 2096 745 conscientia
2128 729 2142 751 ,
2199 698 2309 741 tum

2411 686 2492 738 ὦν
2529 682 2910 753 ἁπλουστέρων
2966 683 3192 750 γνώμην
3229 680 3593 749 στηρίξωμεν.
3627 674 3830 730 Πάντα
3855 675 3945 741 μὲν

754 797 947 843 mutua
975 786 1153 840 omnia
1199 785 1472 837 immunda
1514 792 1658 837 sunt.
1702 769 1866 835 Miror
1893 792 2071 834 autem
2102 779 2300 833 diaboli

755 873 1044 938 vafritiem,
1073 875 1162 942 qui
1194 874 1404 926 tametsi
1431 872 1703 940 corruptio
1733 872 1954 939 luesqne
1973 879 2074 932 est,
2096 871 2300 938 cogita-

753 967 930 1020 tiones
957 964 1192 1034 suggerit
1218 966 1393 1031 specie
1423 965 1636 1032 quidem
1665 963 1892 1031 puritate
1918 961 2121 1029 Plenas.
2145 959 2296 1024 Quod

755 1057 865 1125 agit
907 1057 994 1109 ille
1043 1056 1358 1108 insidiarum
1405 1055 1584 1122 potius
1633 1069 1832 1115 causa,
1885 1068 2044 1120 quam
2094 1050 2300 1118 experi-

755 1146 941 1197 menti.
974 1143 1092 1207 Quo
1125 1144 1288 1206 enim,
1317 1154 1372 1195 ut
1399 1157 1558 1210 supra
1587 1143 1716 1204 dixi,
1748 1152 1956 1195 ascetas
1984 1158 2009 1194 ιι
2042 1149 2299 1194 consueta

755 1242 808 1284 et
839 1231 1058 1284 salutari
1087 1231 1429 1292 meditatione
1459 1245 1570 1282 ave:
1589 1239 1684 1288 tat,
1713 1238 1872 1297 atque
1917 1229 2012 1280 hac
2038 1227 2091 1278 in
2119 1241 2173 1278 re
2206 1241 2299 1278 su-

759 1323 935 1390 perior
964 1320 1181 1380 evadat,
1216 1319 1522 1387 huiusmodi
1552 1320 1796 1388 quaedam
1829 1320 2151 1378 insusurrat,
2184 1329 2302 1382 quae

758 1411 891 1463 nihil
914 1411 1034 1463 vita:
1059 1409 1326 1462 commodi
1357 1407 1588 1460 alierunt
1616 1425 1628 1460 :
1663 1408 1754 1461 sed
1784 1421 1950 1459 vanas
1981 1404 2301 1472 quaestiones

757 1509 810 1552 et
844 1514 1042 1567 nugas,
1080 1514 1108 1552 a
1151 1499 1306 1550 nobis
1355 1512 1484 1550 sane
1529 1496 1903 1566 repudiandus.
1953 1495 2091 1560 Quid
2125 1494 2300 1557 enim,

756 1602 959 1655 qurcso,
995 1588 1184 1640 dilecte
1210 1602 1271 1640 ac
1301 1587 1559 1661 piissime,
1610 1584 1811 1653 peccati
1859 1595 1947 1636 aut
1980 1584 2174 1651 impuri
2208 1598 2300 1635 na-

757 1675 916 1728 turali
953 1675 1090 1728 inest
1119 1675 1498 1728 excremento?
1531 1674 1725 1742 Ecquis
1760 1675 1889 1725 vitio
1933 1680 2134 1725 vertere
2184 1671 2304 1723 velit

761 1778 1034 1818 mucorem
1062 1777 1090 1815 e
1130 1762 1352 1816 naribus
1381 1762 1630 1830 ejectum,
1660 1761 1740 1814 vel
1769 1770 1921 1828 sputa
1954 1775 2046 1813 ore
2070 1757 2303 1812 emissa?

765 1855 962 1922 quibus
989 1853 1214 1921 plurima
1263 1868 1543 1920 possemus
1571 1852 1782 1912 addere,
1825 1851 2026 1904 ventris
2052 1851 2301 1902 nimirum

759 1957 1119 2006 excrementa,
1157 1959 1276 2012 quze
1300 1943 1514 1996 animali
1541 1942 1604 1994 ad
1635 1943 1795 1993 vitam
1831 1940 2126 1993 necessaria
2157 1947 2302 1992 sunt.

759 2031 838 2084 Ad
873 2032 1002 2094 haec,
1031 2033 1074 2085 si
1111 2033 1378 2084 hominem
1410 2044 1524 2082 esse
1552 2043 1805 2080 manuum
1842 2026 1930 2078 Dei
1956 2040 2090 2093 opus
2114 2040 2304 2078 secun-

758 2121 886 2172 dum
915 2120 1220 2188 Scripturas
1243 2122 1531 2181 credimus,
1559 2120 1828 2188 quomodo
1857 2132 1918 2168 ex
1954 2131 2084 2183 pura
2117 2125 2304 2183 poten-

759 2210 834 2263 tia
862 2224 997 2277 opus
1040 2211 1458 2262 contaminatum
1492 2209 1702 2277 prodire
1734 2205 1929 2258 valuit?
1962 2203 2021 2257 Et
2051 2205 2124 2269 si,
2160 2213 2215 2257 ut
2250 2205 2302 2256 in

763 2298 981 2352 Actibus
1009 2299 1376 2366 apostolorum
1419 2298 1632 2366 legitur,
1689 2311 1858 2364 genus
1899 2293 1988 2347 Dei
2037 2310 2226 2348 sumus
2260 2300 2302 2356 θ,

763 2389 891 2441 nihil
924 2403 1051 2442 sane
1081 2390 1133 2441 in
1161 2389 1313 2442 nobis
1341 2390 1606 2456 impurum
1653 2387 1930 2441 habemus.
1975 2385 2125 2439 Tune
2163 2385 2305 2439 enim

762 2477 936 2531 solum
967 2479 1328 2547 inquinamur,
1373 2493 1493 2532 cum
1525 2479 1740 2548 pessimi
1772 2479 1956 2533 odoris
1984 2492 2152 2544 opus.
2185 2491 2307 2544 pec-

762 2569 940 2614 catum
973 2564 1211 2625 scilicet,
1246 2579 1551 2632 operamur.
1588 2565 1652 2618 At
1685 2580 1807 2618 cum
1842 2574 2028 2632 praeter
2068 2563 2309 2616 volunta-

764 2655 868 2698 tem
931 2648 1172 2702 naturale
1216 2651 1502 2718 quodpiam
1561 2660 1956 2706 excrementum
2024 2653 2303 2712 emittitur,

764 2740 892 2788 tunc
938 2744 1143 2789 natura!
1183 2740 1536 2800 necessitate,
1586 2751 1644 2793 ut
1683 2756 1843 2809 supra
1894 2742 2096 2795 diximu
2146 2781 2159 2803 ,
2199 2741 2309 2794 haec

763 2839 885 2878 cum
919 2827 1122 2880 creteris
1172 2828 1480 2882 toleramus.
1539 2828 1640 2882 Sed
1675 2832 1797 2898 quia
1844 2832 1908 2894 ii,
1956 2832 2152 2898 quibus
2201 2844 2308 2882 una

765 2914 931 2979 probe
979 2915 1154 2977 dictis,
1188 2915 1296 2969 imo
1340 2932 1370 2970 a
1419 2916 1526 2973 Deo
1571 2921 1734 2987 gesti:
1782 2920 1942 2972 rebus
1977 2918 2307 2987 repugnandi

769 3004 906 3057 inest
934 3020 1095 3069 cura,
1131 3007 1328 3063 dictum
1376 3009 1502 3061 illud
1543 3010 1904 3078 evangelicum
1941 3012 2257 3076 detorquent
2294 3027 2305 3062 :

765 3087 882 3144 Non
914 3107 1032 3160 qua:
1063 3093 1446 3162 ingrediuntur,
1491 3097 1583 3150 sed
1631 3113 1749 3165 qme
1789 3098 2132 3161 egrediuntur
2163 3097 2310 3151 coin-

765 3182 993 3250 quinant
1045 3185 1311 3239 hominem
1355 3194 1410 3252 ³;
1465 3188 1600 3241 hanc
1657 3204 1840 3242 eorum
1898 3189 2192 3250 insaniam,
2247 3203 2312 3241 ne

767 3271 938 3326 dicam
1007 3275 1396 3340 questionem,
1449 3275 1805 3329 confutemus.
1873 3275 2108 3328 Primum
2166 3278 2307 3330 enim

2400 778 2506 845 γὰρ
2542 776 2763 842 καθαρὰ
2802 773 2916 838 τοῖς
2951 772 3252 839 καθαρῶς
3283 773 3385 824 τῶν
3417 773 3469 822 δὲ
3513 770 3831 839 ἀκαθάρτων
3858 769 3946 822 καὶ

2401 872 2431 936 ή
2466 867 2762 934 συνείδησις
2796 867 2886 917 καὶ
2913 865 2981 916 τά
3019 863 3192 916 πάντα
3225 863 3565 931 μεμόλυνται.
3623 863 3864 928 ’Λγαμαι
3892 859 3944 912 δὲ

2399 958 2492 1008 τοῦ
2516 956 2758 1008 διαεόλου
2790 957 2851 1008 τὸ
2885 956 3120 1023 σόφισμα
3150 995 3162 1016 ,
3210 955 3395 1022 ὅτιπερ
3422 993 3433 1011 ,
3488 951 3661 1021 φοορά
3689 953 3780 1003 καὶ
3807 950 3944 1018 λύμη

2401 1049 2674 1116 ὑπάρχων,
2708 1047 2996 1116 λογισμοὺς
3028 1045 3311 1098 ὑποϐάλλει
3344 1045 3420 1112 τῷ
3450 1045 3622 1097 δοκεῖν
3659 1043 3754 1110 μὲν
3784 1041 3946 1093 καθα-

2403 1139 2637 1207 ρότητος·
2681 1136 2790 1188 ἔστι
2813 1136 2868 1187 δὲ
2898 1137 2957 1189 τὸ
2984 1136 3294 1204 γιγνόμενον
3327 1135 3511 1203 ἐνέδρα
3537 1134 3732 1202 μᾶλλον
3756 1131 3788 1200 ἢ
3815 1131 3947 1183 δοκιο

2404 1228 2587 1296 μασία.
2619 1229 2732 1278 Ἱνα
2759 1228 2885 1294 γάρ,
2917 1227 2993 1288 ὼς
3019 1230 3290 1297 προεῖπον,
3317 1224 3664 1294 ἀοιτασχολήσῃ
3829 1223 3944 1282 τοὺς

2401 1315 2639 1384 ἀσκητάς
2668 1316 2766 1383 τῆς
2799 1315 2984 1384 έοίμου
3021 1317 3114 1368 καὶ
3144 1313 3509 1384 σωτηριώδους
3551 1313 3806 1382 μελέτης,
3859 1329 3924 1363 κα

2401 1405 2524 1476 δόξῃ
2553 1407 2770 1473 κρατεῖν
2791 1421 2804 1434 ο
2836 1405 2972 1457 κατά
3004 1404 3158 1458 τοῦτο
3186 1403 3406 1455 τοιαῦτα
3431 1420 3550 1455 τινα
3581 1405 3715 1454 κινεῖ
3749 1401 3946 1470 βομδύ-

2403 1511 2494 1546 κια
2515 1533 2528 1554 ,
2569 1495 2722 1547 ἅτινα
2749 1495 2900 1564 φέρει
2936 1495 3031 1562 μὶν
3061 1494 3208 1546 οὐδὲν
3238 1493 3312 1562 τῷ
3341 1493 3438 1561 βίῳ
3469 1493 3732 1562 χρήσιμον
3753 1531 3767 1553 ,
3796 1491 3948 1551 κενάς

2401 1583 2454 1633 δὲ
2474 1581 2724 1652 ζητήσεις
2742 1582 2832 1634 καὶ
2850 1579 3129 1652 φλυαρίας,
3149 1581 3212 1643 ἃς
3230 1581 3308 1632 δεῖ
3327 1579 3721 1650 παραιτεῖσθαι.
3741 1579 3806 1631 Τί
3826 1580 3946 1647 γὰρ,

2404 1674 2521 1725 είπέ
2562 1689 2668 1739 μοι,
2699 1666 2743 1725 ὦ
2782 1673 3028 1739 ἀγαπητὲ
3055 1673 3146 1725 καὶ
3175 1671 3548 1732 εὑλαὸἐστατε,
3575 1670 3679 1738 ἔχει
3710 1671 3950 1737 ἁμαρτή-

2407 1778 2480 1828 μα
2511 1761 2542 1829 ἢ
2580 1761 2880 1830 ἀκάθαρτον
2914 1763 3108 1829 φυσική
3138 1778 3219 1822 τις
3252 1761 3520 1830 ἔκκρισις;
3553 1761 3626 1822 ὡς
3658 1759 3710 1810 εἴ
3734 1775 3819 1820 τις
3843 1757 3950 1810 ὲΘέ-

2403 1848 2482 1899 λοι
2535 1848 2798 1900 ποιεῖσθαι
2844 1849 3088 1916 ἔγκλημα
3137 1850 3226 1900 καὶ
3255 1847 3349 1908 τάς
3378 1847 3465 1899 διὰ
3498 1847 3655 1914 ῥινῶν
3683 1849 3949 1914 ἐκπεμποι

2409 1939 2572 2006 μένας
2607 1939 2776 2007 μύξας
2811 1941 2902 1991 καὶ
2934 1940 2998 1990 τά
3027 1940 3111 1991 διά
3145 1940 3405 2007 στόματος
3439 1938 3727 2005 πτύσματα
3748 1953 3761 1965 ο
3794 1937 3874 1987 ἔτι
3899 1936 3950 1987 δὲ

2406 2031 2498 2081 καὶ
2525 2030 2723 2080 τούτων
2753 2031 2944 2098 ἔχομεν
2976 2029 3150 2096 λέγειν
3188 2029 3422 2089 πλείονα,
3449 2028 3544 2089 τὰς
3569 2025 3655 2078 διὰ
3678 2026 3950 2094 γαστέρων

2405 2119 2694 2188 ἐκκρίσεις,
2725 2121 2866 2190 άπερ
2895 2119 2968 2188 τῷ
2990 2119 3110 2187 {corp
3138 2118 3270 2186 πρὸς
3296 2119 3354 2169 τὸ
3380 2119 3476 2185 ζῇν
3505 2118 3772 2182 ἀναγκαῖα
3831 2113 3954 2166 καθ-

2405 2209 2649 2278 έστηκεν.
2683 2210 2799 2260 Ἔτι
2825 2225 2882 2260 τε
2931 2245 2947 2269 ,
3081 2210 3126 2260 εἰ
3156 2207 3259 2258 τῶν
3283 2207 3372 2258 τοῦ
3410 2206 3540 2258 Θεοῦ
3577 2206 3770 2274 χειρῶν
3803 2205 3954 2272 ἔργον

2405 2295 2538 2350 εἶναι
2571 2299 2890 2366 πιστεύομεν
2921 2297 3009 2350 τὸν
3037 2297 3336 2367 ἄνθρωπον,
3367 2296 3504 2347 κατά
3530 2298 3623 2357 τὰς
3649 2296 3800 2355 Θείας
3822 2294 3955 2362 Γρα-

2406 2388 2530 2456 φὰς,
2561 2389 2674 2450 πῶς
2707 2389 2931 2457 ἠδύνατο
2960 2391 3022 2439 ὲκ
3052 2387 3291 2456 καθαρᾶς
3315 2387 3590 2456 δυνάμεως
3614 2386 3773 2455 ἔργον
3799 2401 3850 2435 τι
3877 2383 3954 2450 γίο

2407 2481 2587 2534 νεσΘαι
2619 2480 3052 2550 μεμολυσμένονς
3084 2479 3190 2530 Καὶ
3223 2479 3269 2530 εί
3305 2478 3457 2544 γένος
3498 2478 3590 2529 τοῦ
3619 2477 3754 2529 Θεοῦ
3789 2478 3958 2545 ὑπάρο

2407 2589 2569 2641 χομεν
2601 2571 2735 2623 κατά
2762 2571 2858 2632 τὰς
2884 2569 3032 2631 Θείας
3053 2569 3160 2621 τῶν
3189 2569 3497 2622 ἀποστόλων
3523 2568 3774 2637 Πράξεις,
3815 2569 3957 2621 οὐδὲν

2407 2664 2597 2731 ἔχομεν
2627 2663 2683 2712 ὲν
2715 2663 2920 2722 ἑαυτοῖς
2950 2660 3273 2728 ἀκάθαρτον.
3305 2659 3431 2711 Τότε
3470 2659 3575 2728 γὰρ
3607 2660 3768 2726 μόνον
3797 2677 3956 2729 μεμο-

2406 2754 2666 2822 λύσμεοα,
2696 2755 2780 2805 ὅτε
2806 2753 2902 2820 τὴν
2929 2751 3330 2818 δυσωδεστάτην
3363 2750 3630 2818 ἁμαρτίαν
3661 2750 3956 2820 ἐργαζόμε-

2407 2843 2492 2895 θα.
2532 2843 2656 2893 Ὅτε
2688 2842 2743 2894 δὲ
2770 2842 2968 2911 φυσική
3002 2857 3084 2902 τις
3118 2840 3360 2908 ἔκκρισις
3406 2838 3710 2909 ἀϐουλήτως
3881 2841 3959 2904 γί-

2407 2945 2552 2981 νεται
2571 2968 2584 2989 ,
2617 2930 2735 2980 τότε
2766 2931 2830 2998 τῇ
2858 2931 2955 2998 τῆς
2987 2929 3198 2996 φύσεως
3235 2928 3447 3000 ἀνάγκῃ
3479 2929 3613 2996 μετὰ
3639 2927 3746 2979 τῶν
3771 2929 3956 2991 ἀλλων,

2408 3018 2481 3080 ὼς
2507 3018 2831 3087 προείπομεν
2849 3058 2862 3079 ,
2903 3021 2996 3071 καὶ
3024 3018 3180 3071 τοῦτο
3204 3019 3560 3087 ὑπομένομεν.
3600 3019 3734 3069 Ἀλλ’
3759 3019 3961 3087 ἐπειδή-

2410 3124 2514 3178 περ
2547 3108 2594 3160 oi
2628 3107 2868 3170 Θέλοντες
2900 3108 3054 3176 μόνον
3084 3107 3378 3174 ἀντιλέγειν
3408 3111 3516 3170 τοῖς
3547 3108 3718 3176 ὀρθῶς
3746 3108 3960 3177 λεγομέο

2409 3215 2516 3259 νοις
2541 3235 2555 3260 ,
2595 3197 2790 3265 μᾶλλον
2819 3197 2875 3248 δὲ
2909 3197 3054 3265 παρά
3098 3197 3230 3249 Θεοῦ
3267 3197 3672 3265 πεποιημένοις,
3723 3196 3959 3265 παραφέ-

2412 3303 2560 3356 ρουσι
2591 3288 2682 3337 καὶ
2832 3288 2990 3355 ῥητὸν
3015 3287 3358 3352 εὐαγγελικόν
3383 3303 3393 3314 ο
3413 3287 3486 3347 ὡς
3503 3287 3582 3337 ὅτι
3600 3287 3673 3337 Οὐ
3703 3286 3770 3336 τά
3793 3288 3958 3354 εἰσερ-

770 3361 1075 3430 Scripturas
1102 3378 1196 3430 pro
1238 3381 1330 3418 sua
1380 3366 1706 3433 ignorantia,
1757 3366 2030 3419 instabiles
2058 3381 2186 3419 sane
2215 3366 2308 3418 ho-

2411 3365 2610 3445 χύμενα
2644 3380 2809 3428 κοινοί
2849 3378 2936 3429 τὸν
2966 3377 3242 3446 ἄνθρωπον
3268 3417 3280 3441 ,
3334 3377 3464 3429 άλλά
3505 3376 3570 3428 τὰ
3603 3377 3956 3446 ὲζερχόμεναο

770 3453 941 3505 mines
968 3491 981 3514 ,
1013 3453 1299 3521 dcpravaut
1337 3459 1372 3506 δ.
1431 3455 1595 3509 Porro
1625 3456 1863 3508 divinum
1914 3458 2188 3510 oraculum
2232 3458 2308 3510 sic

773 3541 930 3594 habet
960 3560 973 3594 :
999 3557 1118 3595 cum
1155 3545 1370 3611 quidam
1406 3546 1545 3596 enim
1575 3586 1588 3608 ,
1619 3547 2068 3613 quemadmodum
2107 3548 2211 3608 isti,
2246 3547 2311 3599 de

771 3629 905 3683 cibis
951 3632 1279 3700 ambigerem
1303 3673 1317 3696 ,
1349 3633 1458 3700 ipse
1486 3633 1743 3687 Dominus
1774 3677 1787 3697 ,
1821 3645 1877 3687 ut
1905 3652 2088 3689 eorum
2116 3637 2313 3689 levaret

775 3715 1125 3785 ignorantiam
1148 3761 1161 3784 ,
1205 3721 1490 3790 dolumque
1524 3725 1731 3776 cunctis
1763 3733 2036 3792 releget-et,
2070 3727 2166 3789 ait,
2197 3723 2312 3779 Non

771 3823 832 3861 ca
881 3824 999 3876 qua:
1047 3811 1413 3879 ingrediuntur
1469 3814 1736 3866 hominem
1789 3815 2165 3882 coinquinare,
2222 3817 2313 3870 red

771 3915 891 3967 qtue
947 3900 1307 3968 egrediuntur.
1355 3902 1514 3954 Addit
1564 3912 1682 3970 post
1727 3904 1870 3965 haec,
1933 3914 1984 3957 et
2046 3907 2311 3959 undenam

773 3990 1116 4058 egrediuntur
1150 4005 1248 4042 τοι
1296 3992 1474 4044 corde.
1539 3992 1691 4057 Quod
1742 3994 1905 4061 probe
1975 4005 2157 4048 nosset
2208 3997 2314 4050 illic

776 4078 1116 4145 profanarum
1177 4080 1556 4148 cogitationum
1631 4083 1972 4150 aliorumque
2049 4085 2310 4137 scelerum

775 4167 945 4219 malos
991 4169 1162 4221 inesse
1206 4169 1503 4222 thesauros.
1546 4169 1766 4224 Brevin:
1815 4182 1990 4225 autem
2034 4173 2314 4239 Apostolus

777 4259 1003 4326 i.!ipsn.-n
1031 4259 1208 4311 docuit
1241 4259 1384 4312 hisce
1407 4259 1578 4312 verbis
1603 4276 1614 4308 :
1651 4259 1784 4312 Esca
1813 4277 1912 4312 non
1945 4277 2034 4312 nos
2061 4278 2316 4313 commen-

773 4352 865 4404 c'at
902 4353 1036 4406 Dco'
1069 4393 1082 4405 .
1106 4353 1221 4406 Jant
1252 4355 1443 4420 aliquis
1473 4364 1767 4421 opportune
1798 4355 1991 4408 dixerit
2022 4375 2032 4406 :
2066 4354 2315 4407 Naturale

775 4452 1170 4495 cvcrcmeutnm
1208 4444 1335 4495 nulli
1384 4459 1480 4495 nos
1513 4445 1773 4510 supplicio
1999 4445 2212 4496 addicit.
2254 4443 2316 4496 Et

777 4530 1003 4585 fortasse
1038 4533 1136 4599 ipsi
1168 4533 1354 4585 medici
1391 4537 1468 4597 (ut
1501 4535 1623 4587 hinc
1653 4534 1894 4587 homines
1929 4534 2000 4586 illi
2033 4534 2111 4586 vel
2136 4535 2202 4587 ab
2229 4550 2316 4588 ex-

777 4626 976 4676 traneis
1023 4624 1223 4692 pudore
1273 4624 1602 4687 amtiantur)
1658 4625 1934 4677 nobiscum
1995 4626 2310 4691 defendent,

2411 3467 2719 3531 ἀναγκαίως
2741 3468 2916 3522 αύτῶν
2947 3469 3037 3519 καλ¹
3063 3467 3263 3535 ταύτην
3293 3467 3388 3535 τὴν
3418 3467 3653 3532 ἀλογίαν·
3679 3468 3740 3520 οὐ
3776 3469 3881 3537 γὰρ
3901 3468 3958 3520 ἂν

2409 3556 2652 3624 είποιμεν
2799 3557 3036 3624 ζήτησιν,
3060 3555 3360 3624 ὲλέγξομεν.
3388 3557 3602 3625 Πρῶτον
3622 3557 3720 3625 μὲν
3747 3557 3854 3626 γὰρ
3873 3556 3959 3616 τὰς

2412 3645 2629 3712 Γραφάς
2657 3645 2792 3696 κατὰ
2819 3644 2915 3707 τάς
2948 3645 3078 3706 ιδίας
3104 3645 3336 3713 ἀμαθίας
3352 3646 3665 3714 ἀστήρικτοι
3691 3646 3841 3706 ὄντες
3860 3645 3960 3714 βιά-

2413 3734 2609 3798 ζονται.
2631 3737 2781 3804 Ἔχει
2809 3736 2864 3787 δὲ
2884 3737 2942 3788 τὸ
2965 3735 3104 3786 Θετον
3133 3734 3271 3786 οὕτω
3293 3736 3468 3799 λόγιον
3493 3753 3503 3765 ·
3537 3736 3708 3788 Τινῶν
3735 3737 3844 3804 γάρ
3866 3735 3960 3788 πά-

2412 3827 2492 3877 λιν
2525 3826 2731 3887 τούτοις
2769 3825 2964 3894 ὁμοίως
3000 3827 3295 3888 ὲνδυαστῶς
3329 3827 3554 3895 ἑχόντων
3589 3826 3716 3894 περὶ
3750 3825 3962 3894 βρωμὰ-

2413 3933 2546 3975 των,
2580 3915 2738 3976 αὐτὸς
2781 3917 2808 3967 ὁ
2843 3915 3041 3983 Κύριος
3071 3915 3208 3967 λύων
3250 3914 3424 3966 αὐτῶν
3452 3916 3548 3983 τὴν
3580 3915 3819 3979 ἄγνοιαν,
3849 3916 3881 3982 ἦ
3913 3915 3959 3979 γ’

2413 3998 2502 4054 οὖν
2527 4001 2619 4070 τὴν
2653 4002 2862 4069 ἀπάτην
2895 4001 3259 4070 δημοσιεύων,
3304 4006 3434 4070 φησὶ
3457 4041 3469 4062 ,
3500 4001 3590 4070 Μὴ
3622 4000 3693 4051 τά
3725 3999 3960 4069 εἰσερχε⁴

2417 4106 2548 4157 μενα
2584 4088 2925 4140 κοινοῦν-τὸν
2959 4088 3238 4157 ἄνθρωπον
3260 4129 3272 4148 ,
3327 4087 3459 4139 ἀλλά
3499 4088 3567 4139 τά
3621 4088 3959 4156 ἐξερχόμενοι.

2415 4173 2545 4229 Εἶτα
2573 4179 2782 4244 ὲπάγει,
2812 4179 2903 4229 καὶ
2926 4178 3083 4230 πόθεν
3113 4178 3435 4247 ἐξερχόμενα
3453 4195 3466 4206 ⁸
3499 4178 3565 4228 τά
3593 4178 3699 4228 ἀπὸ
3724 4177 3958 4247 καρδίας.

2427 4271 2570 4320 Ἐκεῖ
2596 4269 2700 4338 γὰρ
2723 4265 2858 4320 εἶναι
2889 4270 3010 4330 τοὺς
3035 4270 3298 4337 πονηροὺς
3329 4269 3630 4337 Οησαυροῦς
3659 4267 3767 4318 τῶν
3815 4267 3964 4334 356'}.-

2415 4360 2517 4411 λων
2541 4360 2810 4427 λογισμῶν
2834 4365 2923 4410 καὶ
2938 4361 3044 4410 τῶν
3067 4359 3237 4412 ἄλλων
3263 4359 3668 4427 ἁμαρτημάτων
3692 4358 3960 4423 γινώσκει.

2416 4447 2819 4516 Συντομιτ›τερον
2869 4448 2923 4499 δὲ
2969 4451 2995 4499 ὁ
3057 4447 3368 4510 ’Λπὸστολος
3421 4448 3547 4498 αὐτὸ
3601 4447 3964 4515 δεδιδαγμένος

2417 4537 2546 4604 φησί
2567 4553 2578 4564 ·
2615 4536 2820 4603 Βρὼμίι
2846 4537 2909 4587 δὲ
2938 4536 3087 4603 ἡμᾶς
3111 4539 3182 4588 οὐ
3208 4520 3576 4604 παραστῆσει
3735 4535 3810 4600 τῷ
3829 4533 3960 4597 Θεῷ.

2415 4625 2548 4691 Φαίή
2582 4624 2624 4675 δ’
2651 4621 2714 4675 ἄν
2748 4641 2826 4685 τις
2856 4625 2944 4674 καὶ
2971 4624 3060 4675 νῦν
3092 4625 3323 4692 εὐλόγως
3343 4643 3354 4654 ο
3387 4627 3586 4694 Φυσική
3617 4643 3700 4687 τις
3731 4625 3964 4695 ἔκκρισις

776 4713 993 4766 animali
1045 4712 1195 4765 datos
1246 4728 1363 4766 esse
1401 4713 1660 4778 Quosdam
1703 4715 2034 4766 necessarios
2081 4725 2307 4776 meatus,

2416 4713 2558 4781 ἡμᾶς
2613 4713 2670 4763 οὐ
2727 4717 3059 4784 παραστήσει
3105 4716 3238 4784 πρὸς
3272 4717 3555 4785 τιμωρίαν.
3595 4716 3745 4784 Τάχα
3789 4715 3843 4766 δὲ
3878 4716 3965 4769 καὶ

777 4801 842 4853 ad
886 4803 1132 4853 humores
1160 4801 1248 4868 qui
1291 4801 1340 4851 in
1381 4801 1602 4866 singulis
1631 4801 1891 4853 habentur
1927 4803 2177 4855 membris
2213 4820 2311 4856 no-

779 4889 903 4941 stris
956 4889 1495 4956 cgerrndos:quali1
1549 4899 1671 4942 sunt
1718 4892 1906 4956 capitis
1953 4901 2312 4949 excrementa,

770 4983 886 5050 pili,
913 4983 1382 5051 aquositatesquzc
1407 4999 1470 5036 ex
1500 4985 1674 5050 rapite
1705 4985 2027 5037 emittuntur
2061 5000 2075 5036 :
2112 4985 2317 5038 ventris

765 5073 891 5125 item
919 5086 1194 5133 secessus,
1220 5071 1414 5140 illaque
1441 5074 1888 5138 spcrmatiCorum
1917 5085 2187 5124 meatnnnt
2227 5088 2318 5125 sn-

763 5163 1060 5226 perlinitas.
1088 5162 1433 5228 Ecqumlnatn
1461 5162 1558 5215 hac
1581 5163 1631 5214 in
1664 5178 1717 5214 re
1744 5173 2020 5226 peccatum
2056 5165 2107 5216 in
2124 5165 2314 5224 Deum,

755 5265 921 5304 senex
961 5252 1390 5320 religiosissime,
1428 5267 1549 5304 cum
1574 5251 1687 5316 ipse
1714 5252 1974 5304 Dominus
1996 5253 2086 5318 qui
2119 5251 2313 5304 animal

755 5339 1022 5405 condidit,
1061 5341 1110 5392 id
1153 5343 1360 5393 curarit
1387 5339 1757 5407 etioceritque,
1818 5349 1874 5392 ut
1925 5341 2037 5393 hmc
2067 5340 2306 5392 membra

754 5441 933 5482 essent
961 5431 1526 5494 ejusmodi-meatibus
1555 5441 1840 5484 instructa.
1885 5430 2151 5484 Caeterum
2186 5432 2306 5498 quia

757 5520 1128 5586 praevertenda
1158 5531 1284 5573 sunt
1304 5521 1670 5588 improborum
1694 5531 2004 5588 argumenta
2044 5538 2055 5572 :
2085 5521 2310 5574 fortasse

757 5610 901 5662 enim
939 5612 1174 5663 dixerint
1213 5629 1224 5664 :
1264 5609 1403 5680 Ergo
1464 5627 1559 5664 nec
1602 5628 1762 5666 verus
1817 5627 2003 5664 eorum
2067 5629 2195 5666 usus
2228 5625 2311 5666 est

835 5743 849 5758 ‘
878 5729 981 5777 Tit.
1024 5747 1059 5786 ι.
1100 5732 1178 5786 13.
1263 5737 1278 5765 ³
1322 5734 1435 5786 Art.
1486 5749 1608 5797 \"l',
1661 5735 1743 5788 9.8.
1823 5736 1839 5763 ’
1872 5736 2054 5791 Matth.
2100 5754 2182 5799 xv,
2225 5739 2311 5791 ευ.

2392 5739 2405 5766 ³
2442 5739 2479 5792 ii
2517 5741 2657 5798 Petr.
2694 5758 2767 5802 ιιι,
2812 5742 2888 5797 16.

2422 4803 2600 4864 παῖδες
2631 4803 2844 4870 ἰατρῶν,
2873 4805 2956 4855 ἶνα
2987 4807 3082 4857 κᾶν
3110 4807 3170 4857 ὲκ
3199 4805 3304 4856 τῶν
3338 4806 3529 4868 ἔξωθεν
3559 4807 3963 4875 δυσωπηοῶσιν.

2420 4893 2554 4961 ὑπὲρ
2594 4895 2776 4945 τούτου
2817 4896 3274 4964 ἀπολογήσονται·
3334 4901 3413 4950 ὅτι
3445 4897 3518 4966 τῷ
3568 4897 3689 4967 (to...
3734 4899 3963 4950 δέδονται

2423 4998 2561 5042 τινες
2603 4983 2901 5049 ἀναγκαῖαι
2943 4983 3160 5046 διέξοδοι
3199 4987 3340 5036 κατά
3385 4985 3492 5036 τῶν
3523 4984 3578 5034 ἐν
3608 4986 3743 5052 ἡμῖν
3774 4985 3979 5053 ἑκάστῳ

2424 5072 2603 5138 μελῶν
2659 5076 3006 5141 τρεφομένων
3047 5075 3105 5125 τὸ
3135 5075 3390 5142 περιττὸν
3445 5076 3824 5140 ἀποπέμπειν·
3875 5071 3977 5126 οἷον

2418 5162 2661 5228 κεφαλῆς
2687 5163 3097 5232 περιττώματα,
3135 5165 3340 5233 τρίχες,
3378 5166 3471 5218 καί
3503 5165 3571 5218 τὰ
3600 5167 3708 5218 ἀπὸ
3743 5169 3978 5234 κεφαλῆς

2419 5252 2663 5318 ύδατώδη
2697 5254 3045 5322 πεμπόμενα.
3065 5257 3157 5308 καὶ
3177 5257 3408 5320 γαστρὸς
3443 5258 3865 5324 διαχωρήματα,
3894 5262 3978 5310 καὶ

2416 5343 2593 5394 τοίνυν
2621 5346 2729 5397 τῶν
2763 5348 3154 5414 σπερματικῶν
3192 5349 3378 5415 πόρων
3424 5352 3602 5400 ἐκεῖνο
3632 5351 3972 5420 περίττωμα.

2417 5435 2550 5504 Ποία
2577 5438 2752 5487 τοίνυν
2767 5438 2885 5489 ἐστι
2909 5439 3039 5507 πρὸς
3054 5434 3258 5500 Gem-ui)
3277 5441 3551 5506 πρεσϐῦτα
3572 5440 3976 5507 θεοφιλέστατε,

2420 5526 2682 5592 ἁμαρτία,
2702 5527 2864 5578 αὑτοῦ
2900 5529 2985 5580 τοῦ
3010 5529 3307 5592 πλάσαντος
3331 5532 3388 5582 τὸ
3402 5529 3508 5594 ζῶν
3524 5535 3804 5586 Δεσπότου
3820 5533 3940 5597 θελή
3959 5560 3972 5573 -

2421 5634 2607 5678 σαντος
2640 5619 2728 5670 καὶ
2749 5620 3073 5689 ποιήσαντος
3094 5622 3266 5674 ταῦτα
3294 5624 3358 5674 τά
3380 5623 3514 5692 μέλη
3536 5624 3798 5688 τοιαύτας
3837 5627 3972 5694 ἒχειν

2969 5746 3028 5796 5l
3066 5745 3187 5799 Cur.
3234 5761 3346 5803 vin.
3378 5745 3428 5798 8.
