4124 6462
221 421 325 483 54)

221 546 486 611 διεξόδους
507 564 520 611 ;
554 549 769 621 Ἐπειδὴ
799 551 852 603 δὲ

223 640 474 708 πονηρῶν
504 641 874 710 ἐναντιώματα
893 684 906 705 ,
936 644 1136 696 εῐποιεν
1165 646 1271 714 γὰρ
1296 646 1358 698 ἄν
1383 663 1394 674 ·
1431 648 1542 698 υύκ
1567 643 1657 698 οὖν
1683 648 1778 698 οὐκ

223 728 368 782 ἔστιν
408 732 648 801 ἁμαρτία
692 732 808 782 οὐδὲ
842 734 871 800 ἡ
919 732 1120 801 ἀληθὴς
1158 734 1377 802 χρῆσις,
1411 735 1456 784 εί
1484 735 1548 784 τὰ
1578 733 1778 801 ὄργανα

227 819 375 888 παρὰ
405 820 496 871 τοῦ
526 822 863 890 Δημιουργοῦ
895 823 1305 878 διαπέπλασται.
1459 824 1599 892 Πρὸς
1625 824 1778 876 τοῦτο

224 909 652 979 ἑρωτηματικῶς
687 911 880 972 αὐτοὺς
911 911 1204 980 παύσωμεν
1245 912 1571 980 φάσκοντες·
1614 913 1777 965 Ποίαν

223 995 397 1062 λέγεις
419 998 631 1065 χρῆσιν,
649 998 745 1067 τὴν
771 997 988 1066 ἔννομον
1006 1039 1018 1059 ,
1046 999 1111 1068 ἣν
1139 999 1231 1051 κα)⁸
1259 1002 1287 1052 δ
1311 999 1440 1062 Θεὸς
1464 1001 1774 1079 ἐπέτρεψεν,

222 1085 565 1148 Αὐξάνεσθε
586 1128 598 1148 ,
630 1087 798 1153 λέγων
817 1128 830 1150 ,
865 1089 961 1140 καὶ
1003 1091 1397 1154 πληθύνεσθε,
1433 1090 1528 1142 καὶ
1555 1088 1776 1156 πληρώ-

222 1193 369 1229 σατε
411 1177 523 1243 τὴν
552 1176 696 1244 γῆν·
747 1179 812 1248 ἢν
844 1181 871 1230 ὁ
907 1180 1222 1241 ’Λπόστολος
1257 1180 1546 1243 ἀπεδέξατο
1576 1179 1740 1231 είπών
1759 1197 1771 1210 ο

225 1270 416 1335 Τίμιος
450 1272 481 1320 ὀ
511 1268 694 1336 γάμος
737 1270 832 1322 καὶ
887 1271 924 1334 ἠ
957 1271 1120 1336 κοίτη
1155 1272 1436 1338 ἀμίαντος
1458 1289 1470 1301 ·
1502 1271 1533 1340 ἢ
1562 1271 1656 1340 τὴν
1687 1272 1778 1339 δη-

223 1356 370 1427 μώδη
400 1357 518 1426 μὲν,
545 1357 809 1426 λαθραίως
832 1357 886 1409 δὲ
918 1360 1007 1409 καὶ
1042 1359 1301 1427 μοιχικῶς
1329 1359 1773 1428 ὲπιτελουμένηνς

237 1447 385 1500 Ἐπεὶ
411 1447 624 1499 καὶτῶν
646 1448 837 1509 ἄλλων,
861 1447 968 1498 τῶν
989 1449 1044 1498 ὲν
1069 1447 1144 1514 τῷ
1166 1447 1262 1516 βίῳ
1283 1447 1598 1515 γινομένων,
1621 1448 1778 1516 εὑρή-

219 1553 381 1591 σουεν
408 1539 503 1600 τὰς
535 1538 790 1608 διαφορὰς
820 1538 958 1590 κατά
985 1555 1034 1589 τι
1065 1538 1348 1607 γινομένας
1367 1555 1380 1568 ο
1402 1533 1510 1590 οἷον
1537 1538 1775 1606 φονεύειν

218 1629 316 1680 οὐκ
347 1629 571 1692 ἔξεστιν.
606 1627 716 1680 ἀλλ’
746 1631 801 1680 έν
820 1629 1071 1698 πολέμοις
1220 1629 1460 1696 ἀναιρεῖν
1485 1629 1606 1690 τοὺς
1627 1627 1774 1679 ἀντι-

218 1718 418 1782 πάλους
440 1720 531 1771 καὶ
561 1719 781 1787 ἔννομον
805 1719 896 1770 καὶ
924 1718 1141 1770 ἐπαίνου
1164 1713 1330 1783 ἄξιον.
1359 1716 1512 1769 Οὕτω
1529 1715 1656 1783 γοῦν
1681 1716 1774 1768 καὶ

218 1809 388 1878 τιμῶν
413 1810 657 1878 μεγάλων
673 1812 720 1862 ot
739 1809 878 1861 κατὰ
899 1810 1127 1878 πόλεμον
1145 1806 1560 1878 ἀριστεύσαντες
1577 1806 1774 1872 ἀξιοῦνο

1210 430 1287 487 IN
1327 431 1562 489 El‘iST.
1607 429 1665 489 S.
1713 426 2112 487 A'l‘llA-NASII
2150 429 2372 488 ALEX.

1018 550 1097 603 δεῖ
1125 554 1559 624 προσλαμϐάνειν
1588 555 1652 606 τὰ
1676 557 1769 608 τῶι

1879 561 2176 619 peceatum,
2204 550 2467 619 siquidem
2505 565 2699 618 o-gana
2733 566 2760 604 a
2787 551 3061 606 conditore
3093 550 3234 605 laeta
3265 563 3429 614 sunt;

3330 431 3434 492 550

1879 639 1948 689 ita
1998 638 2343 704 loquentibus
2393 638 2498 690 illis
2545 637 2642 690 hac
2695 639 3108 708 interrogatione
3161 639 3428 692 silentium

1880 727 2216 794 imponamus
2245 747 2256 780 :
2290 729 2457 794 Quem
2485 731 2621 783 dicis
2652 747 2829 793 usum,
2865 732 3247 798 legitimumnc,
3267 745 3426 798 quem

1877 815 2017 868 Deus
2071 818 2154 870 his
2191 821 2431 885 permisit
2476 821 2693 873 verbis:
2733 820 2974 881 Crescite,
3025 832 3070 873 et
3107 822 3426 887 multiplica-

1879 909 2036 968 mini,
2079 919 2127 961 et
2173 911 2358 977 replete
2406 922 2596 964 terram
2634 920 2649 949 ί
2682 929 2694 962 :
2725 929 2883 981 quem
2938 924 2988 966 et
3029 914 3143 979 ipse
3183 913 3427 980 probavit

1877 998 2192 1064 Apostolus,
2245 1016 2362 1053 cum
2415 1002 2600 1054 dixit:
2641 1002 2957 1055 Honorabile
3011 1004 3321 1054 couimbium
3379 1013 3426 1055 et

1879 1088 2053 1139 thorus
2108 1091 2474 1144 imnmculams
2513 1099 2571 1157 ¹;
2639 1109 2705 1145 an
2778 1094 3047 1162 publicum
3114 1094 3260 1144 illum
3334 1094 3424 1158 qui

1875 1179 2178 1232 clanculum
2221 1190 2272 1233 et
2317 1182 2599 1236 libidinose
2633 1185 2949 1237 exercetur?
2978 1183 3106 1235 Nam
3138 1185 3188 1236 in
3219 1184 3428 1237 caeteris

1878 1282 2112 1336 quoque,
2138 1285 2234 1338 per
2267 1272 2402 1324 hanc
2427 1274 2587 1324 vitam
2621 1275 2704 1342 agi
2742 1275 2934 1333 solitis.
2960 1274 3202 1341 qumdam
3230 1287 3424 1326 occur-

1877 1362 2004 1406 runt
2035 1357 2221 1424 agendi
2254 1357 2564 1411 discrimina
2599 1381 2610 1413 :
2648 1359 2806 1427 quale
2836 1360 3080 1413 occidere
3116 1375 3218 1412 non
3261 1359 3421 1423 licet;

1876 1451 1928 1494 at
1955 1445 2007 1494 in
2037 1442 2175 1496 bello
2205 1445 2542 1498 adversarios
2575 1445 2893 1500 interﬁcere.
2922 1458 2974 1500 et
3007 1448 3324 1516 legitimum,
3373 1455 3426 1498 et

1877 1528 2032 1582 laude
2056 1530 2273 1598 dignum
2300 1542 2397 1585 est.
2435 1531 2522 1586 Sic
2546 1534 2754 1602 magnis
2780 1533 3046 1587 donantur
3078 1535 3309 1602 praemiis
3331 1536 3422 1602 qui

1875 1635 1932 1674 se
1966 1621 2018 1673 in
2054 1622 2190 1674 bello
2219 1631 2433 1677 strenue
2459 1632 2672 1691 gerunt,
2699 1623 2946 1691 cippique
2974 1623 3274 1691 eriguntur,
3305 1638 3424 1691 qua:

1876 1711 2129 1778 praeclara
2156 1726 2342 1764 eorum
2390 1712 2660 1764 celebrent
2692 1711 2948 1765 facinora.
2981 1711 3160 1779 Itaque
3189 1712 3420 1780 idipsum

1875 1798 2106 1864 quodam
2141 1799 2320 1859 modo,
2350 1807 2402 1851 et
2428 1801 2658 1866 quodam
2695 1809 2931 1867 tempore
2957 1813 3062 1852 non
3092 1799 3212 1852 licet
3239 1817 3251 1852 :
3285 1815 3421 1867 qua-

217 1917 302 1953 ιαι
327 1943 341 1963 ,
390 1902 480 1952 καὶ
529 1899 718 1969 στῆλαι
751 1899 952 1952 τούτων
979 1900 1276 1998 ἐγείρονται
1309 1899 1668 1969 κηρύττουσαι
1708 1899 1769 1950 τὰ

1872 1887 1994 1940 dam
2053 1897 2230 1940 autem
2284 1887 2489 1940 ratione
2538 1898 2589 1941 et
2635 1888 3030 1956 opportunitate
3097 1891 3423 1956 permittitur

1878 1979 2287 1998 --_-_,,.___--_-
2347 1977 2537 1998 p_,.__,
2943 1981 2982 1998 ._
3408 1997 3415 1998 ,

217 1989 630 2060 κατορθώματα.
668 1991 828 2041 ’Ὥστε
857 1989 917 2040 τὸ
952 1989 1252 2042 αύτδ’κατά
1283 2007 1334 2042 τι
1371 1989 1468 2058 μὲν
1511 1991 1601 2041 καὶ
1636 1991 1773 2042 κατὰ

217 2081 402 2150 καιρὸν
427 2081 522 2132 οὐκ
556 2081 762 2146 ἔξεστι,
793 2080 932 2132 κατά
968 2098 1018 2132 τι
1054 2081 1109 2132 δὲ
1142 2081 1233 2132 καὶ
1261 2080 1526 2148 εὐκαίρως
1558 2081 1770 2146 ἀφίεται

217 2173 309 2222 καὶ
360 2170 786 2241 συγκεχώρηται.
993 2173 1048 2224 Ὀ
1078 2171 1236 2232 αὐτὸς
1275 2170 1452 2221 τοίνυν
1495 2169 1648 2235 λόγος
1681 2171 1772 2221 καὶ

218 2261 343 2330 περὶ
370 2261 465 2329 τῆς
491 2261 709 2330 μίξεως·
735 2260 1011 2331 Μακάριος
1034 2261 1089 2322 ὃς
1113 2262 1168 2312 ὲν
1197 2260 1424 2328 νεότητι.
1454 2259 1611 2324 ζυγὸν
1636 2257 1770 2326 έχων

216 2351 523 2419 ιλεύθερον,
559 2354 623 2420 τῇ
669 2352 823 2416 φύσει
870 2353 997 2421 πρὸς
1027 2350 1362 2403 παιδοποιίαν
1394 2349 1686 2419 κέχρηται·
1722 2349 1767 2400 εί

217 2443 267 2493 δὲ
304 2442 436 2510 πρὸς
469 2441 770 2508 ἀσέλγειαν,
804 2442 1036 2511 πόρνους
1085 2442 1174 2492 καὶ
1207 2441 1423 2509 μοιχοὺς
1453 2442 1484 2509 ἠ
1519 2440 1665 2508 παρὰ
1693 2437 1770 2507 τῷ

227 2529 530 2598 Ἀποστόλῳ
555 2532 820 2598 γραφεῖσα
839 2529 1073 2598 τιμωρία
1099 2529 1390 2593 ἐκδέξεται.
1541 2528 1642 2580 Δύο
1663 2529 1770 2599 γὰρ

215 2619 388 2670 οὐσῶν
417 2618 548 2670 ὁδῶν
573 2621 629 2670 ὲν
650 2618 724 2687 τῷ
747 2618 844 2687 βίῳ
866 2618 990 2687 περὶ
1015 2617 1235 2679 τούτων,
1271 2617 1396 2685 μιᾶς
1424 2618 1519 2685 μὲν
1544 2633 1770 2686 μετριω-

215 2707 377 2775 τέρας
416 2708 508 2758 καὶ
542 2706 825 2774 βιωτικῆς,
856 2706 949 2757 τοῦ
977 2706 1152 2772 γάμου
1177 2705 1318 2771 λέγω
1337 2721 1350 2733 ·
1383 2705 1477 2773 τῆς
1504 2704 1558 2758 δὲ
1581 2706 1770 2775 ἑτέρας

214 2794 507 2862 ἁγγελικῆς
541 2794 632 2845 καὶ
666 2792 1084 2862 ἀνυπερϐλήτου,
1114 2789 1212 2860 τῆς
1235 2793 1525 2861 παρθενίας
1549 2810 1562 2823 '
1595 2794 1640 2845 εί
1673 2793 1770 2860 μέν

212 2901 296 2946 τις
324 2884 420 2954 τὴν
447 2883 730 2953 κοσμικὴν,
764 2881 904 2934 τοῦτ’
935 2881 1045 2933 ἐστι
1076 2881 1164 2933 τὸν
1195 2883 1390 2951 γάμον,
1416 2884 1603 2940 ἕλοιτο.
1632 2883 1769 2951 μέμ-

212 2975 304 3042 ψιν
341 2976 436 3040 μὲν
465 2974 563 3025 οὐκ
597 2972 705 3041 έχει
724 2987 736 3000 ·
770 2970 1000 3024 τοσαῦτα
1023 2971 1077 3022 δὲ
1099 2971 1408 3041 χαρίσματα
1439 2973 1498 3024 ού
1522 2973 1766 3041 λήψεται.

212 3063 455 3133 Λήψεται
489 3062 595 3130 γὰρ
617 3101 631 3124 ,
666 3061 890 3130 ἐπείπερ
919 3060 1070 3130 φέρει
1100 3060 1194 3115 καὶ
1237 3064 1396 3124 αὐτὸς
1431 3063 1637 3132 καρπὸν
1663 3061 1768 3112 τῶν

212 3153 530 3221 τριάκοντα.
697 3151 758 3202 Ei
785 3151 843 3209 ⁸δὲ
877 3151 975 3224 τὴν
1001 3152 1167 3221 ἁγνήν
1194 3169 1274 3213 τις
1303 3152 1392 3204 καὶ
1410 3151 1768 3220 ὑπερκόσμιον

213 3217 526 3302 ἀσπάσοιτο,
552 3242 598 3293 εί
625 3239 716 3292 καὶ
742 3217 965 3312 τραχεῖα
987 3217 1136 3312 παρα
1160 3227 1256 3312 τῆν
1282 3239 1498 3312 πρώτην
1520 3217 1620 3292 ’καὶ
1647 3217 1769 3292 δυσ-

1867 3231 2183 3287 lentioribus
2236 3234 2322 3288 ille
2372 3236 2684 3290 muneribus
2718 3228 3030 3289 'donandus
3081 3245 3162 3288 est
3210 3251 3223 3288 :

213 3333 551 3401 κατόρθωτος
585 3333 620 3403 ἡ
647 3333 792 3396 ὁδὸς,
821 3335 968 3403 ὅμως
991 3334 1099 3401 ἔχει
1126 3333 1437 3402 χαρίσματα
1455 3329 1766 3399 θαυμασιώο

209 3440 272 3475 τε
285 3441 378 3494 pr
411 3425 500 3476 τὸν
531 3425 636 3493 γὰρ
666 3424 866 3476 τέλειον
902 3425 1105 3493 καρπὺν
1135 3425 1230 3492 τὴν
1263 3421 1583 3474 έκατοντάδα
1613 3420 1766 3472 ἐϐλά-

219 3523 434 3578 στησεν.
472 3512 629 3563 Ὥστε
655 3512 720 3564 τὰ
751 3512 1030 3580 ἀκάθαρτα
1057 3511 1230 3563 αὐτῶν
1257 3511 1348 3561 καὶ
1376 3511 1582 3578 πονηρὰ
1605 3508 1769 3577 ζητή-

221 3616 367 3666 ματα
395 3598 570 3660 λύσεις
603 3599 736 3661 ἰδίας
766 3599 887 3666 ἔσχε
921 3601 1010 3651 καὶ
1044 3599 1192 3668 παρὰ
1221 3598 1324 3651 τῶν
1360 3598 1514 3650 θείων
1541 3599 1765 3667 Γραφῶν

219 3687 385 3740 πάλαι
415 3687 784 3757 προλυθείσας.
856 3689 1208 3758 ’Υποστήριςε
1241 3689 1433 3750 τοίνυν,
1486 3685 1530 3741 ὦ
1565 3689 1762 3754 Πάτερ,

215 3778 316 3838 τὰς
349 3777 452 3829 ὑπὸ
487 3777 678 3830 σαυτὸν
707 3777 932 3844 ἀγέλας,
975 3779 1037 3829 ὲκ
1066 3778 1170 3830 τῶν
1195 3778 1558 3831 άποστολικῶν
1593 3795 1764 3845 παρα-

219 3864 424 3922 καλῶν,
590 3865 650 3915 ὲκ
673 3864 776 3915 τῶν
804 3864 1166 3931 εύαγγελικῶν
1193 3865 1540 3933 ψυχαγαγῶν,
1573 3865 1636 3916 ὲκ
1657 3865 1762 3917 τῶν

215 3950 442 4019 ψαλμῶν
475 3951 876 4020 συμϐουλεύων·
908 3951 1110 4018 Ζῆσόν
1138 3968 1211 4019 με
1234 3990 1248 4013 ,
1280 3952 1447 4018 λέγων
1469 3989 1482 4012 ,
1529 3950 1674 4003 κατὰ
1699 3951 1764 4002 τὸ

217 4041 424 4108 λόγιόν
452 4057 587 4094 σου·
624 4041 796 4108 λόγιον
816 4044 870 4095 δὲ
908 4041 1069 4094 αὑτοῦ
1097 4043 1156 4094 τὸ
1189 4044 1249 4094 ὲκ
1276 4043 1516 4113 καθαρᾶς
1546 4041 1767 4110 καρδίας

217 4125 496 4195 λατρεύειν
519 4127 680 4196 αὐτῷ.
715 4128 880 4180 Τοῦτο
901 4129 1006 4198 γὰρ
1032 4127 1184 4190 είδὼς
1211 4131 1238 4180 ὀ
1271 4128 1427 4191 αὐτὸς
1456 4129 1762 4199 Προφήτης.

218 4213 406 4284 ὥσπερ
434 4215 621 4267 ἑαυτὸν
652 4217 1038 4286 μεταφράζων,
1095 4216 1240 4283 λέγει
1260 4233 1272 4246 ·
1303 4216 1561 4284 Καρδίαν
1587 4219 1766 4269 καθα-

216 4306 332 4370 ρὰν
355 4306 565 4358 κτίσον
590 4307 659 4359 ἐν
681 4307 830 4374 ἐμοὶ.
857 4310 889 4360 ό
920 4307 1058 4372 Θεός
1078 4323 1092 4337 ο
1123 4307 1208 4360 ἵνα
1237 4307 1310 4377 μὴ
1339 4305 1600 4376 ρυπώδεις
1623 4306 1768 4373 λογι-

211 4397 338 4467 σμοί
370 4414 434 4466 με
459 4397 748 4466 ταράξωσι.
784 4398 948 4452 Πάλιν
983 4400 1169 4452 Δαϐίδ’
1192 4399 1300 4453 Καὶ
1325 4401 1614 4468 Πνεύματι
1634 4402 1766 4473 ἠπ-

211 4489 436 4555 μονικῷ
466 4489 748 4555 arripude
767 4505 874 4557 με·
905 4490 1007 4552 ἵνα,
1039 4491 1136 4544 κᾶν
1163 4507 1288 4542 ποτε
1308 4490 1551 4561 λογισμοί
1585 4510 1650 4561 με
1680 4493 1769 4548 θο-

1873 1979 2312 2047 concediturque.
2347 1977 2543 2032 Eadem
2595 1980 2752 2046 igitur
2800 1989 2881 2034 est
2925 1981 2989 2034 de
3036 1981 3178 2034 coitu
3231 1981 3418 2034 ratio:

1873 2066 2067 2123 Beatus
2097 2070 2187 2136 qui
2222 2070 2273 2122 in
2305 2069 2586 2136 juventute
2617 2071 2784 2123 libero
2805 2070 3021 2138 junctus
3057 2071 3420 2135 matrimonio,

1873 2167 2062 2211 natura
2093 2159 2157 2210 ad
2185 2159 2474 2212 liberorum
2505 2160 2926 2227 procreationem
2964 2175 3092 2214 usus
3115 2169 3198 2213 est
3234 2177 3245 2212 :
3277 2159 3421 2227 quod

1871 2246 1916 2299 si
1968 2247 2032 2299 ad
2077 2248 2388 2311 libidinem,
2447 2247 2803 2302 fornicatores
2853 2259 2905 2303 et
2947 2251 3226 2312 mcechos,
3275 2249 3421 2318 quod

1872 2337 2011 2406 apud
2043 2337 2358 2405 Apostolum
2405 2348 2735 2389 memoratur
2758 2377 2772 2400 ,
2807 2339 3126 2406 supplicium
3168 2339 3417 2406 excipiet.

1871 2427 2002 2481 Nam
2037 2427 2229 2496 duplex
2261 2442 2382 2480 cum
2413 2428 2482 2479 sit
2520 2426 2603 2479 via
2642 2427 2692 2478 in
2725 2429 2830 2480 vita
2855 2467 2869 2489 ,
2899 2429 3003 2480 alia
3039 2428 3251 2495 quidem
3285 2428 3421 2481 infc-

1874 2519 1981 2571 rior
2004 2517 2400 2586 vulgariorque,
2429 2517 2753 2580 matrimonii
2785 2519 3023 2583 scilicet;
3049 2520 3152 2571 alia
3179 2534 3302 2571 vero
3324 2535 3420 2571 an-

1870 2608 2036 2677 gelica
2071 2615 2124 2660 et
2153 2621 2403 2674 suprema
2437 2607 2676 2658 omnium
2707 2645 2720 2669 ,
2755 2622 2943 2674 nempe
2973 2609 3325 2676 virginitatis;
3372 2609 3418 2662 si

1869 2697 1991 2765 quis
2023 2696 2348 2748 mundanam
2375 2735 2388 2756 ,
2423 2695 2642 2764 nuptias
2673 2695 2924 2747 nimirum
2965 2696 3218 2761 elegerit,
3263 2693 3416 2764 culpa

1869 2787 2081 2856 quidem
2117 2793 2300 2848 vacat,
2345 2785 2436 2838 sed
2487 2794 2563 2838 tot
2609 2795 2862 2853 tantaque
2908 2800 3014 2838 nou
3061 2797 3418 2856 consequetur

1871 2875 2028 2930 dona.
2055 2874 2432 2942 Consequetur
2458 2884 2636 2926 tamen
2667 2875 2843 2942 aliqua
2862 2915 2875 2937 ,
2905 2877 2949 2928 si
2977 2877 3190 2943 quidem
3220 2885 3273 2930 et
3301 2881 3416 2946 ipse

1869 2963 1970 3017 fert
2002 2963 2230 3016 fructum
2256 2964 2607 3016 tricesimum.
2640 2961 2694 3014 Si
2724 2963 2846 3030 quis
2872 2979 3001 3017 vero.
3024 2973 3225 3016 castam
3259 2980 3418 3017 mun-

1867 3050 2044 3118 doque
2096 3051 2426 3117 Superiorem
2469 3049 2750 3117 amplexus
2779 3049 2937 3104 fuerit
2965 3053 3124 3104 vitam
3151 3093 3164 3116 ,
3202 3053 3412 3107 tametsi

1868 3141 1980 3194 haec
2009 3140 2174 3193 altera
2205 3140 2445 3210 asperior
2489 3147 2541 3191 et
2576 3138 2842 3196 diliieilior
2868 3141 2950 3194 via
2980 3151 3090 3206 est,
3125 3151 3177 3194 at
3229 3142 3410 3196 excel-

3283 3248 3410 3301 per-

1866 3321 2062 3376 fectum
2115 3323 2308 3390 quippe
2351 3323 2580 3377 fructum
2606 3365 2621 3387 ,
2665 3341 2851 3391 nempe
2883 3325 3233 3377 centesimum
3281 3335 3409 3390 pro-

1865 3411 2034 3464 duxit.
2067 3409 2246 3478 Itaque
2276 3411 2523 3466 obscena:
2550 3413 2759 3465 illorum
2797 3421 2954 3480 atque
2985 3411 3228 3477 maligna:
3261 3424 3406 3477 quae-

1865 3501 2105 3560 stiones,
2178 3502 2424 3569 proprias
2495 3503 2691 3556 habent
2745 3503 3036 3556 solutiones
3087 3516 3149 3553 ex
3211 3500 3407 3554 divinis

1867 3587 2158 3656 Scripturis
2185 3589 2294 3656 jam
2331 3590 2454 3642 olim
2487 3591 2695 3644 allatas.
2731 3589 3000 3643 Conlirma
3037 3603 3162 3657 ergo
3183 3628 3195 3649 .
3226 3586 3405 3652 Pater,

1863 3693 2048 3747 greges
2103 3688 2224 3732 tuos
2253 3718 2266 3741 ,
2301 3681 2713 3749 apostolicisque.
2757 3681 2931 3734 verbis
2967 3681 3195 3732 hortare.
3234 3675 3409 3730 Evan-

1863 3769 2044 3838 gelicis
2073 3769 2334 3834 demulce,
2363 3787 2425 3824 ex
2455 3772 2675 3840 psalmis
2709 3773 2772 3824 da
2805 3771 3086 3825 consilium
3128 3785 3141 3822 ε
3189 3769 3404 3836 Vieiﬁca

1866 3876 1962 3924 me,
1994 3860 2198 3924 dicens,
2252 3861 2529 3912 secundum
2569 3861 2823 3930 eloquium
2861 3871 3002 3913 tuum
3045 3864 3064 3895 ³
3094 3878 3104 3912 :
3131 3859 3403 3927 eloquium

1860 3959 2034 4002 autem
2067 3949 2184 4018 ejus
2226 3949 2350 4008 illud
2379 3959 2494 4012 est,
2543 3957 2600 4001 ut
2643 3965 2704 4001 ex
2739 3964 2868 4014 puro
2903 3948 3063 4002 corde
3107 3947 3405 4001 serviamus

1860 4038 1958 4090 illi.
1993 4036 2101 4092 lloe
2131 4053 2251 4090 cum
2284 4053 2388 4091 non
2419 4039 2626 4108 ignoret
2654 4039 2764 4106 ipse
2785 4037 3072 4105 Propheta,
3101 4051 3219 4088 sese
3242 4034 3398 4104 quasi

1861 4127 2241 4194 interpretatur
2260 4128 2462 4181 dicens:
2486 4126 2590 4180 Cor
2608 4128 2852 4179 mundum
2866 4128 3047 4180 (νεοίη
3075 4125 3315 4188 me,Deus
3353 4125 3399 4186 ⁸,

1860 4234 1926 4273 ne
1972 4235 2055 4272 me
2105 4220 2348 4274 obscena
2398 4222 2750 4290 cogitationes
2801 4225 3137 4278 conturbent.
3194 4223 3403 4276 Rursus

1860 4309 1973 4374 ipse
2005 4309 2164 4362 David
2191 4326 2204 4362 :
2239 4308 2302 4360 Et
2333 4308 2534 4376 Spiritu
2559 4312 2836 4378 principali
2858 4313 3108 4378 conﬁrma
3134 4327 3208 4363 me
3233 4309 3252 4340 ‘
3294 4353 3306 4373 ,
3347 4320 3405 4362 ιιι

1850 4397 1895 4454 si
1923 4398 2140 4468 quando
2168 4413 2254 4452 me
2279 4397 2630 4468 cogitationes
2663 4402 2988 4452 conturbent
3016 4437 3027 4460 ,
3060 4399 3232 4451 valida
3262 4413 3322 4451 ex
3357 4408 3406 4450 te

1849 4489 2019 4544 virtus
2053 4504 2139 4543 me
2166 4490 2318 4557 quasi
2354 4489 2500 4542 basis
2534 4487 2743 4541 fulciat.
2800 4486 2923 4540 Haec
2973 4487 3135 4555 igitur
3181 4496 3232 4540 ct
3277 4487 3402 4539 talia

221 4565 525 4645 ρυϐήσωσιν
548 4617 562 4640 ,
601 4578 793 4646 ἰσχυρά
844 4595 926 4640 τις
975 4577 1121 4647 παρὰ
1154 4577 1248 4630 σοῦ
1279 4578 1500 4648 δύναμις
1544 4579 1765 4654 στηρίξῃ

1865 4581 2178 4635 :onsulcndo
2200 4621 2212 4644 ,
2249 4580 2334 4633 dio
2366 4580 2430 4634 iis
2455 4580 2545 4648 qui
2591 4579 2738 4631 tarde
2766 4577 2974 4629 veritati
3011 4576 3403 4643 obtemperant,

220 4679 312 4733 με.
492 4663 677 4734 ῶσπερ
711 4667 909 4736 κρηπὶς
952 4667 1302 4735 τυγχάνουσα.
1363 4668 1529 4730 Αὐτὸς
1569 4669 1764 4736 τοίνυν,

216 4756 387 4807 ταῦτα
417 4754 509 4806 καὶ
541 4755 606 4806 τὰ
637 4757 854 4808 τοιαῦτα
879 4757 1252 4826 συμϐουλεύων
1276 4797 1289 4820 ,
1323 4757 1444 4825 λέγε
1475 4759 1609 4827 πρὸς
1643 4761 1766 4822 τοὺς

217 4844 429 4916 βράδιον
471 4847 534 4914 τῇ
569 4844 791 4914 ἀληθεία
825 4846 1191 4914 πειθομένους·
1250 4846 1473 4910 Διδάξω
1509 4849 1765 4917 ἀνόμους

215 4934 320 4998 τὰς
348 4933 524 4998 ὁδούς
546 4950 657 4987 σου
675 4950 686 4962 ·
718 4935 811 4986 καὶ
839 4934 1050 5006 θαρρῶν
1078 4937 1281 5005 Κυρίῳ,
1310 4937 1389 4988 ὅτι
1415 4936 1619 4998 πείσεις
1644 4939 1756 4989 ἀπο

216 5025 439 5094 σχέσθαι
486 5026 582 5094 τῆς
621 5027 872 5101 τοιαύτης
902 5027 1124 5101 κακίας,
1153 5027 1349 5093 ψάλλε·
1387 5028 1496 5080 Καὶ
1534 5028 1763 5093 ἀσεϐεῖς

208 5117 307 5167 ἐπὶ
340 5115 414 5167 σὲ
574 5097 976 5183 ἐπιτρέψουσι.
1006 5097 1214 5168 Γένόιτο
1235 5118 1288 5169 δὲ
1309 5119 1429 5178 τοὺς
1473 5117 1568 5186 μὲν
1607 5135 1754 5168 κακο-

211 5201 356 5270 ήθως
391 5202 678 5272 ζητοῦντας
713 5204 1017 5257 παύσασθαι
1050 5205 1146 5274 τῆς
1177 5205 1424 5274 τοιαύτης
1476 5221 1751 5273 ματαιοπο-

210 5290 360 5352 νίας·
417 5291 542 5353 τοὺς
569 5292 623 5343 δὲ
656 5292 722 5343 δι’
755 5293 1003 5363 εὐήθειαν
1187 5294 1482 5355 ὲνδυαστῶς
1525 5293 1761 5362 ἔχοντας,

209 5378 517 5447 ἡγεμονικῷ
551 5380 821 5449 Πνεύματι
863 5384 1256 5452 κρατυνθῆναι·
1287 5386 1397 5436 ὅσοι
1437 5385 1492 5436 δὲ
1537 5383 1760 5453 βεϐαίως

205 5465 305 5534 τὴν
335 5464 586 5534 ἀλήθειαν
611 5467 920 5530 ἐπίστασθε,
939 5471 1151 5539 ἀρραγῆ
1179 5471 1376 5540 ταύτην
1393 5471 1643 5541 κατέχετε
1672 5471 1762 5525 καὶ

206 5554 496 5606 ἀσάλευτον
546 5555 602 5605 έν
653 5555 866 5626 Χριστῷ
909 5551 1080 5627 Ἰήσοῦ
1107 5558 1181 5626 τῷ
1208 5559 1395 5629 Κυρίῳ
1421 5560 1606 5630 ἡμῶν,
1644 5558 1760 5628 μεθ’

1850 4671 2050 4724 Docebo
2083 4672 2285 4740 iniquos
2317 4673 2425 4723 vias
2460 4681 2576 4722 tuas
2601 4710 2613 4732 ,
2657 4670 2708 4721 in
2746 4668 3076 4736 Dominoque
3109 4667 3404 4729 conlidens,

1851 4769 1903 4814 te
1928 4775 2216 4814 suasurum
2245 4759 2348 4812 illis
2380 4769 2435 4812 ut
2466 4761 2532 4812 ab
2560 4757 2871 4826 hujusmodi
2904 4758 3034 4810 vitio
3078 4757 3405 4815 abstineant.

1849 4851 2046 4919 psalle,
2080 4861 2128 4903 et
2173 4850 2319 4917 impii
2364 4850 2430 4901 ad
2475 4859 2521 4902 te
2562 4857 2922 4902 convertentur
2967 4850 3004 4901 ⁸.
3047 4846 3261 4901 Utinam
3313 4847 3407 4916 qui

1851 4939 1992 4991 malo
2025 4939 2205 4992 animo
2241 4941 2399 4992 hasce
2450 4949 2666 4991 movent
2701 4940 3049 5008 quaestiones.
3101 4939 3152 4991 in
3191 4951 3405 4990 cassum

1849 5026 2124 5080 laborandi
2173 5027 2329 5079 linem
2385 5024 2583 5081 lar-iant
2613 5048 2622 5080 :
2653 5031 2743 5096 qui
2789 5044 2914 5081 vero
2951 5028 3019 5080 ob
3068 5025 3232 5080 animi
3276 5025 3406 5078 sim-

1851 5115 2138 5182 plicitatem
2176 5116 2228 5166 in
2261 5115 2595 5168 dubitatione
2626 5125 2928 5175 versantur,
2966 5112 3166 5182 Spii'itu
3207 5113 3406 5180 princ'-

1850 5203 1954 5272 pali
2008 5203 2396 5256 conﬁrmentur
2429 5220 2440 5254 :
2471 5213 2732 5272 quotquot
2767 5213 2942 5256 autem
2988 5202 3267 5254 vetitatem
3317 5201 3407 5253 tir-

1853 5293 2008 5345 miter
2049 5295 2219 5348 nostis
2245 5337 2258 5360 ,
2290 5309 2407 5347 eam
2460 5295 2740 5347 infractam
2771 5302 2823 5346 et
2872 5293 3246 5346 inconcussam
3282 5291 3412 5342 reti-

1854 5381 2022 5434 neatis
2055 5384 2103 5434 in
2334 5382 2547 5438 Christo
2593 5382 2718 5436 Jesu
2757 5381 2983 5435 Domino
3022 5389 3209 5434 nostro
3242 5396 3254 5431 :
3287 5379 3409 5448 qui-

1852 5483 1975 5522 cum
2025 5469 2163 5522 Patri
2217 5471 2387 5537 gioria
2419 5481 2468 5524 et
2497 5471 2778 5539 imperium
2813 5485 2934 5522 cum
2972 5467 3174 5537 Spiritu
3218 5475 3407 5519 saneto

1855 5556 1905 5611 in
1934 5560 2147 5612 saecula.
2179 5560 2370 5616 Amen.

201 5659 256 5712 οἶ.
286 5658 363 5727 τῷ
396 5658 566 5724 Πατρὶ
593 5653 720 5716 δόξα
761 5655 851 5706 καὶ
879 5653 936 5705 τὸ
969 5653 1164 5722 κράτος
1194 5653 1288 5703 σὺν
1311 5651 1448 5719 ἁγίῳ
1471 5650 1743 5718 Πνεύματι
1776 5650 1854 5711 είς
1887 5649 2009 5710 τοὺς
2053 5649 2276 5712 αἰῶνας.
2323 5645 2510 5717 Ἅμὴν.

279 5781 296 5812 ⁸
318 5781 514 5835 Genes.
554 5794 591 5840 ι,
625 5776 715 5832 εὶ8.

792 5782 810 5808 ¹
849 5775 1009 5829 llcbr.
1041 5790 1154 5838 x'u,
1196 5775 1246 5827 ὃ.
1323 5775 1341 5804 ⁸
1370 5773 1503 5826 Psal.
1546 5787 1728 5832 (ιιι-ιιι,

1865 5772 1892 5823 ’.
1971 5772 1988 5800 ⁸
2021 5773 2156 5832 Psal.
2189 5789 2237 5830 ι..
2273 5773 2351 5824 l2.
2429 5773 2446 5801 ³
2483 5771 2609 5823 ibid.
2653 5772 2732 5824 Η.
2810 5770 2829 5801 ⁸
2855 5771 2993 5826 Psal.
3026 5788 3072 5838 ι,
3109 5770 3193 5828 15.
