4124 6454
717 409 817 469 547

1947 397 2474 458 'l‘liEOD.l'..\LS.-\
2487 395 2645 454 ΜοΝ

3816 387 3922 450 5.18

721 519 1020 576 Salvatoris
1051 519 1223 576 nostri
1268 517 1536 589 grauiam,
1583 514 1932 580 depellamus,
1987 511 2274 579 simplicia

2375 508 2627 576 ρέρε,διά
2656 506 2903 576 βραχέων
2958 505 3047 558 καὶ
3112 509 3208 575 τὴν
3270 502 3359 556 τοῦ
3419 501 3654 570 πονηροῦ
3707 500 3916 566 πλάνην

719 627 950 679 rumque
967 620 1202 666 mentem
1221 610 1622 664 contirmemus.
1646 605 1832 658 Omnia
1853 603 2068 664 quidem
2085 605 2274 654 munda

2375 601 2713 667 ιπελάσωμεν
2757 599 2960 669 τῇ,τού
2997 597 3246 666 Σωτῆρος
3278 594 3642 665 ἡμῶιχάριτι,
3679 594 3774 644 καὶ
3819 591 3920 657 τὴν

718 706 928 760 mandi:
953 706 968 736 ⁸
1000 723 1012 756 :
1046 705 1137 758 sed
1182 702 1520 770 impurorum
1571 709 1681 752 tum
1733 695 2064 751 conscientia
2095 736 2110 758 ,
2165 704 2274 747 tum

2375 692 2459 745 ςῶν
2496 689 2878 760 ἁπλουστέρων
2933 690 3159 757 γνώμην
3195 686 3559 756 στηρίξωμεν.
3593 681 3795 737 Πάντα
3820 683 3919 749 μιν

721 802 914 849 cetera
942 792 1120 846 omnia
1165 791 1439 843 immunda
1481 798 1625 844 sunt.
1669 775 1833 842 Miror
1860 797 2038 841 autem
2069 785 2267 840 diaboli

723 879 1011 945 vafritiem,
1040 881 1129 948 qui
1161 880 1372 932 tametsi
1398 879 1670 946 corruptio
1700 879 1920 946 luesque
1940 885 2040 938 est,
2063 877 2267 944 cogita-

719 973 897 1027 tiones
924 971 1158 1040 suggerit
1185 972 1360 1038 specie
1391 970 1603 1038 quidem
1632 969 1858 1037 puritate
1885 968 2088 1036 plenas.
2113 966 2263 1031 Quod

721 1062 832 1131 agit
874 1063 961 1115 ille
1009 1062 1324 1114 insidiarum
1371 1061 1550 1128 potius
1600 1075 1798 1123 causa,
1852 1074 2011 1127 quam
2061 1057 2267 1124 experi-

723 1151 908 1203 menti.
940 1149 1058 1213 Quo
1091 1149 1255 1211 enim,
1283 1160 1339 1202 ut
1366 1163 1524 1215 supra
1553 1149 1682 1211 dixi,
1713 1158 1922 1201 ascetas
1950 1164 1976 1200 ο
2009 1156 2266 1201 consueta

721 1247 775 1290 ct
805 1237 1024 1290 salutari
1053 1237 1396 1299 meditatione
1425 1251 1536 1288 ave:
1556 1245 1650 1295 tat,
1680 1245 1838 1302 atque
1883 1236 1978 1286 hac
2005 1233 2058 1285 in
2085 1247 2139 1285 re
2173 1247 2266 1284 su-

725 1329 901 1395 perior
930 1327 1148 1388 evadat,
1182 1325 1488 1392 hujusmodi
1519 1326 1761 1394 quaedam
1795 1325 2118 1384 insusurrat,
2150 1335 2268 1389 qua:

725 1417 858 1469 nihil
880 1416 1001 1469 vita:
1025 1414 1292 1468 commodi
1323 1414 1555 1467 alierunt
1583 1432 1594 1466 ;
1630 1415 1720 1467 sed
1750 1427 1917 1465 vanas
1947 1411 2268 1479 quaestiones

723 1515 777 1559 et
809 1520 1008 1573 nugas,
1046 1519 1074 1558 a
1117 1505 1272 1556 nobis
1322 1518 1451 1556 sane
1495 1502 1869 1573 repudiandas.
1920 1501 2058 1567 Quid
2092 1501 2267 1564 enim,

723 1607 925 1662 qu'eso,
962 1594 1150 1646 dilecte
1176 1609 1238 1646 ac
1268 1594 1526 1667 piissime,
1576 1589 1777 1659 peccati
1825 1601 1914 1643 aut
1946 1591 2140 1658 impuri
2174 1605 2268 1642 na-

725 1681 882 1734 turali
919 1681 1057 1734 inest
1086 1681 1465 1734 excremento?
1497 1680 1691 1748 Ecquis
1726 1681 1855 1731 vitio
1898 1687 2101 1732 vertere
2150 1677 2271 1729 velit

727 1784 1000 1824 mucorem
1028 1783 1056 1821 e
1096 1768 1319 1821 naribus
1347 1768 1596 1836 ejectum,
1627 1767 1706 1820 vel
1735 1777 1887 1834 sputa
1920 1781 2013 1820 ore
2036 1764 2270 1819 emissa?

731 1861 928 1927 quibus
955 1860 1180 1926 plurima
1229 1874 1510 1926 possemus
1537 1858 1749 1918 addere,
1791 1857 1992 1910 ventris
2019 1857 2268 1909 nimirum

726 1962 1085 2012 excrementa,
1123 1965 1243 2018 qua:
1267 1949 1482 2002 animali
1507 1948 1570 2001 ad
1601 1949 1762 1999 vitam
1797 1947 2093 1999 necessaria
2123 1954 2268 1998 sunt.

725 2038 804 2090 Ad
838 2038 969 2100 hzec,
997 2038 1040 2091 si
1078 2038 1345 2090 hominem
1377 2050 1491 2088 esse
1517 2049 1772 2086 manuum
1809 2032 1897 2084 Dei
1923 2047 2056 2100 opus
2081 2047 2270 2085 secun-

725 2127 853 2179 dum
882 2126 1186 2194 Scripturas
1209 2129 1498 2187 credimus,
1525 2125 1794 2194 quomodo
1823 2138 1885 2175 ex
1920 2138 2051 2190 pura
2083 2131 2271 2190 poten-

725 2216 799 2269 tia
828 2230 963 2283 opus
1006 2216 1425 2268 contaminatum
1458 2215 1669 2283 prodire
1701 2211 1896 2264 valuit?
1928 2209 1988 2264 Et
2017 2211 2090 2275 si,
2127 2219 2182 2264 ut
2217 2212 2268 2263 in

729 2303 948 2358 Actibus
976 2304 1343 2372 apostolorum
1386 2304 1598 2372 legitur,
1655 2317 1825 2370 genus
1865 2299 1955 2354 Dei
2004 2316 2192 2354 sumus
2227 2306 2268 2363 ',

729 2395 857 2446 nihil
890 2409 1017 2448 sane
1049 2396 1100 2447 in
1127 2395 1279 2448 nobis
1308 2395 1573 2462 impurum
1619 2394 1896 2447 habemus.
1941 2391 2092 2445 Tunc
2130 2391 2271 2445 enim

729 2483 902 2537 solum
933 2485 1294 2553 inquinamur,
1339 2499 1460 2538 cum
1491 2485 1707 2553 pessimi
1739 2485 1922 2540 odoris
1951 2498 2084 2550 opus
2105 2521 2118 2541 .
2151 2497 2273 2550 pec-

728 2576 906 2620 catum
939 2569 1177 2631 scilicet,
1212 2584 1518 2637 operamur.
1554 2571 1619 2624 At
1652 2586 1773 2624 cum
1809 2580 1994 2639 praeter
2033 2569 2276 2623 volunta-

730 2661 834 2703 tem
897 2653 1139 2708 naturale
1183 2657 1469 2724 quodpiam
1527 2667 1922 2711 excrementum
1989 2659 2268 2719 emittitur,

730 2745 858 2793 tunc
903 2749 1109 2795 natura:
1149 2746 1503 2807 necessitate,
1552 2756 1610 2800 ut
1650 2762 1810 2816 supra
1860 2748 2062 2801 diximu
2112 2787 2125 2810 ,
2164 2747 2274 2800 hinc

729 2845 850 2883 cum
885 2833 1088 2886 caeteris
1139 2833 1446 2888 toleramus.
1505 2834 1606 2889 Sed
1642 2839 1763 2904 quia
1810 2838 1874 2901 ii,
1922 2838 2118 2904 quibus
2167 2851 2274 2889 una

731 2919 896 2985 probe
945 2921 1121 2983 dictis,
1155 2921 1263 2974 imo
1307 2937 1336 2976 a
1385 2922 1493 2978 Deo
1537 2926 1700 2993 gestis
1748 2925 1907 2979 rebus
1943 2924 2273 2994 repugnandi

734 3009 872 3062 inest
900 3025 1061 3075 cura,
1097 3013 1296 3068 dictum
1341 3015 1468 3067 illud
1509 3016 1870 3084 evangelicum
1907 3018 2223 3082 detorquent
2260 3034 2271 3068 :

731 3093 849 3150 Non
880 3112 998 3164 qua:
1029 3099 1413 3168 ingrediuntur,
1457 3103 1549 3155 sed
1597 3118 1715 3171 quze
1755 3104 2098 3168 egrediuntur
2129 3104 2276 3158 coin-

732 3187 959 3255 quinant
1011 3191 1278 3244 hominem
1322 3200 1377 3259 ³;
1431 3193 1566 3247 hanc
1623 3210 1806 3247 eorum
1865 3195 2158 3256 insaniam,
2212 3210 2277 3248 ne

733 3277 905 3331 dicam
973 3281 1362 3346 questionem,
1416 3282 1771 3335 confutemus.
1839 3281 2074 3335 Primum
2131 3285 2272 3336 enim

2367 785 2472 852 γὰρ
2509 783 2730 849 καθαρὰ
2769 781 2883 845 τοῖς
2918 779 3218 846 καθαροῖς·
3249 780 3352 832 τῶν
3384 779 3436 830 δὲ
3479 777 3796 848 ἀκαθάρτων
3824 776 3920 829 καὶ

2367 879 2398 943 η
2433 873 2728 940 συνείδησις
2763 873 2852 924 καὶ
2880 871 2948 923 τά
2985 870 3159 922 πάντα
3192 870 3531 938 μεμόλυνται.
3589 871 3830 935 ’Δγαμαι
3859 866 3916 920 δὲ

2366 964 2458 1016 τοῦ
2483 963 2725 1015 διαϐόλου
2757 963 2818 1015 τὺ
2851 963 3087 1030 σόφισμα
3117 1002 3128 1023 ,
3177 961 3362 1028 ὅτιπερ
3388 1000 3400 1018 ,
3454 958 3626 1028 φοορά
3654 960 3745 1010 καὶ
3772 957 3916 1025 λύμη

2367 1056 2641 1123 ὑπάρχων,
2675 1053 2962 1122 λογισμοὺς
2994 1051 3278 1105 ὑποϐάλλει
3311 1052 3386 1119 τῷ
3417 1052 3588 1103 δοκεῖν
3624 1050 3720 1118 μὲν
3749 1047 3917 1100 καθα-

2371 1145 2604 1214 ρότητος·
2647 1143 2756 1194 ἔστι
2780 1143 2834 1194 δὲ
2865 1144 2923 1195 τὸ
2950 1143 3260 1211 γιγνόμενον
3293 1141 3477 1210 ἐνέδρα
3504 1141 3698 1210 μᾶλλον
3721 1139 3752 1207 ἧ
3779 1139 3918 1190 δοκιο

2371 1235 2554 1302 μασία.
2585 1235 2699 1285 ἰνα
2726 1235 2851 1300 γὰρ,
2884 1233 2960 1296 ὡς
2985 1237 3257 1304 προεῖπον,
3283 1230 3630 1300 ἀπασχολήσῃ
3793 1231 3916 1290 τοὺς

2367 1321 2606 1390 ἀσκητάς
2634 1322 2732 1390 τῆς
2765 1322 2951 1391 ὲθίμου
2987 1323 3081 1374 καὶ
3110 1321 3476 1391 σωτηριώδους
3517 1321 3771 1389 μελέτης,
3826 1320 3917 1370 καὶ

2368 1412 2490 1482 δόξῃ
2519 1413 2736 1480 κρατεῖν
2756 1427 2770 1441 ο
2802 1411 2939 1464 κατά
2971 1410 3124 1464 τοῦτο
3153 1410 3372 1462 τοιαῦτά
3397 1427 3516 1462 τινα
3546 1412 3680 1461 κινεί
3715 1408 3914 1477 βομὸύ-

2370 1517 2460 1552 κια
2481 1540 2494 1561 ,
2536 1501 2689 1554 ἀτινα
2715 1501 2866 1572 φέρει
2902 1501 2997 1569 μὶν
3027 1501 3174 1552 οὐδὲν
3204 1500 3278 1568 τῷ
3309 1499 3405 1568 βίῳ
3435 1501 3698 1569 χρήσιμον
3718 1538 3732 1560 ,
3761 1498 3916 1559 κενάς

2367 1589 2422 1640 δὲ
2440 1588 2691 1659 ζητήσεις
2708 1588 2798 1640 καὶ
2816 1587 3096 1658 φλυαρίας,
3116 1587 3178 1650 ἀς
3196 1588 3274 1639 δεῖ
3292 1586 3687 1658 παραιτεῖσθαι.
3707 1585 3770 1638 Τί
3790 1586 3913 1654 γὰρ,

2371 1681 2488 1732 είπέ
2528 1696 2634 1746 μοι,
2665 1673 2709 1731 ὦ
2749 1680 2994 1746 ἀγαπητὲ
3021 1679 3113 1732 καὶ
3141 1678 3514 1738 εὺλαεέστατε,
3541 1677 3644 1746 ἔχει
3676 1678 3918 1745 ἁμάρτη-

2374 1785 2447 1835 μα
2477 1767 2508 1836 ἦ
2547 1768 2846 1837 ἀκάθαρτον
2880 1769 3074 1836 φυσική
3104 1784 3186 1830 τις
3218 1768 3487 1837 έκκρισις;
3519 1768 3591 1830 ὡς
3623 1767 3676 1818 εῖ
3700 1783 3783 1826 τις
3807 1765 3918 1817 ὲθέ-

2370 1855 2448 1906 λοι
2501 1855 2764 1908 ποιεῖσθαι
2809 1855 3054 1924 ἔγκλημα
3103 1857 3192 1907 καὶ
3221 1854 3315 1916 τὰς
3344 1855 3431 1906 διὰ
3464 1855 3620 1922 ῥινῶν
3650 1857 3912 1920 ἐκπεμποο

2375 1945 2538 2013 μένας
2573 1946 2742 2014 μύξας
2777 1948 2868 1998 καὶ
2900 1947 2964 1997 τὰ
2993 1947 3077 1998 διά
3111 1947 3372 2014 πόματος
3405 1945 3693 2012 πτύσματα
3713 1960 3726 1973 ⁸
3757 1944 3839 1994 ἔτι
3865 1943 3918 1994 δὲ

2372 2037 2464 2088 καὶ
2491 2037 2690 2088 τούτων
2719 2038 2910 2106 ἔχομεν
2942 2037 3117 2103 λέγειν
3154 2036 3388 2096 πλείονα,
3415 2036 3511 2096 τὰς
3535 2033 3620 2085 διὰ
3644 2033 3918 2101 γαστέρων

2371 2126 2660 2195 ἐκκρίσεις,
2690 2127 2832 2197 άπερ
2860 2126 2934 2195 τῷ
2956 2126 3076 2194 ζὼῳ
3104 2125 3236 2194 πρὸς
3261 2126 3320 2176 τὸ
3346 2126 3442 2192 ζῇν
3470 2125 3738 2189 ἀναγκαῖα
3797 2120 3922 2173 καθ-

2371 2215 2615 2284 έστηκεν.
2650 2217 2765 2267 Ἔτι
2792 2232 2848 2267 τε
2897 2251 2913 2276 ,
3047 2217 3092 2268 εί
3122 2214 3225 2266 τῶν
3249 2214 3338 2265 τοῦ
3376 2213 3506 2265 Θεοῦ
3543 2213 3735 2281 χειρῶν
3767 2213 3921 2279 ἔργον

2372 2301 2504 2357 εἶναι
2536 2305 2857 2372 πιστεύομεν
2887 2305 2975 2356 τὸν
3002 2304 3302 2374 ἄνθρωπον,
3333 2303 3470 2354 κατὰ
3496 2304 3589 2364 τάς
3615 2303 3763 2362 θείας
3785 2301 3922 2369 Γρα-

2372 2395 2496 2462 φάς,
2528 2396 2641 2457 πῶς
2674 2395 2897 2463 ἠδύνατο
2926 2397 2988 2446 εκ
3018 2394 3257 2463 καθαρᾶς
3281 2395 3555 2463 δυνάμεως
3581 2393 3737 2463 ἔργον
3763 2408 3814 2443 τι
3841 2391 3921 2457 γί-

2373 2488 2553 2541 νεσθαι
2585 2487 3018 2556 μεμολυσμένονς
3049 2487 3156 2536 Καὶ
3189 2486 3234 2536 εἰ
3271 2485 3423 2551 γένος
3464 2485 3556 2536 τοῦ
3585 2484 3718 2536 Θεοῦ
3752 2485 3925 2552 ὑπάρο

2373 2596 2535 2647 χομεν
2567 2578 2700 2630 κατά
2729 2577 2823 2638 τὰς
2850 2576 2998 2638 θείας
3019 2575 3126 2628 τῶν
3155 2577 3462 2630 ἀποστόλων
3489 2575 3738 2644 Πράξεις,
3777 2576 3924 2628 οὐδὲν

2373 2669 2562 2737 ἔχομεν
2593 2669 2649 2719 ὲν
2681 2669 2886 2729 ἑαυτοῖς
2916 2668 3238 2736 ἀκάθαρτον.
3270 2666 3397 2718 Τότε
3436 2667 3541 2735 γὰρ
3573 2667 3730 2734 μόνον
3760 2684 3923 2736 μεμο-

2372 2761 2632 2828 λύσμεθα,
2662 2761 2746 2811 ὅτε
2771 2759 2868 2827 τὴν
2895 2758 3294 2825 δυσωδεστάτην
3329 2757 3595 2826 ἁμαρτίαν
3626 2757 3934 2827 ἐργαζόμεογ

2373 2851 2458 2901 θα.
2499 2851 2622 2900 Ὀτε
2654 2848 2709 2900 δὲ
2736 2849 2934 2918 φυσική
2967 2864 3050 2910 τις
3084 2847 3325 2914 ἔκκρισις
3371 2845 3676 2916 ἀδουλήτως
3845 2847 3927 2912 γί-

2373 2952 2518 2987 νεται
2537 2975 2550 2995 ,
2583 2936 2701 2987 τότε
2732 2938 2795 3005 τῇ
2823 2937 2920 3005 τῆς
2953 2935 3164 3004 φύσεως
3201 2935 3412 3007 ἀνάγκῃ
3445 2935 3579 3003 μετὰ
3603 2934 3710 2987 τῶν
3734 2935 3924 3000 ἀλλων,

2373 3025 2448 3086 ὼς
2473 3025 2797 3094 προείπομεν
2815 3065 2828 3086 ,
2869 3027 2961 3078 καὶ
2990 3024 3145 3078 τοῦτο
3170 3025 3526 3094 ὑπομένομεν.
3565 3025 3697 3076 Ἀλλ’
3721 3026 3930 3095 ἐπειδή-

2375 3131 2479 3184 περ
2512 3115 2560 3166 οἱ
2593 3113 2834 3176 θέλοντες
2866 3115 3020 3183 μόνον
3050 3114 3344 3181 ἀντιλέγειν
3373 3118 3482 3177 τοῖς
3511 3115 3682 3184 ὀρθῶς
3709 3115 3928 3184 λεγομέο

2375 3221 2482 3265 νοις
2505 3242 2521 3266 ,
2561 3203 2755 3272 μᾶλλον
2784 3204 2841 3255 δὲ
2874 3205 3020 3272 παρά
3064 3205 3196 3256 Θεοῦ
3232 3205 3636 3272 πεποιημένοις,
3686 3204 3928 3273 παραφέ-

2377 3309 2526 3363 ρουσι
2557 3295 2648 3344 καὶ
2797 3295 2955 3362 ῥητὸν
2980 3294 3324 3359 εύαγγελικόν
3349 3311 3358 3322 ·
3379 3294 3451 3355 ὡς
3469 3295 3547 3344 ὅτι
3565 3294 3637 3345 Ού
3666 3293 3731 3344 τά
3755 3295 3928 3363 εἰσερ-

736 3366 1041 3435 Scripturas
1068 3383 1163 3436 pro
1205 3386 1297 3424 sua
1347 3371 1640 3440 ignorantia
1659 3413 1672 3432 ,
1723 3372 1995 3426 instabiles
2023 3388 2152 3425 sane
2181 3372 2274 3424 ho-

2376 3371 2575 3452 χόμενα
2610 3386 2774 3435 κοινοῖ
2815 3385 2902 3436 τὸν
2931 3384 3208 3453 ἄνθρωπον
3233 3425 3246 3448 ,
3298 3384 3430 3436 ἀλλά
3470 3384 3536 3436 τὰ
3568 3385 3926 3453 ἐξερχόμενα·

737 3458 907 3511 mines
934 3496 947 3520 ,
979 3459 1266 3527 depravant
1302 3465 1338 3512 ⁸.
1395 3461 1560 3515 Porro
1591 3462 1829 3514 divinum
1879 3465 2153 3516 oraculum
2198 3465 2274 3516 sic

739 3546 896 3599 habet
926 3566 938 3600 :
964 3563 1084 3600 cum
1121 3551 1336 3616 quidam
1371 3552 1510 3603 enim
1541 3591 1554 3615 ,
1585 3552 2034 3618 quemadmodum
2072 3554 2176 3615 isti,
2211 3553 2276 3605 de

737 3635 871 3689 cibis
917 3638 1245 3707 ambigerem
1269 3678 1282 3701 ,
1315 3639 1424 3707 ipse
1451 3639 1708 3693 Dominus
1739 3683 1753 3704 ,
1786 3651 1842 3694 ut
1871 3657 2054 3695 eorum
2081 3643 2278 3695 levaret

741 3721 1090 3790 ignorantiam
1113 3767 1126 3790 ,
1170 3727 1455 3796 dolumque
1489 3731 1696 3783 cunctis
1729 3740 2001 3799 retegeret,
2035 3733 2131 3796 ait,
2162 3730 2278 3786 Non

737 3829 798 3867 ca
847 3830 965 3882 qua:
1012 3817 1379 3885 ingrediuntur
1434 3819 1702 3872 hominem
1754 3821 2130 3888 coinquinare,
2187 3823 2278 3876 sed

736 3921 856 3972 qtae
912 3906 1273 3973 egrediuntur.
1321 3909 1480 3960 Addit
1529 3917 1647 3976 post
1693 3911 1836 3972 hanc,
1898 3921 1950 3963 et
2011 3913 2276 3965 undcnam

739 3996 1082 4064 egrediuntur
1115 4012 1214 4049 τρι
1261 3998 1438 4050 corde.
1504 3998 1657 4063 Quod
1707 4000 1870 4066 probe
1941 4011 2122 4054 nosset
2173 4003 2280 4056 illic

741 4084 1081 4151 profanarum
1142 4086 1520 4154 cogitationum
1597 4089 1937 4157 aliorumque
2014 4092 2275 4144 scelerum

741 4173 910 4225 malos
956 4175 1127 4227 inesse
1171 4175 1468 4228 thesauros.
1511 4175 1730 4230 Brevius
1779 4187 1956 4232 autem
1999 4179 2278 4245 Apostolus

742 4265 967 4332 i.!ipsum
995 4265 1173 4317 docuit
1206 4266 1348 4318 hisco
1371 4266 1542 4318 verbis
1568 4283 1579 4314 :
1617 4265 1749 4318 Esca
1778 4283 1876 4318 non
1910 4283 1999 4318 nos
2025 4285 2280 4319 commen-

739 4358 830 4411 c'at
866 4360 1001 4413 Deo'
1034 4399 1046 4412 .
1071 4359 1186 4412 Jam
1217 4361 1407 4427 aliquis
1438 4370 1733 4428 opportune
1763 4361 1956 4414 dixerit
1987 4381 1997 4413 :
2031 4360 2280 4414 Naturale

740 4459 1134 4502 excrementum
1173 4450 1300 4501 nulli
1349 4465 1444 4501 nos
1478 4450 1738 4516 supplicio
1963 4451 2176 4502 addicit.
2217 4449 2282 4503 Et

743 4536 968 4592 fortasse
1003 4538 1100 4606 ipsi
1132 4540 1318 4591 medici
1355 4544 1432 4603 (ut
1465 4541 1588 4593 hinc
1618 4540 1859 4593 homines
1893 4540 1965 4592 illi
1997 4541 2076 4592 vel
2101 4541 2167 4593 ab
2193 4556 2282 4594 ex-

743 4632 940 4682 traneis
988 4630 1187 4698 pudore
1238 4630 1566 4692 amtiantur)
1623 4631 1899 4683 nobiscum
1960 4632 2275 4696 defendent,

2376 3473 2684 3538 ἀναγκαίως
2707 3475 2882 3529 αὐτῶν
2913 3476 3003 3526 καὶ
3028 3473 3228 3542 ταύτην
3259 3475 3353 3542 τὴν
3383 3474 3618 3540 ἀλογίαν
3643 3476 3703 3526 οὐ
3738 3477 3844 3544 γὰρ
3865 3475 3928 3528 ἂν

2374 3563 2512 3612 είποι
2522 3578 2617 3630 μεν
2764 3563 3002 3631 ζήτησιν,
3026 3562 3324 3630 ἐλέγξομεν.
3353 3565 3568 3632 Πρῶτον
3587 3564 3683 3633 μὲν
3709 3565 3816 3634 γὰρ
3836 3563 3928 3624 τὰς

2377 3651 2594 3719 Γραφὰς
2621 3652 2757 3703 κατά
2784 3651 2881 3714 τὰς
2913 3651 3043 3713 ίδίας
3070 3653 3302 3720 ἀμαθίας
3317 3653 3628 3722 ἀστήρικτοι
3653 3653 3803 3713 ὄντες
3823 3653 3929 3721 βιά-

2378 3740 2575 3804 ζονται.
2596 3743 2746 3810 Ἔχει
2775 3743 2829 3794 δὲ
2850 3744 2907 3794 τὸ
2931 3742 3069 3794 θετον
3099 3741 3236 3794 οὕτω
3259 3743 3432 3806 λόγιον
3458 3760 3469 3773 ·
3503 3743 3671 3795 Τινῶν
3699 3744 3806 3810 γὰρ
3829 3744 3929 3795 πά-

2377 3833 2458 3884 λιν
2491 3832 2696 3894 τούτοις
2735 3833 2930 3900 ὁμοίως
2965 3834 3260 3895 ἐνδυαστῶς
3295 3834 3520 3902 ἐχόντων
3554 3833 3679 3902 περὶ
3713 3832 3931 3901 βρωμά-

2378 3940 2510 3982 των,
2545 3921 2703 3983 αὺτὸς
2746 3923 2773 3974 ὁ
2808 3922 3007 3990 Κύριος
3036 3921 3174 3973 λύων
3215 3922 3389 3973 αὐτῶν
3417 3923 3513 3991 τὴν
3545 3922 3781 3987 ἄγνοιαν,
3811 3923 3845 3990 ἦ
3878 3923 3927 3986 γ’

2378 4004 2467 4060 οὖν
2491 4007 2584 4077 τὴν
2618 4009 2828 4076 ἀπάτην
2860 4008 3224 4078 δημοσιεύων,
3269 4013 3398 4077 φησι
3422 4048 3434 4070 ,
3465 4008 3554 4077 Μὴ
3587 4007 3656 4058 τά
3688 4007 3929 4077 εἰσερχιε-

2383 4113 2513 4164 μενα
2548 4095 2890 4147 κοινοῦν-τὸν
2924 4095 3238 4164 ἄνθρωπον,
3292 4095 3424 4147 ἀλλὰ
3465 4096 3532 4147 τά
3585 4095 3927 4164 ἐξερχόμενοι.

2380 4180 2510 4236 Εἶτα
2538 4185 2747 4252 ἐπάγει,
2777 4185 2868 4236 καὶ
2891 4185 3048 4237 πόθεν
3079 4185 3400 4254 ὲξερχὸμενα
3418 4202 3431 4214 °
3463 4185 3530 4236 τὰ
3557 4185 3662 4236 ἀπὸ
3687 4184 3926 4255 καρδίας.

2391 4277 2536 4327 Ἐκεῖ
2560 4277 2665 4346 γὰρ
2688 4272 2823 4328 εἶναι
2854 4276 2975 4337 τοὺς
2999 4277 3263 4344 πονηροὺς
3294 4276 3594 4345 θησαυροὺς
3622 4273 3730 4325 τῶν
3777 4274 3932 4342 356+,-

2380 4366 2482 4418 λων
2506 4367 2775 4434 λογισμῶν
2799 4372 2888 4417 καὶ
2904 4368 3010 4417 τῶν
3032 4367 3202 4418 ἄλλων
3228 4366 3630 4434 ἁμαρτημάτων
3655 4365 3929 4430 γινώσκει.

2381 4455 2784 4522 Συντομώτερον
2833 4455 2887 4506 δὲ
2934 4457 2961 4506 ὁ
3023 4455 3334 4517 ’Λπόστολος
3386 4455 3512 4506 αὐτὸ
3565 4454 3932 4522 δεδιδαγμένος

2382 4543 2543 4610 φησί’
2580 4543 2785 4609 Βρῶμα
2811 4543 2875 4594 δὲ
2903 4543 3052 4610 ἡμᾶς
3077 4547 3146 4596 οὺ
3173 4527 3541 4611 παραστῖἱσει
3697 4542 3772 4606 τῷ
3793 4541 3928 4605 Θεῷ.

2379 4631 2513 4698 Φαίη
2547 4631 2589 4682 δ’
2616 4629 2678 4682 ἄν
2712 4649 2791 4691 τις
2821 4632 2909 4682 καὶ
2935 4631 3025 4682 νῦν
3057 4632 3288 4699 εὐλόγως
3307 4650 3318 4661 ο
3352 4634 3550 4700 Φυσική
3580 4650 3661 4694 τις
3693 4631 3931 4701 ἔκκρισις

742 4719 958 4773 animali
1009 4719 1159 4772 datos
1210 4734 1327 4772 esse
1365 4719 1624 4785 quosdam
1668 4720 1999 4772 necessarios
2046 4731 2272 4783 meatus,

2381 4720 2523 4788 ἡμᾶς
2578 4721 2635 4770 οὺ
2692 4723 3024 4790 παραστήσει
3070 4724 3202 4791 πρὸς
3237 4724 3518 4792 τιμωρίαν.
3559 4723 3708 4791 Τάχα
3751 4723 3805 4773 δὲ
3842 4723 3933 4777 καὶ

743 4808 807 4859 ad
851 4810 1096 4860 humores
1124 4807 1213 4874 qui
1256 4807 1304 4858 in
1345 4807 1566 4873 singulis
1595 4807 1855 4859 habentur
1891 4809 2142 4862 membris
2178 4827 2276 4862 no-

744 4896 868 4948 stris
921 4897 1206 4962 egerendos
1241 4896 1460 4962 :quali1
1513 4906 1634 4948 sunt
1683 4898 1870 4962 capitis
1918 4907 2277 4956 cxcacmeula.

735 4989 850 5056 pili,
877 4990 1346 5057 aquositatesqua:
1371 5006 1433 5044 ex
1463 4992 1638 5057 capite
1669 4991 1992 5043 emittuntur
2025 5006 2040 5043 :
2077 4992 2282 5045 ventris

730 5079 856 5131 item
884 5093 1158 5140 secessus,
1184 5078 1378 5147 illaque
1405 5081 1852 5146 Spermaticmum
1882 5092 2152 5132 meatuum
2191 5095 2283 5132 suo

727 5170 1024 5232 perlinitas.
1053 5168 1397 5235 Ecquodnam
1424 5169 1522 5222 hac
1545 5170 1594 5221 in
1627 5185 1681 5221 re
1708 5180 1984 5233 peccatum
2020 5172 2072 5223 in
2088 5171 2278 5232 Deum,

720 5271 885 5311 senex
924 5259 1354 5326 religiosissime,
1391 5275 1512 5312 Clllll
1537 5259 1651 5324 ipse
1678 5259 1938 5311 Dominus
1961 5260 2050 5325 qui
2083 5259 2277 5311 animal

719 5347 986 5412 condidit,
1024 5347 1074 5399 id
1116 5349 1323 5400 curarit
1350 5347 1721 5414 effeceritqtte,
1782 5356 1839 5399 ut
1888 5348 2001 5400 hanc
2031 5347 2270 5399 membra

718 5448 896 5489 essent
925 5438 1489 5501 ejusmodi-rimatme
1517 5449 1803 5491 instructa.
1849 5437 2114 5491 Czeterum
2150 5439 2270 5505 quia

721 5527 1092 5592 praavertenda
1121 5537 1247 5579 sunt
1268 5528 1632 5594 improborum
1657 5537 1968 5595 argumenta
2007 5545 2019 5579 :
2048 5528 2274 5580 fortasse

719 5617 863 5670 enim
902 5619 1137 5670 dixerint
1176 5637 1188 5672 :
1227 5616 1366 5686 Ergo
1427 5634 1521 5671 nec
1565 5635 1725 5673 verus
1781 5635 1967 5672 eorum
2030 5635 2158 5672 usus
2192 5631 2276 5673 est

797 5751 812 5766 ι
840 5737 942 5786 Tit.
985 5755 1020 5794 ι.
1062 5740 1141 5794 i3.
1225 5745 1241 5772 ²
1285 5740 1398 5793 Ανι.
1448 5757 1571 5803 xt't',
1623 5743 1706 5795 9.3.
1786 5743 1802 5772 ³
1834 5743 2017 5798 Matth.
2063 5761 2145 5807 xv,
2189 5745 2275 5798 ΞΟ.

2356 5746 2370 5772 ³
2407 5747 2444 5799 il
2482 5749 2622 5806 Petr.
2659 5765 2732 5809 ιιι,
2776 5749 2852 5804 16.

2387 4811 2565 4870 παῖδες
2596 4811 2808 4877 ἰατρῶν,
2837 4812 2921 4862 ἶνα
2952 4814 3048 4864 κᾶν
3074 4815 3135 4864 ὲκ
3164 4812 3268 4863 τῶν
3302 4813 3493 4875 ἔξωθεν
3523 4813 3930 4882 δυσωπηθῶσιν.

2385 4901 2519 4968 ὑπὲρ
2559 4901 2741 4952 τούτου
2781 4903 3239 4971 ἀπολογήσονται·
3299 4908 3377 4957 ὅτι
3408 4904 3482 4973 τῷ
3531 4904 3652 4973 {rb-ip
3697 4905 3930 4956 δέδονται

2387 5005 2526 5049 τινες
2568 4989 2865 5056 ἀναγκαῖαι
2908 4990 3125 5052 διέξοδοι
3163 4994 3304 5044 κατὰ
3349 4992 3457 5044 τῶν
3487 4992 3542 5042 ἐν
3573 4993 3705 5060 ἡμῖν
3736 4993 3945 5061 ἑκάστῳ

2389 5078 2568 5144 μελῶν
2624 5083 2970 5148 τρεφομένων
3012 5082 3070 5132 τὸ
3100 5082 3354 5150 περιττὸν
3409 5083 3785 5148 ἀποπέμπειν·
3839 5078 3944 5134 οἷον

2384 5169 2626 5236 κεφαλῆς
2652 5170 3062 5240 περιττώματα,
3100 5173 3304 5240 τρίχες,
3342 5173 3435 5225 καί
3468 5173 3536 5225 τὰ
3564 5174 3671 5226 ἀπὸ
3705 5177 3944 5240 κεφαλῆς

2385 5259 2628 5326 ύδατώδη
2662 5262 3009 5328 πεμπόμενα,
3030 5264 3121 5315 καὶ
3141 5263 3372 5328 γαστρὸς
3407 5265 3828 5332 διαχωρήματα,
3858 5270 3945 5318 καὶ

2381 5351 2558 5401 τοίνυν
2585 5353 2693 5404 τῶν
2727 5355 3118 5420 σπερματικῶν
3156 5355 3341 5422 πόρων
3387 5359 3565 5407 ἐκεῖνο
3595 5358 3939 5427 περίττωμα.

2382 5442 2515 5510 Ποία
2541 5445 2716 5494 τοίνυν
2731 5445 2850 5496 ἐστι
2872 5446 3003 5514 πρὸς
3018 5441 3222 5507 Θεοῦ,ὧ
3241 5463 3339 5513 πρε
3350 5448 3514 5499 σϐῦτα
3535 5447 3943 5516 θεοφιλέστατε,

2385 5533 2646 5599 ἁμαρτία,
2666 5535 2829 5585 αὐτοῦ
2865 5536 2949 5587 τοῦ
2974 5536 3271 5599 πλάσαντος
3295 5537 3472 5600 τὸζῶν
3488 5542 3765 5593 Δεσπότου
3783 5540 3906 5606 θελή
3925 5568 3940 5581 ο

2385 5641 2572 5686 σαντος
2604 5626 2693 5677 καὶ
2714 5627 3037 5696 ποιήσαντο;
3057 5629 3230 5681 ταῦτα
3258 5632 3322 5682 τά
3344 5630 3477 5699 μέλη
3499 5631 3759 5695 τοιαύτας
3799 5634 3939 5702 ἔχειν

2933 5753 2992 5803 ⁸1
3031 5751 3151 5806 Cor.
3198 5768 3310 5811 vm.
3342 5753 3393 5805 8.
