4124 6458
243 411 347 474 540
1233 419 1311 477 lN
1351 420 1586 478 El‘iST.
1631 418 1689 478 S.
1737 419 1794 476 A'

1891 415 2135 477 ANASII
2173 419 2395 477 ALEX.

243 537 508 601 διεξόδους
530 555 543 601 ;
577 539 793 612 Ἐπειδὴ
823 541 876 593 δὲ

245 630 497 698 πονηρῶν
527 631 897 700 ἐναντιώματα
917 674 930 696 ,
959 634 1160 686 εἴποιεν
1189 635 1295 704 γὰρ
1320 635 1383 688 ἄν
1407 653 1418 663 ·
1456 637 1566 688 Οὐκ
1591 633 1680 687 οὖν
1706 637 1802 688 οὐκ

245 718 390 771 ἐστιν
431 722 672 790 ἁμαρτία
716 722 832 772 οὐδὲ
865 723 895 791 ἡ
943 722 1144 791 ἀληθὴς
1182 724 1401 792 χρῆσις,
1435 724 1571 774 είτὰ
1602 723 1803 791 ὄργανα

249 810 397 879 παρὰ
428 809 520 862 τοῦ
550 812 887 880 Δημιουργοῦ
919 813 1329 867 διαπέπλασται.
1481 813 1624 882 Πρὸς
1650 813 1802 865 τοῦτο

245 899 675 969 ὲρωτηματικῶς
710 902 903 962 αὐτοὺς
935 901 1228 970 παύσωμεν
1269 902 1563 969 φάσκοντες
1584 920 1596 932 ο
1637 903 1801 955 Ποίαν

245 985 420 1052 λέγεις
443 988 655 1056 χρῆσιν,
673 989 769 1056 τὴν
795 987 1012 1056 ἔννομον
1030 1029 1042 1049 ,
1071 989 1135 1058 ἣν
1163 989 1255 1041 καὶ
1283 992 1311 1042 ὁ
1335 989 1464 1052 Θεὸς
1487 991 1798 1060 ἐπέτρεψεν,

244 1075 590 1139 Auﬁdi-£008
610 1118 621 1138 ,
655 1077 854 1143 λέγων,
888 1078 985 1129 καὶ
1027 1081 1421 1144 πληθύνεσθε,
1457 1080 1552 1131 καί
1578 1057 1800 1146 adripe?)-

244 1183 393 1219 σατε
436 1167 547 1233 τὴν
577 1166 721 1235 τῆνο
771 1168 837 1237 ἢν
868 1170 896 1219 ὁ
932 1170 1246 1231 Ἀπόστολος
1282 1170 1571 1232 ἀπεδέξατο
1601 1169 1764 1221 είπών
1783 1186 1796 1199 ο

248 1259 441 1325 Τίμιος
474 1262 506 1311 d
535 1258 718 1326 γάμος
762 1260 858 1311 καὶ
911 1261 948 1324 ἡ
981 1261 1145 1326 κοίτη
1179 1261 1460 1328 ἀμίαντος
1482 1278 1494 1291 ·
1526 1261 1558 1329 ἢ
1586 1260 1681 1330 τὴν
1711 1262 1803 1328 δη-

246 1345 394 1417 μώδη
426 1347 542 1416 μὲν,
569 1347 834 1416 λαθραίως
857 1347 910 1399 δὲ
942 1350 1032 1399 καὶ
1067 1348 1326 1417 μοιχικῶς
1353 1348 1798 1418 ὲπιτελουμένην;

260 1437 410 1489 Ἐπεὶ
437 1437 649 1488 καὶτῶν
671 1437 862 1499 ἄλλων,
886 1436 992 1488 τῶν
1013 1439 1069 1488 ὲν
1093 1437 1169 1504 τῷ
1191 1437 1287 1505 βίῳ
1308 1437 1623 1504 γινομένων,
1647 1437 1803 1505 εὑρή-

241 1543 407 1580 σομεν
434 1529 528 1590 τὰς
560 1527 816 1598 διαφορὰς
845 1527 983 1580 κατά
1010 1545 1059 1579 τι
1089 1527 1372 1596 γινομένας
1391 1544 1404 1557 ·
1427 1522 1535 1580 οἷον
1562 1527 1800 1594 φονεύειν

241 1618 342 1670 οὐκ
373 1619 595 1682 ἔξεστιν.
630 1617 741 1670 ἀλλ’
771 1620 826 1670 έν
844 1619 1095 1688 πολέμοις
1244 1619 1485 1686 ἀναιρεῖν
1510 1617 1631 1678 τοὺς
1651 1616 1799 1668 ἀντι-

241 1708 444 1772 πάλους
465 1709 556 1762 καὶ
586 1709 806 1777 ἔννομον
830 1709 921 1760 καὶ
949 1708 1165 1760 ἐπαίνου
1189 1703 1354 1772 ἄξιον.
1385 1705 1537 1758 Οὕτω
1554 1704 1681 1772 γοῦν
1707 1704 1799 1756 καὶ

241 1800 414 1869 τιμῶν
438 1800 682 1868 μεγάλων
697 1801 745 1852 oi
764 1799 903 1851 κατὰ
923 1800 1048 1850 πόλε
1057 1815 1152 1867 μον
1169 1795 1584 1868 ἀριστεύσαντες
1602 1795 1799 1861 ἀξιοῦν-

3353 419 3458 481 550

1042 540 1121 593 δεῖ
1149 543 1583 614 προσλαμϐάνειν
1612 545 1676 594 τὰ
1701 545 1794 597 τῶν

1903 549 2200 608 peccatum,
2227 539 2490 608 siquidem
2527 555 2722 608 o"gana
2755 555 2782 592 a
2810 541 3085 595 conditore
3118 539 3257 594 facta
3289 552 3453 604 sunt;

1903 628 1972 678 ita
2022 626 2366 694 loquentibus
2416 627 2520 680 illis
2567 627 2665 680 hac
2717 628 3132 696 interrogatione
3185 627 3452 681 silentium

1903 716 2240 784 imponamus
2268 736 2279 769 :
2313 718 2480 782 Quem
2508 720 2643 772 dicis
2674 736 2852 781 usum,
2888 721 3450 787 legitimumnc,quem

1902 804 2041 857 Deus
2094 807 2177 859 his
2215 810 2455 874 permisit
2499 810 2716 862 verbis:
2755 809 2997 872 Crescite,
3048 821 3094 862 et
3131 810 3451 877 multiplica-

1903 899 2060 956 mini.
2103 907 2150 950 et
2197 900 2382 966 replete
2430 911 2620 953 terram
2657 910 2672 938 ί
2705 918 2717 952 :
2749 919 2907 970 quem
2962 913 3012 956 et
3053 904 3167 968 ipse
3207 902 3451 969 probavit

1901 987 2216 1054 Apostolus,
2267 1005 2386 1042 cum
2439 991 2624 1043 dixit:
2665 991 2981 1044 Honorabile
3035 993 3345 1044 conimbinm
3403 1002 3451 1044 et

1903 1077 2077 1129 Morus
2132 1080 2498 1133 imnmculatus
2537 1088 2595 1146 ¹;
2663 1099 2730 1134 an
2801 1084 3071 1151 publicum
3138 1084 3285 1134 illum
3359 1082 3450 1147 qui

1898 1168 2201 1221 clanculum
2245 1179 2297 1222 et
2341 1171 2624 1225 libidinose
2657 1175 2973 1226 exercetur?
3002 1172 3131 1225 Nam
3162 1174 3212 1225 in
3243 1173 3452 1226 caeteris

1902 1271 2136 1326 Quoque,
2163 1275 2259 1328 per
2291 1261 2427 1313 hanc
2451 1263 2612 1314 vitam
2645 1264 2728 1331 agi
2767 1263 2958 1324 solitis,
2984 1263 3226 1330 qumdam
3254 1276 3448 1314 occur-

1900 1352 2028 1396 runt
2059 1346 2245 1413 agendi
2278 1347 2589 1400 discrimina
2623 1370 2635 1402 :
2673 1348 2830 1415 quale
2861 1349 3105 1402 occidere
3139 1364 3242 1400 non
3285 1348 3445 1412 licet;

1900 1440 1953 1482 at
1980 1434 2032 1482 in
2062 1431 2199 1485 bello
2230 1434 2567 1488 adversarios
2601 1434 2917 1496 interﬁcere,
2946 1447 2998 1489 et
3031 1436 3348 1505 legitimum,
3397 1443 3451 1487 et

1901 1517 2056 1571 laude
2081 1519 2298 1587 dignum
2325 1531 2422 1574 est.
2460 1520 2547 1575 Sic
2571 1523 2780 1591 magnis
2805 1522 3071 1576 donantur
3102 1523 3333 1590 praemiis
3355 1524 3446 1590 qui

1901 1624 1957 1663 se
1991 1610 2043 1662 in
2079 1611 2215 1663 bello
2244 1620 2457 1665 strenue
2484 1621 2697 1679 gerunt,
2724 1612 2971 1680 cippiqne
2998 1611 3298 1679 eriguntur,
3330 1626 3448 1679 qua:

1900 1700 2154 1766 praeclara
2181 1715 2368 1753 eorum
2415 1701 2686 1752 celebrent
2718 1700 2972 1753 facinora.
3007 1700 3184 1768 Itaque
3214 1700 3445 1769 idipsum

1900 1786 2131 1852 quodam
2165 1787 2345 1848 modo,
2375 1795 2427 1839 et
2453 1789 2684 1854 quodam
2721 1797 2956 1855 tempore
2982 1801 3087 1840 non
3117 1788 3237 1841 licet
3264 1805 3276 1840 :
3309 1803 3446 1856 qua-

240 1908 329 1944 ται
353 1933 367 1954 ,
415 1893 505 1942 καί
554 1890 743 1960 στῆλαι
775 1889 977 1942 τούτων
1003 1890 1301 1988 ἐγείρονται
1335 1887 1694 1958 κηρύττουσαι
1733 1887 1794 1938 τὰ

1897 1875 2018 1928 dam
2079 1885 2254 1929 autem
2308 1874 2515 1928 ratione
2563 1885 2615 1929 et
2662 1876 3056 1944 opportunitate
3122 1878 3447 1944 permittitur

1902 1967 2315 1988 --_‘-J:.--__---
2372 1965 2565 1988 11⁸-.1-...
2620 1968 2778 1988 :_!.___
2830 1977 2903 1988 --ι
2967 1969 3009 1988 Ι-
3068 1969 3201 1988 --ἵιη
3256 1968 3386 1988 --.2-
3428 1985 3442 1988 -

240 1980 655 2050 κατορθώματα.
693 1980 853 2032 Ὥστε
882 1980 942 2031 τὺ
977 1978 1277 2032 αὐτδ’κατά
1307 1996 1358 2031 τι
1396 1978 1492 2047 μὲν
1535 1981 1626 2030 καὶ
1661 1980 1798 2031 κατὰ

241 2072 427 2140 καιρὸν
453 2072 547 2123 οὐκ
581 2071 786 2136 ἔξεστι,
818 2070 957 2122 κατά
993 2089 1044 2122 τι
1079 2071 1134 2122 δὲ
1167 2071 1257 2121 καὶ
1286 2069 1551 2138 εὐκαίρως
1583 2069 1794 2136 ἀφίεται

240 2163 336 2214 καὶ
385 2161 811 2232 συγκεχώρηται.
1017 2162 1072 2213 '0
1103 2161 1262 2221 αὐτὸς
1299 2159 1476 2210 τοίνυν
1519 2158 1672 2225 λόγος
1706 2160 1796 2210 καὶ

240 2253 369 2320 περὶ
396 2252 491 2320 τῆς
517 2251 734 2320 μίξεως”
760 2251 1036 2320 Μακάριος
1059 2251 1114 2312 ὃς
1138 2251 1193 2301 έν
1222 2249 1448 2318 νεότητι.
1479 2247 1636 2314 ζυγὸν
1661 2247 1795 2316 έχων

239 2341 548 2410 ἐλεύθερον,
584 2344 648 2410 τῇ
693 2341 849 2407 φύσει
895 2343 1023 2411 πρὸς
1051 2339 1386 2393 παιδοποιίαν
1418 2338 1675 2408 κέχρηται
1698 2354 1711 2369 ⁶
1747 2338 1792 2389 εί

239 2433 292 2484 δὲ
331 2433 462 2500 πρὸς
495 2432 794 2498 ἀσέλγειαν,
829 2432 1061 2501 πόρνους
1110 2432 1200 2482 καὶ
1231 2431 1448 2498 μοιχοὺς
1477 2431 1508 2498 ἡ
1544 2429 1690 2497 παρὰ
1719 2426 1795 2496 τῷ

251 2520 556 2589 Ἀποστόλῳ
580 2522 846 2589 γραφεῖσα
864 2519 1098 2589 τιμωρία
1124 2519 1414 2583 ἐκδέξεται.
1566 2517 1666 2568 Δύο
1688 2518 1795 2588 γὰρ

238 2609 414 2661 οὐσῶν
442 2609 572 2660 ὁδῶν
599 2611 654 2660 ὲν
675 2608 750 2678 τῷ
772 2608 869 2678 βίῳ
892 2609 1015 2677 περὶ
1041 2607 1260 2669 τούτων,
1296 2607 1421 2675 μιᾶς
1449 2608 1543 2675 μὲν
1569 2623 1794 2677 μετριω-

238 2698 403 2766 τέρας
442 2699 534 2748 καὶ
568 2697 851 2765 βιωτικῆς,
881 2696 974 2747 τοῦ
1003 2696 1177 2762 γάμου
1202 2695 1343 2761 λέγω
1362 2711 1375 2723 ·
1407 2696 1502 2763 τῆς
1529 2693 1583 2747 δὲ
1606 2695 1795 2764 ἑτέρας

237 2785 533 2853 ἁγγελικῆς
567 2785 658 2835 καὶ
691 2783 1108 2852 ἀνυπερϐλήτου,
1139 2779 1238 2850 τῆς
1260 2782 1550 2851 παρθενίας
1573 2800 1587 2812 ·
1620 2784 1665 2835 εί
1698 2783 1794 2850 μέν

235 2893 322 2938 τις
349 2875 446 2945 τὴν
473 2874 756 2943 κοσμικὴν,
789 2872 929 2924 τοῦτ’
959 2873 1070 2923 ἐστι
1102 2872 1189 2923 τὸν
1220 2872 1415 2940 γάμον,
1441 2874 1628 2929 ἕλοιτο.
1657 2873 1794 2940 μέμ-

235 2965 331 3033 ψιν
366 2967 461 3032 μὲν
491 2964 589 3015 οὐκ
623 2963 730 3031 ἔχει
750 2978 762 2990 ·
796 2961 1026 3014 τοσαῦτα
1048 2961 1102 3012 δὲ
1124 2961 1432 3030 χαρίσματα
1464 2963 1522 3014 οὐ
1547 2962 1791 3031 λήψεται.

237 3054 481 3123 Λήψεται
514 3053 621 3121 γὰρ
643 3091 656 3115 ,
692 3050 915 3120 ἐπείπερ
945 3051 1095 3120 φέρει
1125 3051 1219 3105 καὶ
1263 3053 1421 3114 αὐτὸς
1456 3053 1662 3122 καρπὸν
1688 3050 1793 3102 τῶν

235 3144 556 3211 τριάκοντα.
723 3142 784 3193 Et
811 3141 869 3199 ,δὲ
902 3141 1000 3213 τὴν
1027 3143 1192 3212 ἁγνήν
1219 3159 1299 3204 τις
1327 3142 1418 3194 καὶ
1435 3142 1792 3210 ύπερκόσμιον

237 3208 552 3293 ἀσπάσοιτο,
578 3232 624 3283 εί
651 3229 742 3282 καὶ
767 3208 991 3302 τραχεῖα
1013 3208 1161 3302 παρά
1185 3217 1280 3302 τῆν
1307 3229 1523 3302 πρώτην
1545 3208 1646 3282 καὶ
1671 3208 1794 3281 δυσ-

1892 3221 2208 3276 lentioribus
2261 3224 2348 3278 ille
2398 3225 2710 3278 muneribus
2744 3216 3056 3278 'donandus
3107 3233 3188 3276 est
3236 3239 3249 3276 :

237 3323 577 3392 κατόρθωτος
611 3323 646 3394 ἡ
673 3323 817 3386 ὁδὸς,
847 3325 994 3393 ὅμως
1016 3324 1125 3390 ἔχει
1152 3323 1462 3393 χαρίσματα
1480 3319 1792 3389 θαυμασιώ-

233 3431 298 3466 τε
311 3431 403 3485 ραο
437 3415 526 3467 τὸν
557 3414 662 3484 γάρ
692 3413 892 3466 τέλειον
928 3414 1132 3483 καρπὸν
1160 3414 1256 3482 τὴν
1289 3411 1608 3463 ἑκατοντάδα
1637 3410 1792 3462 ἐϐλά-

243 3513 459 3570 στησεν.
497 3503 654 3554 Ὥστε
681 3502 746 3555 τά
777 3502 1056 3570 ἀκάθαρτα
1083 3501 1257 3553 αὐτῶν
1282 3500 1374 3551 καὶ
1402 3500 1608 3568 πονηρὰ
1631 3498 1794 3566 ζητή-

245 3606 392 3658 ματα
420 3588 597 3650 λύσεις
629 3590 762 3651 ἰδίας
792 3589 913 3656 ἔσχε
947 3591 1036 3640 καὶ
1071 3588 1216 3657 παρὰ
1247 3588 1350 3641 τῶν
1385 3588 1539 3640 θείων
1566 3589 1791 3657 Γραφῶν

242 3678 410 3731 πάλαι
441 3678 810 3748 προλυθείσας.
882 3679 1233 3748 Ὑποστήριζε
1267 3679 1460 3740 τοίνυν,
1512 3673 1556 3731 ὦ
1590 3679 1788 3744 Πάτερ,

240 3769 342 3829 τὰς
375 3767 478 3820 ὑπὸ
513 3768 703 3820 σαυτὸν
733 3768 959 3834 ἀγέλας,
1001 3769 1063 3819 ὲκ
1092 3767 1196 3820 τῶν
1221 3768 1584 3821 άποστολικῶν
1618 3785 1790 3834 παρα-

243 3855 450 3913 καλῶν.
616 3855 676 3906 ὲκ
699 3854 802 3906 τῶν
830 3854 1192 3921 εύαγγελικῶν
1219 3854 1566 3923 ψυχαγαγῶν,
1599 3855 1662 3906 ὲκ
1683 3854 1788 3906 τῶν

239 3941 468 4010 ψαλμῶν
501 3941 902 4010 συμϐουλεύων·
934 3942 1136 4009 Ζῆσόν
1164 3957 1238 4009 με
1260 3979 1274 4003 ,
1305 3942 1474 4008 λέγων
1495 3979 1508 4002 ,
1554 3940 1701 3992 κατὰ
1725 3941 1790 3992 τὸ

242 4033 450 4099 ,λόγιόν
478 4048 613 4085 σου·
650 4032 822 4099 λόγιον
843 4035 896 4086 δὲ
934 4032 1096 4085 αὐτοῦ
1123 4033 1183 4084 τὸ
1214 4035 1276 4084 ὲκ
1302 4032 1542 4103 καθαρᾶς
1572 4031 1793 4100 καρδίας

242 4117 522 4186 λατρεύειν
545 4117 706 4187 αὐτῷ.
741 4118 905 4171 Τοῦτο
928 4119 1032 4189 γὰρ
1058 4117 1210 4181 εἰδὼς
1237 4121 1264 4170 ὁ
1297 4118 1453 4182 αὐτὸς
1482 4119 1789 4189 Προφήτης,

243 4204 432 4275 ὥσπερ
460 4206 647 4258 ἑαυτὸν
678 4207 1064 4278 μεταφράζων,
1122 4197 1266 4274 λέγει
1286 4223 1298 4236 ⁸
1329 4207 1587 4274 Καρδίαν
1613 4209 1793 4259 καθα·-

240 4297 357 4361 ρὰν
381 4297 591 4349 κτίσον
617 4299 685 4350 ἐν
707 4298 856 4365 ἐμοὶ,
883 4301 915 4351 o'
947 4299 1085 4363 Θεός
1104 4313 1118 4328 °
1149 4299 1234 4350 ἵνα
1263 4298 1336 4367 μὴ
1366 4295 1626 4366 ρυπώδεις
1649 4296 1795 4362 λογι-

237 4389 364 4458 σμοί
396 4405 461 4457 με
485 4389 775 4458 ταράξωσι.
811 4390 974 4443 Πάλιν
1010 4391 1196 4443 Δαϐίδ’
1218 4390 1326 4444 Καὶ
1351 4392 1641 4459 Πνεύματι
1659 4392 1793 4463 ἠγα-

235 4479 462 4546 μονικῷ
493 4479 775 4546 στήριξόν
794 4495 901 4547 με·
932 4481 1034 4543 ἵνα,
1065 4481 1162 4534 κᾶν
1189 4498 1314 4532 ποτε
1334 4480 1577 4551 λογισμοί
1611 4500 1676 4551 με
1707 4482 1796 4538 θο-

1897 1967 2337 2035 concediturque.
2372 1965 2569 2020 Eadem
2620 1968 2778 2034 igitur
2826 1977 2907 2021 est
2950 1969 3014 2021 de
3061 1969 3202 2020 coitu
3255 1968 3443 2021 ratio:

1898 2055 2092 2111 Beatus
2122 2058 2212 2125 qui
2247 2058 2298 2110 in
2331 2057 2612 2125 juventute
2642 2059 2810 2111 libero
2831 2058 3047 2126 junctus
3081 2059 3445 2122 matrimonio,

1897 2155 2088 2200 natura
2119 2147 2183 2198 ad
2210 2147 2500 2200 liberorum
2531 2148 2952 2215 procreationem
2990 2163 3118 2201 usus
3141 2156 3223 2201 est
3259 2165 3270 2199 :
3301 2146 3447 2214 quod

1896 2235 1942 2288 si
1993 2235 2058 2288 ad
2103 2237 2413 2300 libidinem,
2473 2235 2829 2291 fornicatores
2879 2247 2931 2290 et
2973 2239 3252 2300 moechos,
3301 2236 3447 2305 quod

1897 2325 2036 2395 apud
2069 2326 2383 2394 Apostolum
2431 2335 2761 2377 memoratur
2785 2366 2798 2389 ,
2833 2327 3152 2393 supplicium
3194 2327 3443 2393 excipiet.

1896 2416 2028 2470 Nam
2063 2417 2255 2484 duplex
2286 2431 2408 2468 cum
2438 2415 2508 2468 sit
2546 2414 2629 2467 via
2668 2415 2718 2466 in
2752 2417 2856 2467 vita
2881 2455 2896 2477 ,
2925 2416 3029 2468 alia
3065 2416 3276 2483 quidem
3310 2416 3446 2469 infe-

1899 2508 2006 2560 rior
2030 2507 2426 2574 vulgariorquc,
2454 2506 2779 2569 matrimonii
2812 2506 3049 2570 scilicet;
3075 2507 3178 2559 alia
3205 2521 3327 2559 vero
3349 2522 3445 2559 an-

1895 2597 2062 2666 gelica
2097 2604 2150 2649 et
2179 2610 2429 2663 suprema
2463 2595 2702 2647 omnium
2733 2635 2746 2658 ,
2781 2610 2969 2663 nempe
2999 2597 3350 2664 virginitatis;
3397 2596 3443 2649 si

1895 2687 2017 2754 quis
2049 2684 2374 2737 mundanam
2401 2723 2415 2745 ,
2448 2685 2668 2752 nuptias
2699 2683 2951 2736 nimirum
2991 2684 3243 2749 elegerit,
3288 2681 3441 2752 culpa

1893 2777 2107 2846 quidem
2143 2782 2325 2837 vacat,
2372 2773 2462 2827 sed
2513 2783 2589 2826 tot
2635 2783 2889 2842 tantaque
2934 2788 3039 2826 non
3087 2784 3443 2843 consequetur

1895 2865 2054 2919 dona.
2080 2863 2458 2930 Consequetur
2484 2867 2661 2915 tamen
2694 2863 2869 2930 aliqua
2888 2903 2901 2925 ,
2931 2865 2975 2916 si
3003 2864 3216 2931 quidem
3245 2873 3298 2918 et
3326 2868 3441 2933 ipse

1894 2953 1995 3007 fert
2027 2952 2256 3006 fructum
2282 2952 2634 3005 tricesimum.
2666 2950 2720 3003 Si
2751 2951 2872 3018 quis
2898 2967 3022 3005 vero
3050 2960 3251 3004 castam
3284 2967 3443 3004 mun-

1892 3040 2070 3108 doque
2121 3040 2452 3107 superiorem
2496 3037 2776 3105 amplexus
2805 3037 2963 3092 fuerit
2990 3041 3151 3092 vitam
3177 3081 3190 3104 ,
3227 3041 3438 3094 tametsi

1893 3130 2006 3183 haec
2035 3131 2199 3183 altera
2230 3129 2472 3200 asperior
2515 3136 2568 3180 et
2602 3127 2868 3184 difﬁcilior
2894 3129 2977 3182 via
3006 3139 3116 3194 est,
3151 3138 3203 3182 at
3255 3130 3436 3184 excel-

3309 3236 3436 3290 per-

1892 3311 2088 3366 fectum
2140 3314 2334 3380 quippe
2376 3313 2606 3367 fructum
2632 3353 2648 3376 ,
2691 3329 2878 3380 nempe
2910 3314 3259 3366 centesimum
3307 3323 3434 3379 pro-

1891 3401 2060 3454 duxit.
2092 3399 2271 3468 Itaque
2301 3401 2550 3455 obscena:
2575 3402 2785 3454 illorum
2824 3410 2981 3468 atque
3011 3399 3254 3466 malignae
3287 3413 3432 3466 quaa-

1891 3491 2131 3550 Stiones,
2203 3492 2449 3559 proprias
2519 3493 2717 3546 habent
2771 3492 3063 3544 solutiones
3113 3505 3176 3541 ex
3237 3489 3434 3543 divinis

1892 3577 2184 3646 Scripturis
2210 3579 2320 3646 jam
2356 3579 2480 3632 olim
2513 3581 2722 3633 allatas.
2758 3578 3026 3632 Confirma
3063 3592 3221 3645 ergo,
3252 3574 3431 3641 Pater,

1889 3683 2074 3737 greges
2129 3678 2249 3722 tuos
2278 3708 2291 3732 ,
2327 3671 2739 3738 apostolicisque
2783 3669 2958 3723 verbis
2993 3669 3222 3721 hortare.
3261 3663 3436 3718 Evan-

1890 3759 2069 3828 gelicis
2098 3758 2360 3824 demulce,
2389 3777 2452 3814 ex
2480 3761 2701 3829 psalmis
2735 3762 2798 3813 (la
2831 3760 3112 3814 consilium
3155 3774 3168 3812 :
3215 3758 3431 3824 Viriﬁca

1892 3865 1988 3913 me,
2021 3849 2224 3913 dicens,
2278 3851 2556 3902 secundum
2594 3851 2850 3919 eloquium
2887 3861 3030 3902 tuum
3071 3853 3090 3884 ⁸
3121 3867 3131 3900 :
3158 3847 3429 3916 eloquium

1887 3948 2061 3992 autem
2093 3938 2210 4008 ejus
2252 3938 2376 3999 illud
2404 3948 2520 4001 est,
2569 3947 2625 3991 ut
2669 3955 2730 3990 ex
2765 3953 2895 4004 puro
2930 3937 3090 3991 corde
3133 3936 3431 3989 serviamus

1886 4028 1984 4080 illi.
2020 4026 2127 4081 lloe
2157 4042 2278 4079 cum
2310 4043 2414 4080 non
2444 4029 2651 4097 ignoret
2680 4029 2790 4096 ipse
2813 4026 3099 4094 Propheta,
3128 4039 3246 4077 sese
3268 4023 3424 4092 quasi

1887 4117 2267 4184 interpretatur
2286 4117 2489 4171 dicens:
2513 4116 2615 4170 Cor
2634 4117 2879 4169 mundum
2893 4132 3008 4169 (νεα
3022 4116 3075 4167 in
3101 4113 3342 4176 me,Deus
3380 4113 3426 4174 ‘,

1886 4224 1953 4263 ne
1998 4225 2082 4262 me
2131 4210 2374 4264 obscenae
2424 4212 2777 4279 cogitationes
2828 4214 3163 4267 conturbent.
3220 4211 3430 4264 Rursus

1887 4299 2000 4364 ipse
2031 4298 2190 4351 David
2217 4316 2230 4352 :
2265 4297 2328 4350 Et
2359 4298 2560 4366 Spiritu
2585 4301 2862 4367 principali
2884 4302 3135 4367 conﬁrma
3161 4315 3235 4351 me
3259 4297 3279 4328 ⁸
3320 4341 3333 4361 ,
3374 4308 3430 4350 ut

1877 4387 1922 4444 si
1950 4387 2166 4458 quando
2195 4402 2280 4442 me
2305 4386 2656 4457 cogitationes
2689 4391 3014 4442 conturbent
3042 4426 3054 4450 ,
3085 4387 3258 4440 valida
3289 4402 3349 4440 ex
3383 4395 3432 4439 te

1876 4479 2046 4534 virtus
2080 4494 2166 4533 me
2193 4481 2345 4547 quasi
2380 4477 2526 4533 basis
2560 4476 2769 4530 fulciat.
2827 4475 2950 4529 Hrec
2999 4476 3161 4544 igitur
3207 4485 3258 4528 et
3302 4475 3428 4528 talia

246 4556 588 4636 ρυϐήσωσιν,
628 4568 820 4637 ίσχυρά
871 4585 954 4630 τις
1002 4568 1148 4638 παρὰ
1180 4567 1274 4620 σοῦ
1305 4568 1526 4639 δύναμις
1570 4569 1792 4644 στηρίξη

1891 4570 2205 4626 :onsulendo
2227 4611 2239 4634 ,
2275 4570 2361 4623 dic
2393 4569 2456 4623 iis
2481 4569 2572 4637 qui
2617 4568 2764 4620 tarde
2792 4565 3000 4618 veritati
3037 4566 3429 4631 obtemperant,

245 4670 339 4724 με.
519 4653 704 4725 ῶσπερ
737 4657 936 4726 κρηπὶς
979 4657 1329 4725 τυγχάνουσα.
1390 4659 1556 4720 Αὐτὸς
1596 4659 1790 4727 τοίνυν,

241 4747 413 4798 ταῦτα
443 4745 536 4797 καὶ
567 4745 633 4797 τὰ
664 4747 881 4799 τοιαῦτα
906 4747 1279 4817 συμϐουλεύων
1302 4787 1315 4810 ,
1350 4747 1472 4815 λέγε
1502 4749 1635 4817 πρὸς
1669 4752 1792 4813 τοὺς

242 4835 456 4906 βράδιον
497 4838 562 4906 τῇ
597 4835 818 4905 ἀληθεία
851 4837 1218 4905 πειθομένους·
1277 4836 1500 4901 Διδάξω
1536 4839 1791 4907 ἀνόμους

240 4925 348 4989 τὰς
375 4924 551 4988 ὁδούς
573 4941 713 4977 σου’
745 4926 838 4977 καὶ
866 4925 1077 4997 θαρρῶν
1104 4927 1308 4996 Κυρίῳ,
1337 4927 1416 4979 ὅτι
1441 4926 1647 4988 πείσεις
1671 4929 1783 4979 ἀπο

242 5015 466 5086 σχέσθαι
514 5017 610 5086 τῆς
649 5017 899 5092 τοιαύτης
929 5018 1151 5092 κακίας,
1180 5018 1376 5084 eam
1410 5019 1523 5071 «Καὶ
1561 5019 1790 5083 ἀσεϐεῖς

234 5107 334 5157 ἐπὶ
368 5105 442 5158 σὲ
602 5087 1003 5173 exime-drawn.
1033 5108 1070 5158 Γ
1073 5087 1241 5159 ένοιτο
1262 5109 1316 5159 δὲ
1337 5109 1456 5169 τοὺς
1500 5107 1595 5177 μὲν
1635 5124 1781 5158 κακο-

237 5192 383 5261 ήθως
419 5193 705 5263 ζητοῦντας
741 5194 1044 5247 παύσασθαι
1077 5196 1173 5264 τῆς
1204 5195 1452 5265 τοιαύτης
1503 5210 1780 5264 ματαιοπο

237 5281 387 5342 νίας·
444 5282 570 5343 τοὺς
597 5282 650 5334 δὲ
684 5282 749 5334 δι’
783 5284 1030 5354 εὐήθειαν
1215 5285 1509 5346 ὲνδυαστῶς
1553 5283 1789 5352 ἔχοντας,

235 5368 544 5437 ἡγεμονικῷ
580 5371 848 5440 Πνεύματι
890 5374 1283 5443 κρατυνθῆναι’
1315 5376 1425 5427 ὅσοι
1464 5375 1520 5427 δὲ
1565 5374 1788 5444 βεϐαίως

230 5457 333 5524 τὴν
362 5455 614 5524 ἀλήθειαν
640 5459 948 5522 ἐπίστασθε,
967 5462 1179 5530 άρῤαγῆ
1207 5463 1403 5531 ταύτην
1420 5462 1671 5532 κατέχετε
1700 5462 1791 5516 καὶ

231 5544 524 5597 ἀσάλευτον
575 5546 630 5596 ὲν
681 5545 894 5616 Χριστῷ
937 5541 1108 5618 Ἱὴσοῦ
1135 5549 1210 5617 τῷ
1236 5551 1423 5620 Κυρίῳ
1449 5551 1601 5621 ἡμῶν
1621 5590 1635 5613 ,
1672 5549 1788 5620 μεθ’

1877 4662 2077 4715 Docebo
2109 4661 2312 4730 iniquos
2343 4662 2451 4713 vias
2486 4670 2602 4713 tuas
2627 4699 2639 4721 ,
2683 4659 2735 4711 in
2772 4657 3102 4724 Dominoque
3135 4655 3430 4718 conlidens,

1877 4759 1930 4806 te
1955 4765 2243 4805 suasurum
2271 4749 2374 4802 illis
2406 4759 2462 4802 ut
2492 4750 2558 4802 ab
2586 4746 2898 4816 hujusmodi
2931 4747 3060 4800 vitio
3105 4746 3431 4804 abstineant,

1876 4840 2074 4910 psalle,
2107 4850 2155 4893 et
2199 4840 2346 4908 impii
2391 4840 2456 4891 ad
2502 4849 2548 4892 te
2588 4846 2948 4892 convertentur
2994 4839 3030 4890 °.
3074 4836 3287 4891 Utinam
3339 4837 3434 4905 qui

1877 4929 2019 4982 malo
2052 4929 2232 4982 animo
2268 4931 2426 4982 hasce
2475 4938 2692 4982 movent
2727 4929 3076 4998 quaestiones,
3128 4928 3178 4981 in
3217 4941 3432 4980 cassum

1876 5017 2152 5070 laborandi
2199 5018 2356 5070 linem
2411 5015 2609 5071 fariant
2639 5039 2649 5070 :
2679 5020 2770 5086 qui
2814 5034 2940 5072 vero
2978 5017 3046 5070 ob
3095 5015 3258 5069 animi
3302 5014 3433 5068 sim-

1877 5106 2165 5172 plicitatem
2203 5106 2254 5157 in
2287 5105 2621 5159 dubitatione
2652 5114 2955 5166 versantur,
2993 5101 3193 5172 Spii-itu
3233 5103 3434 5170 princ'o

1877 5193 1980 5262 pali
2035 5193 2424 5246 confirmentur
2456 5210 2467 5243 :
2499 5202 2758 5261 quotquot
2794 5203 2969 5246 autem
3015 5192 3295 5245 veritatem
3344 5191 3436 5243 fir-

1880 5283 2035 5336 miter
2076 5284 2247 5337 nostis
2271 5327 2284 5349 ,
2316 5299 2434 5337 eam
2487 5283 2766 5337 infractam
2798 5292 2849 5335 et
2897 5283 3273 5337 inconcussam
3309 5281 3440 5333 reti-

1881 5373 2049 5425 neatis
2081 5374 2129 5425 in
2360 5372 2574 5426 Christo
2620 5372 2746 5425 Jesu
2783 5371 3010 5426 Domino
3049 5379 3236 5424 nostro
3269 5386 3281 5421 :
3315 5369 3438 5437 qni-

1879 5473 2001 5512 cum
2051 5460 2190 5512 Patri
2244 5461 2414 5527 gloria
2445 5471 2496 5513 et
2524 5461 2805 5528 imperium
2840 5474 2961 5512 cum
2999 5457 3202 5526 Spiritu
3245 5465 3436 5509 sancto

1882 5547 1932 5601 in
1961 5550 2172 5602 saecula.
2205 5550 2397 5606 Amen.

225 5650 282 5704 οἶ.
313 5648 391 5718 τῷ
424 5648 594 5715 Πατρὶ
622 5644 748 5707 δόξα
789 5646 879 5697 καὶ
906 5644 964 5697 τὸ
997 5644 1192 5713 κράτος
1223 5643 1316 5695 σὺν
1339 5643 1476 5711 ἁγίῳ
1499 5642 1772 5710 Πνεύματι
1804 5641 1881 5702 είς
1914 5640 2036 5702 τοὺς
2078 5639 2301 5703 αἰῶνας.
2349 5635 2536 5707 Ἀμὴν.

305 5771 542 5826 ‘Genes.
584 5785 620 5830 ι,
655 5766 744 5822 ‘38.
821 5773 839 5800 ’
877 5765 1038 5820 llchr.
1069 5781 1182 5829 x-n,
1225 5766 1275 5818 4.
1352 5766 1369 5795 ³
1399 5764 1531 5817 Psnl.
1574 5778 1756 5822 οτι-ιιι,

1891 5763 1919 5814 ’.
1998 5763 2015 5791 ⁸
2048 5765 2182 5822 Psal.
2216 5780 2263 5821 L,
2300 5765 2377 5815 t2.
2455 5764 2472 5793 ⁵
2509 5761 2636 5814 ibid.
2679 5762 2759 5814 Η.
2837 5759 2856 5790 ⁸
2882 5759 3020 5814 i‘sal.
3053 5777 3099 5827 ι,
3136 5759 3221 5816 l5.
