4124 6488
2688 18 3470 35 1W

278 431 387 494 553
1192 430 1271 489 IN
1316 428 1560 490 EPIST.
1604 428 1660 488 S.
1701 423 2114 487 ATHANASH
2150 425 2249 485 AD
2292 422 2600 483 AMMUM.
3423 418 3526 479 554

276 542 474 613 piant
518 539 647 603 τοῦς
685 538 1105 610 ἀκεραιοτέρους
1142 539 1239 609 τὴν
1278 540 1525 609 γνώμην,
1569 539 1690 609 ἦτοι
1731 533 1857 599 τοῦς

1977 539 2132 590 'iores
2176 535 2377 599 animo,
2418 532 2776 600 simpliciores
2808 528 3060 585 videlicet
3088 528 3479 599 perturbantur
3515 544 3532 579 :

276 636 686 706 ἁπλουστέρους
715 650 732 667 ο
776 635 910 704 φέρε
952 634 1020 687 δι’
1043 634 1241 703 ὀλίγων
1280 636 1452 702 λόγων
1492 633 1855 701 άπελάσωμεν

274 728 337 780 ὲν
371 726 492 796 Θεῷ
524 725 625 797 τὴν
656 723 753 779 τοῦ
790 724 1028 797 πονηροῦ
1070 725 1300 796 πλάνην,
1342 726 1463 779 ἀντὶ
1494 725 1590 778 τοῦ
1628 724 1706 794 τῷ
1741 720 1857 790 Θεῷ

277 818 609 890 θαρροῦντες
627 857 643 883 ,
675 817 769 870 καὶ
796 817 897 886 τὴν
924 816 1150 887 γνώμην
1178 817 1286 869 τῶν
1316 814 1699 883 ἁπλουστέρων
1731 829 1861 880 στη-

280 908 542 979 ρίξωμεν.
572 909 835 977 Ἀρχεται
872 906 965 961 οῦν
1004 907 1099 961 τοῦ
1141 907 1322 975 λόγου,
1360 907 1557 975 χρῆσιν
1596 904 1859 973 παράγων

277 1000 344 1051 ὲκ
373 1001 472 1065 τῆς
502 998 639 1066 πρὸς
670 999 827 1050 Τῖτον
858 998 1146 1067 ἐπιστολῆς
1176 996 1271 1050 τοῦ
1304 996 1461 1065 ἀγίου
1500 996 1737 1059 Παύλου,
1768 994 1863 1048 καί

279 1104 448 1158 φησιν
477 1088 559 1141 ὃτι
590 1087 768 1141 πάντα
796 1087 1016 1157 καθαρά
1042 1089 1155 1151 τοῖς
1185 1086 1477 1158 καθαροῖς,
1508 1087 1613 1140 τῶν
1641 1086 1695 1138 δὲ
1723 1086 1863 1138 ἀκα-

278 1177 494 1247 θάρτων
532 1179 627 1231 καὶ
668 1179 701 1247 ἡ
748 1177 1054 1248 συνείδησις
1108 1178 1465 1247 μεμόλυνται.
1507 1178 1693 1231 Ταῦτα
1736 1178 1792 1229 δὲ
1836 1178 1863 1229 6

280 1268 554 1336 μακάριος
594 1266 805 1329 Παῦλος
845 1266 971 1337 περὶ
1007 1266 1110 1337 τῆς
1147 1269 1204 1320 ἐν
1247 1266 1531 1337 βρώμασιν
1568 1266 1863 1334 Ἰουδαϊκῆς

276 1360 426 1427 λέγει
461 1359 924 1430 παρατηρήσεως,
958 1358 1038 1412 ὅτι
1068 1358 1177 1412 τῶν
1209 1359 1313 1412 ὑπὸ
1342 1360 1476 1412 Θεοῦ
1512 1358 1860 1421 κτισθέντων,

276 1453 432 1507 οὐδὲν
466 1452 782 1523 ἀκάθαρτον
817 1452 959 1505 κατὰ
992 1452 1092 1521 τὴν
1129 1451 1324 1504 ἑαυτοῦ
1365 1451 1527 1520 φύσιν
1552 1468 1566 1483 ·
1619 1450 1774 1503 οὐδὲν
1807 1450 1865 1502 δὲ

275 1545 392 1606 τοῖς
434 1542 830 1613 μεμιασμένοις
867 1542 1129 1611 καθαρὸν,
1171 1541 1307 1595 ἀλλά
1351 1542 1646 1613 μεμίανται
1685 1540 1866 1593 αὐτῶν

275 1635 373 1688 καὶ
400 1636 429 1687 6
459 1633 584 1696 νοῦς
610 1637 703 1688 καὶ
732 1637 765 1705 ἡ
798 1634 1103 1704 συνείδησις
1124 1649 1137 1662 ’
1174 1632 1469 1702 μεμίανται
1498 1631 1555 1683 δὲ
1585 1631 1651 1701 τῇ
1686 1630 1866 1699 ἀμαρ-

276 1725 371 1794 τίᾳ
401 1726 496 1778 καὶ
524 1724 603 1795 τῷ
636 1724 949 1794 λογίζεσθαι
982 1726 1049 1778 τά
1086 1724 1161 1795 μὴ
1196 1723 1497 1793 πρέποντα.
1528 1722 1627 1775 Διά
1656 1721 1868 1775 τούτων

276 1811 374 1870 οῦν
397 1815 506 1869 τῶν
531 1815 705 1885 λόγων
733 1815 1263 1888 προκατασκευάσας
1290 1815 1318 1866 ό
1344 1814 1522 1883 μέγας
1552 1812 1868 1875 ’Δθανάσιος

276 1902 381 1972 τὴν
409 1904 621 1957 οἰκείαν
651 1905 871 1975 γραφὴν
907 1904 1104 1972 έπάγει
1131 1917 1147 1935 ο
1181 1904 1431 1972 ’Δγαμαι
1464 1902 1521 1955 δὲ
1541 1942 1558 1967 ,
1589 1902 1710 1973 ἦτοι
1741 1901 1871 1956 θαυ-

279 1993 464 2065 μάζω,
491 1995 587 2048 τοῦ
613 1994 864 2049 διαϐόλου
891 1994 952 2048 τὸ
980 1993 1250 2064 σόφισμα,
1276 1994 1375 2065 τὴν
1402 1994 1619 2066 ἀπάτην
1646 1994 1874 2077 δηλαδὴ,

275 2085 363 2138 ὅτι
392 2083 568 2155 φθορά
595 2084 673 2138 ὢν
703 2085 798 2139 καὶ
829 2084 978 2155 λύμη
1005 2084 1289 2152 ἑνθυμίζει
1321 2086 1616 2155 λογισμοὺς
1647 2087 1869 2141 δοκοῦν-

275 2192 379 2239 τας
408 2170 547 2230 εῐναι
575 2176 970 2248 καθαρότητος.
1000 2177 1073 2230 Τὸ
1099 2177 1157 2229 δὲ
1185 2178 1317 2249 παρ’
1343 2176 1553 2230 ἐκείνου
1585 2179 1870 2247 γινόμενον

276 2266 473 2336 ἐνέδρα
500 2268 671 2332 ἐστὶν,
699 2268 869 2338 ἡγουν
894 2267 1103 2338 κρυφία
1128 2267 1413 2338 έπιὸουλὴ,
1441 2268 1558 2322 ἀλλ’
1579 2269 1698 2338 οὐχὶ
1726 2270 1873 2322 δοκι-

280 2357 479 2428 μασία.
506 2359 625 2412 Ἵνα
652 2363 761 2430 γὰρ
788 2359 1052 2433 ἀπαγάγῃ
1082 2360 1207 2421 τοὺς
1236 2360 1483 2431 ἀσκητάς
1510 2360 1610 2429 τῆς
1640 2360 1832 2431 έθίμου
1850 2398 1870 2428 ,

272 2449 526 2503 τουτέστι
555 2448 655 2519 τῆς
684 2450 951 2520 συνήθους
980 2451 1077 2503 καὶ
1106 2449 1388 2519 ὠςοελίμου
1419 2450 1701 2518 φροντίδος
1724 2490 1738 2514 ,
1770 2451 1865 2504 καὶ

271 2537 405 2607 δόξῃ
438 2538 591 2608 νικᾷν
626 2537 826 2600 αὐτούς
854 2555 868 2569 ·
902 2536 1043 2591 κατά
1070 2536 1230 2593 τοῦτο
1262 2538 1387 2609 (διὰ
1417 2537 1610 2609 τοῦτο)
1639 2539 1867 2595 τοιαῦτα

278 2629 423 2681 κινεῖ
466 2628 760 2697 βομὸύκια,
807 2630 925 2698 ἢτοι
970 2629 1240 2699 φόϐητρα,
1283 2628 1520 2700 βόμϐους
1562 2631 1721 2699 μόνον
1762 2633 1863 2700 ἑμ-

282 2719 566 2774 ποιοῦντα.
596 2720 662 2774 Τί
693 2724 825 2790 γὰρ,
858 2724 1044 2789 φησιν,
1074 2722 1188 2791 ἔχει
1220 2723 1526 2793 ἁμάρτημα
1555 2723 1586 2792 ἢ
1619 2722 1867 2794 ἀκάθαρ·

280 2828 376 2865 τον
402 2814 436 2882 ἡ
466 2812 673 2882 φυσικὴ
703 2812 993 2881 ἔκκρισιςς
1025 2811 1215 2882 ὥσπερ
1243 2815 1340 2867 ἐάν
1366 2830 1448 2876 τις
1476 2815 1715 2865 αίτιᾶται
1742 2815 1868 2875 τοὺς

282 2904 606 2975 ἀνθρώπους
635 2908 728 2958 καὶ
754 2906 842 2959 διά
867 2906 965 2969 τὰς
994 2906 1159 2969 ἄλλας
1188 2906 1489 2977 ἐκκρίσεις,
1519 2902 1631 2959 οἷον
1655 2906 1741 2959 διὰ
1768 2907 1867 2968 τὰς

284 2995 461 3065 μύξας
494 2998 587 3049 καὶ
616 2998 685 3049 τά
720 2997 1049 3066 πτύσματα,
1083 2998 1178 3052 καὶ
1207 2999 1309 3052 ὅσα
1339 2997 1427 3051 διὰ
1458 2998 1741 3068 γαστέρων
1770 2998 1867 3050 ὲκ-

280 3087 600 3159 κρίνονται,
632 3087 803 3157 ἤγουν
832 3087 1188 3141 ὲκϐάλλονται
1220 3087 1317 3141 κο.)⁸
1350 3087 1633 3141 κενοῦνται
1655 3125 1670 3151 ,
1706 3088 1865 3142 ama

1963 644 2058 695 age
2094 626 2242 682 brevi
2269 639 2519 682 sermone
2551 624 2629 695 (id
2659 635 2762 687 est,
2793 621 2903 676 Deo
2928 621 3174 690 ﬁdentes)
3202 623 3533 691 disjieiamus

1965 723 2017 781 in
2070 722 2179 774 Deo
2216 718 2412 774 diaboli
2460 717 2712 780 fraudes,
2767 731 2830 769 ae
2886 714 3274 784 simpliciorunt
3326 715 3537 770 animos

1965 812 2369 867 coniirmemus.
2429 806 2746 863 Sermonem
2800 807 2985 876 itaque
3041 806 3376 875 auspicatur,
3427 807 3537 863 divi

1965 904 2113 959 Pauli
2145 902 2466 959 sententiam
2515 900 2795 969 proferens
2828 911 2892 952 ex
2927 898 3163 967 Epistola
3198 899 3265 952 ad
3316 896 3539 961 Titum,

1966 999 2147 1065 aitque
2174 995 2352 1050 omnia
2380 993 2579 1048 munda
2615 991 2850 1057 mundis,
2886 992 3215 1059 impurornm
3247 1006 3376 1046 vero
3407 1006 3540 1046 cono

1968 1086 2252 1142 scientiam
2284 1100 2502 1156 quoque
2535 1098 2656 1139 esse
2682 1083 2957 1154 pollutam.
2998 1081 3123 1138 llaec
3170 1098 3299 1137 vero
3353 1084 3541 1137 beatus

1970 1180 2165 1235 Paulus
2194 1179 2260 1234 de
2284 1178 2504 1233 Judaica
2538 1176 2919 1231 observatione
2942 1175 2995 1229 in
3026 1174 3165 1229 cibis
3205 1176 3401 1229 asserit
3431 1216 3446 1241 ,
3480 1174 3545 1227 il-

1973 1272 2143 1327 lorum
2177 1285 2297 1339 qua:
2327 1284 2356 1322 a
2398 1268 2505 1323 Deo
2539 1277 2718 1321 creata
2752 1278 2877 1321 sunt
2905 1275 3096 1320 natura
3126 1280 3226 1318 sua
3262 1265 3396 1318 nihil
3422 1279 3548 1317 esse

1969 1363 2237 1431 impurum
2267 1377 2283 1416 :
2308 1373 2482 1429 neque
2506 1373 2633 1413 vero
2672 1356 2887 1426 pollutis
2916 1358 3211 1424 quidquam
3239 1368 3361 1408 esse
3388 1370 3545 1407 mun-

1969 1452 2121 1513 dum,
2149 1450 2243 1505 sed
2274 1450 2510 1518 ipsorum
2537 1460 2751 1516 quoque
2784 1456 3044 1509 mentem,
3072 1454 3126 1500 et
3159 1444 3544 1499 conscientiam

1970 1542 2228 1613 pollutam
2256 1553 2396 1595 esse.
2435 1537 2629 1593 Polluti
2660 1546 2786 1592 sunt
2810 1537 2956 1591 enim
2990 1549 3235 1607 peccato,
3256 1544 3310 1591 et
3333 1550 3397 1589 ea
3425 1550 3545 1603 qua:

1972 1638 2223 1693 indecora
2270 1644 2439 1702 sunt,
2477 1634 2784 1705 cogitando.
2839 1634 2943 1687 Per
2993 1633 3107 1688 hac
3163 1632 3324 1703 igitur
3376 1629 3543 1684 verba

1972 1732 2263 1787 constituto
2287 1743 2399 1783 suae
2424 1726 2733 1797 scriptionis
2761 1726 3024 1795 prommio
3051 1740 3275 1794 magnus
3306 1724 3547 1775 Athana-

1972 1823 2086 1877 sius
2114 1820 2370 1889 subiicit:
2403 1818 2572 1873 Miror
2620 1827 2829 1881 autem,
2876 1816 2991 1870 sive
3033 1830 3155 1869 cum
3186 1814 3546 1867 admiratione

1987 1921 2172 1981 specto
2196 1909 2391 1965 diaboli
2419 1907 2769 1965 calliditatem
2796 1947 2813 1973 ,
2866 1905 3085 1960 fraudes
3127 1905 3373 1960 videlicet
3406 1921 3420 1959 :
3457 1905 3549 1974 qui

1982 2017 2106 2058 cum
2139 2001 2411 2071 corruptio
2437 1999 2507 2055 sit
2534 2008 2590 2054 et
2620 1998 2754 2065 lues,
2789 1997 3143 2067 cogitationes
3189 2005 3366 2049 tamen
3386 2036 3401 2059 ,
3430 2009 3551 2064 qua:

1986 2110 2133 2165 purae
2161 2095 2410 2150 videntur
2432 2106 2576 2158 esse,
2608 2091 2662 2146 in
2682 2091 2928 2145 animum
2957 2089 3216 2144 insinuat.
3246 2088 3397 2154 Quod
3423 2102 3551 2141 vero

1984 2187 2051 2242 ab
2088 2187 2181 2243 illo
2212 2186 2269 2240 iit
2300 2184 2514 2240 insidiae
2546 2194 2692 2246 sunt,
2722 2183 2826 2237 hoc
2870 2189 2972 2245 est,
3005 2180 3233 2235 occultae
3272 2180 3556 2233 machina-

1977 2279 2178 2341 tiones,
2213 2290 2316 2330 non
2344 2272 2633 2345 probandae
2662 2271 2975 2327 constantiae
2994 2270 3447 2340 experimentum.
3480 2266 3551 2323 Ut

1980 2369 2124 2422 enim
2157 2380 2270 2428 eos,
2306 2363 2397 2433 qui
2425 2363 2480 2416 in
2524 2376 2704 2417 rerum
2752 2360 3060 2415 divinarum
3093 2357 3443 2412 meditatione
3489 2372 3551 2411 se

1980 2463 2257 2518 exercent,
2291 2469 2320 2507 a
2344 2464 2632 2515 consueta,
2662 2452 2763 2505 hoc
2793 2458 2897 2516 est,
2926 2450 3125 2505 usitata
3161 2449 3315 2518 ipsis,
3350 2458 3403 2501 et
3435 2447 3552 2501 tru-

1980 2559 2167 2605 ctuosa
2215 2546 2447 2601 abducat
2480 2543 2826 2613 cogitatione,
2895 2549 3057 2612 atque
3103 2541 3248 2613 ipsos
3288 2556 3551 2609 superare

1981 2640 2246 2703 videatur,
2294 2637 2590 2693 secundum
2642 2635 2745 2691 hoc
2790 2635 2926 2706 (sive
2983 2634 3124 2689 hanc
3176 2634 3245 2688 ob
3302 2638 3547 2700 causam)

1981 2730 2244 2799 ejusmodi
2274 2737 2453 2785 movet
2484 2727 2797 2799 bombycia,
2820 2742 2917 2782 seu
2947 2724 3385 2780 terriculamenta
3420 2739 3542 2791 quae

1978 2825 2313 2880 solummodo
2346 2821 2571 2876 bombos
2595 2821 2758 2875 cient.
2795 2816 2935 2885 Quid
2982 2824 3065 2871 est
3115 2816 3283 2880 enim,
3338 2817 3452 2881 ait,
3493 2816 3544 2867 in

1982 2915 2210 2971 naturali
2253 2915 2567 2968 excretione
2599 2911 2868 2975 criminis,
2893 2920 2985 2963 aut
3012 2909 3360 2978 itnpuritatis?
3388 2908 3549 2961 \‘Clttti

1979 3010 2023 3064 si
2046 3009 2166 3077 quis
2183 3007 2428 3061 Itomiues
2454 3006 2525 3060 ob
2551 3005 2657 3058 alia
2688 3018 2902 3073 quoque
2926 3012 3276 3058 excrementa
3311 3008 3549 3060 sccusrt,

1978 3108 2039 3153 ut
2080 3098 2150 3154 ob
2185 3111 2460 3163 mueorem
2514 3094 2748 3158 narium,
2803 3101 2859 3146 et
2911 3100 3093 3161 sputa,
3129 3101 3185 3145 et
3215 3104 3553 3157 quaecunque

282 3175 649 3243 ἑκκρινόμενα
676 3175 945 3244 ὠφελοῦσι
980 3175 1117 3246 πρὸς
1145 3177 1246 3246 τὴν
1279 3175 1447 3247 ζωήν.
1485 3177 1785 3246 Ἐπιχειρεῖ
1813 3177 1868 3228 δὲ

1978 3204 2073 3258 per
2106 3186 2461 3241 ventriculum
2492 3190 2880 3247 excernuntur,
2912 3183 3013 3237 hoc
3046 3190 3146 3245 est,
3173 3183 3463 3251 ejiciuntur
3489 3194 3551 3232 ae

284 3266 381 3315 καὶ
407 3263 693 3335 ἑτέρωθεν.
726 3265 789 3317 Εί
822 3264 928 3336 γὰρ
961 3262 1315 3333 πιστεύομεν,
1347 3266 1502 3334 φησι,
1535 3266 1646 3318 τῶν
1674 3267 1873 3336 χειρῶν

281 3354 379 3407 τοῦ
406 3354 541 3408 Θεοῦ
572 3355 783 3425 ποίημα
808 3350 945 3409 εἶναι
970 3356 1063 3409 τὸν
1089 3355 1400 3425 ἄνθρωπον,
1428 3355 1544 3421 πῶς
1569 3359 1687 3410 ἐστι
1714 3356 1872 3409 δυνα-

282 3447 377 3499 τὸν
404 3446 467 3499 ὲκ
492 3445 586 3498 τοῦ
613 3444 749 3498 Θεοῦ
779 3446 1087 3517 άκάθαρτόν
1112 3462 1167 3499 τι
1193 3445 1445 3514 γενέσθαι
1472 3448 1567 3501 καὶ
1598 3435 1869 3516 μεμολυσ-

287 3539 487 3609 μόνους
516 3540 624 3591 Καὶ
658 3538 707 3591 εί
739 3537 892 3606 γένος
931 3538 1068 3591 Θεοῦ
1108 3538 1429 3608 ύπάρχομεν
1464 3538 1605 3593 κατὰ
1636 3542 1735 3602 τὰς
1768 3539 1876 3591 τῶν

286 3629 451 3682 θείων
483 3628 797 3682 ἀποστόλων
830 3628 1104 3697 Πράξεις,
1139 3630 1292 3682 οὐδὲν
1329 3629 1526 3698 ἔχομεν
1562 3630 1621 3680 έν
1662 3630 1878 3691 ἑαυτοῖς

284 3717 625 3787 ἀκάθαρτον.
664 3718 753 3771 Ἐν
783 3718 893 3790 γὰρ
922 3721 988 3788 τῇ
1020 3718 1192 3788 βίϐλῳ
1221 3719 1331 3772 τῶν
1362 3719 1624 3789 Πράξεων
1654 3720 1876 3789 ἱστόρη-

284 3827 380 3863 ται
422 3812 450 3861 ὁ
496 3811 666 3879 μέγας
712 3810 923 3873 Παῦλος
970 3814 1084 3873 τοῖς
1118 3810 1429 3879 Ἀθηναίοις
1470 3810 1874 3880 διαλεγόμενος,

287 3901 389 3954 καὶ
428 3899 566 3969 πρὸς
602 3902 717 3962 τοῖς
755 3900 936 3962 ἄλλοις
977 3900 1073 3952 καὶ
1107 3898 1280 3953 ταῦτα
1317 3900 1489 3967 λέγων
1525 3903 1657 3971 περὶ
1693 3898 1829 3953 Θεοῦ
1859 3916 1874 3930 -

300 3994 408 4046 Ἐν
436 3989 598 4055 αὐτῷ
630 3993 742 4059 τὰρ
777 3989 961 4058 ζῶμεν
993 3991 1092 4044 καὶ
1126 3993 1453 4059 κινούμεθα
1473 4033 1486 4054 ,
1523 3993 1623 4044 καί
1654 3990 1875 4061 ἐσμεν,

287 4085 372 4149 ὡς
414 4086 514 4138 καί
548 4101 708 4150 τινες
750 4082 867 4137 τῶν
903 4086 1032 4137 καθ’
1066 4082 1223 4152 ὑμᾶς
1261 4083 1523 4151 ποιηζῶν
1557 4083 1833 4153 ειρήκασι
1859 4100 1875 4115 ο

296 4176 412 4231 Τοῦ
442 4177 551 4245 γὰρ
581 4175 753 4242 γένος
781 4176 986 4244 ἐσμέν.
1015 4176 1185 4227 Τοῦτο
1211 4175 1266 4227 δὲ
1303 4175 1381 4245 τῷ
1420 4177 1636 4245 ’Δράτῳ
1664 4176 1877 4245 εἴρηται

288 4270 425 4336 περὶ
457 4268 551 4319 τοῦ
587 4268 707 4329 Διός
734 4281 751 4297 ο
785 4269 813 4318 6
851 4267 908 4319 δὲ
946 4267 1269 4328 ’Λπόστολος
1306 4270 1384 4329 είς
1416 4266 1508 4319 τὸν
1540 4266 1708 4330 ὅντως
1745 4268 1877 4319 Θεὸν

289 4359 355 4411 τὸ
380 4357 559 4428 νόημα
588 4358 959 4427 ῂχμαλώτισε.
993 4356 1181 4425 Τούτῳ
1208 4359 1389 4409 τοίνυν
1419 4358 1500 4419 είς
1531 4358 1877 4424 κατασκευὴν

290 4446 389 4499 τοῦ
423 4448 628 4499 οἰκείου
658 4448 815 4514 λόγου
844 4447 872 4497 6
905 4445 1079 4515 μέγας
1109 4448 1379 4514 έχρήσατο
1413 4446 1731 4511 Ἀθανάσιος
1754 4464 1770 4479 ⁸
1801 4448 1876 4511 ὡς

1976 3288 2362 3343 exonerantur,
2422 3290 2543 3347 qua:
2596 3274 2811 3343 quidem
2864 3288 2959 3343 per
3012 3275 3381 3327 excretionein
3439 3271 3551 3342 39

1978 3370 2177 3425 emissa
2209 3368 2273 3422 ad
2305 3368 2467 3422 vitam
2496 3365 2711 3435 juvant.
2752 3363 2926 3417 Aliam
2963 3378 3088 3417 vero
3122 3372 3381 3433 praeterea
3424 3377 3546 3431 pro-

1975 3462 2251 3518 bationem
2279 3459 2611 3527 aggreditur.
2646 3456 2703 3511 Si
2732 3457 2897 3518 enim,
2928 3456 3127 3524 inquit,
3148 3471 3285 3523 opus
3312 3454 3403 3508 Dei
3433 3469 3552 3507 ma-

1981 3567 2141 3605 nuum
2173 3564 2289 3605 esse
2322 3548 2592 3603 hominem
2625 3546 2920 3610 credimus,
2958 3547 3055 3614 qui
3084 3543 3197 3599 llerl
3232 3554 3409 3615 potest
3437 3553 3492 3595 ut
3521 3558 3551 3595 a

1978 3640 2088 3697 Deo
2138 3641 2403 3708 impurum
2449 3638 2722 3707 quidpiam
2781 3636 3160 3705 pollutumque
3196 3635 3552 3703 procreetur?

1977 3734 2056 3787 Ac
2084 3730 2350 3799 siquidem
2387 3727 2483 3783 Dei
2513 3742 2682 3797 genus
2718 3726 2927 3791 sumus,
2959 3736 3016 3781 ut
3067 3730 3118 3779 in
3160 3726 3309 3781 Actis
3340 3726 3552 3779 divinu-

1982 3839 2100 3878 rum
2138 3820 2505 3892 apostolorum
2553 3818 2769 3888 legitur,
2809 3818 2941 3871 nihil
2978 3819 3030 3871 in
3065 3819 3219 3873 nobis
3268 3819 3399 3887 ipsis
3451 3820 3551 3871 int-

1980 3912 2237 3967 mundum
2276 3910 2560 3965 habemus.
2586 3908 3057 3963 Commemoratur
3083 3924 3313 3978 namque
3335 3910 3387 3963 in
3416 3910 3550 3963 libro

1977 4006 2233 4060 Actorum
2283 4016 2508 4069 tuagnns
2542 3998 2740 4052 Paulus
2772 3998 2837 4052 ad
2869 3999 3228 4053 Athenienses
3255 4001 3547 4060 disserens,

1979 4109 2042 4145 ac
2077 4102 2269 4162 praeter
2303 4091 2407 4141 alia
2444 4089 2556 4141 haec
2582 4102 2797 4156 quoque
2825 4087 3021 4141 eil‘atnr
3064 4090 3128 4141 de
3159 4086 3267 4141 Deo
3300 4104 3313 4139 :
3349 4086 3413 4139 lu
3437 4089 3551 4155 ipso

1978 4200 2114 4238 enim
2144 4183 2383 4240 vivimus,
2416 4195 2701 4239 moremur,
2730 4187 2778 4231 et
2825 4194 3037 4238 sumus,
3074 4188 3131 4230 ut
3163 4179 3320 4231 etiam
3359 4193 3555 4231 vestro-

1980 4288 2095 4326 rum
2122 4280 2391 4338 poetarum
2428 4268 2643 4337 quidam
2681 4267 2952 4327 dixerunt,
3000 4264 3177 4333 Ipsius
3216 4281 3440 4333 namque
3469 4270 3556 4333 gi:-

1980 4381 2076 4419 nus
2098 4379 2279 4418 sumus
2336 4365 2376 4416 '.
2408 4359 2519 4415 lloc
2548 4373 2677 4413 vero
2712 4360 2845 4413 dixit
2878 4359 3081 4412 Aratus
3112 4364 3174 4410 de
3197 4356 3328 4412 Jove
3356 4375 3369 4409 ε
3410 4358 3554 4425 Δρυ-

1980 4455 2152 4511 stolus
2198 4463 2375 4506 autem
2416 4450 2483 4503 ad
2535 4465 2721 4504 verum
2760 4449 2924 4503 Deum
2975 4448 3297 4502 sententiam
3339 4463 3552 4502 accom-

292 4541 345 4594 ει
380 4540 533 4606 γένος
571 4538 703 4590 Θεοῦ
745 4537 933 4607 ἐσμὲν,
970 4538 1045 4599 ὠς
1079 4540 1136 4590 ὲν
1173 4540 1293 4601 ταῖς
1336 4537 1608 4608 Πράξεσιν
1631 4540 1870 4607 εἴρηται,

1978 4547 2237 4602 modavit.
2273 4544 2349 4598 Eo
2376 4543 2539 4613 igitur
2574 4542 2640 4595 ad
2671 4556 2782 4596 sua:
2806 4540 3067 4596 orationis
3093 4540 3552 4595 confirmationem

291 4631 445 4683 οὐδὲν
476 4629 669 4698 ἔχομεν
704 4627 1119 4698 μεμολυσμένον
1148 4628 1181 4697 ἦ
1219 4629 1437 4697 μιαρόν.
1467 4629 1599 4681 Τότε
1632 4630 1741 4697 γὰρ
1778 4645 1874 4697 με·

296 4722 638 4792 μιιλύσμεϋα,
664 4723 751 4775 ὅτε
778 4722 1170 4790 ἁμαρτάνομεν
1190 4734 1203 4748 ·
1229 4723 1263 4790 ὴ
1291 4721 1347 4773 δὲ
1378 4722 1581 4790 φυσικὴ
1612 4721 1878 4789 ἔκκρισις,

295 4816 562 4882 γινομένη
609 4812 669 4874 ὲξ
713 4813 957 4880 ἀνάγκης
1002 4812 1101 4880 τῆς
1144 4810 1381 4879 φύσεως,
1423 4811 1483 4862 ού
1533 4811 1755 4878 μιαίνει.
1792 4811 1880 4873 Ὠς

294 4904 459 4957 τινῶν
492 4903 549 4955 δὲ
585 4903 972 4969 ἀντιλεγόντων
1005 4903 1100 4955 καὶ
1134 4902 1497 4971 παραγόντων
1533 4902 1675 4971 ρητά
1711 4903 1877 4969 εῦαγ-

295 4995 493 5062 γελικὰ
518 4996 588 5047 τὰ
618 4995 866 5061 λέγοντα,
903 4996 985 5049 Οὺ
1019 4993 1089 5047 τὰ
1122 4994 1517 5065 εισερχόμενα
1550 4992 1745 5046 κοινοῖ
1771 4995 1879 5044 τὸν

297 5089 636 5152 ἄνθρωπον,
664 5086 820 5139 ἀλλὰ
847 5087 917 5138 τὰ
947 5086 1314 5153 ἐξερχόμενα
1337 5101 1350 5114 ·
1383 5086 1597 5136 ἵσταται
1626 5086 1718 5136 καὶ
1745 5088 1880 5153 πρὸς

298 5178 458 5231 τοῦτο
483 5176 695 5238 δεικνὺς
729 5177 803 5246 μὴ
830 5176 1009 5239 καλῶς
1039 5176 1304 5245 νοούμενα
1331 5176 1401 5228 τὰ
1428 5176 1566 5245 ρητά
1601 5177 1746 5244 παρὰ
1773 5174 1880 5227 τῶν

299 5269 694 5337 ἀντιλεγόντων
719 5286 732 5299 °
768 5270 860 5321 καί
896 5286 1029 5337 φησι
1063 5269 1142 5320 ὃτι
1178 5271 1307 5339 ’περὶ¹
1343 5267 1649 5338 βρωμάτων
1680 5267 1882 5317 ἐνδοια-

301 5362 443 5423 στῶς
484 5362 720 5430 ἑχόντων
762 5359 923 5412 τινῶν
964 5361 1081 5427 ἢτοι
1124 5359 1474 5422 δειλιώντων,
1512 5356 1879 5427 ἁμφιὸαλλὸν-

298 5474 409 5510 των
432 5496 447 5521 ,
480 5457 553 5517 ὡς
594 5456 931 5525 μολυνόντων
964 5457 1088 5517 τοὺς
1124 5455 1439 5524 χρωμένους
1475 5454 1659 5513 αὐτοῖς
1680 5490 1693 5513 ,
1732 5451 1875 5501 λύων

298 5550 483 5602 αὐτῶν
507 5550 605 5616 τὴν
630 5550 851 5615 ἄγνοιαν
874 5548 903 5598 6
930 5546 1132 5617 Κύριός
1162 5562 1294 5615 φησι
1326 5545 1401 5616 μὴ
1428 5548 1495 5598 τὰ
1524 5545 1877 5612 εἰσερχόμενα

300 5640 546 5704 κοινοῦν,
579 5639 745 5708 ἠγουν
782 5639 1047 5706 μιαίνειν,
1083 5638 1364 5707 μολύνειν,
1398 5637 1536 5689 ἀλλά
1568 5636 1633 5688 τὰ
1663 5634 1875 5702 ἐξερχό-

392 5823 405 5853 ²
457 5820 583 5873 Act.
613 5832 714 5869 sm
745 5856 760 5881 ,
796 5814 888 5870 28.
991 5811 1009 5838 ⁸
1046 5817 1232 5872 Matth.
1271 5835 1334 5871 xv
1368 5859 1382 5878 ,
1415 5820 1495 5871 ιι.

628 5914 899 5973 Ρηιιοι..
943 5914 1059 5975 (in.
1100 5910 1490 5974 CXXXVIII.

1977 4651 2202 4707 magnus
2232 4650 2359 4691 usus
2391 4644 2475 4688 est
2531 4634 2856 4686 Athanasius
2900 4632 3109 4695 diCens,
3157 4631 3421 4700 siquidem
3462 4630 3551 4684 Dei

1976 4744 2145 4801 genus
2170 4742 2377 4792 sumus,
2412 4735 2469 4779 ut
2503 4726 2554 4778 in
2601 4725 2751 4778 Actis
2781 4724 2999 4787 dicitur,
3044 4723 3175 4776 nihil
3211 4723 3409 4776 habere
3455 4738 3552 4775 nos

1979 4819 2265 4887 pollutum,
2300 4826 2395 4869 aut
2420 4814 2780 4868 immundum.
2815 4811 2967 4866 Tunc
2997 4828 3231 4881 namque
3260 4812 3551 4881 polluintut-

1979 4924 2099 4964 cum
2135 4922 2441 4976 peccamus.
2466 4905 2735 4960 Naturalis
2785 4915 2965 4958 autem
3012 4904 3274 4969 excretio,
3319 4918 3436 4971 qua:
3490 4919 3552 4955 ex

1987 5013 2193 5054 natura:
2244 4999 2562 5052 necessitate
2615 4996 2711 5060 fit,
2765 4996 2984 5049 minime
3017 4996 3223 5063 polluit.
3288 4995 3554 5047 C:cterunt

1983 5107 2105 5144 cum
2159 5090 2399 5144 nonnulli
2448 5089 2879 5143 contradicerent
2914 5126 2929 5151 ,
2983 5101 3045 5138 ac
3099 5086 3415 5154 Evangelica
3469 5085 3556 5137 illa

1984 5185 2145 5237 verba
2176 5180 2503 5250 proferrent,
2540 5177 2661 5232 Non
2693 5195 2810 5243 qua:
2834 5178 3027 5230 intrant
3065 5177 3405 5244 coinquinant
3457 5173 3553 5226 Ιιυ-

1985 5275 2195 5336 minem,
2224 5273 2313 5325 sed
2336 5287 2454 5341 qua:
2485 5281 2672 5325 exeunt
2710 5276 2757 5332 ³,
2780 5269 2847 5322 ad
2877 5268 2976 5321 huc
3004 5282 3212 5335 quoque
3244 5264 3553 5333 respondet,

1986 5365 2051 5415 ab
2094 5364 2157 5415 iis
2194 5363 2282 5430 qui
2317 5371 2502 5415 contra
2539 5368 2774 5429 arguunt
2810 5370 2917 5409 non
2948 5355 3083 5407 bene
3139 5352 3361 5420 intelligi
3398 5350 3557 5403 verba

1983 5454 2071 5507 illa
2101 5453 2498 5516 demonstrans;
2526 5453 2709 5517 aitque
2732 5462 2855 5501 cum
2887 5448 2952 5501 de
2980 5445 3116 5499 cibis
3150 5444 3366 5510 quidam
3402 5440 3559 5494 dubi-

1987 5552 2184 5606 tarent,
2231 5542 2344 5595 sive
2391 5539 2755 5595 tiutidiuscnle
2805 5538 3155 5600 btesitarent,
3194 5534 3302 5588 acsi
3350 5543 3561 5587 utentes

1986 5636 2115 5705 ipsis
2150 5633 2479 5704 polluerent,
2512 5647 2696 5686 eorum
2733 5629 3127 5700 ignorationem
3164 5624 3420 5681 Dominus
3449 5624 3560 5675 sol-

3172 5890 3240 5953 ιδ
