4124 6460
216 423 322 485 557

1120 428 1204 488 IN
1240 427 1485 488 EPIST.
1535 427 1597 486 S.
1640 423 2064 485 ATHANASII
2101 425 2201 482 AD
2236 421 2544 484 AMMUM.

3370 426 3468 486 558

217 539 460 608 σφριγᾷ⁶
492 536 572 589 διὸ
601 537 754 608 παρὰ
779 538 877 608 τὴν
907 537 1131 609 πρώτην
1163 540 1397 609 εἴρηται.
1419 539 1548 592 Ὅτε
1575 537 1630 590 δέ
1663 537 1794 604 πρὸς

1905 533 2037 587 Illud
2074 548 2200 589 vero
2241 531 2414 604 (παρὰ
2443 533 2541 602 τὴν
2585 531 2828 603 πρώτην)
2857 542 2949 588 aut
2977 533 3044 588 de
3094 535 3346 603 praedicta
3386 538 3468 591 via

214 629 393 696 γῆρας
426 627 736 692 ἀπονεύσει,
767 631 814 682 εί
842 630 936 682 καὶ
971 630 1104 699 μηδέ
1130 631 1249 682 τότε
1282 629 1566 683 σϐέννυται
1593 628 1654 682 τὸ
1684 629 1796 697 πῦρ

216 721 280 770 ἐκ
303 718 412 770 τῶν
437 718 645 784 παθῶν,
672 720 806 772 ἀλλά
830 738 890 789 γε
915 721 1338 790 μαλθακώτερον
1357 721 1589 788 γίνεται.
1613 719 1797 772 Ταῦτα

214 809 389 862 εἰπὼν
423 810 620 878 ἐπάγει
655 812 736 864 ὅτι
769 813 834 864 τὰ
869 813 1162 881 ζητήματα
1196 812 1376 867 αὐτῶν
1408 815 1474 866 τὰ
1509 811 1798 881 ἀκάθαρτα

213 900 573 969 προλὲλυνται
605 902 760 971 παρὰ
791 902 900 954 τῶν
933 904 1094 955 θείων
1126 904 1377 972 Γραφῶν.
1412 904 1506 955 καὶ
1537 905 1800 971 παραινεί

211 991 304 1043 τὸν
347 993 705 1061 ἐρωτήσαντα
751 992 1138 1063 ύποστηρίζειν
1183 996 1311 1056 τοὺς
1354 993 1444 1045 ὑπ’
1473 995 1657 1056 αὑτὸν,
1703 993 1798 1046 καὶ

209 1085 443 1152 κρήσεσι
475 1083 740 1152 κέχρηται
771 1089 1070 1153 γραφικαῐς
1102 1085 1380 1155 διαφόροις
1401 1100 1416 1116 ο
1448 1081 1564 1137 εἶτα
1596 1087 1690 1137 καὶ
1719 1087 1797 1148 είς

209 1173 380 1240 εὐχὴν
403 1174 609 1242 τρέψας
632 1173 723 1226 τὸν
755 1174 913 1240 λόγον
934 1175 1130 1227 τελειοῖ
1153 1176 1252 1246 τὴν
1275 1175 1584 1243 ἐπιστολήν.
1611 1175 1796 1229 Ταῦτα

212 1267 313 1332 μὲν
345 1260 440 1316 οὖν
469 1266 497 1316 6
530 1268 703 1334 μέγας
735 1270 898 1334 φησιν
932 1267 1252 1328 ’Λθανάσιος
1281 1267 1408 1333 περὶ⁵
1437 1266 1532 1335 τῆς
1563 1267 1797 1336 φυσικῆς

207 1356 514 1424 ἐκκρίσεως
544 1356 642 1424 τῆς
675 1358 859 1424 γονῆς.
896 1359 955 1410 '0
985 1358 1043 1410 δὲ
1080 1359 1488 1428 Ἀλεξανδρείας
1521 1358 1796 1420 Διονύσιος

206 1450 264 1498 ἐν
297 1450 361 1515 τῇ
400 1447 538 1514 πρὸς
573 1445 890 1518 Βασιλείδην
921 1449 1177 1519 ἐπιστολῇ
1209 1449 1382 1502 ταῦτὰ
1414 1466 1578 1518 φησιν
1601 1467 1612 1480 ο
1645 1450 1708 1501 Oi
1739 1449 1794 1500 δέ

205 1539 265 1588 ἐν
297 1538 648 1608 ἀπροαιρέτῳ
678 1541 968 1608 νυκτερενῇ
1004 1541 1157 1607 ῥύσει
1188 1541 1472 1608 γενόμενοι
1503 1539 1578 1608 τῷ
1607 1538 1795 1607 οἰκείῳ

205 1627 474 1679 συνειδότι
503 1627 1082 1681 κατακολουθείτωσαν
1107 1646 1121 1662 ·
1156 1631 1251 1682 κα)⁸
1280 1631 1510 1693 ἑαυτοὺς
1540 1631 1649 1682 εἴτε
1678 1630 1795 1682 6:1-

199 1721 520 1788 κρίνονται,
552 1722 662 1772 εἴτε
699 1720 806 1789 μὴ,
840 1721 1240 1774 σκοπείτωσαν.
1276 1720 1364 1784 Ὠς
1393 1720 1622 1773 ἐπὶτῶν
1652 1719 1795 1790 βρω-

205 1812 400 1880 μάτων
443 1813 471 1864 ό
519 1812 963 1881 διακρινόμενος,
1014 1813 1212 1882 φησιν,
1255 1813 1350 1865 ἐὰν
1397 1813 1577 1882 φάγῃ,
1625 1827 1795 1865 κατα-

202 1913 462 1970 κεκριται
496 1915 510 1928 ⁸
566 1902 662 1954 καὶ
714 1903 772 1952 ἐν
821 1901 1036 1964 τούτοις
1085 1902 1462 1971 εύσυνείδητος
1513 1903 1654 1954 ἔστω
1703 1902 1796 1954 καὶ

200 1991 694 2061 τύπαρρησίαστος
729 1993 872 2045 κατὰ
904 1992 964 2044 τὸ
991 1993 1123 2045 ἴδιον
1158 1993 1414 2064 ἐνθύμιον
1433 1995 1542 2056 πᾶς
1574 1996 1601 2045 6
1625 2009 1796 2061 προσ-

204 2083 302 2135 ιὼν
335 2084 411 2152 τῷ
443 2078 593 2146 Θεῷ.
618 2085 682 2137 Ὀ
709 2084 767 2135 δὲ
798 2084 945 2149 λέγει
973 2084 1217 2138 τοιοῦτόν
1245 2086 1414 2150 ἐστιν,
1462 2085 1543 2137 δτι
1589 2085 1648 2136 '0
1697 2085 1797 2155 τὴν

197 2176 297 2228 τοῦ
331 2176 650 2246 σπέρματος
683 2176 922 2237 ὑποστὰς
953 2176 1168 2245 ρεὖσιν,
1199 2176 1391 2229 ἐαυτὸν
1419 2177 1754 2247 ἁνακρινέτω
1778 2193 1792 2208 ο

199 2270 298 2320 καὶ
327 2270 376 2319 εί
412 2269 508 2337 μὲν
539 2269 813 2336 ἐμπὰθειά
841 2285 924 2330 τις
956 2271 1310 2338 προηγήσατο
1338 2270 1402 2320 ἐκ
1430 2269 1523 2320 τοῦ
1553 2267 1794 2339 πονηροῦ

202 2359 335 2419 ῑσως
371 2361 628 2429 ἐνθυμίου
663 2362 760 2412 καὶ
793 2360 1266 2427 συγκαταθέσεως,
1301 2361 1393 2413 καὶ
1424 2359 1595 2422 οὕτως
1632 2361 1664 2428 ὴ
1698 2361 1795 2427 τῆς

199 2451 370 2518 γονῆς
406 2449 815 2520 ἐπηκολούθησε
850 2449 1068 2520 ῥεῦσις,
1099 2451 1199 2503 οὐκ
1233 2453 1501 2518 ἀμίαντος
1530 2453 1559 2503 6
1589 2451 1795 2518 ταύτην

202 2542 396 2594 παθών
421 2557 436 2571 ο
476 2545 523 2593 εί
561 2541 604 2593 δ’
631 2542 783 2594 ούδέν
817 2541 1057 2594 τοιοῦτον
1096 2543 1486 2610 προηγήσατο,
1523 2541 1644 2594 οὐδὲ
1679 2542 1796 2594 δια-

200 2633 452 2702 κρίνεται
483 2633 572 2684 διά
601 2649 654 2684 τι
684 2631 928 2684 τοιοῦτον
949 2671 963 2695 ,
997 2633 1090 2684 καὶ
1120 2632 1180 2683 ού
1219 2632 1548 2700 μεμόλυνται
1583 2631 1731 2701 αύτῷ
1766 2635 1793 2684 6

199 2723 486 2790 λογισμὸς,
521 2721 763 2790 προσίτω
794 2725 906 2782 τοίς
936 2722 1268 2789 ἁγιάσμασι.
1299 2720 1456 2783 Τινὲς
1483 2720 1539 2772 δὲ
1571 2721 1662 2774 τὸν
1695 2721 1792 2789 μέ-

199 2831 308 2882 γαν
347 2813 633 2864 Βασίλιιόν
667 2829 831 2878 φασιν
867 2813 1158 2880 ἀπείργειν
1181 2813 1305 2874 τοὺς
1330 2812 1568 2864 τοιοῦτόν
1603 2829 1654 2864 τι
1691 2829 1794 2865 πα·

200 2907 399 2967 θόντας
444 2906 540 2974 τῆς
583 2904 690 2956 τῶν
737 2905 1096 2973 ἁγιασμάτων
1143 2903 1522 2973 μεταλήψεως.
1555 2903 1794 2972 Ἐρωτη-

199 2999 316 3059 θεὶς
347 3000 453 3066 γὰρ
485 2999 512 3048 ὀ
540 2998 694 3063 ἅγιος
721 2991 876 3059 οὗτος
897 3038 910 3059 ,
941 2995 1018 3056 ὡς
1046 2999 1104 3048 ἐν
1131 2999 1240 3058 τοῖς
1272 2995 1591 3063 ἀσκητικοῖς
1622 2995 1790 3048 αὑτοῦ

199 3089 646 3157 ἀναγέγραπται,
677 3089 724 3140 εἰ
754 3087 862 3138 τῶν
893 3086 1143 3156 συνήθων
1169 3087 1264 3139 καὶ
1294 3090 1438 3139 κατὰ
1465 3087 1627 3155 φύσιν
1653 3102 1794 3154 γινο-

1901 625 2170 694 conjugali
2207 625 2607 693 intelligendum
2641 635 2745 689 est,
2777 636 2871 680 aut
2895 626 2960 680 de
2989 625 3164 680 initio.
3194 626 3295 694 Qui
3326 629 3468 682 enim

1902 717 2266 784 virginitatem
2303 717 2662 785 amplectitur,
2693 731 2814 770 cum
2853 731 2980 770 caro
3036 717 3102 770 ad
3143 718 3468 786 voluptates.

1901 809 2239 876 maximeque
2263 824 2524 862 venereas
2549 809 2620 862 sit
2649 809 2918 876 proclivis;
2947 807 3291 863 conﬂictatur
3321 809 3474 864 initio

1900 900 2328 961 diﬂiuultatibus.
2361 909 2548 954 natura
2583 901 2646 953 ad
2676 901 2949 955 libidinem
2974 901 3284 964 inclinante,
3313 901 3474 970 idque

1902 994 2203 1060 praesertim
2235 993 2358 1046 dmn
2397 993 2448 1045 in
2491 992 2668 1046 aetatis
2719 993 2849 1046 ﬂore
2896 1003 3167 1057 versatur,
3200 1008 3262 1046 ac
3293 995 3471 1059 viget;

1899 1098 2056 1151 quam
2083 1085 2152 1137 ob
2180 1097 2395 1136 causam
2418 1084 2578 1136 verba
2611 1083 2699 1135 illa
2729 1083 2922 1150 (primo
2950 1085 3122 1150 aditu)
3147 1095 3273 1137 sunt
3307 1086 3472 1136 dicta.

1900 1174 2002 1230 Ubi
2037 1191 2166 1229 vero
2216 1177 2281 1229 ad
2339 1185 2670 1229 senectutem
2722 1178 2918 1243 vergit,
2959 1177 3171 1228 etiamsi
3221 1190 3287 1226 ne
3347 1187 3476 1229 tunc

1898 1266 2113 1334 quidem
2157 1268 2528 1334 exstinguatur
2580 1265 2931 1334 cupiditatum
2984 1267 3199 1319 ﬂamma
3230 1305 3246 1328 ,
3302 1266 3476 1319 lenior

1903 1369 2075 1410 tamen
2109 1360 2306 1411 evadit.
2345 1357 2436 1410 llis
2485 1358 2644 1411 dictis
2681 1357 2933 1424 subjicit,
2969 1357 3182 1410 illorum
3235 1358 3475 1423 impnras

1897 1452 2219 1520 quzestiones
2244 1451 2351 1519 jam
2376 1459 2499 1502 ante
2522 1464 2585 1502 ex
2614 1449 2785 1502 sacris
2818 1448 3036 1502 Litteris
3062 1449 3226 1502 fuisse
3248 1451 3475 1511 Soltttas,

1899 1553 2188 1609 monetque
2241 1542 2688 1605 interrogantem,
2730 1550 2786 1593 ut
2816 1542 2918 1594 sibi
2980 1540 3226 1594 subditos
3276 1539 3477 1592 conﬁr-

1898 1643 2028 1696 met,
2063 1632 2336 1701 variisque
2367 1629 2661 1700 Scriptura:
2692 1632 2978 1684 sententiis
3012 1633 3178 1684 utitur
3206 1647 3220 1696 ;
3259 1640 3370 1684 tum
3408 1631 3476 1683 ad

1897 1723 2262 1792 precationem
2297 1737 2558 1777 conversa
2597 1723 2844 1776 oratione
2893 1723 3174 1790 epistolam
3223 1722 3474 1776 absolvit.

1906 1814 2032 1870 llaec
2059 1831 2186 1884 ergo
2225 1829 2449 1885 magnus
2483 1815 2718 1882 loquitur
2756 1815 3083 1867 Athanasius
3130 1813 3197 1867 de
3246 1813 3478 1866 naturali

1905 1905 2128 1958 seminis
2161 1906 2494 1958 excretione.
2530 1902 2818 1972 Dionysius
2865 1917 3028 1971 porro
3079 1903 3478 1958 Alexandrinus

1902 1993 1955 2046 in
1989 1992 2216 2062 epistola
2265 1992 2331 2046 ad
2381 1991 2678 2045 Basilidem
2728 1992 2841 2044 haec
2885 1992 3047 2044 habet
3079 2008 3093 2044 :
3131 1992 3232 2056 Qui
3265 2007 3391 2045 vero
3425 1993 3476 2045 in

1902 2099 2006 2138 non
2038 2083 2344 2137 voluntario
2383 2092 2651 2136 nocturno
2680 2081 2825 2134 ﬂuxu
2874 2080 3043 2145 fuere,
3083 2081 3353 2150 propriam
3391 2098 3478 2136 se-

1898 2187 2132 2244 quantur
2163 2175 2575 2238 conscientiam,
2611 2182 2665 2227 et
2697 2188 2904 2235 secum.
2935 2187 3000 2225 an
3026 2172 3091 2226 dc
3117 2187 3180 2226 eo
3208 2173 3475 2234 dubitant.

1899 2280 2090 2330 necne.
2137 2267 2499 2319 considerent.
2552 2264 3016 2329 Quemadmodum
3067 2262 3120 2316 in
3171 2264 3327 2325 cibis,
3384 2265 3475 2332 qui

1897 2358 2133 2422 dubitat,
2164 2357 2359 2426 inquit,
2401 2358 2788 2410 condemnatus
2819 2363 2900 2409 est
2928 2397 2943 2420 ,
2975 2356 3016 2408 si
3049 2355 3340 2408 comederit
3366 2392 3380 2416 ,
3425 2355 3477 2406 in

1899 2450 1982 2504 his
2009 2464 2228 2518 quoque
2264 2450 2418 2501 bonae
2445 2449 2512 2501 sit
2537 2447 2903 2511 conscientiae,
2927 2457 2980 2499 et
3006 2446 3171 2500 libere
3201 2448 3470 2513 loquatur,

1891 2537 2042 2605 juxta
2076 2548 2388 2605 conceptam
2427 2536 2607 2589 animo
2632 2538 3036 2604 cogitationem,
3066 2537 3243 2589 omnis
3269 2538 3355 2604 qui
3383 2551 3476 2589 ac-

1906 2631 2050 2686 cedit
2090 2630 2150 2682 ad
2188 2627 2376 2682 Deum.
2408 2627 2558 2692 Quod
2603 2642 2729 2681 vero
2757 2627 2830 2680 ait
2858 2627 3120 2693 ejusmodi
3149 2637 3254 2692 est,
3292 2638 3347 2682 ut
3382 2629 3475 2696 qui

1896 2722 2116 2776 seminis
2144 2721 2348 2774 ﬂuxum
2377 2730 2457 2773 est
2490 2734 2680 2786 passus
2710 2719 2942 2785 seipsum
2975 2720 3272 2785 examinet,
3303 2735 3363 2772 ac
3393 2720 3472 2772 si-

1901 2814 2117 2881 quidem
2174 2811 2384 2866 aﬂ‘cctio
2439 2811 2614 2880 aliqua
2675 2811 2970 2877 praecessit,
3003 2825 3067 2865 ex
3127 2826 3291 2879 prava
3337 2811 3476 2866 forte

1899 2905 2226 2973 cogitatione
2260 2915 2419 2973 atque
2475 2919 2741 2958 consensu
2766 2944 2780 2966 ,
2815 2912 2868 2957 et
2921 2905 3018 2957 hoc
3055 2913 3208 2971 pacto
3255 2905 3476 2958 seminis

1895 2994 2069 3049 ﬂuxus
2105 3006 2184 3048 est
2215 3006 2564 3059 consecutus,
2597 2993 2682 3048 cui
2717 2996 2760 3048 is
2795 2995 3018 3060 Contigit.
3055 2995 3469 3063 haudquaquam

1896 3105 2062 3159 purus
2094 3089 2493 3144 existimabitur
2532 3105 2545 3140 :
2583 3090 2666 3142 sin
2704 3089 2836 3141 nihil
2885 3089 2988 3142 tale
3020 3093 3333 3158 praecessit,
3368 3107 3468 3146 nec

204 3181 384 3250 μένων
412 3181 520 3232 τινὶ
551 3180 655 3248 χρὴ
688 3179 892 3248 τολμᾷν
921 3179 999 3240 είς
1030 3178 1316 3232 κοινωνίαν
1347 3179 1454 3231 τῶν
1486 3179 1659 3246 ἁγίων
1691 3195 1789 3230 πα⁸

1899 3185 1960 3238 de
1993 3183 2169 3251 aliqua
2202 3181 2466 3250 ejusmodi
2501 3195 2556 3235 re
2584 3182 2805 3249 ambigit
2832 3219 2846 3244 ,
2877 3196 2974 3235 nec
3007 3181 3110 3233 ulla
3150 3185 3344 3234 rationi
3380 3185 3474 3236 ad-

202 3270 552 3341 ραδέχεσοαι,
595 3270 890 3339 ἀπεκρίθη,
941 3269 1242 3338 Κρείττονα
1283 3269 1381 3339 τῆς
1431 3267 1644 3336 φύσεως
1694 3269 1790 3321 καὶ

199 3364 301 3430 τῆς
336 3361 626 3432 συνηθείας
655 3361 894 3424 ἐδίδαξεν
921 3363 948 3412 6
983 3362 1305 3423 Ἀπόστολος
1339 3357 1475 3413 εἶναι
1506 3361 1597 3412 τὸν
1625 3361 1681 3412 ἐν
1711 3359 1789 3428 τῷ

203 3452 539 3521 βαπτίσματι
573 3451 913 3516 συνταφέντα
943 3447 1196 3518 Χριστῷ·
1229 3447 1358 3500 ποτὲ
1388 3447 1489 3511 μὲν
1514 3447 1684 3498 είπὼν
1708 3447 1789 3498 ὅτι

215 3545 271 3597 '0
307 3543 565 3604 παλαιὸς
599 3540 770 3609 ἡμῶν
799 3542 1112 3606 ἅνθρωπος
1145 3537 1616 3605 συνεσταυρώθη
1637 3576 1651 3600 ,
1689 3537 1792 3588 ἵνα

203 3632 551 3703 καταργηθῇ
587 3633 655 3686 τὸ
691 3630 864 3700 σῶμα
898 3632 1008 3696 τῆς
1041 3631 1352 3700 ἁμαρτίας,
1390 3627 1497 3680 τοῦ
1527 3628 1611 3696 μὴ
1649 3626 1788 3679 δου-

200 3729 412 3782 λεύειν
452 3725 609 3792 ἡμᾶς
653 3722 724 3790 τῇ
771 3724 1065 3790 ἁμαρτίᾳ·
1115 3721 1241 3773 π.)τέ
1283 3721 1340 3772 δέ
1384 3717 1789 3790 παραγγείλας,

203 3815 559 3884 Νεκρὼσατε
599 3811 713 3869 οὖν
746 3815 816 3866 τὰ
851 3813 1007 3881 μέλη
1050 3813 1216 3880 ὑμῶν
1250 3810 1320 3863 τὰ
1355 3810 1453 3863 ἐπὶ
1489 3809 1600 3878 τῆς
1638 3807 1748 3878 γῆς
1773 3823 1787 3838 ·

204 3922 519 3974 πορνείαν,
550 3905 946 3970 ἀκαθαρσίαν,
979 3902 1189 3966 πάθος,
1219 3902 1543 3967 ἐπιθυμίαν
1570 3896 1788 3964 κακὴν,

205 4005 307 4051 aiat
339 3998 452 4064 τὴν
483 3996 870 4059 πλεονεξίαν,
906 3993 943 4060 ἢ
979 4010 1066 4058 τις
1099 3992 1274 4045 ἐστὶν
1303 3989 1788 4056 είδωλολατρεια,

204 4090 280 4142 δι’
313 4091 352 4142 ἁ
379 4088 674 4156 ἔρχεταιεη
707 4085 853 4154 ὀργὴ
883 4084 987 4138 τοῦ
1019 4083 1163 4138 Θεοῦ
1188 4083 1284 4137 ἐπὶ
1317 4084 1457 4150 τοὺς
1487 4083 1654 4147 υἱοὺς
1685 4079 1792 4148 τῆς

203 4183 516 4244 ἀπειθείας
538 4196 550 4208 ο
581 4180 711 4230 ποτε
741 4179 797 4230 δὲ
828 4180 950 4247 ερον
976 4177 1266 4246 ἐκθέμενος
1299 4178 1354 4228 ἐν
1380 4174 1457 4244 τῷ
1486 4176 1660 4226 εἰπεῖν
1685 4191 1697 4204 ⁶
1727 4176 1792 4228 Οἱ

207 4274 276 4326 δὲ
317 4273 421 4326 τοῦ
463 4270 723 4337 Χριστοῦ
763 4269 954 4336 Ἰησοῦ
996 4270 1396 4334 ἐσταύρωσαν
1439 4267 1555 4334 τὴν
1593 4267 1793 4332 σάρκα

206 4366 334 4419 σὺν
365 4364 491 4429 τοῖς
525 4362 840 4430 παθήμασι
874 4359 971 4412 καί
1003 4360 1134 4422 ταῖς
1165 4359 1527 4426 ἐπιθυμίαις.
1563 4357 1705 4424 Ἐγὼ
1737 4357 1794 4409 δέ

207 4459 383 4526 ἔγνων
418 4459 500 4509 δτι
534 4456 708 4507 ταῦτα
749 4452 1082 4522 κατωρθώθη
1120 4450 1356 4520 Χριστοῦ
1392 4453 1574 4519 χάριτι
1611 4450 1703 4502 καὶ
1738 4451 1794 4498 ἐν

1900 3274 2055 3327 ιιαεεὶι
2081 3273 2312 3336 macula,
2340 3271 2404 3324 ad
2434 3285 2588 3324 sacra
2619 3271 2692 3323 illi
2727 3272 2978 3337 mysteria
3012 3271 3169 3325 liccat
3193 3273 3470 3328 accedere.

1905 3364 2160 3417 Nonnulli
2199 3379 2346 3426 vero,
2384 3363 2563 3429 magni
2596 3361 2778 3415 Basilii
2807 3363 3074 3415 sententia
3107 3403 3120 3424 ,
3148 3367 3236 3431 qui
3272 3363 3474 3430 aliquid

1893 3455 2154 3523 ejusmodi
2190 3455 2328 3523 passi
2362 3464 2506 3515 sunt,
2545 3467 2572 3505 a
2615 3467 2894 3506 sacrorum
2935 3455 3311 3521 mysteriorum
3347 3469 3471 3521 per-

1892 3548 2146 3618 cep‘ione
2191 3545 2362 3599 arceri
2403 3557 2670 3599 asserunt.
2718 3543 2955 3611 Rogatus
3005 3560 3236 3614 namque
3274 3545 3357 3598 hic
3396 3550 3477 3600 vir

1894 3649 2116 3694 sanctus
2153 3637 2252 3707 (uti
2307 3637 2358 3689 in
2414 3637 2578 3705 ipsius
2629 3636 2890 3691 Asceticis
2940 3646 3022 3690 cst
3073 3638 3353 3705 scriptum)
3408 3653 3473 3690 an

1897 3745 2042 3791 cum,
2091 3729 2174 3780 cui
2216 3743 2278 3781 ex
2337 3726 2727 3780 c0nsuetudine
2789 3734 2883 3780 aut
2937 3735 3128 3779 natura
3189 3728 3463 3794 quidpiam

1893 3821 2096 3882 evenit,
2134 3820 2334 3871 audere.
2361 3827 2606 3886 oporteat
2652 3817 2718 3871 ad
2780 3832 3058 3871 sacrorum
3102 3822 3475 3873 communica-

1895 3909 2092 3963 tionem
2126 3908 2451 3963 admittere?
2481 3907 2792 3976 respondit:
2818 3906 3160 3976 Superiorem
3193 3920 3395 3962 natura:
3425 3919 3478 3961 ct

1913 4000 2291 4056 consuetudini
2323 3999 2504 4052 docuit
2531 3999 2820 4066 Apostolus
2851 4013 2972 4053 esse
3010 4013 3154 4062 enm,
3182 4001 3272 4068 qni
3303 4002 3353 4052 in
3389 4001 3479 4054 ba-

1898 4096 2095 4162 ptismo
2131 4092 2476 4159 consepultus
2509 4103 2591 4144 est
2645 4090 2864 4144 Christo
2909 4108 2922 4143 :
2962 4106 3106 4144 nunc
3145 4093 3358 4160 quidem
3397 4094 3479 4145 di-

1897 4199 2047 4247 cens,
2080 4182 2232 4248 Quod
2269 4193 2408 4237 cetus
2443 4191 2620 4235 uoster
2651 4182 2804 4234 homo
2833 4198 2947 4234 cum
2979 4199 3038 4234 eo
3075 4185 3356 4249 cruciﬁxus
3383 4197 3476 4245 cu,

1897 4286 1954 4330 ut
1991 4277 2264 4329 aboleatur
2309 4291 2497 4341 corpus
2544 4275 2763 4338 peccati,
2797 4289 2860 4326 ne
2897 4290 2987 4326 nos
3023 4275 3248 4341 amplius
3280 4273 3479 4326 sérvia-

1898 4384 2014 4420 mus
2072 4372 2332 4435 peccato'
2387 4365 2551 4417 :alibi
2603 4378 2733 4418 vero
2773 4365 3106 4431 praecipiens,
3162 4363 3476 4429 Mortiﬁcate

1900 4460 2064 4527 igitur
2092 4459 2321 4510 membra
2347 4465 2520 4510 vestra
2553 4457 2851 4516 terrestria,
2878 4455 3276 4513 scortationcm,
3305 4457 3480 4520 impu-

207 4547 437 4615 ἀνδράσι
462 4545 556 4598 καὶ
582 4543 795 4611 γυναιξὶ
823 4544 1000 4592 πίστει
1021 4544 1085 4611 τῇ
1113 4543 1190 4602 εἰς
1211 4541 1302 4591 τὸν
1330 4540 1528 4609 Κύριον
1553 4540 1751 4608 γνησίᾳ
1771 4553 1784 4565 ’

1899 4552 2122 4612 ritatcm,
2159 4549 2455 4608 mollitiem,
2483 4548 2820 4613 cupiditatem
2850 4544 3071 4605 malam,
3091 4557 3137 4597 et
3164 4546 3474 4602 avaritiam.

205 4639 300 4694 τοῦ
339 4639 396 4689 δέ
437 4640 494 4690 ἐν
526 4635 838 4704 ἀκαθαρσίᾳ
876 4635 1004 4684 ὄντα
1037 4636 1156 4685 τινα
1194 4633 1430 4700 ἐγγίζειν
1463 4636 1575 4694 τοῖς
1614 4635 1790 4700 ἁγίοις

203 4734 301 4785 καὶ
338 4737 401 4782 ἐκ
435 4731 533 4796 τῆς
573 4729 815 4788 Haloti;
851 4725 1122 4794 Διαθήκης
1161 4724 1391 4794 φοϐερὸν
1425 4725 1792 4794 διδασκόμεθα

204 4825 269 4875 τὸ
305 4824 502 4891 κρῖμα.
539 4821 597 4872 Εἰ
631 4820 686 4871 δὲ
727 4819 908 4872 πλεῖον
941 4817 1033 4869 τοῦ
1073 4817 1219 4886 ἱεροῦ
1254 4811 1377 4880 ὧδε,
1412 4818 1791 4887 φοϐερώτερον

206 4924 474 4994 δηλονότι.
527 4917 814 4970 Παιδεύσει
855 4916 912 4968 δὲ
957 4916 1106 4982 ἡμᾶς
1145 4914 1173 4964 6
1212 4913 1533 4974 Ἀπόστολος
1577 4912 1748 4963 εἰπών
1777 4923 1792 4939 ⁸

217 5018 281 5068 '0
312 5014 532 5066 ἐσθίων
559 5010 653 5062 καί
684 5010 876 5060 πίνων
899 5007 1160 5068 ἀναξίως
1187 5005 1366 5072 κρῖμα
1391 5003 1579 5068 ἐαυτῷ
1603 5005 1793 5057 ἐσθίει

209 5107 309 5159 καὶ
341 5103 525 5156 πίνει.
563 5101 656 5152 Ἐκ
689 5098 819 5166 γοῦν
848 5097 946 5166 τῆς
980 5095 1321 5165 ἀποκρίσεως
1353 5095 1553 5164 ταύτης
1587 5094 1791 5148 οἴονταί

207 5212 354 5260 τινες
386 5194 477 5246 τὸν
513 5195 686 5261 μέγαν
719 5189 1000 5244 Βασίλειον
1032 5187 1378 5256 ἀκαθαρσίαν
1409 5186 1662 5256 ἡγεῖσθαι
1694 5187 1793 5254 τὴν

208 5287 304 5338 τοῦ
338 5286 654 5352 σπέρματος
682 5281 881 5350 ἐκροήν
907 5296 920 5309 °
954 5278 1070 5331 ἀλλ’
1093 5280 1194 5329 ούκ
1225 5277 1340 5330 ἐστι
1369 5275 1546 5328 τοῦτο.
1579 5275 1651 5328 Οὐ
1686 5275 1793 5345 γὰρ

211 5378 344 5447 περὶ
375 5375 723 5442 ἀφαντάστού
758 5375 889 5438 φησὶ
923 5370 1134 5438 ῥύσεως
1155 5408 1169 5431 ,
1201 5368 1315 5419 ἀλλ’
1342 5368 1461 5421 οὐδὲ
1498 5367 1636 5436 μετὰ
1669 5383 1795 5433 φαν-

208 5469 404 5528 τασίας
435 5464 758 5534 γενομένης,
788 5463 915 5516 ἄνευ
947 5463 1135 5531 μέντοι
1166 5459 1495 5528 ἐμπαθείας,
1525 5454 1591 5528 ἧς
1621 5459 1805 5511 ἐπιθυ-

217 5561 315 5630 μία
362 5559 423 5610 ού
471 5559 859 5626 προηγήσατο’
907 5553 939 5622 ἢ
984 5551 1086 5605 κᾶν
1136 5552 1514 5622 προηγήσατο,
1560 5549 1679 5601 ἀλλ’
1707 5551 1805 5602 οὑκ

213 5650 511 5718 ἐνέμεινεν,
541 5646 654 5698 ἀλλ’
681 5647 1020 5714 ἀπεπέμφθη
1047 5641 1139 5695 τοῦ
1171 5641 1484 5711 κρείττονος
1512 5641 1808 5710 ἐπικρατή.

311 5833 517 5890 ‘Bom.
553 5845 624 5896 Vl,
661 5830 714 5887 6.
824 5827 842 5855 '
882 5827 1093 5885 Coloss.
1133 5844 1192 5884 III
1222 5869 1237 5894 ,
1273 5829 1338 5893 5,
1371 5825 1427 5880 6.

1522 5823 1538 5850 ³
1576 5821 1754 5877 Galat.
1795 5838 1826 5875 ν
1855 5862 1869 5888 ,
1897 5821 1990 5876 26.

1891 4660 2009 4711 quia
2040 4652 2116 4696 es!
2140 4641 2468 4705 idololatria,
2491 4638 2552 4692 ob
2581 4653 2696 4708 quin
2727 4639 2858 4690 venit
2896 4641 2973 4690 ira
3007 4637 3098 4690 Dei
3130 4654 3284 4705 super
3315 4637 3482 4690 homi-

1894 4748 1980 4784 nes
2027 4741 2358 4784 contumaces
2402 4735 2422 4764 ²
2472 4747 2485 4784 :
2527 4731 2655 4783 alibi
2707 4738 2882 4781 autem
2919 4729 3154 4792 regulam
3189 4743 3481 4795 ιιχυοιιεης,

1897 4824 2024 4875 dum
2056 4824 2150 4885 ait,
2193 4821 2296 4886 Qui
2324 4823 2462 4873 enim
2495 4830 2615 4873 sunt
2661 4819 2883 4884 Christi,
2948 4835 3157 4871 carnem
3206 4819 3482 4885 εγω-ιβπε-

1897 4921 2022 4964 runt
2070 4929 2188 4965 cum
2256 4913 2532 4980 aﬂ‘ectibus
2604 4919 2652 4964 et
2699 4913 3077 4979 cupiditatibus
3126 4911 3169 4966 ³.
3204 4912 3314 4980 Ego
3361 4926 3486 4962 vero

1897 5005 2012 5058 seio
2043 5004 2326 5056 emendata
2355 5002 2470 5056 haec
2501 5002 2669 5055 fuisse
2701 5017 2797 5069 per
2825 5002 3026 5056 Christi
3058 5003 3288 5070 gratiam
3318 5002 3371 5052 in
3403 5002 3486 5052 vi-

1903 5095 1978 5148 ris
2012 5101 2063 5146 et
2100 5092 2435 5156 mulieribus,
2470 5094 2680 5146 sincera
2713 5093 2766 5145 in
2802 5091 3088 5144 Dominum
3134 5091 3236 5144 ﬂde
3267 5107 3280 5143 :
3315 5092 3380 5142 de
3408 5107 3473 5142 eo

1902 5197 2032 5238 vero
2065 5183 2156 5252 qui
2207 5183 2517 5251 impuritatc
2546 5183 2775 5250 pollutus
2812 5183 3039 5235 accessit
3066 5185 3132 5232 ad
3161 5191 3376 5241 sancta,
3421 5195 3486 5231 ex

1903 5276 2082 5331 Veteri
2110 5289 2323 5344 quoque
2355 5272 2701 5326 Testamento
2732 5271 3062 5325 horrendum
3089 5271 3378 5324 erlocemur
3401 5270 3489 5335 ju-

1908 5367 2129 5421 dicimn.
2161 5365 2315 5430 Quod
2353 5366 2397 5417 si
2431 5363 2550 5432 plus
2582 5362 2779 5431 templo
2809 5365 2895 5416 hic
2925 5373 3002 5417 est
3023 5404 3037 5427 ,
3071 5377 3202 5415 sane
3226 5374 3277 5414 et
3301 5359 3488 5412 formi-

1911 5459 2166 5514 dabilius.
2214 5457 2358 5511 Idem
2411 5474 2508 5511 nos
2538 5459 2748 5510 erndiet
2795 5458 3085 5525 Apostolus
3139 5457 3349 5519 dicens,
3386 5452 3488 5516 Qui

1915 5551 2199 5602 manducat
2226 5559 2274 5601 ct
2323 5548 2450 5600 bibit
2500 5549 2733 5616 indigne,
2759 5548 3020 5615 judicium
3067 5547 3163 5599 sibi
3207 5547 3488 5597 mandth

1917 5649 1962 5692 ct
1997 5639 2122 5691 bibit
2179 5636 2219 5690 ⁸.
2256 5637 2332 5689 Ex
2367 5639 2469 5690 hoc
2505 5637 2670 5705 igitur
2722 5653 2984 5705 responso
3019 5636 3235 5704 quidam
3286 5632 3487 5700 opinati

2070 5821 2091 5850 ⁸
2123 5818 2140 5874 1
2179 5817 2308 5874 Cor.
2341 5830 2424 5881 ιι,
2455 5815 2548 5869 εὶἹ.
