4124 6482
226 386 331 453 561

1111 392 1196 455 ΙΝ
1240 396 1476 458 EPlS'I‘.
1519 396 1583 455 S.
1622 392 2033 455 ATHANASU
2070 393 2165 469 AD
2205 390 2515 451 AMMUM.

3343 389 3447 451 5ίῖΞέ

222 516 627 582 ἐπεχείρησαν
688 510 1051 577 ἀνατάξασθαι
1121 510 1331 572 ἑαυτοῖς
1396 508 1463 560 τὰ
1528 506 1781 576 λεγόμενα

1886 504 2189 577 apocrypha
2215 505 2268 558 in
2291 519 2450 565 suum
2474 503 2718 559 ordinem
2748 504 3006 574 redigere;
3026 516 3196 573 eaque
3218 499 3446 555 miscezc

223 605 553 674 άπόκρυφα,
615 604 708 656 καὶ
772 601 1018 672 ἑπιμίξαι
1085 601 1255 653 ταῦτα
1324 600 1388 667 τῇ
1455 595 1792 666 θεοπνεύστῳ

224 696 442 765 Γραφῇ,
477 695 599 762 περὶ
628 690 692 763 ἧς
721 690 1261 763 ἑπληροφορήθημεν,
1294 687 1471 749 καθὼς
1496 686 1792 755 παρέδοσαν

224 789 334 848 τοῖς
368 786 640 855 Πατράσιν
672 785 719 836 οί
744 778 836 837 ἀπ’
864 782 1035 854 ἀρχῆς
1072 780 1335 833 αὐτόπται
1388 778 1481 830 καὶ
1526 776 1791 845 ὑπηρέται

224 875 507 945 γενόμενοι
557 874 648 927 τοῦ
710 874 889 941 λόγου·
950 862 1093 935 ἔδοξε
1156 869 1355 940 κάμοὶ,
1425 868 1791 938 προτραπέντι

226 964 377 1033 παρὰ
409 965 642 1035 γνησίων
695 963 957 1029 ἀδελφῶν,
998 960 1093 1013 καὶ
1147 959 1369 1030 μαθόντι
1410 958 1632 1020 ἄνωθεν,
1667 958 1790 1025 ἑξῆς

224 1054 480 1106 ἐκθέσθαι
515 1054 581 1106 τὰ
609 1052 993 1122 κανονιζόμενα
1017 1051 1111 1103 καὶ
1157 1048 1545 1119 παραδοθέντα,
1576 1063 1790 1098 πιστευ-

227 1145 386 1197 θέντα
415 1160 471 1196 τε
500 1143 616 1196 θεῖα
644 1139 779 1195 εἶναι
806 1142 1001 1211 βιϐλία·
1052 1134 1136 1193 ἵνα
1178 1138 1425 1200 ἕκαστος,
1449 1138 1496 1189 εί
1530 1137 1623 1207 μὲν
1656 1137 1779 1203 ἡπα-

224 1231 386 1300 τήθη,
449 1228 703 1299 καταγνῷ
751 1229 859 1281 τῶν
918 1227 1323 1295 πλανησάντων·
1377 1227 1405 1277 ό
1451 1224 1505 1277 δὲ
1555 1223 1790 1293 καθαρὸς

223 1320 504 1390 διαμείνας
533 1320 696 1390 χαίρῃ
721 1319 881 1371 πάλιν
904 1317 1466 1387 ὑπομιμνησκόμενος.
1504 1316 1657 1367 Ἔστι
1682 1314 1790 1366 τοί-

225 1428 317 1460 νυν
339 1410 437 1476 τῆς
467 1410 563 1474 μὲν
591 1410 829 1471 Παλαιᾶς
852 1407 1120 1478 Διαθήκης
1165 1406 1338 1476 βιϐλία
1379 1405 1455 1475 τῷ
1487 1403 1701 1476 ἀριθμῷ
1722 1403 1789 1457 τά

226 1500 402 1550 πάντα
429 1496 713 1549 εἰκοσιδύο·
749 1496 983 1549 τοσαῦτα
1008 1568 1012 1572 Δ
1038 1497 1164 1566 γὰρ,
1206 1496 1279 1563 ὡς
1322 1498 1547 1567 ἥκουσα.
1591 1497 1684 1549 καὶ
1720 1496 1789 1548 τὰ

230 1588 467 1655 στοιχεῖα
496 1586 560 1638 τὰ
613 1587 743 1654 παρ’
787 1585 1055 1656 Ἑϐραίοις
1102 1583 1240 1638 εἶναι
1292 1587 1665 1656 παραδέδοται·
1719 1586 1785 1655 τῇ

226 1676 282 1727 δὲ
341 1674 492 1741 τάξει
557 1676 651 1727 καὶ
698 1675 775 1744 τῷ
828 1674 1047 1743 ὀνόματί
1099 1676 1246 1727 ἑστιν
1302 1674 1528 1727 ἑκαστον
1592 1673 1784 1737 οὕτως·

229 1765 452 1833 Πρῶτον
616 1765 850 1827 Γένεσις.
879 1761 995 1817 εἷτα
1028 1764 1265 1827 Ἐξοδος,
1316 1759 1433 1815 εἷτα
1484 1762 1785 1825 Δευῖτικδν,

1887 596 2180 665 Scriptum
2213 613 2241 650 a
2271 596 2377 651 Deo
2413 598 2705 666 inspirataa,
2740 612 2902 665 qttam
2936 596 3097 651 certis
3138 595 3442 663 accepimus

1885 689 2230 752 testimoniis,
2257 690 2710 758 quemadmodum
2737 687 2987 741 Patribus
3043 687 3312 739 tradidere
3346 686 3439 751 qui

1888 779 1956 832 ab
1987 780 2138 833 initio
2160 780 2259 848 ipsi
2282 780 2549 855 viderunt,
2568 788 2617 832 et
2644 765 2872 832 ministri
2899 777 3115 832 fuerunt
3140 779 3439 831 sermonis:

1885 870 2063 923 visum
2097 880 2178 923 est
2204 870 2441 930 eLmihi,
2494 869 2908 923 adhortantibus
2955 868 3228 939 germanis
3259 866 3444 921 fratri-

1887 957 2007 1023 bus,
2034 966 2193 1027 prout
2231 958 2520 1023 didici,-ab
2555 958 2709 1012 initio
2747 966 2801 1011 et
2849 957 3042 1012 ordine
3065 958 3234 1010 libros
3257 971 3445 1009 recen-

1888 1064 2028 1113 sere,
2061 1065 2197 1117 quos
2220 1050 2429 1103 divinos
2455 1064 2597 1112 esse,
2642 1050 2905 1104 canonice
2966 1049 3248 1116 scriptum,
3282 1046 3449 1101 tradi—

1888 1147 2001 1192 tum
2031 1149 2083 1193 et
2111 1126 2371 1193 creditum
2396 1150 2506 1194 est:
2532 1150 2589 1194 ut
2622 1141 2851 1209 quisque
2875 1140 2920 1194 si
2952 1140 3204 1193 seductus
3229 1137 3444 1207 quidem

1889 1227 2073 1291 fuerit,
2098 1244 2191 1282 eos
2216 1241 2472 1299 coarguat
2513 1232 2603 1297 qui
2655 1247 2712 1285 se
2768 1231 3111 1296 seduxerint;
3154 1230 3236 1283 sin
3278 1242 3449 1297 purus

1890 1321 2265 1389 permanserit.
2291 1321 2445 1375 laetus
2488 1322 2600 1376 haec
2646 1322 2847 1376 monita
2884 1322 3131 1390 accipiat.
3178 1320 3315 1373 Sunt
3348 1321 3445 1373 ita-

1890 1424 1997 1477 que
2026 1408 2234 1466 Veteris
2258 1410 2587 1465 Testamenti
2622 1413 2743 1465 liltri
2773 1427 2960 1466 omnes
2996 1425 3220 1464 numero
3261 1409 3447 1477 viginti

1890 1496 2019 1553 duo.
2051 1498 2152 1553 Tot
2171 1500 2335 1564 enim,
2366 1511 2425 1554 ut
2455 1500 2655 1563 audivi,
2701 1501 2963 1557 elementa
2999 1499 3138 1568 apud
3197 1498 3447 1551 Hebraeos

1889 1600 2011 1641 esse
2040 1590 2293 1643 traditum
2329 1600 2427 1645 est.
2491 1589 2699 1659 Singuli
2735 1600 2913 1643 autem
2970 1590 3073 1644 hoc
3099 1589 3308 1650 ordine,
3346 1589 3449 1643 hoc

1892 1676 2111 1729 nomine
2140 1687 2267 1731 sunt
2319 1698 2331 1731 :
2386 1677 2623 1731 Primum
2682 1677 2925 1740 Genesis,
2958 1678 3151 1732 deinde
3202 1675 3442 1740 Exodus,

1892 1763 2018 1818 hinc
2049 1766 2337 1830 Leviticns,
2366 1776 2553 1835 postea
2603 1766 2847 1832 Numeri,
2882 1767 3076 1821 eximie
3115 1765 3444 1820 Deuterono-

232 1852 327 1899 καὶ
360 1848 496 1916 μετά
533 1848 687 1900 τοῦτο
732 1847 994 1917 ’Δριθμοὶ,
1044 1849 1134 1900 καὶ
1187 1849 1366 1900 λοιπὸν
1432 1849 1491 1900 τὸ
1538 1851 1781 1919 Δευτερο-

1892 1850 2081 1901 mium.
2113 1849 2221 1902 Hos
2249 1851 2540 1917 excipiunt,
2591 1847 2749 1902 Jesus
2803 1849 2945 1902 tilius
2993 1847 3157 1913 Nave,
3205 1845 3440 1903 Judiecs.

229 1939 440 2010 νόμιον.
490 1939 640 2010 Ἑξῆς
663 1941 719 1993 δὲ
760 1939 967 2003 τούτοις
1017 1942 1160 1992 ἐστὶν
1197 1940 1399 2008 Ἰησοῦς
1440 1941 1467 1991 ὁ
1490 1940 1583 1992 τοῦ
1612 1939 1786 2007 Ναυῆ,

232 2032 326 2085 καὶ
351 2031 563 2104 Κριταί·
595 2032 688 2083 καὶ
726 2030 859 2099 μετά
885 2029 1039 2081 τοῦτο
1070 2030 1102 2098 ἡ
1142 2028 1315 2080 Ῥούθ·
1357 2030 1448 2080 καὶ
1482 2027 1639 2079 πάλιν
1663 2026 1788 2093 ἑξῆς

230 2121 523 2174 Βασιλειῶν
550 2120 789 2188 τέσσαρα
830 2118 1008 2187 βιϐλία
1044 2154 1059 2179 ,
1153 2182 1163 2191 ν
1216 2118 1308 2171 καὶ
1358 2119 1555 2170 τούτων
1602 2115 1663 2169 τὸ
1694 2115 1789 2183 μὲν

232 2211 448 2280 πρῶτον
476 2211 565 2262 καὶ
597 2210 844 2278 δεύτερον
865 2210 942 2270 είς
967 2208 1023 2259 ἓν
1062 2208 1261 2277 βιϐλίον
1287 2207 1617 2276 ἀριθμεῖται·
1644 2206 1705 2258 τὸ
1732 2204 1788 2257 δὲ

228 2302 410 2370 τρίτον
436 2301 527 2352 καὶ
559 2300 810 2371 τέταρτον
855 2299 1050 2369 ὁμοίως
1106 2300 1183 2359 είς
1226 2298 1302 2349 ἓν.
1340 2297 1490 2349 Μετὰ
1534 2295 1788 2348 δὲταῦτα

231 2392 721 2461 Ιίαραλειπομένων
804 2393 849 2440 α’
934 2391 1029 2441 καὶ
1124 2386 1166 2456 β’
1239 2390 1438 2457 ὁμοίως
1481 2390 1560 2451 είς
1607 2389 1662 2440 ἒν
1710 2387 1788 2456 βι-

229 2484 381 2534 ϐλίον
432 2483 589 2535 πάλιν
646 2480 1037 2551 ἀριθμούμενα·
1072 2476 1187 2532 εἶτα
1237 2481 1468 2549 Ἔσδρας
1506 2486 1553 2532 α’
1604 2479 1694 2530 καὶ
1743 2478 1786 2547 β’

226 2574 431 2641 ὁμοίως
462 2575 538 2635 είς
561 2574 637 2625 ἓν.
664 2573 815 2625 Μετά
871 2572 926 2623 δὲ
961 2570 1130 2623 ταῦτα
1164 2570 1343 2639 βίϐλος
1390 2569 1651 2635 Ψαλμῶν,
1694 2569 1786 2621 καὶ

228 2665 357 2732 ἑξῆς
411 2663 723 2732 Παροιμίαι·
777 2658 893 2713 εἶτα
956 2660 1410 2729 Ἐκκλησιαστὴς,
1458 2659 1548 2710 καὶ
1596 2654 1784 2728 ⁷ᾼσμα

227 2753 510 2821 ᾀσμάτων.
557 2752 697 2820 Πρὸς
741 2750 947 2813 τούτοις
1000 2749 1113 2800 ἑστὶ
1177 2748 1268 2799 καὶ
1315 2747 1454 2808 Ἰὼϐ,
1484 2748 1573 2799 καὶ
1606 2747 1785 2799 λοιπὸν

228 2842 523 2910 προφῆται·
549 2843 597 2893 οἱ
632 2843 727 2910 μὲν
751 2840 953 2891 δώδεκά
974 2840 1051 2900 είς
1074 2839 1130 2890 ἑν
1152 2838 1348 2906 βιϐλίον
1378 2836 1780 2906 ἀριθμούμενοι·

227 2927 349 2983 εἶτα
414 2930 655 2993 Ἠσαίας,
718 2928 1016 2999 Ἱερεμίας,
1073 2930 1166 2980 καί⁸
1216 2928 1311 2979 σὺν
1364 2927 1509 2997 αύτῷ
1553 2928 1781 2995 Βαροϋχ,

225 3020 445 3090 Θρῆνοι,
488 3018 769 3087 Ἐπιστολὴ
810 3035 823 3049 ·
957 3019 1049 3069 καὶ
1076 3016 1190 3086 μετ’
1225 3017 1385 3070 αὑτὸν
1417 3016 1670 3084 Ἰεζεκιὴλ
1693 3017 1785 3067 καὶ

224 3109 444 3179 Δανιὴλ.
491 3109 652 3178 Ἀχρι
714 3108 913 3161 τούτων
967 3107 1032 3160 τὰ
1086 3108 1183 3175 τῆς
1230 3108 1469 3169 Παλαιᾶς
1514 3107 1784 3177 Διαθήκης
1812 3151 1853 3208 C

225 3200 462 3252 ἵσταται.
515 3200 595 3251 Τὰ
644 3200 700 3251 δὲ
759 3201 855 3269 τῆς
916 3200 1120 3266 Καινῆς
1171 3199 1328 3250 πάλιν
1385 3199 1483 3249 οὐκ
1534 3198 1785 3266 ὀκνητέον

222 3292 419 3341 είπεῖν·
446 3289 555 3341 ἑστι
596 3290 703 3357 γὰρ
748 3289 941 3341 ταῦτα·
971 3288 1272 3354 Εὑαγγὲλια
1333 3287 1589 3354 τέσσαρα·
1647 3289 1786 3338 κατά

227 3377 528 3435 Ματθαῖον.
553 3377 691 3428 κατά
720 3377 963 3445 Μάρκον,
992 3375 1132 3427 κατά
1173 3376 1401 3436 Λουκᾶν,
1431 3373 1569 3425 κατά
1609 3373 1786 3424 Ἰωάν-

222 3484 341 3533 νην.
380 3462 510 3517 Εἶτα
538 3467 671 3535 μετά
698 3466 864 3518 ταῦτα
1041 3463 1271 3533 Πράξεις
1302 3462 1631 3522 ἀποστόλων,
1692 3462 1785 3513 καὶ

235 3556 542 3609 Ἐπιστολαὶ
604 3556 901 3609 Καθολικαὶ
960 3554 1287 3623 καλούμεναι
1324 3552 1429 3604 τῶν
1476 3550 1783 3604 ἀποστόλων

222 3648 384 3700 ὲτττά·
434 3646 574 3698 οὕτω
630 3647 726 3715 μὲν
771 3643 1021 3697 Ἰακώϐου
1077 3650 1144 3703 α’,
1188 3643 1388 3712 Πέτρου
1435 3642 1489 3693 δὲ
1549 3641 1614 3709 β’,
1664 3636 1782 3693 εἶτα

233 3736 478 3788 Ἰωάννου
504 3735 571 3801 γ’,
602 3736 695 3787 καὶ
731 3735 866 3803 μετά
917 3732 1114 3795 ταύτας
1168 3731 1331 3783 Ἰούδα
1362 3739 1428 3783 α’.
1490 3730 1631 3800 Πρὸς
1662 3730 1782 3781 τού-

216 3842 336 3886 τοις
364 3824 572 3876 Παύλου
595 3824 889 3876 ἀποστόλου
918 3823 1051 3874 εἰσιν
1074 3821 1347 3873 ἑπιστολαὶ
1367 3819 1776 3889 δεκατέσσαρες.

216 3917 285 3982 τῇ
316 3913 465 3975 τάξει
485 3915 823 3981 γραφόμεναι
858 3911 1045 3972 οὕτως·
1076 3910 1262 3979 πρώτη
1296 3909 1429 3974 πρὸς
1460 3909 1775 3975 Ῥωμαίους·

219 4003 339 4058 εἶτα
373 4005 507 4072 πρὸς
527 4002 841 4073 Κορινθίους
862 4001 953 4053 δύο
975 4017 989 4031 ·
1024 4001 1115 4052 καὶ
1150 4001 1282 4068 μετά
1314 3999 1478 4051 ταῦτα
1645 3998 1779 4067 πρὸς

219 4093 486 4155 Γαλάτας·
536 4093 627 4143 καὶ
690 4090 816 4159 ἑξῆς
886 4091 1021 4161 πρὸς
1100 4089 1407 4157 Ἐφεσίους·
1459 4084 1574 4141 εἶτα
1644 4088 1779 4157 πρὸς

216 4182 626 4252 Φιλιππησίους,
657 4183 751 4234 καὶ
798 4181 931 4250 πρὸς
974 4181 1318 4243 Κολασσαεῖς·
1364 4179 1455 4231 καί
1492 4180 1624 4247 μετά
1651 4178 1779 4230 ταύ-

216 4291 317 4335 τας
348 4273 481 4342 πρὸς
510 4271 913 4332 Θεσσαλονικεῖς
935 4269 1047 4334 δύο,
1087 4270 1179 4323 καὶ
1210 4272 1243 4341 ἡ
1294 4269 1428 4340 πρὸς
1477 4268 1772 4338 Ἐϐραίους·

219 4365 313 4417 καὶ
347 4363 504 4424 εὐθὺς
533 4363 667 4432 πρὸς
702 4363 797 4431 μὲν
826 4362 1083 4431 Τιμόθεον
1237 4360 1347 4421 δύο⁹
1383 4359 1517 4430 πρὸς
1539 4360 1594 4412 δὲ
1618 4358 1774 4412 Τίτον

220 4452 339 4520 μία·
389 4452 481 4502 καὶ
520 4450 799 4502 τελευταία
858 4450 890 4519 ἡ
946 4448 1080 4519 πρὸς
1136 4449 1428 4517 Φιλήμονα·
1476 4449 1570 4501 καὶ
1616 4448 1775 4500 πάλιν

1881 4452 2117 4505 docetur.
2148 4449 2315 4507 Nemo
2346 4454 2412 4507 iis
2458 4454 2638 4517 addat,
2670 4461 2761 4506 aut
2786 4452 2987 4522 aliquid
3019 4454 3088 4507 ab

228 4540 474 4591 Ἰωάννου
524 4537 906 4605 Ἀποκάλυψις.
947 4535 1126 4589 Ταῦτα
1151 4537 1322 4605 πηγαὶ
1356 4536 1449 4589 τοῦ
1480 4538 1766 4607 σωτηρίου,

212 4628 354 4680 ὥστε
390 4628 480 4679 τὸν
512 4627 746 4693 διψῶντα
789 4626 896 4678 τῶν
952 4627 1008 4677 ἑν
1054 4627 1258 4687 τούτοις
1295 4626 1643 4696 ἐμφορεῖσθαι
1681 4627 1768 4679 λο-

213 4719 369 4784 γίων·
404 4717 459 4767 ἑν
492 4715 697 4776 τούτοις
734 4715 911 4783 μόνοις
958 4714 1017 4766 τὸ
1050 4714 1147 4788 τῆς
1193 4714 1469 4776 εὐσεϐείας
1516 4714 1768 4767 διδασκα-

210 4804 355 4855 λεῖον
400 4801 825 4869 εὖαγγελίζεται.
886 4803 1088 4873 Μηδεὶς
1133 4801 1344 4864 τούτοις
1400 4804 1765 4866 ἑπιϐαλλέτω,

214 4893 351 4963 μηδὲ
381 4890 581 4943 τούτων
604 4891 937 4961 ἀφαιρείσθω
963 4909 1033 4944 τι.
1056 4893 1188 4961 Περὶ
1215 4893 1269 4944 δὲ
1294 4894 1495 4945 τούτων
1515 4895 1543 4944 ό
1570 4893 1769 4963 Κύριος

208 4981 600 5042 Σαδδουκαίους
631 4982 727 5048 μὲν
764 4979 1047 5043 ἐδυσώπει,
1095 4980 1283 5047 λέγων’
1343 4981 1657 5037 Πλανᾶσθε
1679 4982 1763 5051 μὴ

206 5072 433 5137 εἰδότες
465 5072 567 5136 τὰς
596 5072 855 5138 Γραφὰς·
888 5073 999 5133 τοῖς
1046 5069 1102 5123 δὲ
1162 5071 1426 5133 Ἰουδαίοις
1627 5091 1767 5145 παρα

206 5162 347 5230 ᾗνει·
421 5159 722 5226 Ἑρεννᾶτε
752 5162 857 5225 τὰς
890 5161 1149 5229 I‘pagpdc'
1185 5161 1270 5214 ὅτι
1304 5164 1477 5215 asta!
1522 5167 1680 5217 εἰσιν
1706 5170 1763 5219 αι

200 5248 612 5318 μαρτυροῦσαι
668 5251 797 5316 περί
855 5250 1018 5316 ἐμοῦ.
1060 5250 1197 5303 Ἀλλ’
1229 5250 1391 5303 ἑνεκά
1440 5269 1500 5319 γε
1528 5254 1764 5318 πλείονος

206 5338 491 5408 ἀκριϐείας
513 5338 840 5408 προστίθημι
871 5340 962 5391 καὶ
994 5338 1146 5392 τοῦτο
1179 5340 1402 5408 γράφων
1434 5341 1760 5409 ἀναγκαίως,

203 5426 281 5487 ώς
451 5425 531 5476 ὅτι
556 5426 671 5477 ἑστὶ
702 5425 795 5477 καὶ
821 5425 980 5494 ἕτερα
1028 5425 1205 5493 βιϐλία
1231 5425 1431 5478 τούτων
1464 5426 1675 5490 ἔξωθεν·
1701 5432 1759 5481 ού

204 5514 594 5584 κανονιζόμενα
629 5515 748 5583 μὲν,
792 5503 1143 5584 τετυπωμένα
1170 5516 1225 5569 δὲ
1253 5516 1400 5585 παρὰ
1450 5517 1555 5569 τῶν
1591 5519 1759 5571 Πατέ-

288 5707 302 5739 ¹
332 5708 526 5764 .‘llatth.
561 5705 805 5771 “11.9.9.
880 5711 901 5744 ⁸
935 5708 1085 5766 Joan.
1114 5731 1160 5780 ν,
1192 5684 1306 5770 39..

1890 1947 1942 1990 et
1981 1948 2163 2006 postea
2191 1936 2354 1990 Ruth.
2385 1936 2520 1991 Hinc
2558 1952 2773 1990 rursum
2817 1935 3124 2005 Regnorum
3165 1937 3284 1990 libri
3308 1952 3440 2006 qua-

1888 2034 2008 2079 tuor
2041 2044 2054 2080 :
2087 2042 2151 2080 ex
2178 2026 2373 2095 quibus
2419 2028 2625 2094 primus
2651 2034 2702 2077 ct
2738 2025 3007 2078 secundus
3070 2038 3167 2092 pro
3200 2039 3306 2077 uno
3334 2038 3439 2079 nu-

1890 2128 2164 2172 merantur
2184 2119 2341 2184 libro;
2400 2118 2590 2172 tertius
2620 2124 2674 2170 et
2714 2124 2941 2185 quartus
2986 2130 3083 2183 pro
3113 2129 3221 2168 uno
3249 2116 3439 2169 simili-

1890 2217 1990 2260 ter.
2018 2207 2145 2260 Post
2177 2209 2290 2262 lta:c
2326 2206 2772 2274 Paralipomenon
2818 2206 3025 2273 primus
3075 2213 3129 2257 et
3172 2205 3439 2258 secundus

1891 2311 1987 2361 pro
2018 2310 2127 2350 uno
2160 2298 2357 2364 pariter
2379 2296 2516 2350 libro
2543 2303 2853 2349 censentur.
2874 2292 3008 2348 llinc
3038 2292 3218 2347 Esdrze
3239 2295 3440 2361 primus

1887 2396 1941 2439 et
1989 2387 2292 2447 secundus,
2359 2401 2456 2454 pro
2512 2400 2621 2437 uno
2685 2384 2930 2437 similiter
2986 2400 3001 2437 :
3073 2392 3253 2448 postea
3310 2384 3441 2438 liber

1888 2476 2248 2541 Psalmorum,
2279 2476 2533 2545 deinceps
2555 2475 2869 2539 Proverbia,
2903 2483 3014 2529 tum
3066 2473 3436 2537 Ecclesiastes.

1886 2580 1938 2621 et
1962 2568 2243 2622 Canticum
2280 2567 2635 2620 canticorum.
2669 2566 2747 2620 Ad
2780 2566 2891 2620 haec
2938 2564 3060 2631 Job,
3107 2580 3169 2619 ac
3192 2566 3439 2635 deinceps

1886 2659 2176 2728 prophetae,
2207 2673 2272 2712 ex
2298 2658 2494 2725 quibus
2514 2657 2792 2710 duodecim
2827 2671 2923 2724 pro
2952 2671 3058 2708 uno
3087 2655 3229 2708 libro
3254 2671 3437 2708 nume-

1887 2760 2092 2802 rantur.
2121 2746 2259 2801 Hinc
2292 2748 2480 2808 lsaias,
2510 2745 2772 2799 Jercmias
2811 2755 2864 2799 et
2892 2762 3011 2799 cum
3047 2746 3162 2813 ipso
3203 2744 3436 2809 Baruch,

1888 2838 2343 2898 Lamentationes,
2405 2833 2638 2903 Epistola
2677 2851 2691 2890 :
2733 2844 2916 2903 postea
2968 2833 3211 2889 Ezechiel
3247 2841 3299 2888 et
3338 2833 3434 2887 Da-

1886 2930 2011 2983 niel.
2036 2928 2305 2983 Hactenus
2330 2927 2534 2981 Veteris
2563 2926 2887 2983 Tcstamenti
2916 2927 3055 2980 libri.
3095 2926 3226 2981 Novi
3258 2938 3435 2980 autem

1888 3018 2215 3073 Testamenti
2253 3019 2419 3072 libros
2462 3016 2661 3072 referre
2688 3033 2753 3071 ne
2784 3018 2979 3086 pigeat.
3011 3016 3147 3071 Sunt
3179 3017 3319 3070 enim
3345 3017 3394 3071 hi
3420 3035 3432 3069 :

1887 3107 2172 3177 Evangelia
2196 3120 2447 3177 quatuor,
2467 3108 2760 3161 secunddm
2793 3106 3121 3171 Manlianum,
3142 3108 3434 3161 secundum

1886 3196 2147 3261 Marcum,
2185 3199 2477 3252 secundum
2531 3196 2752 3262 Lucam,
2807 3198 3101 3251 secundum
3154 3196 3433 3250 Joannem.

1884 3283 2074 3339 Postea
2126 3286 2254 3337 Acta
2314 3286 2711 3353 apostolorum,
2769 3294 2821 3338 ct
2882 3284 3128 3354 Epistulae
3206 3285 3438 3341 Catholi-

1885 3389 1991 3434 c:e,
2033 3390 2153 3441 qua:
2201 3374 2578 3443 Apostolorum
2621 3385 2918 3438 vocantur,
2970 3390 3193 3429 numero
3230 3387 3435 3445 septem

1884 3477 2095 3530 nempe,
2130 3462 2312 3516 Jacobi
2344 3478 2470 3526 una,
2520 3462 2660 3517 l’etri
2690 3465 2827 3528 duae,
2886 3464 3106 3518 Joannis
3134 3475 3258 3529 tres,
3287 3465 3437 3521 Judae

1884 3567 2012 3605 una.
2067 3552 2143 3605 Ad
2194 3554 2307 3606 lucc
2358 3553 2510 3607 Pauli
2573 3555 2801 3622 apostoli
2851 3554 3254 3623 quatuordecint
3307 3567 3434 3610 sunt

1882 3640 2156 3708 Epistolre,
2210 3644 2289 3696 sic
2341 3644 2528 3697 ordine
2580 3645 2899 3712 descriptae:
2960 3644 3153 3712 prima,
3216 3646 3279 3701 ad
3326 3643 3435 3701 Ro-

1880 3742 2073 3782 manos
2104 3746 2115 3781 :
2163 3739 2273 3781 tum
2318 3729 2437 3782 duae
2490 3729 2554 3782 ad
2585 3729 2891 3783 Corinthios
2925 3748 2938 3783 :
2970 3730 3184 3795 dehinc,
3237 3734 3300 3785 ad
3332 3731 3428 3786 Ca-

1880 3818 2053 3873 latas:
2086 3828 2295 3888 postea,
2353 3820 2417 3872 ad
2466 3819 2725 3888 Ephesios
2765 3837 2777 3871 :
2828 3820 3074 3886 deinde,
3112 3822 3176 3875 ad
3232 3821 3435 3891 Philip-

1881 3924 2106 3978 penscs:
2140 3919 2273 3972 tum,
2334 3910 2399 3962 ad
2448 3909 2846 3963 Colossenses:
2904 3921 3109 3979 postea,
3169 3914 3231 3965 ad
3262 3912 3434 3968 Thes-

1880 3998 2248 4054 salonicenses
2277 3998 2415 4061 duae,
2440 4006 2491 4050 et
2514 4012 2574 4051 ea
2606 4013 2725 4065 quae
2756 4000 2821 4052 ad
2856 3998 3107 4055 Hebraeos
3144 4002 3433 4071 dirigitur:

1876 4091 2072 4145 deinde
2101 4090 2167 4144 ad
2210 4088 2549 4142 Timotheum
2587 4090 2704 4145 dua:
2737 4093 2855 4145 :‘ad
2909 4091 3090 4145 Titum
3155 4089 3297 4145 utta':
3349 4095 3431 4148 ul-

1878 4180 2033 4243 timo,
2069 4179 2134 4233 ad
2164 4178 2531 4232 Philemonem
2571 4194 2720 4235 una:
2774 4181 2839 4236 ad
2901 4184 3012 4237 haec
3040 4182 3264 4237 Joannis
3290 4184 3433 4255 Apo-

1875 4272 2124 4341 calypsis.
2165 4269 2228 4324 ili
2257 4278 2383 4324 sunt
2414 4271 2604 4325 salutis
2632 4270 2827 4337 fontes,
2876 4282 2931 4326 ut
2963 4274 3218 4340 quisitit,
3242 4288 3429 4329 eorum

1876 4363 2104 4431 eloquiis
2152 4363 2480 4432 impleatur:
2534 4364 2587 4417 itt
2651 4364 2735 4419 his
2769 4364 2898 4419 solis
2937 4365 3149 4432 pietatis
3185 4365 3428 4423 doctrina

1874 4543 2138 4597 detrahat.
2178 4542 2251 4596 De
2296 4543 2377 4599 his
2430 4542 2692 4599 Dominus
2724 4542 3046 4598 Sadduca‘os
3071 4543 3272 4612 pudore
3311 4546 3427 4599 alli-

1871 4633 2065 4698 ciebat,
2091 4633 2174 4687 bis
2202 4633 2381 4687 verbis
2419 4651 2432 4685 :
2483 4632 2689 4686 Erratis
2720 4634 2999 4688 nescientes
3026 4632 3322 4701 Scriptura:
3367 4637 3380 4665 ¹
3412 4653 3427 4689 ι

1869 4718 2082 4777 Ιυιιτεοε
2113 4737 2239 4776 vero
2286 4722 2604 4775 hortabatur
2650 4721 2878 4777 dicens:
2927 4721 3248 4777 Scrutamini
3283 4723 3425 4778 Scri-

1866 4819 2072 4877 pturas,
2125 4811 2248 4879 quia
2290 4810 2397 4864 illa:
2446 4818 2566 4862 sunt
2612 4824 2728 4879 qua:
2778 4812 3128 4864 testimonium
3166 4813 3425 4880 perhibent

1867 4900 1931 4952 de
1974 4916 2053 4952 me
2141 4900 2182 4951 ’.
2231 4897 2335 4953 Sed
2399 4899 2619 4965 majoris
2666 4901 3030 4956 aceurationis
3083 4917 3251 4957 causa
3296 4903 3431 4957 illud

1867 5005 2082 5059 quoque
2114 4988 2315 5064 scripto
2347 4990 2541 5045 addere
2580 5006 2801 5046 necesse
2828 4992 2984 5057 duxi;
3012 5007 3131 5046 esse
3170 4972 3423 5046 nimirum

1866 5083 2004 5135 alios
2027 5082 2194 5135 libros
2226 5094 2417 5149 praeter
2447 5082 2600 5149 istos,
2654 5098 2759 5137 non
2814 5083 2867 5135 in
2900 5098 3164 5137 canonem
3206 5084 3423 5152 quidem

1865 5171 2133 5233 redactos,
2164 5170 2254 5223 sed
2284 5185 2420 5237 quos
2444 5185 2473 5223 a
2503 5170 2754 5225 Patribus
2798 5172 3072 5224 decretum
3108 5180 3209 5235 est,
3250 5173 3425 5243 legen-

1865 5261 1963 5313 dos
1986 5259 2141 5313 abiis
2173 5274 2293 5313 esse
2319 5260 2411 5328 qui
2470 5276 2643 5328 nuper
2693 5260 2965 5314 ediscendi
3018 5260 3228 5329 pietatis
3276 5263 3419 5315 verbi

1865 5350 2035 5418 gratia
2066 5349 2413 5403 accesserint.
2450 5349 2727 5418 Sapientia
2761 5348 3088 5411 Salomonis,
3120 5361 3173 5403 et
3206 5348 3421 5416 sapien-

1867 5440 1937 5493 tia
1965 5438 2178 5501 Siracb,
2206 5434 2416 5504 Estb'er,
2442 5438 2650 5502 Judith,
2681 5437 2900 5503 Tobias,
2932 5438 3207 5504 Doctrina,
3238 5448 3297 5492 ut
3330 5454 3420 5493 vo-

1864 5539 2009 5593 cant,
2063 5530 2453 5600 apostolorum,
2500 5538 2553 5583 et
2604 5528 2815 5585 Pastor.
2865 5529 3148 5593 Attamen,
3213 5528 3415 5592 dilecti,
