  <div class='ocr_page' id='page_1' title='image "/cluster/home/n/w/nwhite01/storage/ocr_20150623/138/uva.x030486987/328.png"; bbox 0 0 4124 6466; ppageno 0'>
   <div class='ocr_carea' id='block_1_1' title="bbox 254 390 366 451">
    <p class='ocr_par' dir='ltr' id='par_1_1' title="bbox 254 390 366 451">
     <span class='ocr_line' id='line_1_1' title="bbox 254 390 366 451; baseline -0.009 0"><span class='ocrx_word' id='word_1_1' title='bbox 254 390 366 451; x_wconf 80' lang='grc'><strong>565</strong></span> 
     </span>
    </p>
   </div>
   <div class='ocr_carea' id='block_1_2' title="bbox 1197 385 2567 459">
    <p class='ocr_par' dir='ltr' id='par_1_2' title="bbox 1197 385 2567 459">
     <span class='ocr_line' id='line_1_2' title="bbox 1197 385 2567 459; baseline 0.009 -13"><span class='ocrx_word' id='word_1_2' title='bbox 1197 386 1282 447; x_wconf 82' lang='grc' dir='ltr'><strong>ΙΝ</strong></span> <span class='ocrx_word' id='word_1_3' title='bbox 1319 385 1563 446; x_wconf 85' lang='lat' dir='ltr'><strong>EPIST.</strong></span> <span class='ocrx_word' id='word_1_4' title='bbox 1596 385 1661 447; x_wconf 90' lang='lat' dir='ltr'><strong>S.</strong></span> <span class='ocrx_word' id='word_1_5' title='bbox 1695 387 2121 453; x_wconf 78' lang='lat' dir='ltr'><strong>ATHANASII</strong></span> <span class='ocrx_word' id='word_1_6' title='bbox 2160 394 2261 455; x_wconf 83' lang='lat' dir='ltr'><strong>AD</strong></span> <span class='ocrx_word' id='word_1_7' title='bbox 2300 395 2567 459; x_wconf 77' lang='lat' dir='ltr'><strong>RUFIN.</strong></span> 
     </span>
    </p>
   </div>
   <div class='ocr_carea' id='block_1_3' title="bbox 3415 398 3521 463">
    <p class='ocr_par' dir='ltr' id='par_1_3' title="bbox 3415 398 3521 463">
     <span class='ocr_line' id='line_1_3' title="bbox 3415 398 3521 463; baseline -0.019 0"><span class='ocrx_word' id='word_1_8' title='bbox 3415 398 3521 463; x_wconf 70' lang='grc'><strong>666</strong></span> 
     </span>
    </p>
   </div>
   <div class='ocr_carea' id='block_1_4' title="bbox 254 495 1851 588">
    <p class='ocr_par' dir='ltr' id='par_1_4' title="bbox 254 495 1835 572">
     <span class='ocr_line' id='line_1_4' title="bbox 254 495 1835 572; baseline -0.003 -17"><span class='ocrx_word' id='word_1_9' title='bbox 254 506 553 572; x_wconf 72' lang='grc' dir='ltr'>ἐποίησεν·</span> <span class='ocrx_word' id='word_1_10' title='bbox 587 498 887 555; x_wconf 71' lang='grc' dir='ltr'>ἀποδιελὼν</span> <span class='ocrx_word' id='word_1_11' title='bbox 907 497 1047 552; x_wconf 80' lang='grc' dir='ltr'>αὕτά</span> <span class='ocrx_word' id='word_1_12' title='bbox 1080 498 1191 552; x_wconf 83' lang='grc' dir='ltr'><strong>τῶν</strong></span> <span class='ocrx_word' id='word_1_13' title='bbox 1226 498 1302 568; x_wconf 84' lang='grc' dir='ltr'>μὴ</span> <span class='ocrx_word' id='word_1_14' title='bbox 1348 495 1526 567; x_wconf 83' lang='grc' dir='ltr'>ὀρθῶς</span> <span class='ocrx_word' id='word_1_15' title='bbox 1578 498 1835 566; x_wconf 78' lang='grc' dir='ltr'>ἐχόντων,</span> 
     </span>
    </p>
   </div>
   <div class='ocr_carea' id='block_1_5' title="bbox 1940 495 3519 588">
    <p class='ocr_par' dir='ltr' id='par_1_5' title="bbox 1944 508 3519 588">
     <span class='ocr_line' id='line_1_5' title="bbox 1944 508 3519 588; baseline 0.008 -31"><span class='ocrx_word' id='word_1_16' title='bbox 1944 512 2051 558; x_wconf 89' lang='lat' dir='ltr'><strong>tem</strong></span> <span class='ocrx_word' id='word_1_17' title='bbox 2084 508 2480 575; x_wconf 81' lang='lat' dir='ltr'><strong>condemnans,</strong></span> <span class='ocrx_word' id='word_1_18' title='bbox 2514 519 2567 567; x_wconf 90' lang='lat' dir='ltr'><strong>et</strong></span> <span class='ocrx_word' id='word_1_19' title='bbox 2597 513 2701 582; x_wconf 76' lang='lat' dir='ltr'><strong>legi</strong></span> <span class='ocrx_word' id='word_1_20' title='bbox 2731 513 3048 580; x_wconf 80' lang='lat' dir='ltr'><strong>prohibens.</strong></span> <span class='ocrx_word' id='word_1_21' title='bbox 3100 512 3295 588; x_wconf 66' lang='lat' dir='ltr'><strong>Quare</strong></span> <span class='ocrx_word' id='word_1_22' title='bbox 3348 518 3519 569; x_wconf 77' lang='lat' dir='ltr'><strong>etiam</strong></span> 
     </span>
    </p>
   </div>
   <div class='ocr_carea' id='block_1_6' title="bbox 260 587 1833 662">
    <p class='ocr_par' dir='ltr' id='par_1_6' title="bbox 260 587 1833 662">
     <span class='ocr_line' id='line_1_6' title="bbox 260 587 1833 662; baseline -0.004 -15"><span class='ocrx_word' id='word_1_23' title='bbox 260 594 402 647; x_wconf 78' lang='grc' dir='ltr'>ἀλλὰ</span> <span class='ocrx_word' id='word_1_24' title='bbox 435 593 887 662; x_wconf 76' lang='grc' dir='ltr'><strong>διεστραμμένων</strong></span> <span class='ocrx_word' id='word_1_25' title='bbox 910 605 927 623; x_wconf 74' lang='grc'><strong>⁸</strong></span> <span class='ocrx_word' id='word_1_26' title='bbox 961 589 1055 643; x_wconf 83' lang='grc' dir='ltr'>καὶ</span> <span class='ocrx_word' id='word_1_27' title='bbox 1086 589 1154 642; x_wconf 88' lang='grc' dir='ltr'><strong>τά</strong></span> <span class='ocrx_word' id='word_1_28' title='bbox 1204 589 1303 658; x_wconf 82' lang='grc' dir='ltr'><strong>μέν</strong></span> <span class='ocrx_word' id='word_1_29' title='bbox 1332 587 1589 659; x_wconf 77' lang='grc' dir='ltr'>ἐγκρίνας</span> <span class='ocrx_word' id='word_1_30' title='bbox 1612 588 1707 641; x_wconf 72' lang='grc' dir='ltr'>καὶ</span> <span class='ocrx_word' id='word_1_31' title='bbox 1746 588 1833 641; x_wconf 84' lang='grc' dir='ltr'>δο·</span> 
     </span>
    </p>
   </div>
   <div class='ocr_carea' id='block_1_7' title="bbox 254 678 1834 755">
    <p class='ocr_par' dir='ltr' id='par_1_7' title="bbox 254 678 1834 755">
     <span class='ocr_line' id='line_1_7' title="bbox 254 678 1834 755; baseline -0.004 -18"><span class='ocrx_word' id='word_1_32' title='bbox 254 684 508 753; x_wconf 84' lang='grc' dir='ltr'>κιμάσας</span> <span class='ocrx_word' id='word_1_33' title='bbox 530 683 624 738; x_wconf 75' lang='grc' dir='ltr'>καὶ</span> <span class='ocrx_word' id='word_1_34' title='bbox 642 684 973 755; x_wconf 74' lang='grc' dir='ltr'>προθέμενος</span> <span class='ocrx_word' id='word_1_35' title='bbox 995 682 1074 744; x_wconf 89' lang='grc' dir='ltr'><strong>είς</strong></span> <span class='ocrx_word' id='word_1_36' title='bbox 1098 680 1406 749; x_wconf 76' lang='grc' dir='ltr'><strong>ἀνάγνωσιν</strong></span> <span class='ocrx_word' id='word_1_37' title='bbox 1421 680 1538 741; x_wconf 78' lang='grc' dir='ltr'>τοῖς</span> <span class='ocrx_word' id='word_1_38' title='bbox 1552 678 1800 731; x_wconf 72' lang='grc' dir='ltr'>ιύσεδέσι</span> <span class='ocrx_word' id='word_1_39' title='bbox 1818 692 1834 707; x_wconf 89' lang='grc'><strong>·</strong></span> 
     </span>
    </p>
   </div>
   <div class='ocr_carea' id='block_1_8' title="bbox 256 768 1838 844">
    <p class='ocr_par' dir='ltr' id='par_1_8' title="bbox 256 768 1838 844">
     <span class='ocr_line' id='line_1_8' title="bbox 256 768 1838 844; baseline -0.003 -15"><span class='ocrx_word' id='word_1_40' title='bbox 256 775 327 829; x_wconf 77' lang='grc' dir='ltr'><strong>τά</strong></span> <span class='ocrx_word' id='word_1_41' title='bbox 356 777 417 831; x_wconf 78' lang='grc' dir='ltr'><strong>δέ</strong></span> <span class='ocrx_word' id='word_1_42' title='bbox 449 776 856 844; x_wconf 79' lang='grc' dir='ltr'><strong>ἀποδοκιμάσας</strong></span> <span class='ocrx_word' id='word_1_43' title='bbox 874 814 890 841; x_wconf 93' lang='grc'><strong>,</strong></span> <span class='ocrx_word' id='word_1_44' title='bbox 932 772 1024 827; x_wconf 84' lang='grc' dir='ltr'>καὶ</span> <span class='ocrx_word' id='word_1_45' title='bbox 1053 770 1316 844; x_wconf 81' lang='grc' dir='ltr'>ἀπείρξας</span> <span class='ocrx_word' id='word_1_46' title='bbox 1344 768 1838 840; x_wconf 73' lang='grc' dir='ltr'><strong>ἀναγινώσκεσθαι.</strong></span> 
     </span>
    </p>
   </div>
   <div class='ocr_carea' id='block_1_9' title="bbox 488 946 1653 1031">
    <p class='ocr_par' dir='ltr' id='par_1_9' title="bbox 488 946 1653 1031">
     <span class='ocr_line' id='line_1_9' title="bbox 488 946 1653 1031; baseline -0.009 0"><span class='ocrx_word' id='word_1_47' title='bbox 488 978 854 1031; x_wconf 78' lang='grc' dir='ltr'><strong>ΕΠΙΣΤΟΛΗ</strong></span> <span class='ocrx_word' id='word_1_48' title='bbox 892 974 1086 1027; x_wconf 73' lang='grc' dir='ltr'><strong>ΠΡΟΣ</strong></span> <span class='ocrx_word' id='word_1_49' title='bbox 1131 946 1653 1024; x_wconf 70' lang='grc' dir='ltr'><strong>ιτοΥφιΜΑΝοΝ.</strong></span> 
     </span>
    </p>
   </div>
   <div class='ocr_carea' id='block_1_10' title="bbox 350 1080 1856 1160">
    <p class='ocr_par' dir='ltr' id='par_1_10' title="bbox 350 1080 1856 1160">
     <span class='ocr_line' id='line_1_10' title="bbox 350 1080 1856 1160; baseline -0.009 -15"><span class='ocrx_word' id='word_1_50' title='bbox 350 1092 539 1160; x_wconf 79' lang='grc' dir='ltr'>κυρίῳ</span> <span class='ocrx_word' id='word_1_51' title='bbox 566 1090 666 1159; x_wconf 78' lang='grc' dir='ltr'><strong>υἱῷ</strong></span> <span class='ocrx_word' id='word_1_52' title='bbox 696 1088 788 1141; x_wconf 63' lang='grc' dir='ltr'><strong>καλ¹</strong></span> <span class='ocrx_word' id='word_1_53' title='bbox 812 1084 1177 1152; x_wconf 87' lang='grc' dir='ltr'>ποθεινοτάτῳ</span> <span class='ocrx_word' id='word_1_54' title='bbox 1209 1080 1604 1153; x_wconf 85' lang='grc' dir='ltr'>συλλειτουργῷ</span> <span class='ocrx_word' id='word_1_55' title='bbox 1644 1080 1856 1146; x_wconf 78' lang='grc' dir='ltr'>Ῥουφι-</span> 
     </span>
    </p>
   </div>
   <div class='ocr_carea' id='block_1_11' title="bbox 272 1174 1396 1253">
    <p class='ocr_par' dir='ltr' id='par_1_11' title="bbox 272 1174 1396 1253">
     <span class='ocr_line' id='line_1_11' title="bbox 272 1174 1396 1253; baseline -0.011 -16"><span class='ocrx_word' id='word_1_56' title='bbox 272 1183 465 1253; x_wconf 81' lang='grc' dir='ltr'>νιανῷ,</span> <span class='ocrx_word' id='word_1_57' title='bbox 516 1180 834 1241; x_wconf 81' lang='grc' dir='ltr'>’Δθανάσιος</span> <span class='ocrx_word' id='word_1_58' title='bbox 862 1180 920 1229; x_wconf 89' lang='grc' dir='ltr'><strong>ἐν</strong></span> <span class='ocrx_word' id='word_1_59' title='bbox 946 1176 1137 1247; x_wconf 78' lang='grc' dir='ltr'>Κυρίῳ</span> <span class='ocrx_word' id='word_1_60' title='bbox 1166 1174 1396 1244; x_wconf 79' lang='grc' dir='ltr'><strong>χαίρειν.</strong></span> 
     </span>
    </p>
   </div>
   <div class='ocr_carea' id='block_1_12' title="bbox 266 1247 1853 1342">
    <p class='ocr_par' dir='ltr' id='par_1_12' title="bbox 266 1247 1853 1342">
     <span class='ocr_line' id='line_1_12' title="bbox 266 1247 1853 1342; baseline -0.012 -15"><span class='ocrx_word' id='word_1_61' title='bbox 266 1247 277 1257; x_wconf 41' lang='grc'><strong>.</strong></span> <span class='ocrx_word' id='word_1_62' title='bbox 349 1247 427 1325; x_wconf 49' lang='lat' dir='ltr'><strong>Si;</strong></span> <span class='ocrx_word' id='word_1_63' title='bbox 461 1273 558 1342; x_wconf 75' lang='grc' dir='ltr'>μὲν</span> <span class='ocrx_word' id='word_1_64' title='bbox 608 1270 675 1323; x_wconf 72' lang='grc' dir='ltr'>τὰ</span> <span class='ocrx_word' id='word_1_65' title='bbox 728 1268 827 1339; x_wconf 84' lang='grc' dir='ltr'>υίῷ</span> <span class='ocrx_word' id='word_1_66' title='bbox 880 1266 1219 1337; x_wconf 76' lang='grc' dir='ltr'>ἠγαπημένῳ</span> <span class='ocrx_word' id='word_1_67' title='bbox 1264 1262 1544 1333; x_wconf 76' lang='grc' dir='ltr'>πρέποντα</span> <span class='ocrx_word' id='word_1_68' title='bbox 1720 1258 1853 1326; x_wconf 79' lang='grc' dir='ltr'>πρὸς</span> 
     </span>
    </p>
   </div>
   <div class='ocr_carea' id='block_1_13' title="bbox 275 1349 1853 1433">
    <p class='ocr_par' dir='ltr' id='par_1_13' title="bbox 275 1349 1853 1433">
     <span class='ocr_line' id='line_1_13' title="bbox 275 1349 1853 1433; baseline -0.01 -17"><span class='ocrx_word' id='word_1_69' title='bbox 275 1363 497 1433; x_wconf 80' lang='grc' dir='ltr'>Πατέρα</span> <span class='ocrx_word' id='word_1_70' title='bbox 526 1364 775 1432; x_wconf 81' lang='grc' dir='ltr'>γράφεις·</span> <span class='ocrx_word' id='word_1_71' title='bbox 812 1360 1102 1427; x_wconf 75' lang='grc' dir='ltr'>ἐγγίσαντα</span> <span class='ocrx_word' id='word_1_72' title='bbox 1133 1355 1261 1423; x_wconf 76' lang='grc' dir='ltr'>γοῦν</span> <span class='ocrx_word' id='word_1_73' title='bbox 1312 1370 1370 1405; x_wconf 84' lang='grc' dir='ltr'><strong>σε</strong></span> <span class='ocrx_word' id='word_1_74' title='bbox 1425 1351 1513 1404; x_wconf 77' lang='grc' dir='ltr'>διὰ</span> <span class='ocrx_word' id='word_1_75' title='bbox 1556 1349 1650 1403; x_wconf 74' lang='grc' dir='ltr'><strong>τοῦ</strong></span> <span class='ocrx_word' id='word_1_76' title='bbox 1677 1350 1853 1421; x_wconf 74' lang='grc' dir='ltr'>γράμο</span> 
     </span>
    </p>
   </div>
   <div class='ocr_carea' id='block_1_14' title="bbox 280 1441 1853 1522">
    <p class='ocr_par' dir='ltr' id='par_1_14' title="bbox 280 1441 1853 1522">
     <span class='ocr_line' id='line_1_14' title="bbox 280 1441 1853 1522; baseline -0.01 -16"><span class='ocrx_word' id='word_1_77' title='bbox 280 1470 452 1521; x_wconf 83' lang='grc' dir='ltr'>ματος</span> <span class='ocrx_word' id='word_1_78' title='bbox 503 1449 981 1522; x_wconf 72' lang='grc' dir='ltr'>περιεπτυξάμην,</span> <span class='ocrx_word' id='word_1_79' title='bbox 1048 1447 1262 1499; x_wconf 86' lang='grc' dir='ltr'>πάντων</span> <span class='ocrx_word' id='word_1_80' title='bbox 1323 1442 1444 1512; x_wconf 75' lang='grc' dir='ltr'>ἐμοὶ</span> <span class='ocrx_word' id='word_1_81' title='bbox 1514 1441 1853 1495; x_wconf 78' lang='grc' dir='ltr'>ποθεινότατε</span> 
     </span>
    </p>
   </div>
   <div class='ocr_carea' id='block_1_15' title="bbox 288 1528 1854 1609">
    <p class='ocr_par' dir='ltr' id='par_1_15' title="bbox 288 1528 1854 1609">
     <span class='ocr_line' id='line_1_15' title="bbox 288 1528 1854 1609; baseline -0.009 -14"><span class='ocrx_word' id='word_1_82' title='bbox 288 1542 646 1609; x_wconf 66' lang='grc' dir='ltr'>Ῥουφινιανέ·</span> <span class='ocrx_word' id='word_1_83' title='bbox 681 1539 835 1607; x_wconf 74' lang='grc' dir='ltr'>κάγὼ</span> <span class='ocrx_word' id='word_1_84' title='bbox 864 1539 939 1600; x_wconf 79' lang='grc' dir='ltr'>δὲ,</span> <span class='ocrx_word' id='word_1_85' title='bbox 969 1538 1043 1599; x_wconf 84' lang='grc' dir='ltr'>ὡς</span> <span class='ocrx_word' id='word_1_86' title='bbox 1067 1535 1167 1605; x_wconf 83' lang='grc' dir='ltr'>υίῷ</span> <span class='ocrx_word' id='word_1_87' title='bbox 1217 1533 1508 1601; x_wconf 75' lang='grc' dir='ltr'>δυνάμενος</span> <span class='ocrx_word' id='word_1_88' title='bbox 1539 1532 1768 1602; x_wconf 81' lang='grc' dir='ltr'>γράφειν</span> <span class='ocrx_word' id='word_1_89' title='bbox 1798 1528 1854 1582; x_wconf 82' lang='grc' dir='ltr'>εν</span> 
     </span>
    </p>
   </div>
   <div class='ocr_carea' id='block_1_16' title="bbox 276 1620 1855 1702">
    <p class='ocr_par' dir='ltr' id='par_1_16' title="bbox 276 1620 1855 1702">
     <span class='ocr_line' id='line_1_16' title="bbox 276 1620 1855 1702; baseline -0.008 -18"><span class='ocrx_word' id='word_1_90' title='bbox 276 1649 339 1684; x_wconf 85' lang='grc' dir='ltr'><strong>τε</strong></span> <span class='ocrx_word' id='word_1_91' title='bbox 367 1634 477 1694; x_wconf 83' lang='grc' dir='ltr'>τοῖς</span> <span class='ocrx_word' id='word_1_92' title='bbox 655 1628 960 1701; x_wconf 78' lang='grc' dir='ltr'><strong>προοιμίοις</strong></span> <span class='ocrx_word' id='word_1_93' title='bbox 1012 1626 1106 1680; x_wconf 62' lang='grc' dir='ltr'><strong>καλ⁵</strong></span> <span class='ocrx_word' id='word_1_94' title='bbox 1138 1626 1320 1695; x_wconf 81' lang='grc' dir='ltr'>μέσοις</span> <span class='ocrx_word' id='word_1_95' title='bbox 1375 1623 1468 1675; x_wconf 72' lang='grc' dir='ltr'>καὶ</span> <span class='ocrx_word' id='word_1_96' title='bbox 1505 1620 1855 1702; x_wconf 80' lang='grc' dir='ltr'>τελευταίοις,</span> 
     </span>
    </p>
   </div>
   <div class='ocr_carea' id='block_1_17' title="bbox 276 1710 1855 1790">
    <p class='ocr_par' dir='ltr' id='par_1_17' title="bbox 276 1710 1855 1790">
     <span class='ocr_line' id='line_1_17' title="bbox 276 1710 1855 1790; baseline -0.008 -16"><span class='ocrx_word' id='word_1_97' title='bbox 276 1721 529 1790; x_wconf 85' lang='grc' dir='ltr'>ἐπέσχον,</span> <span class='ocrx_word' id='word_1_98' title='bbox 574 1721 661 1774; x_wconf 76' lang='grc' dir='ltr'>ἵνα</span> <span class='ocrx_word' id='word_1_99' title='bbox 719 1720 791 1788; x_wconf 79' lang='grc' dir='ltr'>μὴ</span> <span class='ocrx_word' id='word_1_100' title='bbox 844 1719 908 1770; x_wconf 84' lang='grc' dir='ltr'><strong>ἐκ</strong></span> <span class='ocrx_word' id='word_1_101' title='bbox 938 1715 1275 1785; x_wconf 78' lang='grc' dir='ltr'>γραμμάτων</span> <span class='ocrx_word' id='word_1_102' title='bbox 1324 1715 1357 1783; x_wconf 83' lang='grc' dir='ltr'>ἠ</span> <span class='ocrx_word' id='word_1_103' title='bbox 1410 1711 1663 1773; x_wconf 77' lang='grc' dir='ltr'>σύστασις</span> <span class='ocrx_word' id='word_1_104' title='bbox 1697 1710 1791 1762; x_wconf 76' lang='grc' dir='ltr'>καὶ</span> <span class='ocrx_word' id='word_1_105' title='bbox 1819 1710 1855 1779; x_wconf 76' lang='grc' dir='ltr'><strong>ἡ</strong></span> 
     </span>
    </p>
   </div>
   <div class='ocr_carea' id='block_1_18' title="bbox 1943 598 3515 677">
    <p class='ocr_par' dir='ltr' id='par_1_18' title="bbox 1943 598 3515 677">
     <span class='ocr_line' id='line_1_18' title="bbox 1943 598 3515 677; baseline 0.006 -26"><span class='ocrx_word' id='word_1_106' title='bbox 1943 610 2063 664; x_wconf 75' lang='lat' dir='ltr'><strong>qua:</strong></span> <span class='ocrx_word' id='word_1_107' title='bbox 2091 598 2142 651; x_wconf 90' lang='lat' dir='ltr'><strong>in</strong></span> <span class='ocrx_word' id='word_1_108' title='bbox 2170 600 2423 656; x_wconf 89' lang='lat' dir='ltr'><strong>ultimum</strong></span> <span class='ocrx_word' id='word_1_109' title='bbox 2472 612 2787 660; x_wconf 86' lang='lat' dir='ltr'><strong>sanctorum</strong></span> <span class='ocrx_word' id='word_1_110' title='bbox 2834 606 3205 677; x_wconf 66' lang='lat' dir='ltr'><strong>apostolorum</strong></span> <span class='ocrx_word' id='word_1_111' title='bbox 3250 620 3515 663; x_wconf 77' lang='lat' dir='ltr'><strong>canonum</strong></span> 
     </span>
    </p>
   </div>
   <div class='ocr_carea' id='block_1_19' title="bbox 1944 687 2309 757">
    <p class='ocr_par' dir='ltr' id='par_1_19' title="bbox 1944 687 2309 757">
     <span class='ocr_line' id='line_1_19' title="bbox 1944 687 2309 757; baseline 0.005 -16"><span class='ocrx_word' id='word_1_112' title='bbox 1944 687 2144 757; x_wconf 77' lang='lat' dir='ltr'><strong>scripta</strong></span> <span class='ocrx_word' id='word_1_113' title='bbox 2170 701 2309 746; x_wconf 87' lang='lat' dir='ltr'><strong>sunt.</strong></span> 
     </span>
    </p>
   </div>
   <div class='ocr_carea' id='block_1_20' title="bbox 2068 969 3261 1043">
    <p class='ocr_par' dir='ltr' id='par_1_20' title="bbox 2068 969 3261 1043">
     <span class='ocr_line' id='line_1_20' title="bbox 2068 969 3261 1043; baseline 0.005 -12"><span class='ocrx_word' id='word_1_114' title='bbox 2068 969 2178 1043; x_wconf 62' lang='grc' dir='ltr'>Μ</span> <span class='ocrx_word' id='word_1_115' title='bbox 2197 976 2557 1035; x_wconf 75' lang='grc' dir='ltr'>εριδτοιΑ</span> <span class='ocrx_word' id='word_1_116' title='bbox 2612 980 2706 1033; x_wconf 80' lang='lat' dir='ltr'><strong>AD</strong></span> <span class='ocrx_word' id='word_1_117' title='bbox 2745 979 3261 1037; x_wconf 74' lang='lat' dir='ltr'><strong>RUFINIANUM.</strong></span> 
     </span>
    </p>
   </div>
   <div class='ocr_carea' id='block_1_21' title="bbox 2012 1088 3505 1159">
    <p class='ocr_par' dir='ltr' id='par_1_21' title="bbox 2012 1088 3505 1159">
     <span class='ocr_line' id='line_1_21' title="bbox 2012 1088 3505 1159; baseline 0.005 -18"><span class='ocrx_word' id='word_1_118' title='bbox 2012 1088 2239 1143; x_wconf 86' lang='lat' dir='ltr'><strong>Domino</strong></span> <span class='ocrx_word' id='word_1_119' title='bbox 2272 1092 2402 1153; x_wconf 90' lang='lat' dir='ltr'><strong>lilio,</strong></span> <span class='ocrx_word' id='word_1_120' title='bbox 2458 1100 2511 1145; x_wconf 90' lang='lat' dir='ltr'><strong>et</strong></span> <span class='ocrx_word' id='word_1_121' title='bbox 2562 1092 2906 1159; x_wconf 90' lang='lat' dir='ltr'><strong>oplatissimo</strong></span> <span class='ocrx_word' id='word_1_122' title='bbox 2953 1093 3330 1148; x_wconf 85' lang='lat' dir='ltr'><strong>comministro</strong></span> <span class='ocrx_word' id='word_1_123' title='bbox 3356 1092 3505 1149; x_wconf 80' lang='lat' dir='ltr'><strong>Rull-</strong></span> 
     </span>
    </p>
   </div>
   <div class='ocr_carea' id='block_1_22' title="bbox 1939 1178 3095 1240">
    <p class='ocr_par' dir='ltr' id='par_1_22' title="bbox 1939 1178 3095 1240">
     <span class='ocr_line' id='line_1_22' title="bbox 1939 1178 3095 1240; baseline 0.003 -8"><span class='ocrx_word' id='word_1_124' title='bbox 1939 1178 2124 1240; x_wconf 87' lang='lat' dir='ltr'><strong>niano,</strong></span> <span class='ocrx_word' id='word_1_125' title='bbox 2153 1180 2479 1234; x_wconf 85' lang='lat' dir='ltr'><strong>Athanasius</strong></span> <span class='ocrx_word' id='word_1_126' title='bbox 2502 1180 2554 1233; x_wconf 90' lang='lat' dir='ltr'><strong>in</strong></span> <span class='ocrx_word' id='word_1_127' title='bbox 2590 1179 2816 1235; x_wconf 91' lang='lat' dir='ltr'><strong>Domino</strong></span> <span class='ocrx_word' id='word_1_128' title='bbox 2842 1182 3095 1236; x_wconf 89' lang='lat' dir='ltr'><strong>salutem.</strong></span> 
     </span>
    </p>
   </div>
   <div class='ocr_carea' id='block_1_23' title="bbox 2010 1266 3502 1337">
    <p class='ocr_par' dir='ltr' id='par_1_23' title="bbox 2010 1266 3502 1337">
     <span class='ocr_line' id='line_1_23' title="bbox 2010 1266 3502 1337; baseline 0.004 -18"><span class='ocrx_word' id='word_1_129' title='bbox 2010 1266 2090 1320; x_wconf 81' lang='lat' dir='ltr'><strong>Tu</strong></span> <span class='ocrx_word' id='word_1_130' title='bbox 2118 1269 2331 1336; x_wconf 84' lang='lat' dir='ltr'><strong>quidem</strong></span> <span class='ocrx_word' id='word_1_131' title='bbox 2365 1285 2485 1337; x_wconf 72' lang='lat' dir='ltr'><strong>qua:</strong></span> <span class='ocrx_word' id='word_1_132' title='bbox 2507 1271 2765 1323; x_wconf 82' lang='lat' dir='ltr'><strong>dilectum</strong></span> <span class='ocrx_word' id='word_1_133' title='bbox 2801 1270 2968 1323; x_wconf 89' lang='lat' dir='ltr'><strong>lilium</strong></span> <span class='ocrx_word' id='word_1_134' title='bbox 2992 1271 3181 1323; x_wconf 79' lang='lat' dir='ltr'><strong>decent</strong></span> <span class='ocrx_word' id='word_1_135' title='bbox 3201 1271 3265 1324; x_wconf 92' lang='lat' dir='ltr'><strong>ad</strong></span> <span class='ocrx_word' id='word_1_136' title='bbox 3294 1270 3502 1325; x_wconf 88' lang='lat' dir='ltr'><strong>Patrem</strong></span> 
     </span>
    </p>
   </div>
   <div class='ocr_carea' id='block_1_24' title="bbox 1940 1355 3507 1429">
    <p class='ocr_par' dir='ltr' id='par_1_24' title="bbox 1940 1355 3507 1429">
     <span class='ocr_line' id='line_1_24' title="bbox 1940 1355 3507 1429; baseline 0.005 -21"><span class='ocrx_word' id='word_1_137' title='bbox 1940 1355 2170 1411; x_wconf 79' lang='lat' dir='ltr'><strong>scribis:</strong></span> <span class='ocrx_word' id='word_1_138' title='bbox 2201 1366 2250 1409; x_wconf 91' lang='lat' dir='ltr'><strong>te</strong></span> <span class='ocrx_word' id='word_1_139' title='bbox 2281 1358 2461 1426; x_wconf 85' lang='lat' dir='ltr'><strong>itaque</strong></span> <span class='ocrx_word' id='word_1_140' title='bbox 2485 1358 2677 1412; x_wconf 77' lang='lat' dir='ltr'><strong>litteris</strong></span> <span class='ocrx_word' id='word_1_141' title='bbox 2709 1360 3050 1413; x_wconf 86' lang='lat' dir='ltr'><strong>accedentem</strong></span> <span class='ocrx_word' id='word_1_142' title='bbox 3090 1361 3194 1413; x_wconf 86' lang='lat' dir='ltr'><strong>luis</strong></span> <span class='ocrx_word' id='word_1_143' title='bbox 3222 1363 3507 1429; x_wconf 75' lang='lat' dir='ltr'><strong>amplexus</strong></span> 
     </span>
    </p>
   </div>
   <div class='ocr_carea' id='block_1_25' title="bbox 1941 1447 3502 1511">
    <p class='ocr_par' dir='ltr' id='par_1_25' title="bbox 1941 1447 3502 1511">
     <span class='ocr_line' id='line_1_25' title="bbox 1941 1447 3502 1511; baseline 0.004 -13"><span class='ocrx_word' id='word_1_144' title='bbox 1941 1460 2089 1511; x_wconf 82' lang='lat' dir='ltr'><strong>sum,</strong></span> <span class='ocrx_word' id='word_1_145' title='bbox 2134 1447 2378 1501; x_wconf 88' lang='lat' dir='ltr'><strong>omnium</strong></span> <span class='ocrx_word' id='word_1_146' title='bbox 2437 1448 2786 1503; x_wconf 83' lang='lat' dir='ltr'><strong>dilectissime</strong></span> <span class='ocrx_word' id='word_1_147' title='bbox 2835 1450 2966 1503; x_wconf 88' lang='lat' dir='ltr'><strong>mihi</strong></span> <span class='ocrx_word' id='word_1_148' title='bbox 3016 1450 3321 1504; x_wconf 81' lang='lat' dir='ltr'><strong>Ruliniane.</strong></span> <span class='ocrx_word' id='word_1_149' title='bbox 3366 1451 3502 1506; x_wconf 83' lang='lat' dir='ltr'><strong>Cum</strong></span> 
     </span>
    </p>
   </div>
   <div class='ocr_carea' id='block_1_26' title="bbox 1940 1537 3504 1595">
    <p class='ocr_par' dir='ltr' id='par_1_26' title="bbox 1940 1537 3504 1595">
     <span class='ocr_line' id='line_1_26' title="bbox 1940 1537 3504 1595; baseline 0.005 -8"><span class='ocrx_word' id='word_1_150' title='bbox 1940 1545 2120 1589; x_wconf 86' lang='lat' dir='ltr'><strong>autem</strong></span> <span class='ocrx_word' id='word_1_151' title='bbox 2179 1545 2233 1590; x_wconf 85' lang='lat' dir='ltr'><strong>et</strong></span> <span class='ocrx_word' id='word_1_152' title='bbox 2277 1537 2330 1591; x_wconf 90' lang='lat' dir='ltr'><strong>in</strong></span> <span class='ocrx_word' id='word_1_153' title='bbox 2388 1538 2653 1593; x_wconf 83' lang='lat' dir='ltr'><strong>sermonis</strong></span> <span class='ocrx_word' id='word_1_154' title='bbox 2686 1539 2909 1593; x_wconf 78' lang='lat' dir='ltr'><strong>exordio</strong></span> <span class='ocrx_word' id='word_1_155' title='bbox 2931 1549 2985 1593; x_wconf 91' lang='lat' dir='ltr'><strong>et</strong></span> <span class='ocrx_word' id='word_1_156' title='bbox 3024 1540 3076 1593; x_wconf 91' lang='lat' dir='ltr'><strong>in</strong></span> <span class='ocrx_word' id='word_1_157' title='bbox 3129 1540 3307 1594; x_wconf 89' lang='lat' dir='ltr'><strong>medio</strong></span> <span class='ocrx_word' id='word_1_158' title='bbox 3355 1550 3408 1595; x_wconf 86' lang='lat' dir='ltr'><strong>et</strong></span> <span class='ocrx_word' id='word_1_159' title='bbox 3451 1543 3504 1595; x_wconf 85' lang='lat' dir='ltr'><strong>in</strong></span> 
     </span>
    </p>
   </div>
   <div class='ocr_carea' id='block_1_27' title="bbox 1941 1624 3507 1699">
    <p class='ocr_par' dir='ltr' id='par_1_27' title="bbox 1941 1624 3507 1699">
     <span class='ocr_line' id='line_1_27' title="bbox 1941 1624 3507 1699; baseline 0.005 -22"><span class='ocrx_word' id='word_1_160' title='bbox 1941 1624 2066 1686; x_wconf 85' lang='lat' dir='ltr'><strong>line,</strong></span> <span class='ocrx_word' id='word_1_161' title='bbox 2103 1625 2219 1689; x_wconf 83' lang='lat' dir='ltr'><strong>tibi,</strong></span> <span class='ocrx_word' id='word_1_162' title='bbox 2272 1629 2426 1696; x_wconf 86' lang='lat' dir='ltr'><strong>quasi</strong></span> <span class='ocrx_word' id='word_1_163' title='bbox 2485 1628 2595 1681; x_wconf 88' lang='lat' dir='ltr'><strong>lilio</strong></span> <span class='ocrx_word' id='word_1_164' title='bbox 2650 1629 2889 1683; x_wconf 76' lang='lat' dir='ltr'><strong>scribere</strong></span> <span class='ocrx_word' id='word_1_165' title='bbox 2948 1644 3203 1698; x_wconf 81' lang='lat' dir='ltr'><strong>possem,</strong></span> <span class='ocrx_word' id='word_1_166' title='bbox 3261 1646 3347 1684; x_wconf 91' lang='lat' dir='ltr'><strong>me</strong></span> <span class='ocrx_word' id='word_1_167' title='bbox 3392 1632 3507 1699; x_wconf 83' lang='lat' dir='ltr'><strong>ipse</strong></span> 
     </span>
    </p>
   </div>
   <div class='ocr_carea' id='block_1_28' title="bbox 1942 1713 3501 1778">
    <p class='ocr_par' dir='ltr' id='par_1_28' title="bbox 1942 1713 3501 1778">
     <span class='ocr_line' id='line_1_28' title="bbox 1942 1713 3501 1778; baseline 0.004 -13"><span class='ocrx_word' id='word_1_168' title='bbox 1942 1713 2181 1778; x_wconf 86' lang='lat' dir='ltr'><strong>cohibui,</strong></span> <span class='ocrx_word' id='word_1_169' title='bbox 2214 1730 2278 1769; x_wconf 90' lang='lat' dir='ltr'><strong>ne</strong></span> <span class='ocrx_word' id='word_1_170' title='bbox 2306 1732 2366 1769; x_wconf 80' lang='lat' dir='ltr'><strong>ex</strong></span> <span class='ocrx_word' id='word_1_171' title='bbox 2396 1716 2589 1769; x_wconf 88' lang='lat' dir='ltr'><strong>litteris</strong></span> <span class='ocrx_word' id='word_1_172' title='bbox 2615 1718 3014 1771; x_wconf 81' lang='lat' dir='ltr'><strong>commendatio</strong></span> <span class='ocrx_word' id='word_1_173' title='bbox 3045 1729 3095 1773; x_wconf 86' lang='lat' dir='ltr'><strong>et</strong></span> <span class='ocrx_word' id='word_1_174' title='bbox 3130 1720 3501 1772; x_wconf 83' lang='lat' dir='ltr'><strong>testimonium</strong></span> 
     </span>
    </p>
   </div>
   <div class='ocr_carea' id='block_1_29' title="bbox 282 1798 1851 1889">
    <p class='ocr_par' dir='ltr' id='par_1_29' title="bbox 282 1798 1851 1881">
     <span class='ocr_line' id='line_1_29' title="bbox 282 1798 1851 1881; baseline -0.006 -18"><span class='ocrx_word' id='word_1_175' title='bbox 282 1811 558 1881; x_wconf 85' lang='grc' dir='ltr'>μαρτυρία</span> <span class='ocrx_word' id='word_1_176' title='bbox 600 1809 951 1880; x_wconf 76' lang='grc' dir='ltr'>γνωρίζηται.</span> <span class='ocrx_word' id='word_1_177' title='bbox 986 1808 1056 1859; x_wconf 67' lang='grc' dir='ltr'><strong>Σὺ</strong></span> <span class='ocrx_word' id='word_1_178' title='bbox 1086 1805 1194 1875; x_wconf 73' lang='grc' dir='ltr'><strong>γὰρ</strong></span> <span class='ocrx_word' id='word_1_179' title='bbox 1241 1805 1362 1875; x_wconf 77' lang='grc' dir='ltr'>ἐμοὶ</span> <span class='ocrx_word' id='word_1_180' title='bbox 1416 1800 1693 1869; x_wconf 82' lang='grc' dir='ltr'>ἐπιστολὴ,</span> <span class='ocrx_word' id='word_1_181' title='bbox 1716 1798 1851 1853; x_wconf 68' lang='grc' dir='ltr'>κατὰ</span> 
     </span>
    </p>
   </div>
   <div class='ocr_carea' id='block_1_30' title="bbox 1940 1798 3508 1889">
    <p class='ocr_par' dir='ltr' id='par_1_30' title="bbox 1942 1803 3508 1874">
     <span class='ocr_line' id='line_1_30' title="bbox 1942 1803 3508 1874; baseline 0.005 -20"><span class='ocrx_word' id='word_1_182' title='bbox 1942 1803 2117 1871; x_wconf 80' lang='lat' dir='ltr'><strong>palam</strong></span> <span class='ocrx_word' id='word_1_183' title='bbox 2176 1804 2344 1857; x_wconf 84' lang='lat' dir='ltr'><strong>lieret.</strong></span> <span class='ocrx_word' id='word_1_184' title='bbox 2392 1804 2470 1857; x_wconf 90' lang='lat' dir='ltr'><strong>Tu</strong></span> <span class='ocrx_word' id='word_1_185' title='bbox 2526 1806 2667 1859; x_wconf 90' lang='lat' dir='ltr'><strong>enim</strong></span> <span class='ocrx_word' id='word_1_186' title='bbox 2740 1806 2871 1859; x_wconf 90' lang='lat' dir='ltr'><strong>mihi</strong></span> <span class='ocrx_word' id='word_1_187' title='bbox 2932 1822 2991 1861; x_wconf 86' lang='lat' dir='ltr'><strong>es</strong></span> <span class='ocrx_word' id='word_1_188' title='bbox 3048 1808 3305 1874; x_wconf 86' lang='lat' dir='ltr'><strong>cpistola,</strong></span> <span class='ocrx_word' id='word_1_189' title='bbox 3364 1810 3508 1862; x_wconf 85' lang='lat' dir='ltr'><strong>sicut</strong></span> 
     </span>
    </p>
   </div>
   <div class='ocr_carea' id='block_1_31' title="bbox 273 1892 1857 1970">
    <p class='ocr_par' dir='ltr' id='par_1_31' title="bbox 273 1892 1857 1970">
     <span class='ocr_line' id='line_1_31' title="bbox 273 1892 1857 1970; baseline -0.007 -18"><span class='ocrx_word' id='word_1_190' title='bbox 273 1900 341 1952; x_wconf 75' lang='grc' dir='ltr'><strong>τὸ</strong></span> <span class='ocrx_word' id='word_1_191' title='bbox 365 1900 765 1970; x_wconf 77' lang='grc' dir='ltr'>γεγραμμένον,</span> <span class='ocrx_word' id='word_1_192' title='bbox 825 1896 1290 1965; x_wconf 85' lang='grc' dir='ltr'>ἐπιγινωσκομένη</span> <span class='ocrx_word' id='word_1_193' title='bbox 1351 1892 1444 1946; x_wconf 69' lang='grc' dir='ltr'>καὶ</span> <span class='ocrx_word' id='word_1_194' title='bbox 1490 1893 1857 1958; x_wconf 86' lang='grc' dir='ltr'>ἀναγινωσκο-</span> 
     </span>
    </p>
   </div>
   <div class='ocr_carea' id='block_1_32' title="bbox 280 1980 1855 2059">
    <p class='ocr_par' dir='ltr' id='par_1_32' title="bbox 280 1980 1855 2059">
     <span class='ocr_line' id='line_1_32' title="bbox 280 1980 1855 2059; baseline -0.006 -18"><span class='ocrx_word' id='word_1_195' title='bbox 280 1991 417 2059; x_wconf 80' lang='grc' dir='ltr'>μένη</span> <span class='ocrx_word' id='word_1_196' title='bbox 443 1992 498 2041; x_wconf 85' lang='grc' dir='ltr'><strong>ἐν</strong></span> <span class='ocrx_word' id='word_1_197' title='bbox 530 1988 746 2057; x_wconf 73' lang='grc' dir='ltr'>καρδία.</span> <span class='ocrx_word' id='word_1_198' title='bbox 775 1987 931 2041; x_wconf 77' lang='grc' dir='ltr'>Οὕτω</span> <span class='ocrx_word' id='word_1_199' title='bbox 952 1987 1129 2039; x_wconf 86' lang='grc' dir='ltr'>τοίνυν</span> <span class='ocrx_word' id='word_1_200' title='bbox 1180 1986 1402 2037; x_wconf 86' lang='grc' dir='ltr'>πίστευε</span> <span class='ocrx_word' id='word_1_201' title='bbox 1582 1980 1855 2050; x_wconf 84' lang='grc' dir='ltr'>διακείμε-</span> 
     </span>
    </p>
   </div>
   <div class='ocr_carea' id='block_1_33' title="bbox 276 2072 1854 2145">
    <p class='ocr_par' dir='ltr' id='par_1_33' title="bbox 276 2072 1854 2145">
     <span class='ocr_line' id='line_1_33' title="bbox 276 2072 1854 2145; baseline -0.004 -16"><span class='ocrx_word' id='word_1_202' title='bbox 276 2078 502 2140; x_wconf 71' lang='grc' dir='ltr'>νος,ναὶ</span> <span class='ocrx_word' id='word_1_203' title='bbox 563 2078 804 2129; x_wconf 86' lang='grc' dir='ltr'>πίστευε.</span> <span class='ocrx_word' id='word_1_204' title='bbox 857 2075 1255 2145; x_wconf 85' lang='grc' dir='ltr'>Προσαγορεύω</span> <span class='ocrx_word' id='word_1_205' title='bbox 1313 2090 1371 2126; x_wconf 85' lang='grc' dir='ltr'><strong>σε</strong></span> <span class='ocrx_word' id='word_1_206' title='bbox 1424 2073 1519 2126; x_wconf 75' lang='grc' dir='ltr'>καὶ</span> <span class='ocrx_word' id='word_1_207' title='bbox 1561 2072 1854 2140; x_wconf 72' lang='grc' dir='ltr'>προτρέπω</span> 
     </span>
    </p>
   </div>
   <div class='ocr_carea' id='block_1_34' title="bbox 274 2161 1855 2240">
    <p class='ocr_par' dir='ltr' id='par_1_34' title="bbox 274 2161 1855 2240">
     <span class='ocr_line' id='line_1_34' title="bbox 274 2161 1855 2240; baseline -0.005 -20"><span class='ocrx_word' id='word_1_208' title='bbox 274 2169 530 2236; x_wconf 63' lang='grc' dir='ltr'>γράφειν·</span> <span class='ocrx_word' id='word_1_209' title='bbox 564 2168 623 2219; x_wconf 73' lang='grc' dir='ltr'>οὐ</span> <span class='ocrx_word' id='word_1_210' title='bbox 658 2167 766 2237; x_wconf 82' lang='grc' dir='ltr'>γὰρ</span> <span class='ocrx_word' id='word_1_211' title='bbox 802 2166 1015 2232; x_wconf 80' lang='grc' dir='ltr'><strong>ὀλίγως,</strong></span> <span class='ocrx_word' id='word_1_212' title='bbox 1072 2165 1205 2218; x_wconf 86' lang='grc' dir='ltr'><strong>ἀλλά</strong></span> <span class='ocrx_word' id='word_1_213' title='bbox 1261 2162 1510 2240; x_wconf 64' lang='grc' dir='ltr'>μεγάλως</span> <span class='ocrx_word' id='word_1_214' title='bbox 1547 2161 1855 2231; x_wconf 73' lang='grc' dir='ltr'>εὐφραίνεις</span> 
     </span>
    </p>
   </div>
   <div class='ocr_carea' id='block_1_35' title="bbox 272 2248 1854 2325">
    <p class='ocr_par' dir='ltr' id='par_1_35' title="bbox 272 2248 1854 2325">
     <span class='ocr_line' id='line_1_35' title="bbox 272 2248 1854 2325; baseline -0.006 -17"><span class='ocrx_word' id='word_1_215' title='bbox 272 2257 435 2309; x_wconf 80' lang='grc' dir='ltr'>τοῦτο</span> <span class='ocrx_word' id='word_1_216' title='bbox 462 2256 648 2309; x_wconf 77' lang='grc' dir='ltr'>ποιῶν.</span> <span class='ocrx_word' id='word_1_217' title='bbox 827 2256 1044 2325; x_wconf 80' lang='grc' dir='ltr'><strong>Ἐπειδὴ</strong></span> <span class='ocrx_word' id='word_1_218' title='bbox 1073 2255 1128 2306; x_wconf 84' lang='grc' dir='ltr'>δὲ</span> <span class='ocrx_word' id='word_1_219' title='bbox 1181 2252 1484 2321; x_wconf 78' lang='grc' dir='ltr'>φιλοκάλως</span> <span class='ocrx_word' id='word_1_220' title='bbox 1533 2250 1628 2302; x_wconf 63' lang='grc' dir='ltr'>καὶ</span> <span class='ocrx_word' id='word_1_221' title='bbox 1653 2248 1854 2315; x_wconf 80' lang='grc' dir='ltr'>ἐκκλη-</span> 
     </span>
    </p>
   </div>
   <div class='ocr_carea' id='block_1_36' title="bbox 280 2339 1852 2415">
    <p class='ocr_par' dir='ltr' id='par_1_36' title="bbox 280 2339 1852 2415">
     <span class='ocr_line' id='line_1_36' title="bbox 280 2339 1852 2415; baseline -0.006 -16"><span class='ocrx_word' id='word_1_222' title='bbox 280 2347 602 2408; x_wconf 79' lang='grc' dir='ltr'>σιαστικῶς,</span> <span class='ocrx_word' id='word_1_223' title='bbox 630 2345 790 2399; x_wconf 75' lang='grc' dir='ltr'>τοῦτο</span> <span class='ocrx_word' id='word_1_224' title='bbox 821 2346 929 2415; x_wconf 83' lang='grc' dir='ltr'><strong>γὰρ</strong></span> <span class='ocrx_word' id='word_1_225' title='bbox 952 2344 1111 2397; x_wconf 86' lang='grc' dir='ltr'>πάλιν</span> <span class='ocrx_word' id='word_1_226' title='bbox 1143 2344 1341 2412; x_wconf 83' lang='grc' dir='ltr'>πρέπει</span> <span class='ocrx_word' id='word_1_227' title='bbox 1372 2346 1439 2412; x_wconf 79' lang='grc' dir='ltr'><strong>τῇ</strong></span> <span class='ocrx_word' id='word_1_228' title='bbox 1472 2344 1537 2410; x_wconf 82' lang='grc' dir='ltr'><strong>σῇ</strong></span> <span class='ocrx_word' id='word_1_229' title='bbox 1575 2339 1852 2409; x_wconf 72' lang='grc' dir='ltr'>εὐλαῦεία,</span> 
     </span>
    </p>
   </div>
   <div class='ocr_carea' id='block_1_37' title="bbox 277 2428 1854 2504">
    <p class='ocr_par' dir='ltr' id='par_1_37' title="bbox 277 2428 1854 2504">
     <span class='ocr_line' id='line_1_37' title="bbox 277 2428 1854 2504; baseline -0.005 -19"><span class='ocrx_word' id='word_1_230' title='bbox 277 2433 571 2504; x_wconf 63' lang='grc' dir='ltr'><strong>1ὴρὼτησας</strong></span> <span class='ocrx_word' id='word_1_231' title='bbox 596 2432 855 2503; x_wconf 75' lang='grc' dir='ltr'>περὶτῶν</span> <span class='ocrx_word' id='word_1_232' title='bbox 910 2433 978 2485; x_wconf 82' lang='grc' dir='ltr'>δι’</span> <span class='ocrx_word' id='word_1_233' title='bbox 1009 2431 1252 2500; x_wconf 84' lang='grc' dir='ltr'>ἀνάγκην</span> <span class='ocrx_word' id='word_1_234' title='bbox 1313 2428 1689 2499; x_wconf 80' lang='grc' dir='ltr'>ὑποσυρέντων</span> <span class='ocrx_word' id='word_1_235' title='bbox 1736 2428 1854 2496; x_wconf 75' lang='grc' dir='ltr'>μὲν,</span> 
     </span>
    </p>
   </div>
   <div class='ocr_carea' id='block_1_38' title="bbox 280 2516 1851 2595">
    <p class='ocr_par' dir='ltr' id='par_1_38' title="bbox 280 2516 1851 2595">
     <span class='ocr_line' id='line_1_38' title="bbox 280 2516 1851 2595; baseline -0.004 -18"><span class='ocrx_word' id='word_1_236' title='bbox 280 2526 359 2595; x_wconf 78' lang='grc' dir='ltr'>μὴ</span> <span class='ocrx_word' id='word_1_237' title='bbox 387 2516 699 2595; x_wconf 64' lang='grc' dir='ltr'>φθὲρέντων</span> <span class='ocrx_word' id='word_1_238' title='bbox 744 2525 799 2576; x_wconf 79' lang='grc' dir='ltr'>δὲ</span> <span class='ocrx_word' id='word_1_239' title='bbox 834 2526 891 2576; x_wconf 87' lang='grc' dir='ltr'><strong>ἐν</strong></span> <span class='ocrx_word' id='word_1_240' title='bbox 920 2526 986 2594; x_wconf 82' lang='grc' dir='ltr'>τῇ</span> <span class='ocrx_word' id='word_1_241' title='bbox 1034 2521 1381 2589; x_wconf 64' lang='grc' dir='ltr'>κακοπιστία,</span> <span class='ocrx_word' id='word_1_242' title='bbox 1430 2520 1525 2572; x_wconf 68' lang='grc' dir='ltr'>καὶ</span> <span class='ocrx_word' id='word_1_243' title='bbox 1578 2516 1851 2586; x_wconf 79' lang='grc' dir='ltr'>ἠθέλησας</span> 
     </span>
    </p>
   </div>
   <div class='ocr_carea' id='block_1_39' title="bbox 268 2608 1857 2687">
    <p class='ocr_par' dir='ltr' id='par_1_39' title="bbox 268 2608 1857 2687">
     <span class='ocr_line' id='line_1_39' title="bbox 268 2608 1857 2687; baseline -0.006 -19"><span class='ocrx_word' id='word_1_244' title='bbox 268 2617 480 2687; x_wconf 47' lang='grc' dir='ltr'>,γράψαι</span> <span class='ocrx_word' id='word_1_245' title='bbox 523 2633 588 2685; x_wconf 89' lang='grc' dir='ltr'><strong>με</strong></span> <span class='ocrx_word' id='word_1_246' title='bbox 622 2617 687 2669; x_wconf 70' lang='grc' dir='ltr'><strong>τὰ</strong></span> <span class='ocrx_word' id='word_1_247' title='bbox 715 2616 939 2679; x_wconf 79' lang='grc' dir='ltr'>δόξαντα</span> <span class='ocrx_word' id='word_1_248' title='bbox 966 2614 1095 2684; x_wconf 69' lang='grc' dir='ltr'>περὶ</span> <span class='ocrx_word' id='word_1_249' title='bbox 1150 2611 1326 2665; x_wconf 72' lang='grc' dir='ltr'>αὐτῶν</span> <span class='ocrx_word' id='word_1_250' title='bbox 1358 2612 1414 2663; x_wconf 80' lang='grc' dir='ltr'><strong>ἐν</strong></span> <span class='ocrx_word' id='word_1_251' title='bbox 1453 2611 1574 2671; x_wconf 85' lang='grc' dir='ltr'>ταῖς</span> <span class='ocrx_word' id='word_1_252' title='bbox 1621 2608 1857 2671; x_wconf 76' lang='grc' dir='ltr'>συνόδοις</span> 
     </span>
    </p>
   </div>
   <div class='ocr_carea' id='block_1_40' title="bbox 278 2695 1854 2771">
    <p class='ocr_par' dir='ltr' id='par_1_40' title="bbox 278 2695 1854 2771">
     <span class='ocr_line' id='line_1_40' title="bbox 278 2695 1854 2771; baseline -0.006 -16"><span class='ocrx_word' id='word_1_253' title='bbox 278 2704 375 2755; x_wconf 76' lang='grc' dir='ltr'>καὶ</span> <span class='ocrx_word' id='word_1_254' title='bbox 408 2702 678 2771; x_wconf 88' lang='grc' dir='ltr'>πανταχοῦ</span> <span class='ocrx_word' id='word_1_255' title='bbox 710 2718 724 2733; x_wconf 74' lang='grc' dir='ltr'><strong><em>ο</em></strong></span> <span class='ocrx_word' id='word_1_256' title='bbox 858 2702 1115 2766; x_wconf 82' lang='grc' dir='ltr'>γίνωσκε,</span> <span class='ocrx_word' id='word_1_257' title='bbox 1153 2699 1326 2769; x_wconf 81' lang='grc' dir='ltr'>Κύριέ</span> <span class='ocrx_word' id='word_1_258' title='bbox 1357 2714 1456 2767; x_wconf 88' lang='grc' dir='ltr'><strong>μου</strong></span> <span class='ocrx_word' id='word_1_259' title='bbox 1489 2695 1854 2755; x_wconf 82' lang='grc' dir='ltr'>ποθεινότατε,</span> 
     </span>
    </p>
   </div>
   <div class='ocr_carea' id='block_1_41' title="bbox 278 2784 1855 2861">
    <p class='ocr_par' dir='ltr' id='par_1_41' title="bbox 278 2784 1855 2861">
     <span class='ocr_line' id='line_1_41' title="bbox 278 2784 1855 2861; baseline -0.008 -14"><span class='ocrx_word' id='word_1_260' title='bbox 278 2795 363 2847; x_wconf 84' lang='grc' dir='ltr'>ὅτι</span> <span class='ocrx_word' id='word_1_261' title='bbox 396 2794 455 2844; x_wconf 90' lang='grc' dir='ltr'><strong>ἐν</strong></span> <span class='ocrx_word' id='word_1_262' title='bbox 482 2794 621 2861; x_wconf 76' lang='grc' dir='ltr'>ἀρχῇ</span> <span class='ocrx_word' id='word_1_263' title='bbox 658 2792 776 2860; x_wconf 77' lang='grc' dir='ltr'>μὲν,</span> <span class='ocrx_word' id='word_1_264' title='bbox 826 2789 1181 2858; x_wconf 76' lang='grc' dir='ltr'>παυσαμένης</span> <span class='ocrx_word' id='word_1_265' title='bbox 1230 2788 1331 2855; x_wconf 77' lang='grc' dir='ltr'>τῆς</span> <span class='ocrx_word' id='word_1_266' title='bbox 1372 2786 1660 2855; x_wconf 81' lang='grc' dir='ltr'>γινομένης</span> <span class='ocrx_word' id='word_1_267' title='bbox 1714 2784 1855 2853; x_wconf 85' lang='grc' dir='ltr'>βίας,</span> 
     </span>
    </p>
   </div>
   <div class='ocr_carea' id='block_1_42' title="bbox 276 2873 1857 2951">
    <p class='ocr_par' dir='ltr' id='par_1_42' title="bbox 276 2873 1857 2951">
     <span class='ocr_line' id='line_1_42' title="bbox 276 2873 1857 2951; baseline -0.008 -15"><span class='ocrx_word' id='word_1_268' title='bbox 276 2884 468 2950; x_wconf 79' lang='grc' dir='ltr'>γέγονε</span> <span class='ocrx_word' id='word_1_269' title='bbox 504 2881 739 2941; x_wconf 83' lang='grc' dir='ltr'>σύνοδος,</span> <span class='ocrx_word' id='word_1_270' title='bbox 771 2880 1049 2951; x_wconf 70' lang='grc' dir='ltr'>παρόντων</span> <span class='ocrx_word' id='word_1_271' title='bbox 1080 2878 1187 2929; x_wconf 74' lang='grc' dir='ltr'><strong>ἀπὸ</strong></span> <span class='ocrx_word' id='word_1_272' title='bbox 1218 2877 1323 2929; x_wconf 84' lang='grc' dir='ltr'><strong>τῶν</strong></span> <span class='ocrx_word' id='word_1_273' title='bbox 1374 2875 1478 2939; x_wconf 83' lang='grc' dir='ltr'>ἐξω</span> <span class='ocrx_word' id='word_1_274' title='bbox 1525 2873 1701 2944; x_wconf 81' lang='grc' dir='ltr'>μερῶν</span> <span class='ocrx_word' id='word_1_275' title='bbox 1734 2874 1857 2925; x_wconf 87' lang='grc' dir='ltr'>ἐπι-</span> 
     </span>
    </p>
   </div>
   <div class='ocr_carea' id='block_1_43' title="bbox 279 2964 1855 3038">
    <p class='ocr_par' dir='ltr' id='par_1_43' title="bbox 279 2964 1855 3038">
     <span class='ocr_line' id='line_1_43' title="bbox 279 2964 1855 3038; baseline -0.006 -14"><span class='ocrx_word' id='word_1_276' title='bbox 279 2971 518 3024; x_wconf 79' lang='grc' dir='ltr'>σκόπων·</span> <span class='ocrx_word' id='word_1_277' title='bbox 548 2970 734 3037; x_wconf 85' lang='grc' dir='ltr'>γέγονε</span> <span class='ocrx_word' id='word_1_278' title='bbox 756 2970 813 3022; x_wconf 85' lang='grc' dir='ltr'><strong>δέ</strong></span> <span class='ocrx_word' id='word_1_279' title='bbox 852 2970 946 3022; x_wconf 73' lang='grc' dir='ltr'>καὶ</span> <span class='ocrx_word' id='word_1_280' title='bbox 977 2966 1129 3038; x_wconf 84' lang='grc' dir='ltr'><strong>παρά</strong></span> <span class='ocrx_word' id='word_1_281' title='bbox 1154 2968 1267 3027; x_wconf 72' lang='grc' dir='ltr'>τοῖς</span> <span class='ocrx_word' id='word_1_282' title='bbox 1294 2966 1392 3035; x_wconf 86' lang='grc' dir='ltr'>τὴν</span> <span class='ocrx_word' id='word_1_283' title='bbox 1426 2964 1648 3016; x_wconf 79' lang='grc' dir='ltr'>Ἐλλάδα</span> <span class='ocrx_word' id='word_1_284' title='bbox 1672 2978 1855 3015; x_wconf 80' lang='grc' dir='ltr'>κατοι-</span> 
     </span>
    </p>
   </div>
   <div class='ocr_carea' id='block_1_44' title="bbox 279 3044 1858 3127">
    <p class='ocr_par' dir='ltr' id='par_1_44' title="bbox 279 3044 1858 3127">
     <span class='ocr_line' id='line_1_44' title="bbox 279 3044 1858 3127; baseline -0.004 -17"><span class='ocrx_word' id='word_1_285' title='bbox 279 3044 437 3111; x_wconf 78' lang='grc' dir='ltr'><strong>κοῦσι</strong></span> <span class='ocrx_word' id='word_1_286' title='bbox 474 3058 917 3127; x_wconf 80' lang='grc' dir='ltr'>συλλειτονργοῖς·</span> <span class='ocrx_word' id='word_1_287' title='bbox 947 3056 1097 3108; x_wconf 72' lang='grc' dir='ltr'>οὐδὲν</span> <span class='ocrx_word' id='word_1_288' title='bbox 1114 3054 1170 3105; x_wconf 79' lang='grc' dir='ltr'>δὲ</span> <span class='ocrx_word' id='word_1_289' title='bbox 1191 3050 1349 3123; x_wconf 66' lang='grc' dir='ltr'>ἦττον</span> <span class='ocrx_word' id='word_1_290' title='bbox 1380 3053 1598 3115; x_wconf 72' lang='grc' dir='ltr'>καὶτοῖς</span> <span class='ocrx_word' id='word_1_291' title='bbox 1630 3052 1689 3103; x_wconf 92' lang='grc' dir='ltr'><strong>ἐν</strong></span> <span class='ocrx_word' id='word_1_292' title='bbox 1710 3051 1858 3103; x_wconf 72' lang='grc' dir='ltr'><strong>Σπι-</strong></span> 
     </span>
    </p>
   </div>
   <div class='ocr_carea' id='block_1_45' title="bbox 276 3137 1855 3219">
    <p class='ocr_par' dir='ltr' id='par_1_45' title="bbox 276 3137 1855 3219">
     <span class='ocr_line' id='line_1_45' title="bbox 276 3137 1855 3219; baseline -0.005 -17"><span class='ocrx_word' id='word_1_293' title='bbox 276 3149 370 3218; x_wconf 79' lang='grc' dir='ltr'><strong>νίᾳ</strong></span> <span class='ocrx_word' id='word_1_294' title='bbox 400 3150 493 3202; x_wconf 71' lang='grc' dir='ltr'>καὶ</span> <span class='ocrx_word' id='word_1_295' title='bbox 522 3149 558 3200; x_wconf 84' lang='grc' dir='ltr'><strong><em>Γ</em></strong></span> <span class='ocrx_word' id='word_1_296' title='bbox 563 3148 719 3219; x_wconf 70' lang='grc' dir='ltr'>αλλία</span> <span class='ocrx_word' id='word_1_297' title='bbox 739 3167 750 3179; x_wconf 91' lang='grc'><strong>·</strong></span> <span class='ocrx_word' id='word_1_298' title='bbox 791 3149 885 3202; x_wconf 75' lang='grc' dir='ltr'>καὶ</span> <span class='ocrx_word' id='word_1_299' title='bbox 943 3148 1140 3217; x_wconf 68' lang='grc' dir='ltr'>ἡρεσεν</span> <span class='ocrx_word' id='word_1_300' title='bbox 1273 3146 1408 3214; x_wconf 81' lang='grc' dir='ltr'>ὅπερ</span> <span class='ocrx_word' id='word_1_301' title='bbox 1462 3137 1562 3196; x_wconf 79' lang='grc' dir='ltr'>ὧδε</span> <span class='ocrx_word' id='word_1_302' title='bbox 1594 3142 1688 3195; x_wconf 78' lang='grc' dir='ltr'>καὶ</span> <span class='ocrx_word' id='word_1_303' title='bbox 1721 3158 1855 3195; x_wconf 83' lang='grc' dir='ltr'>παν-</span> 
     </span>
    </p>
   </div>
   <div class='ocr_carea' id='block_1_46' title="bbox 276 3233 1853 3306">
    <p class='ocr_par' dir='ltr' id='par_1_46' title="bbox 276 3233 1853 3306">
     <span class='ocr_line' id='line_1_46' title="bbox 276 3233 1853 3306; baseline -0.003 -18"><span class='ocrx_word' id='word_1_304' title='bbox 276 3236 446 3304; x_wconf 78' lang='grc' dir='ltr'>ταχοῦ</span> <span class='ocrx_word' id='word_1_305' title='bbox 474 3270 489 3292; x_wconf 83' lang='lat'>.</span> <span class='ocrx_word' id='word_1_306' title='bbox 584 3235 720 3289; x_wconf 81' lang='grc' dir='ltr'>ὥστε</span> <span class='ocrx_word' id='word_1_307' title='bbox 740 3238 850 3298; x_wconf 83' lang='grc' dir='ltr'>τοῖς</span> <span class='ocrx_word' id='word_1_308' title='bbox 880 3237 977 3306; x_wconf 75' lang='grc' dir='ltr'>μὲν</span> <span class='ocrx_word' id='word_1_309' title='bbox 999 3234 1462 3288; x_wconf 79' lang='grc' dir='ltr'>κακαπεπτωκόσι</span> <span class='ocrx_word' id='word_1_310' title='bbox 1493 3233 1585 3286; x_wconf 79' lang='grc' dir='ltr'>καὶ</span> <span class='ocrx_word' id='word_1_311' title='bbox 1607 3236 1853 3301; x_wconf 78' lang='grc' dir='ltr'>προϊστα-</span> 
     </span>
    </p>
   </div>
   <div class='ocr_carea' id='block_1_47' title="bbox 281 3319 1851 3396">
    <p class='ocr_par' dir='ltr' id='par_1_47' title="bbox 281 3319 1851 3396">
     <span class='ocr_line' id='line_1_47' title="bbox 281 3319 1851 3396; baseline -0.002 -18"><span class='ocrx_word' id='word_1_312' title='bbox 281 3326 464 3396; x_wconf 84' lang='grc' dir='ltr'>μένοις</span> <span class='ocrx_word' id='word_1_313' title='bbox 494 3327 593 3396; x_wconf 83' lang='grc' dir='ltr'>τῆς</span> <span class='ocrx_word' id='word_1_314' title='bbox 616 3327 869 3388; x_wconf 80' lang='grc' dir='ltr'>ἀσεϐείας</span> <span class='ocrx_word' id='word_1_315' title='bbox 934 3323 1326 3391; x_wconf 79' lang='grc' dir='ltr'>συγγινώσκειν</span> <span class='ocrx_word' id='word_1_316' title='bbox 1374 3322 1471 3390; x_wconf 83' lang='grc' dir='ltr'>μὲν</span> <span class='ocrx_word' id='word_1_317' title='bbox 1514 3319 1851 3389; x_wconf 67' lang='grc' dir='ltr'>μετανοοῦσι,</span> 
     </span>
    </p>
   </div>
   <div class='ocr_carea' id='block_1_48' title="bbox 283 3410 1854 3485">
    <p class='ocr_par' dir='ltr' id='par_1_48' title="bbox 283 3410 1854 3485">
     <span class='ocr_line' id='line_1_48' title="bbox 283 3410 1854 3485; baseline -0.003 -18"><span class='ocrx_word' id='word_1_318' title='bbox 283 3415 361 3485; x_wconf 79' lang='grc' dir='ltr'>μὴ</span> <span class='ocrx_word' id='word_1_319' title='bbox 386 3415 584 3467; x_wconf 80' lang='grc' dir='ltr'>διδόναι</span> <span class='ocrx_word' id='word_1_320' title='bbox 609 3415 663 3467; x_wconf 81' lang='grc' dir='ltr'>δὲ</span> <span class='ocrx_word' id='word_1_321' title='bbox 688 3416 871 3477; x_wconf 74' lang='grc' dir='ltr'>αὐτοῖς</span> <span class='ocrx_word' id='word_1_322' title='bbox 909 3415 1069 3465; x_wconf 85' lang='grc' dir='ltr'>τόπον</span> <span class='ocrx_word' id='word_1_323' title='bbox 1121 3413 1341 3482; x_wconf 79' lang='grc' dir='ltr'>κλήρου·</span> <span class='ocrx_word' id='word_1_324' title='bbox 1403 3412 1513 3475; x_wconf 85' lang='grc' dir='ltr'>τοῖς</span> <span class='ocrx_word' id='word_1_325' title='bbox 1557 3410 1614 3462; x_wconf 84' lang='grc' dir='ltr'>δὲ</span> <span class='ocrx_word' id='word_1_326' title='bbox 1648 3410 1721 3478; x_wconf 79' lang='grc' dir='ltr'>μὴ</span> <span class='ocrx_word' id='word_1_327' title='bbox 1757 3410 1854 3463; x_wconf 82' lang='grc' dir='ltr'><strong>αὑ-</strong></span> 
     </span>
    </p>
   </div>
   <div class='ocr_carea' id='block_1_49' title="bbox 279 3501 1883 3574">
    <p class='ocr_par' dir='ltr' id='par_1_49' title="bbox 279 3501 1883 3574">
     <span class='ocr_line' id='line_1_49' title="bbox 279 3501 1883 3574; baseline -0.003 -17"><span class='ocrx_word' id='word_1_328' title='bbox 279 3504 525 3558; x_wconf 83' lang='grc' dir='ltr'>θεντοῦσι</span> <span class='ocrx_word' id='word_1_329' title='bbox 590 3506 687 3574; x_wconf 82' lang='grc' dir='ltr'>μὲν</span> <span class='ocrx_word' id='word_1_330' title='bbox 752 3505 851 3574; x_wconf 84' lang='grc' dir='ltr'>τῆς</span> <span class='ocrx_word' id='word_1_331' title='bbox 913 3504 1201 3565; x_wconf 73' lang='grc' dir='ltr'>ἀσεϐείας,</span> <span class='ocrx_word' id='word_1_332' title='bbox 1264 3503 1622 3571; x_wconf 73' lang='grc' dir='ltr'>παρασυρεῖσι</span> <span class='ocrx_word' id='word_1_333' title='bbox 1674 3501 1729 3553; x_wconf 80' lang='grc' dir='ltr'>δὲ</span> <span class='ocrx_word' id='word_1_334' title='bbox 1787 3501 1883 3553; x_wconf 61' lang='grc' dir='ltr'>δι”</span> 
     </span>
    </p>
   </div>
   <div class='ocr_carea' id='block_1_50' title="bbox 279 3590 1851 3663">
    <p class='ocr_par' dir='ltr' id='par_1_50' title="bbox 279 3590 1851 3663">
     <span class='ocr_line' id='line_1_50' title="bbox 279 3590 1851 3663; baseline -0.005 -15"><span class='ocrx_word' id='word_1_335' title='bbox 279 3594 529 3663; x_wconf 82' lang='grc' dir='ltr'>ἀνάγκην</span> <span class='ocrx_word' id='word_1_336' title='bbox 560 3594 652 3647; x_wconf 75' lang='grc' dir='ltr'>καὶ</span> <span class='ocrx_word' id='word_1_337' title='bbox 681 3593 821 3662; x_wconf 89' lang='grc' dir='ltr'>βίαν,</span> <span class='ocrx_word' id='word_1_338' title='bbox 876 3593 1019 3659; x_wconf 79' lang='grc' dir='ltr'>εδοξε</span> <span class='ocrx_word' id='word_1_339' title='bbox 1064 3590 1297 3645; x_wconf 79' lang='grc' dir='ltr'>δίδοσθαι</span> <span class='ocrx_word' id='word_1_340' title='bbox 1362 3591 1459 3660; x_wconf 85' lang='grc' dir='ltr'>μὲν</span> <span class='ocrx_word' id='word_1_341' title='bbox 1504 3590 1851 3659; x_wconf 80' lang='grc' dir='ltr'>συγγνώμην,</span> 
     </span>
    </p>
   </div>
   <div class='ocr_carea' id='block_1_51' title="bbox 279 3679 1853 3753">
    <p class='ocr_par' dir='ltr' id='par_1_51' title="bbox 279 3679 1853 3753">
     <span class='ocr_line' id='line_1_51' title="bbox 279 3679 1853 3753; baseline -0.003 -17"><span class='ocrx_word' id='word_1_342' title='bbox 279 3684 427 3753; x_wconf 76' lang='grc' dir='ltr'>ἐχειν</span> <span class='ocrx_word' id='word_1_343' title='bbox 452 3684 507 3737; x_wconf 86' lang='grc' dir='ltr'><strong>δέ</strong></span> <span class='ocrx_word' id='word_1_344' title='bbox 532 3685 625 3736; x_wconf 74' lang='grc' dir='ltr'>καὶ</span> <span class='ocrx_word' id='word_1_345' title='bbox 654 3684 745 3736; x_wconf 81' lang='grc' dir='ltr'>τὸν</span> <span class='ocrx_word' id='word_1_346' title='bbox 768 3684 929 3736; x_wconf 87' lang='grc' dir='ltr'>τόπον</span> <span class='ocrx_word' id='word_1_347' title='bbox 951 3681 1042 3734; x_wconf 81' lang='grc' dir='ltr'>τοῦ</span> <span class='ocrx_word' id='word_1_348' title='bbox 1088 3681 1311 3751; x_wconf 70' lang='grc' dir='ltr'>κλῆρον’</span> <span class='ocrx_word' id='word_1_349' title='bbox 1343 3680 1575 3749; x_wconf 79' lang='grc' dir='ltr'>μάλιστα</span> <span class='ocrx_word' id='word_1_350' title='bbox 1600 3680 1680 3732; x_wconf 85' lang='grc' dir='ltr'>ὅτι</span> <span class='ocrx_word' id='word_1_351' title='bbox 1718 3679 1853 3732; x_wconf 81' lang='grc' dir='ltr'>ἀπο-</span> 
     </span>
    </p>
   </div>
   <div class='ocr_carea' id='block_1_52' title="bbox 279 3767 1852 3842">
    <p class='ocr_par' dir='ltr' id='par_1_52' title="bbox 279 3767 1852 3842">
     <span class='ocr_line' id='line_1_52' title="bbox 279 3767 1852 3842; baseline -0.004 -16"><span class='ocrx_word' id='word_1_352' title='bbox 279 3774 470 3841; x_wconf 84' lang='grc' dir='ltr'>λογίαν</span> <span class='ocrx_word' id='word_1_353' title='bbox 518 3773 748 3842; x_wconf 80' lang='grc' dir='ltr'>πιθανὴν</span> <span class='ocrx_word' id='word_1_354' title='bbox 809 3770 1150 3840; x_wconf 85' lang='grc' dir='ltr'>ἐπορίσαντο.</span> <span class='ocrx_word' id='word_1_355' title='bbox 1196 3771 1287 3823; x_wconf 74' lang='grc' dir='ltr'>καὶ</span> <span class='ocrx_word' id='word_1_356' title='bbox 1327 3769 1472 3835; x_wconf 78' lang='grc' dir='ltr'>ἔδοξε</span> <span class='ocrx_word' id='word_1_357' title='bbox 1522 3767 1678 3822; x_wconf 69' lang='grc' dir='ltr'>τοῦτό</span> <span class='ocrx_word' id='word_1_358' title='bbox 1736 3785 1852 3831; x_wconf 81' lang='grc' dir='ltr'><strong>πως</strong></span> 
     </span>
    </p>
   </div>
   <div class='ocr_carea' id='block_1_53' title="bbox 278 3857 1853 3933">
    <p class='ocr_par' dir='ltr' id='par_1_53' title="bbox 278 3857 1853 3933">
     <span class='ocr_line' id='line_1_53' title="bbox 278 3857 1853 3933; baseline -0.005 -15"><span class='ocrx_word' id='word_1_359' title='bbox 278 3863 638 3933; x_wconf 81' lang='grc' dir='ltr'>οίκονομικῶς</span> <span class='ocrx_word' id='word_1_360' title='bbox 669 3862 943 3929; x_wconf 85' lang='grc' dir='ltr'>γενέσθαι.</span> <span class='ocrx_word' id='word_1_361' title='bbox 1107 3857 1567 3913; x_wconf 77' lang='grc' dir='ltr'>Διεὸεὸαιώσαντο</span> <span class='ocrx_word' id='word_1_362' title='bbox 1620 3861 1729 3930; x_wconf 70' lang='grc' dir='ltr'><strong>γὰρ</strong></span> <span class='ocrx_word' id='word_1_363' title='bbox 1778 3860 1853 3932; x_wconf 79' lang='grc' dir='ltr'>μὴ</span> 
     </span>
    </p>
   </div>
   <div class='ocr_carea' id='block_1_54' title="bbox 284 3948 1853 4025">
    <p class='ocr_par' dir='ltr' id='par_1_54' title="bbox 284 3948 1853 4025">
     <span class='ocr_line' id='line_1_54' title="bbox 284 3948 1853 4025; baseline -0.003 -19"><span class='ocrx_word' id='word_1_364' title='bbox 284 3952 722 4025; x_wconf 76' lang='grc' dir='ltr'>μεταδεδλῆσθαι</span> <span class='ocrx_word' id='word_1_365' title='bbox 748 3952 827 4013; x_wconf 86' lang='grc' dir='ltr'><strong>είς</strong></span> <span class='ocrx_word' id='word_1_366' title='bbox 860 3950 1132 4004; x_wconf 79' lang='grc' dir='ltr'>ἀσέϐειαν·</span> <span class='ocrx_word' id='word_1_367' title='bbox 1164 3950 1249 4002; x_wconf 82' lang='grc' dir='ltr'>ῐνα</span> <span class='ocrx_word' id='word_1_368' title='bbox 1289 3948 1345 4001; x_wconf 81' lang='grc' dir='ltr'><strong>δέ</strong></span> <span class='ocrx_word' id='word_1_369' title='bbox 1382 3950 1454 4018; x_wconf 80' lang='grc' dir='ltr'>μὴ</span> <span class='ocrx_word' id='word_1_370' title='bbox 1491 3949 1853 4003; x_wconf 79' lang='grc' dir='ltr'>κατασταθέν-</span> 
     </span>
    </p>
   </div>
   <div class='ocr_carea' id='block_1_55' title="bbox 278 4037 1849 4108">
    <p class='ocr_par' dir='ltr' id='par_1_55' title="bbox 278 4037 1849 4108">
     <span class='ocr_line' id='line_1_55' title="bbox 278 4037 1849 4108; baseline -0.001 -14"><span class='ocrx_word' id='word_1_371' title='bbox 278 4060 372 4105; x_wconf 89' lang='grc' dir='ltr'><strong>τες</strong></span> <span class='ocrx_word' id='word_1_372' title='bbox 402 4041 549 4104; x_wconf 83' lang='grc' dir='ltr'>τινὲς</span> <span class='ocrx_word' id='word_1_373' title='bbox 578 4039 927 4092; x_wconf 78' lang='grc' dir='ltr'>ἀσεϐέστατοι</span> <span class='ocrx_word' id='word_1_374' title='bbox 970 4037 1323 4107; x_wconf 79' lang='grc' dir='ltr'>διαφθείρωσι</span> <span class='ocrx_word' id='word_1_375' title='bbox 1366 4037 1464 4099; x_wconf 75' lang='grc' dir='ltr'><strong>τὰς</strong></span> <span class='ocrx_word' id='word_1_376' title='bbox 1506 4038 1849 4108; x_wconf 82' lang='grc' dir='ltr'>Ἐκκλησίας,</span> 
     </span>
    </p>
   </div>
   <div class='ocr_carea' id='block_1_56' title="bbox 281 4129 1851 4200">
    <p class='ocr_par' dir='ltr' id='par_1_56' title="bbox 281 4129 1851 4200">
     <span class='ocr_line' id='line_1_56' title="bbox 281 4129 1851 4200; baseline 0 -16"><span class='ocrx_word' id='word_1_377' title='bbox 281 4132 486 4186; x_wconf 81' lang='grc' dir='ltr'>εἴλοντο</span> <span class='ocrx_word' id='word_1_378' title='bbox 523 4130 719 4200; x_wconf 75' lang='grc' dir='ltr'>μᾶλλον</span> <span class='ocrx_word' id='word_1_379' title='bbox 755 4130 1079 4199; x_wconf 80' lang='grc' dir='ltr'>συνδραμεῖν</span> <span class='ocrx_word' id='word_1_380' title='bbox 1137 4132 1203 4199; x_wconf 80' lang='grc' dir='ltr'>τῇ</span> <span class='ocrx_word' id='word_1_381' title='bbox 1236 4130 1327 4198; x_wconf 76' lang='grc' dir='ltr'><strong>βία</strong></span> <span class='ocrx_word' id='word_1_382' title='bbox 1356 4131 1449 4181; x_wconf 75' lang='grc' dir='ltr'><strong>καὶ</strong></span> <span class='ocrx_word' id='word_1_383' title='bbox 1483 4129 1743 4197; x_wconf 76' lang='grc' dir='ltr'>βαστάσαι</span> <span class='ocrx_word' id='word_1_384' title='bbox 1789 4133 1851 4185; x_wconf 78' lang='grc' dir='ltr'>τὸ</span> 
     </span>
    </p>
   </div>
   <div class='ocr_carea' id='block_1_57' title="bbox 282 4220 1851 4294">
    <p class='ocr_par' dir='ltr' id='par_1_57' title="bbox 282 4220 1851 4294">
     <span class='ocr_line' id='line_1_57' title="bbox 282 4220 1851 4294; baseline -0.001 -17"><span class='ocrx_word' id='word_1_385' title='bbox 282 4224 468 4294; x_wconf 76' lang='grc' dir='ltr'>βάρος,</span> <span class='ocrx_word' id='word_1_386' title='bbox 494 4224 526 4293; x_wconf 79' lang='grc' dir='ltr'><strong>ἢ</strong></span> <span class='ocrx_word' id='word_1_387' title='bbox 553 4222 715 4284; x_wconf 74' lang='grc' dir='ltr'>λαοὺς</span> <span class='ocrx_word' id='word_1_388' title='bbox 741 4221 1055 4275; x_wconf 84' lang='grc' dir='ltr'>ἀπολέσθαι.</span> <span class='ocrx_word' id='word_1_389' title='bbox 1087 4220 1256 4273; x_wconf 79' lang='grc' dir='ltr'>Τοῦτο</span> <span class='ocrx_word' id='word_1_390' title='bbox 1386 4220 1441 4272; x_wconf 81' lang='grc' dir='ltr'>δὲ</span> <span class='ocrx_word' id='word_1_391' title='bbox 1464 4220 1710 4287; x_wconf 86' lang='grc' dir='ltr'>λέγοντες</span> <span class='ocrx_word' id='word_1_392' title='bbox 1738 4221 1851 4275; x_wconf 80' lang='grc' dir='ltr'><strong>ἔδο-</strong></span> 
     </span>
    </p>
   </div>
   <div class='ocr_carea' id='block_1_58' title="bbox 283 4304 1850 4380">
    <p class='ocr_par' dir='ltr' id='par_1_58' title="bbox 283 4304 1850 4380">
     <span class='ocr_line' id='line_1_58' title="bbox 283 4304 1850 4380; baseline -0.002 -17"><span class='ocrx_word' id='word_1_393' title='bbox 283 4310 381 4376; x_wconf 80' lang='grc' dir='ltr'>ξαν</span> <span class='ocrx_word' id='word_1_394' title='bbox 414 4313 543 4380; x_wconf 77' lang='grc' dir='ltr'>ημῖν</span> <span class='ocrx_word' id='word_1_395' title='bbox 569 4309 811 4372; x_wconf 81' lang='grc' dir='ltr'>πιθανῶς</span> <span class='ocrx_word' id='word_1_396' title='bbox 838 4308 1035 4374; x_wconf 87' lang='grc' dir='ltr'>λέγειν·</span> <span class='ocrx_word' id='word_1_397' title='bbox 1076 4308 1160 4360; x_wconf 78' lang='grc' dir='ltr'>διὰ</span> <span class='ocrx_word' id='word_1_398' title='bbox 1195 4307 1255 4361; x_wconf 84' lang='grc' dir='ltr'>τὸ</span> <span class='ocrx_word' id='word_1_399' title='bbox 1306 4307 1399 4359; x_wconf 73' lang='grc' dir='ltr'>καὶ</span> <span class='ocrx_word' id='word_1_400' title='bbox 1426 4304 1850 4376; x_wconf 78' lang='grc' dir='ltr'>προφασίζεσθαι</span> 
     </span>
    </p>
   </div>
   <div class='ocr_carea' id='block_1_59' title="bbox 280 4395 1846 4466">
    <p class='ocr_par' dir='ltr' id='par_1_59' title="bbox 280 4395 1846 4466">
     <span class='ocr_line' id='line_1_59' title="bbox 280 4395 1846 4466; baseline -0.004 -13"><span class='ocrx_word' id='word_1_401' title='bbox 280 4403 477 4462; x_wconf 70' lang='grc' dir='ltr'>αὐτοὺς</span> <span class='ocrx_word' id='word_1_402' title='bbox 495 4402 583 4453; x_wconf 82' lang='grc' dir='ltr'>τὸν</span> <span class='ocrx_word' id='word_1_403' title='bbox 626 4399 835 4464; x_wconf 79' lang='grc' dir='ltr'>Ἀαρὼν</span> <span class='ocrx_word' id='word_1_404' title='bbox 862 4402 949 4451; x_wconf 75' lang='grc' dir='ltr'><strong>τὸν</strong></span> <span class='ocrx_word' id='word_1_405' title='bbox 1000 4399 1092 4450; x_wconf 79' lang='grc' dir='ltr'>τοῦ</span> <span class='ocrx_word' id='word_1_406' title='bbox 1140 4398 1413 4458; x_wconf 84' lang='grc' dir='ltr'>Μωῦσέως</span> <span class='ocrx_word' id='word_1_407' title='bbox 1448 4395 1672 4464; x_wconf 75' lang='grc' dir='ltr'>ἀδελφὸν</span> <span class='ocrx_word' id='word_1_408' title='bbox 1696 4398 1754 4449; x_wconf 83' lang='grc' dir='ltr'><strong>ἐν</strong></span> <span class='ocrx_word' id='word_1_409' title='bbox 1780 4399 1846 4466; x_wconf 83' lang='grc' dir='ltr'>τῇ</span> 
     </span>
    </p>
   </div>
   <div class='ocr_carea' id='block_1_60' title="bbox 284 4467 1912 4541">
    <p class='ocr_par' dir='ltr' id='par_1_60' title="bbox 284 4467 1912 4541">
     <span class='ocr_line' id='line_1_60' title="bbox 284 4467 1912 4541; baseline 0.005 -19"><span class='ocrx_word' id='word_1_410' title='bbox 284 4473 474 4541; x_wconf 68' lang='grc' dir='ltr'>ἐρήμῳ</span> <span class='ocrx_word' id='word_1_411' title='bbox 500 4472 820 4539; x_wconf 68' lang='grc' dir='ltr'>συνδραμεῖν</span> <span class='ocrx_word' id='word_1_412' title='bbox 851 4474 945 4541; x_wconf 75' lang='grc' dir='ltr'>μὲν</span> <span class='ocrx_word' id='word_1_413' title='bbox 978 4475 1041 4540; x_wconf 85' lang='grc' dir='ltr'><strong>τῇ</strong></span> <span class='ocrx_word' id='word_1_414' title='bbox 1074 4472 1166 4523; x_wconf 77' lang='grc' dir='ltr'>τοῦ</span> <span class='ocrx_word' id='word_1_415' title='bbox 1195 4472 1321 4525; x_wconf 83' lang='grc' dir='ltr'>λαοῦ</span> <span class='ocrx_word' id='word_1_416' title='bbox 1352 4474 1674 4541; x_wconf 75' lang='grc' dir='ltr'>παραόάσει·</span> <span class='ocrx_word' id='word_1_417' title='bbox 1706 4479 1842 4531; x_wconf 81' lang='grc' dir='ltr'>ἀπο·</span> <span class='ocrx_word' id='word_1_418' title='bbox 1870 4467 1912 4522; x_wconf 82' lang='grc' dir='ltr'><strong>Ῑ)</strong></span> 
     </span>
    </p>
   </div>
   <div class='ocr_carea' id='block_1_61' title="bbox 282 4559 1843 4630">
    <p class='ocr_par' dir='ltr' id='par_1_61' title="bbox 282 4559 1843 4630">
     <span class='ocr_line' id='line_1_61' title="bbox 282 4559 1843 4630; baseline 0.003 -19"><span class='ocrx_word' id='word_1_419' title='bbox 282 4559 472 4625; x_wconf 85' lang='grc' dir='ltr'>λογίαν</span> <span class='ocrx_word' id='word_1_420' title='bbox 502 4559 557 4611; x_wconf 83' lang='grc' dir='ltr'><strong>δέ</strong></span> <span class='ocrx_word' id='word_1_421' title='bbox 591 4560 901 4628; x_wconf 71' lang='grc' dir='ltr'>ἐσχηκέναι,</span> <span class='ocrx_word' id='word_1_422' title='bbox 928 4560 1014 4611; x_wconf 81' lang='grc' dir='ltr'>ῐνα</span> <span class='ocrx_word' id='word_1_423' title='bbox 1042 4561 1116 4629; x_wconf 82' lang='grc' dir='ltr'>μὴ</span> <span class='ocrx_word' id='word_1_424' title='bbox 1171 4562 1197 4612; x_wconf 84' lang='grc' dir='ltr'>ὁ</span> <span class='ocrx_word' id='word_1_425' title='bbox 1246 4561 1370 4624; x_wconf 81' lang='grc' dir='ltr'>λαὸς</span> <span class='ocrx_word' id='word_1_426' title='bbox 1519 4561 1843 4630; x_wconf 68' lang='grc' dir='ltr'>ἐπιστρέψας</span> 
     </span>
    </p>
   </div>
   <div class='ocr_carea' id='block_1_62' title="bbox 283 4647 1848 4721">
    <p class='ocr_par' dir='ltr' id='par_1_62' title="bbox 283 4647 1848 4721">
     <span class='ocr_line' id='line_1_62' title="bbox 283 4647 1848 4721; baseline 0.004 -23"><span class='ocrx_word' id='word_1_427' title='bbox 283 4647 365 4706; x_wconf 83' lang='grc' dir='ltr'><strong>είς</strong></span> <span class='ocrx_word' id='word_1_428' title='bbox 397 4647 667 4711; x_wconf 74' lang='grc' dir='ltr'>Αἴγυπτον</span> <span class='ocrx_word' id='word_1_429' title='bbox 722 4647 977 4717; x_wconf 56' lang='lat' dir='ltr'><strong>empsim</strong></span> <span class='ocrx_word' id='word_1_430' title='bbox 1032 4649 1095 4716; x_wconf 70' lang='grc' dir='ltr'>τῇ</span> <span class='ocrx_word' id='word_1_431' title='bbox 1144 4647 1568 4719; x_wconf 67' lang='grc' dir='ltr'>είδωλολατρείαο</span> <span class='ocrx_word' id='word_1_432' title='bbox 1619 4652 1710 4703; x_wconf 70' lang='grc' dir='ltr'><strong>καὶ</strong></span> <span class='ocrx_word' id='word_1_433' title='bbox 1742 4653 1848 4721; x_wconf 86' lang='grc' dir='ltr'>γὰρ</span> 
     </span>
    </p>
   </div>
   <div class='ocr_carea' id='block_1_63' title="bbox 285 4729 1848 4809">
    <p class='ocr_par' dir='ltr' id='par_1_63' title="bbox 285 4729 1848 4809">
     <span class='ocr_line' id='line_1_63' title="bbox 285 4729 1848 4809; baseline 0.005 -26"><span class='ocrx_word' id='word_1_434' title='bbox 285 4729 350 4801; x_wconf 67' lang='grc' dir='ltr'>ἢν</span> <span class='ocrx_word' id='word_1_435' title='bbox 379 4732 439 4784; x_wconf 82' lang='grc' dir='ltr'>τὸ</span> <span class='ocrx_word' id='word_1_436' title='bbox 476 4732 794 4801; x_wconf 79' lang='grc' dir='ltr'>φαινόμενον</span> <span class='ocrx_word' id='word_1_437' title='bbox 818 4733 1054 4802; x_wconf 76' lang='grc' dir='ltr'>εὔλογον·</span> <span class='ocrx_word' id='word_1_438' title='bbox 1086 4737 1166 4787; x_wconf 70' lang='grc' dir='ltr'>ὅτε.</span> <span class='ocrx_word' id='word_1_439' title='bbox 1203 4738 1450 4806; x_wconf 84' lang='grc' dir='ltr'>μένοντες</span> <span class='ocrx_word' id='word_1_440' title='bbox 1476 4740 1533 4791; x_wconf 88' lang='grc' dir='ltr'><strong>ἐν</strong></span> <span class='ocrx_word' id='word_1_441' title='bbox 1565 4741 1630 4808; x_wconf 78' lang='grc' dir='ltr'>τῇ</span> <span class='ocrx_word' id='word_1_442' title='bbox 1660 4741 1848 4809; x_wconf 77' lang='grc' dir='ltr'>ἐρήμῳ</span> 
     </span>
    </p>
   </div>
   <div class='ocr_carea' id='block_1_64' title="bbox 283 4817 1848 4890">
    <p class='ocr_par' dir='ltr' id='par_1_64' title="bbox 283 4817 1848 4890">
     <span class='ocr_line' id='line_1_64' title="bbox 283 4817 1848 4890; baseline 0.008 -23"><span class='ocrx_word' id='word_1_443' title='bbox 283 4817 533 4867; x_wconf 75' lang='grc' dir='ltr'>δύνανται</span> <span class='ocrx_word' id='word_1_444' title='bbox 561 4818 869 4871; x_wconf 77' lang='grc' dir='ltr'>παύσασθαι</span> <span class='ocrx_word' id='word_1_445' title='bbox 909 4820 1006 4889; x_wconf 86' lang='grc' dir='ltr'>τῆς</span> <span class='ocrx_word' id='word_1_446' title='bbox 1034 4822 1304 4885; x_wconf 77' lang='grc' dir='ltr'>ἀσεϐείας·</span> <span class='ocrx_word' id='word_1_447' title='bbox 1330 4824 1657 4889; x_wconf 75' lang='grc' dir='ltr'>εἰσελθόντες</span> <span class='ocrx_word' id='word_1_448' title='bbox 1686 4828 1741 4879; x_wconf 80' lang='grc' dir='ltr'>δὲ</span> <span class='ocrx_word' id='word_1_449' title='bbox 1770 4830 1848 4890; x_wconf 89' lang='grc' dir='ltr'><strong>εἰς</strong></span> 
     </span>
    </p>
   </div>
   <div class='ocr_carea' id='block_1_65' title="bbox 283 4905 1846 4980">
    <p class='ocr_par' dir='ltr' id='par_1_65' title="bbox 283 4905 1846 4980">
     <span class='ocr_line' id='line_1_65' title="bbox 283 4905 1846 4980; baseline 0.006 -24"><span class='ocrx_word' id='word_1_450' title='bbox 283 4905 573 4970; x_wconf 76' lang='grc' dir='ltr'>Αἴγυπτον,</span> <span class='ocrx_word' id='word_1_451' title='bbox 632 4908 977 4976; x_wconf 85' lang='grc' dir='ltr'>ἐπετρίϐοντο</span> <span class='ocrx_word' id='word_1_452' title='bbox 1038 4912 1129 4963; x_wconf 54' lang='grc' dir='ltr'><strong>καὶ⁹</strong></span> <span class='ocrx_word' id='word_1_453' title='bbox 1175 4912 1400 4980; x_wconf 73' lang='grc' dir='ltr'>ηὔξανον</span> <span class='ocrx_word' id='word_1_454' title='bbox 1442 4916 1498 4967; x_wconf 85' lang='grc' dir='ltr'><strong>ἐν</strong></span> <span class='ocrx_word' id='word_1_455' title='bbox 1636 4915 1846 4978; x_wconf 79' lang='grc' dir='ltr'>ἑαυτοῖς</span> 
     </span>
    </p>
   </div>
   <div class='ocr_carea' id='block_1_66' title="bbox 282 4993 1847 5071">
    <p class='ocr_par' dir='ltr' id='par_1_66' title="bbox 282 4993 1847 5071">
     <span class='ocr_line' id='line_1_66' title="bbox 282 4993 1847 5071; baseline 0.009 -27"><span class='ocrx_word' id='word_1_456' title='bbox 282 4993 382 5063; x_wconf 76' lang='grc' dir='ltr'>τὴν</span> <span class='ocrx_word' id='word_1_457' title='bbox 408 4995 681 5047; x_wconf 73' lang='grc' dir='ltr'>ἀσέϐειαν.</span> <span class='ocrx_word' id='word_1_458' title='bbox 731 4996 945 5050; x_wconf 77' lang='grc' dir='ltr'>Τούτων</span> <span class='ocrx_word' id='word_1_459' title='bbox 993 4999 1168 5052; x_wconf 87' lang='grc' dir='ltr'>τοίνυν</span> <span class='ocrx_word' id='word_1_460' title='bbox 1222 5002 1383 5054; x_wconf 76' lang='grc' dir='ltr'>ἓνεκα</span> <span class='ocrx_word' id='word_1_461' title='bbox 1425 5006 1763 5071; x_wconf 74' lang='grc' dir='ltr'>συγγνωστὸν</span> <span class='ocrx_word' id='word_1_462' title='bbox 1785 5005 1847 5058; x_wconf 82' lang='grc' dir='ltr'>τὸ</span> 
     </span>
    </p>
   </div>
   <div class='ocr_carea' id='block_1_67' title="bbox 283 5083 1845 5163">
    <p class='ocr_par' dir='ltr' id='par_1_67' title="bbox 283 5083 1845 5163">
     <span class='ocr_line' id='line_1_67' title="bbox 283 5083 1845 5163; baseline 0.007 -28"><span class='ocrx_word' id='word_1_463' title='bbox 283 5083 419 5153; x_wconf 81' lang='grc' dir='ltr'>πρὸς</span> <span class='ocrx_word' id='word_1_464' title='bbox 450 5083 537 5135; x_wconf 83' lang='grc' dir='ltr'>τὸν</span> <span class='ocrx_word' id='word_1_465' title='bbox 567 5085 765 5155; x_wconf 76' lang='grc' dir='ltr'>κλῆρον</span> <span class='ocrx_word' id='word_1_466' title='bbox 792 5087 1001 5153; x_wconf 78' lang='grc' dir='ltr'><strong>γέγονε⁹</strong></span> <span class='ocrx_word' id='word_1_467' title='bbox 1029 5092 1138 5151; x_wconf 79' lang='grc' dir='ltr'>τοῖς</span> <span class='ocrx_word' id='word_1_468' title='bbox 1164 5090 1218 5142; x_wconf 85' lang='grc' dir='ltr'>δὲ</span> <span class='ocrx_word' id='word_1_469' title='bbox 1254 5092 1574 5161; x_wconf 78' lang='grc' dir='ltr'>ἁπατηθεῖσι</span> <span class='ocrx_word' id='word_1_470' title='bbox 1607 5095 1699 5145; x_wconf 70' lang='grc' dir='ltr'>καὶ</span> <span class='ocrx_word' id='word_1_471' title='bbox 1726 5094 1845 5163; x_wconf 90' lang='grc' dir='ltr'>βίαν</span> 
     </span>
    </p>
   </div>
   <div class='ocr_carea' id='block_1_68' title="bbox 284 5172 1841 5254">
    <p class='ocr_par' dir='ltr' id='par_1_68' title="bbox 284 5172 1841 5254">
     <span class='ocr_line' id='line_1_68' title="bbox 284 5172 1841 5254; baseline 0.006 -29"><span class='ocrx_word' id='word_1_472' title='bbox 284 5172 514 5225; x_wconf 76' lang='grc' dir='ltr'>παθοῦσι</span> <span class='ocrx_word' id='word_1_473' title='bbox 565 5174 862 5245; x_wconf 80' lang='grc' dir='ltr'>συγγνώμη</span> <span class='ocrx_word' id='word_1_474' title='bbox 919 5175 1132 5230; x_wconf 86' lang='grc' dir='ltr'>δίδοται.</span> <span class='ocrx_word' id='word_1_475' title='bbox 1181 5178 1365 5234; x_wconf 76' lang='grc' dir='ltr'>Ταῦτα</span> <span class='ocrx_word' id='word_1_476' title='bbox 1538 5184 1631 5235; x_wconf 73' lang='grc' dir='ltr'>καὶ</span> <span class='ocrx_word' id='word_1_477' title='bbox 1682 5187 1745 5253; x_wconf 79' lang='grc' dir='ltr'>τῇ</span> <span class='ocrx_word' id='word_1_478' title='bbox 1779 5186 1841 5254; x_wconf 72' lang='grc' dir='ltr'><strong>σῇ</strong></span> 
     </span>
    </p>
   </div>
   <div class='ocr_carea' id='block_1_69' title="bbox 284 5262 1845 5335">
    <p class='ocr_par' dir='ltr' id='par_1_69' title="bbox 284 5262 1845 5335">
     <span class='ocr_line' id='line_1_69' title="bbox 284 5262 1845 5335; baseline 0.006 -20"><span class='ocrx_word' id='word_1_479' title='bbox 284 5262 533 5335; x_wconf 75' lang='grc' dir='ltr'>εὐσεόείᾳ</span> <span class='ocrx_word' id='word_1_480' title='bbox 553 5263 715 5333; x_wconf 85' lang='grc' dir='ltr'>δηλῶ,</span> <span class='ocrx_word' id='word_1_481' title='bbox 742 5264 979 5334; x_wconf 67' lang='grc' dir='ltr'>θαρρῶν,</span> <span class='ocrx_word' id='word_1_482' title='bbox 1016 5267 1096 5318; x_wconf 84' lang='grc' dir='ltr'>ὅτι</span> <span class='ocrx_word' id='word_1_483' title='bbox 1123 5268 1215 5319; x_wconf 61' lang='grc' dir='ltr'><strong>καὶ⁵</strong></span> <span class='ocrx_word' id='word_1_484' title='bbox 1246 5270 1313 5321; x_wconf 71' lang='grc' dir='ltr'>τὰ</span> <span class='ocrx_word' id='word_1_485' title='bbox 1339 5270 1559 5334; x_wconf 76' lang='grc' dir='ltr'>δόξαντα</span> <span class='ocrx_word' id='word_1_486' title='bbox 1590 5272 1845 5335; x_wconf 78' lang='grc' dir='ltr'>ἀποδέξε-</span> 
     </span>
    </p>
   </div>
   <div class='ocr_carea' id='block_1_70' title="bbox 281 5337 1845 5432">
    <p class='ocr_par' dir='ltr' id='par_1_70' title="bbox 281 5337 1845 5432">
     <span class='ocr_line' id='line_1_70' title="bbox 281 5337 1845 5432; baseline 0.005 -27"><span class='ocrx_word' id='word_1_487' title='bbox 281 5352 372 5405; x_wconf 89' lang='grc' dir='ltr'><strong>ταί</strong></span> <span class='ocrx_word' id='word_1_488' title='bbox 405 5368 496 5404; x_wconf 90' lang='grc' dir='ltr'><strong>σου</strong></span> <span class='ocrx_word' id='word_1_489' title='bbox 528 5355 558 5422; x_wconf 80' lang='grc' dir='ltr'>ἠ</span> <span class='ocrx_word' id='word_1_490' title='bbox 589 5337 884 5411; x_wconf 69' lang='grc' dir='ltr'>θεοσέϐεια.</span> <span class='ocrx_word' id='word_1_491' title='bbox 903 5356 993 5407; x_wconf 73' lang='grc' dir='ltr'>καὶ</span> <span class='ocrx_word' id='word_1_492' title='bbox 1024 5357 1083 5408; x_wconf 74' lang='grc' dir='ltr'><strong>οὐ</strong></span> <span class='ocrx_word' id='word_1_493' title='bbox 1119 5359 1520 5426; x_wconf 82' lang='grc' dir='ltr'>καταγνώσεται</span> <span class='ocrx_word' id='word_1_494' title='bbox 1543 5361 1845 5432; x_wconf 84' lang='grc' dir='ltr'>ἐκεχειρίας</span> 
     </span>
    </p>
   </div>
   <div class='ocr_carea' id='block_1_71' title="bbox 282 5439 1845 5520">
    <p class='ocr_par' dir='ltr' id='par_1_71' title="bbox 282 5439 1845 5520">
     <span class='ocr_line' id='line_1_71' title="bbox 282 5439 1845 5520; baseline 0.008 -29"><span class='ocrx_word' id='word_1_495' title='bbox 282 5439 390 5491; x_wconf 84' lang='grc' dir='ltr'><strong>τῶν</strong></span> <span class='ocrx_word' id='word_1_496' title='bbox 425 5440 784 5493; x_wconf 84' lang='grc' dir='ltr'>συνελθόντων</span> <span class='ocrx_word' id='word_1_497' title='bbox 816 5442 1003 5503; x_wconf 75' lang='grc' dir='ltr'>οὕτως.</span> <span class='ocrx_word' id='word_1_498' title='bbox 1055 5446 1403 5511; x_wconf 80' lang='grc' dir='ltr'>Καταξίωσον</span> <span class='ocrx_word' id='word_1_499' title='bbox 1454 5449 1511 5501; x_wconf 82' lang='grc' dir='ltr'>δὲ</span> <span class='ocrx_word' id='word_1_500' title='bbox 1540 5450 1680 5503; x_wconf 83' lang='grc' dir='ltr'>αὐτά</span> <span class='ocrx_word' id='word_1_501' title='bbox 1711 5452 1845 5520; x_wconf 66' lang='grc' dir='ltr'>ἀνατ</span> 
     </span>
    </p>
   </div>
   <div class='ocr_carea' id='block_1_72' title="bbox 283 5530 1841 5606">
    <p class='ocr_par' dir='ltr' id='par_1_72' title="bbox 283 5530 1841 5606">
     <span class='ocr_line' id='line_1_72' title="bbox 283 5530 1841 5606; baseline 0.008 -26"><span class='ocrx_word' id='word_1_502' title='bbox 283 5530 483 5597; x_wconf 77' lang='grc' dir='ltr'>γνῶναι</span> <span class='ocrx_word' id='word_1_503' title='bbox 516 5531 593 5599; x_wconf 81' lang='grc' dir='ltr'>τῷ</span> <span class='ocrx_word' id='word_1_504' title='bbox 630 5531 879 5600; x_wconf 84' lang='grc' dir='ltr'>ίερατείῳ</span> <span class='ocrx_word' id='word_1_505' title='bbox 902 5534 992 5585; x_wconf 76' lang='grc' dir='ltr'>καὶ</span> <span class='ocrx_word' id='word_1_506' title='bbox 1020 5534 1097 5603; x_wconf 80' lang='grc' dir='ltr'>τῷ</span> <span class='ocrx_word' id='word_1_507' title='bbox 1126 5535 1238 5605; x_wconf 89' lang='grc' dir='ltr'>λαῷ</span> <span class='ocrx_word' id='word_1_508' title='bbox 1275 5536 1352 5606; x_wconf 82' lang='grc' dir='ltr'>τῷ</span> <span class='ocrx_word' id='word_1_509' title='bbox 1384 5538 1487 5593; x_wconf 82' lang='grc' dir='ltr'><strong>ὑπὸ</strong></span> <span class='ocrx_word' id='word_1_510' title='bbox 1520 5540 1578 5591; x_wconf 82' lang='grc' dir='ltr'>σὲ</span> <span class='ocrx_word' id='word_1_511' title='bbox 1606 5577 1623 5600; x_wconf 85' lang='grc'><strong>,</strong></span> <span class='ocrx_word' id='word_1_512' title='bbox 1734 5541 1841 5604; x_wconf 78' lang='grc' dir='ltr'>ἵνα,</span> 
     </span>
    </p>
   </div>
   <div class='ocr_carea' id='block_1_73' title="bbox 285 5618 1846 5692">
    <p class='ocr_par' dir='ltr' id='par_1_73' title="bbox 285 5618 1846 5692">
     <span class='ocr_line' id='line_1_73' title="bbox 285 5618 1846 5692; baseline 0.008 -22"><span class='ocrx_word' id='word_1_513' title='bbox 285 5618 377 5671; x_wconf 76' lang='grc' dir='ltr'>καὶ</span> <span class='ocrx_word' id='word_1_514' title='bbox 402 5620 556 5671; x_wconf 74' lang='grc' dir='ltr'>αὐτοὶ</span> <span class='ocrx_word' id='word_1_515' title='bbox 586 5618 963 5687; x_wconf 85' lang='grc' dir='ltr'>γινώσκοντες,</span> <span class='ocrx_word' id='word_1_516' title='bbox 1000 5623 1072 5691; x_wconf 80' lang='grc' dir='ltr'>μὴ</span> <span class='ocrx_word' id='word_1_517' title='bbox 1106 5624 1423 5692; x_wconf 82' lang='grc' dir='ltr'>μέμφωνται</span> <span class='ocrx_word' id='word_1_518' title='bbox 1453 5627 1593 5688; x_wconf 79' lang='grc' dir='ltr'>οὕτω</span> <span class='ocrx_word' id='word_1_519' title='bbox 1624 5630 1681 5681; x_wconf 84' lang='grc' dir='ltr'><strong>σέ</strong></span> <span class='ocrx_word' id='word_1_520' title='bbox 1736 5630 1846 5682; x_wconf 88' lang='grc' dir='ltr'>δια-</span> 
     </span>
    </p>
   </div>
   <div class='ocr_carea' id='block_1_74' title="bbox 286 5706 1841 5786">
    <p class='ocr_par' dir='ltr' id='par_1_74' title="bbox 286 5706 1841 5786">
     <span class='ocr_line' id='line_1_74' title="bbox 286 5706 1841 5786; baseline 0.008 -29"><span class='ocrx_word' id='word_1_521' title='bbox 286 5706 529 5773; x_wconf 78' lang='grc' dir='ltr'>κείμενον</span> <span class='ocrx_word' id='word_1_522' title='bbox 556 5708 683 5777; x_wconf 71' lang='grc' dir='ltr'>περὶ</span> <span class='ocrx_word' id='word_1_523' title='bbox 714 5709 836 5771; x_wconf 80' lang='grc' dir='ltr'>τοὺς</span> <span class='ocrx_word' id='word_1_524' title='bbox 865 5710 1150 5774; x_wconf 76' lang='grc' dir='ltr'>τοιούτους.</span> <span class='ocrx_word' id='word_1_525' title='bbox 1200 5714 1466 5778; x_wconf 79' lang='grc' dir='ltr'>Ἀποεπές</span> <span class='ocrx_word' id='word_1_526' title='bbox 1512 5716 1617 5785; x_wconf 82' lang='grc' dir='ltr'><strong>γάρ</strong></span> <span class='ocrx_word' id='word_1_527' title='bbox 1646 5713 1709 5786; x_wconf 77' lang='grc' dir='ltr'>ἦν</span> <span class='ocrx_word' id='word_1_528' title='bbox 1746 5719 1841 5786; x_wconf 66' lang='grc' dir='ltr'>ἐμὲ</span> 
     </span>
    </p>
   </div>
   <div class='ocr_carea' id='block_1_75' title="bbox 1939 1890 3504 1964">
    <p class='ocr_par' dir='ltr' id='par_1_75' title="bbox 1939 1890 3504 1964">
     <span class='ocr_line' id='line_1_75' title="bbox 1939 1890 3504 1964; baseline 0.005 -20"><span class='ocrx_word' id='word_1_529' title='bbox 1939 1890 2201 1959; x_wconf 82' lang='lat' dir='ltr'><strong>scriptum</strong></span> <span class='ocrx_word' id='word_1_530' title='bbox 2236 1901 2319 1945; x_wconf 90' lang='lat' dir='ltr'><strong>est</strong></span> <span class='ocrx_word' id='word_1_531' title='bbox 2346 1893 2411 1955; x_wconf 80' lang='grc'><strong>⁵³,</strong></span> <span class='ocrx_word' id='word_1_532' title='bbox 2446 1894 2623 1961; x_wconf 77' lang='lat' dir='ltr'><strong>agnita</strong></span> <span class='ocrx_word' id='word_1_533' title='bbox 2653 1895 2895 1963; x_wconf 75' lang='lat' dir='ltr'><strong>lectaque</strong></span> <span class='ocrx_word' id='word_1_534' title='bbox 2926 1897 2979 1949; x_wconf 90' lang='lat' dir='ltr'><strong>in</strong></span> <span class='ocrx_word' id='word_1_535' title='bbox 3014 1898 3195 1951; x_wconf 89' lang='lat' dir='ltr'><strong>corde.</strong></span> <span class='ocrx_word' id='word_1_536' title='bbox 3227 1896 3317 1951; x_wconf 88' lang='lat' dir='ltr'><strong>Sic</strong></span> <span class='ocrx_word' id='word_1_537' title='bbox 3341 1898 3504 1964; x_wconf 70' lang='lat' dir='ltr'><strong>igitur</strong></span> 
     </span>
    </p>
   </div>
   <div class='ocr_carea' id='block_1_76' title="bbox 1941 1982 3505 2045">
    <p class='ocr_par' dir='ltr' id='par_1_76' title="bbox 1941 1982 3505 2045">
     <span class='ocr_line' id='line_1_76' title="bbox 1941 1982 3505 2045; baseline 0.002 -10"><span class='ocrx_word' id='word_1_538' title='bbox 1941 1982 2166 2043; x_wconf 90' lang='lat' dir='ltr'><strong>credito,</strong></span> <span class='ocrx_word' id='word_1_539' title='bbox 2203 1991 2254 2036; x_wconf 90' lang='lat' dir='ltr'><strong>et</strong></span> <span class='ocrx_word' id='word_1_540' title='bbox 2309 1982 2379 2035; x_wconf 87' lang='lat' dir='ltr'><strong>ita</strong></span> <span class='ocrx_word' id='word_1_541' title='bbox 2435 1984 2655 2037; x_wconf 79' lang='lat' dir='ltr'><strong>allectus</strong></span> <span class='ocrx_word' id='word_1_542' title='bbox 2685 1993 2824 2045; x_wconf 86' lang='lat' dir='ltr'><strong>esto,</strong></span> <span class='ocrx_word' id='word_1_543' title='bbox 2881 1984 3041 2038; x_wconf 88' lang='lat' dir='ltr'><strong>etiam</strong></span> <span class='ocrx_word' id='word_1_544' title='bbox 3067 1987 3290 2040; x_wconf 87' lang='lat' dir='ltr'><strong>credito.</strong></span> <span class='ocrx_word' id='word_1_545' title='bbox 3318 1987 3505 2040; x_wconf 88' lang='lat' dir='ltr'><strong>Saluto</strong></span> 
     </span>
    </p>
   </div>
   <div class='ocr_carea' id='block_1_77' title="bbox 1939 2072 3502 2142">
    <p class='ocr_par' dir='ltr' id='par_1_77' title="bbox 1939 2072 3502 2142">
     <span class='ocr_line' id='line_1_77' title="bbox 1939 2072 3502 2142; baseline 0.003 -17"><span class='ocrx_word' id='word_1_546' title='bbox 1939 2078 2013 2137; x_wconf 89' lang='lat' dir='ltr'><strong>te,</strong></span> <span class='ocrx_word' id='word_1_547' title='bbox 2047 2081 2189 2125; x_wconf 85' lang='lat' dir='ltr'><strong>etut.</strong></span> <span class='ocrx_word' id='word_1_548' title='bbox 2235 2072 2503 2127; x_wconf 81' lang='lat' dir='ltr'><strong>rescribas</strong></span> <span class='ocrx_word' id='word_1_549' title='bbox 2557 2073 2775 2140; x_wconf 85' lang='lat' dir='ltr'><strong>hortor;</strong></span> <span class='ocrx_word' id='word_1_550' title='bbox 2828 2090 2937 2128; x_wconf 89' lang='lat' dir='ltr'><strong>non</strong></span> <span class='ocrx_word' id='word_1_551' title='bbox 2987 2089 3176 2142; x_wconf 81' lang='lat' dir='ltr'><strong>parum</strong></span> <span class='ocrx_word' id='word_1_552' title='bbox 3202 2076 3366 2137; x_wconf 87' lang='lat' dir='ltr'><strong>enim,</strong></span> <span class='ocrx_word' id='word_1_553' title='bbox 3407 2075 3502 2129; x_wconf 88' lang='lat' dir='ltr'><strong>sed</strong></span> 
     </span>
    </p>
   </div>
   <div class='ocr_carea' id='block_1_78' title="bbox 1940 2162 3501 2230">
    <p class='ocr_par' dir='ltr' id='par_1_78' title="bbox 1940 2162 3501 2230">
     <span class='ocr_line' id='line_1_78' title="bbox 1940 2162 3501 2230; baseline 0.003 -17"><span class='ocrx_word' id='word_1_554' title='bbox 1940 2173 2283 2227; x_wconf 82' lang='lat' dir='ltr'><strong>summopere</strong></span> <span class='ocrx_word' id='word_1_555' title='bbox 2341 2174 2444 2224; x_wconf 85' lang='lat' dir='ltr'><strong>me,</strong></span> <span class='ocrx_word' id='word_1_556' title='bbox 2524 2162 2595 2215; x_wconf 88' lang='lat' dir='ltr'><strong>ita</strong></span> <span class='ocrx_word' id='word_1_557' title='bbox 2640 2162 2866 2230; x_wconf 80' lang='lat' dir='ltr'><strong>agendo,</strong></span> <span class='ocrx_word' id='word_1_558' title='bbox 2918 2163 3170 2216; x_wconf 83' lang='lat' dir='ltr'><strong>delectas.</strong></span> <span class='ocrx_word' id='word_1_559' title='bbox 3232 2162 3501 2227; x_wconf 83' lang='lat' dir='ltr'><strong>Quoniam</strong></span> 
     </span>
    </p>
   </div>
   <div class='ocr_carea' id='block_1_79' title="bbox 1940 2250 3503 2320">
    <p class='ocr_par' dir='ltr' id='par_1_79' title="bbox 1940 2250 3503 2320">
     <span class='ocr_line' id='line_1_79' title="bbox 1940 2250 3503 2320; baseline 0.003 -17"><span class='ocrx_word' id='word_1_560' title='bbox 1940 2258 2120 2303; x_wconf 78' lang='lat' dir='ltr'><strong>autem</strong></span> <span class='ocrx_word' id='word_1_561' title='bbox 2148 2250 2389 2305; x_wconf 81' lang='lat' dir='ltr'><strong>studiose</strong></span> <span class='ocrx_word' id='word_1_562' title='bbox 2414 2259 2468 2305; x_wconf 89' lang='lat' dir='ltr'><strong>et</strong></span> <span class='ocrx_word' id='word_1_563' title='bbox 2512 2252 2898 2315; x_wconf 80' lang='lat' dir='ltr'><strong>ccclesiastice,</strong></span> <span class='ocrx_word' id='word_1_564' title='bbox 2949 2260 3010 2305; x_wconf 90' lang='lat' dir='ltr'><strong>ut</strong></span> <span class='ocrx_word' id='word_1_565' title='bbox 3048 2252 3229 2320; x_wconf 84' lang='lat' dir='ltr'><strong>pietati</strong></span> <span class='ocrx_word' id='word_1_566' title='bbox 3254 2254 3503 2307; x_wconf 82' lang='lat' dir='ltr'><strong>convenit</strong></span> 
     </span>
    </p>
   </div>
   <div class='ocr_carea' id='block_1_80' title="bbox 1941 2339 3502 2411">
    <p class='ocr_par' dir='ltr' id='par_1_80' title="bbox 1941 2339 3502 2411">
     <span class='ocr_line' id='line_1_80' title="bbox 1941 2339 3502 2411; baseline 0.004 -21"><span class='ocrx_word' id='word_1_567' title='bbox 1941 2346 2069 2401; x_wconf 60' lang='lat' dir='ltr'><strong>tua,</strong></span> <span class='ocrx_word' id='word_1_568' title='bbox 2132 2339 2477 2410; x_wconf 77' lang='lat' dir='ltr'><strong>interrogasti</strong></span> <span class='ocrx_word' id='word_1_569' title='bbox 2534 2341 2600 2395; x_wconf 88' lang='lat' dir='ltr'><strong>de</strong></span> <span class='ocrx_word' id='word_1_570' title='bbox 2633 2341 2700 2395; x_wconf 89' lang='lat' dir='ltr'><strong>iis</strong></span> <span class='ocrx_word' id='word_1_571' title='bbox 2734 2341 2827 2409; x_wconf 89' lang='lat' dir='ltr'><strong>qui</strong></span> <span class='ocrx_word' id='word_1_572' title='bbox 2876 2341 2927 2395; x_wconf 88' lang='lat' dir='ltr'><strong>vi</strong></span> <span class='ocrx_word' id='word_1_573' title='bbox 2975 2343 3193 2411; x_wconf 85' lang='lat' dir='ltr'><strong>quidem</strong></span> <span class='ocrx_word' id='word_1_574' title='bbox 3223 2342 3502 2407; x_wconf 78' lang='lat' dir='ltr'><strong>subducti.</strong></span> 
     </span>
    </p>
   </div>
   <div class='ocr_carea' id='block_1_81' title="bbox 1940 2428 3505 2501">
    <p class='ocr_par' dir='ltr' id='par_1_81' title="bbox 1940 2428 3505 2501">
     <span class='ocr_line' id='line_1_81' title="bbox 1940 2428 3505 2501; baseline 0.005 -22"><span class='ocrx_word' id='word_1_575' title='bbox 1940 2428 2073 2496; x_wconf 83' lang='lat' dir='ltr'><strong>lapsi</strong></span> <span class='ocrx_word' id='word_1_576' title='bbox 2114 2439 2258 2491; x_wconf 86' lang='lat' dir='ltr'><strong>sunt,</strong></span> <span class='ocrx_word' id='word_1_577' title='bbox 2286 2446 2381 2485; x_wconf 90' lang='lat' dir='ltr'><strong>nec</strong></span> <span class='ocrx_word' id='word_1_578' title='bbox 2420 2441 2596 2485; x_wconf 89' lang='lat' dir='ltr'><strong>tamen</strong></span> <span class='ocrx_word' id='word_1_579' title='bbox 2619 2448 2783 2501; x_wconf 85' lang='lat' dir='ltr'><strong>prava</strong></span> <span class='ocrx_word' id='word_1_580' title='bbox 2826 2432 2929 2487; x_wconf 85' lang='lat' dir='ltr'><strong>llde</strong></span> <span class='ocrx_word' id='word_1_581' title='bbox 2988 2434 3269 2501; x_wconf 82' lang='lat' dir='ltr'><strong>corrupti:</strong></span> <span class='ocrx_word' id='word_1_582' title='bbox 3306 2442 3361 2487; x_wconf 85' lang='lat' dir='ltr'><strong>et</strong></span> <span class='ocrx_word' id='word_1_583' title='bbox 3409 2448 3505 2487; x_wconf 82' lang='lat' dir='ltr'><strong>vo-</strong></span> 
     </span>
    </p>
   </div>
   <div class='ocr_carea' id='block_1_82' title="bbox 1940 2518 3498 2594">
    <p class='ocr_par' dir='ltr' id='par_1_82' title="bbox 1940 2518 3498 2594">
     <span class='ocr_line' id='line_1_82' title="bbox 1940 2518 3498 2594; baseline 0.006 -24"><span class='ocrx_word' id='word_1_584' title='bbox 1940 2518 2088 2572; x_wconf 85' lang='lat' dir='ltr'><strong>luisti</strong></span> <span class='ocrx_word' id='word_1_585' title='bbox 2118 2535 2203 2573; x_wconf 88' lang='lat' dir='ltr'><strong>me</strong></span> <span class='ocrx_word' id='word_1_586' title='bbox 2236 2523 2555 2586; x_wconf 85' lang='lat' dir='ltr'><strong>rescribere,</strong></span> <span class='ocrx_word' id='word_1_587' title='bbox 2589 2538 2710 2592; x_wconf 71' lang='lat' dir='ltr'><strong>qua:</strong></span> <span class='ocrx_word' id='word_1_588' title='bbox 2733 2525 2797 2578; x_wconf 91' lang='lat' dir='ltr'><strong>de</strong></span> <span class='ocrx_word' id='word_1_589' title='bbox 2832 2525 2959 2587; x_wconf 85' lang='lat' dir='ltr'><strong>illis,</strong></span> <span class='ocrx_word' id='word_1_590' title='bbox 2990 2540 3114 2578; x_wconf 93' lang='lat' dir='ltr'><strong>cum</strong></span> <span class='ocrx_word' id='word_1_591' title='bbox 3147 2524 3199 2577; x_wconf 91' lang='lat' dir='ltr'><strong>in</strong></span> <span class='ocrx_word' id='word_1_592' title='bbox 3254 2525 3498 2594; x_wconf 82' lang='lat' dir='ltr'><strong>synodis,</strong></span> 
     </span>
    </p>
   </div>
   <div class='ocr_carea' id='block_1_83' title="bbox 1940 2611 3499 2681">
    <p class='ocr_par' dir='ltr' id='par_1_83' title="bbox 1940 2611 3499 2681">
     <span class='ocr_line' id='line_1_83' title="bbox 1940 2611 3499 2681; baseline 0.004 -18"><span class='ocrx_word' id='word_1_593' title='bbox 1940 2619 2051 2664; x_wconf 89' lang='lat' dir='ltr'><strong>tum</strong></span> <span class='ocrx_word' id='word_1_594' title='bbox 2081 2611 2277 2679; x_wconf 78' lang='lat' dir='ltr'><strong>ubique</strong></span> <span class='ocrx_word' id='word_1_595' title='bbox 2303 2614 2435 2668; x_wconf 87' lang='lat' dir='ltr'><strong>alias</strong></span> <span class='ocrx_word' id='word_1_596' title='bbox 2503 2615 2717 2669; x_wconf 82' lang='lat' dir='ltr'><strong>decreta</strong></span> <span class='ocrx_word' id='word_1_597' title='bbox 2770 2626 2929 2681; x_wconf 88' lang='lat' dir='ltr'><strong>sunt;</strong></span> <span class='ocrx_word' id='word_1_598' title='bbox 2987 2618 3124 2671; x_wconf 91' lang='lat' dir='ltr'><strong>scito</strong></span> <span class='ocrx_word' id='word_1_599' title='bbox 3174 2615 3397 2670; x_wconf 89' lang='lat' dir='ltr'><strong>Domine</strong></span> <span class='ocrx_word' id='word_1_600' title='bbox 3426 2618 3499 2669; x_wconf 90' lang='lat' dir='ltr'><strong>mi</strong></span> 
     </span>
    </p>
   </div>
   <div class='ocr_carea' id='block_1_84' title="bbox 1938 2699 3500 2773">
    <p class='ocr_par' dir='ltr' id='par_1_84' title="bbox 1938 2699 3500 2773">
     <span class='ocr_line' id='line_1_84' title="bbox 1938 2699 3500 2773; baseline 0.004 -22"><span class='ocrx_word' id='word_1_601' title='bbox 1938 2699 2307 2766; x_wconf 79' lang='lat' dir='ltr'><strong>Optatissime,</strong></span> <span class='ocrx_word' id='word_1_602' title='bbox 2375 2704 2428 2755; x_wconf 88' lang='lat' dir='ltr'><strong>in</strong></span> <span class='ocrx_word' id='word_1_603' title='bbox 2503 2703 2771 2772; x_wconf 87' lang='lat' dir='ltr'><strong>principio</strong></span> <span class='ocrx_word' id='word_1_604' title='bbox 2819 2704 3037 2773; x_wconf 87' lang='lat' dir='ltr'><strong>quidem</strong></span> <span class='ocrx_word' id='word_1_605' title='bbox 3090 2718 3212 2757; x_wconf 92' lang='lat' dir='ltr'><strong>cum</strong></span> <span class='ocrx_word' id='word_1_606' title='bbox 3271 2705 3353 2758; x_wconf 86' lang='lat' dir='ltr'><strong>vis</strong></span> <span class='ocrx_word' id='word_1_607' title='bbox 3410 2704 3500 2758; x_wconf 84' lang='lat' dir='ltr'><strong>illa</strong></span> 
     </span>
    </p>
   </div>
   <div class='ocr_carea' id='block_1_85' title="bbox 1938 2788 3503 2863">
    <p class='ocr_par' dir='ltr' id='par_1_85' title="bbox 1938 2788 3503 2863">
     <span class='ocr_line' id='line_1_85' title="bbox 1938 2788 3503 2863; baseline 0.001 -20"><span class='ocrx_word' id='word_1_608' title='bbox 1938 2788 2206 2854; x_wconf 84' lang='lat' dir='ltr'><strong>desiisset,</strong></span> <span class='ocrx_word' id='word_1_609' title='bbox 2241 2801 2480 2846; x_wconf 85' lang='lat' dir='ltr'><strong>coactam</strong></span> <span class='ocrx_word' id='word_1_610' title='bbox 2521 2794 2788 2863; x_wconf 83' lang='lat' dir='ltr'><strong>synodum</strong></span> <span class='ocrx_word' id='word_1_611' title='bbox 2840 2792 3009 2848; x_wconf 82' lang='lat' dir='ltr'><strong>fuisse</strong></span> <span class='ocrx_word' id='word_1_612' title='bbox 3056 2792 3188 2862; x_wconf 80' lang='lat'><strong>(99),</strong></span> <span class='ocrx_word' id='word_1_613' title='bbox 3222 2793 3503 2861; x_wconf 58' lang='lat' dir='ltr'><strong>praesenti-</strong></span> 
     </span>
    </p>
   </div>
   <div class='ocr_carea' id='block_1_86' title="bbox 1938 2878 3499 2951">
    <p class='ocr_par' dir='ltr' id='par_1_86' title="bbox 1938 2878 3499 2951">
     <span class='ocr_line' id='line_1_86' title="bbox 1938 2878 3499 2951; baseline 0.003 -20"><span class='ocrx_word' id='word_1_614' title='bbox 1938 2878 2043 2932; x_wconf 88' lang='lat' dir='ltr'><strong>bus</strong></span> <span class='ocrx_word' id='word_1_615' title='bbox 2073 2890 2378 2935; x_wconf 78' lang='lat' dir='ltr'><strong>exterarum</strong></span> <span class='ocrx_word' id='word_1_616' title='bbox 2404 2883 2638 2949; x_wconf 89' lang='lat' dir='ltr'><strong>partium</strong></span> <span class='ocrx_word' id='word_1_617' title='bbox 2671 2884 2943 2951; x_wconf 81' lang='lat' dir='ltr'><strong>episcopis</strong></span> <span class='ocrx_word' id='word_1_618' title='bbox 2977 2902 2989 2936; x_wconf 89' lang='lat'><strong>:</strong></span> <span class='ocrx_word' id='word_1_619' title='bbox 3020 2884 3344 2936; x_wconf 80' lang='lat' dir='ltr'><strong>celebratam</strong></span> <span class='ocrx_word' id='word_1_620' title='bbox 3372 2884 3499 2935; x_wconf 87' lang='lat' dir='ltr'><strong>item</strong></span> 
     </span>
    </p>
   </div>
   <div class='ocr_carea' id='block_1_87' title="bbox 1937 2969 3502 3043">
    <p class='ocr_par' dir='ltr' id='par_1_87' title="bbox 1937 2969 3502 3043">
     <span class='ocr_line' id='line_1_87' title="bbox 1937 2969 3502 3043; baseline 0.001 -18"><span class='ocrx_word' id='word_1_621' title='bbox 1937 2970 2099 3025; x_wconf 81' lang='lat' dir='ltr'><strong>aliam</strong></span> <span class='ocrx_word' id='word_1_622' title='bbox 2135 2969 2298 3024; x_wconf 80' lang='lat' dir='ltr'><strong>fuisse</strong></span> <span class='ocrx_word' id='word_1_623' title='bbox 2330 2972 2469 3039; x_wconf 87' lang='lat' dir='ltr'><strong>apud</strong></span> <span class='ocrx_word' id='word_1_624' title='bbox 2504 2972 2721 3026; x_wconf 73' lang='lat' dir='ltr'><strong>Crteciae</strong></span> <span class='ocrx_word' id='word_1_625' title='bbox 2768 2973 3191 3033; x_wconf 87' lang='lat' dir='ltr'><strong>comministros,</strong></span> <span class='ocrx_word' id='word_1_626' title='bbox 3225 2973 3502 3043; x_wconf 82' lang='lat' dir='ltr'><strong>nihiloque</strong></span> 
     </span>
    </p>
   </div>
   <div class='ocr_carea' id='block_1_88' title="bbox 1938 3058 3503 3130">
    <p class='ocr_par' dir='ltr' id='par_1_88' title="bbox 1938 3058 3503 3130">
     <span class='ocr_line' id='line_1_88' title="bbox 1938 3058 3503 3130; baseline 0.003 -18"><span class='ocrx_word' id='word_1_627' title='bbox 1938 3058 2115 3112; x_wconf 87' lang='lat' dir='ltr'><strong>secius</strong></span> <span class='ocrx_word' id='word_1_628' title='bbox 2142 3059 2277 3127; x_wconf 84' lang='lat' dir='ltr'><strong>apud</strong></span> <span class='ocrx_word' id='word_1_629' title='bbox 2306 3059 2427 3113; x_wconf 90' lang='lat' dir='ltr'><strong>illos</strong></span> <span class='ocrx_word' id='word_1_630' title='bbox 2465 3061 2558 3128; x_wconf 89' lang='lat' dir='ltr'><strong>qui</strong></span> <span class='ocrx_word' id='word_1_631' title='bbox 2613 3062 2665 3114; x_wconf 89' lang='lat' dir='ltr'><strong>iu</strong></span> <span class='ocrx_word' id='word_1_632' title='bbox 2709 3060 2966 3130; x_wconf 87' lang='lat' dir='ltr'><strong>llispania</strong></span> <span class='ocrx_word' id='word_1_633' title='bbox 3026 3071 3079 3115; x_wconf 88' lang='lat' dir='ltr'><strong>et</strong></span> <span class='ocrx_word' id='word_1_634' title='bbox 3110 3062 3162 3114; x_wconf 91' lang='lat' dir='ltr'><strong>in</strong></span> <span class='ocrx_word' id='word_1_635' title='bbox 3208 3060 3378 3116; x_wconf 86' lang='lat' dir='ltr'><strong>Gallia</strong></span> <span class='ocrx_word' id='word_1_636' title='bbox 3408 3063 3503 3116; x_wconf 90' lang='lat' dir='ltr'><strong>de-</strong></span> 
     </span>
    </p>
   </div>
   <div class='ocr_carea' id='block_1_89' title="bbox 1938 3150 3502 3219">
    <p class='ocr_par' dir='ltr' id='par_1_89' title="bbox 1938 3150 3502 3219">
     <span class='ocr_line' id='line_1_89' title="bbox 1938 3150 3502 3219; baseline 0.003 -19"><span class='ocrx_word' id='word_1_637' title='bbox 1938 3156 2071 3216; x_wconf 76' lang='lat' dir='ltr'><strong>gunt</strong></span> <span class='ocrx_word' id='word_1_638' title='bbox 2108 3168 2120 3202; x_wconf 90' lang='lat'><strong>:</strong></span> <span class='ocrx_word' id='word_1_639' title='bbox 2178 3159 2337 3217; x_wconf 89' lang='lat' dir='ltr'><strong>atque</strong></span> <span class='ocrx_word' id='word_1_640' title='bbox 2371 3150 2603 3218; x_wconf 85' lang='lat' dir='ltr'><strong>idipsum</strong></span> <span class='ocrx_word' id='word_1_641' title='bbox 2640 3150 2725 3206; x_wconf 90' lang='lat' dir='ltr'><strong>hic</strong></span> <span class='ocrx_word' id='word_1_642' title='bbox 2756 3160 2808 3204; x_wconf 91' lang='lat' dir='ltr'><strong>et</strong></span> <span class='ocrx_word' id='word_1_643' title='bbox 2852 3151 3052 3219; x_wconf 90' lang='lat' dir='ltr'><strong>ubique</strong></span> <span class='ocrx_word' id='word_1_644' title='bbox 3086 3150 3375 3217; x_wconf 85' lang='lat' dir='ltr'><strong>placuisse,</strong></span> <span class='ocrx_word' id='word_1_645' title='bbox 3416 3153 3502 3205; x_wconf 89' lang='lat' dir='ltr'><strong>ni-</strong></span> 
     </span>
    </p>
   </div>
   <div class='ocr_carea' id='block_1_90' title="bbox 1940 3234 3501 3308">
    <p class='ocr_par' dir='ltr' id='par_1_90' title="bbox 1940 3234 3501 3308">
     <span class='ocr_line' id='line_1_90' title="bbox 1940 3234 3501 3308; baseline 0.001 -20"><span class='ocrx_word' id='word_1_646' title='bbox 1940 3236 2134 3289; x_wconf 85' lang='lat' dir='ltr'><strong>mirum</strong></span> <span class='ocrx_word' id='word_1_647' title='bbox 2166 3247 2220 3290; x_wconf 91' lang='lat' dir='ltr'><strong>ut</strong></span> <span class='ocrx_word' id='word_1_648' title='bbox 2273 3237 2339 3291; x_wconf 89' lang='lat' dir='ltr'><strong>iis</strong></span> <span class='ocrx_word' id='word_1_649' title='bbox 2391 3238 2482 3305; x_wconf 91' lang='lat' dir='ltr'><strong>qui</strong></span> <span class='ocrx_word' id='word_1_650' title='bbox 2517 3237 2650 3308; x_wconf 89' lang='lat' dir='ltr'><strong>lapsi</strong></span> <span class='ocrx_word' id='word_1_651' title='bbox 2680 3247 2825 3297; x_wconf 85' lang='lat' dir='ltr'><strong>sunt,</strong></span> <span class='ocrx_word' id='word_1_652' title='bbox 2881 3236 2927 3290; x_wconf 86' lang='lat' dir='ltr'><strong>si</strong></span> <span class='ocrx_word' id='word_1_653' title='bbox 2970 3236 3260 3303; x_wconf 84' lang='lat' dir='ltr'><strong>impietatis</strong></span> <span class='ocrx_word' id='word_1_654' title='bbox 3300 3234 3501 3290; x_wconf 68' lang='lat' dir='ltr'><strong>luet-int</strong></span> 
     </span>
    </p>
   </div>
   <div class='ocr_carea' id='block_1_91' title="bbox 1937 3324 3497 3394">
    <p class='ocr_par' dir='ltr' id='par_1_91' title="bbox 1937 3324 3497 3394">
     <span class='ocr_line' id='line_1_91' title="bbox 1937 3324 3497 3394; baseline 0.003 -19"><span class='ocrx_word' id='word_1_655' title='bbox 1937 3324 2195 3393; x_wconf 67' lang='lat' dir='ltr'><strong>praefecti,</strong></span> <span class='ocrx_word' id='word_1_656' title='bbox 2226 3327 2379 3379; x_wconf 84' lang='lat' dir='ltr'><strong>venia</strong></span> <span class='ocrx_word' id='word_1_657' title='bbox 2412 3328 2763 3390; x_wconf 84' lang='lat' dir='ltr'><strong>concedatur,</strong></span> <span class='ocrx_word' id='word_1_658' title='bbox 2804 3326 2850 3379; x_wconf 92' lang='lat' dir='ltr'><strong>si</strong></span> <span class='ocrx_word' id='word_1_659' title='bbox 2905 3326 3122 3394; x_wconf 87' lang='lat' dir='ltr'><strong>quidem</strong></span> <span class='ocrx_word' id='word_1_660' title='bbox 3156 3325 3497 3394; x_wconf 87' lang='lat' dir='ltr'><strong>resipiscant,</strong></span> 
     </span>
    </p>
   </div>
   <div class='ocr_carea' id='block_1_92' title="bbox 1939 3415 3501 3483">
    <p class='ocr_par' dir='ltr' id='par_1_92' title="bbox 1939 3415 3501 3483">
     <span class='ocr_line' id='line_1_92' title="bbox 1939 3415 3501 3483; baseline 0.001 -16"><span class='ocrx_word' id='word_1_661' title='bbox 1939 3430 2037 3468; x_wconf 82' lang='lat' dir='ltr'><strong>nec</strong></span> <span class='ocrx_word' id='word_1_662' title='bbox 2061 3415 2216 3468; x_wconf 83' lang='lat' dir='ltr'><strong>detur</strong></span> <span class='ocrx_word' id='word_1_663' title='bbox 2244 3422 2424 3468; x_wconf 87' lang='lat' dir='ltr'><strong>tamen</strong></span> <span class='ocrx_word' id='word_1_664' title='bbox 2487 3416 2540 3469; x_wconf 89' lang='lat' dir='ltr'><strong>in</strong></span> <span class='ocrx_word' id='word_1_665' title='bbox 2577 3416 2723 3469; x_wconf 88' lang='lat' dir='ltr'><strong>clero</strong></span> <span class='ocrx_word' id='word_1_666' title='bbox 2754 3416 2907 3470; x_wconf 92' lang='lat' dir='ltr'><strong>locus</strong></span> <span class='ocrx_word' id='word_1_667' title='bbox 2944 3434 2958 3470; x_wconf 91' lang='lat'><strong>:</strong></span> <span class='ocrx_word' id='word_1_668' title='bbox 2992 3416 3058 3468; x_wconf 88' lang='lat' dir='ltr'><strong>iis</strong></span> <span class='ocrx_word' id='word_1_669' title='bbox 3094 3430 3220 3469; x_wconf 84' lang='lat' dir='ltr'><strong>vero</strong></span> <span class='ocrx_word' id='word_1_670' title='bbox 3255 3416 3347 3483; x_wconf 88' lang='lat' dir='ltr'><strong>qui</strong></span> <span class='ocrx_word' id='word_1_671' title='bbox 3397 3416 3501 3469; x_wconf 89' lang='lat' dir='ltr'><strong>im-</strong></span> 
     </span>
    </p>
   </div>
   <div class='ocr_carea' id='block_1_93' title="bbox 1939 3507 3499 3575">
    <p class='ocr_par' dir='ltr' id='par_1_93' title="bbox 1939 3507 3499 3575">
     <span class='ocr_line' id='line_1_93' title="bbox 1939 3507 3499 3575; baseline 0.001 -18"><span class='ocrx_word' id='word_1_672' title='bbox 1939 3507 2121 3574; x_wconf 89' lang='lat' dir='ltr'><strong>pietati</strong></span> <span class='ocrx_word' id='word_1_673' title='bbox 2159 3507 2480 3575; x_wconf 88' lang='lat' dir='ltr'><strong>patrocinati</strong></span> <span class='ocrx_word' id='word_1_674' title='bbox 2506 3522 2614 3560; x_wconf 90' lang='lat' dir='ltr'><strong>non</strong></span> <span class='ocrx_word' id='word_1_675' title='bbox 2648 3517 2797 3568; x_wconf 85' lang='lat' dir='ltr'><strong>sunt,</strong></span> <span class='ocrx_word' id='word_1_676' title='bbox 2827 3507 2919 3561; x_wconf 89' lang='lat' dir='ltr'><strong>sed</strong></span> <span class='ocrx_word' id='word_1_677' title='bbox 2950 3507 3266 3559; x_wconf 85' lang='lat' dir='ltr'><strong>necessitate</strong></span> <span class='ocrx_word' id='word_1_678' title='bbox 3295 3521 3357 3560; x_wconf 90' lang='lat' dir='ltr'><strong>ac</strong></span> <span class='ocrx_word' id='word_1_679' title='bbox 3384 3507 3499 3559; x_wconf 85' lang='lat' dir='ltr'><strong>vio-</strong></span> 
     </span>
    </p>
   </div>
   <div class='ocr_carea' id='block_1_94' title="bbox 1940 3593 3500 3657">
    <p class='ocr_par' dir='ltr' id='par_1_94' title="bbox 1940 3593 3500 3657">
     <span class='ocr_line' id='line_1_94' title="bbox 1940 3593 3500 3657; baseline 0.002 -12"><span class='ocrx_word' id='word_1_680' title='bbox 1940 3593 2102 3647; x_wconf 85' lang='lat' dir='ltr'><strong>lentia</strong></span> <span class='ocrx_word' id='word_1_681' title='bbox 2138 3596 2291 3650; x_wconf 87' lang='lat' dir='ltr'><strong>tracti</strong></span> <span class='ocrx_word' id='word_1_682' title='bbox 2330 3594 2499 3657; x_wconf 82' lang='lat' dir='ltr'><strong>luere,</strong></span> <span class='ocrx_word' id='word_1_683' title='bbox 2535 3594 2808 3650; x_wconf 88' lang='lat' dir='ltr'><strong>decretum</strong></span> <span class='ocrx_word' id='word_1_684' title='bbox 2854 3604 2956 3657; x_wconf 87' lang='lat' dir='ltr'><strong>est,</strong></span> <span class='ocrx_word' id='word_1_685' title='bbox 2992 3603 3051 3648; x_wconf 92' lang='lat' dir='ltr'><strong>ut</strong></span> <span class='ocrx_word' id='word_1_686' title='bbox 3077 3604 3130 3648; x_wconf 91' lang='lat' dir='ltr'><strong>ct</strong></span> <span class='ocrx_word' id='word_1_687' title='bbox 3162 3598 3316 3649; x_wconf 89' lang='lat' dir='ltr'><strong>venia</strong></span> <span class='ocrx_word' id='word_1_688' title='bbox 3370 3610 3500 3650; x_wconf 85' lang='lat' dir='ltr'><strong>con—</strong></span> 
     </span>
    </p>
   </div>
   <div class='ocr_carea' id='block_1_95' title="bbox 1936 3684 3499 3755">
    <p class='ocr_par' dir='ltr' id='par_1_95' title="bbox 1936 3684 3499 3755">
     <span class='ocr_line' id='line_1_95' title="bbox 1936 3684 3499 3755; baseline 0.003 -20"><span class='ocrx_word' id='word_1_689' title='bbox 1936 3688 2179 3749; x_wconf 83' lang='lat' dir='ltr'><strong>cedatur,</strong></span> <span class='ocrx_word' id='word_1_690' title='bbox 2204 3693 2255 3739; x_wconf 90' lang='lat' dir='ltr'><strong>et</strong></span> <span class='ocrx_word' id='word_1_691' title='bbox 2283 3684 2337 3739; x_wconf 93' lang='lat' dir='ltr'><strong>in</strong></span> <span class='ocrx_word' id='word_1_692' title='bbox 2370 3685 2515 3739; x_wconf 84' lang='lat' dir='ltr'><strong>clero</strong></span> <span class='ocrx_word' id='word_1_693' title='bbox 2539 3684 2696 3740; x_wconf 79' lang='lat' dir='ltr'><strong>detur</strong></span> <span class='ocrx_word' id='word_1_694' title='bbox 2725 3684 2911 3747; x_wconf 88' lang='lat' dir='ltr'><strong>locus;</strong></span> <span class='ocrx_word' id='word_1_695' title='bbox 2976 3685 3321 3752; x_wconf 90' lang='lat' dir='ltr'><strong>potissimum</strong></span> <span class='ocrx_word' id='word_1_696' title='bbox 3371 3686 3499 3755; x_wconf 79' lang='lat' dir='ltr'><strong>quia</strong></span> 
     </span>
    </p>
   </div>
   <div class='ocr_carea' id='block_1_96' title="bbox 1937 3773 3498 3843">
    <p class='ocr_par' dir='ltr' id='par_1_96' title="bbox 1937 3773 3498 3843">
     <span class='ocr_line' id='line_1_96' title="bbox 1937 3773 3498 3843; baseline 0.003 -17"><span class='ocrx_word' id='word_1_697' title='bbox 1937 3781 2357 3826; x_wconf 80' lang='lat' dir='ltr'><strong>consentaneum</strong></span> <span class='ocrx_word' id='word_1_698' title='bbox 2404 3773 2704 3828; x_wconf 88' lang='lat' dir='ltr'><strong>attulerunt</strong></span> <span class='ocrx_word' id='word_1_699' title='bbox 2758 3774 3186 3836; x_wconf 81' lang='lat' dir='ltr'><strong>excusationem,</strong></span> <span class='ocrx_word' id='word_1_700' title='bbox 3255 3784 3307 3828; x_wconf 92' lang='lat' dir='ltr'><strong>et</strong></span> <span class='ocrx_word' id='word_1_701' title='bbox 3354 3778 3498 3843; x_wconf 85' lang='lat' dir='ltr'><strong>quod</strong></span> 
     </span>
    </p>
   </div>
   <div class='ocr_carea' id='block_1_97' title="bbox 1936 3863 3501 3931">
    <p class='ocr_par' dir='ltr' id='par_1_97' title="bbox 1936 3863 3501 3931">
     <span class='ocr_line' id='line_1_97' title="bbox 1936 3863 3501 3931; baseline 0.002 -16"><span class='ocrx_word' id='word_1_702' title='bbox 1936 3864 2236 3916; x_wconf 70' lang='lat' dir='ltr'><strong>meonomia</strong></span> <span class='ocrx_word' id='word_1_703' title='bbox 2272 3864 2505 3931; x_wconf 88' lang='lat' dir='ltr'><strong>quadam</strong></span> <span class='ocrx_word' id='word_1_704' title='bbox 2536 3864 2588 3917; x_wconf 91' lang='lat' dir='ltr'><strong>id</strong></span> <span class='ocrx_word' id='word_1_705' title='bbox 2621 3863 2822 3918; x_wconf 83' lang='lat' dir='ltr'><strong>factum</strong></span> <span class='ocrx_word' id='word_1_706' title='bbox 2867 3865 3130 3919; x_wconf 87' lang='lat' dir='ltr'><strong>videatur.</strong></span> <span class='ocrx_word' id='word_1_707' title='bbox 3151 3863 3501 3918; x_wconf 79' lang='lat' dir='ltr'><strong>Allirmabant</strong></span> 
     </span>
    </p>
   </div>
   <div class='ocr_carea' id='block_1_98' title="bbox 1936 3949 3497 4021">
    <p class='ocr_par' dir='ltr' id='par_1_98' title="bbox 1936 3949 3497 4021">
     <span class='ocr_line' id='line_1_98' title="bbox 1936 3949 3497 4021; baseline 0.004 -21"><span class='ocrx_word' id='word_1_708' title='bbox 1936 3949 2134 4015; x_wconf 88' lang='lat' dir='ltr'><strong>quippe</strong></span> <span class='ocrx_word' id='word_1_709' title='bbox 2156 3964 2213 4003; x_wconf 90' lang='lat' dir='ltr'><strong>se</strong></span> <span class='ocrx_word' id='word_1_710' title='bbox 2239 3950 2464 4005; x_wconf 87' lang='lat' dir='ltr'><strong>minime</strong></span> <span class='ocrx_word' id='word_1_711' title='bbox 2493 3952 2545 4005; x_wconf 92' lang='lat' dir='ltr'><strong>in</strong></span> <span class='ocrx_word' id='word_1_712' title='bbox 2575 3952 2906 4021; x_wconf 84' lang='lat' dir='ltr'><strong>impietatem</strong></span> <span class='ocrx_word' id='word_1_713' title='bbox 2939 3952 3121 4021; x_wconf 88' lang='lat' dir='ltr'><strong>lapsos</strong></span> <span class='ocrx_word' id='word_1_714' title='bbox 3168 3952 3336 4007; x_wconf 81' lang='lat' dir='ltr'><strong>fuisse</strong></span> <span class='ocrx_word' id='word_1_715' title='bbox 3366 3970 3377 4005; x_wconf 89' lang='lat'>:</span> <span class='ocrx_word' id='word_1_716' title='bbox 3405 3954 3497 4006; x_wconf 86' lang='lat' dir='ltr'><strong>sed</strong></span> 
     </span>
    </p>
   </div>
   <div class='ocr_carea' id='block_1_99' title="bbox 1938 4037 3497 4109">
    <p class='ocr_par' dir='ltr' id='par_1_99' title="bbox 1938 4037 3497 4109">
     <span class='ocr_line' id='line_1_99' title="bbox 1938 4037 3497 4109; baseline 0.003 -19"><span class='ocrx_word' id='word_1_717' title='bbox 1938 4051 2003 4090; x_wconf 89' lang='lat' dir='ltr'><strong>ne</strong></span> <span class='ocrx_word' id='word_1_718' title='bbox 2050 4037 2361 4106; x_wconf 89' lang='lat' dir='ltr'><strong>impiissimi</strong></span> <span class='ocrx_word' id='word_1_719' title='bbox 2411 4040 2631 4108; x_wconf 92' lang='lat' dir='ltr'><strong>quidam</strong></span> <span class='ocrx_word' id='word_1_720' title='bbox 2688 4042 2936 4097; x_wconf 79' lang='lat' dir='ltr'><strong>homines</strong></span> <span class='ocrx_word' id='word_1_721' title='bbox 3003 4042 3067 4095; x_wconf 90' lang='lat' dir='ltr'><strong>ad</strong></span> <span class='ocrx_word' id='word_1_722' title='bbox 3123 4043 3497 4109; x_wconf 88' lang='lat' dir='ltr'><strong>episcopatum</strong></span> 
     </span>
    </p>
   </div>
   <div class='ocr_carea' id='block_1_100' title="bbox 1934 4123 3499 4196">
    <p class='ocr_par' dir='ltr' id='par_1_100' title="bbox 1934 4123 3499 4196">
     <span class='ocr_line' id='line_1_100' title="bbox 1934 4123 3499 4196; baseline 0.003 -19"><span class='ocrx_word' id='word_1_723' title='bbox 1934 4126 2125 4189; x_wconf 79' lang='lat' dir='ltr'><strong>evecti,</strong></span> <span class='ocrx_word' id='word_1_724' title='bbox 2156 4123 2429 4180; x_wconf 87' lang='lat' dir='ltr'><strong>Ecclesias</strong></span> <span class='ocrx_word' id='word_1_725' title='bbox 2489 4138 2917 4196; x_wconf 89' lang='lat' dir='ltr'><strong>corrumperent,</strong></span> <span class='ocrx_word' id='word_1_726' title='bbox 2970 4143 3029 4183; x_wconf 88' lang='lat' dir='ltr'><strong>se</strong></span> <span class='ocrx_word' id='word_1_727' title='bbox 3077 4130 3333 4183; x_wconf 88' lang='lat' dir='ltr'><strong>maluisse</strong></span> <span class='ocrx_word' id='word_1_728' title='bbox 3375 4144 3499 4183; x_wconf 89' lang='lat' dir='ltr'><strong>cum</strong></span> 
     </span>
    </p>
   </div>
   <div class='ocr_carea' id='block_1_101' title="bbox 1936 4213 3499 4287">
    <p class='ocr_par' dir='ltr' id='par_1_101' title="bbox 1936 4213 3499 4287">
     <span class='ocr_line' id='line_1_101' title="bbox 1936 4213 3499 4287; baseline 0.004 -22"><span class='ocrx_word' id='word_1_729' title='bbox 1936 4213 2188 4270; x_wconf 77' lang='lat' dir='ltr'><strong>violentia</strong></span> <span class='ocrx_word' id='word_1_730' title='bbox 2245 4231 2599 4279; x_wconf 86' lang='lat' dir='ltr'><strong>concurrere,</strong></span> <span class='ocrx_word' id='word_1_731' title='bbox 2655 4226 2706 4271; x_wconf 89' lang='lat' dir='ltr'><strong>et</strong></span> <span class='ocrx_word' id='word_1_732' title='bbox 2774 4217 2826 4271; x_wconf 89' lang='lat' dir='ltr'><strong>id</strong></span> <span class='ocrx_word' id='word_1_733' title='bbox 2883 4219 3064 4273; x_wconf 87' lang='lat' dir='ltr'><strong>oneris</strong></span> <span class='ocrx_word' id='word_1_734' title='bbox 3122 4217 3283 4281; x_wconf 78' lang='lat' dir='ltr'><strong>ferre,</strong></span> <span class='ocrx_word' id='word_1_735' title='bbox 3337 4234 3499 4287; x_wconf 87' lang='lat' dir='ltr'><strong>quam</strong></span> 
     </span>
    </p>
   </div>
   <div class='ocr_carea' id='block_1_102' title="bbox 1934 4303 3500 4377">
    <p class='ocr_par' dir='ltr' id='par_1_102' title="bbox 1934 4303 3500 4377">
     <span class='ocr_line' id='line_1_102' title="bbox 1934 4303 3500 4377; baseline 0.004 -23"><span class='ocrx_word' id='word_1_736' title='bbox 1934 4303 2164 4370; x_wconf 90' lang='lat' dir='ltr'><strong>populos</strong></span> <span class='ocrx_word' id='word_1_737' title='bbox 2194 4304 2437 4374; x_wconf 88' lang='lat' dir='ltr'><strong>perdere.</strong></span> <span class='ocrx_word' id='word_1_738' title='bbox 2495 4303 2620 4360; x_wconf 58' lang='lat' dir='ltr'><strong>“asc</strong></span> <span class='ocrx_word' id='word_1_739' title='bbox 2677 4305 2752 4358; x_wconf 90' lang='lat' dir='ltr'><strong>illi</strong></span> <span class='ocrx_word' id='word_1_740' title='bbox 2794 4307 2951 4359; x_wconf 85' lang='lat' dir='ltr'><strong>verba</strong></span> <span class='ocrx_word' id='word_1_741' title='bbox 2986 4322 3094 4360; x_wconf 90' lang='lat' dir='ltr'><strong>non</strong></span> <span class='ocrx_word' id='word_1_742' title='bbox 3121 4307 3218 4362; x_wconf 86' lang='lat' dir='ltr'><strong>ahs</strong></span> <span class='ocrx_word' id='word_1_743' title='bbox 3242 4324 3299 4361; x_wconf 90' lang='lat' dir='ltr'><strong>re</strong></span> <span class='ocrx_word' id='word_1_744' title='bbox 3353 4308 3500 4377; x_wconf 88' lang='lat' dir='ltr'><strong>loqui</strong></span> 
     </span>
    </p>
   </div>
   <div class='ocr_carea' id='block_1_103' title="bbox 1935 4390 3500 4468">
    <p class='ocr_par' dir='ltr' id='par_1_103' title="bbox 1935 4390 3500 4468">
     <span class='ocr_line' id='line_1_103' title="bbox 1935 4390 3500 4468; baseline 0.006 -25"><span class='ocrx_word' id='word_1_745' title='bbox 1935 4390 2094 4447; x_wconf 89' lang='lat' dir='ltr'><strong>nobis</strong></span> <span class='ocrx_word' id='word_1_746' title='bbox 2118 4393 2218 4446; x_wconf 92' lang='lat' dir='ltr'><strong>visi</strong></span> <span class='ocrx_word' id='word_1_747' title='bbox 2260 4404 2387 4448; x_wconf 85' lang='lat' dir='ltr'><strong>sunt</strong></span> <span class='ocrx_word' id='word_1_748' title='bbox 2420 4413 2433 4449; x_wconf 90' lang='lat'><strong>:</strong></span> <span class='ocrx_word' id='word_1_749' title='bbox 2495 4397 2641 4465; x_wconf 91' lang='lat' dir='ltr'><strong>quod</strong></span> <span class='ocrx_word' id='word_1_750' title='bbox 2700 4398 2935 4451; x_wconf 61' lang='lat' dir='ltr'><strong>masime</strong></span> <span class='ocrx_word' id='word_1_751' title='bbox 2968 4398 3068 4465; x_wconf 90' lang='lat' dir='ltr'><strong>ipsi</strong></span> <span class='ocrx_word' id='word_1_752' title='bbox 3116 4399 3167 4451; x_wconf 91' lang='lat' dir='ltr'><strong>in</strong></span> <span class='ocrx_word' id='word_1_753' title='bbox 3196 4400 3500 4468; x_wconf 81' lang='lat' dir='ltr'><strong>exemplum</strong></span> 
     </span>
    </p>
   </div>
   <div class='ocr_carea' id='block_1_104' title="bbox 1939 4478 3501 4547">
    <p class='ocr_par' dir='ltr' id='par_1_104' title="bbox 1939 4478 3501 4547">
     <span class='ocr_line' id='line_1_104' title="bbox 1939 4478 3501 4547; baseline 0.001 -16"><span class='ocrx_word' id='word_1_754' title='bbox 1939 4478 2209 4544; x_wconf 75' lang='lat' dir='ltr'><strong>all‘errent,</strong></span> <span class='ocrx_word' id='word_1_755' title='bbox 2244 4482 2532 4545; x_wconf 81' lang='lat' dir='ltr'><strong>Aaronem,</strong></span> <span class='ocrx_word' id='word_1_756' title='bbox 2558 4478 2755 4547; x_wconf 81' lang='lat' dir='ltr'><strong>Moysis</strong></span> <span class='ocrx_word' id='word_1_757' title='bbox 2786 4478 3025 4541; x_wconf 81' lang='lat' dir='ltr'><strong>fratrem,</strong></span> <span class='ocrx_word' id='word_1_758' title='bbox 3066 4480 3117 4532; x_wconf 90' lang='lat' dir='ltr'><strong>in</strong></span> <span class='ocrx_word' id='word_1_759' title='bbox 3149 4481 3360 4531; x_wconf 74' lang='lat' dir='ltr'><strong>deserto</strong></span> <span class='ocrx_word' id='word_1_760' title='bbox 3404 4492 3501 4546; x_wconf 88' lang='lat' dir='ltr'><strong>po-</strong></span> 
     </span>
    </p>
   </div>
   <div class='ocr_carea' id='block_1_105' title="bbox 1950 4568 3498 4637">
    <p class='ocr_par' dir='ltr' id='par_1_105' title="bbox 1950 4568 3498 4637">
     <span class='ocr_line' id='line_1_105' title="bbox 1950 4568 3498 4637; baseline 0.001 -18"><span class='ocrx_word' id='word_1_761' title='bbox 1950 4568 2059 4635; x_wconf 89' lang='lat' dir='ltr'><strong>puli</strong></span> <span class='ocrx_word' id='word_1_762' title='bbox 2084 4570 2508 4637; x_wconf 66' lang='lat' dir='ltr'><strong>prazvaricationi</strong></span> <span class='ocrx_word' id='word_1_763' title='bbox 2536 4570 2881 4623; x_wconf 80' lang='lat' dir='ltr'><strong>concurrisse</strong></span> <span class='ocrx_word' id='word_1_764' title='bbox 3006 4583 3020 4621; x_wconf 89' lang='lat'><strong>:</strong></span> <span class='ocrx_word' id='word_1_765' title='bbox 3156 4568 3295 4620; x_wconf 90' lang='lat' dir='ltr'><strong>hanc</strong></span> <span class='ocrx_word' id='word_1_766' title='bbox 3322 4578 3498 4620; x_wconf 85' lang='lat' dir='ltr'><strong>tamen</strong></span> 
     </span>
    </p>
   </div>
   <div class='ocr_carea' id='block_1_106' title="bbox 1948 4657 3501 4728">
    <p class='ocr_par' dir='ltr' id='par_1_106' title="bbox 1948 4657 3501 4728">
     <span class='ocr_line' id='line_1_106' title="bbox 1948 4657 3501 4728; baseline -0.001 -18"><span class='ocrx_word' id='word_1_767' title='bbox 1948 4660 2351 4713; x_wconf 78' lang='lat' dir='ltr'><strong>excusationem</strong></span> <span class='ocrx_word' id='word_1_768' title='bbox 2414 4659 2690 4722; x_wconf 83' lang='lat' dir='ltr'><strong>habuisse,</strong></span> <span class='ocrx_word' id='word_1_769' title='bbox 2762 4675 2832 4712; x_wconf 88' lang='lat' dir='ltr'><strong>ne</strong></span> <span class='ocrx_word' id='word_1_770' title='bbox 2896 4657 3129 4728; x_wconf 85' lang='lat' dir='ltr'><strong>populus</strong></span> <span class='ocrx_word' id='word_1_771' title='bbox 3182 4658 3385 4711; x_wconf 82' lang='lat' dir='ltr'><strong>scilicet</strong></span> <span class='ocrx_word' id='word_1_772' title='bbox 3447 4658 3501 4709; x_wconf 91' lang='lat' dir='ltr'><strong>in</strong></span> 
     </span>
    </p>
   </div>
   <div class='ocr_carea' id='block_1_107' title="bbox 1946 4745 3501 4816">
    <p class='ocr_par' dir='ltr' id='par_1_107' title="bbox 1946 4745 3501 4816">
     <span class='ocr_line' id='line_1_107' title="bbox 1946 4745 3501 4816; baseline -0.001 -17"><span class='ocrx_word' id='word_1_773' title='bbox 1946 4745 2235 4816; x_wconf 60' lang='lat' dir='ltr'><strong>Egyptum</strong></span> <span class='ocrx_word' id='word_1_774' title='bbox 2262 4762 2511 4802; x_wconf 87' lang='lat' dir='ltr'><strong>reversus</strong></span> <span class='ocrx_word' id='word_1_775' title='bbox 2541 4748 2594 4801; x_wconf 89' lang='lat' dir='ltr'><strong>in</strong></span> <span class='ocrx_word' id='word_1_776' title='bbox 2622 4747 2918 4802; x_wconf 86' lang='lat' dir='ltr'><strong>idololatria</strong></span> <span class='ocrx_word' id='word_1_777' title='bbox 2954 4755 3290 4816; x_wconf 86' lang='lat' dir='ltr'><strong>permaneret</strong></span> <span class='ocrx_word' id='word_1_778' title='bbox 3325 4765 3338 4800; x_wconf 89' lang='lat'><strong>:</strong></span> <span class='ocrx_word' id='word_1_779' title='bbox 3376 4761 3501 4799; x_wconf 89' lang='lat' dir='ltr'><strong>nam</strong></span> 
     </span>
    </p>
   </div>
   <div class='ocr_carea' id='block_1_108' title="bbox 1947 4835 3500 4903">
    <p class='ocr_par' dir='ltr' id='par_1_108' title="bbox 1947 4835 3500 4903">
     <span class='ocr_line' id='line_1_108' title="bbox 1947 4835 3500 4903; baseline -0.001 -14"><span class='ocrx_word' id='word_1_780' title='bbox 1947 4837 1997 4890; x_wconf 90' lang='lat' dir='ltr'><strong>id</strong></span> <span class='ocrx_word' id='word_1_781' title='bbox 2033 4837 2225 4890; x_wconf 88' lang='lat' dir='ltr'><strong>rationi</strong></span> <span class='ocrx_word' id='word_1_782' title='bbox 2253 4845 2395 4891; x_wconf 88' lang='lat' dir='ltr'><strong>certe</strong></span> <span class='ocrx_word' id='word_1_783' title='bbox 2428 4846 2851 4892; x_wconf 85' lang='lat' dir='ltr'><strong>consentaneum</strong></span> <span class='ocrx_word' id='word_1_784' title='bbox 2891 4836 3205 4899; x_wconf 78' lang='lat' dir='ltr'><strong>videbatur;</strong></span> <span class='ocrx_word' id='word_1_785' title='bbox 3234 4835 3500 4903; x_wconf 87' lang='lat' dir='ltr'><strong>siquidem</strong></span> 
     </span>
    </p>
   </div>
   <div class='ocr_carea' id='block_1_109' title="bbox 1946 4916 3499 4990">
    <p class='ocr_par' dir='ltr' id='par_1_109' title="bbox 1946 4916 3499 4990">
     <span class='ocr_line' id='line_1_109' title="bbox 1946 4916 3499 4990; baseline 0.001 -17"><span class='ocrx_word' id='word_1_786' title='bbox 1946 4920 1999 4973; x_wconf 91' lang='lat' dir='ltr'><strong>in</strong></span> <span class='ocrx_word' id='word_1_787' title='bbox 2033 4922 2247 4974; x_wconf 83' lang='lat' dir='ltr'><strong>deserto</strong></span> <span class='ocrx_word' id='word_1_788' title='bbox 2299 4916 2623 4986; x_wconf 76' lang='lat' dir='ltr'><strong>&#39;manentes,</strong></span> <span class='ocrx_word' id='word_1_789' title='bbox 2692 4930 2942 4990; x_wconf 87' lang='lat' dir='ltr'><strong>poterant</strong></span> <span class='ocrx_word' id='word_1_790' title='bbox 2999 4922 3289 4989; x_wconf 88' lang='lat' dir='ltr'><strong>impietatis</strong></span> <span class='ocrx_word' id='word_1_791' title='bbox 3338 4923 3499 4975; x_wconf 88' lang='lat' dir='ltr'><strong>linem</strong></span> 
     </span>
    </p>
   </div>
   <div class='ocr_carea' id='block_1_110' title="bbox 1946 5006 3499 5078">
    <p class='ocr_par' dir='ltr' id='par_1_110' title="bbox 1946 5006 3499 5078">
     <span class='ocr_line' id='line_1_110' title="bbox 1946 5006 3499 5078; baseline -0.001 -17"><span class='ocrx_word' id='word_1_792' title='bbox 1946 5007 2137 5071; x_wconf 80' lang='lat' dir='ltr'><strong>facere,</strong></span> <span class='ocrx_word' id='word_1_793' title='bbox 2164 5008 2246 5061; x_wconf 90' lang='lat' dir='ltr'><strong>sin</strong></span> <span class='ocrx_word' id='word_1_794' title='bbox 2279 5017 2456 5062; x_wconf 86' lang='lat' dir='ltr'><strong>autem</strong></span> <span class='ocrx_word' id='word_1_795' title='bbox 2487 5009 2537 5062; x_wconf 93' lang='lat' dir='ltr'><strong>in</strong></span> <span class='ocrx_word' id='word_1_796' title='bbox 2576 5008 2865 5078; x_wconf 61' lang='lat' dir='ltr'><strong>[Egyptnm</strong></span> <span class='ocrx_word' id='word_1_797' title='bbox 2917 5009 3141 5075; x_wconf 73' lang='lat' dir='ltr'><strong>ingressi</strong></span> <span class='ocrx_word' id='word_1_798' title='bbox 3165 5006 3410 5067; x_wconf 82' lang='lat' dir='ltr'><strong>fuissent,</strong></span> <span class='ocrx_word' id='word_1_799' title='bbox 3444 5007 3499 5060; x_wconf 90' lang='lat' dir='ltr'><strong>in</strong></span> 
     </span>
    </p>
   </div>
   <div class='ocr_carea' id='block_1_111' title="bbox 1947 5096 3499 5167">
    <p class='ocr_par' dir='ltr' id='par_1_111' title="bbox 1947 5096 3499 5167">
     <span class='ocr_line' id='line_1_111' title="bbox 1947 5096 3499 5167; baseline -0.001 -17"><span class='ocrx_word' id='word_1_800' title='bbox 1947 5100 2215 5166; x_wconf 89' lang='lat' dir='ltr'><strong>impietate</strong></span> <span class='ocrx_word' id='word_1_801' title='bbox 2253 5098 2449 5150; x_wconf 73' lang='lat' dir='ltr'><strong>versati</strong></span> <span class='ocrx_word' id='word_1_802' title='bbox 2476 5098 2726 5167; x_wconf 88' lang='lat' dir='ltr'><strong>auctique</strong></span> <span class='ocrx_word' id='word_1_803' title='bbox 2761 5097 3011 5151; x_wconf 81' lang='lat' dir='ltr'><strong>fuissent.</strong></span> <span class='ocrx_word' id='word_1_804' title='bbox 3068 5096 3401 5165; x_wconf 85' lang='lat' dir='ltr'><strong>Quapropter</strong></span> <span class='ocrx_word' id='word_1_805' title='bbox 3430 5097 3499 5150; x_wconf 81' lang='lat' dir='ltr'><strong>ad</strong></span> 
     </span>
    </p>
   </div>
   <div class='ocr_carea' id='block_1_112' title="bbox 1942 5184 3501 5253">
    <p class='ocr_par' dir='ltr' id='par_1_112' title="bbox 1942 5184 3501 5253">
     <span class='ocr_line' id='line_1_112' title="bbox 1942 5184 3501 5253; baseline 0 -15"><span class='ocrx_word' id='word_1_806' title='bbox 1942 5186 2144 5239; x_wconf 84' lang='lat' dir='ltr'><strong>clerum</strong></span> <span class='ocrx_word' id='word_1_807' title='bbox 2178 5185 2381 5238; x_wconf 87' lang='lat' dir='ltr'><strong>reditus</strong></span> <span class='ocrx_word' id='word_1_808' title='bbox 2405 5184 2509 5238; x_wconf 84' lang='lat' dir='ltr'><strong>illis</strong></span> <span class='ocrx_word' id='word_1_809' title='bbox 2532 5199 2822 5239; x_wconf 85' lang='lat' dir='ltr'><strong>concessus</strong></span> <span class='ocrx_word' id='word_1_810' title='bbox 2847 5194 2965 5249; x_wconf 88' lang='lat' dir='ltr'><strong>est;</strong></span> <span class='ocrx_word' id='word_1_811' title='bbox 3012 5184 3079 5239; x_wconf 89' lang='lat' dir='ltr'><strong>iis</strong></span> <span class='ocrx_word' id='word_1_812' title='bbox 3122 5185 3265 5238; x_wconf 87' lang='lat' dir='ltr'><strong>enim</strong></span> <span class='ocrx_word' id='word_1_813' title='bbox 3292 5186 3383 5253; x_wconf 87' lang='lat' dir='ltr'><strong>qui</strong></span> <span class='ocrx_word' id='word_1_814' title='bbox 3411 5187 3501 5238; x_wconf 81' lang='lat' dir='ltr'><strong>de-</strong></span> 
     </span>
    </p>
   </div>
   <div class='ocr_carea' id='block_1_113' title="bbox 1942 5271 3501 5342">
    <p class='ocr_par' dir='ltr' id='par_1_113' title="bbox 1942 5271 3501 5342">
     <span class='ocr_line' id='line_1_113' title="bbox 1942 5271 3501 5342; baseline 0.001 -15"><span class='ocrx_word' id='word_1_815' title='bbox 1942 5275 2078 5342; x_wconf 88' lang='lat' dir='ltr'><strong>cepti</strong></span> <span class='ocrx_word' id='word_1_816' title='bbox 2113 5283 2164 5328; x_wconf 88' lang='lat' dir='ltr'><strong>et</strong></span> <span class='ocrx_word' id='word_1_817' title='bbox 2190 5273 2297 5326; x_wconf 89' lang='lat' dir='ltr'><strong>vim</strong></span> <span class='ocrx_word' id='word_1_818' title='bbox 2330 5272 2477 5341; x_wconf 87' lang='lat' dir='ltr'><strong>passi</strong></span> <span class='ocrx_word' id='word_1_819' title='bbox 2536 5284 2662 5327; x_wconf 85' lang='lat' dir='ltr'><strong>sunt</strong></span> <span class='ocrx_word' id='word_1_820' title='bbox 2720 5274 2877 5328; x_wconf 85' lang='lat' dir='ltr'><strong>venia</strong></span> <span class='ocrx_word' id='word_1_821' title='bbox 2920 5272 3079 5326; x_wconf 83' lang='lat' dir='ltr'><strong>facile</strong></span> <span class='ocrx_word' id='word_1_822' title='bbox 3138 5274 3319 5327; x_wconf 87' lang='lat' dir='ltr'><strong>datur.</strong></span> <span class='ocrx_word' id='word_1_823' title='bbox 3374 5271 3501 5329; x_wconf 56' lang='lat' dir='ltr'><strong>Hac</strong></span> 
     </span>
    </p>
   </div>
   <div class='ocr_carea' id='block_1_114' title="bbox 1943 5362 3501 5432">
    <p class='ocr_par' dir='ltr' id='par_1_114' title="bbox 1943 5362 3501 5432">
     <span class='ocr_line' id='line_1_114' title="bbox 1943 5362 3501 5432; baseline 0.001 -16"><span class='ocrx_word' id='word_1_824' title='bbox 1943 5372 2046 5417; x_wconf 83' lang='lat' dir='ltr'><strong>tuae</strong></span> <span class='ocrx_word' id='word_1_825' title='bbox 2069 5377 2282 5431; x_wconf 84' lang='lat' dir='ltr'><strong>quoque</strong></span> <span class='ocrx_word' id='word_1_826' title='bbox 2323 5363 2508 5430; x_wconf 82' lang='lat' dir='ltr'><strong>pietati</strong></span> <span class='ocrx_word' id='word_1_827' title='bbox 2549 5362 2819 5432; x_wconf 68' lang='lat' dir='ltr'><strong>signiﬁco,</strong></span> <span class='ocrx_word' id='word_1_828' title='bbox 2853 5363 3155 5426; x_wconf 85' lang='lat' dir='ltr'><strong>conlidens,</strong></span> <span class='ocrx_word' id='word_1_829' title='bbox 3190 5372 3335 5417; x_wconf 88' lang='lat' dir='ltr'><strong>tuam</strong></span> <span class='ocrx_word' id='word_1_830' title='bbox 3373 5365 3501 5417; x_wconf 84' lang='lat' dir='ltr'><strong>reli-</strong></span> 
     </span>
    </p>
   </div>
   <div class='ocr_carea' id='block_1_115' title="bbox 1942 5453 3501 5522">
    <p class='ocr_par' dir='ltr' id='par_1_115' title="bbox 1942 5453 3501 5522">
     <span class='ocr_line' id='line_1_115' title="bbox 1942 5453 3501 5522; baseline 0.002 -17"><span class='ocrx_word' id='word_1_831' title='bbox 1942 5453 2151 5521; x_wconf 80' lang='lat' dir='ltr'><strong>gionetn</strong></span> <span class='ocrx_word' id='word_1_832' title='bbox 2185 5468 2304 5521; x_wconf 67' lang='lat' dir='ltr'><strong>quae</strong></span> <span class='ocrx_word' id='word_1_833' title='bbox 2339 5453 2553 5506; x_wconf 88' lang='lat' dir='ltr'><strong>decreta</strong></span> <span class='ocrx_word' id='word_1_834' title='bbox 2601 5462 2729 5508; x_wconf 91' lang='lat' dir='ltr'><strong>sunt</strong></span> <span class='ocrx_word' id='word_1_835' title='bbox 2762 5464 3156 5522; x_wconf 79' lang='lat' dir='ltr'><strong>suscepturum,</strong></span> <span class='ocrx_word' id='word_1_836' title='bbox 3185 5470 3283 5508; x_wconf 88' lang='lat' dir='ltr'><strong>nec</strong></span> <span class='ocrx_word' id='word_1_837' title='bbox 3307 5453 3501 5508; x_wconf 84' lang='lat' dir='ltr'><strong>lenita-</strong></span> 
     </span>
    </p>
   </div>
   <div class='ocr_carea' id='block_1_116' title="bbox 1944 5546 3501 5617">
    <p class='ocr_par' dir='ltr' id='par_1_116' title="bbox 1944 5546 3501 5617">
     <span class='ocr_line' id='line_1_116' title="bbox 1944 5546 3501 5617; baseline 0.003 -20"><span class='ocrx_word' id='word_1_838' title='bbox 1944 5554 2047 5598; x_wconf 90' lang='lat' dir='ltr'><strong>tem</strong></span> <span class='ocrx_word' id='word_1_839' title='bbox 2074 5561 2258 5598; x_wconf 89' lang='lat' dir='ltr'><strong>eorum</strong></span> <span class='ocrx_word' id='word_1_840' title='bbox 2295 5546 2385 5613; x_wconf 90' lang='lat' dir='ltr'><strong>qui</strong></span> <span class='ocrx_word' id='word_1_841' title='bbox 2410 5560 2710 5601; x_wconf 75' lang='lat' dir='ltr'><strong>convenere</strong></span> <span class='ocrx_word' id='word_1_842' title='bbox 2735 5546 3137 5601; x_wconf 87' lang='lat' dir='ltr'><strong>damnaturam.</strong></span> <span class='ocrx_word' id='word_1_843' title='bbox 3176 5546 3298 5602; x_wconf 72' lang='lat' dir='ltr'><strong>Haec</strong></span> <span class='ocrx_word' id='word_1_844' title='bbox 3322 5547 3501 5617; x_wconf 74' lang='lat' dir='ltr'><strong>legere</strong></span> 
     </span>
    </p>
   </div>
   <div class='ocr_carea' id='block_1_117' title="bbox 1940 5633 3496 5705">
    <p class='ocr_par' dir='ltr' id='par_1_117' title="bbox 1940 5633 3496 5705">
     <span class='ocr_line' id='line_1_117' title="bbox 1940 5633 3496 5705; baseline 0.004 -20"><span class='ocrx_word' id='word_1_845' title='bbox 1940 5634 2178 5701; x_wconf 76' lang='lat' dir='ltr'><strong>digneris</strong></span> <span class='ocrx_word' id='word_1_846' title='bbox 2200 5634 2370 5687; x_wconf 81' lang='lat' dir='ltr'><strong>sacris</strong></span> <span class='ocrx_word' id='word_1_847' title='bbox 2402 5633 2668 5688; x_wconf 85' lang='lat' dir='ltr'><strong>ministris</strong></span> <span class='ocrx_word' id='word_1_848' title='bbox 2713 5643 2764 5688; x_wconf 89' lang='lat' dir='ltr'><strong>et</strong></span> <span class='ocrx_word' id='word_1_849' title='bbox 2799 5636 2995 5703; x_wconf 86' lang='lat' dir='ltr'><strong>populo</strong></span> <span class='ocrx_word' id='word_1_850' title='bbox 3028 5637 3119 5705; x_wconf 89' lang='lat' dir='ltr'><strong>qui</strong></span> <span class='ocrx_word' id='word_1_851' title='bbox 3155 5636 3251 5690; x_wconf 90' lang='lat' dir='ltr'><strong>tibi</strong></span> <span class='ocrx_word' id='word_1_852' title='bbox 3280 5637 3496 5701; x_wconf 84' lang='lat' dir='ltr'><strong>subest;</strong></span> 
     </span>
    </p>
   </div>
   <div class='ocr_carea' id='block_1_118' title="bbox 1944 5722 3498 5790">
    <p class='ocr_par' dir='ltr' id='par_1_118' title="bbox 1944 5722 3498 5790">
     <span class='ocr_line' id='line_1_118' title="bbox 1944 5722 3498 5790; baseline 0.004 -16"><span class='ocrx_word' id='word_1_853' title='bbox 1944 5731 1999 5775; x_wconf 91' lang='lat' dir='ltr'><strong>ut</strong></span> <span class='ocrx_word' id='word_1_854' title='bbox 2031 5730 2082 5774; x_wconf 79' lang='lat' dir='ltr'><strong>et</strong></span> <span class='ocrx_word' id='word_1_855' title='bbox 2108 5723 2206 5790; x_wconf 82' lang='lat' dir='ltr'><strong>ipsi</strong></span> <span class='ocrx_word' id='word_1_856' title='bbox 2236 5722 2316 5776; x_wconf 86' lang='lat' dir='ltr'><strong>his</strong></span> <span class='ocrx_word' id='word_1_857' title='bbox 2350 5722 2659 5790; x_wconf 84' lang='lat' dir='ltr'><strong>compertis,</strong></span> <span class='ocrx_word' id='word_1_858' title='bbox 2694 5732 2744 5778; x_wconf 87' lang='lat' dir='ltr'><strong>te</strong></span> <span class='ocrx_word' id='word_1_859' title='bbox 2799 5724 2939 5779; x_wconf 86' lang='lat' dir='ltr'><strong>circa</strong></span> <span class='ocrx_word' id='word_1_860' title='bbox 2978 5726 3096 5780; x_wconf 86' lang='lat' dir='ltr'><strong>illos</strong></span> <span class='ocrx_word' id='word_1_861' title='bbox 3139 5725 3210 5779; x_wconf 87' lang='lat' dir='ltr'><strong>ita</strong></span> <span class='ocrx_word' id='word_1_862' title='bbox 3249 5724 3498 5781; x_wconf 65' lang='lat' dir='ltr'><strong>adi-ctum</strong></span> 
     </span>
    </p>
   </div>
  </div>
