4124 6458
719 355 817 418 567

1935 349 2207 408 THEUD.
2241 345 2637 409 BALSAMON

3843 355 3932 416 568

714 477 818 517 non
849 473 1160 534 coarguant.
1202 465 1311 519 Abs
1333 479 1392 518 re
1418 466 1560 518 enim
1587 472 1727 520 esset
1756 478 1842 517 me
1863 463 2114 525 scribere,
2137 476 2258 515 cum

2395 458 2639 525 γράψειν,
2668 457 2966 529 δυναμένης
2997 462 3093 530 τῆς
3125 465 3221 533 σῆς
3241 465 3518 529 εὐλαϐείας
3556 468 3642 518 καὶ
3669 469 3766 536 τὴν
3795 469 3934 537 ἡμῶν

713 565 802 612 tua
831 557 1000 626 pictas
1034 555 1227 623 possit,
1263 565 1315 609 et
1368 564 1610 608 nostrum
1657 569 1784 622 erga
1834 554 1955 606 illos
2013 550 2260 604 affectum

713 648 979 706 nuntiare,
1009 657 1058 699 et
1089 647 1270 700 omnia
1294 659 1412 713 quae
1440 643 1636 698 desunt
1688 644 1927 710 implere.
1961 641 2140 696 Gratia
2167 640 2262 692 Do-

714 738 882 799 mino,
914 737 1005 805 qui
1033 737 1269 804 implevit
1294 746 1343 788 te
1371 737 1517 788 omni
1550 734 1713 788 verbo
1736 743 1789 787 ct
1833 733 1977 786 omni
2016 733 2258 786 scientia.

712 828 813 893 Qui
843 828 1024 894 itaque
1061 826 1430 893 penitentiam
1471 832 1656 892 agunt,
1707 823 2053 876 anathemate
2111 821 2262 874 dam-

715 924 861 974 nent,
890 927 1144 981 expresso
1177 913 1417 976 nomine,
1463 927 1683 979 pravam
1735 910 1924 964 Euzoii
1953 920 2007 964 et
2037 909 2261 962 Eudoxii

713 1005 1033 1056 doctrinam.
1065 1003 1142 1055 llli
1192 1003 1335 1056 enim
1387 1003 1599 1055 Arianae
1633 1002 1900 1055 haereseos
1945 1002 2178 1069 patroni,
2206 999 2260 1051 ir.

713 1094 990 1146 Christum
1055 1092 1490 1160 hiasphcmantcs
1565 1101 1868 1143 creaturam
1952 1105 2075 1142 cum
2144 1103 2263 1142 esse

715 1184 1071 1250 scripserunt.
1119 1181 1486 1234 Confiteantur
1535 1195 1749 1248 quoque
1807 1179 1963 1231 fidem
2015 1177 2203 1231 Nicaea:
2233 1193 2262 1230 a

717 1270 963 1323 Palribus
1012 1271 1370 1332 declaratam,
1429 1278 1482 1321 ct
1530 1269 1732 1321 nullam
1790 1269 1948 1319 aliam
2001 1266 2265 1335 synodum

717 1361 842 1413 huic
908 1369 1253 1429 anteponant.
1328 1357 1512 1410 Saluta
1587 1357 1780 1410 fratres
1837 1357 1927 1425 qui
2008 1355 2147 1423 apud
2214 1365 2266 1408 te

717 1459 872 1511 sunt;
923 1449 1015 1518 qui
1079 1449 1220 1519 apud
1271 1463 1356 1502 me
1404 1449 1623 1517 degunt,
1681 1457 1730 1502 te
1783 1447 1836 1501 in
1898 1445 2126 1500 Domino
2176 1459 2266 1499 sa-

715 1539 984 1670 “iiiis.
1017 1615 1094 1670 De
1128 1615 1216 1679 iis,
1249 1613 1528 1682 qulidolis
1577 1614 1854 1670 immolata
1903 1615 2278 1675 comederunt.

719 1721 768 1762 et
795 1711 886 1778 qui
922 1709 1080 1763 idolis
1122 1709 1514 1772 sacrificarunt,
1557 1715 1793 1780 synodus
1844 1710 2195 1778 Gangrensis,
2228 1720 2280 1763 et

719 1798 891 1850 sancti
920 1797 1060 1850 Petri
1091 1798 1482 1866 archiepiscopi
1536 1797 1905 1861 Alexandrini,
1930 1810 1983 1854 et
2007 1800 2277 1869 martyris,

701 1903 954 1942 .eanones
985 1887 1091 1958 45
1128 1888 1296 1942 fusius
1330 1898 1583 1944 tractant.
1613 1887 1858 1944 Praesens
1890 1901 2073 1944 autem
2109 1892 2278 1944 sancti

718 1979 997 2034 Athanasii
1044 1979 1267 2046 cpistola
1331 1988 1524 2034 tractat
1584 1981 1650 2034 de
1716 1981 1802 2045 iis,
1856 1983 1947 2049 qui
2014 1981 2280 2034 haereticis

719 2072 1258 2134 rommunicarunt,et
1285 2072 1351 2126 ad
1379 2072 1670 2128 Ecclesium
1709 2072 1987 2126 accedunt.
2015 2073 2091 2125 Ad
2117 2071 2280 2124 [tulli-

720 2159 936 2210 nianum
972 2157 1137 2222 enim,
1169 2158 1258 2226 qui
1310 2159 1456 2212 illum
1513 2160 1958 2226 interrogaverat,
2008 2160 2277 2224 scribens,

716 2262 938 2306 sanctus
968 2256 1067 2316 ait,
1097 2254 1266 2322 quod,
1292 2254 1384 2321 qui
1422 2253 1556 2324 lapsi
1581 2263 1708 2309 sunt
1731 2263 1783 2310 et
1821 2255 2088 2310 haereticis
2132 2269 2280 2309 com-

718 2345 1066 2398 municarunt
1093 2354 1147 2398 et
1193 2346 1489 2413 impietatis
1513 2347 1796 2415 praesides,
1821 2355 1873 2401 et
1901 2347 2112 2416 patroni
2162 2344 2279 2398 fne-

717 2445 868 2500 runt,
905 2437 969 2488 ad
997 2438 1367 2505 penitentiam
1396 2438 1611 2506 quidem
1655 2438 2012 2492 admittuntur
2039 2455 2054 2492 :
2087 2437 2132 2492 si
2183 2452 2282 2489 au-

717 2541 821 2582 tem
853 2531 959 2583 sint
992 2530 1196 2594 clerici,
1222 2531 1305 2584 vel
1343 2532 1476 2586 alias
1516 2532 1568 2585 in
1612 2533 1784 2587 sacris
1837 2533 2138 2597 ordinibus,
2190 2545 2280 2586 sa-

713 2620 958 2674 cerdotio
987 2622 1131 2688 digni
1163 2637 1267 2675 non
1300 2623 1586 2676 habentur.
1638 2622 1740 2688 Qui
1777 2631 1954 2678 autem
1987 2623 2280 2690 impietatis

718 2727 822 2765 non
866 2713 1062 2766 fuerint
1116 2724 1386 2776 auctores,
1432 2730 1525 2769 seu
1573 2715 1662 2785 qui
1709 2731 1805 2771 sua
1865 2717 2183 2771 auctoritate
2226 2727 2278 2771 et

718 2797 990 2853 voluntate
1023 2815 1144 2853 cum
1184 2802 1453 2856 haereticis
1483 2818 1590 2856 non
1622 2805 2156 2868 communicaverint,
2185 2807 2278 2858 sed

715 2903 744 2937 a
770 2889 969 2955 pietate
1003 2889 1072 2942 ad
1111 2890 1436 2960 impietatem
1480 2893 1530 2946 vi
1579 2894 1732 2947 tracti
1778 2893 2012 2958 fuerint;
2072 2895 2117 2947 si
2170 2893 2280 2948 sint

712 2981 928 3048 quidem
961 2981 1166 3048 clerici,
1199 2992 1248 3036 et
1288 2985 1440 3038 venia
1483 2985 1628 3055 digni
1657 2985 1942 3050 habentur,
1991 2994 2045 3040 et
2069 3001 2096 3039 a
2132 2985 2280 3039 clero

2393 549 2516 612 περὶ
2544 549 2736 611 αὐτοὺς
2753 550 2987 604 διάθεσιν
3013 554 3361 620 ἀπαγγείλαι,
3389 559 3482 609 καὶ
3538 560 3711 611 πάντα
3749 559 3816 611 τὰ
3841 559 3933 613 λείο

2392 655 2559 690 ποντα
2619 641 3036 713 ἀποπληρῶσαι.
3092 645 3265 713 Χάρις
3315 647 3391 714 τῷ
3442 649 3629 718 Κυρίῳ
3676 649 3754 718 τῷ
3809 650 3932 721 πλη-

2395 727 2624 797 ρώσαντί
2653 746 2711 780 σε
2743 731 2800 782 ὲν
2839 734 2999 784 παντὶ
3023 734 3163 802 λόγῳ
3202 737 3296 787 καὶ
3327 737 3472 808 πασῃ
3505 739 3726 805 γνώσει.
3760 741 3819 791 Oi
3849 742 3936 809 μὲν

2390 815 2483 870 οῦν
2507 819 2885 887 μετανοοῦντες
2918 823 3161 893 φανερῶς
3190 825 3730 895 ἀναθεματιξέτωσαν
3757 831 3938 893 ὀνομά-

2391 905 2571 968 ζοντες
2601 909 2847 973 Εὑδοξίου
2884 911 2975 961 καὶ
3003 912 3238 975 Εὑζωῖου
3264 914 3360 986 τὴν
3384 918 3726 982 κακοδοξίαν.
3845 921 3939 970 Λύ-

2389 996 2471 1046 τοὶ
2492 997 2598 1065 γὰρ
2622 998 2802 1050 λοιπὸν
2837 998 3275 1068 βλασφημοῦντες
3299 1031 3321 1065 ,ο
3375 1004 3536 1056 αὑτὸν
3587 1006 3789 1073 κτίσμα
3845 1008 3941 1058 ἀπο

2390 1086 2697 1154 εγράψαντο
2737 1089 2833 1156 τῆς
2870 1091 3142 1159 Ἀρειανῆς
3171 1093 3428 1160 αἱρέσεως
3447 1096 3762 1163 προστάται.
3792 1097 3940 1166 Ὁμο-

2393 1174 2714 1240 λογεὶτωσαν
2765 1178 2818 1229 δὲ
2868 1179 2963 1247 τὴν
3019 1181 3076 1230 ὲν
3098 1180 3297 1250 Νικαίᾳ
3350 1182 3499 1251 παρά
3546 1181 3649 1234 τῶν
3685 1185 3940 1254 Πατέρων

2388 1265 2799 1332 ὁμολογηθεῖσαν
2834 1267 3028 1329 πίστιν,
3082 1269 3174 1320 καὶ
3233 1269 3495 1337 μηδεμίαν
3540 1271 3703 1340 ἀλλην
3735 1273 3939 1325 σύνοδον

2391 1356 2698 1424 προκρίνειν
2726 1355 2923 1423 ταύτης
2950 1357 3044 1424 τῆς
3080 1357 3312 1410 συνόδου.
3366 1359 3632 1428 Πρόσειπε
3664 1362 3759 1429 τὴν
3788 1366 3931 1430 παρὰ

2393 1442 2474 1492 σοὶ
2520 1441 2876 1511 ἀδελφότηταο
2924 1443 2984 1494 σι
3029 1445 3062 1508 ἡ
3106 1445 3200 1496 σὺν
3251 1445 3381 1514 ἡμῖν
3426 1447 3483 1496 tv
3534 1446 3722 1516 Κυρίῳ
3769 1464 3937 1516 προσ-

2391 1529 2657 1598 αγορεύει.

2462 1620 2657 1673 ΒΔΛΣ.
2687 1622 2819 1690 Περὶ
2851 1622 2958 1674 τῶν
2989 1620 3312 1675 εἰδωλόθυτα
3363 1622 3666 1688 φαγόντων,
3699 1621 3796 1671 καὶ
3821 1619 3943 1684 περὶ

2387 1709 2493 1762 τῶν
2519 1711 2796 1764 Θυσάντων
2826 1715 2936 1773 τοῖς
2984 1713 3241 1774 είδώλοις,
3280 1713 3312 1780 ὴ
3364 1714 3428 1782 ἐν
3455 1711 3686 1780 Γὰγγρᾳ
3734 1709 3943 1770 σύνοὸιτ

2385 1803 2476 1853 καὶ
2534 1803 2582 1853 oi
2630 1804 2851 1865 κανόνες
2900 1803 2994 1855 τοῦ
3031 1803 3183 1869 ἁγίου
3240 1803 3448 1871 Πέτρου
3508 1801 3942 1872 ἀρχιεπισκόπου

2397 1892 2798 1961 Ἀλεξανδρείας
2827 1894 2920 1945 καὶ
2955 1894 3228 1962 μάρτυρος
3260 1893 3595 1961 πλατύτερον
3635 1891 3943 1958 διαλαμϐα-

2382 2001 2583 2036 νουσιν.
2619 1982 2683 2036 Ἥ
2721 1986 2777 2036 δὲ
2809 1985 3058 2052 παροῦσα
3099 1984 3354 2054 ἑπιστολὴ
3392 1984 3486 2036 τοῦ
3519 1984 3680 2049 ἁγίου
3711 1984 3943 2037 Ἀθανα-

2385 2075 2502 2126 σίου
2533 2073 2887 2143 διαλαμϐάνει
2912 2077 3039 2144 περὶ
3067 2073 3174 2126 τῶν
3217 2074 3771 2142 συγκοινωνησάντων
3804 2075 3949 2141 αίρτο

2380 2168 2572 2231 τικοῐς,
2604 2167 2696 2219 καὶ
2751 2167 3203 2236 προσερχομένων
3231 2169 3296 2233 τῇ
3326 2166 3643 2233 Ἐκκλησία.
3675 2166 3813 2231 Φησὶ
3839 2165 3943 2235 γὰρ

2381 2258 2410 2309 ὁ
2443 2257 2598 2324 ἅγιος
2629 2255 2958 2308 ἐπιστέλλων
2986 2256 3120 2326 πρὸς
3147 2256 3238 2308 τὸν
3266 2254 3946 2325 ὲρωτήσανταῬουφιανὶν

2381 2349 2463 2400 ὅτι
2493 2347 2542 2400 oi
2593 2347 2667 2418 μὴ
2701 2348 3207 2416 παραπεπτωκότες
3239 2349 3333 2398 καὶ
3360 2346 3795 2413 κοινωνήσαντες
3839 2348 3946 2404 τοῖς

2381 2437 2701 2504 αίρετικοῖς,
2751 2436 2842 2487 καὶ
2878 2435 3178 2504 προστάται
3222 2435 3315 2486 καὶ
3349 2434 3639 2500 συνήγοροι
3673 2431 3775 2500 τῆς
3817 2434 3945 2484 ἀσεο

2381 2526 2532 2588 ϐείας
2557 2528 2859 2596 γενόμενοι,
2893 2527 2972 2588 είς
3006 2526 3297 2595 μετάνοιαν
3329 2525 3426 2593 μὲν
3455 2524 3724 2592 δέχονται,
3757 2523 3946 2591 κληρι-

2380 2619 2465 2672 κοὶ
2493 2618 2549 2671 δὲ
2576 2617 2784 2685 ὄντεςῆ
2828 2617 2997 2676 ἄλλως
3050 2617 3330 2685 ίερωμένοι
3365 2616 3462 2681 τῆς
3505 2613 3811 2680 ἱερωσύνης
3854 2613 3948 2664 οὐκ

2379 2711 2675 2776 ἀξιοῦνται.
2725 2708 2788 2762 Οί
2837 2707 2909 2777 μὴ
2933 2705 3314 2768 αὑθεντοῦντες
3363 2706 3501 2773 ὑπὲρ
3536 2705 3637 2772 τῆς
3668 2703 3945 2767 ἀσεϐείας,

2379 2802 2546 2870 ήγουν
2573 2801 2645 2869 μὴ
2684 2799 2823 2852 κατά
2851 2797 3134 2850 αὑθεντίαν
3162 2799 3254 2849 καὶ
3281 2796 3421 2848 κατά
3448 2795 3697 2848 ἑκούσιον
3724 2793 3947 2862 γνώμην

2379 2895 2800 2960 κοινωνήσαντες
2834 2891 2944 2951 τοῖς
2967 2889 3281 2958 αίρετικοῐς,
3321 2887 3455 2940 ἀλλά
3487 2887 3679 2953 βιαίως
3717 2884 3941 2950 ἐξελκυο

2381 2983 2595 3044 σθέντες
2624 2982 2730 3034 ἀπὸ
2757 2983 2853 3049 τῆς
2903 2979 3190 3040 εὐσεϐείας
3235 2979 3315 3039 είς
3363 2977 3640 3035 ἀσέϐειαν,
3691 2973 3945 3045 κληρικοὶ

713 3086 817 3123 non
850 3073 1225 3143 abalienantur
1269 3091 1283 3127 :
1312 3089 1486 3142 eoque
1519 3079 1708 3146 magis,
1745 3077 1886 3145 quod
1936 3085 2189 3130 asserunt
2221 3090 2269 3128 se

2380 3073 2552 3135 ὄντες,
2613 3072 2938 3140 συγγνώμης
2971 3070 3267 3133 ἀξιοῦνται,
3319 3067 3414 3120 καὶ
3462 3066 3556 3119 τοῦ
3604 3065 3810 3133 κλήρου
3852 3063 3948 3115 οὐκ

712 3162 776 3214 ad
807 3161 1133 3231 impietatem
1177 3180 1281 3218 non
1315 3166 1481 3221 fuisse
1516 3168 1822 3230 traductos,
1859 3180 1952 3220 seu
1995 3166 2272 3220 haeretico-

712 3264 829 3302 rum
869 3251 1147 3307 sententire
1201 3267 1304 3306 nou
1356 3253 1522 3308 fuisse
1566 3269 1840 3315 assensos,
1897 3254 1990 3308 sed
2043 3256 2272 3322 quodam

709 3342 933 3396 consilio
963 3343 1042 3397 eis
1070 3347 1520 3410 communicasse,
1556 3361 1622 3400 ne
1661 3347 1726 3400 iis
1782 3345 1849 3400 ab
1885 3346 2132 3401 ecclesiis
2181 3359 2273 3399 ex-

708 3433 897 3502 pulsis,
945 3437 1033 3490 alii
1067 3437 1216 3505 impii
1250 3439 1302 3493 in
1332 3453 1519 3494 eorum
1554 3438 1729 3493 locum
1775 3439 2270 3500 introducerentur,

707 3537 760 3580 et
792 3530 1046 3597 populum
1097 3531 1452 3584 orthodoxam
1499 3539 1926 3598 corrumperent.
1985 3529 2096 3585 νὶςὶ
2146 3540 2274 3584 sunt

710 3617 889 3683 igitur,
924 3619 1125 3688 inquit,
1152 3621 1264 3674 hac
1303 3620 1486 3674 dicere
1507 3620 1878 3688 probabiliter,
1917 3621 2094 3674 Aaron
2129 3633 2264 3686 quo-

709 3725 812 3778 que
846 3710 1089 3777 exemplo
1119 3720 1352 3765 utentes.
1403 3710 1493 3764 Ille
1544 3714 1710 3772 enim,
1772 3727 1892 3767 cum
1955 3711 2164 3782 Moyses
2213 3711 2266 3764 in

708 3809 890 3854 monte
915 3801 1114 3856 diutius
1145 3811 1291 3856 esset
1321 3813 1585 3867 moratus,
1627 3812 1680 3856 et
1709 3804 2060 3857 Hebraeorum
2100 3817 2270 3871 popu-

709 3891 790 3944 lus
817 3893 945 3945 deos
980 3901 1266 3959 quareret,
1307 3896 1472 3948 cessit
1503 3910 1687 3948 eorum
1732 3894 2192 3963 praevaricationi,
2215 3905 2270 3949 et

706 3982 916 4035 t'nsilcm
947 3983 1169 4035 vitulum
1204 3985 1250 4037 ei
1293 3984 1407 4038 licri
1447 3986 1710 4053 permisit.
1751 3983 1863 4039 Hoc
1905 3995 2081 4038 autem
2122 3984 2265 4050 fecit,

704 4088 769 4125 ne
817 4088 1065 4127 reversus
1109 4073 1162 4126 in
1217 4073 1508 4144 Egyptum
1564 4075 1794 4146 populus
1847 4075 1899 4128 in
1949 4073 2263 4143 [Egyptian

702 4163 1000 4217 idololatria
1030 4175 1390 4230 permaneret,
1418 4175 1691 4233 reputans,
1721 4166 1885 4235 quod,
1929 4179 2051 4217 cum
2082 4165 2191 4218 sint
2216 4167 2265 4220 in

699 4257 932 4316 deserto,
975 4261 1228 4320 poterunt
1275 4257 1342 4309 ab
1370 4257 1642 4324 impietate
1689 4257 1946 4309 desistere
1980 4272 1994 4310 :
2029 4257 2118 4309 sed
2138 4256 2180 4309 si
2211 4256 2265 4310 in

701 4345 933 4414 {Egypto
958 4345 1179 4410 fuerint,
1210 4356 1371 4400 erunt
1390 4347 1559 4415 magis
1585 4347 1753 4414 impii,
1789 4361 1964 4401 mores
1988 4346 2265 4416 Egyptia-

2382 3162 2801 3228 ἀποξενοῦνταιο
2863 3159 3194 3228 καὶμᾶλλον
3247 3158 3330 3231 ὅτι
3382 3153 3826 3208 διαϐεϐαιοῦνται
3876 3151 3946 3220 μὴ

2384 3254 2786 3322 μεταϐληθῆναι
2817 3253 2894 3311 είς
2925 3250 3198 3311 ἀσέϐειαν,
3233 3250 3404 3318 ήγουν
3451 3247 3525 3315 μὴ
3557 3244 3848 3299 συνθέσθαι
3882 3247 3944 3314 τῇ

2379 3347 2506 3416 δόξῃ
2558 3347 2666 3399 τῶν
2712 3346 3031 3414 αίρετικῶν.
3077 3345 3210 3398 ἀλλὰ
3255 3343 3394 3396 κατά
3434 3343 3592 3408 λόγον
3639 3340 3947 3406 οἰκονομίας

2381 3436 2816 3504 συγκοινωνῆσαι
2842 3435 3072 3498 τούτοις,
3102 3436 3187 3487 ἵνα
3214 3432 3312 3502 μὴ.
3335 3432 3515 3485 αὐτῶν
3545 3430 3948 3497 ὲκδιωχθέντων

2378 3522 2489 3576 ἀπὸ
2536 3522 2642 3576 τῶν
2697 3521 3020 3591 ἐκκλησιῶν,
3055 3521 3234 3591 ἕτεροι
3281 3520 3500 3582 ἀσεϐεῖς
3549 3518 3947 3587 ἀντεισαχθιτισι

2379 3613 2474 3664 καὶ
2529 3611 2884 3680 διαφθείρωσι
2923 3612 3013 3664 τὸν
3072 3611 3352 3681 ὀρθόδοξον
3382 3609 3532 3663 λαόν.
3564 3609 3794 3672 Ἐδοξαν
3833 3602 3945 3670 οὖν,

2379 3699 2532 3767 φησὶ,
2564 3699 2812 3763 πιθανῶς
2842 3700 3016 3753 ταῦτα
3043 3701 3245 3768 λέγειν,
3296 3698 3572 3770 χρώμενοί
3614 3699 3712 3750 καὶ
3754 3715 3947 3766 παρα-

2376 3790 2629 3859 δείγματι
2667 3789 2897 3860 Ἀαρών.
2942 3791 3182 3853 Ἐκεῖνος
3231 3791 3342 3858 γὰρ
3384 3789 3480 3842 τοῦ
3513 3788 3794 3848 Μωῦσέως
3828 3804 3950 3855 χρο-

2378 3879 2623 3942 νίσαντος
2657 3882 2716 3934 ἑν
2769 3879 2846 3949 τῷ
2897 3880 3033 3950 ὄρει,
3085 3881 3182 3933 καὶ
3213 3880 3307 3932 τοῦ
3340 3879 3474 3932 λαοῦ
3528 3879 3637 3930 τῶν
3679 3877 3950 3946 Ἐϐραίων

2379 3969 2534 4032 θεοὺς
2564 3970 2872 4040 ζητοῦντος,
2907 3972 3133 4024 ἐνέδωκε
3161 3973 3224 4040 τῇ
3254 3969 3460 4023 τούτων
3490 3969 3828 4035 παραϐἀσει,
3859 3967 3949 4018 καὶ

2378 4061 2632 4128 γενέσθαι
2655 4063 2838 4124 αὐτοῖς
2861 4061 3223 4132 παρεχώρησε
3241 4060 3510 4131 χωνευτὸν
3539 4058 3759 4127 μόσχον.
3781 4057 3950 4108 Τοῦτο

2373 4154 2428 4205 δὲ
2463 4154 2743 4219 εποίησεν,
2793 4155 2878 4206 ἵνα
2928 4155 3002 4222 μὴ
3047 4155 3077 4204 6
3124 4153 3249 4214 λαὸς
3278 4151 3636 4220 ὑποστρέψας
3667 4152 3750 4212 είς
3784 4150 3946 4216 Αίγυ⁹

2374 4262 2505 4297 πτον
2529 4248 2618 4299 tm
2628 4264 2692 4314 με
2703 4247 2784 4315 ίνῃ
2806 4249 2871 4315 τῇ
2898 4245 3310 4315 εἰδωλολατρείᾳ
3333 4247 3399 4313 τῇ
3417 4244 3786 4311 Αίγυπτιακῇ,
3807 4243 3951 4307 λογι-

2376 4338 2606 4405 σάμενος
2623 4338 2723 4401 δτι,
2747 4341 2803 4389 ὲν
2821 4340 2885 4405 τῇ
2906 4337 3000 4406 ipf;
3011 4354 3094 4406 μῳ
3110 4335 3285 4397 ὄντες,
3303 4336 3624 4405 δυνήσονται
3645 4334 3947 4400 ἀποστῆναι

699 4453 817 4489 rum
854 4446 1161 4504 sequentes.
1198 4438 1275 4492 Ac
1308 4439 1373 4490 de
1406 4438 1473 4491 iis
1506 4438 1742 4504 quidem,
1778 4439 1868 4505 qui
1901 4453 2088 4493 sacros
2120 4438 2265 4490 ordi-

2378 4428 2471 4492 τῆς
2502 4426 2757 4488 ἀσεϐείας
2782 4443 2796 4458 ·
2836 4427 2895 4478 ὲν
2921 4426 2978 4478 δὲ
3016 4428 3081 4494 τῇ
3117 4425 3377 4493 Αἰγύπτῳ
3405 4424 3712 4491 γενόμενοι,
3748 4421 3947 4489 μᾶλλον

698 4543 794 4580 nes
823 4537 1188 4593 smnpscrunt,
1236 4530 1347 4580 haec
1381 4529 1530 4583 dicit.
1566 4527 1812 4596 Deceptis
1836 4538 2038 4592 autem,
2071 4537 2124 4581 et
2158 4529 2262 4580 vim

696 4620 874 4686 passis
900 4619 1051 4673 laicis
1084 4619 1241 4673 venia
1274 4620 1453 4681 datur,
1488 4620 1773 4688 susceptis,
1815 4629 1866 4672 et
1907 4619 1974 4672 ab
1999 4619 2263 4688 episcOpis

697 4711 958 4762 canonice
991 4709 1337 4778 dispensatis,
1369 4719 1554 4776 utpote
1602 4711 1692 4777 qui
1736 4710 1987 4762 haeretica
2033 4710 2265 4762 deheant

697 4811 882 4869 aperte
918 4802 1378 4854 anathematizare
1431 4818 1526 4856 seu
1577 4801 1628 4853 in
1679 4799 1920 4855 Ecclesia
1964 4799 2262 4854 :Nicrnam

699 4907 878 4947 autem
916 4893 1270 4947 orthodoxam
1304 4893 1460 4946 fidem
1489 4894 1757 4947 confiteri.
1804 4893 2110 4962 Ἐκεχειρία
2140 4909 2266 4947 vero

697 4987 898 5040 dicitur
924 4985 1099 5054 quies,
1132 4995 1188 5039 et
1233 4986 1416 5053 operis
1462 4985 1728 5048 remissio,
1789 5000 1909 5053 qua:
1959 4994 2013 5038 ct
2059 4985 2262 5039 vacatio

698 5081 922 5133 remissa
947 5079 1166 5141 dicitur,
1200 5093 1225 5130 a
1259 5078 1507 5131 manibus
1541 5077 1899 5154 continendis,
1943 5088 2000 5129 ut
2040 5093 2156 5145 quae
2195 5078 2266 5132 sit

699 5186 951 5223 manuum
976 5169 1330 5222 continentia.
1349 5167 1482 5224 Nota
1505 5183 1635 5238 ergo
1655 5184 1715 5223 cx
1743 5170 1990 5236 praesenti
2019 5170 2263 5236 cpistola,

695 5262 838 5328 quod
870 5261 1021 5314 aliter
1056 5262 1374 5329 puniuntur,
1403 5261 1490 5328 qui
1538 5276 1638 5328 per-
1675 5263 1777 5314 vim
1827 5277 1947 5315 cum
2004 5261 2265 5316 ha'rrticis

696 5353 868 5408 solum
897 5356 1384 5417 communicat-unt,
1412 5352 1564 5406 aliter
1591 5355 1681 5421 qui
1735 5355 1820 5408 his
1849 5365 2264 5421 consenserunt,

696 5455 751 5497 et
775 5445 1097 5512 impieiatern
1127 5444 1502 5507 defenderunt,
1524 5444 1680 5498 aliter
1710 5446 1800 5513 qui
1837 5447 1900 5497 ad
1931 5446 2261 5514 impietatem

698 5535 1117 5606 transfugerunt,
1149 5537 1305 5590 aliter
1340 5536 1432 5606 qui
1474 5536 1555 5589 his
1583 5537 2069 5600 conttnunicarunt,
2097 5549 2149 5592 et
2178 5553 2264 5594 sa-

701 5625 1032 5690 crifivarunt,
1065 5629 1222 5682 aliter
1255 5627 1348 5697 qui
1393 5626 1686 5698 idolothyta
1720 5629 1765 5680 vi
1794 5631 2162 5696 comederunt,
2215 5639 2268 5682 et

700 5715 1066 5785 aliterquibus
1092 5719 1154 5774 ad
1179 5720 1278 5776 hoc
1310 5719 1505 5790 ipsum,
1525 5729 1581 5777 ut
1609 5721 1970 5791 comederent,
1999 5722 2078 5777 vis
2109 5722 2266 5777 allata

2369 4519 2842 4588 ἀσεϐήσουσιτοῖς
2897 4517 3212 4585 Αἰγυπτίων
3272 4518 3528 4582 ἑπόμενοι
3593 4515 3767 4566 ἔθεσι.
3838 4512 3946 4565 Καὶ

2367 4610 2495 4679 περὶ
2527 4610 2622 4678 μὲν
2649 4608 2964 4678 ἱερωμένων
2991 4607 3166 4662 ταῦτα
3190 4623 3342 4674 φησι.
3377 4607 3508 4666 Τοῖς.
3527 4605 3582 4657 δὲ
3617 4603 3936 4672 ἀπατηθεισι

2365 4705 2459 4755 καὶ
2490 4701 2611 4771 βίαν
2643 4701 2878 4753 παθοῦσι
2903 4700 3115 4760 λαῖκοῖς
3145 4697 3442 4766 συγγνώμη
3469 4697 3695 4756 δίδοται,
3729 4694 3940 4763 δεχομέ⁴

2368 4810 2481 4854 νοις
2514 4794 2605 4845 καὶ
2653 4790 3130 4860 οίκονομουμένοις
3169 4789 3322 4856 παρά
3353 4787 3461 4839 τῶν
3493 4784 3814 4837 ἐπισκόπων
3852 4800 3944 4832 κα-

2367 4884 2611 4944 νονικῶς,
2643 4882 2716 4944 ὼς
2771 4882 2862 4934 καὶ
2907 4881 3220 4948 ὀφείλουσιν
3264 4876 3693 4945 ἀναθεματίζειν
3751 4876 3850 4941 μιν
3882 4873 3945 4924 τὰ

2366 4971 2474 5024 τῶν
2518 4970 2809 5038 αίρετικῶν
2869 4968 3161 5037 φανερῶς,
3216 4970 3388 5036 ἠγουν
3455 4968 3543 5019 ἐπ’
3600 4965 3940 5032 ἐκκλησίας·

2367 5059 2647 5128 ὁμολογεῖν
2673 5059 2728 5110 δὲ
2763 5058 2862 5128 τὴν
2901 5059 2960 5109 ἐν
2987 5057 3192 5126 Νικαία
3223 5056 3511 5127 ὀρθόδοξον
3545 5055 3754 5107 πίστιν.
3797 5052 3945 5105 Ἐκε-

2371 5153 2552 5222 χειρία
2581 5152 2638 5204 δὲ
2694 5152 2913 5217 λέγεται
2957 5153 2990 5221 ή
3022 5150 3191 5220 ἀργία
3248 5150 3343 5202 καὶ
3394 5146 3656 5217 ἀπραξία,
3699 5147 3825 5215 ἥτις
3856 5145 3945 5197 καὶ

2369 5245 2556 5306 ἄνετος
2588 5245 2742 5296 ἄδεια
2779 5243 3020 5310 λέγεται,
3051 5242 3160 5295 ἀπὸ
3206 5241 3300 5293 τοῦ
3352 5239 3574 5310 ἐπέχειν
3606 5239 3704 5300 τὰς
3736 5239 3944 5307 χεῖρας,

2369 5336 2645 5405 ἐκεχειρία
2699 5352 2784 5397 τις
2821 5329 2977 5387 οῦσα.
3038 5334 3353 5402 Σημείωσαι
3403 5331 3496 5383 οῦν
3554 5331 3648 5381 καὶ
3705 5329 3814 5380 ἀπὸ
3849 5327 3945 5395 τῆς

2373 5427 2653 5496 παρούσης
2695 5426 2983 5494 ἐπιστολῆς
3009 5427 3089 5478 ὅτι
3137 5425 3316 5488 ἄλλως
3350 5422 3672 5485 κολάζονται
3705 5421 3756 5472 οί
3808 5418 3946 5472 κατὰ

2371 5521 2424 5584 βξ
2433 5536 2496 5570 αν
2531 5520 2958 5588 κοινωνήσαντες
2991 5517 3153 5586 μόλον
3177 5520 3288 5577 τοῖς
3320 5514 3638 5580 αίρετικοίς,
3683 5510 3862 5571 ἄλλως
3898 5510 3945 5561 oi

2371 5611 2844 5680 ὁμοφρονήσαντες
2874 5609 3083 5669 τούτοις
3120 5607 3211 5658 καὶ
3243 5604 3381 5672 ὑπὲρ
3407 5603 3505 5672 τῆς
3537 5601 3798 5662 ἀσεϐείας
3830 5617 3947 5652 συν-

2376 5703 2771 5772 τιγορήισαντες,
2795 5700 2967 5764 ἄλλως
2986 5702 3032 5752 οἱ
3062 5696 3498 5766 αὑτομολήσαντε
3509 5711 3555 5757 ς,
3572 5693 3752 5757 ἄλλως
3769 5695 3814 5746 οξ
3839 5709 3945 5744 κοι-
