4124 6464
208 370 320 429 569

1141 376 1221 436 ΙΝ
1253 378 1494 437 EPIST.
1525 381 1593 437 S.
1631 379 2054 438 A'l‘lle‘iNASll
2101 383 2200 440 AD
2240 383 2505 470 RUFlN.

3366 380 3475 441 570

213 480 556 542 νωνήσαντες
578 481 785 545 τούτοις
811 484 900 536 καὶ
929 483 1210 550 θύσαντες,
1236 489 1406 551 ἄλλως
1433 491 1484 543 οί
1506 490 1646 543 κατά
1670 491 1787 558 βίαν

1913 503 1995 545 est
2026 509 2038 544 :
2074 506 2124 546 et
2153 506 2209 546 ut
2233 475 2396 547 semel
2429 495 2629 554 dicam,
2665 507 2860 556 magna
2922 493 3038 547 haec
3085 492 3489 546 examinatione

215 573 827 635 φαγνῑντεςείδωλόθυτα
844 590 858 606 ⁸
888 579 980 628 καὶ
1005 577 1180 641 ἄλλως
1200 582 1246 632 οἱ
1270 581 1534 649 εταρόντες
1556 583 1677 652 βξαν
1703 583 1801 634 καὶ

1916 583 2172 649 indigent,
2201 585 2454 652 quoniam
2485 583 2647 637 etiam
2679 584 2962 635 dilliculter
2995 593 3252 635 curantur

217 666 348 730 περὶ
372 666 506 718 αὐτὸ
536 667 594 719 τὸ
618 672 830 736 φαγεῖν,
855 677 948 722 καὶ
980 673 1165 733 ἀτελῶς
1192 677 1256 725 τὰ
1277 675 1387 727 τῶν
1412 677 1669 728 τοιούτων
1693 673 1935 742 μεγάλης
1956 676 2253 740 ἐξετάσεως
2283 679 2514 741 δέονται,
2537 677 2618 729 ὅτι
2651 677 2744 727 καὶ
2768 676 3044 745 δυσχερῶς
3066 671 3487 742 θεραπεύονται.

288 753 537 809 ΖΩΝΛΡ.
576 757 651 809 Οὐ
708 759 834 826 περὶ
887 761 996 812 τῶν
1030 762 1273 824 εἰδώλοις
1330 765 1636 825 Θυσάντων,
1694 766 1813 816 και

218 843 394 909 οὕτως
451 851 971 912 παραπεπτωκότων
1019 832 1058 922 ἦ
1115 855 1386 923 ἐρώτησις
1424 857 1564 926 αὕτη
1621 857 1793 919 ἐστὶν,

218 937 352 992 ἀλλά
390 943 516 1007 περὶ
539 941 645 993 τῶν
671 942 966 1008 αίρετικοῖς
1001 951 1584 1015 συγκοινωνησάντων,
1623 949 1794 1017 ἤγουν

225 1029 554 1097 ’Λρειανοῖς.
608 1032 671 1086 Ol
706 1034 814 1102 γὰρ
841 1036 940 1104 τῆς
978 1038 1186 1106 Ἀρείου
1220 1041 1508 1108 αἱρέσεως,
1559 1057 1793 1109 προστε-

217 1122 407 1183 θέντας
462 1125 644 1187 αὐτοῖς
698 1127 922 1196 σχόντες
981 1128 1224 1195 βασιλεῖς
1261 1131 1357 1184 τὸν
1411 1134 1793 1186 Κωνστάντιον

216 1216 308 1262 καὶ
337 1213 432 1262 τὸν
463 1212 758 1276 Οὐάλεντα,
803 1217 1103 1270 κάντεῦθεν
1138 1221 1282 1287 μέγα
1313 1222 1625 1289 δυνάμενοι,
1660 1221 1792 1273 πολ-

213 1302 338 1360 λοὺς
378 1301 670 1381 ἐϐιάσαντο
724 1308 1092 1376 προστεθῆναι
1144 1315 1209 1380 τῇ
1269 1312 1393 1383 δόξῃ
1450 1313 1652 1371 αὐτῶν.
1691 1307 1792 1365 Ὧν

213 1389 442 1459 ὕστερον
473 1395 898 1462 μετανοούντων,
939 1402 1031 1452 καὶ
1065 1405 1520 1470 προσερχομένων
1556 1407 1621 1472 τῇ
1655 1403 1792 1456 καθ-

212 1480 370 1551 ολικῇ
428 1484 748 1557 Ἐκκλησία,
798 1488 1144 1559 ἡρώτησεν’ό
1179 1492 1552 1559 Ῥουφινιανδς
1570 1492 1793 1545 ἐπίσκο-

211 1591 316 1638 πος
345 1573 443 1639 ὣν,
471 1577 620 1641 ὅπως
650 1578 755 1649 χρὴ
785 1581 911 1643 τοὺς
938 1581 1215 1645 τοιούτους
1242 1583 1492 1653 δέχεσθαι
1519 1599 1532 1612 ·
1561 1584 1696 1652 πρὸς
1726 1585 1793 1653 ἣν

210 1663 486 1736 ἐρώτησιν
517 1668 789 1740 ἀπεκρίθη
822 1673 850 1724 ό
888 1673 1056 1741 μέγας
1101 1673 1414 1735 Ἀθανάσιος
1444 1677 1550 1736 ὅτι,
1582 1676 1792 1728 πολλῶν

209 1759 523 1820 γενομένων
575 1761 811 1812 συνόδων
847 1763 1088 1816 τοπικῶν
1127 1764 1325 1834 δηλαδὴ
1385 1767 1516 1834 περὶ
1561 1767 1793 1828 τούτων,

208 1850 414 1914 ἔδοξεν,
446 1853 584 1906 ὥστε
605 1857 716 1916 τοῖς
754 1855 850 1923 μὲν
872 1859 1254 1924 παραπεσοῦσι
1275 1861 1647 1927 κοινωνήσασι
1679 1863 1792 1922 τοῖς

209 1942 531 2007 αἱρετικοῖς.
569 1943 661 1994 καὶ
692 1943 759 1995 τὰ
807 1945 947 1997 αὐτᾶ
997 1947 1231 2009 ἐκείνοις
1264 1950 1486 2014 φρονεῖν
1515 1948 1790 2015 ὁμολογή-

212 2043 363 2126 σασι.
403 2032 495 2082 καὶ
534 2031 595 2082 οὐ
653 2031 814 2100 μόνον
849 2033 1032 2098 τοῦτο,
1064 2035 1198 2087 ἀλλὰ
1244 2038 1337 2088 καὶ
1365 2039 1789 2105 προῐσταμένοις
1825 2073 1866 2126 Β

206 2119 312 2187 τῆς
348 2121 639 2183 ἀσεϐείας·
684 2125 853 2192 ἤγουν
890 2127 1461 2197 ὑπεραγωνιζομένοις
1499 2130 1668 2197 αὐτῆς
1696 2128 1796 2186 καὶ

207 2209 594 2281 συνηγοροῦσι,
645 2215 738 2266 καὶ
796 2214 1007 2267 πείθειν
1047 2216 1373 2270 σπεύδουσιν
1417 2218 1493 2280 ὡς
1534 2218 1788 2288 ἀσφαλὴς

207 2302 241 2369 ἡ
276 2302 506 2354 ἐκείνων
551 2304 666 2356 ἐστὶ
709 2303 859 2369 δόξα,
910 2305 1230 2374 μετανοοῦσι
1281 2308 1377 2360 καὶ
1421 2309 1795 2378 προσερχομέ-

205 2410 322 2455 νοις
375 2397 440 2462 τῇ
501 2395 763 2465 όρθοδόξῳ
812 2397 1130 2469 Ἐκκλησία,
1177 2399 1416 2452 δίδοσθαι
1466 2401 1564 2468 μὲν
1623 2401 1792 2468 μετά-

205 2504 360 2540 νοιαν
418 2490 512 2543 καὶ
573 2490 946 2560 συγγνώμην·
1009 2494 1084 2562 μὴ
1141 2493 1325 2561 μέντοι
1356 2510 1421 2561 γε
1485 2495 1579 2545 καὶ
1626 2495 1791 2547 τόπον

205 2576 416 2645 κλήρου
471 2580 656 2642 αὺτοῖς
711 2581 1139 2650 παραδέχεσθαι.
1197 2584 1316 2635 Κᾶν
1345 2583 1454 2651 γὰρ
1490 2583 1788 2635 ἐπίσκοποι

205 2671 371 2736 τυχὸν
397 2664 538 2740 ἦσαν
562 2671 594 2741 ἢ
623 2672 895 2741 κληρικοὶ,
927 2673 1111 2736 οὐκέτι
1141 2673 1497 2743 δεχθήσονται
1520 2675 1601 2736 είς
1624 2676 1788 2727 τόπον

203 2761 542 2830 ἱερωμένων,
571 2763 687 2816 ἀλλ’
720 2763 796 2827 ὡς
815 2762 994 2841 λαῐεκοὶ
1025 2765 1258 2819 ἔσονται.
1293 2767 1418 2829 Τοῖς
1448 2767 1503 2820 δὲ
1538 2767 1612 2837 μὴ
1642 2767 1779 2820 αὐθ-

203 2853 420 2905 εντούσι
464 2854 563 2922 μὲν
605 2856 704 2921 τῆς
763 2856 1043 2920 ἀσεϐείας,
1093 2857 1263 2928 ἡγουν
1302 2859 1376 2927 μὴ
1409 2858 1548 2910 κατά
1593 2858 1788 2911 αὐθεν-

201 2946 328 2998 τίαν
359 2947 455 2998 καὶ
485 2945 711 3017 γνώμην
760 2949 1009 3002 ἑκούσιον
1043 2951 1423 3018 κοινωνήσασι
1470 2951 1585 3010 τοῖς
1632 2951 1788 3017 αἱρεο

201 3039 412 3099 τικοῖςο
452 3041 819 3107 παρασυρεῖσι
853 3039 912 3091 δὲ
969 3039 1040 3090 δι’
1066 3040 1314 3109 ἀνάγκην
1346 3040 1441 3092 καὶ
1491 3039 1632 3108 βίαν,
1667 3040 1786 3108 ἦτοι

201 3127 399 3197 βιαίως
452 3128 802 3197 συνθεμένοις
849 3132 917 3199 τῇ
969 3129 1218 3198 ἀσεϐείᾳ,
1260 3131 1356 3183 καὶ
1407 3128 1784 3194 ὲξελκυσθεῖσι

201 3221 299 3288 τῆς
332 3219 617 3283 εὐσεϐείας
659 3220 874 3290 (ὥσπερ
935 3221 1046 3290 γὰρ
1085 3223 1112 3273 ὁ
1150 3221 1254 3272 ὑπὸ
1303 3221 1538 3289 σφοδρᾶς
1573 3218 1783 3272 ὑδάτων

201 3312 382 3382 φορᾶς
436 3313 894 3382 παρασυρόμενος
930 3314 990 3366 οὐ
1021 3313 1167 3366 κατᾶ
1214 3313 1540 3381 προαίρεσιν
1571 3310 1782 3363 οίκείαν

1930 816 1932 818 τ
1969 764 2363 820 ZONAR.‘Non
2394 769 2460 818 de
2488 766 2575 828 iis,
2596 769 2686 833 qui
2713 767 2866 820 idtr'is
2896 765 3270 826 immolavere,
3319 778 3381 815 ac
3410 762 3484 814 ita

1899 857 2028 925 lapsi
2065 871 2212 921 sunt,
2253 860 2363 913 haec
2395 860 2622 927 quaestio
2650 868 2755 921 cst,
2790 874 2974 912 verum
3029 858 3097 910 de
3133 856 3199 908 iis
3231 854 3320 920 qui
3355 870 3484 908 cum

1899 950 2170 1004 haereticis
2201 952 2689 1016 commtmicavere,
2715 952 2930 1005 Ariam’s
2971 947 3245 1001 nimirum.
3275 945 3485 1000 Etenim

1899 1041 2110 1103 Ariani,
2147 1057 2270 1095 cum
2306 1042 2407 1094 sibi
2465 1045 2876 1097 consentientes
2929 1043 3191 1096 haberent
3242 1039 3482 1100 impera-

1901 1145 2046 1187 tores
2080 1133 2460 1189 Constantium
2494 1145 2547 1188 et
2578 1135 2884 1196 Valentem,
2926 1147 2991 1186 ex
3043 1144 3214 1192 eoque
3250 1127 3480 1180 multum

1901 1227 2175 1292 valerent,
2205 1227 2531 1294 complures,
2565 1237 2621 1280 ut
2660 1228 2897 1295 ipsorum
2929 1225 3238 1292 opinionem
3269 1225 3480 1285 ample-

1898 1327 2200 1380 cterentur,
2241 1333 2336 1386 per
2366 1319 2472 1370 vim
2506 1317 2754 1382 adegere.
2782 1315 2908 1382 Qui,
2963 1329 3087 1368 cum
3143 1328 3265 1365 mox
3309 1310 3483 1379 Dami-

1896 1410 2062 1461 tentia
2097 1409 2245 1462 ducti
2271 1410 2335 1461 ad
2369 1408 2665 1463 Ecclesiam
2697 1407 3020 1462 catholicam
3055 1419 3114 1459 se
3144 1405 3479 1464 conferrent,

1899 1499 2494 1567 rogavitRullinianus,
2547 1500 2744 1568 quippe
2795 1499 3102 1567 episcopus,
3129 1487 3387 1564 quintam
3425 1495 3481 1545 in

1895 1589 2160 1658 ejusmodi
2218 1590 2528 1644 hominibus
2596 1589 2950 1664 admittendis
3018 1587 3286 1642 servanda
3342 1584 3480 1639 ratio

1895 1688 2058 1734 esset.
2092 1679 2169 1733 Ad
2201 1694 2366 1748 quam
2425 1669 2906 1746 interrogationem
2961 1689 3192 1746 magnus
3240 1672 3482 1726 Athana-

1895 1771 2006 1826 sius
2053 1771 2375 1838 respondit,
2420 1786 2542 1824 cum
2577 1770 2758 1822 multa:
2795 1767 3009 1838 synodi,
3061 1766 3261 1818 locales
3317 1763 3484 1818 nimi-

1897 1877 2037 1925 rum,
2065 1862 2131 1914 de
2157 1861 2241 1916 his
2274 1861 2560 1915 celebratae
2590 1860 2719 1923 sint,
2761 1860 3039 1912 decretum
3075 1854 3268 1918 fuisse,
3316 1860 3375 1905 ut
3401 1852 3480 1905 la-

1896 1953 2027 2021 psis,
2053 1951 2142 2020 qui
2173 1967 2294 2006 cum
2341 1951 2610 2005 haereticis
2643 1948 3144 2008 communicarunt,
3182 1945 3481 2012 eademque

1898 2061 2018 2099 cum
2051 2044 2389 2099 illis‘sentire
2429 2059 2490 2099 se
2522 2042 2752 2112 professi
2790 2051 2941 2099 sunt.
2979 2054 3157 2108 neque
3208 2038 3313 2091 hoc
3365 2048 3481 2090 tan-

1897 2148 2036 2200 tum,
2063 2137 2154 2191 sed
2178 2144 2232 2190 et
2257 2135 2557 2205 impietatis
2591 2133 2872 2204 primipili,
2903 2131 3008 2185 hoc
3034 2141 3140 2192 est,
3170 2130 3478 2197 propugna4

1897 2237 2043 2282 tores
2066 2238 2119 2282 et
2146 2227 2354 2296 patroni
2392 2227 2633 2289 fuerunt,
2655 2241 2718 2279 ac
2741 2234 2910 2279 tutam
2932 2223 3146 2275 illorum
3167 2220 3477 2286 opinionem

1896 2335 2015 2375 esse
2041 2320 2372 2389 persuadere
2401 2319 2757 2382 studuerunt;
2807 2317 2852 2371 si
2908 2312 3262 2381 resipuerint,
3313 2325 3480 2379 sequo

1895 2413 2216 2467 orthodoxa:
2257 2411 2511 2465 Ecclesiae
2546 2409 2916 2476 adiunxerint,
2973 2405 3311 2476 pmuitentia:
3354 2402 3478 2470 qui-

1895 2505 2016 2557 dem
2039 2504 2106 2557 sit
2137 2505 2287 2558 locus
2319 2511 2373 2556 et
2403 2502 2571 2555 venire
2603 2520 2617 2555 :
2664 2509 2919 2554 cmterum
2950 2499 3016 2552 ad
3048 2498 3226 2551 locum
3258 2497 3308 2549 in
3333 2494 3478 2547 clero

1890 2594 2244 2648 obtinendum
2284 2591 2591 2646 nullatenus
2636 2590 3021 2644 admittantur.
3077 2587 3212 2641 Nam
3253 2585 3470 2640 etiamsi

1889 2684 2126 2755 episcopi
2163 2682 2390 2738 fuissent
2451 2681 2682 2736 forsitan
2732 2680 2816 2734 vel
2866 2679 3074 2743 clerici,
3135 2690 3476 2744 nequaquam

1889 2778 1942 2831 in
1973 2790 2254 2830 sacrorum
2293 2776 2572 2829 hominum
2608 2774 2859 2828 ordinem
2907 2773 3262 2842 recipientur,
3291 2768 3385 2824 sed
3419 2777 3480 2822 ut

1891 2867 2015 2921 laici
2047 2879 2228 2921 erunt.
2273 2866 2375 2933 Qui
2410 2882 2539 2921 vero
2590 2866 2891 2936 impietatis
2937 2874 3191 2920 auctores
3255 2863 3478 2916 minime

1890 2957 2129 3019 fuerunt,
2164 2959 2268 3012 hoc
2298 2969 2401 3020 est.
2432 2959 2523 3026 qui
2557 2970 2750 3026 sponte
2797 2967 2852 3013 et
2883 2956 3188 3010 voluntarie
3217 2971 3338 3008 cum
3367 2955 3478 3008 hae-

1890 3048 2075 3102 reticis
2119 3063 2226 3100 nou
2279 3049 2772 3112 communicarunt,
2835 3047 3166 3101 necessitate
3203 3052 3383 3098 autem
3417 3055 3476 3098 et

1886 3138 1938 3191 vi
1967 3138 2129 3191 tracti
2164 3147 2311 3200 sunt,
2348 3137 2483 3202 sive,
2509 3153 2605 3206 per
2626 3138 2730 3191 vim
2757 3138 3019 3208 impietati
3052 3145 3471 3196 consenserunt,

1884 3238 2118 3298 suntque
2141 3246 2170 3282 a
2199 3229 2403 3297 pietate
2427 3229 2685 3284 abstracti
2718 3229 2800 3300 (ut
2850 3228 3017 3292 enim,
3050 3227 3139 3295 qui
3162 3225 3474 3281 vehementi

1893 3337 2158 3391 aquarum
2213 3322 2413 3389 impetu
2445 3322 2674 3388 rapitur,
2704 3335 2809 3373 non
2841 3335 2936 3373 sua
2960 3319 3238 3372 voluntate
3293 3317 3476 3372 deler-

201 3404 453 3472 φέρεται,
489 3404 624 3458 ἀλλὰ
659 3403 850 3473 βιαίως
903 3405 1157 3457 ἕλκεταιο
1209 3403 1381 3466 οὕτως
1420 3403 1665 3454 κάκεῖνοι
1715 3403 1784 3470 τῇ

1897 3425 2002 3476 tur,
2030 3413 2124 3467 sed
2157 3413 2393 3466 trahitur
2425 3413 2474 3466 vi
2509 3411 2621 3483 46
2650 3410 2880 3465 adactus
2909 3427 2923 3464 :
2954 3411 3033 3463 sic
3057 3419 3111 3464 et
3139 3409 3237 3474 illi,
3263 3409 3332 3462 ub
3357 3408 3474 3462 vim

203 3495 301 3566 βίᾳ.
338 3496 654 3564 νικηθέντες
697 3495 805 3548 τῶν
855 3495 1172 3563 αίρετικῶν,
1223 3494 1632 3562 παρεσύρησαν
1691 3493 1787 3544 καὶ

200 3586 514 3657 ὑπέκυψαν)
566 3586 735 3651 εδοξε,
787 3589 943 3656 φησι,
989 3586 1080 3639 καὶ
1134 3584 1471 3653 συγγνώμην
1537 3582 1785 3636 δίδοσθαι

203 3677 674 3747 μεταμελομένοις
695 3692 710 3707 ·
749 3676 1045 3745 ἀπονέμειν
1074 3673 1134 3728 δι
1165 3676 1348 3737 αὐτοῖς
1377 3673 1589 3727 καὶτὸν
1617 3674 1784 3726 τόπον

199 3768 294 3821 τοῦ
325 3768 552 3839 κλήρου.
583 3768 696 3821 Καὶ
722 3769 782 3820 οὐ
819 3768 1001 3836 μόνον,
1041 3767 1124 3820 ὅτι
1185 3766 1504 3837 βιασθέντες
1559 3765 1786 3818 ινδεδὼ-

199 3877 355 3926 κασι,
387 3859 925 3933 συγγνωμονοΰνται,
957 3861 1144 3928 φησιν,
1182 3858 1298 3911 ἀλλ’
1340 3860 1422 3912 ὅτι
1466 3859 1561 3910 καὶ
1589 3855 1787 3910 ἀπολο-

199 3955 329 4022 γίαν
358 3953 596 4024 πιθανὴν
635 3953 938 4007 ποιοῦνται·
978 3955 1048 4006 δι’
1080 3956 1146 4023 ἢν
1182 3953 1330 4018 εδοξε
1388 3953 1451 4005 τδ
1502 3951 1783 4018 ύποκύψαι

198 4047 401 4108 αὐτοὺς
428 4047 542 4108 τοῖς
592 4045 893 4114 αίρετικοῖς
942 4045 1304 4110 οἰκονομικῶς
1355 4043 1632 4114 γενέσθαι.
1689 4045 1783 4095 Δι-

199 4139 602 4193 ιϐεϐαιώσαντο
624 4137 755 4208 γὰρ,
779 4140 896 4192 ἀντὶ
908 4137 1025 4199 τοῦ.
1045 4139 1278 4207 βεϐαίως
1305 4137 1784 4209 ὲπληροφόρησαν,

203 4229 280 4298 μὴ
321 4227 732 4297 μεταϐληθῆναι
768 4229 848 4291 εἰς
887 4227 1147 4281 ἀσέϐειαν
1175 4242 1189 4256 ·
1241 4228 1411 4296 ἤγουν
1460 4227 1536 4296 μὴ
1572 4226 1784 4279 τσυνθέ-

202 4321 330 4374 σθαι
357 4323 424 4390 τῇ
481 4319 610 4391 δόξῃ
663 4319 774 4373 τῶν
809 4319 1127 4389 αίρετικῶν,
1170 4319 1307 4373 ἀλλὰ
1334 4322 1431 4389 τῆς
1457 4317 1626 4388 ὀρθῆς
1664 4317 1784 4385 ἔχε-

201 4414 327 4466 σθαι
361 4412 598 4473 πίστεως
624 4428 639 4442 θ
677 4411 838 4482 μόνον
878 4413 935 4465 δὲ
972 4413 1409 4481 συγκοινωνῆσαι
1443 4411 1557 4470 τοῖς
1623 4408 1780 4478 αἱρε-

197 4506 395 4568 τικοῖς,
430 4503 517 4555 ἴνα
558 4504 652 4573 μὴ,
695 4504 876 4557 αὐτῶν
915 4504 1316 4574 ὲκδιωχθέντων
1342 4502 1450 4555 τῶν
1476 4499 1782 4569 ἐκκλησιῶν

196 4596 378 4665 ἕτεροι
417 4594 637 4656 ἀσεϐεῖς
675 4594 1098 4662 ἀντεισαχθῶσι,
1154 4595 1251 4646 καὶ
1273 4591 1628 4661 διαφθείρωσι
1679 4589 1816 4653 τὰςιδ

196 4685 496 4754 ἐκκλησίας
547 4686 667 4755 ἦτοι
715 4686 808 4738 τὸν
839 4685 1127 4756 όρθόδοξον
1157 4685 1314 4739 λαόν.
1361 4685 1471 4737 Καὶ
1499 4683 1588 4736 διά
1619 4681 1780 4734 τοῦτο

196 4776 526 4845 ῂρετίσαντο
567 4773 893 4843 συνδραμεῖν
937 4777 1002 4844 τῇ
1043 4774 1157 4845 βίᾳ,
1194 4773 1468 4843 βαστάσαι
1502 4771 1563 4824 τὺ
1614 4771 1780 4840 βάρος

196 4865 292 4919 τοῦ
316 4866 620 4935 ἐπιτιμίου,
643 4865 731 4919 διὰ
751 4868 813 4919 τὸ
840 4866 989 4932 δόξαι
1016 4865 1323 4935 ὑποκύψαι,
1353 4867 1447 4918 καὶ
1475 4865 1551 4933 μὴ
1577 4864 1780 4934 μᾶλλον

198 4959 324 5020 τοὺς
365 4959 528 5021 λαοὺς
556 4958 878 5018 ἀπολέσθαι.
914 4959 1139 5024 Ἕδοξαν
1174 4958 1296 5021 οὖν,
1330 4958 1485 5027 φησὶ,
1536 4955 1784 5018 πιθανῶς

196 5048 376 5102 ταῦτα
392 5049 592 5117 λέγειν,
613 5051 886 5120 χρώμενοι
909 5052 1005 5104 καὶ
1023 5051 1431 5119 παραδείγματι
1444 5047 1522 5117 τῷ
1536 5045 1774 5116 Ἀαρών.

207 5138 449 5202 Ἐκεῖνος
469 5141 595 5210 γὰρ,
619 5141 710 5193 τού
730 5142 973 5205 Μωσέως
993 5141 1336 5211 χρονίσαντος
1353 5140 1410 5192 ἐν
1427 5137 1503 5207 τῷ
1519 5138 1658 5207 ὄρει,
1679 5138 1776 5189 καὶ

200 5230 297 5283 τοῦ
326 5231 458 5282 λαοῦ
485 5231 874 5297 τῶνἘϐραίων
901 5231 1058 5294 θεοίλς
1087 5231 1395 5299 ζητοῦντος,
1427 5230 1686 5282 ὲνδέδωκε
1710 5231 1776 5298 τῇ

197 5321 294 5374 τοῦ
329 5321 460 5374 λαοῦ
489 5322 822 5390 παραϐάσει,
877 5325 971 5376 καὶ
1014 5323 1273 5390 γενέσθαι
1298 5324 1483 5384 αὐτοῖς
1508 5320 1776 5390 παρεχώ-

201 5428 341 5482 ρησε
379 5412 649 5480 χωνευτὸν
689 5414 907 5482 μόσχον.
941 5413 1114 5466 Τοῦτο
1145 5414 1200 5466 δὲ
1248 5413 1530 5481 ἐποίησεν,
1573 5413 1660 5465 ἵνα
1699 5413 1774 5481 μὴ

197 5507 224 5554 ὁ
259 5503 414 5566 λαὸς,
453 5503 800 5572 ὑποστρέψας
846 5506 925 5567 εἰς
959 5504 1264 5570 Αἴγυπτον,
1300 5503 1562 5573 ἐπιμείνῃ
1598 5506 1665 5572 τῇ
1699 5504 1775 5554 εί-

195 5590 566 5662 δωλολατρείᾳ
618 5597 684 5663 τῇ
739 5596 1113 5665 Δίγυπτιακῇ,
1155 5595 1516 5662 λογισάμενος
1575 5597 1680 5656 ὅτι,
1715 5595 1773 5644 ἐν

197 5684 263 5751 τῇ
305 5683 498 5753 ιρήμῳ
537 5684 711 5748 ὄντες,
770 5685 1094 5755 δυνήσονται
1145 5686 1450 5755 ἀποστῆναι
1487 5686 1586 5754 τῆς
1643 5687 1773 5737 ἀσε-

196 5773 347 5842 ϐείας
373 5791 386 5806 ο
415 5778 470 5829 ἐν
504 5775 560 5828 δὲ
587 5779 650 5846 τῇ
687 5777 946 5847 Αἰγύπτῳ
991 5778 1293 5848 γενόμενοι,
1335 5775 1534 5846 μᾶλλον
1575 5776 1772 5848 suos-

1894 3505 1963 3559 ab
1999 3505 2273 3559 haereticis
2299 3503 2500 3556 illatam
2544 3505 2815 3563 cedentes,
2853 3500 3146 3554 transversi
3181 3500 3284 3554 acti
3321 3509 3472 3561 sunt,

1887 3606 1942 3650 ct
1979 3596 2427 3660 succubuerunt),
2478 3593 2699 3660 placuit,
2737 3591 2933 3660 inquit,
2984 3599 3038 3646 et
3085 3590 3298 3645 veniam
3339 3590 3478 3660 ipsis

1888 3685 2137 3749 concedi,
2172 3685 2219 3740 si
2251 3685 2627 3754 pmoitentiam
2664 3691 2853 3752 agant,
2885 3692 2939 3737 et
2989 3682 3170 3737 locum
3203 3691 3470 3751 praeterea

1887 3779 2019 3835 cleri
2051 3777 2344 3846 assignari.
2387 3775 2498 3831 Nec
2529 3786 2764 3840 tantum,
2793 3775 2937 3846 quod
2968 3774 3018 3828 vi
3066 3775 3246 3828 adacti
3298 3787 3475 3826 cesse~

1887 3879 2038 3934 runt,
2073 3869 2273 3936 inquit,
2310 3869 2440 3938 ipsis
2472 3867 2770 3936 ignoscitur
2812 3886 2827 3922 :
2883 3866 2979 3921 sed
3031 3865 3159 3935 quia
3208 3874 3476 3934 praeterea

1887 3959 2253 4014 defensionem
2307 3956 2640 4027 probabilem
2677 3955 2936 4019 aderunt,
2972 3971 3067 4026 per
3094 3971 3283 4026 quam,
3322 3951 3473 4022 quod

1889 4050 2163 4105 luereticls
2195 4050 2490 4113 cesserint,
2539 4047 2792 4118 prudenti
2848 4047 2904 4102 id
2955 4047 3190 4102 consilio
3230 4047 3299 4100 ab
3336 4045 3478 4115 ipsis

1889 4141 2096 4197 factum
2146 4156 2269 4197 esse
2317 4139 2559 4196 videtur.
2612 4137 3018 4193 Conﬂrmarunt
3049 4138 3124 4192 illi
3173 4137 3500 4207 siquidem,

1888 4235 1992 4289 hoc
2022 4241 2129 4296 est,
2165 4242 2321 4289 certo
2353 4232 2515 4302 plane
2552 4232 2858 4300 probarunt
2889 4229 3116 4285 minime
3166 4245 3227 4285 se
3262 4229 3328 4283 ad
3363 4229 3474 4282 im-

1884 4327 2142 4397 pietatem
2171 4324 2479 4388 traductos,
2510 4339 2858 4393 nequaquam
2889 4323 3146 4378 videlicet
3176 4321 3470 4376 haeretico-

1884 4431 2006 4471 rum
2038 4415 2387 4485 Opinionibus
2413 4414 2765 4478 adhaesisse,
2805 4415 2899 4471 sed
2955 4422 3160 4469 rectam
3219 4416 3474 4470 tenuisse

1887 4501 2045 4554 fidem
2100 4517 2112 4550 :
2163 4501 2545 4555 tantummodo
2600 4511 2785 4555 autem
2839 4503 3280 4557 communicasse
3335 4517 3468 4556 cum

1885 4591 2183 4657 lmreticis,
2235 4577 2466 4646 nedum
2521 4593 2590 4646 ab
2627 4593 2879 4648 ecclesiis
2919 4593 3020 4661 ipsi
3082 4593 3320 4658 depulsi,
3377 4594 3477 4647 alii

1885 4681 2108 4750 quidem
2153 4683 2304 4752 impii
2348 4684 2856 4748 introducerentur,
2909 4693 2963 4738 et
3019 4684 3310 4746 ecclesias,
3369 4684 3476 4738 hoc

1889 4782 1994 4838 est,
2041 4773 2302 4843 populum
2369 4774 2739 4829 orthodoxum
2799 4785 3239 4845 corrumperent.
3294 4775 3472 4844 Atque

1894 4866 2034 4919 hanc
2057 4867 2127 4920 ob
2157 4881 2378 4920 causam
2407 4866 2670 4922 maluisse
2703 4867 2754 4920 vi
2780 4866 3000 4932 cedere,
3030 4882 3094 4921 ac
3126 4868 3307 4922 multa:
3327 4883 3472 4922 onus

1893 4949 2104 5022 subire,
2134 4973 2198 5012 ex
2226 4973 2292 5013 eo
2324 4959 2470 5028 quod
2522 4959 2880 5014 succubuisse
2910 4960 3228 5016 viderentur
3250 5000 3264 5022 ,
3303 4976 3470 5029 quam

1886 5050 2146 5120 pOpulum
2182 5051 2427 5118 perdere.
2480 5048 2605 5104 llaec
2645 5066 2797 5120 ergo,
2855 5052 3053 5121 inquit,
3111 5052 3478 5121 probabiliter

1886 5139 2035 5209 loqui
2068 5139 2170 5192 visi
2201 5150 2353 5203 sunt,
2383 5141 2696 5206 exemplum
2732 5155 2950 5210 quoque
2977 5141 3159 5195 Aaron
3185 5142 3471 5211 proferen-

1887 5240 1990 5285 tes.
2035 5231 2130 5286 llle
2177 5245 2441 5298 namque.
2507 5247 2630 5285 cum
2675 5233 2864 5286 Moses
2920 5232 3129 5286 diutius
3179 5234 3232 5285 in
3281 5243 3468 5286 ni0nte

1883 5333 2260 5386 cunctaretur,
2293 5338 2356 5376 ac
2389 5322 2746 5377 Hebrzorum
2790 5323 3021 5392 populus
3061 5325 3192 5378 deos
3224 5325 3468 5391 require-

1889 5426 1995 5478 ret,
2058 5417 2478 5485 transgressioni
2547 5415 2735 5484 populi
2794 5416 2982 5478 cessit,
3027 5414 3355 5484 fusilemque
3398 5416 3470 5470 ab

1884 5507 2020 5574 ipsis
2055 5507 2289 5561 vitulum
2329 5507 2446 5559 fieri
2503 5507 2777 5574 permisit.
2815 5505 2870 5559 ld
2910 5514 3092 5560 autem
3132 5520 3199 5560 eo
3232 5505 3475 5559 consilio

1881 5597 2010 5652 fecit
2043 5613 2111 5650 ne
2161 5598 2394 5668 populus
2437 5597 2492 5650 in
2520 5596 2814 5666 Egyptum
2875 5611 3128 5652 reversus
3187 5597 3240 5652 in
3293 5595 3465 5665 :Egyv

1882 5692 2060 5760 ptiaca
2092 5690 2402 5744 idololatria
2456 5689 2780 5756 pcrsisterct
2815 5707 2829 5741 :
2863 5703 3048 5742 secum
3105 5690 3223 5753 ipse
3284 5705 3460 5755 repu-

1883 5782 2310 5849 tans,quod.iu
2364 5779 2583 5835 deserto
2631 5779 2916 5834 continere
2973 5794 3031 5835 sc
3077 5781 3144 5835 ab
3183 5779 3465 5850 impitate
