4124 6466
251 368 359 436 585

1165 379 1245 442 IN
1287 384 1532 445 EPIST.
1566 387 1624 447 S.
1663 387 1942 448 BASILII
2006 391 2442 456 CANONICAM
2493 396 2537 462 Ῐ.

3383 410 3479 474 586

258 488 586 554 συνάγ-κ.γοι.
641 487 710 541 Τὸ
771 487 827 555 ἒξ
885 491 1160 560 αίρετικοῦ
1212 494 1496 565 βάπτισμα
1549 497 1771 551 ἄδεκτον

1924 499 2019 553 hos
2050 501 2126 552 Vel
2163 503 2311 565 istos,
2355 517 2480 559 sunt
2522 511 2931 578 parasynagOgi.
2967 509 3236 582 Baptisma
3272 517 3340 572 ab
3375 519 3482 574 hae-

253 577 445 629 δεκτὸν
478 578 533 628 δὲ
565 577 624 628 τὸ
659 578 988 646 ἀποσχίστου
1019 581 1113 632 καὶ
1165 585 1664 652 παρασυναγώγου.
1708 587 1823 639 Πα-

256 667 526 734 ράκλητον
555 669 604 718 oi
637 667 972 736 ῐΙεπουζηνο)⁵
999 672 1089 721 τὸν
1130 671 1404 725 Μοντανὺν
1427 674 1782 744 ὀνομάζουσιν
1801 690 1819 707 ο

250 757 375 809 ὅθεν
409 759 499 809 καὶ
531 757 610 818 είς
645 759 805 810 αὐτὸν
836 759 1215 828 βαπτιζόμενοι
1251 762 1593 818 ἀϐάπτιστοι.
1617 766 1690 818 Τὸ
1713 765 1822 819 τῶν

256 850 531 919 Καθαρῶν
575 850 667 902 καὶ
728 848 1250 920 ’Υδροπαραστατῶν
1295 853 1387 905 καὶ
1448 855 1820 923 Ἐγκρατιτῶν

255 940 559 1010 βάπτισμα,
589 945 634 993 εί
665 945 756 996 καὶ
786 944 1028 1006 ἄδεκτον,
1062 945 1148 997 διὰ
1179 946 1238 998 τὸ
1283 945 1558 1014 ἐπιλεῖψαι
1605 947 1820 1010 τούτοις

250 1032 312 1082 τδ
370 1031 588 1101 Πνεῦμα
643 1033 700 1086 τδ
759 1033 1080 1103 ἀγιόν,ἀλλ’
1136 1036 1229 1090 οὖν
1283 1039 1594 1108 οἰκονομίας
1653 1040 1818 1111 χάριν

248 1124 407 1178 ἔστηκ

323 1392 382 1444 Οἱ
425 1393 499 1462 μὴ
559 1395 941 1457 κιινωνοῦντες
989 1398 1055 1464 τῇ
1105 1396 1366 1467 καθολικῇ
1410 1397 1703 1470 Ἐκκλησία
1733 1401 1816 1463 εἰς

243 1483 376 1550 τρία
405 1483 771 1550 διαιροῦνται·
807 1486 885 1547 είς
914 1485 1244 1554 αἱρετικοὺς,
1285 1489 1365 1548 είς
1399 1491 1810 1557 σχισματικοὺς,

247 1575 346 1626 καὶ
391 1575 911 1642 παρασυναγὼγους.
945 1577 1053 1629 Καὶ
1108 1579 1373 1645 αίρετικοὶ
1422 1579 1523 1647 μέν
1571 1581 1711 1632 εἰσιν
1760 1583 1809 1633 οί

241 1666 344 1732 τῆς
369 1668 447 1727 εἰς
487 1667 619 1719 Θεδν
655 1667 892 1730 πίστεως
937 1669 1215 1730 παντελῶς
1268 1669 1808 1739 ἀπαλλοτριῶσαντες

242 1757 470 1820 ἑαυτούς
490 1772 504 1788 ⁶
529 1758 602 1819 ὡς
631 1760 677 1810 οί
701 1760 1056 1828 Πεπουζηνοὶ,
1083 1763 1127 1813 οἱ
1156 1761 1468 1832 Μανιχαῖοι,
1501 1766 1546 1815 οί
1579 1764 1808 1816 Οὐαλεν-

1928 591 2095 644 retico
2117 592 2465 662 celebratum,
2509 612 2613 650 non
2668 599 3029 669 recipiendum
3067 619 3081 657 :
3121 607 3483 675 recipiendum

1927 692 2052 732 vero
2096 682 2235 747 quod
2286 698 2315 736 a
2372 686 2723 743 schismatieo
2762 690 2843 744 vel
2902 708 3306 768 parasynagogo
3351 702 3492 755 cele-

1925 766 2133 825 bratur.
2185 771 2450 841 Peputeni
2488 775 2802 834 Montanum
2849 766 3189 841 nominarunt
3239 766 3486 847 βαι-σείει

1927 866 2060 919 tum,
2095 872 2421 930 quapropter
2449 865 2539 933 qui
2575 866 2624 918 in
2666 884 2786 921 eum
2827 870 3182 940 baptizantur,
3217 895 3320 933 non
3357 894 3483 935 sunt

1922 947 2202 1016 baptizati.
2238 951 2593 1008 Catharorum
2613 968 2666 1010 et
2689 957 3291 1036 Ilydroparastatarum,
3322 983 3484 1042 atque

1921 1034 2321 1094 Encratitarum
2382 1043 2644 1111 baptisma
2683 1052 2893 1104 etiamsi
2938 1069 3044 1108 non
3097 1057 3170 1110 sit
3219 1034 3482 1130 recipien-

1921 1123 2068 1185 dum,
2104 1136 2322 1192 propter
2369 1128 2602 1196 SpirLtus
2648 1137 2820 1190 sancti
2870 1143 3009 1208 apud
3037 1157 3130 1198 eos
3173 1123 3478 1219 defectum,

1920 1214 2273 1273 nihilominus
2308 1223 2624 1277 mconomia:
2659 1240 2821 1281 causa
2853 1232 3198 1300 suscipiatur.

1990 1392 2235 1458 Quicum
2273 1393 2513 1454 Ecclesia
2546 1404 2810 1459 catholica
2837 1422 2942 1462 non
2975 1419 3392 1489 communicant,
3427 1423 3481 1478 in

1916 1485 2016 1535 tria
2041 1499 2234 1552 genera
2259 1487 2588 1557 dividuntur,
2618 1493 2672 1547 in
2696 1494 2994 1567 haereticos,
3015 1501 3067 1556 in
3084 1485 3476 1578 schiswaticos,

1914 1584 1968 1627 ct
2001 1591 2460 1650 parasynagogos.
2488 1580 2557 1636 Et
2586 1584 2824 1642 haeretici
2857 1591 3077 1660 quidem
3113 1608 3237 1653 sunt
3277 1601 3354 1666 ii,
3386 1607 3477 1674 qui

1909 1680 2028 1720 sese
2069 1681 2096 1718 a
2130 1667 2230 1722 [ide
2257 1669 2312 1723 in
2349 1671 2514 1726 Deum
2543 1677 2764 1730 omnino
2788 1679 3186 1752 abalienarunt,
3223 1700 3280 1744 ut
3303 1667 3478 1762 Pepu-

1911 1757 2048 1817 zeni,
2074 1758 2377 1826 Manichai,
2404 1763 2790 1834 Valentiniani,
2826 1769 3219 1844 Marcionistae;
3240 1790 3292 1835 et
3323 1757 3473 1840 multi

239 1849 492 1907 τινιανοὶ,
524 1849 573 1899 οί
613 1847 1046 1918 Μαρκιωνισταὶ,
1077 1850 1173 1902 καὶ
1200 1850 1348 1903 ἄλλοι
1380 1849 1586 1903 πολλοί.
1613 1851 1677 1905 Οἱ
1706 1851 1795 1921 μὲν

1906 1848 2018 1902 alii.
2039 1847 2310 1920 Pepuaeni
2329 1855 2471 1909 enim
2487 1856 2795 1915 Montanum
2813 1865 3093 1943 nominant
3111 1868 3471 1942 Paracletum,

239 1934 350 2004 γὰρ
378 1937 712 2009 Πεπουζηνοὶ
759 1939 849 1991 τὸν
893 1940 1164 1992 Μοντανὸν
1211 1941 1561 2010 παράκλητον
1605 1943 1800 2013 ὀνομά-

238 2025 414 2090 ζουσι,
443 2028 534 2079 καὶ
562 2027 658 2089 τὰς
695 2028 1058 2094 συναφθείσας
1098 2029 1243 2098 αύτῷ
1279 2029 1550 2099 πορνικῶς
1578 2031 1672 2085 δύο
1701 2049 1800 2100 γυ-

239 2118 453 2181 ναῖκας,
491 2119 817 2188 Πρίσκιλλαν
852 2122 941 2174 καὶ
972 2121 1333 2188 Μαξίμιλλαν,
1363 2122 1439 2185 ὡς
1467 2125 1800 2195 προφήτιδας

236 2209 440 2278 ἔχουσι.
472 2211 608 2274 Τοὺς
657 2211 868 2280 γάμους
901 2212 1204 2284 ἀδιαφόρως
1243 2213 1429 2267 λύουσι
1453 2229 1470 2249 ο
1513 2216 1575 2268 τὸ
1612 2217 1800 2285 Πάσχα

234 2300 263 2352 δ
289 2301 650 2371 αστρέφουσι·
686 2303 784 2366 τὰς
817 2306 965 2373 τρεῖς
991 2305 1325 2368 ὑποστάσεις
1367 2306 1468 2375 τῆς
1513 2308 1796 2376 όμοουσῖου

240 2391 506 2462 Θεότητος
529 2395 606 2456 είς
631 2393 689 2447 ἓν
718 2396 1002 2463 συγχέουσι
1027 2397 1332 2463 πρόσωπον,
1360 2399 1452 2448 καὶ
1488 2397 1652 2468 ἕτερά
1681 2417 1798 2452 τινα

232 2481 407 2550 ἀσεϐῆ
435 2483 659 2536 τοιαῦτα
694 2485 1002 2552 φρονοῦσιν.
1023 2487 1085 2539 Οῖ
1109 2485 1162 2538 δὲ
1188 2487 1478 2557 Μανιχαῖοι
1507 2488 1600 2541 δύο
1625 2491 1796 2559 ἀρχὰς

233 2572 552 2638 εἱσάγουσιι
589 2574 854 2636 ἐναντίας,
907 2576 1001 2628 καὶ
1048 2577 1373 2639 ίσοσθενεῖς·
1414 2580 1508 2630 καὶ
1551 2579 1647 2650 τὴν
1697 2580 1797 2649 μὲν

235 2663 414 2730 φωτὸς
445 2663 756 2728 δοξάζουσιν
798 2663 933 2718 εἶναι
975 2667 1282 2735 παραίτιον,
1318 2667 1417 2736 τὴν
1460 2668 1515 2720 δὲ
1551 2671 1794 2732 σκότους.

233 2756 346 2809 Καὶ
375 2756 525 2827 ἥλιον
558 2758 651 2810 καὶ
693 2758 920 2827 σελήνην
975 2756 1344 2812 θεοποιοῦνται
1371 2775 1386 2790 ο
1421 2759 1516 2812 καὶ
1551 2761 1640 2813 τὸν
1686 2761 1797 2814 διά-

231 2847 388 2899 ϐολον
415 2850 512 2917 τῆς
556 2847 687 2914 ὕλης
730 2848 1226 2917 προσαγορεύουσιν
1270 2849 1507 2918 ἄρχοντα
1535 2867 1547 2880 ⁸
1583 2852 1795 2904 καὶτὸν

229 2939 410 3005 γάμον
464 2938 780 3007 νομοθεσίαν
823 2939 1045 2990 καλοῦσι
1104 2941 1196 2990 τοῦ
1249 2939 1500 3006 δαίμονος
1526 2956 1538 2968 '
1574 2943 1667 2992 καὶ
1696 2942 1794 3008 τὴν

231 3031 314 3093 είς
359 3032 483 3093 τοὺς
514 3031 806 3099 δεομένους
868 3031 1150 3099 μετάδοσιν
1201 3032 1457 3098 ἀνόμημα
1511 3031 1791 3098 κρίνουσιο

231 3127 328 3176 καὶ
353 3123 442 3173 τὸν
475 3121 674 3189 Κύριον
709 3121 860 3174 οῦδὲν
891 3119 1228 3190 ἀνθρώπινον
1262 3121 1540 3190 εἰληφέναι
1572 3139 1790 3190 σαρκω-

227 3215 392 3266 θέντα
425 3213 737 3278 δοξάζουσι·
777 3213 866 3266 καὶ
895 3213 984 3265 τὸν
1013 3214 1263 3282 σταυρὸν,
1298 3217 1390 3265 καὶ
1421 3214 1511 3266 τὸν
1535 3214 1785 3280 θάνατον,
1817 3186 1857 3245 C

228 3305 324 3356 καὶ
367 3305 462 3374 τὴν
517 3305 832 3369 ἀνάστασιν,
862 3303 936 3368 ὡς
995 3303 1069 3372 μὴ
1121 3307 1186 3374 τῇ
1237 3304 1463 3375 ἀληθείᾳ
1501 3306 1785 3374 γενόμενα,

225 3391 579 3462 διασύρουσι·
618 3393 711 3445 καὶ
742 3392 909 3462 μύρια
958 3392 1091 3445 ἄλλα
1125 3392 1291 3462 ἀσεϐῆ
1349 3393 1787 3460 δογματίζουσιν.

225 3485 288 3534 0i
320 3484 372 3535 δὲ
401 3485 831 3536 Οὐαλεντινιανοὶ
858 3484 956 3551 τῆς
990 3484 1189 3552 σαρκὸς
1237 3486 1640 3553 ἀπαγορεύουσι
1689 3489 1788 3556 τὴν

224 3579 556 3628 ἀνάστασινθ
589 3577 686 3644 τὴν
728 3576 963 3627 παλαιὰν
1010 3575 1263 3627 ἀθετοῦσι
1315 3577 1614 3644 Διαθήκην.
1666 3583 1789 3641 τοὺς

226 3670 510 3736 προφήτας
563 3665 1025 3731 ἀναγινώσκοντες
1076 3667 1166 3716 καὶ
1217 3667 1349 3733 πρὶς
1395 3665 1492 3736 τὴν
1536 3666 1787 3734 αἴσθησιν

222 3761 403 3812 αἰντῐῦν
439 3760 658 3819 τούτους
707 3758 1225 3826 μεθερμηνεύοντες,
1257 3756 1582 3825 μυθολογίας
1633 3760 1785 3820 τινὰς

221 3850 666 3901 ἀναπλάττουσυ
716 3848 808 3901 καὶ
851 3849 941 3900 τὸν
995 3847 1227 3917 Χριστὸν
1284 3849 1380 3901 ἀπ’
1428 3850 1656 3920 οὐρανοῦ
1705 3851 1788 3904 λέσ-

221 3956 380 4006 γουσι
415 3943 511 4009 τὴν
548 3939 728 4008 σάρκα
759 3942 1130 4004 κατενεγκεῖν,
1164 3940 1258 3992 καὶ
1299 3939 1372 4002 ὡς
1405 3939 1492 3992 διά
1523 3941 1781 4009 σωλῆνος,

219 4029 452 4082 διελθεῖν
499 4028 598 4095 τῆς
660 4026 978 4096 Παρθένου’
1030 4027 1123 4078 καὶ
1186 4027 1323 4081 ἄλλα
1385 4029 1508 4080 τινὰ
1560 4028 1785 4080 τοιαῦτα

222 4120 520 4188 βλάσφημα
555 4116 905 4186 ληρωδοῦνσιν.
939 4117 1001 4168 Ol
1034 4116 1087 4168 δὲ
1115 4118 1526 4186 Μαρκιωνισταί
1555 4120 1694 4169 εἰσιν
1733 4119 1783 4169 οι

219 4212 586 4272 Μασαλιανοὶ,
613 4211 659 4261 οἱ
692 4211 784 4261 καὶ
835 4209 1056 4276 Εὑχῖται
1094 4208 1519 4276 ὲρμηνευόμενοι
1541 4226 1554 4240 υ
1582 4209 1782 4272 οἵτινες

218 4302 596 4369 πολυκέφαλον
632 4300 722 4352 καὶ
763 4298 1114 4365 πολυώνυμον
1143 4295 1241 4366 τήν
1282 4297 1493 4363 αἵρεσιν
1546 4297 1780 4366 ἔχουσιν.

218 4388 381 4448 Οὗτοι
411 4393 541 4461 γοῦν
575 4393 771 4451 πάντες
804 4389 900 4458 τῆς
951 4388 1214 4457 αἱρέσεως
1246 4385 1426 4439 αὐτῶν
1478 4405 1784 4460 μεταστριι⁴¹

220 4494 433 4560 φέντες,
469 4486 561 4540 καὶ
591 4487 656 4553 τῇ
688 4483 971 4552 ἀμωμήτῳ
1016 4479 1194 4531 πίστει
1239 4477 1650 4547 προσελθόντες,
1685 4480 1782 4549 βα-
1815 4512 1859 4566 D

221 4584 525 4646 πτίζονται,
565 4577 654 4630 διὰ
689 4577 747 4627 τὸ
780 4573 1086 4626 ἀθετεῖσθαι
1139 4572 1271 4639 παρ’
1317 4570 1470 4639 ήμῶν
1496 4570 1555 4622 τδ
1587 4571 1782 4638 βάπτι⁴⁹

221 4691 337 4741 σμα
365 4671 564 4725 αὐτῶν.
610 4666 962 4736 Σχισματικοὶ
989 4663 1044 4715 δέ
1076 4663 1215 4714 εἰσιν
1244 4662 1291 4713 οί
1325 4662 1422 4729 τῆς
1455 4660 1782 4730 Ἐκκλησίας

218 4764 448 4823 ἑαυτοὺς
505 4759 950 4827 ἀπο-στήσαντες·
983 4755 1058 4816 ὡς
1109 4755 1158 4804 οἱ
1214 4755 1552 4815 Δονατισταὶ,
1582 4755 1679 4805 καὶ
1729 4756 1778 4806 οἱ

217 4853 504 4919 λεγόμενοι
538 4849 804 4916 Καθαροὶ,
853 4844 946 4897 καὶ
1004 4844 1052 4894 οί
1107 4841 1654 4910 ’Υδροπαραστάταῃ
1687 4843 1782 4895 καὶ

216 4945 267 4995 οἱ
315 4941 684 5008 Ἐγκρατῖται.
733 4929 891 4989 Οὗτοι
943 4938 1070 5004 γὰρ,
1105 4937 1153 4986 εἰ
1199 4933 1590 5002 ἐπιστρέφουσι
1644 4933 1782 5002 πρὸς

216 5036 317 5103 τὴν
351 5032 646 5100 καθολικὴν
691 5029 1038 5096 Ἐκκλησίαν,
1069 5029 1160 5079 καὶ
1191 5026 1288 5087 τάς
1316 5026 1556 5094 αἱρέσεις
1601 5024 1779 5075 αὐτῶν

217 5120 729 5188 ἀναθεματίσουσιν,
759 5114 833 5176 ὠς
867 5113 1284 5182 βεϐαπτισμένοι
1338 5112 1780 5181 παραδεχθήσονο

215 5230 329 5277 ται,
358 5210 451 5263 καὶ⁵
485 5207 630 5276 μόνῳ
651 5206 728 5274 τῷ
777 5205 915 5274 ἁγίῳ
947 5203 1104 5271 μύρῳ
1155 5203 1563 5272 χρισθήσονται.
1602 5203 1783 5271 Παρα-

218 5304 527 5370 συνάγωγοι
608 5297 664 5350 δέ
738 5297 876 5348 εἰσιν
935 5294 986 5344 οἱ
1038 5294 1457 5360 κατακριθέντες
1523 5293 1616 5344 ὲπί
1667 5310 1780 5345 τισι

215 5395 556 5462 πταίσμασιν
593 5389 900 5450 ἐπίσκοποι,
931 5385 963 5455 ἧ
996 5382 1377 5453 πρεσϐύτεροι,
1426 5386 1517 5436 καὶ
1551 5401 1779 5452 μετακι-

216 5484 472 5555 νηθέντες
502 5484 598 5547 τῆς
631 5477 990 5548 λειτουργίας,
1016 5476 1111 5526 καὶ
1155 5475 1229 5542 μὴ
1259 5474 1633 5541 ὑποκύψαντες
1663 5477 1777 5534 τοῖς

215 5565 458 5635 κανόσιν.
489 5573 603 5626 ἀλλ’
634 5573 861 5632 ἑαυτοὺς
885 5567 1215 5628 αὺθεντικῶς
1243 5567 1648 5636 ὲκδικήσαντες,
1673 5565 1772 5634 τὴν

216 5667 532 5740 προεδρίαν,
566 5664 659 5716 καῖ⁸
702 5663 800 5732 τήν
845 5658 1210 5728 λειτουργίαν,
1249 5657 1337 5708 καὶ
1381 5656 1771 5726 θυσιαστήριον

1904 1948 1958 1995 et
2001 1943 2131 1995 duas
2164 1945 2417 2001 mulieres
2444 1948 2704 2006 adulterio
2737 1953 2784 2006 ei
2814 1956 3127 2024 conjunctas
3163 1961 3466 2024 Priscillam

1901 2041 1955 2084 et
1980 2030 2319 2088 Maximillam
2360 2052 2455 2106 pro
2484 2042 2840 2109 prophetissis
2867 2045 3084 2104 habent.
3127 2051 3350 2122 Nuptias
3389 2062 3471 2114 in-

1901 2119 2208 2176 diﬂ'erenter
2236 2123 2472 2191 solvunt,
2503 2128 2709 2184 Pascha
2733 2146 3065 2202 pervertunt,
3102 2119 3470 2202 tres'cousuh-

1902 2213 2168 2267 stantialis
2194 2215 2420 2270 Deitatis
2460 2219 2836 2277 subsistentias
2879 2226 2930 2279 in
2964 2242 3126 2283 unam
3169 2247 3459 2301 personam

1902 2302 2269 2369 confundunt,
2301 2317 2354 2362 et
2387 2309 2489 2362 alia
2525 2313 2775 2380 quaedam
2803 2315 3104 2372 istiusmodi
3152 2321 3312 2391 impia
3342 2342 3466 2381 seu-

1903 2394 2059 2449 tiunt.
2093 2393 2372 2452 Manichtei
2428 2411 2606 2454 autem
2649 2402 2754 2457 duo
2805 2408 3069 2478 principia
3121 2414 3467 2475 introducunt

1899 2487 2192 2549 contraria,
2242 2495 2296 2540 et
2345 2490 2538 2559 mquali
2592 2495 2830 2561 potentia
2896 2501 3154 2568 praedita,
3201 2516 3256 2559 et
3298 2523 3462 2566 unum

1899 2577 2116 2643 quidem
2153 2579 2289 2635 lucis
2320 2595 2536 2637 causam
2574 2599 2694 2641 esse
2735 2589 3048 2657 opinantur,
3086 2594 3316 2652 alterum
3361 2615 3463 2655 au-

1903 2673 2008 2718 tem
2053 2669 2421 2724 tenebrarum.
2461 2671 2644 2728 Solem
2673 2686 2728 2732 et
2758 2678 2937 2734 lunam
2969 2683 3099 2738 deos
3141 2684 3380 2756 faciunt,
3410 2706 3466 2748 et

1903 2756 2179 2812 diabolum
2228 2762 2472 2817 materia:
2517 2766 2819 2836 principem
2853 2771 3125 2840 appellant
3161 2786 3216 2832 ct
3250 2784 3464 2848 nuptias

1897 2848 2154 2904 daemonis
2189 2863 2513 2921 praeceptum
2546 2869 2759 2922 vocant,
2791 2869 2846 2915 et
2879 2864 2944 2915 ad
2966 2879 3167 2936 egenos
3194 2869 3457 2926 distribu-

1899 2938 2093 2993 tionem
2129 2939 2385 3011 Ilagitium
2419 2945 2682 3016 judicant,
2709 2960 2761 3005 et
2793 2953 3076 3010 Dominum
3115 2958 3457 3020 incarnatum

1899 3029 2028 3082 nihil
2049 3033 2339 3088 humanum
2362 3039 2721 3106 assumpsisse
2744 3041 3094 3110 arbitrantur,
3124 3059 3176 3103 et
3204 3064 3418 3108 crucem
3445 3101 3456 3121 ,

1897 3128 1952 3171 et
1986 3129 2212 3175 mortem
2253 3134 2305 3178 et
2324 3129 2770 3184 resurrectionem
2809 3140 2866 3185 ut
2889 3148 2994 3188 non
3020 3151 3146 3193 vere
3179 3140 3319 3198 facta
3346 3145 3458 3200 ele-

1895 3218 2038 3276 vant,
2063 3216 2516 3285 etquamplurima
2547 3221 2704 3290 impia
2727 3224 2943 3281 docent.
2973 3229 3333 3289 Valentiniani
3361 3253 3457 3292 a-i-

1893 3309 1997 3354 tem
2052 3306 2233 3358 carnis
2281 3312 2734 3367 resurrectionem
2797 3329 3014 3386 negant,
3077 3331 3231 3379 vetus
3264 3327 3452 3381 Testa-

1895 3407 2130 3450 mentum
2181 3400 2449 3467 rejiciunt,
2485 3407 2775 3473 prophetas
2812 3408 3053 3479 legentes
3093 3422 3145 3468 et
3190 3419 3256 3470 ad
3299 3434 3452 3473 suam

1891 3487 2290 3552 perceptionem
2325 3504 2418 3543 eos
2437 3492 2878 3562 interpretantes,
2903 3502 3257 3573 mythologias
3284 3522 3450 3575 quas-

1891 3577 2010 3624 dam
2066 3575 2344 3646 emngunt,
2387 3591 2440 3634 et
2482 3580 2754 3636 Christum
2802 3602 2829 3638 a
2873 3590 3010 3644 cutio
3039 3606 3257 3648 carnem
3308 3607 3454 3652 attu-

1891 3664 2038 3728 Iisse,
2068 3675 2121 3717 et
2151 3665 2422 3737 Virginem
2463 3679 2722 3740 tanquam
2764 3691 2859 3744 per
2887 3681 3130 3736 canalem
3174 3689 3455 3747 trausiisse

1889 3753 2094 3815 dicunt,
2117 3764 2172 3808 et
2201 3756 2304 3809 alia
2335 3760 2589 3812 nonnulla
2633 3764 2938 3819 istiusmodi
2983 3768 3294 3837 blasphema
3319 3778 3453 3832 deli-

1891 3855 2070 3897 rantes
2104 3846 2407 3914 proferunt.
2451 3849 2810 3909 Marcionistae
2844 3869 2969 3912 vero
3002 3872 3127 3915 sunt
3158 3865 3248 3932 qui
3272 3865 3454 3923 Masa-

1889 3932 2017 3985 liani
2059 3945 2114 3988 et
2180 3935 2422 3992 Euchita:
2470 3941 2908 4011 interpretantur,
2941 3963 3171 4015 quorum
3231 3956 3454 4013 hmresis

1889 4026 2238 4081 multiformis
2282 4037 2365 4082 est
2407 4041 2461 4083 et
2496 4033 2908 4090 multinominis.
2947 4037 3007 4091 Hi
3039 4041 3219 4111 itaque
3261 4059 3451 4102 omnes

1886 4119 1954 4172 ab
1992 4121 2177 4173 haeresi
2211 4137 2306 4174 sua
2338 4125 2607 4189 conversi,
2652 4136 2706 4180 et
2738 4130 2802 4181 ad
2846 4141 3045 4184 rectam
3089 4134 3245 4190 ﬁdem
3292 4155 3451 4193 acce-

1886 4208 2094 4273 dentes,
2128 4211 2494 4280 baptizantur,
2542 4217 2666 4284 quia
2707 4233 2890 4272 corttm
2934 4221 3198 4290 baptisma
3231 4243 3259 4279 a
3295 4229 3452 4284 nobis

1885 4310 1984 4365 pro
2026 4301 2194 4355 nihilo
2224 4303 2457 4357 ducitur.
2509 4304 2849 4362 Schismatici
2876 4323 3055 4366 autem
3087 4327 3235 4380 sunt,
3261 4320 3348 4385 qui
3383 4322 3452 4373 ah

1884 4386 2125 4444 Ecclesia
2153 4407 2272 4447 sese
2307 4395 2676 4462 absciderunt,
2703 4408 2757 4451 ut
2782 4401 3070 4458 Donatista:
3090 4444 3103 4465 ,
3140 4417 3193 4460 et
3222 4411 3312 4475 qui
3342 4410 3450 4464 Ca-

1887 4478 2023 4532 thari
2048 4480 2318 4544 dicuntur,
2357 4491 2409 4536 et
2429 4482 2926 4554 Ilydroparastataa,
2958 4501 3011 4544 et
3047 4493 3354 4552 Encrazitz.
3385 4497 3449 4553 Hi

1889 4568 2034 4622 enim
2088 4569 2135 4622 si
2181 4571 2245 4624 ad
2274 4574 2598 4628 catholicam
2641 4579 2860 4632 redeant
2892 4580 3204 4650 Ecclesiam,
3243 4597 3296 4641 et
3341 4590 3449 4644 ha:-

1892 4673 2037 4714 reses
2083 4674 2208 4714 suas
2250 4663 2728 4733 anathematizcnt,
2761 4679 2818 4722 ut
2858 4669 3111 4739 baptizati
3162 4677 3449 4732 admitten-

1889 4759 1997 4814 tur,
2034 4761 2088 4804 ct
2119 4751 2234 4805 solo
2272 4766 2462 4808 sancto
2506 4757 2797 4813 chrismate
2826 4770 3112 4828 ungentur.
3149 4749 3448 4837 Parasyua-

1885 4842 2006 4911 ιζοεί
2033 4854 2214 4898 autem
2248 4857 2374 4899 sunt
2407 4849 2641 4917 episcopi
2671 4861 2761 4904 aut
2793 4852 3091 4920 presbyteri
3119 4858 3209 4926 qui
3239 4863 3308 4913 ob
3337 4864 3446 4916 cri-

1888 4933 2034 4987 mina
2073 4936 2250 5003 aliqua
2285 4940 2649 5003 condemnati,
2683 4949 2737 4994 et
2774 4942 3074 4998 ministerio
3106 4963 3262 5004 sacro
3295 4955 3446 5017 moti,

1886 5038 1938 5080 et
1961 5028 2259 5081 canonibus
2287 5045 2390 5083 non
2432 5032 2820 5098 auscultantes,
2851 5035 2947 5089 sed
2978 5052 3038 5089 se
3063 5053 3183 5094 cum
3215 5045 3445 5097 auctori-

1886 5127 1996 5171 tate
2015 5118 2386 5183 defendentes,
2415 5122 2836 5189 praesidentium.
2885 5134 2938 5178 et
2969 5127 3264 5198 liturgiam,
3288 5142 3340 5185 et
3364 5135 3444 5185 al-

1883 5218 1998 5263 tare
2015 5208 2117 5278 51
2156 5210 2296 5265 aliud
2315 5221 2648 5277 struxerunt,
2674 5217 2864 5269 et-aliis
2885 5233 2996 5273 sine
3015 5234 3135 5275 esse
3166 5225 3444 5279 sententia:

1884 5307 2290 5362 persuaserunt,
2341 5309 2396 5352 nt
2451 5302 2596 5368 ipsos
2638 5313 2954 5371 sequantur,
3002 5317 3059 5361 et
3118 5312 3440 5367 catholicam

1885 5390 2134 5442 deserant
2163 5388 2480 5443 Ecclesiam.
2520 5393 2680 5446 Tales
2709 5395 2851 5448 enim
2876 5400 3247 5464 pmnitentiam
3275 5418 3441 5471 agen.

1894 5491 1972 5532 tes
2003 5491 2057 5533 et
2089 5481 2428 5533 memorabili
2468 5483 2837 5550 resipiscentia
2874 5496 2922 5540 et
2952 5493 3302 5544 conversione
3329 5478 3440 5546 me-

1882 5571 2044 5625 liores
2067 5573 2375 5632 euidentes,
2403 5570 2658 5627 Ecclesiae
2683 5575 2900 5644 iterum,
2930 5588 2986 5631 ut
3009 5596 3171 5634 unum
3217 5597 3438 5648 corpus.

1879 5657 2296 5727 coniunguntur.

217 5764 520 5834 πηξάμενοι
546 5759 753 5826 ἕτερον,
812 5757 906 5808 καὶ
952 5755 1054 5820 τῆς
1115 5752 1337 5818 γνώμης
1381 5752 1558 5804 αὐτῶν
1599 5753 1844 5820 γενέσθαι
1877 5755 2026 5814 τινας
2075 5756 2537 5823 παραπεέσαντες,
2570 5757 2709 5811 ὥστε
2746 5759 3202 5829 συνακολουθῆσαι
3234 5763 3441 5833 αὐτοῖς,

417 5856 688 5914 Ριτιιοι..
736 5850 851 5910 Gtt.
900 5850 1000 5910 CX
1016 5845 1272 5906 XXVIII.

3016 5850 3084 5910 19
