4124 6454
256 360 364 428 585

1170 370 1251 432 IN
1293 374 1538 434 EPIST.
1572 377 1630 436 S.
1669 376 1948 436 BASlLlI
2012 378 2447 442 CANONICAM
2499 381 2543 446 Ι.

3389 391 3485 458 586

263 480 592 546 συνάγς..γοι.
647 479 717 532 Τὸ
778 478 834 546 ἐξ
892 481 1167 550 αίρετικοῦ
1218 483 1502 555 βάπτισμα
1555 486 1808 540 ἄδεκτονί

1931 487 2026 540 hos
2056 488 2133 539 Vel
2169 490 2317 552 istos,
2360 503 2486 545 sunt
2528 495 2938 563 parasynagogi.
2973 493 3242 566 Baptisma
3278 499 3346 554 ab
3381 502 3488 556 ha:-

259 569 452 621 δεκτὸν
486 569 541 620 δὲ
572 568 632 620 τὸ
666 569 995 637 ἀποσχίστου
1025 571 1120 622 καὶ
1172 572 1672 642 παρασυναγώγου.
1716 575 1830 627 Πα·

262 660 534 726 ράκλητον
563 660 612 710 οί
644 659 979 727 Πεπουζηνοὶ
1006 662 1096 711 τὸν
1138 661 1412 714 Μοντανδν
1435 663 1789 732 ὀνομάζουσιν
1808 678 1826 694 ⁸

257 750 382 802 ὅθεν
416 752 507 801 καὶ
539 749 617 810 είς
653 749 813 802 αὐτὸν
843 749 1223 819 βαπτιζόμενοι
1259 751 1600 807 άσάπτιστοι.
1625 754 1698 806 Τὸ
1721 753 1830 807 τῶν

263 842 539 911 Καθαρῶν
583 841 675 894 καὶ
735 839 1257 910 ’Υδροπαραστατῶν
1303 842 1395 894 καὶ
1456 844 1827 911 Ἐγκρατιτῶν

261 933 567 1002 βάπτισμα,
598 937 643 985 εί
673 936 764 987 καὶ
795 935 1037 996 ἄδεκτον,
1071 934 1156 987 διὰ
1186 936 1246 986 τὸ
1291 934 1566 1002 ὲπιλεϊψαι
1613 935 1828 998 τούτοις

257 1025 321 1075 τδ
377 1023 597 1093 Πνεῦμα
651 1024 708 1077 τδ
768 1024 943 1093 ἃγιον,
970 1025 1088 1079 ἀλλ’
1145 1026 1238 1079 οὖν
1292 1027 1602 1096 οἰκονομίας
1662 1028 1826 1098 χάριν

255 1117 415 1170 ἔστω.

332 1385 392 1436 Οἱ
434 1385 509 1454 μὴ
569 1386 950 1447 κοινωνοῦντες
999 1387 1064 1454 τῇ
1116 1384 1376 1455 καθολικῇ
1420 1385 1712 1457 Ἐκκλησία
1744 1389 1826 1450 εἰς

251 1475 386 1542 τρία
415 1474 781 1542 διαιροῦνται·
816 1477 894 1538 είς
924 1475 1254 1544 αίρετικοῦς,
1295 1477 1375 1536 είς
1410 1477 1820 1545 σχισματικοὺς,

255 1567 356 1618 καὶ
401 1565 922 1633 παρασυναγὼγους.
956 1567 1063 1619 Καὶ
1118 1567 1384 1634 αίρετικοὶ
1433 1567 1534 1635 μέν
1581 1568 1721 1619 εἰσιν
1771 1569 1820 1620 οἱ

249 1658 353 1724 ’τῆς
379 1660 458 1718 εξς
498 1658 628 1710 Θεὸν
665 1658 902 1720 πίστεως
948 1659 1225 1719 παντελῶς
1279 1657 1819 1727 ἀπαλλοτριῶσαντες

250 1749 482 1811 ἑαυτούς
501 1763 515 1779 ο
540 1749 613 1810 ὡς
641 1751 687 1801 οί
711 1749 1068 1817 Πεπουζηνοὶ,
1094 1752 1138 1802 oi
1167 1750 1479 1820 Μανιχαῑοι,
1511 1753 1558 1802 οί
1590 1751 1820 1804 Οὐαλεν-

1934 578 2102 631 retico
2123 579 2472 647 celebratum,
2515 598 2619 636 non
2674 584 3034 654 recipiendum
3073 603 3087 642 :
3129 589 3490 658 recipiendum

1933 679 2060 718 vero
2103 668 2242 734 quod
2293 684 2322 722 a
2378 671 2729 728 schismatico
2768 675 2849 728 vel
2909 692 3312 752 parasyuagogo
3358 684 3498 738 cele-

1932 753 2140 812 bratur.
2192 757 2456 827 Pepuz‘eui
2496 761 2809 819 Montanum
2856 769 3194 825 nominarunt
3246 773 3494 830 Paracle-

1935 854 2067 906 tutu,
2101 859 2428 916 quapropter
2457 851 2546 918 qui
2583 852 2632 904 in
2674 869 2794 906 eum
2835 854 3190 924 baptizantur,
3223 878 3327 916 non
3364 876 3490 917 sunt

1930 934 2210 1003 baptizati.
2245 937 2600 994 Catharorum
2621 953 2674 995 et
2697 942 3299 1018 llydroparastatarum,
3329 966 3491 1025 atque

1929 1021 2328 1080 Encratitatum
2389 1029 2652 1096 baptisma
2691 1036 2901 1088 etiamsi
2946 1053 3051 1091 non
3105 1040 3177 1093 sil.
3227 1021 3489 1112 recipien-

1929 1110 2076 1172 dum,
2113 1123 2331 1178 propter
2377 1113 2611 1182 SpirLtus
2656 1121 2829 1175 sancti
2878 1127 3017 1192 apud
3045 1141 3138 1181 eos
3181 1110 3486 1202 defectum,

1929 1200 2282 1259 nihilominus
2316 1209 2632 1262 oeconomia:
2667 1225 2830 1266 causa
2862 1215 3206 1284 suscipiatur.

1999 1379 2245 1444 Quicum
2282 1381 2522 1439 Ecclesia
2555 1389 2821 1443 catholica
2847 1406 2951 1445 non
2985 1401 3401 1471 communicant,
3436 1405 3490 1459 in

1927 1471 2027 1521 tria
2051 1485 2244 1538 genera
2269 1473 2598 1542 dividuntur,
2627 1477 2682 1532 in
2707 1479 3004 1550 haereticos,
3026 1485 3077 1539 in
3094 1490 3486 1560 schistnaticos,

1925 1569 1978 1613 et
2011 1577 2470 1635 parasynagogos.
2499 1565 2567 1621 Et
2596 1569 2834 1626 haeretici
2867 1575 3087 1644 quidem
3123 1591 3248 1635 sunt
3287 1584 3364 1649 ii,
3395 1589 3487 1656 qui

1920 1666 2040 1706 sese
2080 1667 2108 1704 a
2141 1653 2241 1708 (ide
2268 1654 2322 1708 in
2360 1656 2523 1710 Deum
2554 1661 2774 1715 omnino
2799 1663 3196 1735 abalienarunt,
3233 1682 3290 1726 ut
3313 1653 3488 1744 Pepu-

1921 1743 2059 1804 zeni,
2086 1744 2388 1812 Manichaei,
2414 1748 2801 1818 Valentiniani,
2836 1753 3229 1827 Marcionistar;
3250 1772 3302 1818 et
3333 1743 3483 1822 miihi

246 1840 503 1898 τινιανοὶ,
535 1840 583 1890 oi
625 1837 1056 1908 Μαρκιωνισταὶ,
1088 1839 1184 1892 καὶ
1211 1837 1359 1891 ἄλλοι
1392 1837 1597 1890 πολλοί.
1624 1839 1688 1892 Ol
1717 1838 1808 1908 μὲν

1918 1835 2030 1888 alii.
2051 1834 2321 1906 Pepuceni
2340 1840 2483 1894 enim
2499 1841 2807 1898 Montanum
2824 1848 3104 1926 nominant
3123 1851 3192 1906 Pa
3203 1856 3481 1925 racletum,

248 1926 362 1997 γὰρ
390 1929 724 1999 Πεπουζηνοὶ
770 1929 861 1982 τὸν
905 1929 1175 1981 Μοντανὸν
1222 1929 1573 1999 παράκλητον
1617 1930 1812 2000 ὀνομά-

247 2016 426 2081 ζουσι,
455 2019 546 2070 xui
574 2018 670 2079 τὰς
705 2017 1070 2084 συναφθείσας
1109 2018 1254 2087 αὐτῷ
1289 2017 1562 2088 πορνικῶς
1590 2018 1683 2072 δύο
1712 2035 1811 2086 γυ-

248 2110 464 2173 ναῖκας,
502 2110 829 2179 Πρίσκιλλαν
863 2112 952 2163 καὶ
984 2110 1344 2178 Μαξίμιλλαν,
1375 2111 1452 2174 ὡς
1479 2112 1812 2183 προφήτιδας

246 2201 452 2269 ἔχουσι.
483 2202 620 2265 Τοὺς
669 2202 880 2270 γάμους
913 2202 1217 2273 ἀδιαφόρως
1256 2202 1482 2256 λύουσι·
1526 2203 1587 2256 τὸ
1624 2204 1813 2272 Πάσχα

244 2292 276 2344 δ
303 2293 662 2362 αστρέφουσι’
699 2293 796 2355 τὰς
830 2296 978 2363 τρεῖς
1004 2294 1337 2356 ὑποστάσεις
1381 2294 1480 2363 τῆς
1525 2295 1809 2364 ὁμοουσίου

251 2383 518 2453 Θεότητος
541 2385 618 2447 εἰς
644 2383 702 2437 ἒν
730 2385 1014 2453 συγχέουσι
1040 2386 1344 2452 πρόσωπον,
1373 2386 1466 2437 καὶ
1501 2385 1666 2456 ἕτερά
1694 2404 1811 2438 τινα

243 2473 421 2542 ἀσεϐῆ
449 2474 672 2526 τοιαῦτα
707 2475 1015 2542 φρονοῦσιν.
1036 2476 1098 2528 Ol.
1122 2474 1175 2527 δὲ
1201 2475 1492 2545 Μανιχαῐοι
1521 2476 1614 2528 δύο
1639 2478 1810 2546 ἀρχὰς

245 2564 565 2629 σίσάγουσιι
602 2565 868 2628 ἐναντίας,
921 2565 1014 2617 καὶ
1062 2566 1386 2627 ἰσοσθενεῖς·
1427 2567 1521 2618 καὶ
1564 2567 1661 2638 τὴν
1710 2567 1811 2636 μὲν

248 2654 428 2721 φωτὸς
459 2654 770 2719 δοξάζουσιν
811 2653 947 2708 εἶναι
989 2655 1296 2724 παραίτιον,
1332 2655 1431 2724 τὴν
1474 2656 1529 2708 δὲ
1565 2658 1808 2719 σκότους.

247 2747 361 2800 Καὶ
390 2747 539 2818 ἥλιον
572 2749 665 2800 καὶ
707 2748 934 2818 σελήνην
989 2746 1358 2801 θεοποιοῦνται
1386 2763 1400 2778 ’
1435 2747 1530 2800 καὶ
1565 2748 1654 2801 τὸν
1700 2749 1811 2800 διά·-

245 2837 403 2889 6ο).ον
430 2841 527 2908 τῆς
570 2838 702 2905 ὕλης
745 2837 1240 2906 προσαγορεύουσιν
1285 2837 1522 2906 ἄρχοντα
1549 2854 1562 2867 °
1597 2839 1692 2890 καὶ
1720 2839 1810 2890 τὸν

243 2929 426 2995 γάμον
479 2929 795 2997 νομοθεσίαν
838 2928 1060 2980 καλοῦσι
1119 2929 1210 2979 τοῦ
1264 2927 1515 2995 δαίμονος
1541 2944 1553 2956 ’
1589 2930 1681 2979 καὶ
1711 2928 1809 2995 τὴν

245 3023 330 3084 είς
375 3022 498 3083 τοὺς
530 3021 822 3089 δεομένους
883 3021 1166 3089 μετάδοσιν
1217 3021 1471 3086 ἀνόμημα
1526 3018 1806 3085 κρίνουσι·

247 3118 344 3168 καὶ
369 3113 458 3164 τὸν
492 3113 690 3180 Κύριον
724 3111 876 3163 οὐδὲν
907 3109 1243 3180 ἀνθρώπι·.ον
1277 3109 1556 3178 εἰληφέναι
1587 3125 1806 3178 σαρκωο

243 3207 408 3258 θέντα
442 3204 753 3269 δοξάζουσι·
793 3203 882 3255 καὶ
911 3202 999 3255 τὸν
1029 3203 1280 3270 σταυρὸν,
1315 3205 1406 3254 καὶ
1436 3202 1527 3254 τὸν
1551 3201 1800 3267 θάνατον,

243 3297 339 3348 καὶ
383 3295 479 3364 τὴν
533 3296 849 3358 ἀνάστασιν,
879 3293 952 3357 ὠς
1012 3292 1086 3362 μὴ
1137 3296 1201 3363 τῇ
1253 3293 1480 3363 ἀληθείᾳ
1517 3293 1801 3362 γενόμενα,

243 3383 597 3453 δασύρουσι·
635 3383 728 3435 καὶ
759 3383 926 3452 μύρια
975 3382 1107 3434 ἄλλα
1142 3381 1308 3450 άσεὸῆ
1365 3379 1803 3449 δογματίζουσιν.

243 3476 304 3526 0i
335 3476 389 3526 δὲ
418 3475 848 3527 Οὑαλεντινιανοὶ
875 3473 973 3541 τῆς
1007 3473 1206 3541 σαρκὸς
1254 3475 1656 3541 ἀπαγορεύουσι
1705 3476 1804 3544 τὴν

242 3571 573 3620 ἀνάστασιν·
607 3568 703 3634 τὴν
745 3565 980 3617 παλαιάν
1028 3564 1280 3616 ἁθετοῦσι
1332 3565 1631 3633 Διαθήκην.
1682 3570 1805 3628 τοὺς

244 3662 528 3728 προφήτας
581 3656 1042 3722 ἀναγινώσκοντες
1094 3657 1183 3705 καὶ
1234 3655 1366 3722 πρὶς
1413 3654 1509 3724 τὴν
1553 3653 1804 3722 αἴσθησιν

241 3753 421 3804 ostii“
456 3752 676 3810 τούτους
725 3749 1243 3816 μεθερμηνεύοντες,
1275 3745 1599 3814 μυθολογίας
1651 3748 1802 3807 τινας

239 3842 685 3894 ἀναπλάττουσιν
735 3839 826 3892 καὶ
869 3839 958 3890 τὸν
1014 3837 1245 3906 Χριστὸν
1302 3838 1397 3890 ἀπ’
1445 3838 1674 3908 ούρανοῦ
1722 3838 1806 3892 λέ-

240 3949 398 3999 γουσι
433 3935 530 4000 τὴν
566 3931 746 4000 σάρκα
777 3931 1148 3994 κατενεγκεῖν,
1183 3929 1277 3980 καὶ
1318 3928 1390 3991 ὡς
1423 3928 1510 3981 διά
1542 3929 1798 3997 σωλῆνος,

239 4021 470 4074 διελθεῖν
518 4020 616 4086 τῆς
678 4017 997 4087 Παρθένου’
1049 4017 1142 4068 καὶ
1205 4015 1342 4069 ἄλλα
1403 4018 1527 4069 τινὰ
1578 4016 1804 4068 τοιαῦτα

242 4112 539 4180 βλάσφημα
573 4107 925 4177 ληρωδοῦσιν.
958 4107 1021 4158 Ol
1052 4107 1106 4158 δὲ
1135 4107 1545 4175 Μαρκιωνισταί
1574 4108 1713 4157 εἰσιν
1752 4106 1802 4156 οι

240 4203 606 4262 Μασαλιανοὶ,
632 4202 678 4252 οί
711 4202 803 4252 καὶ
854 4199 1075 4266 Εὐχῖται
1113 4196 1538 4266 ἐρμηνευόμενοι
1560 4213 1572 4228 ·
1602 4197 1801 4259 οἵτινες

237 4293 615 4360 πολυκέφαλον
652 4291 742 4342 καὶ
782 4288 1134 4354 πολυώνυμον
1163 4285 1260 4355 τὴν
1302 4285 1512 4352 αἵρεσιν
1566 4285 1799 4353 ἔχουσιν.

238 4380 400 4440 Οὗτοι
431 4385 561 4453 γοῦν
594 4383 791 4441 πάντες
824 4379 920 4448 τῆς
971 4377 1234 4446 αἱρέσεως
1266 4374 1446 4428 αὐτῶν
1498 4392 1804 4448 μεταστραο

1915 1934 1970 1982 et
2013 1929 2143 1981 duas
2176 1930 2429 1986 mulieres
2456 1933 2716 1990 adulterio
2748 1936 2796 1990 ei
2826 1939 3138 2008 conjunctas
3175 1944 3477 2006 Priscillam

1913 2027 1966 2071 et
1991 2017 2331 2074 Maximillam
2372 2037 2467 2091 pro
2496 2026 2851 2094 prophetissis
2879 2029 3096 2086 habent.
3139 2033 3362 2104 Nuptias
3400 2044 3482 2096 itt-

1914 2106 2220 2162 dill‘erenter
2248 2109 2484 2176 solvunt,
2515 2113 2720 2168 Pascha
2745 2129 3077 2184 pervertunt,
3114 2133 3219 2178 tres
3249 2132 3482 2184 consul)-

1915 2199 2181 2253 stantialis
2207 2201 2432 2255 Deitatis
2472 2203 2849 2261 subsistentias
2892 2210 2943 2263 in
2976 2226 3138 2266 unam
3181 2230 3471 2284 personam

1915 2288 2282 2354 coal'uudunt,
2315 2302 2367 2347 et
2400 2294 2502 2347 alia
2539 2297 2788 2364 quaedam
2816 2299 3116 2355 istiusmodi
3165 2304 3325 2373 impia
3355 2324 3478 2362 sen-

1917 2381 2072 2435 tiunt.
2107 2379 2386 2436 Manichtei
2441 2395 2618 2439 autem
2662 2386 2768 2441 duo
2818 2391 3082 2461 principia
3134 2396 3480 2456 introducunt

1913 2472 2205 2535 contraria,
2256 2479 2310 2524 et
2360 2474 2552 2543 aequali
2605 2479 2843 2545 potentia
2909 2484 3167 2550 praedita,
3214 2498 3269 2542 et
3311 2505 3476 2547 unum

1913 2563 2130 2629 quidem
2167 2564 2303 2620 lucis
2334 2579 2550 2622 causam
2588 2583 2708 2624 esse
2749 2572 3062 2640 opinantur,
3100 2577 3330 2634 alterum
3374 2596 3476 2637 au-

1917 2659 2022 2704 tem
2067 2654 2436 2708 tenebrarum.
2476 2655 2658 2712 Solem
2688 2670 2742 2714 et
2771 2661 2951 2717 lunam
2983 2665 3113 2721 deos
3155 2666 3393 2738 faciunt,
3424 2687 3479 2730 et

1917 2742 2194 2797 diabolum
2242 2746 2487 2802 materia
2532 2750 2833 2820 principem
2867 2754 3139 2823 appellant
3176 2768 3231 2814 et
3265 2765 3478 2830 nuptias

1912 2834 2169 2890 (laritanis
2205 2847 2529 2905 praeceptum
2561 2852 2774 2906 vocant,
2806 2852 2860 2898 et
2894 2847 2958 2898 ad
2982 2861 3181 2919 egenos
3210 2851 3471 2908 distribu-

1914 2923 2109 2979 tionem
2145 2924 2400 2996 ﬂagitium
2435 2930 2697 2999 judicant,
2724 2943 2777 2988 et
2808 2936 3091 2993 Dominum
3130 2940 3472 3001 incai'natum

1914 3015 2044 3069 nihil
2065 3018 2355 3072 humanum
2377 3023 2737 3089 assumpsisse
2760 3025 3110 3093 arbitrantur,
3139 3042 3191 3085 et
3219 3047 3433 3090 crucem
3462 3082 3472 3101 ,

1913 3113 1967 3157 et
2001 3115 2228 3160 mortem
2269 3119 2321 3163 et
2340 3112 2786 3167 resurrectionem
2825 3123 2882 3168 ut
2905 3131 3010 3171 non
3035 3133 3162 3175 vere
3196 3122 3335 3179 facta
3362 3127 3473 3181 ele-

1911 3204 2054 3262 vant,
2079 3201 2533 3269 etquamplurima
2564 3205 2721 3273 impia
2744 3207 2959 3264 docent.
2991 3211 3349 3271 Valentiniani
3377 3235 3473 3274 a-t-

1909 3295 2013 3340 tem
2068 3291 2250 3343 carnis
2297 3296 2751 3350 resurrectionem
2815 3312 3030 3369 negant,
3093 3313 3247 3361 vetus
3280 3309 3468 3363 Testa.

1911 3392 2146 3435 mentum
2197 3385 2466 3452 rejiciunt,
2502 3390 2793 3456 prophetas
2830 3391 3071 3461 legentes
3110 3404 3162 3450 et
3207 3401 3273 3452 ad
3316 3415 3468 3455 suam

1907 3474 2307 3538 perceptionem
2342 3489 2435 3528 eos
2454 3476 2896 3546 interpretantes,
2921 3484 3274 3555 mythologias
3301 3503 3467 3557 quas-

1907 3563 2027 3610 dam
2083 3561 2362 3632 eﬂiugunl,
2405 3576 2458 3618 et
2499 3565 2771 3620 Christum
2819 3585 2846 3622 a
2891 3572 3028 3626 cmlo
3056 3589 3274 3630 carnem
3325 3587 3471 3633 attu-

1908 3651 2055 3714 lisse,
2085 3662 2138 3703 et
2169 3651 2440 3722 Virginem
2481 3664 2739 3725 tanquam
2781 3675 2876 3728 per
2905 3663 3147 3718 canalem
3191 3670 3473 3728 transiisse

1906 3739 2111 3801 ιΙίιίιιιι,
2135 3750 2189 3794 et
2219 3742 2321 3794 alia
2352 3745 2607 3797 nonnulla
2651 3747 2956 3802 istiusmodi
3001 3751 3312 3819 blasphema
3337 3759 3471 3814 deli-

1909 3842 2087 3884 rantes
2122 3832 2425 3901 prol‘erunt.
2469 3834 2829 3893 Mareionistze
2863 3852 2988 3894 vero
3021 3854 3146 3897 sunt
3177 3847 3266 3914 qui
3291 3847 3472 3904 Masa-

1906 3920 2035 3973 liani
2077 3932 2132 3974 et
2198 3921 2440 3978 Euchitae
2487 3926 2927 3995 interpretantur,
2960 3946 3190 3998 quorum
3249 3938 3472 3994 hazresis

1907 4012 2256 4067 multiformis
2300 4023 2383 4068 est
2425 4025 2480 4068 et
2515 4018 2927 4074 multinominis.
2966 4021 3026 4075 Hi
3057 4024 3238 4094 itaque
3279 4040 3470 4084 omnes

1904 4105 1972 4159 ab
2010 4108 2196 4160 haeresi
2229 4122 2325 4160 sua
2357 4110 2626 4174 conversi,
2671 4121 2725 4164 et
2758 4114 2822 4165 ad
2865 4125 3064 4167 rectam
3108 4117 3264 4172 ﬁdem
3311 4137 3470 4175 acce-

1904 4195 2113 4260 dentes,
2147 4197 2513 4266 baptizantur,
2561 4202 2685 4268 quia
2726 4216 2910 4256 eorum
2953 4204 3218 4274 baptisma
3251 4224 3279 4262 a
3314 4211 3471 4265 nobis

1905 4297 2003 4353 pro
2045 4287 2213 4342 nihilo
2244 4289 2476 4343 ducitur.
2528 4289 2870 4346 Scltisutatici
2896 4306 3074 4349 autem
3106 4309 3255 4362 sunt,
3280 4301 3367 4367 qui
3402 4303 3472 4354 ah

1904 4374 2145 4430 Ecclesia
2172 4393 2292 4434 sese
2327 4381 2695 4446 absciderunt,
2723 4392 2777 4436 ιιι
2802 4385 3090 4441 Donatista:
3110 4427 3122 4448 ,
3160 4400 3212 4442 et
3242 4393 3332 4458 qui
3362 4391 3470 4446 Ca-

240 4487 452 4553 φέντες,
488 4477 581 4531 καὶ
611 4477 676 4544 τῇ
708 4472 991 4542 ἀμωμήτῳ
1037 4467 1215 4520 πίστει
1260 4466 1670 4536 προσελθόντες,
1705 4468 1804 4536 βα-

1914 4466 2042 4519 thari
2067 4467 2338 4530 dicuntur,
2377 4477 2429 4522 et
2448 4468 2946 4539 llydroparastatre.
2979 4484 3032 4528 et
3066 4475 3374 4534 Encratitaz.
3404 4479 3470 4535 lli

241 4577 545 4638 πτὶζονται,
586 4568 674 4621 διὰ
709 4568 767 4617 τὸ
800 4562 1107 4617 ἀθετεῖσθαι
1161 4561 1292 4629 παρ’
1337 4560 1492 4628 ήμῶν
1517 4559 1576 4611 τὸ
1608 4559 1803 4626 βάπτιο

243 4684 357 4734 σμα
385 4663 585 4718 αὐτῶν.
629 4655 983 4728 Σχισματικοὶ
1011 4653 1066 4705 δέ
1097 4652 1237 4704 εἰσιν
1266 4652 1312 4702 οἱ
1346 4651 1443 4718 τῆς
1475 4649 1802 4719 Ἐκκλησίας

240 4757 468 4816 ἑαυτοὺς
526 4751 971 4819 ἀποστήσαντες·
1005 4745 1078 4807 ὡς
1130 4744 1180 4794 οἱ
1235 4743 1574 4804 Δονατισταὶ,
1604 4743 1700 4793 καὶ
1751 4744 1800 4793 οι

238 4846 525 4912 λεγόμενοι
560 4841 825 4906 Καθαροὶ,
874 4835 969 4888 καὶ
1026 4834 1074 4884 oi
1129 4830 1675 4899 'T6ponzpaotdtat,
1709 4830 1804 4881 καὶ

238 4938 288 4988 οἱ
336 4933 705 5000 Ἐγκρατῖται.
754 4921 912 4980 Οὗτοι
965 4927 1092 4994 γὰρ,
1128 4927 1176 4975 εἰ
1222 4920 1612 4989 ἐπιστρέφουσι
1665 4919 1804 4988 πρὸς

238 5028 338 5096 τὴν
372 5025 668 5092 καθολικὴν
713 5019 1060 5086 Ἐκκλησίαν,
1092 5016 1183 5068 καὶ
1214 5015 1311 5075 τὰς
1338 5014 1578 5082 αἱρέσεις
1623 5010 1801 5062 αὐτῶν

239 5112 750 5180 ἁναθεματίσουσιν,
781 5105 855 5166 ὡς
888 5102 1307 5173 βεϐαπτισμένοι
1361 5099 1802 5168 παραδεχθήσονο

236 5223 352 5270 ται,
380 5203 474 5254 καὶ
507 5200 651 5268 μόνῳ
673 5198 750 5265 τῴ
799 5195 937 5265 ἁγίῳ
969 5193 1126 5261 μύρῳ
1177 5190 1586 5259 χρισθήσονται.
1625 5190 1806 5257 Παρα-

240 5296 550 5360 συνάγωγοι
630 5289 686 5341 δέ
760 5289 898 5339 εἰσιν
958 5284 1008 5334 oi
1060 5283 1480 5349 κατακριθέντες
1547 5279 1639 5331 ὲπί
1690 5296 1804 5331 τισι

237 5386 579 5453 πταίσμασιν
615 5380 922 5441 ἐπίσκοποι,
954 5374 986 5445 ἦ
1019 5371 1400 5443 πρεσϐύτεροι,
1449 5373 1541 5423 καὶ
1574 5387 1802 5439 μετακι-

237 5476 496 5548 νηθέντες
525 5474 622 5537 τῆς
654 5467 1014 5538 λειτουργίας,
1039 5466 1133 5515 καὶ
1177 5465 1251 5532 μὴ
1281 5462 1657 5530 ὐποκύῲαντες
1687 5463 1801 5521 τοῖς

236 5558 482 5627 κανόσιν,
511 5562 626 5617 ἀλλ’
658 5562 886 5622 ἑαυτοὺς
908 5557 1237 5618 αὐθεντικῶς
1265 5555 1672 5623 ὲκδικὴσαντες,
1697 5553 1796 5622 τὴν

235 5657 556 5732 προεδρίαν,
590 5654 682 5706 καὶ
727 5653 824 5722 τὴν
869 5647 1234 5718 λειτουργίαν,
1271 5645 1361 5697 καὶ
1405 5644 1795 5714 θυσιαστήριον

1909 4556 2054 4608 enim
2108 4556 2154 4609 si
2201 4557 2266 4609 ad
2294 4559 2618 4614 catholicam
2660 4563 2880 4616 redeant
2912 4564 3225 4634 Ecclesiam,
3263 4579 3316 4623 et
3361 4571 3470 4626 ha:-

1913 4660 2057 4700 reses
2103 4660 2229 4701 suas
2270 4649 2748 4718 auathematizent,
2781 4663 2838 4705 ut
2879 4653 3132 4723 baptizati
3183 4659 3470 4715 admitten-

1909 4746 2018 4801 tur,
2055 4747 2108 4791 et
2139 4737 2255 4791 solo
2293 4752 2483 4794 sancto
2527 4742 2818 4798 chrismate
2847 4754 3132 4812 ungentur.
3171 4732 3469 4819 Parasyua-

1906 4828 2028 4897 gogi
2053 4840 2234 4884 autem
2269 4843 2395 4884 sunt
2428 4835 2662 4902 episcopi
2692 4845 2782 4889 aut
2814 4836 3112 4905 presbyteri
3140 4841 3230 4910 qui
3260 4845 3330 4895 oh
3358 4846 3468 4897 cri-

1910 4920 2056 4973 mina
2095 4921 2271 4989 aliqua
2306 4925 2671 4988 condemnati,
2705 4934 2759 4979 et
2795 4927 3095 4982 ministerio
3127 4947 3283 4987 sacro
3317 4938 3468 4999 moti,

1909 5023 1960 5067 et
1984 5013 2282 5067 canonibus
2309 5030 2412 5068 non
2455 5017 2841 5083 auscultantes,
2873 5019 2968 5074 sed
3001 5036 3059 5074 se
3085 5037 3205 5077 cum
3237 5028 3467 5079 auctori.

1909 5112 2018 5157 tate
2037 5103 2409 5168 defendentes,
2438 5107 2857 5175 praesidentiam.
2907 5119 2960 5162 et
2992 5111 3286 5182 liturgiam,
3310 5126 3362 5168 et
3387 5119 3466 5168 al-

1907 5203 2021 5248 tare
2038 5194 2140 5264 51
2179 5196 2319 5250 aliud
2337 5206 2671 5262 struxerunt,
2697 5201 2887 5254 et-aliis
2908 5217 3018 5256 sua:
3037 5218 3157 5258 esse
3189 5209 3466 5262 sententia:

1908 5294 2314 5348 persuaserunt,
2364 5295 2420 5338 ut
2475 5287 2618 5353 ipsos
2661 5297 2978 5356 sequantur,
3025 5300 3082 5345 et
3141 5295 3462 5350 catholicam

1910 5375 2159 5428 deserant
2188 5375 2504 5429 Ecclesiam.
2544 5377 2703 5431 Tales
2732 5379 2874 5432 enim
2899 5383 3271 5448 paenitentiam
3299 5401 3464 5454 agen-

1919 5477 1998 5518 tes
2029 5477 2082 5519 et
2115 5468 2452 5520 memorabili
2491 5467 2861 5535 resipisceutia
2897 5479 2945 5524 et
2975 5476 3326 5528 conversione
3353 5462 3464 5528 me-

1906 5557 2070 5610 liores
2093 5559 2399 5618 evadentes,
2426 5555 2682 5612 Ecclesia:
2707 5559 2924 5628 iterum,
2955 5573 3010 5615 ut
3033 5579 3196 5617 unum
3242 5580 3463 5631 c0rpus,

1903 5642 2321 5712 coniunguntur.

233 5755 545 5825 πηξάμενοι
570 5749 778 5816 ἕτερον,
837 5747 930 5798 καὶ
976 5744 1078 5809 τῆς
1139 5742 1361 5808 γνώμης
1406 5740 1582 5793 αὐτῶν
1624 5741 1870 5808 γενέσθαι
1903 5740 2053 5800 τινας
2102 5741 2562 5808 παραπείσαντες,
2594 5742 2734 5796 ὥστε
2770 5743 3228 5813 συνακολουθῆσαι
3260 5745 3467 5814 αὐτοῖς,

442 5846 713 5904 Ριτιιοι..
761 5840 876 5900 Gtt.
925 5839 1024 5899 CX
1040 5834 1296 5896 XXVIII.

3041 5834 3109 5895 19
