  <div class='ocr_page' id='page_1' title='image "/cluster/home/n/w/nwhite01/storage/ocr_20150623/138/uva.x030486987/341.png"; bbox 0 0 4124 6454; ppageno 0'>
   <div class='ocr_carea' id='block_1_1' title="bbox 699 394 800 457">
    <p class='ocr_par' dir='ltr' id='par_1_1' title="bbox 699 394 800 457">
     <span class='ocr_line' id='line_1_1' title="bbox 699 394 800 457; baseline -0.02 0"><span class='ocrx_word' id='word_1_1' title='bbox 699 394 800 457; x_wconf 71' lang='lat'><strong>587</strong></span> 
     </span>
    </p>
   </div>
   <div class='ocr_carea' id='block_1_2' title="bbox 690 493 3255 574">
    <p class='ocr_par' dir='ltr' id='par_1_2' title="bbox 690 493 3255 574">
     <span class='ocr_line' id='line_1_2' title="bbox 690 493 3255 574; baseline -0.006 -15"><span class='ocrx_word' id='word_1_2' title='bbox 690 507 784 559; x_wconf 65' lang='grc' dir='ltr'><strong>καὶ</strong></span> <span class='ocrx_word' id='word_1_3' title='bbox 846 504 941 574; x_wconf 78' lang='grc' dir='ltr'><strong>τὴν</strong></span> <span class='ocrx_word' id='word_1_4' title='bbox 1012 501 1301 570; x_wconf 72' lang='grc' dir='ltr'><strong>καθολικὴν</strong></span> <span class='ocrx_word' id='word_1_5' title='bbox 1347 499 1668 553; x_wconf 75' lang='grc' dir='ltr'><strong>καταλιπεῖν</strong></span> <span class='ocrx_word' id='word_1_6' title='bbox 1739 499 2082 568; x_wconf 77' lang='grc' dir='ltr'><strong>Ἐκκλησίαν.</strong></span> <span class='ocrx_word' id='word_1_7' title='bbox 2154 498 2218 548; x_wconf 82' lang='grc' dir='ltr'><strong>Οἱ</strong></span> <span class='ocrx_word' id='word_1_8' title='bbox 2275 495 2505 549; x_wconf 61' lang='grc' dir='ltr'><strong>τοιοῦτοι</strong></span> <span class='ocrx_word' id='word_1_9' title='bbox 2571 497 2696 564; x_wconf 73' lang='grc' dir='ltr'><strong>γὰρ,</strong></span> <span class='ocrx_word' id='word_1_10' title='bbox 2769 493 3255 563; x_wconf 60' lang='grc' dir='ltr'><strong>μεταμεληθέντες,</strong></span> 
     </span>
    </p>
   </div>
   <div class='ocr_carea' id='block_1_3' title="bbox 1945 371 2263 446">
    <p class='ocr_par' dir='ltr' id='par_1_3' title="bbox 1945 385 2226 446">
     <span class='ocr_line' id='line_1_3' title="bbox 1945 385 2226 446; baseline 0.011 -3"><span class='ocrx_word' id='word_1_11' title='bbox 1945 385 2226 446; x_wconf 81' lang='grc' dir='ltr'><strong>ΤΠΕΟΙ).</strong></span> 
     </span>
    </p>
   </div>
   <div class='ocr_carea' id='block_1_4' title="bbox 2366 371 3922 446">
    <p class='ocr_par' dir='ltr' id='par_1_4' title="bbox 2366 371 3922 442">
     <span class='ocr_line' id='line_1_4' title="bbox 2366 371 3922 442; baseline -0.007 -1"><span class='ocrx_word' id='word_1_12' title='bbox 2366 381 2658 442; x_wconf 68' lang='lat' dir='ltr'><strong>LSAMON</strong></span> <span class='ocrx_word' id='word_1_13' title='bbox 3833 371 3922 435; x_wconf 75' lang='lat'><strong>583</strong></span> 
     </span>
    </p>
   </div>
   <div class='ocr_carea' id='block_1_5' title="bbox 3320 491 3865 560">
    <p class='ocr_par' dir='ltr' id='par_1_5' title="bbox 3320 491 3865 560">
     <span class='ocr_line' id='line_1_5' title="bbox 3320 491 3865 560; baseline -0.009 -14"><span class='ocrx_word' id='word_1_14' title='bbox 3320 493 3414 546; x_wconf 71' lang='grc' dir='ltr'><strong>καὶ</strong></span> <span class='ocrx_word' id='word_1_15' title='bbox 3464 491 3731 560; x_wconf 74' lang='grc' dir='ltr'><strong>μετανοίᾳ</strong></span> <span class='ocrx_word' id='word_1_16' title='bbox 3791 492 3865 556; x_wconf 60' lang='lat' dir='ltr'><strong>die</strong></span> 
     </span>
    </p>
   </div>
   <div class='ocr_carea' id='block_1_6' title="bbox 693 587 3313 666">
    <p class='ocr_par' dir='ltr' id='par_1_6' title="bbox 693 587 3313 666">
     <span class='ocr_line' id='line_1_6' title="bbox 693 587 3313 666; baseline -0.003 -19"><span class='ocrx_word' id='word_1_17' title='bbox 693 597 855 666; x_wconf 79' lang='grc' dir='ltr'><strong>λόγῳ,</strong></span> <span class='ocrx_word' id='word_1_18' title='bbox 907 595 998 648; x_wconf 69' lang='grc' dir='ltr'><strong>καὶ</strong></span> <span class='ocrx_word' id='word_1_19' title='bbox 1057 595 1355 662; x_wconf 73' lang='grc' dir='ltr'><strong>ἐπιστροφῇ</strong></span> <span class='ocrx_word' id='word_1_20' title='bbox 1421 591 1824 662; x_wconf 77' lang='grc' dir='ltr'><strong>βελτιωθέντες,</strong></span> <span class='ocrx_word' id='word_1_21' title='bbox 1879 592 2239 642; x_wconf 68' lang='grc' dir='ltr'><strong>συνάπτονται</strong></span> <span class='ocrx_word' id='word_1_22' title='bbox 2273 589 2452 649; x_wconf 78' lang='grc' dir='ltr'><strong>πάλιν,</strong></span> <span class='ocrx_word' id='word_1_23' title='bbox 2487 589 2558 650; x_wconf 72' lang='grc' dir='ltr'><strong>ὠς</strong></span> <span class='ocrx_word' id='word_1_24' title='bbox 2593 589 2648 638; x_wconf 81' lang='grc' dir='ltr'><strong>ἓν</strong></span> <span class='ocrx_word' id='word_1_25' title='bbox 2680 589 2859 655; x_wconf 79' lang='grc' dir='ltr'><strong>σῶμα,</strong></span> <span class='ocrx_word' id='word_1_26' title='bbox 2889 590 2952 657; x_wconf 77' lang='grc' dir='ltr'><strong>τῇ</strong></span> <span class='ocrx_word' id='word_1_27' title='bbox 2996 587 3313 655; x_wconf 71' lang='grc' dir='ltr'><strong>Ἐκκλησία.</strong></span> 
     </span>
    </p>
   </div>
   <div class='ocr_carea' id='block_1_7' title="bbox 1306 684 1628 739">
    <p class='ocr_par' dir='ltr' id='par_1_7' title="bbox 1306 684 1628 739">
     <span class='ocr_line' id='line_1_7' title="bbox 1306 684 1628 739; baseline -0.003 0"><span class='ocrx_word' id='word_1_28' title='bbox 1306 684 1535 739; x_wconf 72' lang='lat' dir='ltr'><strong>CANON</strong></span> <span class='ocrx_word' id='word_1_29' title='bbox 1569 685 1628 738; x_wconf 91' lang='lat' dir='ltr'><strong>ll.</strong></span> 
     </span>
    </p>
   </div>
   <div class='ocr_carea' id='block_1_8' title="bbox 697 773 2257 846">
    <p class='ocr_par' dir='ltr' id='par_1_8' title="bbox 697 773 2257 846">
     <span class='ocr_line' id='line_1_8' title="bbox 697 773 2257 846; baseline -0.004 -16"><span class='ocrx_word' id='word_1_30' title='bbox 697 783 823 844; x_wconf 69' lang='lat' dir='ltr'><strong>Qua:</strong></span> <span class='ocrx_word' id='word_1_31' title='bbox 856 782 918 834; x_wconf 88' lang='lat' dir='ltr'><strong>de</strong></span> <span class='ocrx_word' id='word_1_32' title='bbox 948 780 1202 834; x_wconf 86' lang='lat' dir='ltr'><strong>industria</strong></span> <span class='ocrx_word' id='word_1_33' title='bbox 1247 777 1414 832; x_wconf 90' lang='lat' dir='ltr'><strong>fetum</strong></span> <span class='ocrx_word' id='word_1_34' title='bbox 1439 778 1699 846; x_wconf 89' lang='lat' dir='ltr'><strong>corrupit,</strong></span> <span class='ocrx_word' id='word_1_35' title='bbox 1724 777 1886 831; x_wconf 67' lang='lat' dir='ltr'><strong>credis</strong></span> <span class='ocrx_word' id='word_1_36' title='bbox 1915 790 2106 844; x_wconf 66' lang='lat' dir='ltr'><strong>poenas</strong></span> <span class='ocrx_word' id='word_1_37' title='bbox 2129 773 2257 826; x_wconf 90' lang='lat' dir='ltr'><strong>luat.</strong></span> 
     </span>
    </p>
   </div>
   <div class='ocr_carea' id='block_1_9' title="bbox 770 865 2260 925">
    <p class='ocr_par' dir='ltr' id='par_1_9' title="bbox 770 865 2260 925">
     <span class='ocr_line' id='line_1_9' title="bbox 770 865 2260 925; baseline -0.005 -1"><span class='ocrx_word' id='word_1_38' title='bbox 770 870 1004 924; x_wconf 81' lang='lat' dir='ltr'><strong>Formati</strong></span> <span class='ocrx_word' id='word_1_39' title='bbox 1039 881 1214 925; x_wconf 87' lang='lat' dir='ltr'><strong>autem</strong></span> <span class='ocrx_word' id='word_1_40' title='bbox 1241 869 1326 922; x_wconf 81' lang='lat' dir='ltr'><strong>vel</strong></span> <span class='ocrx_word' id='word_1_41' title='bbox 1364 867 1610 922; x_wconf 80' lang='lat' dir='ltr'><strong>informis</strong></span> <span class='ocrx_word' id='word_1_42' title='bbox 1633 868 1943 921; x_wconf 80' lang='lat' dir='ltr'><strong>subtilitasa</strong></span> <span class='ocrx_word' id='word_1_43' title='bbox 1969 865 2123 918; x_wconf 87' lang='lat' dir='ltr'><strong>nobis</strong></span> <span class='ocrx_word' id='word_1_44' title='bbox 2157 878 2260 916; x_wconf 88' lang='lat' dir='ltr'><strong>non</strong></span> 
     </span>
    </p>
   </div>
   <div class='ocr_carea' id='block_1_10' title="bbox 772 955 2264 1024">
    <p class='ocr_par' dir='ltr' id='par_1_10' title="bbox 772 955 2264 1024">
     <span class='ocr_line' id='line_1_10' title="bbox 772 955 2264 1024; baseline -0.005 -13"><span class='ocrx_word' id='word_1_45' title='bbox 772 959 1062 1013; x_wconf 88' lang='lat' dir='ltr'><strong>attenditur</strong></span> <span class='ocrx_word' id='word_1_46' title='bbox 1091 978 1103 1011; x_wconf 89' lang='lat'><strong>:</strong></span> <span class='ocrx_word' id='word_1_47' title='bbox 1138 959 1222 1012; x_wconf 89' lang='lat' dir='ltr'><strong>hic</strong></span> <span class='ocrx_word' id='word_1_48' title='bbox 1268 959 1436 1021; x_wconf 89' lang='lat' dir='ltr'><strong>enim,</strong></span> <span class='ocrx_word' id='word_1_49' title='bbox 1470 973 1574 1011; x_wconf 91' lang='lat' dir='ltr'><strong>non</strong></span> <span class='ocrx_word' id='word_1_50' title='bbox 1619 957 1788 1010; x_wconf 75' lang='lat' dir='ltr'><strong>solun)</strong></span> <span class='ocrx_word' id='word_1_51' title='bbox 1843 957 1983 1024; x_wconf 85' lang='lat' dir='ltr'><strong>quod</strong></span> <span class='ocrx_word' id='word_1_52' title='bbox 2017 955 2264 1014; x_wconf 2' lang='lat' dir='ltr'><strong>enascitu-</strong></span> 
     </span>
    </p>
   </div>
   <div class='ocr_carea' id='block_1_11' title="bbox 770 1044 2266 1114">
    <p class='ocr_par' dir='ltr' id='par_1_11' title="bbox 770 1044 2266 1114">
     <span class='ocr_line' id='line_1_11' title="bbox 770 1044 2266 1114; baseline -0.007 -10"><span class='ocrx_word' id='word_1_53' title='bbox 770 1068 883 1104; x_wconf 89' lang='lat' dir='ltr'><strong>rum</strong></span> <span class='ocrx_word' id='word_1_54' title='bbox 913 1051 1031 1113; x_wconf 89' lang='lat' dir='ltr'><strong>fuit,</strong></span> <span class='ocrx_word' id='word_1_55' title='bbox 1066 1049 1384 1113; x_wconf 75' lang='lat' dir='ltr'><strong>vindicatur,</strong></span> <span class='ocrx_word' id='word_1_56' title='bbox 1414 1051 1505 1102; x_wconf 88' lang='lat' dir='ltr'><strong>sed</strong></span> <span class='ocrx_word' id='word_1_57' title='bbox 1529 1048 1690 1100; x_wconf 85' lang='lat' dir='ltr'><strong>etiam</strong></span> <span class='ocrx_word' id='word_1_58' title='bbox 1717 1049 1826 1114; x_wconf 84' lang='lat' dir='ltr'><strong>ipsa</strong></span> <span class='ocrx_word' id='word_1_59' title='bbox 1857 1061 1972 1114; x_wconf 77' lang='lat' dir='ltr'><strong>qua:</strong></span> <span class='ocrx_word' id='word_1_60' title='bbox 2003 1045 2102 1098; x_wconf 83' lang='lat' dir='ltr'><strong>sibi</strong></span> <span class='ocrx_word' id='word_1_61' title='bbox 2136 1044 2266 1095; x_wconf 83' lang='lat' dir='ltr'><strong>insi-</strong></span> 
     </span>
    </p>
   </div>
   <div class='ocr_carea' id='block_1_12' title="bbox 773 1133 2261 1210">
    <p class='ocr_par' dir='ltr' id='par_1_12' title="bbox 773 1133 2261 1210">
     <span class='ocr_line' id='line_1_12' title="bbox 773 1133 2261 1210; baseline -0.007 -14"><span class='ocrx_word' id='word_1_62' title='bbox 773 1144 891 1196; x_wconf 84' lang='lat' dir='ltr'><strong>dias</strong></span> <span class='ocrx_word' id='word_1_63' title='bbox 943 1141 1188 1210; x_wconf 86' lang='lat' dir='ltr'><strong>paravit,</strong></span> <span class='ocrx_word' id='word_1_64' title='bbox 1245 1141 1500 1206; x_wconf 89' lang='lat' dir='ltr'><strong>quoniam</strong></span> <span class='ocrx_word' id='word_1_65' title='bbox 1549 1149 1604 1191; x_wconf 93' lang='lat' dir='ltr'><strong>ut</strong></span> <span class='ocrx_word' id='word_1_66' title='bbox 1660 1138 1946 1206; x_wconf 86' lang='lat' dir='ltr'><strong>plurimum</strong></span> <span class='ocrx_word' id='word_1_67' title='bbox 2001 1133 2261 1202; x_wconf 72' lang='lat' dir='ltr'><strong>ejusmodi</strong></span> 
     </span>
    </p>
   </div>
   <div class='ocr_carea' id='block_1_13' title="bbox 772 1224 2255 1299">
    <p class='ocr_par' dir='ltr' id='par_1_13' title="bbox 772 1224 2255 1299">
     <span class='ocr_line' id='line_1_13' title="bbox 772 1224 2255 1299; baseline -0.005 -17"><span class='ocrx_word' id='word_1_68' title='bbox 772 1231 1001 1299; x_wconf 76' lang='lat' dir='ltr'><strong>inceptis</strong></span> <span class='ocrx_word' id='word_1_69' title='bbox 1025 1243 1125 1282; x_wconf 86' lang='lat' dir='ltr'><strong>una</strong></span> <span class='ocrx_word' id='word_1_70' title='bbox 1176 1224 1389 1296; x_wconf 76' lang='lat' dir='ltr'><strong>quoque</strong></span> <span class='ocrx_word' id='word_1_71' title='bbox 1439 1228 1694 1282; x_wconf 84' lang='lat' dir='ltr'><strong>mulieres</strong></span> <span class='ocrx_word' id='word_1_72' title='bbox 1739 1228 2027 1280; x_wconf 85' lang='lat' dir='ltr'><strong>intereunt.</strong></span> <span class='ocrx_word' id='word_1_73' title='bbox 2065 1225 2123 1276; x_wconf 83' lang='lat' dir='ltr'><strong>Ei</strong></span> <span class='ocrx_word' id='word_1_74' title='bbox 2161 1237 2255 1274; x_wconf 87' lang='lat' dir='ltr'><strong>au-</strong></span> 
     </span>
    </p>
   </div>
   <div class='ocr_carea' id='block_1_14' title="bbox 783 1314 2263 1384">
    <p class='ocr_par' dir='ltr' id='par_1_14' title="bbox 783 1314 2263 1384">
     <span class='ocr_line' id='line_1_14' title="bbox 783 1314 2263 1384; baseline -0.003 -15"><span class='ocrx_word' id='word_1_75' title='bbox 783 1327 887 1371; x_wconf 91' lang='lat' dir='ltr'><strong>tem</strong></span> <span class='ocrx_word' id='word_1_76' title='bbox 938 1316 1141 1371; x_wconf 82' lang='lat' dir='ltr'><strong>accedit</strong></span> <span class='ocrx_word' id='word_1_77' title='bbox 1188 1315 1328 1369; x_wconf 89' lang='lat' dir='ltr'><strong>fetus</strong></span> <span class='ocrx_word' id='word_1_78' title='bbox 1377 1331 1586 1384; x_wconf 88' lang='lat' dir='ltr'><strong>quoque</strong></span> <span class='ocrx_word' id='word_1_79' title='bbox 1637 1317 1909 1374; x_wconf 86' lang='lat' dir='ltr'><strong>interitus.</strong></span> <span class='ocrx_word' id='word_1_80' title='bbox 1936 1315 2034 1365; x_wconf 80' lang='lat' dir='ltr'><strong>alia</strong></span> <span class='ocrx_word' id='word_1_81' title='bbox 2065 1314 2263 1375; x_wconf 68' lang='lat' dir='ltr'><strong>caedes,</strong></span> 
     </span>
    </p>
   </div>
   <div class='ocr_carea' id='block_1_15' title="bbox 781 1404 2260 1474">
    <p class='ocr_par' dir='ltr' id='par_1_15' title="bbox 781 1404 2260 1474">
     <span class='ocr_line' id='line_1_15' title="bbox 781 1404 2260 1474; baseline -0.003 -15"><span class='ocrx_word' id='word_1_82' title='bbox 781 1421 966 1459; x_wconf 86' lang='lat' dir='ltr'><strong>eorum</strong></span> <span class='ocrx_word' id='word_1_83' title='bbox 1013 1407 1248 1473; x_wconf 91' lang='lat' dir='ltr'><strong>quidem,</strong></span> <span class='ocrx_word' id='word_1_84' title='bbox 1284 1406 1374 1474; x_wconf 87' lang='lat' dir='ltr'><strong>qui</strong></span> <span class='ocrx_word' id='word_1_85' title='bbox 1419 1407 1533 1459; x_wconf 74' lang='lat' dir='ltr'><strong>hazc</strong></span> <span class='ocrx_word' id='word_1_86' title='bbox 1575 1408 1792 1466; x_wconf 85' lang='lat' dir='ltr'><strong>audent,</strong></span> <span class='ocrx_word' id='word_1_87' title='bbox 1843 1404 2260 1458; x_wconf 76' lang='lat' dir='ltr'><strong>existimatione.</strong></span> 
     </span>
    </p>
   </div>
   <div class='ocr_carea' id='block_1_16' title="bbox 777 1492 2261 1562">
    <p class='ocr_par' dir='ltr' id='par_1_16' title="bbox 777 1492 2261 1562">
     <span class='ocr_line' id='line_1_16' title="bbox 777 1492 2261 1562; baseline -0.003 -15"><span class='ocrx_word' id='word_1_88' title='bbox 777 1492 992 1560; x_wconf 86' lang='lat' dir='ltr'><strong>Oportet</strong></span> <span class='ocrx_word' id='word_1_89' title='bbox 1027 1503 1206 1546; x_wconf 85' lang='lat' dir='ltr'><strong>autem</strong></span> <span class='ocrx_word' id='word_1_90' title='bbox 1237 1507 1340 1546; x_wconf 90' lang='lat' dir='ltr'><strong>non</strong></span> <span class='ocrx_word' id='word_1_91' title='bbox 1381 1507 1551 1562; x_wconf 71' lang='lat' dir='ltr'><strong>usque</strong></span> <span class='ocrx_word' id='word_1_92' title='bbox 1590 1493 1654 1545; x_wconf 84' lang='lat' dir='ltr'><strong>ad</strong></span> <span class='ocrx_word' id='word_1_93' title='bbox 1680 1493 1885 1546; x_wconf 90' lang='lat' dir='ltr'><strong>obitum</strong></span> <span class='ocrx_word' id='word_1_94' title='bbox 1912 1504 2096 1545; x_wconf 85' lang='lat' dir='ltr'><strong>eorum</strong></span> <span class='ocrx_word' id='word_1_95' title='bbox 2130 1502 2261 1542; x_wconf 85' lang='lat' dir='ltr'><strong>con-</strong></span> 
     </span>
    </p>
   </div>
   <div class='ocr_carea' id='block_1_17' title="bbox 789 1581 2261 1652">
    <p class='ocr_par' dir='ltr' id='par_1_17' title="bbox 789 1581 2261 1652">
     <span class='ocr_line' id='line_1_17' title="bbox 789 1581 2261 1652; baseline -0.003 -17"><span class='ocrx_word' id='word_1_96' title='bbox 789 1583 1075 1637; x_wconf 89' lang='lat' dir='ltr'><strong>fessionem</strong></span> <span class='ocrx_word' id='word_1_97' title='bbox 1105 1583 1418 1646; x_wconf 81' lang='lat' dir='ltr'><strong>extendere,</strong></span> <span class='ocrx_word' id='word_1_98' title='bbox 1468 1585 1560 1637; x_wconf 89' lang='lat' dir='ltr'><strong>sed</strong></span> <span class='ocrx_word' id='word_1_99' title='bbox 1602 1590 1724 1652; x_wconf 87' lang='lat' dir='ltr'><strong>post</strong></span> <span class='ocrx_word' id='word_1_100' title='bbox 1773 1581 1958 1636; x_wconf 88' lang='lat' dir='ltr'><strong>decem</strong></span> <span class='ocrx_word' id='word_1_101' title='bbox 1997 1593 2261 1633; x_wconf 88' lang='lat' dir='ltr'><strong>annorum</strong></span> 
     </span>
    </p>
   </div>
   <div class='ocr_carea' id='block_1_18' title="bbox 783 1673 2261 1728">
    <p class='ocr_par' dir='ltr' id='par_1_18' title="bbox 783 1673 2261 1728">
     <span class='ocr_line' id='line_1_18' title="bbox 783 1673 2261 1728; baseline -0.004 0"><span class='ocrx_word' id='word_1_102' title='bbox 783 1687 1084 1728; x_wconf 90' lang='lat' dir='ltr'><strong>mensuram</strong></span> <span class='ocrx_word' id='word_1_103' title='bbox 1133 1673 1435 1726; x_wconf 85' lang='lat' dir='ltr'><strong>admittere.</strong></span> <span class='ocrx_word' id='word_1_104' title='bbox 1475 1673 1706 1726; x_wconf 85' lang='lat' dir='ltr'><strong>Delinire</strong></span> <span class='ocrx_word' id='word_1_105' title='bbox 1737 1683 1914 1726; x_wconf 86' lang='lat' dir='ltr'><strong>autem</strong></span> <span class='ocrx_word' id='word_1_106' title='bbox 1965 1688 2071 1726; x_wconf 89' lang='lat' dir='ltr'><strong>non</strong></span> <span class='ocrx_word' id='word_1_107' title='bbox 2124 1680 2261 1725; x_wconf 85' lang='lat' dir='ltr'><strong>tem-</strong></span> 
     </span>
    </p>
   </div>
   <div class='ocr_carea' id='block_1_19' title="bbox 785 1763 1974 1833">
    <p class='ocr_par' dir='ltr' id='par_1_19' title="bbox 785 1763 1974 1833">
     <span class='ocr_line' id='line_1_19' title="bbox 785 1763 1974 1833; baseline -0.003 -14"><span class='ocrx_word' id='word_1_108' title='bbox 785 1776 934 1831; x_wconf 86' lang='lat' dir='ltr'><strong>pore,</strong></span> <span class='ocrx_word' id='word_1_109' title='bbox 969 1765 1060 1818; x_wconf 90' lang='lat' dir='ltr'><strong>sed</strong></span> <span class='ocrx_word' id='word_1_110' title='bbox 1085 1764 1239 1818; x_wconf 90' lang='lat' dir='ltr'><strong>modo</strong></span> <span class='ocrx_word' id='word_1_111' title='bbox 1269 1765 1596 1833; x_wconf 68' lang='lat' dir='ltr'><strong>pwnitentia:</strong></span> <span class='ocrx_word' id='word_1_112' title='bbox 1631 1763 1974 1817; x_wconf 77' lang='lat' dir='ltr'><strong>medicinam.</strong></span> 
     </span>
    </p>
   </div>
   <div class='ocr_carea' id='block_1_20' title="bbox 787 1941 2258 2010">
    <p class='ocr_par' dir='ltr' id='par_1_20' title="bbox 787 1941 2258 2010">
     <span class='ocr_line' id='line_1_20' title="bbox 787 1941 2258 2010; baseline 0.001 -16"><span class='ocrx_word' id='word_1_113' title='bbox 787 1941 978 1998; x_wconf 81' lang='lat' dir='ltr'><strong>BALS.</strong></span> <span class='ocrx_word' id='word_1_114' title='bbox 1017 1942 1089 1997; x_wconf 89' lang='lat' dir='ltr'><strong>De</strong></span> <span class='ocrx_word' id='word_1_115' title='bbox 1117 1943 1180 1996; x_wconf 91' lang='lat' dir='ltr'><strong>iis</strong></span> <span class='ocrx_word' id='word_1_116' title='bbox 1203 1957 1318 2010; x_wconf 75' lang='lat' dir='ltr'><strong>qua:</strong></span> <span class='ocrx_word' id='word_1_117' title='bbox 1343 1943 1698 2007; x_wconf 91' lang='lat' dir='ltr'><strong>fornicantur,</strong></span> <span class='ocrx_word' id='word_1_118' title='bbox 1731 1953 1934 1998; x_wconf 78' lang='lat' dir='ltr'><strong>etsuos</strong></span> <span class='ocrx_word' id='word_1_119' title='bbox 1963 1942 2101 1996; x_wconf 89' lang='lat' dir='ltr'><strong>fetus</strong></span> <span class='ocrx_word' id='word_1_120' title='bbox 2134 1957 2258 2010; x_wconf 89' lang='lat' dir='ltr'><strong>per-</strong></span> 
     </span>
    </p>
   </div>
   <div class='ocr_carea' id='block_1_21' title="bbox 709 2031 2259 2102">
    <p class='ocr_par' dir='ltr' id='par_1_21' title="bbox 709 2031 2259 2102">
     <span class='ocr_line' id='line_1_21' title="bbox 709 2031 2259 2102; baseline 0.001 -18"><span class='ocrx_word' id='word_1_121' title='bbox 709 2031 881 2085; x_wconf 88' lang='lat' dir='ltr'><strong>imunt</strong></span> <span class='ocrx_word' id='word_1_122' title='bbox 933 2033 1356 2097; x_wconf 84' lang='lat' dir='ltr'><strong>medicamentis,</strong></span> <span class='ocrx_word' id='word_1_123' title='bbox 1403 2034 1484 2087; x_wconf 85' lang='lat' dir='ltr'><strong>vel</strong></span> <span class='ocrx_word' id='word_1_124' title='bbox 1516 2035 1692 2102; x_wconf 76' lang='lat' dir='ltr'><strong>aliquo</strong></span> <span class='ocrx_word' id='word_1_125' title='bbox 1721 2033 1824 2086; x_wconf 88' lang='lat' dir='ltr'><strong>alio</strong></span> <span class='ocrx_word' id='word_1_126' title='bbox 1847 2032 2026 2096; x_wconf 88' lang='lat' dir='ltr'><strong>modo,</strong></span> <span class='ocrx_word' id='word_1_127' title='bbox 2059 2033 2259 2086; x_wconf 87' lang='lat' dir='ltr'><strong>dictum</strong></span> 
     </span>
    </p>
   </div>
   <div class='ocr_carea' id='block_1_22' title="bbox 707 2123 2261 2192">
    <p class='ocr_par' dir='ltr' id='par_1_22' title="bbox 707 2123 2261 2192">
     <span class='ocr_line' id='line_1_22' title="bbox 707 2123 2261 2192; baseline 0.001 -17"><span class='ocrx_word' id='word_1_128' title='bbox 707 2133 789 2176; x_wconf 91' lang='lat' dir='ltr'><strong>est</strong></span> <span class='ocrx_word' id='word_1_129' title='bbox 827 2123 878 2176; x_wconf 90' lang='lat' dir='ltr'><strong>in</strong></span> <span class='ocrx_word' id='word_1_130' title='bbox 904 2137 1025 2191; x_wconf 89' lang='lat' dir='ltr'><strong>cap.</strong></span> <span class='ocrx_word' id='word_1_131' title='bbox 1060 2139 1115 2186; x_wconf 76' lang='grc' dir='ltr'><strong>τ,</strong></span> <span class='ocrx_word' id='word_1_132' title='bbox 1146 2124 1227 2176; x_wconf 92' lang='lat' dir='ltr'><strong>tit.</strong></span> <span class='ocrx_word' id='word_1_133' title='bbox 1264 2124 1351 2185; x_wconf 75' lang='lat'><strong>13,</strong></span> <span class='ocrx_word' id='word_1_134' title='bbox 1388 2126 1669 2192; x_wconf 65' lang='lat' dir='ltr'><strong>prmsentis</strong></span> <span class='ocrx_word' id='word_1_135' title='bbox 1713 2125 1915 2192; x_wconf 86' lang='lat' dir='ltr'><strong>operis.</strong></span> <span class='ocrx_word' id='word_1_136' title='bbox 1968 2134 2021 2178; x_wconf 91' lang='lat' dir='ltr'><strong>et</strong></span> <span class='ocrx_word' id='word_1_137' title='bbox 2074 2125 2126 2177; x_wconf 90' lang='lat' dir='ltr'><strong>in</strong></span> <span class='ocrx_word' id='word_1_138' title='bbox 2170 2138 2261 2177; x_wconf 89' lang='lat' dir='ltr'><strong>ea-</strong></span> 
     </span>
    </p>
   </div>
   <div class='ocr_carea' id='block_1_23' title="bbox 712 2213 2260 2284">
    <p class='ocr_par' dir='ltr' id='par_1_23' title="bbox 712 2213 2260 2284">
     <span class='ocr_line' id='line_1_23' title="bbox 712 2213 2260 2284; baseline 0.001 -18"><span class='ocrx_word' id='word_1_139' title='bbox 712 2228 851 2268; x_wconf 88' lang='lat' dir='ltr'><strong>none</strong></span> <span class='ocrx_word' id='word_1_140' title='bbox 884 2213 945 2266; x_wconf 73' lang='grc'><strong>21</strong></span> <span class='ocrx_word' id='word_1_141' title='bbox 980 2215 1170 2284; x_wconf 89' lang='lat' dir='ltr'><strong>synodi</strong></span> <span class='ocrx_word' id='word_1_142' title='bbox 1212 2215 1532 2284; x_wconf 82' lang='lat' dir='ltr'><strong>Ancyrame.</strong></span> <span class='ocrx_word' id='word_1_143' title='bbox 1587 2213 1830 2268; x_wconf 67' lang='lat' dir='ltr'><strong>Praesens</strong></span> <span class='ocrx_word' id='word_1_144' title='bbox 1873 2223 2048 2268; x_wconf 89' lang='lat' dir='ltr'><strong>autem</strong></span> <span class='ocrx_word' id='word_1_145' title='bbox 2089 2229 2260 2268; x_wconf 75' lang='lat' dir='ltr'><strong>canon</strong></span> 
     </span>
    </p>
   </div>
   <div class='ocr_carea' id='block_1_24' title="bbox 708 2304 2262 2374">
    <p class='ocr_par' dir='ltr' id='par_1_24' title="bbox 708 2304 2262 2374">
     <span class='ocr_line' id='line_1_24' title="bbox 708 2304 2262 2374; baseline 0.001 -17"><span class='ocrx_word' id='word_1_146' title='bbox 708 2304 1024 2368; x_wconf 82' lang='lat' dir='ltr'><strong>decernens,</strong></span> <span class='ocrx_word' id='word_1_147' title='bbox 1065 2319 1154 2359; x_wconf 89' lang='lat' dir='ltr'><strong>eas</strong></span> <span class='ocrx_word' id='word_1_148' title='bbox 1185 2320 1304 2374; x_wconf 72' lang='lat' dir='ltr'><strong>qua:</strong></span> <span class='ocrx_word' id='word_1_149' title='bbox 1345 2305 1447 2360; x_wconf 84' lang='lat' dir='ltr'><strong>tale</strong></span> <span class='ocrx_word' id='word_1_150' title='bbox 1485 2305 1612 2374; x_wconf 80' lang='lat' dir='ltr'><strong>quid</strong></span> <span class='ocrx_word' id='word_1_151' title='bbox 1647 2315 1830 2374; x_wconf 77' lang='lat' dir='ltr'><strong>agunt,</strong></span> <span class='ocrx_word' id='word_1_152' title='bbox 1872 2304 2262 2359; x_wconf 85' lang='lat' dir='ltr'><strong>homicidarum</strong></span> 
     </span>
    </p>
   </div>
   <div class='ocr_carea' id='block_1_25' title="bbox 709 2396 2260 2465">
    <p class='ocr_par' dir='ltr' id='par_1_25' title="bbox 709 2396 2260 2465">
     <span class='ocr_line' id='line_1_25' title="bbox 709 2396 2260 2465; baseline 0.002 -20"><span class='ocrx_word' id='word_1_153' title='bbox 709 2396 883 2464; x_wconf 71' lang='lat' dir='ltr'><strong>pomis</strong></span> <span class='ocrx_word' id='word_1_154' title='bbox 911 2396 1119 2461; x_wconf 76' lang='lat' dir='ltr'><strong>subjici,</strong></span> <span class='ocrx_word' id='word_1_155' title='bbox 1152 2397 1335 2465; x_wconf 83' lang='lat' dir='ltr'><strong>adjicit</strong></span> <span class='ocrx_word' id='word_1_156' title='bbox 1383 2411 1486 2450; x_wconf 90' lang='lat' dir='ltr'><strong>non</strong></span> <span class='ocrx_word' id='word_1_157' title='bbox 1532 2412 1650 2452; x_wconf 90' lang='lat' dir='ltr'><strong>esse</strong></span> <span class='ocrx_word' id='word_1_158' title='bbox 1703 2396 2052 2452; x_wconf 75' lang='lat' dir='ltr'><strong>differentiam</strong></span> <span class='ocrx_word' id='word_1_159' title='bbox 2098 2397 2260 2449; x_wconf 75' lang='lat' dir='ltr'><strong>ullam</strong></span> 
     </span>
    </p>
   </div>
   <div class='ocr_carea' id='block_1_26' title="bbox 708 2486 2263 2554">
    <p class='ocr_par' dir='ltr' id='par_1_26' title="bbox 708 2486 2263 2554">
     <span class='ocr_line' id='line_1_26' title="bbox 708 2486 2263 2554; baseline 0.001 -16"><span class='ocrx_word' id='word_1_160' title='bbox 708 2486 932 2538; x_wconf 85' lang='lat' dir='ltr'><strong>abortivi</strong></span> <span class='ocrx_word' id='word_1_161' title='bbox 1011 2486 1152 2539; x_wconf 89' lang='lat' dir='ltr'><strong>fetus</strong></span> <span class='ocrx_word' id='word_1_162' title='bbox 1211 2487 1384 2540; x_wconf 81' lang='lat' dir='ltr'><strong>:sive</strong></span> <span class='ocrx_word' id='word_1_163' title='bbox 1443 2490 1587 2540; x_wconf 91' lang='lat' dir='ltr'><strong>enim</strong></span> <span class='ocrx_word' id='word_1_164' title='bbox 1649 2499 1732 2541; x_wconf 86' lang='lat' dir='ltr'><strong>est</strong></span> <span class='ocrx_word' id='word_1_165' title='bbox 1797 2487 2060 2548; x_wconf 89' lang='lat' dir='ltr'><strong>informe,</strong></span> <span class='ocrx_word' id='word_1_166' title='bbox 2121 2487 2263 2554; x_wconf 90' lang='lat' dir='ltr'><strong>quod</strong></span> 
     </span>
    </p>
   </div>
   <div class='ocr_carea' id='block_1_27' title="bbox 709 2570 2263 2643">
    <p class='ocr_par' dir='ltr' id='par_1_27' title="bbox 709 2570 2263 2643">
     <span class='ocr_line' id='line_1_27' title="bbox 709 2570 2263 2643; baseline -0.001 -17"><span class='ocrx_word' id='word_1_167' title='bbox 709 2574 898 2627; x_wconf 86' lang='lat' dir='ltr'><strong>abortu</strong></span> <span class='ocrx_word' id='word_1_168' title='bbox 958 2575 1226 2643; x_wconf 84' lang='lat' dir='ltr'><strong>abjectnm</strong></span> <span class='ocrx_word' id='word_1_169' title='bbox 1283 2581 1406 2636; x_wconf 89' lang='lat' dir='ltr'><strong>est,</strong></span> <span class='ocrx_word' id='word_1_170' title='bbox 1449 2575 1561 2626; x_wconf 84' lang='lat' dir='ltr'><strong>sive</strong></span> <span class='ocrx_word' id='word_1_171' title='bbox 1626 2573 1953 2634; x_wconf 84' lang='lat' dir='ltr'><strong>formatum.</strong></span> <span class='ocrx_word' id='word_1_172' title='bbox 2017 2580 2070 2624; x_wconf 93' lang='lat' dir='ltr'><strong>et</strong></span> <span class='ocrx_word' id='word_1_173' title='bbox 2123 2570 2263 2639; x_wconf 89' lang='lat' dir='ltr'><strong>quod</strong></span> 
     </span>
    </p>
   </div>
   <div class='ocr_carea' id='block_1_28' title="bbox 713 2662 2263 2728">
    <p class='ocr_par' dir='ltr' id='par_1_28' title="bbox 713 2662 2263 2728">
     <span class='ocr_line' id='line_1_28' title="bbox 713 2662 2263 2728; baseline -0.003 -12"><span class='ocrx_word' id='word_1_174' title='bbox 713 2664 873 2718; x_wconf 82' lang='lat' dir='ltr'><strong>habet</strong></span> <span class='ocrx_word' id='word_1_175' title='bbox 934 2665 1166 2717; x_wconf 87' lang='lat' dir='ltr'><strong>hominis</strong></span> <span class='ocrx_word' id='word_1_176' title='bbox 1227 2663 1639 2728; x_wconf 82' lang='lat' dir='ltr'><strong>characterem,</strong></span> <span class='ocrx_word' id='word_1_177' title='bbox 1700 2663 1886 2716; x_wconf 86' lang='lat' dir='ltr'><strong>eadem</strong></span> <span class='ocrx_word' id='word_1_178' title='bbox 1956 2670 2037 2714; x_wconf 89' lang='lat' dir='ltr'><strong>est</strong></span> <span class='ocrx_word' id='word_1_179' title='bbox 2107 2662 2263 2713; x_wconf 86' lang='lat' dir='ltr'><strong>ratio.</strong></span> 
     </span>
    </p>
   </div>
   <div class='ocr_carea' id='block_1_29' title="bbox 712 2751 2264 2822">
    <p class='ocr_par' dir='ltr' id='par_1_29' title="bbox 712 2751 2264 2822">
     <span class='ocr_line' id='line_1_29' title="bbox 712 2751 2264 2822; baseline -0.003 -16"><span class='ocrx_word' id='word_1_180' title='bbox 712 2755 824 2809; x_wconf 91' lang='lat' dir='ltr'><strong>Iloc</strong></span> <span class='ocrx_word' id='word_1_181' title='bbox 871 2764 1048 2808; x_wconf 89' lang='lat' dir='ltr'><strong>autem</strong></span> <span class='ocrx_word' id='word_1_182' title='bbox 1097 2755 1297 2808; x_wconf 88' lang='lat' dir='ltr'><strong>dictuut</strong></span> <span class='ocrx_word' id='word_1_183' title='bbox 1361 2764 1444 2807; x_wconf 92' lang='lat' dir='ltr'><strong>est</strong></span> <span class='ocrx_word' id='word_1_184' title='bbox 1505 2763 1722 2822; x_wconf 87' lang='lat' dir='ltr'><strong>propter</strong></span> <span class='ocrx_word' id='word_1_185' title='bbox 1760 2766 1873 2815; x_wconf 82' lang='lat' dir='ltr'><strong>eos,</strong></span> <span class='ocrx_word' id='word_1_186' title='bbox 1922 2751 2012 2819; x_wconf 86' lang='lat' dir='ltr'><strong>qui</strong></span> <span class='ocrx_word' id='word_1_187' title='bbox 2059 2751 2264 2815; x_wconf 89' lang='lat' dir='ltr'><strong>dicunt,</strong></span> 
     </span>
    </p>
   </div>
   <div class='ocr_carea' id='block_1_30' title="bbox 709 2842 2266 2914">
    <p class='ocr_par' dir='ltr' id='par_1_30' title="bbox 709 2842 2266 2914">
     <span class='ocr_line' id='line_1_30' title="bbox 709 2842 2266 2914; baseline -0.001 -19"><span class='ocrx_word' id='word_1_188' title='bbox 709 2843 874 2914; x_wconf 88' lang='lat' dir='ltr'><strong>quod,</strong></span> <span class='ocrx_word' id='word_1_189' title='bbox 909 2843 1164 2912; x_wconf 87' lang='lat' dir='ltr'><strong>quoniam</strong></span> <span class='ocrx_word' id='word_1_190' title='bbox 1208 2858 1391 2897; x_wconf 87' lang='lat' dir='ltr'><strong>semen</strong></span> <span class='ocrx_word' id='word_1_191' title='bbox 1425 2843 1476 2895; x_wconf 93' lang='lat' dir='ltr'><strong>in</strong></span> <span class='ocrx_word' id='word_1_192' title='bbox 1510 2842 1785 2896; x_wconf 89' lang='lat' dir='ltr'><strong>matricem</strong></span> <span class='ocrx_word' id='word_1_193' title='bbox 1831 2842 2094 2910; x_wconf 74' lang='lat' dir='ltr'><strong>deiectum</strong></span> <span class='ocrx_word' id='word_1_194' title='bbox 2163 2855 2266 2894; x_wconf 92' lang='lat' dir='ltr'><strong>non</strong></span> 
     </span>
    </p>
   </div>
   <div class='ocr_carea' id='block_1_31' title="bbox 714 2931 2268 3000">
    <p class='ocr_par' dir='ltr' id='par_1_31' title="bbox 714 2931 2268 3000">
     <span class='ocr_line' id='line_1_31' title="bbox 714 2931 2268 3000; baseline -0.003 -13"><span class='ocrx_word' id='word_1_195' title='bbox 714 2936 897 2988; x_wconf 81' lang='lat' dir='ltr'><strong>statim</strong></span> <span class='ocrx_word' id='word_1_196' title='bbox 935 2936 1197 2988; x_wconf 80' lang='lat' dir='ltr'><strong>formatur</strong></span> <span class='ocrx_word' id='word_1_197' title='bbox 1228 2933 1278 2986; x_wconf 91' lang='lat' dir='ltr'><strong>in</strong></span> <span class='ocrx_word' id='word_1_198' title='bbox 1308 2934 1601 2997; x_wconf 89' lang='lat' dir='ltr'><strong>hominem,</strong></span> <span class='ocrx_word' id='word_1_199' title='bbox 1633 2937 1724 2986; x_wconf 87' lang='lat' dir='ltr'><strong>sed</strong></span> <span class='ocrx_word' id='word_1_200' title='bbox 1764 2934 1914 3000; x_wconf 88' lang='lat' dir='ltr'><strong>prius</strong></span> <span class='ocrx_word' id='word_1_201' title='bbox 1953 2932 2163 3000; x_wconf 85' lang='lat' dir='ltr'><strong>quidem</strong></span> <span class='ocrx_word' id='word_1_202' title='bbox 2211 2931 2268 2983; x_wconf 86' lang='lat' dir='ltr'><strong>lit</strong></span> 
     </span>
    </p>
   </div>
   <div class='ocr_carea' id='block_1_32' title="bbox 713 3022 2265 3096">
    <p class='ocr_par' dir='ltr' id='par_1_32' title="bbox 713 3022 2265 3096">
     <span class='ocr_line' id='line_1_32' title="bbox 713 3022 2265 3096; baseline -0.004 -16"><span class='ocrx_word' id='word_1_203' title='bbox 713 3027 967 3096; x_wconf 82' lang='lat' dir='ltr'><strong>sanguis,</strong></span> <span class='ocrx_word' id='word_1_204' title='bbox 1003 3027 1196 3080; x_wconf 84' lang='lat' dir='ltr'><strong>deinde</strong></span> <span class='ocrx_word' id='word_1_205' title='bbox 1245 3027 1296 3078; x_wconf 92' lang='lat' dir='ltr'><strong>in</strong></span> <span class='ocrx_word' id='word_1_206' title='bbox 1338 3039 1554 3080; x_wconf 83' lang='lat' dir='ltr'><strong>carnem</strong></span> <span class='ocrx_word' id='word_1_207' title='bbox 1606 3025 1891 3078; x_wconf 86' lang='lat' dir='ltr'><strong>humanam</strong></span> <span class='ocrx_word' id='word_1_208' title='bbox 1943 3022 2265 3087; x_wconf 77' lang='lat' dir='ltr'><strong>concrescit,</strong></span> 
     </span>
    </p>
   </div>
   <div class='ocr_carea' id='block_1_33' title="bbox 710 3116 2268 3185">
    <p class='ocr_par' dir='ltr' id='par_1_33' title="bbox 710 3116 2268 3185">
     <span class='ocr_line' id='line_1_33' title="bbox 710 3116 2268 3185; baseline -0.005 -13"><span class='ocrx_word' id='word_1_209' title='bbox 710 3120 906 3172; x_wconf 84' lang='lat' dir='ltr'><strong>deinde</strong></span> <span class='ocrx_word' id='word_1_210' title='bbox 935 3118 1219 3185; x_wconf 68' lang='lat' dir='ltr'><strong>ellingitur,</strong></span> <span class='ocrx_word' id='word_1_211' title='bbox 1249 3126 1302 3170; x_wconf 86' lang='lat' dir='ltr'><strong>et</strong></span> <span class='ocrx_word' id='word_1_212' title='bbox 1337 3118 1597 3170; x_wconf 85' lang='lat' dir='ltr'><strong>formatur</strong></span> <span class='ocrx_word' id='word_1_213' title='bbox 1623 3120 1674 3168; x_wconf 91' lang='lat' dir='ltr'><strong>in</strong></span> <span class='ocrx_word' id='word_1_214' title='bbox 1707 3116 1943 3169; x_wconf 86' lang='lat' dir='ltr'><strong>membra</strong></span> <span class='ocrx_word' id='word_1_215' title='bbox 1986 3124 2040 3168; x_wconf 89' lang='lat' dir='ltr'><strong>et</strong></span> <span class='ocrx_word' id='word_1_216' title='bbox 2064 3125 2268 3182; x_wconf 89' lang='lat' dir='ltr'><strong>partes,</strong></span> 
     </span>
    </p>
   </div>
   <div class='ocr_carea' id='block_1_34' title="bbox 713 3203 2268 3273">
    <p class='ocr_par' dir='ltr' id='par_1_34' title="bbox 713 3203 2268 3273">
     <span class='ocr_line' id='line_1_34' title="bbox 713 3203 2268 3273; baseline -0.001 -15"><span class='ocrx_word' id='word_1_217' title='bbox 713 3221 817 3258; x_wconf 89' lang='lat' dir='ltr'><strong>non</strong></span> <span class='ocrx_word' id='word_1_218' title='bbox 847 3206 1118 3269; x_wconf 68' lang='lat' dir='ltr'><strong>ﬁteacdcs,</strong></span> <span class='ocrx_word' id='word_1_219' title='bbox 1156 3206 1368 3273; x_wconf 86' lang='lat' dir='ltr'><strong>quando</strong></span> <span class='ocrx_word' id='word_1_220' title='bbox 1397 3205 1600 3256; x_wconf 86' lang='lat' dir='ltr'><strong>abortio</strong></span> <span class='ocrx_word' id='word_1_221' title='bbox 1624 3203 1762 3258; x_wconf 86' lang='lat' dir='ltr'><strong>facta</strong></span> <span class='ocrx_word' id='word_1_222' title='bbox 1805 3203 2143 3270; x_wconf 86' lang='lat' dir='ltr'><strong>fueritfetns,</strong></span> <span class='ocrx_word' id='word_1_223' title='bbox 2179 3205 2268 3272; x_wconf 90' lang='lat' dir='ltr'><strong>qui</strong></span> 
     </span>
    </p>
   </div>
   <div class='ocr_carea' id='block_1_35' title="bbox 2288 686 2337 741">
    <p class='ocr_par' dir='ltr' id='par_1_35' title="bbox 2288 686 2337 741">
     <span class='ocr_line' id='line_1_35' title="bbox 2288 686 2337 741; baseline 0 0"><span class='ocrx_word' id='word_1_224' title='bbox 2288 686 2337 741; x_wconf 78' lang='grc' dir='ltr'><strong>Δ</strong></span> 
     </span>
    </p>
   </div>
   <div class='ocr_carea' id='block_1_36' title="bbox 2955 679 3332 732">
    <p class='ocr_par' dir='ltr' id='par_1_36' title="bbox 2955 679 3332 732">
     <span class='ocr_line' id='line_1_36' title="bbox 2955 679 3332 732; baseline 0 0"><span class='ocrx_word' id='word_1_225' title='bbox 2955 679 3192 732; x_wconf 74' lang='grc' dir='ltr'>ΚΛΝΩΝ</span> <span class='ocrx_word' id='word_1_226' title='bbox 3256 681 3332 732; x_wconf 90' lang='lat' dir='ltr'><strong>B&#39;.</strong></span> 
     </span>
    </p>
   </div>
   <div class='ocr_carea' id='block_1_37' title="bbox 2362 769 3917 841">
    <p class='ocr_par' dir='ltr' id='par_1_37' title="bbox 2362 769 3917 841">
     <span class='ocr_line' id='line_1_37' title="bbox 2362 769 3917 841; baseline -0.001 -17"><span class='ocrx_word' id='word_1_227' title='bbox 2362 774 2635 841; x_wconf 74' lang='grc' dir='ltr'><strong>Φθεὶρασα</strong></span> <span class='ocrx_word' id='word_1_228' title='bbox 2694 773 2814 824; x_wconf 84' lang='grc' dir='ltr'><strong>κατ’</strong></span> <span class='ocrx_word' id='word_1_229' title='bbox 2877 770 3246 840; x_wconf 83' lang='grc' dir='ltr'><strong>ἐπιτήδευσιν,</strong></span> <span class='ocrx_word' id='word_1_230' title='bbox 3280 771 3439 839; x_wconf 74' lang='grc' dir='ltr'><strong>φόνου</strong></span> <span class='ocrx_word' id='word_1_231' title='bbox 3486 769 3646 839; x_wconf 83' lang='grc' dir='ltr'><strong>δίκην</strong></span> <span class='ocrx_word' id='word_1_232' title='bbox 3698 770 3917 840; x_wconf 80' lang='grc' dir='ltr'><strong>ὑπέχει’</strong></span> 
     </span>
    </p>
   </div>
   <div class='ocr_carea' id='block_1_38' title="bbox 2435 861 3898 931">
    <p class='ocr_par' dir='ltr' id='par_1_38' title="bbox 2435 861 3898 931">
     <span class='ocr_line' id='line_1_38' title="bbox 2435 861 3898 931; baseline -0.003 -14"><span class='ocrx_word' id='word_1_233' title='bbox 2435 863 2786 931; x_wconf 75' lang='grc' dir='ltr'><strong>ἀκριὸολογία</strong></span> <span class='ocrx_word' id='word_1_234' title='bbox 2820 863 2875 914; x_wconf 69' lang='grc' dir='ltr'><strong>δὲ</strong></span> <span class='ocrx_word' id='word_1_235' title='bbox 2911 861 3414 930; x_wconf 78' lang='grc' dir='ltr'><strong>ἐκμεμορφωμένου</strong></span> <span class='ocrx_word' id='word_1_236' title='bbox 3470 864 3564 913; x_wconf 71' lang='grc' dir='ltr'><strong>καὶ</strong></span> <span class='ocrx_word' id='word_1_237' title='bbox 3595 861 3898 925; x_wconf 75' lang='grc' dir='ltr'><strong>ἀνεξεικονί</strong></span> 
     </span>
    </p>
   </div>
   <div class='ocr_carea' id='block_1_39' title="bbox 2440 951 3918 1022">
    <p class='ocr_par' dir='ltr' id='par_1_39' title="bbox 2440 951 3918 1022">
     <span class='ocr_line' id='line_1_39' title="bbox 2440 951 3918 1022; baseline -0.003 -16"><span class='ocrx_word' id='word_1_238' title='bbox 2440 972 2566 1006; x_wconf 84' lang='grc' dir='ltr'><strong>στου</strong></span> <span class='ocrx_word' id='word_1_239' title='bbox 2586 955 2715 1022; x_wconf 78' lang='grc' dir='ltr'><strong>παρ’</strong></span> <span class='ocrx_word' id='word_1_240' title='bbox 2735 954 2865 1021; x_wconf 76' lang='grc' dir='ltr'><strong>ἡμῖν</strong></span> <span class='ocrx_word' id='word_1_241' title='bbox 2896 953 2993 1004; x_wconf 86' lang='grc' dir='ltr'><strong>ούκ</strong></span> <span class='ocrx_word' id='word_1_242' title='bbox 3025 951 3191 1004; x_wconf 77' lang='grc' dir='ltr'><strong>ἐστιν.</strong></span> <span class='ocrx_word' id='word_1_243' title='bbox 3226 951 3488 1004; x_wconf 74' lang='grc' dir='ltr'><strong>Ἐνταῦθα</strong></span> <span class='ocrx_word' id='word_1_244' title='bbox 3509 952 3616 1021; x_wconf 72' lang='grc' dir='ltr'><strong>γὰρ</strong></span> <span class='ocrx_word' id='word_1_245' title='bbox 3635 953 3918 1004; x_wconf 77' lang='grc' dir='ltr'><strong>ἐκδικεῖται</strong></span> 
     </span>
    </p>
   </div>
   <div class='ocr_carea' id='block_1_40' title="bbox 2408 1041 3918 1113">
    <p class='ocr_par' dir='ltr' id='par_1_40' title="bbox 2408 1041 3918 1113">
     <span class='ocr_line' id='line_1_40' title="bbox 2408 1041 3918 1113; baseline -0.004 -16"><span class='ocrx_word' id='word_1_246' title='bbox 2408 1043 2492 1097; x_wconf 73' lang='grc' dir='ltr'><strong>ὀὗ</strong></span> <span class='ocrx_word' id='word_1_247' title='bbox 2532 1044 2689 1113; x_wconf 86' lang='grc' dir='ltr'><strong>μόνον</strong></span> <span class='ocrx_word' id='word_1_248' title='bbox 2720 1042 2778 1093; x_wconf 86' lang='grc' dir='ltr'><strong>τὸ</strong></span> <span class='ocrx_word' id='word_1_249' title='bbox 2829 1041 3321 1110; x_wconf 72' lang='grc' dir='ltr'><strong>γεννηθησόμενον,</strong></span> <span class='ocrx_word' id='word_1_250' title='bbox 3371 1041 3505 1093; x_wconf 73' lang='grc' dir='ltr'><strong>ἀλλὰ</strong></span> <span class='ocrx_word' id='word_1_251' title='bbox 3561 1041 3655 1093; x_wconf 77' lang='grc' dir='ltr'><strong>καὶ</strong></span> <span class='ocrx_word' id='word_1_252' title='bbox 3709 1041 3844 1107; x_wconf 65' lang='grc' dir='ltr'><strong>αὕτη</strong></span> <span class='ocrx_word' id='word_1_253' title='bbox 3891 1042 3918 1108; x_wconf 73' lang='grc' dir='ltr'>ἡ</span> 
     </span>
    </p>
   </div>
   <div class='ocr_carea' id='block_1_41' title="bbox 2434 1132 3916 1205">
    <p class='ocr_par' dir='ltr' id='par_1_41' title="bbox 2434 1132 3916 1205">
     <span class='ocr_line' id='line_1_41' title="bbox 2434 1132 3916 1205; baseline -0.004 -17"><span class='ocrx_word' id='word_1_254' title='bbox 2434 1138 2598 1205; x_wconf 79' lang='grc' dir='ltr'><strong>ἐαυτῇ</strong></span> <span class='ocrx_word' id='word_1_255' title='bbox 2627 1132 3083 1196; x_wconf 77' lang='grc' dir='ltr'><strong>ἐπιδουλεύσασα,</strong></span> <span class='ocrx_word' id='word_1_256' title='bbox 3113 1132 3245 1184; x_wconf 82' lang='grc' dir='ltr'><strong>διότι</strong></span> <span class='ocrx_word' id='word_1_257' title='bbox 3277 1132 3352 1194; x_wconf 86' lang='grc' dir='ltr'><strong>ὼς</strong></span> <span class='ocrx_word' id='word_1_258' title='bbox 3397 1134 3490 1184; x_wconf 62' lang='grc' dir='ltr'><strong>ἐπὶ⁵</strong></span> <span class='ocrx_word' id='word_1_259' title='bbox 3520 1133 3579 1184; x_wconf 74' lang='grc' dir='ltr'><strong>τὸ</strong></span> <span class='ocrx_word' id='word_1_260' title='bbox 3630 1133 3766 1184; x_wconf 69' lang='grc' dir='ltr'><strong>πολὺ</strong></span> <span class='ocrx_word' id='word_1_261' title='bbox 3805 1135 3916 1183; x_wconf 77' lang='grc' dir='ltr'><strong>ἐναι</strong></span> 
     </span>
    </p>
   </div>
   <div class='ocr_carea' id='block_1_42' title="bbox 2437 1223 3917 1294">
    <p class='ocr_par' dir='ltr' id='par_1_42' title="bbox 2437 1223 3917 1294">
     <span class='ocr_line' id='line_1_42' title="bbox 2437 1223 3917 1294; baseline -0.003 -17"><span class='ocrx_word' id='word_1_262' title='bbox 2437 1226 2806 1294; x_wconf 79' lang='grc' dir='ltr'><strong>ποθνήσκουσι</strong></span> <span class='ocrx_word' id='word_1_263' title='bbox 2834 1225 2956 1286; x_wconf 79' lang='grc' dir='ltr'><strong>ταῖς</strong></span> <span class='ocrx_word' id='word_1_264' title='bbox 2979 1223 3255 1284; x_wconf 76' lang='grc' dir='ltr'><strong>τοιαύταις</strong></span> <span class='ocrx_word' id='word_1_265' title='bbox 3294 1223 3707 1290; x_wconf 77' lang='grc' dir='ltr'><strong>ἐπιχειρήσεσιν</strong></span> <span class='ocrx_word' id='word_1_266' title='bbox 3741 1223 3795 1273; x_wconf 71' lang='grc' dir='ltr'><strong>αἱ</strong></span> <span class='ocrx_word' id='word_1_267' title='bbox 3832 1239 3917 1287; x_wconf 78' lang='grc' dir='ltr'><strong>γυ-</strong></span> 
     </span>
    </p>
   </div>
   <div class='ocr_carea' id='block_1_43' title="bbox 2435 1311 3920 1383">
    <p class='ocr_par' dir='ltr' id='par_1_43' title="bbox 2435 1311 3920 1383">
     <span class='ocr_line' id='line_1_43' title="bbox 2435 1311 3920 1383; baseline -0.005 -14"><span class='ocrx_word' id='word_1_268' title='bbox 2435 1313 2637 1378; x_wconf 79' lang='grc' dir='ltr'><strong>ναῖκες.</strong></span> <span class='ocrx_word' id='word_1_269' title='bbox 2687 1316 2951 1383; x_wconf 84' lang='grc' dir='ltr'><strong>Πρόσεστι</strong></span> <span class='ocrx_word' id='word_1_270' title='bbox 3001 1315 3058 1367; x_wconf 71' lang='grc' dir='ltr'><strong>δέ</strong></span> <span class='ocrx_word' id='word_1_271' title='bbox 3107 1313 3281 1382; x_wconf 86' lang='grc' dir='ltr'><strong>τούτῳ</strong></span> <span class='ocrx_word' id='word_1_272' title='bbox 3336 1313 3430 1365; x_wconf 79' lang='grc' dir='ltr'><strong>καὶ</strong></span> <span class='ocrx_word' id='word_1_273' title='bbox 3500 1314 3532 1381; x_wconf 82' lang='grc' dir='ltr'><strong>ἠ</strong></span> <span class='ocrx_word' id='word_1_274' title='bbox 3595 1313 3773 1382; x_wconf 67' lang='grc' dir='ltr'><strong>φθορὰ</strong></span> <span class='ocrx_word' id='word_1_275' title='bbox 3834 1311 3920 1362; x_wconf 75' lang='grc' dir='ltr'><strong>τοῦ</strong></span> 
     </span>
    </p>
   </div>
   <div class='ocr_carea' id='block_1_44' title="bbox 2431 1402 3922 1478">
    <p class='ocr_par' dir='ltr' id='par_1_44' title="bbox 2431 1402 3922 1478">
     <span class='ocr_line' id='line_1_44' title="bbox 2431 1402 3922 1478; baseline -0.006 -17"><span class='ocrx_word' id='word_1_276' title='bbox 2431 1408 2692 1478; x_wconf 73' lang='grc' dir='ltr'><strong>ἐμϐρύου,</strong></span> <span class='ocrx_word' id='word_1_277' title='bbox 2726 1406 2911 1476; x_wconf 70' lang='grc' dir='ltr'><strong>ἱτερος</strong></span> <span class='ocrx_word' id='word_1_278' title='bbox 2938 1406 3095 1473; x_wconf 84' lang='grc' dir='ltr'><strong>φόνος</strong></span> <span class='ocrx_word' id='word_1_279' title='bbox 3136 1405 3276 1458; x_wconf 84' lang='grc' dir='ltr'><strong>κατὰ</strong></span> <span class='ocrx_word' id='word_1_280' title='bbox 3309 1420 3372 1472; x_wconf 84' lang='grc' dir='ltr'><strong>γε</strong></span> <span class='ocrx_word' id='word_1_281' title='bbox 3415 1406 3514 1472; x_wconf 77' lang='grc' dir='ltr'><strong>τὴν</strong></span> <span class='ocrx_word' id='word_1_282' title='bbox 3543 1405 3790 1455; x_wconf 62' lang='grc' dir='ltr'><strong>ἐπίκοιαν</strong></span> <span class='ocrx_word' id='word_1_283' title='bbox 3823 1402 3922 1454; x_wconf 74' lang='grc' dir='ltr'><strong>τῶν</strong></span> 
     </span>
    </p>
   </div>
   <div class='ocr_carea' id='block_1_45' title="bbox 2432 1494 3922 1564">
    <p class='ocr_par' dir='ltr' id='par_1_45' title="bbox 2432 1494 3922 1564">
     <span class='ocr_line' id='line_1_45' title="bbox 2432 1494 3922 1564; baseline -0.011 -13"><span class='ocrx_word' id='word_1_284' title='bbox 2432 1498 2603 1551; x_wconf 78' lang='grc' dir='ltr'><strong>ταῦτα</strong></span> <span class='ocrx_word' id='word_1_285' title='bbox 2659 1495 3013 1564; x_wconf 81' lang='grc' dir='ltr'><strong>τολμώντων·</strong></span> <span class='ocrx_word' id='word_1_286' title='bbox 3074 1495 3154 1546; x_wconf 79' lang='grc' dir='ltr'><strong>δεῖ</strong></span> <span class='ocrx_word' id='word_1_287' title='bbox 3204 1495 3387 1563; x_wconf 81' lang='grc' dir='ltr'><strong>μέντοι</strong></span> <span class='ocrx_word' id='word_1_288' title='bbox 3463 1495 3537 1564; x_wconf 85' lang='grc' dir='ltr'><strong>μὴ</strong></span> <span class='ocrx_word' id='word_1_289' title='bbox 3610 1494 3776 1562; x_wconf 74' lang='grc' dir='ltr'><strong>μέχρι</strong></span> <span class='ocrx_word' id='word_1_290' title='bbox 3836 1494 3922 1558; x_wconf 69' lang='grc' dir='ltr'><strong>τῆς</strong></span> 
     </span>
    </p>
   </div>
   <div class='ocr_carea' id='block_1_46' title="bbox 2435 1583 3923 1655">
    <p class='ocr_par' dir='ltr' id='par_1_46' title="bbox 2435 1583 3923 1655">
     <span class='ocr_line' id='line_1_46' title="bbox 2435 1583 3923 1655; baseline -0.005 -14"><span class='ocrx_word' id='word_1_291' title='bbox 2435 1589 2614 1654; x_wconf 78' lang='grc' dir='ltr'><strong>ἐξόδου</strong></span> <span class='ocrx_word' id='word_1_292' title='bbox 2649 1588 2998 1655; x_wconf 78' lang='grc' dir='ltr'><strong>παρατείνειν</strong></span> <span class='ocrx_word' id='word_1_293' title='bbox 3026 1584 3203 1637; x_wconf 78' lang='grc' dir='ltr'><strong>αὐτῶν</strong></span> <span class='ocrx_word' id='word_1_294' title='bbox 3235 1585 3332 1651; x_wconf 79' lang='grc' dir='ltr'><strong>τὴν</strong></span> <span class='ocrx_word' id='word_1_295' title='bbox 3356 1584 3776 1654; x_wconf 68' lang='grc' dir='ltr'><strong>ἐξομολόγησιν,</strong></span> <span class='ocrx_word' id='word_1_296' title='bbox 3796 1583 3923 1634; x_wconf 69' lang='grc' dir='ltr'><strong>ἀλλὰ</strong></span> 
     </span>
    </p>
   </div>
   <div class='ocr_carea' id='block_1_47' title="bbox 2435 1675 3924 1750">
    <p class='ocr_par' dir='ltr' id='par_1_47' title="bbox 2435 1675 3924 1750">
     <span class='ocr_line' id='line_1_47' title="bbox 2435 1675 3924 1750; baseline -0.005 -17"><span class='ocrx_word' id='word_1_297' title='bbox 2435 1679 2683 1750; x_wconf 78' lang='grc' dir='ltr'><strong>δέχεσθαι</strong></span> <span class='ocrx_word' id='word_1_298' title='bbox 2719 1678 2853 1748; x_wconf 74' lang='grc' dir='ltr'><strong>μετὰ</strong></span> <span class='ocrx_word' id='word_1_299' title='bbox 2878 1677 2938 1729; x_wconf 71' lang='grc' dir='ltr'><strong>τδ</strong></span> <span class='ocrx_word' id='word_1_300' title='bbox 2971 1677 3170 1746; x_wconf 73' lang='grc' dir='ltr'><strong>μέτρον</strong></span> <span class='ocrx_word' id='word_1_301' title='bbox 3201 1677 3308 1728; x_wconf 68' lang='grc' dir='ltr'><strong>τῶ)</strong></span> <span class='ocrx_word' id='word_1_302' title='bbox 3337 1676 3471 1728; x_wconf 82' lang='grc' dir='ltr'><strong>δέκα</strong></span> <span class='ocrx_word' id='word_1_303' title='bbox 3501 1676 3638 1728; x_wconf 82' lang='grc' dir='ltr'><strong>ἐτῶν</strong></span> <span class='ocrx_word' id='word_1_304' title='bbox 3659 1692 3673 1705; x_wconf 87' lang='grc'><strong>·</strong></span> <span class='ocrx_word' id='word_1_305' title='bbox 3722 1675 3924 1742; x_wconf 76' lang='grc' dir='ltr'><strong>ὁρίζειν</strong></span> 
     </span>
    </p>
   </div>
   <div class='ocr_carea' id='block_1_48' title="bbox 2425 1765 3923 1840">
    <p class='ocr_par' dir='ltr' id='par_1_48' title="bbox 2425 1765 3923 1840">
     <span class='ocr_line' id='line_1_48' title="bbox 2425 1765 3923 1840; baseline -0.006 -15"><span class='ocrx_word' id='word_1_306' title='bbox 2425 1773 2481 1825; x_wconf 79' lang='grc' dir='ltr'><strong>δέ</strong></span> <span class='ocrx_word' id='word_1_307' title='bbox 2516 1771 2591 1840; x_wconf 81' lang='grc' dir='ltr'><strong>μὴ</strong></span> <span class='ocrx_word' id='word_1_308' title='bbox 2636 1771 2837 1840; x_wconf 83' lang='grc' dir='ltr'><strong>χρόνῳ,</strong></span> <span class='ocrx_word' id='word_1_309' title='bbox 2870 1768 3004 1822; x_wconf 77' lang='grc' dir='ltr'><strong>ἀλλὰ</strong></span> <span class='ocrx_word' id='word_1_310' title='bbox 3033 1768 3219 1838; x_wconf 82' lang='grc' dir='ltr'><strong>τρόπῳ</strong></span> <span class='ocrx_word' id='word_1_311' title='bbox 3251 1769 3349 1839; x_wconf 78' lang='grc' dir='ltr'><strong>τὴν</strong></span> <span class='ocrx_word' id='word_1_312' title='bbox 3399 1768 3496 1837; x_wconf 73' lang='grc' dir='ltr'><strong>τῆς</strong></span> <span class='ocrx_word' id='word_1_313' title='bbox 3525 1767 3814 1836; x_wconf 80' lang='grc' dir='ltr'><strong>μετανοίας</strong></span> <span class='ocrx_word' id='word_1_314' title='bbox 3846 1765 3923 1817; x_wconf 79' lang='grc' dir='ltr'><strong>θε-</strong></span> 
     </span>
    </p>
   </div>
   <div class='ocr_carea' id='block_1_49' title="bbox 2435 1864 2688 1933">
    <p class='ocr_par' dir='ltr' id='par_1_49' title="bbox 2435 1864 2688 1933">
     <span class='ocr_line' id='line_1_49' title="bbox 2435 1864 2688 1933; baseline 0.008 -17"><span class='ocrx_word' id='word_1_315' title='bbox 2435 1864 2688 1933; x_wconf 89' lang='grc' dir='ltr'><strong>ραπείαν.</strong></span> 
     </span>
    </p>
   </div>
   <div class='ocr_carea' id='block_1_50' title="bbox 2439 1947 3925 2022">
    <p class='ocr_par' dir='ltr' id='par_1_50' title="bbox 2439 1947 3925 2022">
     <span class='ocr_line' id='line_1_50' title="bbox 2439 1947 3925 2022; baseline -0.005 -16"><span class='ocrx_word' id='word_1_316' title='bbox 2439 1954 2633 2007; x_wconf 79' lang='grc' dir='ltr'><strong>ΒΔΛΣ.</strong></span> <span class='ocrx_word' id='word_1_317' title='bbox 2676 1954 2808 2022; x_wconf 78' lang='grc' dir='ltr'><strong>Περὶ</strong></span> <span class='ocrx_word' id='word_1_318' title='bbox 2853 1952 2963 2006; x_wconf 85' lang='grc' dir='ltr'><strong>τῶν</strong></span> <span class='ocrx_word' id='word_1_319' title='bbox 3009 1949 3392 2020; x_wconf 80' lang='grc' dir='ltr'><strong>πορνευουσῶν</strong></span> <span class='ocrx_word' id='word_1_320' title='bbox 3447 1949 3544 2001; x_wconf 75' lang='grc' dir='ltr'><strong>καὶ</strong></span> <span class='ocrx_word' id='word_1_321' title='bbox 3591 1947 3925 2015; x_wconf 63' lang='grc' dir='ltr'><strong>ἁναιρουσῶν</strong></span> 
     </span>
    </p>
   </div>
   <div class='ocr_carea' id='block_1_51' title="bbox 2364 2039 3927 2112">
    <p class='ocr_par' dir='ltr' id='par_1_51' title="bbox 2364 2039 3927 2112">
     <span class='ocr_line' id='line_1_51' title="bbox 2364 2039 3927 2112; baseline -0.008 -11"><span class='ocrx_word' id='word_1_322' title='bbox 2364 2049 2433 2101; x_wconf 79' lang='grc' dir='ltr'><strong>τὰ</strong></span> <span class='ocrx_word' id='word_1_323' title='bbox 2454 2046 2572 2098; x_wconf 85' lang='grc' dir='ltr'><strong>κατ’</strong></span> <span class='ocrx_word' id='word_1_324' title='bbox 2597 2047 2764 2106; x_wconf 82' lang='grc' dir='ltr'><strong>αὑτὰς</strong></span> <span class='ocrx_word' id='word_1_325' title='bbox 2799 2043 3013 2112; x_wconf 71' lang='grc' dir='ltr'><strong>ἔμϐρυα</strong></span> <span class='ocrx_word' id='word_1_326' title='bbox 3046 2043 3136 2095; x_wconf 73' lang='grc' dir='ltr'><strong>διὰ</strong></span> <span class='ocrx_word' id='word_1_327' title='bbox 3174 2042 3480 2110; x_wconf 80' lang='grc' dir='ltr'><strong>φαρμάκων</strong></span> <span class='ocrx_word' id='word_1_328' title='bbox 3525 2041 3558 2110; x_wconf 78' lang='grc' dir='ltr'>ἢ</span> <span class='ocrx_word' id='word_1_329' title='bbox 3591 2039 3768 2099; x_wconf 80' lang='grc' dir='ltr'><strong>ἄλλως</strong></span> <span class='ocrx_word' id='word_1_330' title='bbox 3795 2054 3927 2097; x_wconf 85' lang='grc' dir='ltr'><strong>πως,</strong></span> 
     </span>
    </p>
   </div>
   <div class='ocr_carea' id='block_1_52' title="bbox 2361 2129 3926 2206">
    <p class='ocr_par' dir='ltr' id='par_1_52' title="bbox 2361 2129 3926 2206">
     <span class='ocr_line' id='line_1_52' title="bbox 2361 2129 3926 2206; baseline -0.007 -16"><span class='ocrx_word' id='word_1_331' title='bbox 2361 2138 2580 2206; x_wconf 74' lang='grc' dir='ltr'><strong>εἴρηται</strong></span> <span class='ocrx_word' id='word_1_332' title='bbox 2613 2139 2669 2188; x_wconf 84' lang='grc' dir='ltr'><strong>ἐν</strong></span> <span class='ocrx_word' id='word_1_333' title='bbox 2699 2133 2775 2205; x_wconf 85' lang='grc' dir='ltr'><strong>τῷ</strong></span> <span class='ocrx_word' id='word_1_334' title='bbox 2805 2135 3018 2203; x_wconf 73' lang='grc' dir='ltr'><strong>δεκάτῳ</strong></span> <span class='ocrx_word' id='word_1_335' title='bbox 3061 2133 3342 2202; x_wconf 73' lang='grc' dir='ltr'><strong>κεφαλαίῳ</strong></span> <span class='ocrx_word' id='word_1_336' title='bbox 3369 2131 3465 2184; x_wconf 78' lang='grc' dir='ltr'><strong>τοῦ</strong></span> <span class='ocrx_word' id='word_1_337' title='bbox 3513 2137 3582 2198; x_wconf 88' lang='grc' dir='ltr'><strong>ιγ’</strong></span> <span class='ocrx_word' id='word_1_338' title='bbox 3617 2129 3803 2182; x_wconf 80' lang='grc' dir='ltr'><strong>τίτλου</strong></span> <span class='ocrx_word' id='word_1_339' title='bbox 3835 2130 3926 2180; x_wconf 78' lang='grc' dir='ltr'><strong>τοῦ</strong></span> 
     </span>
    </p>
   </div>
   <div class='ocr_carea' id='block_1_53' title="bbox 2361 2221 3926 2300">
    <p class='ocr_par' dir='ltr' id='par_1_53' title="bbox 2361 2221 3926 2300">
     <span class='ocr_line' id='line_1_53' title="bbox 2361 2221 3926 2300; baseline -0.008 -16"><span class='ocrx_word' id='word_1_340' title='bbox 2361 2233 2627 2300; x_wconf 73' lang='grc' dir='ltr'><strong>παρόντος</strong></span> <span class='ocrx_word' id='word_1_341' title='bbox 2667 2229 3074 2296; x_wconf 75' lang='grc' dir='ltr'><strong>συντάγματος,</strong></span> <span class='ocrx_word' id='word_1_342' title='bbox 3115 2227 3210 2279; x_wconf 78' lang='grc' dir='ltr'><strong>καὶ</strong></span> <span class='ocrx_word' id='word_1_343' title='bbox 3251 2227 3307 2278; x_wconf 89' lang='grc' dir='ltr'><strong>ἐν</strong></span> <span class='ocrx_word' id='word_1_344' title='bbox 3360 2225 3436 2293; x_wconf 81' lang='grc' dir='ltr'><strong>τῷ</strong></span> <span class='ocrx_word' id='word_1_345' title='bbox 3462 2230 3547 2278; x_wconf 84' lang='grc' dir='ltr'><strong>κα⁰</strong></span> <span class='ocrx_word' id='word_1_346' title='bbox 3600 2223 3789 2275; x_wconf 79' lang='grc' dir='ltr'><strong>κανόνι</strong></span> <span class='ocrx_word' id='word_1_347' title='bbox 3829 2221 3926 2287; x_wconf 78' lang='grc' dir='ltr'><strong>τῆς</strong></span> 
     </span>
    </p>
   </div>
   <div class='ocr_carea' id='block_1_54' title="bbox 2362 2311 3924 2392">
    <p class='ocr_par' dir='ltr' id='par_1_54' title="bbox 2362 2311 3924 2392">
     <span class='ocr_line' id='line_1_54' title="bbox 2362 2311 3924 2392; baseline -0.01 -15"><span class='ocrx_word' id='word_1_348' title='bbox 2362 2327 2422 2377; x_wconf 87' lang='grc' dir='ltr'><strong>ἐν</strong></span> <span class='ocrx_word' id='word_1_349' title='bbox 2460 2321 2702 2392; x_wconf 73' lang='grc' dir='ltr'><strong>’Λγκύρᾳ</strong></span> <span class='ocrx_word' id='word_1_350' title='bbox 2737 2319 2981 2372; x_wconf 84' lang='grc' dir='ltr'><strong>συνόδου.</strong></span> <span class='ocrx_word' id='word_1_351' title='bbox 3025 2318 3086 2371; x_wconf 87' lang='lat'><strong>&#39;0</strong></span> <span class='ocrx_word' id='word_1_352' title='bbox 3128 2316 3185 2369; x_wconf 82' lang='grc' dir='ltr'><strong>δὲ</strong></span> <span class='ocrx_word' id='word_1_353' title='bbox 3232 2315 3426 2385; x_wconf 83' lang='grc' dir='ltr'><strong>παρὼν</strong></span> <span class='ocrx_word' id='word_1_354' title='bbox 3458 2312 3661 2376; x_wconf 83' lang='grc' dir='ltr'><strong>κανὼν,</strong></span> <span class='ocrx_word' id='word_1_355' title='bbox 3690 2311 3924 2380; x_wconf 78' lang='grc' dir='ltr'><strong>διοριζό-</strong></span> 
     </span>
    </p>
   </div>
   <div class='ocr_carea' id='block_1_55' title="bbox 2365 2403 3927 2482">
    <p class='ocr_par' dir='ltr' id='par_1_55' title="bbox 2365 2403 3927 2482">
     <span class='ocr_line' id='line_1_55' title="bbox 2365 2403 3927 2482; baseline -0.009 -17"><span class='ocrx_word' id='word_1_356' title='bbox 2365 2429 2523 2482; x_wconf 78' lang='grc' dir='ltr'><strong>μενος</strong></span> <span class='ocrx_word' id='word_1_357' title='bbox 2584 2415 2682 2473; x_wconf 73' lang='grc' dir='ltr'><strong>τὰς</strong></span> <span class='ocrx_word' id='word_1_358' title='bbox 2730 2409 2968 2462; x_wconf 83' lang='grc' dir='ltr'><strong>τοιοῦτόν</strong></span> <span class='ocrx_word' id='word_1_359' title='bbox 3017 2425 3072 2460; x_wconf 88' lang='grc' dir='ltr'><strong>τι</strong></span> <span class='ocrx_word' id='word_1_360' title='bbox 3127 2406 3385 2468; x_wconf 81' lang='grc' dir='ltr'><strong>ποιούσας</strong></span> <span class='ocrx_word' id='word_1_361' title='bbox 3431 2407 3543 2466; x_wconf 81' lang='grc' dir='ltr'><strong>τοῖς</strong></span> <span class='ocrx_word' id='word_1_362' title='bbox 3572 2404 3682 2455; x_wconf 82' lang='grc' dir='ltr'><strong>τῶν</strong></span> <span class='ocrx_word' id='word_1_363' title='bbox 3722 2403 3927 2470; x_wconf 79' lang='grc' dir='ltr'><strong>φονέων</strong></span> 
     </span>
    </p>
   </div>
   <div class='ocr_carea' id='block_1_56' title="bbox 2362 2486 3922 2572">
    <p class='ocr_par' dir='ltr' id='par_1_56' title="bbox 2362 2486 3922 2572">
     <span class='ocr_line' id='line_1_56' title="bbox 2362 2486 3922 2572; baseline -0.01 -15"><span class='ocrx_word' id='word_1_364' title='bbox 2362 2503 2658 2572; x_wconf 73' lang='grc' dir='ltr'><strong>ἐπιτιμίοις</strong></span> <span class='ocrx_word' id='word_1_365' title='bbox 2705 2498 3243 2560; x_wconf 73' lang='grc' dir='ltr'><strong>καθυποὸαλλεσθαι,</strong></span> <span class='ocrx_word' id='word_1_366' title='bbox 3289 2495 3616 2567; x_wconf 78' lang='grc' dir='ltr'><strong>προστίθησι</strong></span> <span class='ocrx_word' id='word_1_367' title='bbox 3665 2493 3742 2562; x_wconf 83' lang='grc' dir='ltr'><strong>μὴ</strong></span> <span class='ocrx_word' id='word_1_368' title='bbox 3788 2486 3922 2543; x_wconf 73' lang='grc' dir='ltr'><strong>εἶναι</strong></span> 
     </span>
    </p>
   </div>
   <div class='ocr_carea' id='block_1_57' title="bbox 2361 2585 3924 2662">
    <p class='ocr_par' dir='ltr' id='par_1_57' title="bbox 2361 2585 3924 2662">
     <span class='ocr_line' id='line_1_57' title="bbox 2361 2585 3924 2662; baseline -0.008 -16"><span class='ocrx_word' id='word_1_369' title='bbox 2361 2592 2619 2662; x_wconf 73' lang='grc' dir='ltr'><strong>διαφορὰν</strong></span> <span class='ocrx_word' id='word_1_370' title='bbox 2649 2590 2742 2644; x_wconf 80' lang='grc' dir='ltr'><strong>τοῦ</strong></span> <span class='ocrx_word' id='word_1_371' title='bbox 2766 2589 3152 2660; x_wconf 80' lang='grc' dir='ltr'><strong>ὰμδλώματος.</strong></span> <span class='ocrx_word' id='word_1_372' title='bbox 3181 2589 3293 2641; x_wconf 78' lang='grc' dir='ltr'><strong>Κᾶν</strong></span> <span class='ocrx_word' id='word_1_373' title='bbox 3314 2589 3422 2656; x_wconf 70' lang='grc' dir='ltr'><strong>γὰρ</strong></span> <span class='ocrx_word' id='word_1_374' title='bbox 3453 2585 3779 2655; x_wconf 79' lang='grc' dir='ltr'><strong>ἀμόρφωτόν</strong></span> <span class='ocrx_word' id='word_1_375' title='bbox 3813 2586 3924 2635; x_wconf 73' lang='grc' dir='ltr'><strong>ἐστι</strong></span> 
     </span>
    </p>
   </div>
   <div class='ocr_carea' id='block_1_58' title="bbox 2365 2676 3927 2754">
    <p class='ocr_par' dir='ltr' id='par_1_58' title="bbox 2365 2676 3927 2754">
     <span class='ocr_line' id='line_1_58' title="bbox 2365 2676 3927 2754; baseline -0.009 -14"><span class='ocrx_word' id='word_1_376' title='bbox 2365 2687 2426 2740; x_wconf 80' lang='grc' dir='ltr'><strong>τὸ</strong></span> <span class='ocrx_word' id='word_1_377' title='bbox 2475 2683 2782 2754; x_wconf 75' lang='grc' dir='ltr'><strong>ἀμδλωθέν,</strong></span> <span class='ocrx_word' id='word_1_378' title='bbox 2829 2683 2935 2737; x_wconf 77' lang='grc' dir='ltr'><strong>κᾶν</strong></span> <span class='ocrx_word' id='word_1_379' title='bbox 2987 2680 3425 2752; x_wconf 80' lang='grc' dir='ltr'><strong>μεμορφωμένον</strong></span> <span class='ocrx_word' id='word_1_380' title='bbox 3467 2680 3562 2730; x_wconf 54' lang='grc' dir='ltr'><strong>καὶ⁵</strong></span> <span class='ocrx_word' id='word_1_381' title='bbox 3605 2676 3927 2746; x_wconf 69' lang='grc' dir='ltr'><strong>χαρακτῆρα</strong></span> 
     </span>
    </p>
   </div>
   <div class='ocr_carea' id='block_1_59' title="bbox 2367 2768 3925 2847">
    <p class='ocr_par' dir='ltr' id='par_1_59' title="bbox 2367 2768 3925 2847">
     <span class='ocr_line' id='line_1_59' title="bbox 2367 2768 3925 2847; baseline -0.006 -18"><span class='ocrx_word' id='word_1_382' title='bbox 2367 2778 2490 2847; x_wconf 67' lang='grc' dir='ltr'><strong>ἔχον</strong></span> <span class='ocrx_word' id='word_1_383' title='bbox 2512 2775 2821 2845; x_wconf 84' lang='grc' dir='ltr'><strong>ἀνθρώπου,</strong></span> <span class='ocrx_word' id='word_1_384' title='bbox 2845 2775 2873 2827; x_wconf 87' lang='grc' dir='ltr'><strong>ό</strong></span> <span class='ocrx_word' id='word_1_385' title='bbox 2904 2774 3064 2834; x_wconf 74' lang='grc' dir='ltr'><strong>αὐτὸς</strong></span> <span class='ocrx_word' id='word_1_386' title='bbox 3084 2773 3240 2838; x_wconf 89' lang='grc' dir='ltr'><strong>λόγος</strong></span> <span class='ocrx_word' id='word_1_387' title='bbox 3270 2771 3406 2824; x_wconf 86' lang='grc' dir='ltr'><strong>ἐστί.</strong></span> <span class='ocrx_word' id='word_1_388' title='bbox 3442 2769 3614 2821; x_wconf 75' lang='grc' dir='ltr'><strong>Τοῦτο</strong></span> <span class='ocrx_word' id='word_1_389' title='bbox 3637 2769 3690 2820; x_wconf 79' lang='grc' dir='ltr'><strong>δέ</strong></span> <span class='ocrx_word' id='word_1_390' title='bbox 3725 2768 3925 2838; x_wconf 56' lang='grc' dir='ltr'><strong>ἐρρέθη</strong></span> 
     </span>
    </p>
   </div>
   <div class='ocr_carea' id='block_1_60' title="bbox 2368 2859 3926 2930">
    <p class='ocr_par' dir='ltr' id='par_1_60' title="bbox 2368 2859 3926 2930">
     <span class='ocr_line' id='line_1_60' title="bbox 2368 2859 3926 2930; baseline -0.008 -12"><span class='ocrx_word' id='word_1_391' title='bbox 2368 2867 2455 2919; x_wconf 68' lang='grc' dir='ltr'><strong>διὰ</strong></span> <span class='ocrx_word' id='word_1_392' title='bbox 2493 2867 2617 2924; x_wconf 71' lang='grc' dir='ltr'><strong>τοὺς</strong></span> <span class='ocrx_word' id='word_1_393' title='bbox 2663 2866 2917 2930; x_wconf 86' lang='grc' dir='ltr'><strong>λέγοντας</strong></span> <span class='ocrx_word' id='word_1_394' title='bbox 2947 2861 3042 2924; x_wconf 79' lang='grc' dir='ltr'><strong>ὡς,</strong></span> <span class='ocrx_word' id='word_1_395' title='bbox 3091 2863 3212 2913; x_wconf 77' lang='grc' dir='ltr'><strong>ἐπεὶ</strong></span> <span class='ocrx_word' id='word_1_396' title='bbox 3249 2862 3313 2913; x_wconf 72' lang='grc' dir='ltr'><strong>τὸ</strong></span> <span class='ocrx_word' id='word_1_397' title='bbox 3363 2861 3610 2929; x_wconf 80' lang='grc' dir='ltr'><strong>σπέρμα,</strong></span> <span class='ocrx_word' id='word_1_398' title='bbox 3645 2861 3710 2927; x_wconf 73' lang='grc' dir='ltr'><strong>τῇ</strong></span> <span class='ocrx_word' id='word_1_399' title='bbox 3751 2859 3926 2926; x_wconf 64' lang='grc' dir='ltr'><strong>μήτρᾳ</strong></span> 
     </span>
    </p>
   </div>
   <div class='ocr_carea' id='block_1_61' title="bbox 2368 2951 3926 3023">
    <p class='ocr_par' dir='ltr' id='par_1_61' title="bbox 2368 2951 3926 3023">
     <span class='ocr_line' id='line_1_61' title="bbox 2368 2951 3926 3023; baseline -0.006 -14"><span class='ocrx_word' id='word_1_400' title='bbox 2368 2954 2862 3023; x_wconf 77' lang='grc' dir='ltr'><strong>καταδαλλόμενον,</strong></span> <span class='ocrx_word' id='word_1_401' title='bbox 2909 2955 3007 3007; x_wconf 76' lang='grc' dir='ltr'><strong>οὐκ</strong></span> <span class='ocrx_word' id='word_1_402' title='bbox 3073 2952 3399 3006; x_wconf 65' lang='grc' dir='ltr'><strong>ἀπντεῦθεν</strong></span> <span class='ocrx_word' id='word_1_403' title='bbox 3453 2952 3802 3003; x_wconf 79' lang='grc' dir='ltr'><strong>είδοποιείται</strong></span> <span class='ocrx_word' id='word_1_404' title='bbox 3855 2951 3926 3010; x_wconf 81' lang='grc' dir='ltr'><strong>εἰς</strong></span> 
     </span>
    </p>
   </div>
   <div class='ocr_carea' id='block_1_62' title="bbox 2369 3034 3926 3118">
    <p class='ocr_par' dir='ltr' id='par_1_62' title="bbox 2369 3034 3926 3118">
     <span class='ocr_line' id='line_1_62' title="bbox 2369 3034 3926 3118; baseline -0.007 -16"><span class='ocrx_word' id='word_1_405' title='bbox 2369 3047 2673 3118; x_wconf 74' lang='grc' dir='ltr'><strong>ἄνθρωπον,</strong></span> <span class='ocrx_word' id='word_1_406' title='bbox 2705 3046 2843 3098; x_wconf 77' lang='grc' dir='ltr'><strong>ἀλλὰ</strong></span> <span class='ocrx_word' id='word_1_407' title='bbox 2886 3046 3152 3115; x_wconf 85' lang='grc' dir='ltr'><strong>πρότερον</strong></span> <span class='ocrx_word' id='word_1_408' title='bbox 3213 3043 3313 3112; x_wconf 88' lang='grc' dir='ltr'><strong>μέν</strong></span> <span class='ocrx_word' id='word_1_409' title='bbox 3371 3041 3783 3110; x_wconf 73' lang='grc' dir='ltr'><strong>ἐξαιματοῦται,</strong></span> <span class='ocrx_word' id='word_1_410' title='bbox 3819 3034 3926 3091; x_wconf 78' lang='grc' dir='ltr'><strong>εἷτα</strong></span> 
     </span>
    </p>
   </div>
   <div class='ocr_carea' id='block_1_63' title="bbox 2369 3131 3921 3210">
    <p class='ocr_par' dir='ltr' id='par_1_63' title="bbox 2369 3131 3921 3210">
     <span class='ocr_line' id='line_1_63' title="bbox 2369 3131 3921 3210; baseline -0.01 -14"><span class='ocrx_word' id='word_1_411' title='bbox 2369 3147 2449 3205; x_wconf 85' lang='grc' dir='ltr'><strong>είς</strong></span> <span class='ocrx_word' id='word_1_412' title='bbox 2481 3143 2659 3210; x_wconf 85' lang='grc' dir='ltr'><strong>σάρκα</strong></span> <span class='ocrx_word' id='word_1_413' title='bbox 2686 3141 2960 3208; x_wconf 81' lang='grc' dir='ltr'><strong>πήγνυται</strong></span> <span class='ocrx_word' id='word_1_414' title='bbox 2987 3137 3352 3207; x_wconf 75' lang='grc' dir='ltr'><strong>ἀνθρωπίνην,</strong></span> <span class='ocrx_word' id='word_1_415' title='bbox 3379 3131 3500 3187; x_wconf 77' lang='grc' dir='ltr'><strong>εἶτα</strong></span> <span class='ocrx_word' id='word_1_416' title='bbox 3535 3132 3921 3197; x_wconf 78' lang='grc' dir='ltr'><strong>ἐξεικονίζεται</strong></span> 
     </span>
    </p>
   </div>
   <div class='ocr_carea' id='block_1_64' title="bbox 2372 3226 3926 3298">
    <p class='ocr_par' dir='ltr' id='par_1_64' title="bbox 2372 3226 3926 3298">
     <span class='ocr_line' id='line_1_64' title="bbox 2372 3226 3926 3298; baseline -0.008 -12"><span class='ocrx_word' id='word_1_417' title='bbox 2372 3236 2463 3286; x_wconf 75' lang='lat' dir='ltr'><strong>xci.</strong></span> <span class='ocrx_word' id='word_1_418' title='bbox 2489 3231 2841 3284; x_wconf 80' lang='grc' dir='ltr'><strong>διατυποῦται</strong></span> <span class='ocrx_word' id='word_1_419' title='bbox 2896 3232 2972 3292; x_wconf 83' lang='grc' dir='ltr'><strong>είς</strong></span> <span class='ocrx_word' id='word_1_420' title='bbox 3029 3231 3164 3298; x_wconf 78' lang='grc' dir='ltr'><strong>μέλη</strong></span> <span class='ocrx_word' id='word_1_421' title='bbox 3223 3230 3316 3280; x_wconf 68' lang='grc' dir='ltr'><strong>καὶ</strong></span> <span class='ocrx_word' id='word_1_422' title='bbox 3351 3229 3552 3296; x_wconf 70' lang='grc' dir='ltr'><strong>μόριαο</strong></span> <span class='ocrx_word' id='word_1_423' title='bbox 3603 3228 3664 3278; x_wconf 85' lang='grc' dir='ltr'><strong>ού</strong></span> <span class='ocrx_word' id='word_1_424' title='bbox 3719 3226 3926 3291; x_wconf 81' lang='grc' dir='ltr'><strong>γίνεται</strong></span> 
     </span>
    </p>
   </div>
   <div class='ocr_carea' id='block_1_65' title="bbox 711 3295 2263 3392">
    <p class='ocr_par' dir='ltr' id='par_1_65' title="bbox 711 3295 2263 3362">
     <span class='ocr_line' id='line_1_65' title="bbox 711 3295 2263 3362; baseline -0.001 -12"><span class='ocrx_word' id='word_1_425' title='bbox 711 3297 943 3350; x_wconf 85' lang='lat' dir='ltr'><strong>nondum</strong></span> <span class='ocrx_word' id='word_1_426' title='bbox 971 3306 1053 3349; x_wconf 85' lang='lat' dir='ltr'><strong>est</strong></span> <span class='ocrx_word' id='word_1_427' title='bbox 1074 3296 1353 3348; x_wconf 86' lang='lat' dir='ltr'><strong>formatus.</strong></span> <span class='ocrx_word' id='word_1_428' title='bbox 1376 3295 1641 3349; x_wconf 68' lang='lat' dir='ltr'><strong>Praeterea</strong></span> <span class='ocrx_word' id='word_1_429' title='bbox 1660 3297 1838 3361; x_wconf 87' lang='lat' dir='ltr'><strong>adjicit</strong></span> <span class='ocrx_word' id='word_1_430' title='bbox 1860 3307 2099 3356; x_wconf 84' lang='lat' dir='ltr'><strong>sanctus,</strong></span> <span class='ocrx_word' id='word_1_431' title='bbox 2125 3295 2263 3362; x_wconf 87' lang='lat' dir='ltr'><strong>quod</strong></span> 
     </span>
    </p>
   </div>
   <div class='ocr_carea' id='block_1_66' title="bbox 2366 3295 3926 3392">
    <p class='ocr_par' dir='ltr' id='par_1_66' title="bbox 2374 3295 3926 3392">
     <span class='ocr_line' id='line_1_66' title="bbox 2374 3295 3926 3392; baseline -0.006 -18"><span class='ocrx_word' id='word_1_432' title='bbox 2374 3325 2552 3392; x_wconf 76' lang='grc' dir='ltr'><strong>φόνος,</strong></span> <span class='ocrx_word' id='word_1_433' title='bbox 2583 3324 2711 3374; x_wconf 83' lang='grc' dir='ltr'><strong>ὅταν</strong></span> <span class='ocrx_word' id='word_1_434' title='bbox 2757 3295 3039 3388; x_wconf 58' lang='grc' dir='ltr'><strong>ὰμδλωθη</strong></span> <span class='ocrx_word' id='word_1_435' title='bbox 3067 3320 3127 3370; x_wconf 81' lang='grc' dir='ltr'><strong>τὸ</strong></span> <span class='ocrx_word' id='word_1_436' title='bbox 3153 3295 3514 3387; x_wconf 50' lang='grc' dir='ltr'><strong>ἐμϐρυονςτδ</strong></span> <span class='ocrx_word' id='word_1_437' title='bbox 3563 3318 3733 3385; x_wconf 76' lang='grc' dir='ltr'><strong>μήπω</strong></span> <span class='ocrx_word' id='word_1_438' title='bbox 3792 3316 3926 3366; x_wconf 84' lang='grc' dir='ltr'><strong>είδο-</strong></span> 
     </span>
    </p>
   </div>
   <div class='ocr_carea' id='block_1_67' title="bbox 714 3385 2264 3454">
    <p class='ocr_par' dir='ltr' id='par_1_67' title="bbox 714 3385 2264 3454">
     <span class='ocr_line' id='line_1_67' title="bbox 714 3385 2264 3454; baseline -0.002 -15"><span class='ocrx_word' id='word_1_439' title='bbox 714 3402 817 3441; x_wconf 82' lang='grc' dir='ltr'><strong>ιιοιι</strong></span> <span class='ocrx_word' id='word_1_440' title='bbox 854 3388 1027 3440; x_wconf 88' lang='lat' dir='ltr'><strong>solum</strong></span> <span class='ocrx_word' id='word_1_441' title='bbox 1060 3396 1277 3454; x_wconf 83' lang='lat' dir='ltr'><strong>pr0pter</strong></span> <span class='ocrx_word' id='word_1_442' title='bbox 1317 3385 1457 3438; x_wconf 89' lang='lat' dir='ltr'><strong>fetus</strong></span> <span class='ocrx_word' id='word_1_443' title='bbox 1494 3386 1769 3439; x_wconf 81' lang='lat' dir='ltr'><strong>interitum</strong></span> <span class='ocrx_word' id='word_1_444' title='bbox 1809 3387 1860 3436; x_wconf 80' lang='lat' dir='ltr'><strong>fit</strong></span> <span class='ocrx_word' id='word_1_445' title='bbox 1893 3386 2053 3438; x_wconf 65' lang='lat' dir='ltr'><strong>caedis</strong></span> <span class='ocrx_word' id='word_1_446' title='bbox 2080 3387 2264 3437; x_wconf 86' lang='lat' dir='ltr'><strong>vindi-</strong></span> 
     </span>
    </p>
   </div>
   <div class='ocr_carea' id='block_1_68' title="bbox 714 3475 2268 3544">
    <p class='ocr_par' dir='ltr' id='par_1_68' title="bbox 714 3475 2268 3544">
     <span class='ocr_line' id='line_1_68' title="bbox 714 3475 2268 3544; baseline 0.001 -16"><span class='ocrx_word' id='word_1_447' title='bbox 714 3477 874 3539; x_wconf 85' lang='lat' dir='ltr'><strong>catio,</strong></span> <span class='ocrx_word' id='word_1_448' title='bbox 905 3477 995 3528; x_wconf 89' lang='lat' dir='ltr'><strong>sed</strong></span> <span class='ocrx_word' id='word_1_449' title='bbox 1027 3478 1187 3528; x_wconf 87' lang='lat' dir='ltr'><strong>etiam</strong></span> <span class='ocrx_word' id='word_1_450' title='bbox 1227 3485 1441 3543; x_wconf 85' lang='lat' dir='ltr'><strong>propter</strong></span> <span class='ocrx_word' id='word_1_451' title='bbox 1470 3475 1712 3538; x_wconf 77' lang='lat' dir='ltr'><strong>insidias,</strong></span> <span class='ocrx_word' id='word_1_452' title='bbox 1749 3492 1882 3544; x_wconf 89' lang='lat' dir='ltr'><strong>quas</strong></span> <span class='ocrx_word' id='word_1_453' title='bbox 1916 3478 2017 3530; x_wconf 76' lang='lat' dir='ltr'><strong>sibi</strong></span> <span class='ocrx_word' id='word_1_454' title='bbox 2056 3478 2268 3543; x_wconf 82' lang='lat' dir='ltr'><strong>paravit</strong></span> 
     </span>
    </p>
   </div>
   <div class='ocr_carea' id='block_1_69' title="bbox 717 3564 2267 3634">
    <p class='ocr_par' dir='ltr' id='par_1_69' title="bbox 717 3564 2267 3634">
     <span class='ocr_line' id='line_1_69' title="bbox 717 3564 2267 3634; baseline 0.002 -16"><span class='ocrx_word' id='word_1_455' title='bbox 717 3567 904 3620; x_wconf 89' lang='lat' dir='ltr'><strong>mulier</strong></span> <span class='ocrx_word' id='word_1_456' title='bbox 935 3566 1175 3633; x_wconf 77' lang='lat' dir='ltr'><strong>gravida.</strong></span> <span class='ocrx_word' id='word_1_457' title='bbox 1209 3564 1276 3617; x_wconf 85' lang='lat' dir='ltr'><strong>Ut</strong></span> <span class='ocrx_word' id='word_1_458' title='bbox 1317 3565 1602 3632; x_wconf 88' lang='lat' dir='ltr'><strong>plurimum</strong></span> <span class='ocrx_word' id='word_1_459' title='bbox 1633 3568 1774 3618; x_wconf 89' lang='lat' dir='ltr'><strong>enim</strong></span> <span class='ocrx_word' id='word_1_460' title='bbox 1809 3577 2011 3621; x_wconf 89' lang='lat' dir='ltr'><strong>matres</strong></span> <span class='ocrx_word' id='word_1_461' title='bbox 2049 3583 2267 3634; x_wconf 82' lang='lat' dir='ltr'><strong>quoque</strong></span> 
     </span>
    </p>
   </div>
   <div class='ocr_carea' id='block_1_70' title="bbox 715 3656 2267 3724">
    <p class='ocr_par' dir='ltr' id='par_1_70' title="bbox 715 3656 2267 3724">
     <span class='ocr_line' id='line_1_70' title="bbox 715 3656 2267 3724; baseline 0 -15"><span class='ocrx_word' id='word_1_462' title='bbox 715 3672 817 3709; x_wconf 83' lang='lat' dir='ltr'><strong>una</strong></span> <span class='ocrx_word' id='word_1_463' title='bbox 845 3667 1071 3716; x_wconf 89' lang='lat' dir='ltr'><strong>pereunt</strong></span> <span class='ocrx_word' id='word_1_464' title='bbox 1116 3667 1336 3723; x_wconf 84' lang='lat' dir='ltr'><strong>pr0pter</strong></span> <span class='ocrx_word' id='word_1_465' title='bbox 1372 3656 1710 3724; x_wconf 85' lang='lat' dir='ltr'><strong>cjectionein.</strong></span> <span class='ocrx_word' id='word_1_466' title='bbox 1747 3657 1908 3709; x_wconf 74' lang='lat' dir='ltr'><strong>i‘wna</strong></span> <span class='ocrx_word' id='word_1_467' title='bbox 1945 3670 2147 3721; x_wconf 84' lang='lat' dir='ltr'><strong>autem,</strong></span> <span class='ocrx_word' id='word_1_468' title='bbox 2184 3661 2267 3710; x_wconf 89' lang='lat' dir='ltr'><strong>in-</strong></span> 
     </span>
    </p>
   </div>
   <div class='ocr_carea' id='block_1_71' title="bbox 715 3748 2269 3816">
    <p class='ocr_par' dir='ltr' id='par_1_71' title="bbox 715 3748 2269 3816">
     <span class='ocr_line' id='line_1_71' title="bbox 715 3748 2269 3816; baseline 0.001 -18"><span class='ocrx_word' id='word_1_469' title='bbox 715 3748 852 3814; x_wconf 87' lang='lat' dir='ltr'><strong>quit,</strong></span> <span class='ocrx_word' id='word_1_470' title='bbox 889 3761 954 3800; x_wconf 91' lang='lat' dir='ltr'><strong>ne</strong></span> <span class='ocrx_word' id='word_1_471' title='bbox 981 3748 1303 3798; x_wconf 81' lang='lat' dir='ltr'><strong>extendatur</strong></span> <span class='ocrx_word' id='word_1_472' title='bbox 1345 3762 1513 3816; x_wconf 83' lang='lat' dir='ltr'><strong>usque</strong></span> <span class='ocrx_word' id='word_1_473' title='bbox 1542 3748 1607 3800; x_wconf 89' lang='lat' dir='ltr'><strong>ad</strong></span> <span class='ocrx_word' id='word_1_474' title='bbox 1643 3749 1800 3800; x_wconf 90' lang='lat' dir='ltr'><strong>linem</strong></span> <span class='ocrx_word' id='word_1_475' title='bbox 1836 3748 1958 3800; x_wconf 72' lang='lat' dir='ltr'><strong>vitae</strong></span> <span class='ocrx_word' id='word_1_476' title='bbox 1990 3750 2104 3814; x_wconf 81' lang='lat' dir='ltr'><strong>ejus</strong></span> <span class='ocrx_word' id='word_1_477' title='bbox 2152 3763 2269 3816; x_wconf 70' lang='lat' dir='ltr'><strong>Quae</strong></span> 
     </span>
    </p>
   </div>
   <div class='ocr_carea' id='block_1_72' title="bbox 715 3837 2268 3904">
    <p class='ocr_par' dir='ltr' id='par_1_72' title="bbox 715 3837 2268 3904">
     <span class='ocr_line' id='line_1_72' title="bbox 715 3837 2268 3904; baseline 0 -14"><span class='ocrx_word' id='word_1_478' title='bbox 715 3840 915 3891; x_wconf 65' lang='lat' dir='ltr'><strong>caedem</strong></span> <span class='ocrx_word' id='word_1_479' title='bbox 948 3839 1294 3904; x_wconf 78' lang='lat' dir='ltr'><strong>perpetravit,</strong></span> <span class='ocrx_word' id='word_1_480' title='bbox 1325 3839 1417 3891; x_wconf 88' lang='lat' dir='ltr'><strong>sed</strong></span> <span class='ocrx_word' id='word_1_481' title='bbox 1455 3837 1506 3889; x_wconf 90' lang='lat' dir='ltr'><strong>in</strong></span> <span class='ocrx_word' id='word_1_482' title='bbox 1533 3838 1716 3891; x_wconf 90' lang='lat' dir='ltr'><strong>decem</strong></span> <span class='ocrx_word' id='word_1_483' title='bbox 1745 3852 1936 3890; x_wconf 87' lang='lat' dir='ltr'><strong>annos.</strong></span> <span class='ocrx_word' id='word_1_484' title='bbox 1975 3837 2138 3889; x_wconf 80' lang='lat' dir='ltr'><strong>l’orro</strong></span> <span class='ocrx_word' id='word_1_485' title='bbox 2167 3837 2268 3890; x_wconf 88' lang='lat' dir='ltr'><strong>tale</strong></span> 
     </span>
    </p>
   </div>
   <div class='ocr_carea' id='block_1_73' title="bbox 714 3926 2264 3994">
    <p class='ocr_par' dir='ltr' id='par_1_73' title="bbox 714 3926 2264 3994">
     <span class='ocr_line' id='line_1_73' title="bbox 714 3926 2264 3994; baseline -0.003 -15"><span class='ocrx_word' id='word_1_486' title='bbox 714 3942 923 3994; x_wconf 88' lang='lat' dir='ltr'><strong>quoque</strong></span> <span class='ocrx_word' id='word_1_487' title='bbox 987 3938 1194 3994; x_wconf 84' lang='lat' dir='ltr'><strong>tempus</strong></span> <span class='ocrx_word' id='word_1_488' title='bbox 1255 3926 1382 3979; x_wconf 88' lang='lat' dir='ltr'><strong>licet</strong></span> <span class='ocrx_word' id='word_1_489' title='bbox 1439 3927 1510 3980; x_wconf 88' lang='lat' dir='ltr'><strong>sit</strong></span> <span class='ocrx_word' id='word_1_490' title='bbox 1560 3940 1590 3978; x_wconf 77' lang='grc' dir='ltr'><strong>α</strong></span> <span class='ocrx_word' id='word_1_491' title='bbox 1635 3941 1841 3980; x_wconf 88' lang='lat' dir='ltr'><strong>canone</strong></span> <span class='ocrx_word' id='word_1_492' title='bbox 1889 3926 2264 3988; x_wconf 75' lang='lat' dir='ltr'><strong>constitutam,</strong></span> 
     </span>
    </p>
   </div>
   <div class='ocr_carea' id='block_1_74' title="bbox 712 4015 2268 4085">
    <p class='ocr_par' dir='ltr' id='par_1_74' title="bbox 712 4015 2268 4085">
     <span class='ocr_line' id='line_1_74' title="bbox 712 4015 2268 4085; baseline -0.003 -12"><span class='ocrx_word' id='word_1_493' title='bbox 712 4028 920 4085; x_wconf 85' lang='lat' dir='ltr'><strong>oportet</strong></span> <span class='ocrx_word' id='word_1_494' title='bbox 950 4028 1123 4070; x_wconf 87' lang='lat' dir='ltr'><strong>tamen</strong></span> <span class='ocrx_word' id='word_1_495' title='bbox 1168 4015 1510 4080; x_wconf 86' lang='lat' dir='ltr'><strong>medicinam,</strong></span> <span class='ocrx_word' id='word_1_496' title='bbox 1538 4030 1644 4070; x_wconf 91' lang='lat' dir='ltr'><strong>non</strong></span> <span class='ocrx_word' id='word_1_497' title='bbox 1675 4025 1938 4083; x_wconf 81' lang='lat' dir='ltr'><strong>tempore,</strong></span> <span class='ocrx_word' id='word_1_498' title='bbox 1986 4018 2078 4069; x_wconf 89' lang='lat' dir='ltr'><strong>sed</strong></span> <span class='ocrx_word' id='word_1_499' title='bbox 2110 4018 2268 4069; x_wconf 89' lang='lat' dir='ltr'><strong>modo</strong></span> 
     </span>
    </p>
   </div>
   <div class='ocr_carea' id='block_1_75' title="bbox 713 4107 2266 4175">
    <p class='ocr_par' dir='ltr' id='par_1_75' title="bbox 713 4107 2266 4175">
     <span class='ocr_line' id='line_1_75' title="bbox 713 4107 2266 4175; baseline -0.002 -13"><span class='ocrx_word' id='word_1_500' title='bbox 713 4109 1084 4162; x_wconf 85' lang='lat' dir='ltr'><strong>circumscribi</strong></span> <span class='ocrx_word' id='word_1_501' title='bbox 1119 4124 1132 4157; x_wconf 87' lang='lat'>:</span> <span class='ocrx_word' id='word_1_502' title='bbox 1167 4107 1370 4160; x_wconf 88' lang='lat' dir='ltr'><strong>scilicet</strong></span> <span class='ocrx_word' id='word_1_503' title='bbox 1399 4108 1442 4160; x_wconf 90' lang='lat' dir='ltr'><strong>si</strong></span> <span class='ocrx_word' id='word_1_504' title='bbox 1470 4122 1590 4175; x_wconf 80' lang='lat' dir='ltr'><strong>qua:</strong></span> <span class='ocrx_word' id='word_1_505' title='bbox 1614 4110 1857 4173; x_wconf 79' lang='lat' dir='ltr'><strong>peccavit</strong></span> <span class='ocrx_word' id='word_1_506' title='bbox 1889 4107 2122 4172; x_wconf 88' lang='lat' dir='ltr'><strong>quidem,</strong></span> <span class='ocrx_word' id='word_1_507' title='bbox 2152 4121 2266 4174; x_wconf 70' lang='lat' dir='ltr'><strong>pa:-</strong></span> 
     </span>
    </p>
   </div>
   <div class='ocr_carea' id='block_1_76' title="bbox 722 4195 2267 4262">
    <p class='ocr_par' dir='ltr' id='par_1_76' title="bbox 722 4195 2267 4262">
     <span class='ocr_line' id='line_1_76' title="bbox 722 4195 2267 4262; baseline -0.001 -14"><span class='ocrx_word' id='word_1_508' title='bbox 722 4197 1001 4248; x_wconf 83' lang='lat' dir='ltr'><strong>tiitentiam</strong></span> <span class='ocrx_word' id='word_1_509' title='bbox 1037 4195 1316 4262; x_wconf 75' lang='lat' dir='ltr'><strong>aspernari</strong></span> <span class='ocrx_word' id='word_1_510' title='bbox 1378 4195 1641 4258; x_wconf 83' lang='lat' dir='ltr'><strong>videatur,</strong></span> <span class='ocrx_word' id='word_1_511' title='bbox 1693 4211 1796 4247; x_wconf 90' lang='lat' dir='ltr'><strong>non</strong></span> <span class='ocrx_word' id='word_1_512' title='bbox 1848 4195 2020 4248; x_wconf 83' lang='lat' dir='ltr'><strong>solum</strong></span> <span class='ocrx_word' id='word_1_513' title='bbox 2069 4195 2267 4248; x_wconf 85' lang='lat' dir='ltr'><strong>decen-</strong></span> 
     </span>
    </p>
   </div>
   <div class='ocr_carea' id='block_1_77' title="bbox 715 4283 2268 4352">
    <p class='ocr_par' dir='ltr' id='par_1_77' title="bbox 715 4283 2268 4352">
     <span class='ocr_line' id='line_1_77' title="bbox 715 4283 2268 4352; baseline -0.001 -15"><span class='ocrx_word' id='word_1_514' title='bbox 715 4287 858 4338; x_wconf 89' lang='lat' dir='ltr'><strong>nium</strong></span> <span class='ocrx_word' id='word_1_515' title='bbox 895 4285 1131 4349; x_wconf 80' lang='lat' dir='ltr'><strong>l‘tuietur,</strong></span> <span class='ocrx_word' id='word_1_516' title='bbox 1181 4285 1276 4338; x_wconf 84' lang='lat' dir='ltr'><strong>sed</strong></span> <span class='ocrx_word' id='word_1_517' title='bbox 1320 4285 1482 4338; x_wconf 88' lang='lat' dir='ltr'><strong>etiam</strong></span> <span class='ocrx_word' id='word_1_518' title='bbox 1523 4285 1825 4352; x_wconf 84' lang='lat' dir='ltr'><strong>augebitur.</strong></span> <span class='ocrx_word' id='word_1_519' title='bbox 1879 4283 1981 4338; x_wconf 88' lang='lat' dir='ltr'><strong>Sed</strong></span> <span class='ocrx_word' id='word_1_520' title='bbox 2037 4285 2080 4336; x_wconf 89' lang='lat' dir='ltr'><strong>si</strong></span> <span class='ocrx_word' id='word_1_521' title='bbox 2129 4284 2268 4336; x_wconf 70' lang='lat' dir='ltr'><strong>serio</strong></span> 
     </span>
    </p>
   </div>
   <div class='ocr_carea' id='block_1_78' title="bbox 712 4374 2269 4444">
    <p class='ocr_par' dir='ltr' id='par_1_78' title="bbox 712 4374 2269 4444">
     <span class='ocr_line' id='line_1_78' title="bbox 712 4374 2269 4444; baseline -0.002 -16"><span class='ocrx_word' id='word_1_522' title='bbox 712 4385 834 4444; x_wconf 77' lang='lat' dir='ltr'><strong>agat</strong></span> <span class='ocrx_word' id='word_1_523' title='bbox 860 4377 1250 4443; x_wconf 51' lang='lat' dir='ltr'><strong>paenitentiam,</strong></span> <span class='ocrx_word' id='word_1_524' title='bbox 1276 4376 1592 4428; x_wconf 87' lang='lat' dir='ltr'><strong>decennium</strong></span> <span class='ocrx_word' id='word_1_525' title='bbox 1619 4390 1829 4443; x_wconf 66' lang='lat' dir='ltr'><strong>gnuque</strong></span> <span class='ocrx_word' id='word_1_526' title='bbox 1855 4376 2139 4428; x_wconf 90' lang='lat' dir='ltr'><strong>minuetur.</strong></span> <span class='ocrx_word' id='word_1_527' title='bbox 2174 4374 2269 4426; x_wconf 68' lang='lat' dir='ltr'><strong>At-</strong></span> 
     </span>
    </p>
   </div>
   <div class='ocr_carea' id='block_1_79' title="bbox 711 4468 2252 4538">
    <p class='ocr_par' dir='ltr' id='par_1_79' title="bbox 711 4468 2252 4538">
     <span class='ocr_line' id='line_1_79' title="bbox 711 4468 2252 4538; baseline 0 -17"><span class='ocrx_word' id='word_1_528' title='bbox 711 4486 814 4538; x_wconf 89' lang='lat' dir='ltr'><strong>que</strong></span> <span class='ocrx_word' id='word_1_529' title='bbox 843 4471 952 4522; x_wconf 70' lang='lat' dir='ltr'><strong>liaec</strong></span> <span class='ocrx_word' id='word_1_530' title='bbox 976 4469 1189 4538; x_wconf 88' lang='lat' dir='ltr'><strong>quidem</strong></span> <span class='ocrx_word' id='word_1_531' title='bbox 1223 4483 1456 4536; x_wconf 64' lang='lat' dir='ltr'><strong>praesens</strong></span> <span class='ocrx_word' id='word_1_532' title='bbox 1472 4483 1665 4523; x_wconf 91' lang='lat' dir='ltr'><strong>canon.</strong></span> <span class='ocrx_word' id='word_1_533' title='bbox 1691 4468 1767 4522; x_wconf 86' lang='lat' dir='ltr'><strong>Tu</strong></span> <span class='ocrx_word' id='word_1_534' title='bbox 1799 4480 1976 4522; x_wconf 88' lang='lat' dir='ltr'><strong>autem</strong></span> <span class='ocrx_word' id='word_1_535' title='bbox 1998 4470 2109 4536; x_wconf 67' lang='lat' dir='ltr'><strong>lege</strong></span> <span class='ocrx_word' id='word_1_536' title='bbox 2128 4483 2252 4521; x_wconf 84' lang='lat' dir='ltr'><strong>ean.</strong></span> 
     </span>
    </p>
   </div>
   <div class='ocr_carea' id='block_1_80' title="bbox 711 4559 2268 4628">
    <p class='ocr_par' dir='ltr' id='par_1_80' title="bbox 711 4559 2268 4628">
     <span class='ocr_line' id='line_1_80' title="bbox 711 4559 2268 4628; baseline -0.002 -15"><span class='ocrx_word' id='word_1_537' title='bbox 711 4561 772 4613; x_wconf 77' lang='lat'><strong>91</strong></span> <span class='ocrx_word' id='word_1_538' title='bbox 820 4576 938 4628; x_wconf 81' lang='lat' dir='ltr'><strong>syn.</strong></span> <span class='ocrx_word' id='word_1_539' title='bbox 967 4560 1017 4612; x_wconf 89' lang='lat' dir='ltr'><strong>in</strong></span> <span class='ocrx_word' id='word_1_540' title='bbox 1049 4559 1252 4623; x_wconf 73' lang='lat' dir='ltr'><strong>TI&#39;UHO,</strong></span> <span class='ocrx_word' id='word_1_541' title='bbox 1281 4569 1333 4612; x_wconf 85' lang='lat' dir='ltr'><strong>et</strong></span> <span class='ocrx_word' id='word_1_542' title='bbox 1356 4576 1475 4627; x_wconf 75' lang='lat' dir='ltr'><strong>qua:</strong></span> <span class='ocrx_word' id='word_1_543' title='bbox 1504 4561 1556 4611; x_wconf 88' lang='lat' dir='ltr'><strong>itt</strong></span> <span class='ocrx_word' id='word_1_544' title='bbox 1587 4576 1649 4612; x_wconf 91' lang='lat' dir='ltr'><strong>eo</strong></span> <span class='ocrx_word' id='word_1_545' title='bbox 1680 4571 1826 4622; x_wconf 71' lang='lat' dir='ltr'><strong>sunt,</strong></span> <span class='ocrx_word' id='word_1_546' title='bbox 1853 4572 1905 4611; x_wconf 88' lang='lat' dir='ltr'><strong>et</strong></span> <span class='ocrx_word' id='word_1_547' title='bbox 1929 4562 2086 4611; x_wconf 88' lang='lat' dir='ltr'><strong>linem</strong></span> <span class='ocrx_word' id='word_1_548' title='bbox 2109 4573 2268 4611; x_wconf 87' lang='lat' dir='ltr'><strong>catio-</strong></span> 
     </span>
    </p>
   </div>
   <div class='ocr_carea' id='block_1_81' title="bbox 2367 3407 3927 3480">
    <p class='ocr_par' dir='ltr' id='par_1_81' title="bbox 2367 3407 3927 3480">
     <span class='ocr_line' id='line_1_81' title="bbox 2367 3407 3927 3480; baseline -0.007 -14"><span class='ocrx_word' id='word_1_549' title='bbox 2367 3413 2612 3480; x_wconf 82' lang='grc' dir='ltr'><strong>ποιηθέν.</strong></span> <span class='ocrx_word' id='word_1_550' title='bbox 2647 3409 3135 3480; x_wconf 80' lang='grc' dir='ltr'><strong>Ἐπιπροστίθησιν</strong></span> <span class='ocrx_word' id='word_1_551' title='bbox 3169 3411 3196 3461; x_wconf 86' lang='grc' dir='ltr'><strong>ό</strong></span> <span class='ocrx_word' id='word_1_552' title='bbox 3231 3409 3388 3476; x_wconf 72' lang='grc' dir='ltr'><strong>ἅγιος</strong></span> <span class='ocrx_word' id='word_1_553' title='bbox 3417 3407 3491 3468; x_wconf 83' lang='grc' dir='ltr'><strong>ὡς</strong></span> <span class='ocrx_word' id='word_1_554' title='bbox 3529 3409 3588 3458; x_wconf 71' lang='grc' dir='ltr'><strong>οὐ</strong></span> <span class='ocrx_word' id='word_1_555' title='bbox 3635 3407 3797 3474; x_wconf 87' lang='grc' dir='ltr'><strong>μόνον</strong></span> <span class='ocrx_word' id='word_1_556' title='bbox 3843 3407 3927 3457; x_wconf 66' lang='grc' dir='ltr'><strong>διὰ</strong></span> 
     </span>
    </p>
   </div>
   <div class='ocr_carea' id='block_1_82' title="bbox 2366 3497 3924 3574">
    <p class='ocr_par' dir='ltr' id='par_1_82' title="bbox 2366 3497 3924 3574">
     <span class='ocr_line' id='line_1_82' title="bbox 2366 3497 3924 3574; baseline -0.006 -18"><span class='ocrx_word' id='word_1_557' title='bbox 2366 3505 2464 3574; x_wconf 83' lang='grc' dir='ltr'><strong>τὴν</strong></span> <span class='ocrx_word' id='word_1_558' title='bbox 2516 3504 2610 3555; x_wconf 80' lang='grc' dir='ltr'><strong>τοῦ</strong></span> <span class='ocrx_word' id='word_1_559' title='bbox 2659 3501 2903 3571; x_wconf 76' lang='grc' dir='ltr'><strong>ἐμϐρύου</strong></span> <span class='ocrx_word' id='word_1_560' title='bbox 2955 3500 3163 3569; x_wconf 83' lang='grc' dir='ltr'><strong>φθορὰν</strong></span> <span class='ocrx_word' id='word_1_561' title='bbox 3218 3502 3250 3568; x_wconf 80' lang='grc' dir='ltr'><strong>ἡ</strong></span> <span class='ocrx_word' id='word_1_562' title='bbox 3301 3497 3396 3551; x_wconf 81' lang='grc' dir='ltr'><strong>τοῦ</strong></span> <span class='ocrx_word' id='word_1_563' title='bbox 3446 3499 3608 3566; x_wconf 82' lang='grc' dir='ltr'><strong>φόνου</strong></span> <span class='ocrx_word' id='word_1_564' title='bbox 3649 3497 3924 3564; x_wconf 74' lang='grc' dir='ltr'><strong>ἐκδίκησις</strong></span> 
     </span>
    </p>
   </div>
   <div class='ocr_carea' id='block_1_83' title="bbox 2367 3588 3928 3658">
    <p class='ocr_par' dir='ltr' id='par_1_83' title="bbox 2367 3588 3928 3658">
     <span class='ocr_line' id='line_1_83' title="bbox 2367 3588 3928 3658; baseline -0.003 -16"><span class='ocrx_word' id='word_1_565' title='bbox 2367 3593 2598 3657; x_wconf 81' lang='grc' dir='ltr'><strong>γίνεται,</strong></span> <span class='ocrx_word' id='word_1_566' title='bbox 2617 3590 2752 3642; x_wconf 78' lang='grc' dir='ltr'><strong>ἀλλα</strong></span> <span class='ocrx_word' id='word_1_567' title='bbox 2782 3589 2868 3641; x_wconf 76' lang='grc' dir='ltr'><strong>διὰ</strong></span> <span class='ocrx_word' id='word_1_568' title='bbox 2893 3589 2990 3658; x_wconf 75' lang='grc' dir='ltr'><strong>τὴν</strong></span> <span class='ocrx_word' id='word_1_569' title='bbox 3024 3588 3314 3655; x_wconf 76' lang='grc' dir='ltr'><strong>ἐπιϐουλὴν</strong></span> <span class='ocrx_word' id='word_1_570' title='bbox 3339 3588 3436 3656; x_wconf 75' lang='grc' dir='ltr'><strong>τῆς</strong></span> <span class='ocrx_word' id='word_1_571' title='bbox 3465 3588 3928 3654; x_wconf 72' lang='grc' dir='ltr'><strong>κυοφορουμένης.</strong></span> 
     </span>
    </p>
   </div>
   <div class='ocr_carea' id='block_1_84' title="bbox 2379 3677 3928 3748">
    <p class='ocr_par' dir='ltr' id='par_1_84' title="bbox 2379 3677 3928 3748">
     <span class='ocr_line' id='line_1_84' title="bbox 2379 3677 3928 3748; baseline -0.003 -16"><span class='ocrx_word' id='word_1_572' title='bbox 2379 3681 2464 3742; x_wconf 81' lang='grc' dir='ltr'><strong>Ὠς</strong></span> <span class='ocrx_word' id='word_1_573' title='bbox 2493 3680 2584 3731; x_wconf 76' lang='grc' dir='ltr'><strong>ἐπὶ</strong></span> <span class='ocrx_word' id='word_1_574' title='bbox 2617 3679 2677 3730; x_wconf 79' lang='grc' dir='ltr'><strong>τὸ</strong></span> <span class='ocrx_word' id='word_1_575' title='bbox 2706 3677 2838 3732; x_wconf 79' lang='grc' dir='ltr'><strong>πολὺ</strong></span> <span class='ocrx_word' id='word_1_576' title='bbox 2876 3680 2982 3748; x_wconf 72' lang='grc' dir='ltr'><strong>γὰρ</strong></span> <span class='ocrx_word' id='word_1_577' title='bbox 3019 3678 3449 3732; x_wconf 78' lang='grc' dir='ltr'><strong>συναπόλλυνται</strong></span> <span class='ocrx_word' id='word_1_578' title='bbox 3479 3680 3573 3731; x_wconf 79' lang='grc' dir='ltr'><strong>καὶ</strong></span> <span class='ocrx_word' id='word_1_579' title='bbox 3607 3679 3663 3732; x_wconf 86' lang='grc' dir='ltr'><strong>αί</strong></span> <span class='ocrx_word' id='word_1_580' title='bbox 3695 3678 3928 3746; x_wconf 72' lang='grc' dir='ltr'><strong>μητέρες</strong></span> 
     </span>
    </p>
   </div>
   <div class='ocr_carea' id='block_1_85' title="bbox 2367 3769 3929 3840">
    <p class='ocr_par' dir='ltr' id='par_1_85' title="bbox 2367 3769 3929 3840">
     <span class='ocr_line' id='line_1_85' title="bbox 2367 3769 3929 3840; baseline -0.003 -14"><span class='ocrx_word' id='word_1_581' title='bbox 2367 3773 2454 3826; x_wconf 72' lang='grc' dir='ltr'><strong>δια</strong></span> <span class='ocrx_word' id='word_1_582' title='bbox 2483 3771 2581 3840; x_wconf 83' lang='grc' dir='ltr'><strong>τὴν</strong></span> <span class='ocrx_word' id='word_1_583' title='bbox 2623 3770 2914 3839; x_wconf 71' lang='grc' dir='ltr'><strong>ἀποϐολήν.</strong></span> <span class='ocrx_word' id='word_1_584' title='bbox 2949 3771 3021 3822; x_wconf 81' lang='grc' dir='ltr'>Τὸ</span> <span class='ocrx_word' id='word_1_585' title='bbox 3057 3769 3115 3822; x_wconf 81' lang='grc' dir='ltr'><strong>δὲ</strong></span> <span class='ocrx_word' id='word_1_586' title='bbox 3157 3771 3432 3838; x_wconf 78' lang='grc' dir='ltr'><strong>ἐπιτίμιόν</strong></span> <span class='ocrx_word' id='word_1_587' title='bbox 3483 3789 3621 3840; x_wconf 79' lang='grc' dir='ltr'><strong>φησι</strong></span> <span class='ocrx_word' id='word_1_588' title='bbox 3667 3774 3744 3840; x_wconf 77' lang='grc' dir='ltr'><strong>μὴ</strong></span> <span class='ocrx_word' id='word_1_589' title='bbox 3791 3789 3929 3840; x_wconf 83' lang='grc' dir='ltr'><strong>παρ-</strong></span> 
     </span>
    </p>
   </div>
   <div class='ocr_carea' id='block_1_86' title="bbox 2369 3861 3930 3930">
    <p class='ocr_par' dir='ltr' id='par_1_86' title="bbox 2369 3861 3930 3930">
     <span class='ocr_line' id='line_1_86' title="bbox 2369 3861 3930 3930; baseline 0 -14"><span class='ocrx_word' id='word_1_590' title='bbox 2369 3863 2709 3916; x_wconf 76' lang='grc' dir='ltr'><strong>εκτείνεσθαι</strong></span> <span class='ocrx_word' id='word_1_591' title='bbox 2750 3864 2912 3930; x_wconf 85' lang='grc' dir='ltr'><strong>μέχρι</strong></span> <span class='ocrx_word' id='word_1_592' title='bbox 2949 3862 3134 3922; x_wconf 82' lang='grc' dir='ltr'><strong>τέλους</strong></span> <span class='ocrx_word' id='word_1_593' title='bbox 3166 3861 3308 3928; x_wconf 78' lang='grc' dir='ltr'><strong>ζωῆς</strong></span> <span class='ocrx_word' id='word_1_594' title='bbox 3334 3863 3502 3929; x_wconf 81' lang='grc' dir='ltr'><strong>αὐτῆς</strong></span> <span class='ocrx_word' id='word_1_595' title='bbox 3532 3865 3631 3930; x_wconf 80' lang='grc' dir='ltr'><strong>τῆς</strong></span> <span class='ocrx_word' id='word_1_596' title='bbox 3658 3865 3748 3916; x_wconf 77' lang='grc' dir='ltr'><strong>τὸν</strong></span> <span class='ocrx_word' id='word_1_597' title='bbox 3781 3867 3930 3930; x_wconf 73' lang='grc' dir='ltr'><strong>φόνον</strong></span> 
     </span>
    </p>
   </div>
   <div class='ocr_carea' id='block_1_87' title="bbox 2369 3951 3926 4022">
    <p class='ocr_par' dir='ltr' id='par_1_87' title="bbox 2369 3951 3926 4022">
     <span class='ocr_line' id='line_1_87' title="bbox 2369 3951 3926 4022; baseline 0 -17"><span class='ocrx_word' id='word_1_598' title='bbox 2369 3954 2745 4022; x_wconf 77' lang='grc' dir='ltr'><strong>ἁμαρτούσης,</strong></span> <span class='ocrx_word' id='word_1_599' title='bbox 2776 3951 2912 4003; x_wconf 75' lang='grc' dir='ltr'><strong>ἀλλα</strong></span> <span class='ocrx_word' id='word_1_600' title='bbox 2941 3953 2996 4001; x_wconf 82' lang='grc' dir='ltr'><strong>ἐν</strong></span> <span class='ocrx_word' id='word_1_601' title='bbox 3024 3951 3158 4004; x_wconf 82' lang='grc' dir='ltr'><strong>δέκα</strong></span> <span class='ocrx_word' id='word_1_602' title='bbox 3187 3951 3360 4004; x_wconf 70' lang='grc' dir='ltr'><strong>ἔτεσι.</strong></span> <span class='ocrx_word' id='word_1_603' title='bbox 3395 3953 3556 4004; x_wconf 84' lang='grc' dir='ltr'><strong>Καὶό</strong></span> <span class='ocrx_word' id='word_1_604' title='bbox 3590 3955 3844 4015; x_wconf 77' lang='grc' dir='ltr'><strong>τοιοῦτος</strong></span> <span class='ocrx_word' id='word_1_605' title='bbox 3875 3955 3926 4006; x_wconf 76' lang='grc' dir='ltr'><strong>δὲ</strong></span> 
     </span>
    </p>
   </div>
   <div class='ocr_carea' id='block_1_88' title="bbox 2367 4041 3928 4114">
    <p class='ocr_par' dir='ltr' id='par_1_88' title="bbox 2367 4041 3928 4114">
     <span class='ocr_line' id='line_1_88' title="bbox 2367 4041 3928 4114; baseline -0.003 -18"><span class='ocrx_word' id='word_1_606' title='bbox 2367 4047 2576 4114; x_wconf 84' lang='grc' dir='ltr'><strong>χρόνος,</strong></span> <span class='ocrx_word' id='word_1_607' title='bbox 2609 4045 2709 4096; x_wconf 73' lang='lat' dir='ltr'><strong>xiv</strong></span> <span class='ocrx_word' id='word_1_608' title='bbox 2738 4043 3146 4105; x_wconf 77' lang='grc' dir='ltr'><strong>κεκανόνισται,</strong></span> <span class='ocrx_word' id='word_1_609' title='bbox 3180 4041 3311 4094; x_wconf 61' lang='grc' dir='ltr'><strong>ἀλλὰ</strong></span> <span class='ocrx_word' id='word_1_610' title='bbox 3336 4043 3443 4110; x_wconf 80' lang='grc' dir='ltr'><strong>χρὴ</strong></span> <span class='ocrx_word' id='word_1_611' title='bbox 3476 4044 3576 4110; x_wconf 79' lang='grc' dir='ltr'><strong>τὴν</strong></span> <span class='ocrx_word' id='word_1_612' title='bbox 3619 4043 3928 4113; x_wconf 75' lang='grc' dir='ltr'><strong>θεραπείαν</strong></span> 
     </span>
    </p>
   </div>
   <div class='ocr_carea' id='block_1_89' title="bbox 2371 4129 3924 4201">
    <p class='ocr_par' dir='ltr' id='par_1_89' title="bbox 2371 4129 3924 4201">
     <span class='ocr_line' id='line_1_89' title="bbox 2371 4129 3924 4201; baseline -0.001 -18"><span class='ocrx_word' id='word_1_613' title='bbox 2371 4133 2444 4201; x_wconf 78' lang='grc' dir='ltr'><strong>μὴ</strong></span> <span class='ocrx_word' id='word_1_614' title='bbox 2469 4133 2666 4201; x_wconf 81' lang='grc' dir='ltr'><strong>χρόνῳ,</strong></span> <span class='ocrx_word' id='word_1_615' title='bbox 2701 4130 2835 4183; x_wconf 73' lang='grc' dir='ltr'><strong>ἀλλὰ</strong></span> <span class='ocrx_word' id='word_1_616' title='bbox 2878 4131 3066 4199; x_wconf 85' lang='grc' dir='ltr'><strong>τρόπῳ</strong></span> <span class='ocrx_word' id='word_1_617' title='bbox 3098 4129 3560 4200; x_wconf 64' lang='grc' dir='ltr'><strong>περιγράφεσθαι.</strong></span> <span class='ocrx_word' id='word_1_618' title='bbox 3594 4129 3828 4197; x_wconf 82' lang='grc' dir='ltr'><strong>Ἤγουν,</strong></span> <span class='ocrx_word' id='word_1_619' title='bbox 3878 4133 3924 4182; x_wconf 83' lang='grc' dir='ltr'><strong>εί</strong></span> 
     </span>
    </p>
   </div>
   <div class='ocr_carea' id='block_1_90' title="bbox 2371 4221 3927 4292">
    <p class='ocr_par' dir='ltr' id='par_1_90' title="bbox 2371 4221 3927 4292">
     <span class='ocr_line' id='line_1_90' title="bbox 2371 4221 3927 4292; baseline -0.001 -18"><span class='ocrx_word' id='word_1_620' title='bbox 2371 4224 2468 4292; x_wconf 80' lang='grc' dir='ltr'><strong>μὲν</strong></span> <span class='ocrx_word' id='word_1_621' title='bbox 2504 4221 2991 4291; x_wconf 63' lang='grc' dir='ltr'><strong>καταφρονητικῶς</strong></span> <span class='ocrx_word' id='word_1_622' title='bbox 3027 4221 3297 4274; x_wconf 85' lang='grc' dir='ltr'><strong>διάκειται</strong></span> <span class='ocrx_word' id='word_1_623' title='bbox 3328 4223 3465 4290; x_wconf 76' lang='grc' dir='ltr'><strong>πρὸς</strong></span> <span class='ocrx_word' id='word_1_624' title='bbox 3500 4222 3599 4290; x_wconf 75' lang='grc' dir='ltr'><strong>τὴν</strong></span> <span class='ocrx_word' id='word_1_625' title='bbox 3642 4224 3927 4289; x_wconf 75' lang='grc' dir='ltr'><strong>μετάνειιν</strong></span> 
     </span>
    </p>
   </div>
   <div class='ocr_carea' id='block_1_91' title="bbox 2368 4311 3927 4383">
    <p class='ocr_par' dir='ltr' id='par_1_91' title="bbox 2368 4311 3927 4383">
     <span class='ocr_line' id='line_1_91' title="bbox 2368 4311 3927 4383; baseline -0.002 -18"><span class='ocrx_word' id='word_1_626' title='bbox 2368 4317 2400 4382; x_wconf 79' lang='grc' dir='ltr'>ὴ</span> <span class='ocrx_word' id='word_1_627' title='bbox 2437 4312 2864 4383; x_wconf 71' lang='grc' dir='ltr'><strong>ἁμαρτοῦσα,οὑ</strong></span> <span class='ocrx_word' id='word_1_628' title='bbox 2903 4312 3062 4380; x_wconf 78' lang='grc' dir='ltr'><strong>μόνον</strong></span> <span class='ocrx_word' id='word_1_629' title='bbox 3103 4313 3136 4380; x_wconf 74' lang='grc' dir='ltr'><strong>ἡ</strong></span> <span class='ocrx_word' id='word_1_630' title='bbox 3177 4311 3430 4363; x_wconf 82' lang='grc' dir='ltr'><strong>δεκαετία</strong></span> <span class='ocrx_word' id='word_1_631' title='bbox 3465 4313 3927 4382; x_wconf 70' lang='grc' dir='ltr'><strong>περαιωθήσεται,</strong></span> 
     </span>
    </p>
   </div>
   <div class='ocr_carea' id='block_1_92' title="bbox 2368 4401 3926 4471">
    <p class='ocr_par' dir='ltr' id='par_1_92' title="bbox 2368 4401 3926 4471">
     <span class='ocr_line' id='line_1_92' title="bbox 2368 4401 3926 4471; baseline -0.003 -15"><span class='ocrx_word' id='word_1_632' title='bbox 2368 4405 2504 4456; x_wconf 74' lang='grc' dir='ltr'><strong>ἀλλὰ</strong></span> <span class='ocrx_word' id='word_1_633' title='bbox 2565 4404 2659 4455; x_wconf 79' lang='grc' dir='ltr'><strong>καὶ</strong></span> <span class='ocrx_word' id='word_1_634' title='bbox 2707 4402 3173 4471; x_wconf 78' lang='grc' dir='ltr'><strong>ἐπιτιμηθήσεται</strong></span> <span class='ocrx_word' id='word_1_635' title='bbox 3199 4418 3212 4431; x_wconf 78' lang='grc'><em>’</em></span> <span class='ocrx_word' id='word_1_636' title='bbox 3243 4403 3289 4453; x_wconf 85' lang='grc' dir='ltr'><strong>εἰ</strong></span> <span class='ocrx_word' id='word_1_637' title='bbox 3321 4401 3375 4452; x_wconf 82' lang='grc' dir='ltr'><strong>δέ</strong></span> <span class='ocrx_word' id='word_1_638' title='bbox 3409 4402 3739 4463; x_wconf 84' lang='grc' dir='ltr'><strong>σπουδαίως,</strong></span> <span class='ocrx_word' id='word_1_639' title='bbox 3775 4405 3866 4453; x_wconf 82' lang='grc' dir='ltr'><strong>καὶ</strong></span> <span class='ocrx_word' id='word_1_640' title='bbox 3896 4404 3926 4469; x_wconf 77' lang='grc' dir='ltr'><strong>η</strong></span> 
     </span>
    </p>
   </div>
   <div class='ocr_carea' id='block_1_93' title="bbox 2367 4491 3927 4564">
    <p class='ocr_par' dir='ltr' id='par_1_93' title="bbox 2367 4491 3927 4564">
     <span class='ocr_line' id='line_1_93' title="bbox 2367 4491 3927 4564; baseline -0.004 -16"><span class='ocrx_word' id='word_1_641' title='bbox 2367 4496 2619 4548; x_wconf 83' lang='grc' dir='ltr'><strong>δεκαετία</strong></span> <span class='ocrx_word' id='word_1_642' title='bbox 2665 4494 3118 4563; x_wconf 74' lang='grc' dir='ltr'><strong>κολοϐωθήσεται.</strong></span> <span class='ocrx_word' id='word_1_643' title='bbox 3155 4494 3260 4545; x_wconf 77' lang='grc' dir='ltr'><strong>Καὶ</strong></span> <span class='ocrx_word' id='word_1_644' title='bbox 3310 4494 3482 4546; x_wconf 74' lang='grc' dir='ltr'><strong>ταῦτα</strong></span> <span class='ocrx_word' id='word_1_645' title='bbox 3526 4495 3624 4562; x_wconf 81' lang='grc' dir='ltr'><strong>μὲν</strong></span> <span class='ocrx_word' id='word_1_646' title='bbox 3665 4497 3692 4546; x_wconf 89' lang='grc' dir='ltr'><strong>ό</strong></span> <span class='ocrx_word' id='word_1_647' title='bbox 3744 4491 3927 4564; x_wconf 84' lang='grc' dir='ltr'><strong>παρὼν</strong></span> 
     </span>
    </p>
   </div>
   <div class='ocr_carea' id='block_1_94' title="bbox 2369 4586 3927 4656">
    <p class='ocr_par' dir='ltr' id='par_1_94' title="bbox 2369 4586 3927 4656">
     <span class='ocr_line' id='line_1_94' title="bbox 2369 4586 3927 4656; baseline -0.001 -17"><span class='ocrx_word' id='word_1_648' title='bbox 2369 4586 2568 4640; x_wconf 87' lang='grc' dir='ltr'><strong>κανών.</strong></span> <span class='ocrx_word' id='word_1_649' title='bbox 2601 4588 2672 4639; x_wconf 69' lang='grc' dir='ltr'><strong>Συ</strong></span> <span class='ocrx_word' id='word_1_650' title='bbox 2708 4587 2763 4638; x_wconf 84' lang='grc' dir='ltr'><strong>δὲ</strong></span> <span class='ocrx_word' id='word_1_651' title='bbox 2798 4588 3111 4652; x_wconf 84' lang='grc' dir='ltr'><strong>ἁνὰγνωσον</strong></span> <span class='ocrx_word' id='word_1_652' title='bbox 3142 4588 3351 4639; x_wconf 75' lang='grc' dir='ltr'><strong>καὶτὸν</strong></span> <span class='ocrx_word' id='word_1_653' title='bbox 3391 4594 3481 4651; x_wconf 84' lang='grc' dir='ltr'><strong>ςα⁹</strong></span> <span class='ocrx_word' id='word_1_654' title='bbox 3517 4589 3719 4639; x_wconf 69' lang='grc' dir='ltr'><strong>κανὸνα</strong></span> <span class='ocrx_word' id='word_1_655' title='bbox 3746 4590 3843 4656; x_wconf 73' lang='grc' dir='ltr'><strong>τῆς</strong></span> <span class='ocrx_word' id='word_1_656' title='bbox 3875 4591 3927 4638; x_wconf 85' lang='grc' dir='ltr'><strong>ἐν</strong></span> 
     </span>
    </p>
   </div>
   <div class='ocr_carea' id='block_1_95' title="bbox 713 4640 2263 4746">
    <p class='ocr_par' dir='ltr' id='par_1_95' title="bbox 713 4640 2258 4719">
     <span class='ocr_line' id='line_1_95' title="bbox 713 4640 2258 4719; baseline -0.002 -15"><span class='ocrx_word' id='word_1_657' title='bbox 713 4653 800 4706; x_wconf 89' lang='lat' dir='ltr'><strong>nis</strong></span> <span class='ocrx_word' id='word_1_658' title='bbox 821 4640 859 4703; x_wconf 20' lang='lat'><strong>&#39;8</strong></span> <span class='ocrx_word' id='word_1_659' title='bbox 890 4655 1162 4719; x_wconf 71' lang='lat' dir='ltr'><strong>ptacsenlis</strong></span> <span class='ocrx_word' id='word_1_660' title='bbox 1191 4653 1424 4718; x_wconf 77' lang='lat' dir='ltr'><strong>epistola:</strong></span> <span class='ocrx_word' id='word_1_661' title='bbox 1454 4670 1469 4706; x_wconf 91' lang='lat'><strong>:</strong></span> <span class='ocrx_word' id='word_1_662' title='bbox 1504 4661 1557 4704; x_wconf 91' lang='lat' dir='ltr'><strong>et</strong></span> <span class='ocrx_word' id='word_1_663' title='bbox 1597 4651 1735 4705; x_wconf 89' lang='lat' dir='ltr'><strong>scies</strong></span> <span class='ocrx_word' id='word_1_664' title='bbox 1764 4652 1904 4719; x_wconf 90' lang='lat' dir='ltr'><strong>quod</strong></span> <span class='ocrx_word' id='word_1_665' title='bbox 1949 4666 2054 4704; x_wconf 93' lang='lat' dir='ltr'><strong>non</strong></span> <span class='ocrx_word' id='word_1_666' title='bbox 2090 4652 2258 4704; x_wconf 84' lang='lat' dir='ltr'><strong>solum</strong></span> 
     </span>
    </p>
   </div>
   <div class='ocr_carea' id='block_1_96' title="bbox 2366 4640 3925 4746">
    <p class='ocr_par' dir='ltr' id='par_1_96' title="bbox 2369 4640 3925 4746">
     <span class='ocr_line' id='line_1_96' title="bbox 2369 4640 3925 4746; baseline 0 -19"><span class='ocrx_word' id='word_1_667' title='bbox 2369 4675 2443 4743; x_wconf 80' lang='grc' dir='ltr'><strong>τῷ</strong></span> <span class='ocrx_word' id='word_1_668' title='bbox 2472 4674 2724 4742; x_wconf 84' lang='grc' dir='ltr'><strong>Τρούλλῳ</strong></span> <span class='ocrx_word' id='word_1_669' title='bbox 2759 4640 2998 4736; x_wconf 71' lang='grc' dir='ltr'><strong>συνόδου,</strong></span> <span class='ocrx_word' id='word_1_670' title='bbox 3034 4678 3127 4732; x_wconf 68' lang='grc' dir='ltr'><strong>καὶ</strong></span> <span class='ocrx_word' id='word_1_671' title='bbox 3154 4677 3220 4728; x_wconf 82' lang='grc' dir='ltr'><strong>τὰ</strong></span> <span class='ocrx_word' id='word_1_672' title='bbox 3264 4676 3320 4729; x_wconf 80' lang='grc' dir='ltr'><strong>ὲν</strong></span> <span class='ocrx_word' id='word_1_673' title='bbox 3361 4640 3531 4746; x_wconf 73' lang='grc' dir='ltr'><strong>αύτῷ,</strong></span> <span class='ocrx_word' id='word_1_674' title='bbox 3561 4679 3656 4728; x_wconf 83' lang='grc' dir='ltr'><strong>καὶ</strong></span> <span class='ocrx_word' id='word_1_675' title='bbox 3695 4677 3756 4728; x_wconf 78' lang='grc' dir='ltr'><strong>τὸ</strong></span> <span class='ocrx_word' id='word_1_676' title='bbox 3782 4640 3925 4737; x_wconf 61' lang='grc' dir='ltr'><strong>τέλος</strong></span> 
     </span>
    </p>
   </div>
   <div class='ocr_carea' id='block_1_97' title="bbox 714 4740 2263 4810">
    <p class='ocr_par' dir='ltr' id='par_1_97' title="bbox 714 4740 2263 4810">
     <span class='ocr_line' id='line_1_97' title="bbox 714 4740 2263 4810; baseline 0.001 -17"><span class='ocrx_word' id='word_1_677' title='bbox 714 4756 832 4809; x_wconf 76' lang='lat' dir='ltr'><strong>qua:</strong></span> <span class='ocrx_word' id='word_1_678' title='bbox 864 4740 1025 4794; x_wconf 82' lang='lat' dir='ltr'><strong>fetum</strong></span> <span class='ocrx_word' id='word_1_679' title='bbox 1082 4744 1133 4795; x_wconf 93' lang='lat' dir='ltr'><strong>in</strong></span> <span class='ocrx_word' id='word_1_680' title='bbox 1182 4753 1336 4797; x_wconf 91' lang='lat' dir='ltr'><strong>utero</strong></span> <span class='ocrx_word' id='word_1_681' title='bbox 1380 4742 1639 4810; x_wconf 85' lang='lat' dir='ltr'><strong>corrupit,</strong></span> <span class='ocrx_word' id='word_1_682' title='bbox 1686 4741 1966 4807; x_wconf 80' lang='lat' dir='ltr'><strong>subjicitur</strong></span> <span class='ocrx_word' id='word_1_683' title='bbox 2003 4746 2263 4795; x_wconf 89' lang='lat' dir='ltr'><strong>canonico</strong></span> 
     </span>
    </p>
   </div>
   <div class='ocr_carea' id='block_1_98' title="bbox 713 4833 2264 4901">
    <p class='ocr_par' dir='ltr' id='par_1_98' title="bbox 713 4833 2264 4901">
     <span class='ocr_line' id='line_1_98' title="bbox 713 4833 2264 4901; baseline 0 -16"><span class='ocrx_word' id='word_1_684' title='bbox 713 4833 994 4885; x_wconf 78' lang='lat' dir='ltr'><strong>homicida:</strong></span> <span class='ocrx_word' id='word_1_685' title='bbox 1019 4833 1298 4901; x_wconf 79' lang='lat' dir='ltr'><strong>supplicio,</strong></span> <span class='ocrx_word' id='word_1_686' title='bbox 1325 4835 1414 4887; x_wconf 86' lang='lat' dir='ltr'><strong>sed</strong></span> <span class='ocrx_word' id='word_1_687' title='bbox 1445 4834 1606 4886; x_wconf 87' lang='lat' dir='ltr'><strong>etiam</strong></span> <span class='ocrx_word' id='word_1_688' title='bbox 1636 4847 1753 4900; x_wconf 75' lang='lat' dir='ltr'><strong>qua:</strong></span> <span class='ocrx_word' id='word_1_689' title='bbox 1781 4835 1870 4885; x_wconf 88' lang='lat' dir='ltr'><strong>dat</strong></span> <span class='ocrx_word' id='word_1_690' title='bbox 1895 4847 2095 4885; x_wconf 85' lang='lat' dir='ltr'><strong>venena</strong></span> <span class='ocrx_word' id='word_1_691' title='bbox 2127 4837 2264 4886; x_wconf 83' lang='lat' dir='ltr'><strong>fctus</strong></span> 
     </span>
    </p>
   </div>
   <div class='ocr_carea' id='block_1_99' title="bbox 710 4925 2260 4993">
    <p class='ocr_par' dir='ltr' id='par_1_99' title="bbox 710 4925 2260 4993">
     <span class='ocr_line' id='line_1_99' title="bbox 710 4925 2260 4993; baseline 0.002 -19"><span class='ocrx_word' id='word_1_692' title='bbox 710 4925 1047 4988; x_wconf 77' lang='lat' dir='ltr'><strong>perimentia,</strong></span> <span class='ocrx_word' id='word_1_693' title='bbox 1077 4935 1128 4978; x_wconf 91' lang='lat' dir='ltr'><strong>et</strong></span> <span class='ocrx_word' id='word_1_694' title='bbox 1165 4940 1280 4991; x_wconf 80' lang='lat' dir='ltr'><strong>qua:</strong></span> <span class='ocrx_word' id='word_1_695' title='bbox 1311 4927 1488 4988; x_wconf 85' lang='lat' dir='ltr'><strong>habet,</strong></span> <span class='ocrx_word' id='word_1_696' title='bbox 1520 4935 1574 4977; x_wconf 91' lang='lat' dir='ltr'><strong>ct</strong></span> <span class='ocrx_word' id='word_1_697' title='bbox 1609 4940 1728 4993; x_wconf 75' lang='lat' dir='ltr'><strong>qua:</strong></span> <span class='ocrx_word' id='word_1_698' title='bbox 1771 4925 1999 4992; x_wconf 89' lang='lat' dir='ltr'><strong>accepit,</strong></span> <span class='ocrx_word' id='word_1_699' title='bbox 2051 4925 2260 4978; x_wconf 80' lang='lat' dir='ltr'><strong>etiamsi</strong></span> 
     </span>
    </p>
   </div>
   <div class='ocr_carea' id='block_1_100' title="bbox 709 5017 2257 5083">
    <p class='ocr_par' dir='ltr' id='par_1_100' title="bbox 709 5017 2257 5083">
     <span class='ocr_line' id='line_1_100' title="bbox 709 5017 2257 5083; baseline 0 -14"><span class='ocrx_word' id='word_1_700' title='bbox 709 5017 872 5069; x_wconf 84' lang='lat' dir='ltr'><strong>letum</strong></span> <span class='ocrx_word' id='word_1_701' title='bbox 905 5031 1008 5068; x_wconf 90' lang='lat' dir='ltr'><strong>non</strong></span> <span class='ocrx_word' id='word_1_702' title='bbox 1039 5018 1383 5083; x_wconf 80' lang='lat' dir='ltr'><strong>pereinerint.</strong></span> <span class='ocrx_word' id='word_1_703' title='bbox 1421 5019 1551 5069; x_wconf 72' lang='lat' dir='ltr'><strong>Cum</strong></span> <span class='ocrx_word' id='word_1_704' title='bbox 1594 5027 1769 5070; x_wconf 80' lang='lat' dir='ltr'><strong>autem</strong></span> <span class='ocrx_word' id='word_1_705' title='bbox 1809 5032 2047 5083; x_wconf 57' lang='lat' dir='ltr'><strong>praesens</strong></span> <span class='ocrx_word' id='word_1_706' title='bbox 2085 5031 2257 5069; x_wconf 90' lang='lat' dir='ltr'><strong>canon</strong></span> 
     </span>
    </p>
   </div>
   <div class='ocr_carea' id='block_1_101' title="bbox 709 5107 2264 5176">
    <p class='ocr_par' dir='ltr' id='par_1_101' title="bbox 709 5107 2264 5176">
     <span class='ocr_line' id='line_1_101' title="bbox 709 5107 2264 5176; baseline -0.001 -15"><span class='ocrx_word' id='word_1_707' title='bbox 709 5109 846 5161; x_wconf 88' lang='lat' dir='ltr'><strong>hanc</strong></span> <span class='ocrx_word' id='word_1_708' title='bbox 878 5109 1158 5160; x_wconf 86' lang='lat' dir='ltr'><strong>mulierem</strong></span> <span class='ocrx_word' id='word_1_709' title='bbox 1200 5107 1477 5161; x_wconf 84' lang='lat' dir='ltr'><strong>decennali</strong></span> <span class='ocrx_word' id='word_1_710' title='bbox 1523 5109 1787 5176; x_wconf 86' lang='lat' dir='ltr'><strong>supplicio</strong></span> <span class='ocrx_word' id='word_1_711' title='bbox 1835 5109 2022 5176; x_wconf 88' lang='lat' dir='ltr'><strong>puniat</strong></span> <span class='ocrx_word' id='word_1_712' title='bbox 2071 5122 2264 5160; x_wconf 91' lang='lat' dir='ltr'><strong>conse-</strong></span> 
     </span>
    </p>
   </div>
   <div class='ocr_carea' id='block_1_102' title="bbox 707 5198 2260 5269">
    <p class='ocr_par' dir='ltr' id='par_1_102' title="bbox 707 5198 2260 5269">
     <span class='ocr_line' id='line_1_102' title="bbox 707 5198 2260 5269; baseline 0.001 -20"><span class='ocrx_word' id='word_1_713' title='bbox 707 5211 932 5267; x_wconf 84' lang='lat' dir='ltr'><strong>quenter</strong></span> <span class='ocrx_word' id='word_1_714' title='bbox 977 5199 1168 5252; x_wconf 90' lang='lat' dir='ltr'><strong>canoni</strong></span> <span class='ocrx_word' id='word_1_715' title='bbox 1213 5198 1277 5250; x_wconf 70' lang='lat'><strong>21</strong></span> <span class='ocrx_word' id='word_1_716' title='bbox 1315 5199 1609 5268; x_wconf 72' lang='lat' dir='ltr'><strong>Ancyrana:</strong></span> <span class='ocrx_word' id='word_1_717' title='bbox 1667 5202 1882 5269; x_wconf 74' lang='lat' dir='ltr'><strong>synodi,</strong></span> <span class='ocrx_word' id='word_1_718' title='bbox 1935 5210 1988 5252; x_wconf 85' lang='lat' dir='ltr'><strong>et</strong></span> <span class='ocrx_word' id='word_1_719' title='bbox 2034 5215 2156 5253; x_wconf 90' lang='lat' dir='ltr'><strong>can.</strong></span> <span class='ocrx_word' id='word_1_720' title='bbox 2193 5199 2260 5251; x_wconf 78' lang='lat'><strong>56</strong></span> 
     </span>
    </p>
   </div>
   <div class='ocr_carea' id='block_1_103' title="bbox 708 5291 2259 5363">
    <p class='ocr_par' dir='ltr' id='par_1_103' title="bbox 708 5291 2259 5363">
     <span class='ocr_line' id='line_1_103' title="bbox 708 5291 2259 5363; baseline -0.001 -18"><span class='ocrx_word' id='word_1_721' title='bbox 708 5295 879 5346; x_wconf 83' lang='lat' dir='ltr'><strong>sancti</strong></span> <span class='ocrx_word' id='word_1_722' title='bbox 917 5294 1094 5347; x_wconf 84' lang='lat' dir='ltr'><strong>Basilii</strong></span> <span class='ocrx_word' id='word_1_723' title='bbox 1135 5294 1214 5347; x_wconf 90' lang='lat' dir='ltr'><strong>sic</strong></span> <span class='ocrx_word' id='word_1_724' title='bbox 1244 5304 1426 5363; x_wconf 87' lang='lat' dir='ltr'><strong>aperte</strong></span> <span class='ocrx_word' id='word_1_725' title='bbox 1470 5294 1699 5346; x_wconf 83' lang='lat' dir='ltr'><strong>dicentis</strong></span> <span class='ocrx_word' id='word_1_726' title='bbox 1735 5309 1749 5343; x_wconf 86' lang='lat'><strong>:</strong></span> <span class='ocrx_word' id='word_1_727' title='bbox 1784 5291 1886 5358; x_wconf 85' lang='lat' dir='ltr'><strong>Qui</strong></span> <span class='ocrx_word' id='word_1_728' title='bbox 1928 5309 2032 5346; x_wconf 91' lang='lat' dir='ltr'><strong>non</strong></span> <span class='ocrx_word' id='word_1_729' title='bbox 2065 5303 2259 5361; x_wconf 87' lang='lat' dir='ltr'><strong>sponte</strong></span> 
     </span>
    </p>
   </div>
   <div class='ocr_carea' id='block_1_104' title="bbox 708 5384 2256 5449">
    <p class='ocr_par' dir='ltr' id='par_1_104' title="bbox 708 5384 2256 5449">
     <span class='ocr_line' id='line_1_104' title="bbox 708 5384 2256 5449; baseline 0.001 -13"><span class='ocrx_word' id='word_1_730' title='bbox 708 5384 998 5449; x_wconf 87' lang='lat' dir='ltr'><strong>interfecit,</strong></span> <span class='ocrx_word' id='word_1_731' title='bbox 1048 5385 1205 5439; x_wconf 89' lang='lat' dir='ltr'><strong>annis</strong></span> <span class='ocrx_word' id='word_1_732' title='bbox 1247 5385 1493 5438; x_wconf 88' lang='lat' dir='ltr'><strong>undecint</strong></span> <span class='ocrx_word' id='word_1_733' title='bbox 1533 5400 1636 5436; x_wconf 90' lang='lat' dir='ltr'><strong>non</strong></span> <span class='ocrx_word' id='word_1_734' title='bbox 1673 5384 1743 5437; x_wconf 79' lang='lat' dir='ltr'><strong>sit</strong></span> <span class='ocrx_word' id='word_1_735' title='bbox 1791 5397 2256 5438; x_wconf 86' lang='lat' dir='ltr'><strong>sacramentorum</strong></span> 
     </span>
    </p>
   </div>
   <div class='ocr_carea' id='block_1_105' title="bbox 707 5467 2256 5548">
    <p class='ocr_par' dir='ltr' id='par_1_105' title="bbox 707 5467 2256 5548">
     <span class='ocr_line' id='line_1_105' title="bbox 707 5467 2256 5548; baseline 0.001 -19"><span class='ocrx_word' id='word_1_736' title='bbox 707 5479 998 5548; x_wconf 81' lang='lat' dir='ltr'><strong>particeps;</strong></span> <span class='ocrx_word' id='word_1_737' title='bbox 1054 5478 1239 5530; x_wconf 89' lang='lat' dir='ltr'><strong>dicunt</strong></span> <span class='ocrx_word' id='word_1_738' title='bbox 1292 5467 1507 5543; x_wconf 68' lang='lat' dir='ltr'><strong>qni‘dam</strong></span> <span class='ocrx_word' id='word_1_739' title='bbox 1587 5477 2000 5531; x_wconf 82' lang='lat' dir='ltr'><strong>involuntariam</strong></span> <span class='ocrx_word' id='word_1_740' title='bbox 2058 5477 2256 5530; x_wconf 70' lang='lat' dir='ltr'><strong>czrdem</strong></span> 
     </span>
    </p>
   </div>
   <div class='ocr_carea' id='block_1_106' title="bbox 705 5567 2254 5638">
    <p class='ocr_par' dir='ltr' id='par_1_106' title="bbox 705 5567 2254 5638">
     <span class='ocr_line' id='line_1_106' title="bbox 705 5567 2254 5638; baseline 0 -17"><span class='ocrx_word' id='word_1_741' title='bbox 705 5577 1011 5638; x_wconf 79' lang='lat' dir='ltr'><strong>peipetrare</strong></span> <span class='ocrx_word' id='word_1_742' title='bbox 1039 5582 1180 5631; x_wconf 83' lang='lat' dir='ltr'><strong>eam,</strong></span> <span class='ocrx_word' id='word_1_743' title='bbox 1209 5581 1324 5634; x_wconf 68' lang='lat' dir='ltr'><strong>qua:</strong></span> <span class='ocrx_word' id='word_1_744' title='bbox 1349 5569 1470 5620; x_wconf 81' lang='lat' dir='ltr'><strong>data</strong></span> <span class='ocrx_word' id='word_1_745' title='bbox 1499 5583 1662 5634; x_wconf 89' lang='lat' dir='ltr'><strong>opera</strong></span> <span class='ocrx_word' id='word_1_746' title='bbox 1710 5567 1899 5632; x_wconf 91' lang='lat' dir='ltr'><strong>fetum,</strong></span> <span class='ocrx_word' id='word_1_747' title='bbox 1929 5569 2020 5636; x_wconf 83' lang='lat' dir='ltr'><strong>qui</strong></span> <span class='ocrx_word' id='word_1_748' title='bbox 2057 5577 2176 5622; x_wconf 81' lang='lat' dir='ltr'><strong>erat</strong></span> <span class='ocrx_word' id='word_1_749' title='bbox 2203 5569 2254 5621; x_wconf 93' lang='lat' dir='ltr'><strong>in</strong></span> 
     </span>
    </p>
   </div>
   <div class='ocr_carea' id='block_1_107' title="bbox 705 5662 2258 5730">
    <p class='ocr_par' dir='ltr' id='par_1_107' title="bbox 705 5662 2258 5730">
     <span class='ocr_line' id='line_1_107' title="bbox 705 5662 2258 5730; baseline -0.001 -14"><span class='ocrx_word' id='word_1_750' title='bbox 705 5677 875 5726; x_wconf 90' lang='lat' dir='ltr'><strong>utero,</strong></span> <span class='ocrx_word' id='word_1_751' title='bbox 907 5663 1164 5730; x_wconf 89' lang='lat' dir='ltr'><strong>corrupit.</strong></span> <span class='ocrx_word' id='word_1_752' title='bbox 1198 5662 1326 5715; x_wconf 83' lang='lat' dir='ltr'><strong>Mihi</strong></span> <span class='ocrx_word' id='word_1_753' title='bbox 1364 5673 1538 5716; x_wconf 80' lang='lat' dir='ltr'><strong>autem</strong></span> <span class='ocrx_word' id='word_1_754' title='bbox 1578 5665 1808 5726; x_wconf 83' lang='lat' dir='ltr'><strong>videtur,</strong></span> <span class='ocrx_word' id='word_1_755' title='bbox 1843 5679 1959 5717; x_wconf 89' lang='lat' dir='ltr'><strong>eam</strong></span> <span class='ocrx_word' id='word_1_756' title='bbox 2006 5664 2258 5716; x_wconf 67' lang='lat' dir='ltr'><strong>volunta-</strong></span> 
     </span>
    </p>
   </div>
   <div class='ocr_carea' id='block_1_108' title="bbox 707 5755 2258 5825">
    <p class='ocr_par' dir='ltr' id='par_1_108' title="bbox 707 5755 2258 5825">
     <span class='ocr_line' id='line_1_108' title="bbox 707 5755 2258 5825; baseline 0.001 -16"><span class='ocrx_word' id='word_1_757' title='bbox 707 5756 838 5809; x_wconf 87' lang='lat' dir='ltr'><strong>riam</strong></span> <span class='ocrx_word' id='word_1_758' title='bbox 886 5766 1098 5820; x_wconf 75' lang='lat' dir='ltr'><strong>quoqlie</strong></span> <span class='ocrx_word' id='word_1_759' title='bbox 1145 5755 1344 5809; x_wconf 60' lang='lat' dir='ltr'><strong>caedem</strong></span> <span class='ocrx_word' id='word_1_760' title='bbox 1389 5767 1720 5825; x_wconf 80' lang='lat' dir='ltr'><strong>perpetrare,</strong></span> <span class='ocrx_word' id='word_1_761' title='bbox 1775 5768 1831 5809; x_wconf 91' lang='lat' dir='ltr'><strong>ut</strong></span> <span class='ocrx_word' id='word_1_762' title='bbox 1878 5758 1978 5811; x_wconf 86' lang='lat' dir='ltr'><strong>hoc</strong></span> <span class='ocrx_word' id='word_1_763' title='bbox 2030 5773 2095 5812; x_wconf 79' lang='lat' dir='ltr'><strong>ex</strong></span> <span class='ocrx_word' id='word_1_764' title='bbox 2155 5757 2258 5810; x_wconf 86' lang='lat' dir='ltr'><strong>fine</strong></span> 
     </span>
    </p>
   </div>
   <div class='ocr_carea' id='block_1_109' title="bbox 2363 4764 3926 4838">
    <p class='ocr_par' dir='ltr' id='par_1_109' title="bbox 2363 4764 3926 4838">
     <span class='ocr_line' id='line_1_109' title="bbox 2363 4764 3926 4838; baseline 0.001 -20"><span class='ocrx_word' id='word_1_765' title='bbox 2363 4764 2456 4818; x_wconf 81' lang='grc' dir='ltr'><strong>τοῦ</strong></span> <span class='ocrx_word' id='word_1_766' title='bbox 2487 4770 2536 4834; x_wconf 77' lang='grc' dir='ltr'><strong>η’</strong></span> <span class='ocrx_word' id='word_1_767' title='bbox 2566 4765 2785 4826; x_wconf 88' lang='grc' dir='ltr'><strong>κανόνος</strong></span> <span class='ocrx_word' id='word_1_768' title='bbox 2815 4767 2911 4834; x_wconf 81' lang='grc' dir='ltr'><strong>τῆς</strong></span> <span class='ocrx_word' id='word_1_769' title='bbox 2949 4767 3228 4836; x_wconf 77' lang='grc' dir='ltr'><strong>παρούσης</strong></span> <span class='ocrx_word' id='word_1_770' title='bbox 3259 4767 3545 4837; x_wconf 75' lang='grc' dir='ltr'><strong>ἐπιστολῆς</strong></span> <span class='ocrx_word' id='word_1_771' title='bbox 3566 4784 3581 4800; x_wconf 77' lang='grc'><strong>⁸</strong></span> <span class='ocrx_word' id='word_1_772' title='bbox 3625 4770 3721 4820; x_wconf 81' lang='grc' dir='ltr'><strong>καὶ</strong></span> <span class='ocrx_word' id='word_1_773' title='bbox 3749 4769 3926 4838; x_wconf 76' lang='grc' dir='ltr'><strong>μάθῃς</strong></span> 
     </span>
    </p>
   </div>
   <div class='ocr_carea' id='block_1_110' title="bbox 2363 4856 3926 4928">
    <p class='ocr_par' dir='ltr' id='par_1_110' title="bbox 2363 4856 3926 4928">
     <span class='ocr_line' id='line_1_110' title="bbox 2363 4856 3926 4928; baseline 0.001 -20"><span class='ocrx_word' id='word_1_774' title='bbox 2363 4857 2436 4918; x_wconf 84' lang='grc' dir='ltr'><strong>ὡς</strong></span> <span class='ocrx_word' id='word_1_775' title='bbox 2495 4858 2554 4908; x_wconf 86' lang='grc' dir='ltr'><strong>ού</strong></span> <span class='ocrx_word' id='word_1_776' title='bbox 2616 4857 2749 4926; x_wconf 79' lang='grc' dir='ltr'><strong>μόνη</strong></span> <span class='ocrx_word' id='word_1_777' title='bbox 2780 4859 2812 4923; x_wconf 78' lang='grc' dir='ltr'>ἡ</span> <span class='ocrx_word' id='word_1_778' title='bbox 2842 4856 3112 4925; x_wconf 81' lang='grc' dir='ltr'><strong>φθείρασα</strong></span> <span class='ocrx_word' id='word_1_779' title='bbox 3141 4857 3200 4909; x_wconf 78' lang='grc' dir='ltr'><strong>τὸ</strong></span> <span class='ocrx_word' id='word_1_780' title='bbox 3243 4856 3482 4928; x_wconf 78' lang='grc' dir='ltr'><strong>ἔμὸρυον</strong></span> <span class='ocrx_word' id='word_1_781' title='bbox 3534 4857 3822 4913; x_wconf 80' lang='grc' dir='ltr'><strong>ὑπόκειται</strong></span> <span class='ocrx_word' id='word_1_782' title='bbox 3855 4861 3926 4928; x_wconf 80' lang='grc' dir='ltr'><strong>τῷ</strong></span> 
     </span>
    </p>
   </div>
   <div class='ocr_carea' id='block_1_111' title="bbox 2365 4947 3924 5018">
    <p class='ocr_par' dir='ltr' id='par_1_111' title="bbox 2365 4947 3924 5018">
     <span class='ocr_line' id='line_1_111' title="bbox 2365 4947 3924 5018; baseline 0.001 -18"><span class='ocrx_word' id='word_1_783' title='bbox 2365 4948 2629 5016; x_wconf 78' lang='grc' dir='ltr'><strong>κανονικῷ</strong></span> <span class='ocrx_word' id='word_1_784' title='bbox 2668 4947 2760 4999; x_wconf 84' lang='grc' dir='ltr'><strong>τοῦ</strong></span> <span class='ocrx_word' id='word_1_785' title='bbox 2793 4949 2994 5016; x_wconf 82' lang='grc' dir='ltr'><strong>φονέως</strong></span> <span class='ocrx_word' id='word_1_786' title='bbox 3049 4949 3330 5016; x_wconf 79' lang='grc' dir='ltr'><strong>ἐπιτιμίῳ,</strong></span> <span class='ocrx_word' id='word_1_787' title='bbox 3360 4947 3493 5001; x_wconf 75' lang='grc' dir='ltr'><strong>ἀλλὰ</strong></span> <span class='ocrx_word' id='word_1_788' title='bbox 3519 4949 3612 5002; x_wconf 81' lang='grc' dir='ltr'><strong>καὶ</strong></span> <span class='ocrx_word' id='word_1_789' title='bbox 3647 4951 3678 5018; x_wconf 79' lang='grc' dir='ltr'>ὴ</span> <span class='ocrx_word' id='word_1_790' title='bbox 3713 4950 3924 5004; x_wconf 69' lang='grc' dir='ltr'><strong>διδοῦσα</strong></span> 
     </span>
    </p>
   </div>
   <div class='ocr_carea' id='block_1_112' title="bbox 2364 5037 3918 5108">
    <p class='ocr_par' dir='ltr' id='par_1_112' title="bbox 2364 5037 3918 5108">
     <span class='ocr_line' id='line_1_112' title="bbox 2364 5037 3918 5108; baseline 0.003 -20"><span class='ocrx_word' id='word_1_791' title='bbox 2364 5038 2735 5107; x_wconf 70' lang='grc' dir='ltr'><strong>ἐμϐρυοκτόνα</strong></span> <span class='ocrx_word' id='word_1_792' title='bbox 2776 5037 3100 5108; x_wconf 83' lang='grc' dir='ltr'><strong>δηλητήρια,</strong></span> <span class='ocrx_word' id='word_1_793' title='bbox 3138 5039 3232 5090; x_wconf 78' lang='grc' dir='ltr'><strong>καὶ</strong></span> <span class='ocrx_word' id='word_1_794' title='bbox 3280 5039 3310 5106; x_wconf 76' lang='grc' dir='ltr'>ἡ</span> <span class='ocrx_word' id='word_1_795' title='bbox 3357 5037 3578 5106; x_wconf 79' lang='grc' dir='ltr'><strong>ἔχουσα,</strong></span> <span class='ocrx_word' id='word_1_796' title='bbox 3612 5041 3706 5091; x_wconf 85' lang='grc' dir='ltr'><strong>καὶ</strong></span> <span class='ocrx_word' id='word_1_797' title='bbox 3750 5042 3782 5108; x_wconf 79' lang='grc' dir='ltr'>ἡ</span> <span class='ocrx_word' id='word_1_798' title='bbox 3834 5041 3918 5094; x_wconf 86' lang='grc' dir='ltr'><strong>λα-</strong></span> 
     </span>
    </p>
   </div>
   <div class='ocr_carea' id='block_1_113' title="bbox 2365 5126 3924 5200">
    <p class='ocr_par' dir='ltr' id='par_1_113' title="bbox 2365 5126 3924 5200">
     <span class='ocr_line' id='line_1_113' title="bbox 2365 5126 3924 5200; baseline 0.003 -23"><span class='ocrx_word' id='word_1_799' title='bbox 2365 5126 2551 5191; x_wconf 76' lang='grc' dir='ltr'><strong>ϐοῦσα,</strong></span> <span class='ocrx_word' id='word_1_800' title='bbox 2588 5127 2690 5178; x_wconf 73' lang='grc' dir='ltr'><strong>κᾶν</strong></span> <span class='ocrx_word' id='word_1_801' title='bbox 2727 5127 2800 5195; x_wconf 79' lang='grc' dir='ltr'><strong>μὴ</strong></span> <span class='ocrx_word' id='word_1_802' title='bbox 2845 5128 3081 5196; x_wconf 80' lang='grc' dir='ltr'><strong>φονεύσῃ</strong></span> <span class='ocrx_word' id='word_1_803' title='bbox 3113 5127 3174 5180; x_wconf 76' lang='grc' dir='ltr'><strong>τὸ</strong></span> <span class='ocrx_word' id='word_1_804' title='bbox 3203 5127 3460 5196; x_wconf 78' lang='grc' dir='ltr'><strong>ἑμὸρυον.</strong></span> <span class='ocrx_word' id='word_1_805' title='bbox 3494 5127 3601 5181; x_wconf 84' lang='grc' dir='ltr'><strong>Τοῦ</strong></span> <span class='ocrx_word' id='word_1_806' title='bbox 3636 5131 3692 5182; x_wconf 82' lang='grc' dir='ltr'><strong>δέ</strong></span> <span class='ocrx_word' id='word_1_807' title='bbox 3728 5132 3924 5200; x_wconf 55' lang='grc' dir='ltr'><strong>παρόν-</strong></span> 
     </span>
    </p>
   </div>
   <div class='ocr_carea' id='block_1_114' title="bbox 2365 5217 3924 5292">
    <p class='ocr_par' dir='ltr' id='par_1_114' title="bbox 2365 5217 3924 5292">
     <span class='ocr_line' id='line_1_114' title="bbox 2365 5217 3924 5292; baseline 0.004 -24"><span class='ocrx_word' id='word_1_808' title='bbox 2365 5234 2452 5278; x_wconf 83' lang='grc' dir='ltr'><strong>τος</strong></span> <span class='ocrx_word' id='word_1_809' title='bbox 2484 5219 2701 5280; x_wconf 88' lang='grc' dir='ltr'><strong>κανόνος</strong></span> <span class='ocrx_word' id='word_1_810' title='bbox 2729 5218 2816 5270; x_wconf 82' lang='grc' dir='ltr'><strong>διὰ</strong></span> <span class='ocrx_word' id='word_1_811' title='bbox 2842 5217 3122 5285; x_wconf 87' lang='grc' dir='ltr'><strong>ἐπιτιμίου</strong></span> <span class='ocrx_word' id='word_1_812' title='bbox 3151 5217 3436 5281; x_wconf 87' lang='grc' dir='ltr'><strong>δεκαετίας</strong></span> <span class='ocrx_word' id='word_1_813' title='bbox 3463 5220 3790 5285; x_wconf 76' lang='grc' dir='ltr'><strong>κολάζοντος</strong></span> <span class='ocrx_word' id='word_1_814' title='bbox 3829 5221 3924 5292; x_wconf 72' lang='grc' dir='ltr'><strong>τὴν</strong></span> 
     </span>
    </p>
   </div>
   <div class='ocr_carea' id='block_1_115' title="bbox 2364 5310 3922 5386">
    <p class='ocr_par' dir='ltr' id='par_1_115' title="bbox 2364 5310 3922 5386">
     <span class='ocr_line' id='line_1_115' title="bbox 2364 5310 3922 5386; baseline 0.006 -25"><span class='ocrx_word' id='word_1_815' title='bbox 2364 5310 2618 5380; x_wconf 81' lang='grc' dir='ltr'><strong>τοιαύτην</strong></span> <span class='ocrx_word' id='word_1_816' title='bbox 2650 5314 2878 5377; x_wconf 87' lang='grc' dir='ltr'><strong>γυναῖκα</strong></span> <span class='ocrx_word' id='word_1_817' title='bbox 2921 5311 3226 5372; x_wconf 82' lang='grc' dir='ltr'><strong>ἀκολούθως</strong></span> <span class='ocrx_word' id='word_1_818' title='bbox 3259 5312 3336 5382; x_wconf 91' lang='grc' dir='ltr'>τῷ</span> <span class='ocrx_word' id='word_1_819' title='bbox 3373 5312 3456 5366; x_wconf 86' lang='grc' dir='ltr'><strong>κα⁹</strong></span> <span class='ocrx_word' id='word_1_820' title='bbox 3502 5318 3687 5369; x_wconf 87' lang='grc' dir='ltr'><strong>κανόνι</strong></span> <span class='ocrx_word' id='word_1_821' title='bbox 3727 5321 3827 5386; x_wconf 89' lang='grc' dir='ltr'><strong>τῆς</strong></span> <span class='ocrx_word' id='word_1_822' title='bbox 3865 5321 3922 5370; x_wconf 79' lang='grc' dir='ltr'><strong>ἐν</strong></span> 
     </span>
    </p>
   </div>
   <div class='ocr_carea' id='block_1_116' title="bbox 2377 5401 3925 5475">
    <p class='ocr_par' dir='ltr' id='par_1_116' title="bbox 2377 5401 3925 5475">
     <span class='ocr_line' id='line_1_116' title="bbox 2377 5401 3925 5475; baseline 0.006 -23"><span class='ocrx_word' id='word_1_823' title='bbox 2377 5401 2617 5472; x_wconf 74' lang='grc' dir='ltr'><strong>Ἀγκύρα</strong></span> <span class='ocrx_word' id='word_1_824' title='bbox 2672 5402 2909 5462; x_wconf 86' lang='grc' dir='ltr'><strong>συνόδου,</strong></span> <span class='ocrx_word' id='word_1_825' title='bbox 2941 5405 3034 5455; x_wconf 80' lang='grc' dir='ltr'><strong>καὶ</strong></span> <span class='ocrx_word' id='word_1_826' title='bbox 3089 5402 3184 5454; x_wconf 76' lang='grc' dir='ltr'><strong>τοῦ</strong></span> <span class='ocrx_word' id='word_1_827' title='bbox 3239 5403 3315 5468; x_wconf 67' lang='grc' dir='ltr'><strong>νζ*</strong></span> <span class='ocrx_word' id='word_1_828' title='bbox 3366 5407 3588 5469; x_wconf 88' lang='grc' dir='ltr'><strong>κανόνος</strong></span> <span class='ocrx_word' id='word_1_829' title='bbox 3623 5408 3718 5461; x_wconf 84' lang='grc' dir='ltr'><strong>τοῦ</strong></span> <span class='ocrx_word' id='word_1_830' title='bbox 3771 5408 3925 5475; x_wconf 80' lang='grc' dir='ltr'><strong>ἁγίου</strong></span> 
     </span>
    </p>
   </div>
   <div class='ocr_carea' id='block_1_117' title="bbox 2366 5494 3918 5569">
    <p class='ocr_par' dir='ltr' id='par_1_117' title="bbox 2366 5494 3918 5569">
     <span class='ocr_line' id='line_1_117' title="bbox 2366 5494 3918 5569; baseline 0.004 -23"><span class='ocrx_word' id='word_1_831' title='bbox 2366 5494 2647 5546; x_wconf 74' lang='grc' dir='ltr'><strong>Βασιλείου</strong></span> <span class='ocrx_word' id='word_1_832' title='bbox 2689 5495 2937 5561; x_wconf 87' lang='grc' dir='ltr'><strong>λέγοντος</strong></span> <span class='ocrx_word' id='word_1_833' title='bbox 2980 5495 3121 5547; x_wconf 77' lang='grc' dir='ltr'><strong>οὕτω</strong></span> <span class='ocrx_word' id='word_1_834' title='bbox 3169 5496 3372 5564; x_wconf 76' lang='grc' dir='ltr'><strong>ῥητῶς,</strong></span> <span class='ocrx_word' id='word_1_835' title='bbox 3415 5497 3472 5549; x_wconf 90' lang='lat'><strong>&#39;0</strong></span> <span class='ocrx_word' id='word_1_836' title='bbox 3517 5499 3792 5562; x_wconf 78' lang='grc' dir='ltr'><strong>ἀκουσίως</strong></span> <span class='ocrx_word' id='word_1_837' title='bbox 3834 5518 3918 5569; x_wconf 66' lang='grc' dir='ltr'><strong>φοι</strong></span> 
     </span>
    </p>
   </div>
   <div class='ocr_carea' id='block_1_118' title="bbox 2364 5582 3918 5657">
    <p class='ocr_par' dir='ltr' id='par_1_118' title="bbox 2364 5582 3918 5657">
     <span class='ocr_line' id='line_1_118' title="bbox 2364 5582 3918 5657; baseline 0.006 -22"><span class='ocrx_word' id='word_1_838' title='bbox 2364 5582 2557 5645; x_wconf 86' lang='grc' dir='ltr'><strong>νεύσας</strong></span> <span class='ocrx_word' id='word_1_839' title='bbox 2586 5583 2775 5634; x_wconf 71' lang='grc' dir='ltr'><strong>ἕνδεκα</strong></span> <span class='ocrx_word' id='word_1_840' title='bbox 2821 5583 2996 5635; x_wconf 78' lang='grc' dir='ltr'><strong>ἔτεσιν</strong></span> <span class='ocrx_word' id='word_1_841' title='bbox 3032 5586 3392 5655; x_wconf 81' lang='grc' dir='ltr'><strong>ἀκοινώνητος</strong></span> <span class='ocrx_word' id='word_1_842' title='bbox 3445 5587 3598 5638; x_wconf 81' lang='grc' dir='ltr'><strong>ἔσται</strong></span> <span class='ocrx_word' id='word_1_843' title='bbox 3637 5591 3747 5640; x_wconf 81' lang='grc' dir='ltr'><strong>τῶν</strong></span> <span class='ocrx_word' id='word_1_844' title='bbox 3779 5593 3918 5657; x_wconf 50' lang='lat' dir='ltr'><strong>arui</strong></span> 
     </span>
    </p>
   </div>
   <div class='ocr_carea' id='block_1_119' title="bbox 2366 5673 3923 5749">
    <p class='ocr_par' dir='ltr' id='par_1_119' title="bbox 2366 5673 3923 5749">
     <span class='ocr_line' id='line_1_119' title="bbox 2366 5673 3923 5749; baseline 0.006 -26"><span class='ocrx_word' id='word_1_845' title='bbox 2366 5673 2586 5740; x_wconf 85' lang='grc' dir='ltr'><strong>σμάτων</strong></span> <span class='ocrx_word' id='word_1_846' title='bbox 2609 5689 2622 5701; x_wconf 89' lang='grc'><strong>·</strong></span> <span class='ocrx_word' id='word_1_847' title='bbox 2653 5673 2869 5734; x_wconf 75' lang='grc' dir='ltr'><strong>λέγουσί</strong></span> <span class='ocrx_word' id='word_1_848' title='bbox 2924 5692 3067 5736; x_wconf 80' lang='grc' dir='ltr'><strong>τινες</strong></span> <span class='ocrx_word' id='word_1_849' title='bbox 3111 5675 3363 5727; x_wconf 80' lang='grc' dir='ltr'><strong>ἀκούσιον</strong></span> <span class='ocrx_word' id='word_1_850' title='bbox 3391 5677 3549 5744; x_wconf 59' lang='grc' dir='ltr'><strong>φόνον</strong></span> <span class='ocrx_word' id='word_1_851' title='bbox 3595 5680 3923 5749; x_wconf 69' lang='grc' dir='ltr'><strong>ἁμαρτάνειν</strong></span> 
     </span>
    </p>
   </div>
   <div class='ocr_carea' id='block_1_120' title="bbox 2361 5760 3922 5833">
    <p class='ocr_par' dir='ltr' id='par_1_120' title="bbox 2361 5760 3922 5833">
     <span class='ocr_line' id='line_1_120' title="bbox 2361 5760 3922 5833; baseline 0.009 -21"><span class='ocrx_word' id='word_1_852' title='bbox 2361 5760 2460 5826; x_wconf 81' lang='grc' dir='ltr'><strong>τὴν</strong></span> <span class='ocrx_word' id='word_1_853' title='bbox 2510 5761 2807 5828; x_wconf 75' lang='grc' dir='ltr'><strong>φθείρασαν</strong></span> <span class='ocrx_word' id='word_1_854' title='bbox 2862 5762 2980 5815; x_wconf 80' lang='grc' dir='ltr'><strong>κατ’</strong></span> <span class='ocrx_word' id='word_1_855' title='bbox 3039 5764 3379 5830; x_wconf 76' lang='grc' dir='ltr'><strong>ἐπιτήδευσιν</strong></span> <span class='ocrx_word' id='word_1_856' title='bbox 3430 5765 3491 5818; x_wconf 81' lang='grc' dir='ltr'><strong>τὸ</strong></span> <span class='ocrx_word' id='word_1_857' title='bbox 3539 5770 3922 5833; x_wconf 48' lang='grc' dir='ltr'><strong>παρᾍταύτης</strong></span> 
     </span>
    </p>
   </div>
  </div>
