4124 6468
228 344 323 398 ιω

231 455 302 516 μὴ
336 447 474 504 εἶναι
504 454 675 523 γάμον
706 457 797 525 τὴν

230 542 591 611 ὲπιτιμᾶσθαι
643 549 922 616 ἀναλόγως
974 557 1043 623 τῇ
1102 556 1367 627 διγαμίερι⁹
1414 561 1489 620 ὡς
1550 563 1797 617 ἐντεῦθεν

230 635 275 683 ά
299 635 624 699 α·,;αίνεσθαι
654 643 745 694 καὶ
777 644 875 711 τὴν
908 648 1206 714 τριγαμίαν
1256 650 1451 719 ἐπίσης
1482 655 1546 722 τῇ
1577 654 1803 726 διγαμίᾳ

233 726 311 793 μὴ
344 729 698 797 διασπᾶσθαι,
743 735 878 789 ἀλλὰ
935 739 1312 807 ἐπιτιμᾶσθαι.
1349 742 1495 814 Πλὴν
1553 746 1654 813 μὲν
1704 750 1803 817 τὴν

230 817 495 886 διγαμίαν
529 821 613 874 διὰ
637 823 729 877 δύο
756 827 913 888 ἐτῶν,
946 829 1041 896 τὴν
1070 830 1125 882 δὲ
1160 834 1459 901 τριγαμίαν
1482 835 1571 889 διὰ
1616 838 1797 894 πέντε.

232 910 516 965 Ἷστασθαι
540 914 594 967 δὲ
624 917 703 979 είς
726 919 815 970 τὸν
843 920 1007 973 τόπον
1041 922 1150 974 τῶν
1184 925 1550 995 ἀκροωμένων
1579 928 1635 980 ὲν
1659 928 1801 981 ἔτεσι

228 1003 405 1067 τρισὶ,
459 1005 554 1057 καὶ
610 1007 749 1075 μετά
807 1010 985 1065 ταῦτα
1049 1015 1398 1069 συνίστασθαι
1451 1020 1561 1080 τοϊς
1592 1021 1801 1083 πιστοῖς

233 1091 426 1161 μέχρις
454 1095 581 1163 ὅλης
613 1101 928 1162 πενταετίας
955 1103 1081 1165 τοὺς
1109 1107 1435 1175 τριγάμους.
1475 1109 1581 1161 Καὶ
1609 1109 1796 1164 ἔκτοτε

228 1186 476 1260 καρποὺς
501 1186 684 1252 ἀξίους
720 1191 1159 1261 ἐπιδειξαμένους
1184 1196 1286 1264 τῆς
1330 1201 1637 1266 μετανοίας.
1666 1203 1800 1255 ἀπο-

227 1273 499 1345 καθιστᾷν
551 1278 630 1340 είς
678 1278 767 1332 τὸν
818 1281 984 1333 τόπον
1019 1283 1116 1348 τῆς
1148 1286 1452 1348 κοινωνίας,
1507 1290 1655 1341 καὶὸ
1702 1289 1800 1357 μὲν

226 1362 385 1429 am;
442 1367 609 1421 ταῦτα
632 1386 647 1400 ·
680 1370 708 1421 ὁ
739 1370 793 1423 δὲ
824 1373 987 1441 τόμος
1029 1372 1129 1441 τῆς
1165 1375 1430 1439 ἐνώσεως,
1479 1380 1507 1431 ὁ
1559 1378 1800 1446 γεγονὼς

226 1453 323 1505 ἐπὶ
355 1456 764 1510 Κωνσταντίνου
816 1460 909 1513 τοῦ
959 1463 1471 1533 Πορφυρογεννήτου
1517 1468 1612 1520 καὶ
1655 1469 1794 1521 Ῥω-

231 1547 406 1615 μανοῦ
434 1566 447 1579 ο
476 1549 570 1601 τοῦ
611 1552 709 1619 μὲν
756 1554 1161 1608 Κωνσταντίνου
1194 1556 1588 1626 βασιλεύοντος,
1620 1559 1713 1612 τοῦ
1743 1560 1798 1613 δὲ

229 1639 499 1707 πενθεροῦ
526 1643 687 1695 αὐτοῦ
743 1646 1051 1715 ⁹Ρωμανοῦ,
1083 1649 1161 1719 τῷ
1198 1650 1293 1702 τοῦ
1329 1650 1595 1719 βασιλέως
1627 1654 1799 1723 πατρὶ

226 1731 605 1801 ἐμπρέποντας
639 1735 906 1806 ἀξιώματι
930 1739 988 1790 ἐν
1012 1740 1119 1791 ἔτει
1154 1748 1343 1809 ςυκη’,
1396 1743 1683 1796 ίνδικτιῶνι
1722 1745 1795 1810 η’,

1146 356 1229 417 ΙΝ
1268 358 1510 422 EPIST.
1553 362 1613 425 S.
1648 362 1931 427 BASILII
1976 370 2411 433 CANONICAM
2453 373 2496 436 Ι.

821 458 1145 530 τριγαμίαν,
1176 466 1426 536 ἐπήγαγε
1464 472 1559 523 καὶ
1595 472 1797 541 ταύτην

1903 478 2099 543 Ιιηςςιδι,
2127 482 2422 551 trigamiam
2450 502 2554 538 non
2578 501 2697 541 esse
2723 490 3146 558 matrimonium,
3170 494 3465 560 subiunxit.

3362 379 3465 446 593

1903 584 2019 622 eam
2057 586 2268 640 quoque
2301 574 2469 630 instar
2493 575 2756 643 digamizr,
2806 584 3150 649 preportione
3185 588 3465 656 utriusque

1904 660 2107 724 habita,
2144 665 2341 730 puniri,
2377 676 2431 719 ut
2464 682 2528 721 ex
2558 669 2657 723 hoc
2692 670 2808 724 loco
2838 681 3116 740 appareat,
3139 676 3461 741 trigamiam,

1902 753 2034 806 sicut
2068 763 2119 807 et
2171 755 2479 825 digamiam,
2523 776 2629 815 non
2670 766 2929 830 separari,
2973 766 3065 820 sed
3110 769 3308 833 puniri.
3358 771 3462 824 Sed

1902 844 2187 913 digamiam
2238 846 2450 914 quidem
2492 850 2699 906 duobus
2732 853 2923 918 faunis,
2988 857 3292 927 trigamiam
3331 875 3461 913 vero

1900 935 2169 1003 quinque;
2191 948 2333 992 stare
2345 947 2523 993 autem
2542 941 2593 994 in
2614 942 2729 998 loco
2746 945 3079 999 audientium
3095 948 3263 1003 tribus
3282 950 3458 1011 annis,

1901 1031 1953 1075 et
1992 1036 2177 1091 postea
2198 1040 2320 1078 cum
2348 1026 2594 1083 fidelibus
2622 1032 2919 1087 consistere
2951 1036 3016 1088 ad
3036 1036 3459 1106 quinquennium

1899 1127 2071 1181 usque
2101 1113 2375 1180 ttigamos,
2404 1126 2458 1172 et
2490 1120 2558 1172 ab
2587 1134 2651 1174 eo
2678 1129 2917 1190 tempore
2937 1126 3171 1181 ostcnsis
3196 1125 3463 1181 fructibus

1900 1204 2220 1273 pmuitentia
2249 1207 2428 1276 dignis
2459 1210 2511 1264 in
2534 1214 2928 1267 communionis
2952 1215 3130 1269 locum
3152 1219 3456 1273 restituere.

1899 1296 2072 1363 Atque
2122 1296 2234 1351 haec
2268 1301 2482 1365 quidem
2532 1312 2771 1357 sanctus.
2829 1303 3052 1360 Uniouis
3089 1323 3217 1362 vero
3261 1320 3457 1369 tomus.

1898 1387 1988 1455 qui
2021 1387 2192 1442 {actus
2224 1400 2306 1442 est
2334 1392 2433 1445 sub
2457 1392 2814 1449 Constantino
2842 1395 3356 1469 Porphyrogenneta
3404 1411 3458 1454 et

1901 1475 2168 1542 Romano,
2222 1479 2581 1537 Constantino
2628 1484 2845 1554 quidem
2894 1489 3228 1558 imperante,
3272 1507 3459 1546 socero

1900 1576 2074 1621 autem
2108 1570 2223 1638 ejus
2250 1569 2491 1625 Romano
2519 1576 2688 1641 patris
2715 1578 3052 1644 imperatoris
3078 1581 3454 1634 auctoritatem

1899 1672 1961 1710 ac
1989 1658 2303 1727 dignitatem
2335 1663 2629 1728 obtinente,
2659 1681 2796 1721 anno
2822 1668 2981 1730 6428.
3011 1671 3302 1726 indictione
3334 1688 3453 1733 νιιι.

1900 1756 1953 1799 et
1984 1749 2074 1815 qui
2124 1748 2349 1816 singulis
2393 1753 2554 1808 anuis
2603 1753 2802 1824 legitur
2839 1756 2889 1809 in
2942 1767 3218 1827 suggestu,
3275 1774 3459 1813 mense

228 1825 331 1875 καὶ
352 1825 856 1895 ἀναγινωσκόμενος
881 1830 1109 1898 ἐτησίως
1144 1833 1230 1884 ἐπ’
1263 1832 1514 1902 ἄμϐωνος
1537 1834 1678 1887 κατὰ
1707 1836 1798 1889 τὸν

1903 1836 2060 1903 Iulio,
2087 1840 2199 1894 hec
2233 1840 2359 1895 dicit
2388 1844 2530 1897 circa
2565 1848 2719 1899 linem
2751 1825 3260 1916 :Deincep‘siautem
3302 1863 3454 1903 com-

242 1912 465 1967 Ἰούλιον
506 1916 670 1984 μῆνα,
701 1919 823 1972 τάδε
856 1923 984 1989 περὶ
1009 1922 1069 1974 τδ
1096 1922 1244 1985 τέλος
1280 1924 1441 1991 φησί·
1474 1926 1581 1977 Καὶ
1613 1925 1797 1977 λοιπὸν

231 2011 656 2077 ἀποφαινόμεθα
687 2014 836 2081 κοινῇ
868 2012 1063 2085 γνώμῃ
1113 2015 1206 2067 καὶ
1258 2014 1436 2083 κρίσει
1474 2015 1581 2069 ἀπό
1610 2033 1672 2083 γε
1702 2016 1794 2069 τοῦ

228 2105 499 2173 παρόντος
529 2104 702 2170 ἔτους,
745 2106 772 2157 ὅ
814 2105 959 2157 ἐστιν
1009 2105 1126 2169 ἔτος
1157 2104 1346 2173 ςυκη’,
1404 2107 1694 2160 ίνδικτιῶνι
1723 2107 1793 2176 η’,

227 2194 493 2262 τέταρτον
524 2194 701 2261 γάμον
739 2193 929 2262 μηδενὶ
976 2195 1301 2263 τολμᾶσθαι,
1336 2195 1453 2250 ἀλλ’
1491 2192 1632 2250 εἶναι
1662 2197 1797 2251 ἀπό-

230 2284 433 2351 ϐλητον
458 2285 736 2345 παντελῶς
759 2302 772 2317 ·
807 2286 900 2339 καὶ
923 2286 1012 2339 τὸν
1041 2286 1096 2339 εί
1125 2304 1209 2349 τις
1236 2288 1328 2339 ἐπὶ
1353 2286 1594 2340 τοιοῦτον
1624 2287 1799 2340 ἐλθεῖν

231 2378 571 2431 συνοικέσιον
596 2377 945 2447 προθυμηθῇ,
974 2379 1155 2447 πάσης
1184 2380 1625 2448 ἀπεστερημένον
1659 2374 1799 2453 εἶναι

232 2466 508 2531 συνάξεως
543 2466 1019 2538 ὲκκλησιαττικῆς,
1057 2470 1147 2520 καὶ
1188 2469 1359 2538 αὐτῆς
1404 2470 1504 2537 τῆς
1543 2470 1680 2539 πρὸς
1704 2454 1800 2522 τὸν

234 2558 394 2625 ἅγιον
441 2558 566 2611 ναὸν
604 2558 809 2611 είσόδου
853 2559 1151 2628 ἀλλότριον,
1190 2560 1382 2630 μέχρις
1429 2560 1497 2624 ἂν
1545 2560 1797 2631 ὲπιμείνῃ

230 2649 314 2718 τῷ
341 2652 678 2720 συνοικεσῖῳ.
702 2652 875 2704 Τοῦτο
906 2652 1015 2721 γάρ
1039 2654 1133 2705 καὶ
1161 2656 1267 2715 τοῖς
1299 2653 1402 2723 πρὸ
1432 2653 1585 2723 ἡμῶν
1621 2653 1799 2719 ἁγίοις

232 2739 383 2804 εδοξε
421 2741 680 2811 Πατράσι.
718 2740 818 2794 K11
850 2744 1012 2812 ἡμείς
1062 2744 1118 2796 δὲ
1154 2745 1254 2812 τὴν
1314 2746 1541 2813 γνώμην
1577 2744 1799 2814 ἐκδηλο-

233 2828 403 2898 τέραν
441 2829 744 2892 ποιοῦντες,
773 2831 847 2892 ὠς
878 2832 1157 2903 ἀλλότριον
1188 2834 1348 2887 αὐτὸν
1390 2833 1488 2901 τῆς
1534 2834 1799 2897 Χριστια-

233 2919 393 2986 νικῆς
424 2920 698 2984 πολιτείας
721 2923 1195 2992 ἀποκηρύττομεν.
1237 2923 1376 2976 Ἀλλ’
1404 2924 1546 2976 οὕτω
1577 2925 1674 2993 μὲν
1703 2924 1797 2977 ἐπὶ

232 3010 329 3063 τοῦ
362 3012 621 3081 τετάρτου
662 3015 842 3082 γάμου
867 3030 880 3043 ⁸
913 3015 998 3067 ἵνα
1043 3014 1099 3067 δὲ
1153 3015 1244 3068 καὶ
1270 3018 1335 3069 τὰ
1362 3015 1471 3069 τῶν
1498 3016 1671 3070 ἄλλων
1702 3016 1800 3083 γά-

226 3102 358 3179 μων
404 3103 900 3182 εὐσχημονέστερον
949 3106 1196 3175 τυπωθῇ,
1245 3106 1339 3159 καὶ
1388 3104 1482 3157 τοῦ
1513 3100 1624 3183 τιῖξν
1661 3106 1797 3174 Χρι-

233 3176 474 3248 στιανῶν
505 3195 621 3264 βίου
652 3196 726 3266 μὴ
752 3196 970 3261 ἀνάξιον
996 3196 1096 3267 ἔχῃ
1133 3195 1235 3266 τὴν
1286 3176 1676 3267 προσαγωγὴν,
1706 3194 1799 3247 καὶ

230 3289 365 3340 περὶ
395 3287 486 3340 τοῦ
522 3289 704 3355 τρίτου
736 3289 985 3358 ὁρίζομεν
1011 3288 1214 3355 γάμου,
1252 3287 1390 3341 ὥστε
1422 3288 1556 3357 μηδὲ
1592 3285 1796 3351 ἁπλῶς,

236 3377 377 3445 μηδὲ
411 3377 485 3439 ὼς
523 3378 730 3446 ἔτυχεν,
767 3378 1128 3431 ἐπιτελεῖσθαι
1183 3378 1331 3432 αὐτό.
1373 3378 1482 3431 Καὶ
1533 3376 1641 3446 γὰρ
1675 3392 1800 3444 συγ-

233 3468 553 3538 κεχώρηται
613 3470 713 3540 μὲν
747 3472 820 3533 ὡς
871 3471 1134 3541 ρύπασμα
1164 3473 1275 3534 τοῖς
1311 3471 1613 3541 Πατράσιν,
1644 3469 1799 3522 οὔπω

233 3559 377 3621 τότε,
418 3559 596 3623 καθὼς
626 3559 739 3624 νῦν,
768 3561 1050 3629 γινομένου
1099 3560 1195 3614 τοῦ
1228 3561 1555 3630 πράγματος
1586 3556 1799 3628 ἀπηρυὲ

237 3649 605 3721 θριασμένως,
660 3652 778 3704 οὐδὲ
828 3653 909 3714 εἰς
963 3652 1161 3727 πλάτος
1214 3652 1636 3721 ὲξηπλωμένουο
1686 3649 1802 3703 ἀλλ’

235 3739 425 3810 ὥσπερ
452 3742 503 3795 εί
544 3759 625 3804 τις
652 3744 707 3795 ὲν
730 3742 862 3811 οἴκῳ
884 3743 1335 3812 παραπεπτωκὼς
1371 3746 1427 3796 ὲν
1466 3744 1637 3814 γωνίᾳ
1671 3759 1804 3813 παρ-

236 3836 325 3906 ίδῃ
377 3833 642 3895 πολλάκις
686 3834 936 3901 κείμενον
979 3834 1245 3903 ρύπασμα
1271 3850 1284 3865 ⁸
1317 3834 1411 3887 νῦν
1442 3833 1498 3885 δὲ
1532 3836 1659 3889 ὅταν
1687 3833 1794 3903 χώε-

238 3944 343 3999 ραν
375 3925 533 3993 ξλαὸε
568 3926 899 3995 παρρησίας,
930 3925 1023 3977 καὶ
1050 3925 1125 3983 ὡς
1156 3926 1308 3978 οὐδὲν
1333 3926 1470 3992 ἔχων
1498 3928 1577 3987 είς
1623 3927 1799 3994 ἀσχη-

242 4019 506 4089 μοσύνην,
536 4017 654 4068 οὐδὲ
683 4018 962 4083 ρυπαίνων
1003 4016 1276 4085 λογίζεται
1307 4019 1369 4068 ὲκ
1405 4017 1496 4069 τοῦ
1530 4015 1802 4086 προϐῆναι

234 4110 318 4171 είς
347 4108 680 4178 πληθυσμδν,
714 4107 889 4170 καλῶς
942 4107 1120 4171 ἔδοξεν
1169 4104 1559 4176 ἀ⁴νακαθαίρειν
1597 4105 1758 4161 αὐτόν
1784 4121 1799 4136 ο

234 4201 428 4267 ὥσπερ
482 4200 573 4251 καὶ
631 4194 817 4266 αἶσχος
868 4200 967 4252 οὐκ
996 4198 1052 4251 ἐν
1095 4200 1267 4268 γωνίᾳ
1331 4198 1800 4268 παρερῤιμμένον,

234 4290 352 4345 ἀλλ’
390 4291 480 4344 ἐπὶ
530 4291 626 4359 τῆς
675 4294 851 4351 οίκίας
901 4290 1285 4359 ἐνηπλωμένον
1318 4288 1569 4356 οὐδαμῶς
1601 4288 1799 4356 ἐῶμεν,

236 4383 374 4435 ἀλλὰ
402 4382 755 4451 καθαίρομεν,
790 4384 881 4434 καὶ
934 4383 995 4433 τὸ
1041 4382 1102 4433 ἐκ
1146 4383 1336 4433 τούτου
1369 4380 1528 4449 ἀηδὲς
1559 4377 1803 4432 ἁποὸἀλο

1902 1933 2047 1984 nmni
2077 1936 2347 1987 sententia
2382 1950 2444 1990 ac
2493 1936 2700 2004 judicio
2736 1944 3167 2005 pronuntiamus,
3220 1958 3285 1996 ex
3318 1957 3457 2011 prte-

1899 2021 2036 2074 seuti
2063 2036 2223 2087 anno,
2245 2024 2333 2091 qui
2357 2033 2434 2078 est
2459 2013 2620 2089 6428,
2645 2028 2838 2082 indict.
2867 2043 2985 2093 vm,
3012 2029 3279 2084 neminem
3302 2044 3460 2098 opor.

1902 2121 2014 2166 tere
2037 2127 2095 2166 se
2120 2124 2314 2181 quarto
2340 2117 2687 2171 matrimonio
2709 2118 2960 2188 jungerc,
2988 2121 3082 2173 sed
3102 2134 3223 2174 esse
3240 2121 3458 2174 omnino

1902 2200 2252 2269 reiiciendum
2292 2219 2311 2257 ι
2355 2213 2408 2256 et
2453 2204 2498 2259 si
2541 2207 2662 2272 quis
2716 2208 2783 2261 ad
2830 2206 3093 2276 ejusmodi
3134 2208 3461 2262 connubium

1901 2292 2083 2343 ventre
2111 2290 2361 2355 voluerit,
2398 2306 2525 2347 eum
2574 2309 2694 2349 esse
2723 2296 2868 2349 omni
2915 2297 3284 2353 ecclesiastica
3331 2312 3458 2353 con-

1900 2382 2210 2450 gregatione
2255 2385 2546 2454 privatum,
2583 2396 2632 2441 et
2667 2387 2734 2440 ab
2776 2388 2893 2456 ipso
2925 2387 2979 2442 in
3019 2398 3264 2443 sanctum
3326 2399 3454 2443 tem-

1901 2471 2044 2539 plum
2077 2472 2319 2542 ingressu
2353 2475 2608 2539 alienum,
2641 2477 2810 2531 donec
2848 2478 2898 2531 in
2929 2476 3177 2547 coniugio
3206 2493 3455 2548 perman-

1900 2562 2051 2618 serit.
2089 2564 2201 2619 lloc
2235 2564 2378 2619 enim
2432 2568 2596 2621 etiam
2641 2570 2847 2623 sanctis
2884 2569 3156 2637 Patribus,
3214 2570 3306 2639 qui
3361 2584 3458 2626 nos

1900 2669 2314 2727 praecesserunt,
2340 2658 2510 2713 visum
2542 2668 2643 2715 est.
2679 2660 2789 2716 Nos
2810 2676 2935 2716 vero
2954 2663 3116 2717 etiam
3139 2663 3457 2718 sententiam

1900 2748 2225 2816 apertiorem
2254 2748 2561 2816 reddentes,
2596 2752 2772 2820 ipsum
2827 2760 2936 2806 uta
2964 2753 3271 2807 Christiana
3299 2769 3463 2821 repu-

1900 2840 2037 2895 blica
2076 2841 2307 2894 alienum
2360 2843 2693 2899 abdicamus.
2718 2846 2793 2899 Ac
2818 2845 2897 2901 sic
2928 2846 3142 2915 quidem
3171 2848 3237 2902 de
3266 2858 3461 2916 quarto

1901 2933 2270 2987 matrimonio.
2304 2933 2373 2988 Ut
2405 2943 2608 2999 autem,
2631 2951 2751 3005 quae
2798 2938 2863 2991 ad
2892 2938 2994 2992 alia
3024 2953 3238 3009 quoque
3269 2940 3461 2994 matri-

1903 3025 2081 3078 monia
2115 3026 2406 3094 pertinent,
2444 3028 2726 3085 decentius
2756 3033 3184 3098 constituantur,
3224 3042 3281 3088 et
3305 3033 3463 3088 Chri-

1903 3115 2078 3170 sﬁana
2102 3116 2206 3171 vita
2252 3133 2356 3173 non
2401 3119 2673 3189 indignam
2713 3121 3103 3178 institutionem
3144 3124 3360 3187 habeat,
3395 3124 3461 3179 de

1904 3209 2063 3261 tertio
2082 3223 2293 3279 quoque
2314 3212 2983 3279 matrimoniofdeilnlmus,
2998 3224 3177 3269 utnon
3196 3215 3459 3279 absolute,

1901 3312 2076 3367 neque
2099 3310 2295 3355 temere
2319 3302 2647 3370 perﬁciatur.
2682 3302 2891 3358 Etenim
2912 3319 2939 3357 a
2960 3305 3207 3359 Patribus
3222 3308 3459 3374 quidem,

1903 3398 1960 3445 ut
1977 3391 2185 3457 sordes,
2211 3393 2533 3461 permissum
2555 3404 2659 3458 est,
2674 3408 2778 3448 non
2800 3403 2927 3449 tunc
2947 3396 3203 3464 temporis
3219 3397 3459 3465 quidem,

1901 3480 2043 3536 sicut
2077 3498 2241 3547 nunc,
2273 3497 2330 3537 re
2353 3484 2486 3538 citra
2510 3484 2669 3539 ullam
2696 3486 2944 3540 ruborem
2970 3486 3312 3556 impudenter
3340 3503 3463 3556 per-

1903 3584 2045 3638 acta,
2072 3585 2123 3629 ct
2154 3575 2619 3633 indiscriminatim
2644 3586 2921 3633 contracta
2946 3595 2959 3631 :
2991 3578 3083 3633 sed
3112 3580 3461 3648 quemadmo-

1903 3664 2030 3718 dum
2059 3665 2102 3717 si
2127 3666 2246 3732 quis
2274 3666 2365 3733 qui
2395 3666 2445 3720 in
2473 3666 2630 3721 domo
2657 3667 2708 3721 in
2742 3668 2999 3737 angulum
3022 3669 3234 3733 incidit,
3256 3669 3459 3723 multas

1902 3768 2042 3823 saepe
2074 3755 2259 3811 sordes
2282 3756 2414 3810 sitas
2445 3755 2659 3820 viderit,
2688 3773 2827 3811 tmnc
2855 3767 3034 3812 autem
3062 3758 3276 3827 quando
3298 3758 3463 3812 liber-

1905 3856 2067 3900 tatem
2092 3848 2316 3916 accepit,
2333 3858 2386 3902 et
2406 3847 2629 3915 perinde
2652 3863 2715 3902 ac
2737 3849 2782 3903 si
2812 3850 2945 3904 nihil
2970 3849 3162 3904 habeat
3180 3849 3461 3905 dedecoris

1905 3938 2009 4008 55
2025 3954 2124 3994 nec
2138 3940 2530 3994 contaminatur
2545 3953 2609 3994 ex
2627 3955 2711 4001 eo,
2726 3941 2865 4009 quod
2881 3941 2947 3995 ad
2966 3929 3459 4009 multiplicationem

1904 4029 2169 4096 procedit,
2195 4038 2494 4098 reputatur,
2536 4039 2683 4084 recte
2717 4030 2888 4084 visum
2932 4043 3013 4085 est
3040 4044 3160 4085 eam
3192 4045 3462 4101 repugna-

1904 4135 1962 4174 re
1988 4137 2003 4173 :
2031 4120 2479 4188 quemadmodum
2536 4128 2591 4174 et
2639 4120 3021 4199 turpitudinem
3062 4136 3167 4175 non
3206 4122 3259 4175 in
3295 4138 3465 4191 angu-

1909 4212 2013 4263 lum
2043 4211 2365 4279 conjectam,
2394 4209 2487 4265 sed
2516 4210 2565 4263 in
2598 4210 2803 4266 adibus
2827 4209 3099 4274 diffusam,
3128 4211 3276 4266 nullo
3307 4211 3465 4266 modo

1907 4302 2295 4373 permittimus,
2344 4301 2437 4354 sed
2487 4316 2860 4370 repurgamus,
2899 4312 2953 4355 et
2984 4302 3122 4371 quod
3179 4303 3463 4357 molestum

1909 4403 1991 4447 est
2042 4401 2095 4446 ct
2132 4393 2444 4447 indecorum
2487 4392 2555 4445 ab
2583 4406 2649 4446 eo
2680 4391 2949 4460 rejicimu’s
2971 4410 2985 4457 ;
3010 4403 3065 4446 et
3098 4395 3341 4447 humanae
3370 4408 3463 4447 ce-

236 4473 405 4542 λομεν
430 4490 443 4504 ·
480 4479 571 4524 καὶ
609 4475 671 4542 τῇ
714 4474 1028 4542 ἀνθρωπίνῃ
1064 4472 1479 4531 συνυπείκοντες
1522 4469 1800 4537 ἀσθενείᾳ,

1912 4482 2101 4535 dentes
2138 4480 2413 4544 inﬁrmati,
2442 4480 2740 4533 honestatis
2767 4488 2943 4532 autem
2981 4478 3301 4533 Christiana:
3341 4478 3462 4531 vitae

234 4566 331 4619 καὶ
364 4565 459 4633 τῆς
486 4564 798 4634 πρεπούσης
826 4564 1238 4632 εὐσχημοσύνης
1263 4561 1514 4630 φροντίδα
1543 4560 1803 4627 ποιούμε-

236 4674 322 4710 νοι
356 4660 421 4727 τῇ
482 4658 838 4727 Χριστιανικῇ
903 4658 1036 4724 ζωῇ,
1091 4655 1248 4708 τοῦτο
1300 4656 1391 4707 ἐπὶ
1452 4655 1559 4706 τῶν
1604 4654 1807 4723 τρίτων

235 4751 433 4818 γάμων
485 4748 997 4817 παραφυλάττεσθαι
1034 4749 1357 4817 διορίζομεν.
1414 4747 1600 4812 Ὥστε,
1652 4748 1705 4798 εἷ
1727 4763 1809 4808 τις

241 4840 381 4910 πρὸς
447 4840 881 4910 τεσσαρακοστὸν
926 4840 1044 4901 ἔτος
1092 4837 1482 4907 ἀναϐεϐηκὼς,
1530 4842 1622 4891 καὶ
1670 4840 1806 4907 μήτε

238 4933 340 5002 τὴν
382 4930 539 5000 φύσιν
575 4932 907 5000 αἰδούμενος,
943 4934 1080 5000 μήτε
1133 4932 1231 4998 τῆς
1276 4931 1628 4999 ὀφειλομένης
1675 4929 1809 4996 Χρι-

247 5029 484 5086 στιανοῑς
518 5026 789 5094 εὐκόσμου
820 5025 964 5094 ζωῆς
1003 5026 1262 5095 φροντίδα
1297 5024 1640 5091 ποιούμενος,
1672 5022 1808 5074 ἀλλὰ

245 5116 414 5186 μόνης
451 5116 547 5183 τῆς
609 5115 890 5185 ὲμπαθοῦς
940 5116 1234 5183 ἐπιθυμίας
1301 5116 1617 5182 γινόμενος,
1671 5114 1806 5182 πρὸς

236 5209 420 5278 τρίτον
454 5208 644 5260 ἑαυτὸν
680 5207 993 5277 ἑπτρῤἱπτει
1024 5206 1219 5275 γάμον,
1244 5205 1430 5258 τοῦτον
1458 5204 1596 5274 μετά
1630 5206 1808 5273 πάσης

241 5300 529 5369 ἀκριϐείας
586 5301 680 5352 καὶ
754 5300 1192 5369 παρατηρήσεως
1252 5299 1413 5367 μέχρι
1485 5296 1807 5356 πενταετίας

240 5394 509 5462 ἀμέτοχον
540 5386 677 5444 εἶναι
712 5392 812 5460 τῆς
846 5391 937 5443 τοῦ
969 5389 1241 5457 ἀγιασμοῦ
1292 5388 1647 5458 μεταλήψεως
1669 5404 1683 5420 υ
1714 5386 1808 5439 καὶ

244 5483 510 5553 μηδαμῶς
543 5482 629 5534 ἐπ’
678 5481 826 5548 αὐτῷ
874 5481 1267 5549 συντέμνεσθαι
1328 5479 1415 5531 τὸν
1464 5481 1673 5548 χρόνον.
1710 5480 1809 5538 Ὃς

242 5576 351 5642 γὰρ
390 5574 529 5640 μετά
586 5572 1019 5639 τεσσαρακοστὸν
1068 5571 1186 5632 ἔτος
1222 5571 1280 5622 τὸ
1328 5571 1593 5640 ρύπασμα
1632 5572 1687 5621 ἐν
1739 5572 1805 5638 τῇ

244 5665 335 5717 τοῦ
371 5663 609 5732 Χριστοῦ
660 5662 957 5732 Ἐκκλησία
1005 5658 1145 5714 εἶναι
1178 5663 1210 5733 ἢ
1238 5662 1495 5725 λέγεσθαι
1526 5662 1806 5730 ἠγάπησε,

244 5756 363 5811 τίνα
401 5755 623 5827 παρέξει
667 5753 1038 5825 πληροφορίαν
1083 5753 1179 5822 τῆς
1210 5755 1337 5821 περὶ
1374 5753 1464 5804 τὸν
1498 5751 1609 5820 βῖον
1642 5749 1805 5804 αὐτοῦ

1909 4571 2277 4625 convenientis
2315 4584 2495 4623 curam
2543 4576 2813 4635 gerentes,
2842 4567 2941 4621 hoc
2975 4566 3025 4619 in
3066 4567 3238 4620 tertiis
3270 4566 3467 4634 nuptiis

1906 4662 2227 4715 servandum
2254 4661 2563 4713 statuimus.
2605 4656 2675 4714 Ut
2698 4659 2743 4713 si
2780 4660 2925 4728 quis,
2971 4659 3058 4728 qni
3089 4674 3285 4710 annum
3330 4672 3464 4725 qua-

1907 4753 2265 4822 dragesimum
2296 4753 2604 4816 excesserit,
2650 4760 2705 4804 et
2750 4765 2847 4803 nec
2883 4759 3130 4802 naturam
3162 4750 3421 4803 reveritus
3443 4788 3458 4811 ,

1908 4860 2004 4896 nec
2037 4846 2276 4897 lmncsue
2303 4843 2445 4905 vitae,
2470 4855 2586 4908 quae
2607 4854 2635 4893 a
2662 4840 2985 4894 Christianis
3021 4840 3266 4901 debetur,
3301 4838 3464 4890 ullam

1907 4951 2101 4991 curam
2122 4951 2334 5005 gerens,
2365 4935 2457 4989 sed
2504 4934 2616 4990 sola
2665 4933 2903 4988 libidinis
2943 4932 3351 5017 perturbatione
3384 4931 3466 4983 vi-

1907 5038 2045 5093 ctus,
2101 5041 2159 5081 se
2209 5029 2260 5080 in
2314 5027 2529 5081 tertium
2587 5024 2985 5079 matrimonium
3043 5021 3362 5092 proiecerit,
3424 5020 3469 5072 is

1909 5131 2027 5170 cum
2057 5116 2200 5168 omni
2242 5116 2517 5184 diligentia
2562 5124 2617 5169 et
2646 5114 3024 5169 observatione
3072 5114 3145 5167 sit
3188 5125 3362 5180 usque
3404 5111 3468 5162 ad

1909 5206 2339 5275 quinquennium
2398 5205 2721 5259 sacramenti
2779 5202 3178 5258 communionis
3248 5201 3469 5253 minium

1911 5296 2198 5364 particeps,
2232 5306 2282 5348 et
2313 5310 2409 5349 nec
2454 5295 2553 5349 hoc
2591 5305 2795 5363 tempus
2840 5293 2915 5347 illi
2957 5292 3329 5347 contrahatur.
3366 5289 3467 5353 Qui

1908 5386 2049 5441 enim
2092 5394 2211 5454 post
2252 5401 2451 5440 annum
2500 5385 2970 5455 quadragesimum
3012 5384 3065 5436 in
3111 5380 3308 5436 Christi
3367 5378 3468 5431 Ec-

1908 5477 2071 5531 clesia
2107 5490 2226 5530 esse
2262 5476 2345 5531 vel
2391 5476 2496 5530 dici
2521 5476 2743 5539 amavit,
2777 5473 2918 5544 quod
2950 5472 3187 5527 melioris
3221 5470 3342 5521 vita:
3378 5480 3469 5519 ar-

1911 5575 2222 5636 gumentum
2264 5566 2553 5635 praebebit,
2604 5574 2824 5635 propter
2860 5565 3003 5633 quod
3034 5571 3246 5630 tempus
3285 5570 3473 5612 sacra-

1912 5666 2210 5711 mentorum
2228 5655 2648 5725 participationis
2664 5654 2712 5709 ci
2735 5650 3108 5708 contrahatur?
3129 5647 3231 5702 Sed
3254 5654 3306 5700 et
3330 5652 3471 5714 post-

1910 5764 2069 5819 quam
2089 5747 2365 5819 impolluta
2388 5745 2797 5817 participatione
2823 5745 3013 5813 dignus
3049 5740 3264 5795 habitus
3287 5733 3474 5798 fuerit,
