4124 6448
663 353 764 414 599
1911 357 2185 417 TIIEOD.
2231 356 2456 416 BALSA
2469 359 2624 418 ΝΙοΝ
3800 350 3892 410 600

659 487 764 524 non
803 469 902 524 erit
947 471 992 523 ei
1037 470 1351 540 permissum
1397 470 1448 523 io
1498 471 1600 524 alio
1641 481 1879 540 tempore
1925 472 1989 524 ad
2016 473 2218 541 particin

2336 479 2608 547 σπουδῆς,
2663 481 2728 532 δι’
2783 477 2847 547 ἦν
2892 478 2918 528 ὀ
2973 475 3161 546 χρόνος
3215 474 3309 542 τῆς
3366 471 3728 542 ξπεταλή-ξιῖως
3792 471 3887 519 τῶν

660 566 924 631 nationem
970 565 1262 628 accedere,
1297 580 1457 633 quam
1513 567 1562 618 in
1611 565 1719 619 sola
1764 564 1986 618 Saltllari
2020 564 2222 618 Christi

659 664 712 707 et
769 653 978 708 Domini
1031 655 1196 707 nostri
1257 655 1677 718 resurrectione,
1713 665 1930 723 promer
1969 669 2223 722 repurga-

662 746 897 811 tionem,
947 755 1003 798 ιιι
1051 745 1304 814 possibile
1353 757 1464 808 est,
1514 760 1576 798 ex
1620 748 1953 814 praecedente
1995 745 2226 812 jejunio;

661 851 778 887 rum
799 835 1144 888 abstinentia.
1169 835 1290 890 [late
1307 845 1480 890 autem
1501 837 1748 899 dicimu,
1772 838 1984 906 quando
2005 837 2224 905 exiprio-

663 925 808 977 ribus
831 925 1188 979 matrimoniis
1213 941 1314 979 non
1337 925 1536 980 fuerint
1562 926 1710 980 liberi
1744 928 1940 994 lis,'qui
1975 937 2090 994 post
2123 943 2219 980 au-

663 1028 789 1064 num
821 1014 1294 1083 quadragesimum
1320 1017 1531 1071 tertiam
1563 1031 1789 1070 uxorem
1822 1018 2019 1071 dueere
2045 1017 2222 1070 volue-

662 1103 810 1155 rint:
855 1117 976 1154 nam
1028 1104 1073 1156 si
1127 1105 1328 1158 liberos
1378 1105 1684 1170 habuerint,
1743 1107 1820 1160 eis
1865 1107 2008 1160 nullo
2062 1107 2220 1160 modo

660 1194 875 1246 tertium
910 1194 1240 1261 permittitur
1284 1198 1712 1250 matrimonium.
1757 1197 1851 1251 Est
1887 1200 2030 1251 enim
2069 1199 2221 1252 valde

659 1287 897 1356 iniquum
917 1289 1302 1357 intempestiva:
1321 1291 1525 1344 libidini
1547 1291 1838 1361 indulgere,
1865 1293 2100 1360 priorum
2127 1306 2222 1342 au-

656 1387 761 1430 tem
813 1381 1270 1434 matrimOniorum
1297 1382 1482 1436 liheris
1523 1398 1627 1436 non
1653 1383 1962 1450 prospicere
1986 1424 1998 1444 ,
2035 1392 2088 1434 ut
2115 1382 2222 1435 sint

658 1471 853 1534 securi,
889 1480 940 1524 et
970 1486 996 1522 a
1025 1470 1268 1525 molestia
1309 1483 1361 1525 et
1392 1474 1794 1542 perturbatione
1842 1475 2055 1532 remoti.
2091 1483 2145 1526 et
2190 1488 2217 1525 a

659 1560 900 1628 reliquis,
935 1577 1055 1628 quae
1087 1563 1259 1617 solent
1287 1565 1504 1618 evenire
1535 1564 1843 1619 hominibus
1885 1579 1948 1617 ex
1987 1564 2217 1617 ﬁliorum

659 1652 947 1705 multorum
989 1654 1348 1721 susceptione.
1381 1653 1530 1719 Quod
1571 1655 1612 1708 si
1658 1654 1774 1722 quis
1804 1653 2019 1721 triginta
2052 1668 2220 1706 annos

659 1748 837 1806 natus,
879 1749 930 1794 et
955 1758 1017 1795 ex
1050 1744 1321 1812 prioribus
1355 1746 1709 1798 matrimoniis
1754 1745 1954 1798 habens
2000 1744 2217 1806 liberos,

658 1834 832 1886 tertia:
870 1833 1083 1888 mul'eri
1129 1833 1449 1901 coniunctus
1483 1835 1663 1894 fuerit,
1717 1838 1760 1888 is
1803 1851 2042 1904 quoque,
2076 1836 2216 1888 nulla

657 1924 703 1976 ei
739 1925 890 1976 venia
927 1927 1070 1987 data,
1113 1927 1178 1979 ad
1203 1938 1452 1994 quartum
1500 1942 1668 1995 usque
1714 1942 1909 1978 annum
1977 1941 2220 1978 commu-

659 2017 834 2069 nionis
863 2027 1324 2070 sacramentorum
1371 2019 1440 2069 sit
1483 2033 1695 2086 expers,
1722 2019 1844 2086 quia
1874 2017 2216 2070 manifestum

657 2115 740 2158 est
785 2121 903 2159 eum
957 2106 1069 2160 sola
1119 2106 1528 2174 intemperantia
1565 2118 1802 2168 motuin,
1855 2118 1909 2160 et
1962 2109 2102 2175 quod
2151 2108 2220 2161 sit

658 2197 890 2250 carnalis
928 2197 1170 2250 libidinis
1215 2214 1428 2260 servus,
1468 2199 1530 2252 ad
1576 2199 1673 2252 hoc
1709 2215 1768 2252 se
1816 2201 2216 2253 matrimonium

659 2286 904 2340 conferre
938 2303 950 2340 :
987 2297 1038 2341 et
1078 2296 1360 2356 postquam
1383 2289 1544 2342 etiam
1577 2299 2038 2342 sacramentorum
2066 2289 2222 2355 parti-

658 2377 984 2446 cipationem
1033 2389 1309 2434 assecutus
1347 2389 1448 2442 est,
1477 2389 1554 2433 ter
1579 2389 1782 2433 tantum
1826 2381 1876 2433 in
1915 2395 2056 2433 anno
2085 2381 2218 2432 frui-

661 2469 802 2522 tione
853 2468 1047 2538 dignus
1087 2469 1400 2525 habebitur:
1441 2471 1605 2523 semel
1639 2471 1851 2538 quidem
1898 2473 1946 2524 iu
1995 2472 2216 2526 salutari

658 2558 855 2612 tlhristi
883 2569 937 2612 et
971 2558 1178 2612 Domini
1210 2561 1376 2614 nostri
1409 2561 1804 2614 resurrectione
1830 2578 1844 2626 ;
1874 2562 2108 2615 secundo
2128 2577 2219 2611 au-

661 2657 766 2701 tem
822 2649 874 2701 in
929 2651 1248 2704 dormitione
1303 2651 1657 2704 iromaeulatre
1722 2650 1961 2704 Domiuzr.
2026 2661 2220 2706 nostra:

663 2735 938 2804 Deiparaa:
989 2746 1042 2790 et
1085 2738 1240 2792 tertio
1288 2738 1339 2790 in
1373 2739 1532 2792 natali
1563 2737 1764 2792 Christi
1823 2748 1876 2792 et
1906 2739 1996 2792 Dei
2025 2739 2216 2801 nostri,

657 2829 796 2893 quod
824 2827 876 2880 in
913 2827 995 2882 his
1027 2833 1285 2897 praecedat
1321 2829 1607 2898 jejunium,
1632 2839 1685 2885 et
1719 2829 1834 2899 ejus
1861 2830 2061 2883 utilitas
2091 2849 2102 2883 :
2134 2829 2214 2883 sin

657 2925 834 2971 autem
871 2935 974 2972 non
1003 2921 1278 2987 supersint
1320 2921 1507 2983 liberi,
1554 2921 1678 2988 quia
1709 2919 2000 2974 liherorurn
2035 2935 2220 2975 susce-

656 3012 890 3077 ptionem
919 3011 1225 3067 desiderare
1285 3027 1389 3066 non
1433 3024 1515 3068 est
1560 3013 1831 3080 indignum
1866 3015 2053 3079 venia;
2092 3023 2216 3067 tunc

658 3102 762 3155 tale
790 3102 1190 3156 matrimonium
1223 3105 1376 3157 venia
1409 3102 1628 3173 dignum
1650 3103 1999 3172 judicabitur,
2031 3105 2213 3158 etsola

655 3209 716 3244 ea
763 3209 944 3262 pmua,
978 3209 1096 3258 quae
1141 3195 1207 3249 ab
1243 3195 1397 3249 initio
1440 3206 1492 3249 et
1541 3197 1816 3261 hucusque
1866 3204 2077 3253 servata
2113 3204 2214 3258 est,

655 3285 956 3342 Sanabitur.
996 3284 1120 3340 llaec
1153 3287 1313 3340 etiam
1351 3287 1414 3340 de
1445 3286 1601 3340 tertio
1633 3287 2002 3339 matrimonio.
2039 3285 2219 3352 Atque

657 3393 752 3431 nec
774 3376 1069 3431 secundum
1093 3417 1107 3441 ,
1173 3393 1270 3432 nec
1301 3379 1533 3444 primum
1567 3377 1767 3446 absque
1815 3379 2066 3431 cautione
2094 3379 2216 3430 data

658 3467 1030 3535 relinquimus,
1067 3468 1156 3520 sed
1195 3477 1248 3521 et
1291 3469 1378 3521 illa
1416 3468 1494 3522 sic
1528 3468 1774 3522 contrahi
1808 3467 2116 3530 statuimus,
2164 3475 2221 3518 ut

658 3556 855 3610 nullam
903 3556 1097 3609 malam
1147 3569 1359 3608 causam
1397 3555 1648 3617 habeant,
1688 3554 1768 3608 vel
1800 3569 1863 3607 ex
1909 3562 2087 3622 raptu,
2138 3554 2218 3606 vel

656 3660 720 3698 ex
754 3645 1090 3710 praecedente
1112 3643 1448 3698 clandestino
1479 3643 1799 3705 concubitu;
1827 3643 1917 3697 sed
1954 3644 2216 3713 legitime,

655 3747 708 3789 et
741 3737 808 3792 ab
841 3736 925 3796 iis.
957 3736 1049 3805 qui
1085 3736 1147 3787 ah
1175 3735 1434 3803 ejusmodi
1461 3736 1878 3803 inquinamentis
1905 3745 1958 3788 et
1984 3734 2221 3788 fornica-

660 3827 795 3882 toria
836 3827 1144 3895 impuritate
1174 3827 1358 3880 mundi
1385 3838 1526 3880 sunt.
1551 3826 1606 3878 Si
1627 3826 1747 3893 quis
1773 3841 1921 3893 ergo,
1955 3825 2220 3892 prmdirtis

657 3917 1137 3971 constitutionibus
1181 3916 1461 3984 neglectis,
1508 3917 1572 3969 ad
1622 3917 1950 3970 matrimonii
1995 3931 2219 3969 censue-

661 4007 896 4060 tudinem
945 4008 1173 4076 primam
1229 4008 1312 4060 vel
1357 4007 1644 4062 secundam
1693 4008 2049 4075 processerit,
2097 4021 2216 4060 eum

658 4097 860 4151 Christi
893 4097 1156 4154 Ecclesia.
1190 4111 1308 4164 qum
1339 4106 1424 4150 est
1459 4111 1611 4164 pura,
1643 4095 1982 4148 immaculata
2013 4107 2064 4149 et
2105 4097 2221 4149 sine

660 4203 791 4255 ruga
827 4227 840 4251 ,
903 4186 1234 4240 salutaribus
1279 4187 1767 4243 examinationihus
1811 4186 2066 4254 subjicit,
2123 4203 2220 4239 nec

658 4279 806 4345 prius
849 4277 913 4328 ad
962 4276 1267 4329 divinorum
1327 4276 1706 4344 mysteriorum
1754 4275 2217 4343 participationem

655 4366 937 4423 admittet.
985 4379 1148 4432 quam
1195 4373 1406 4432 tempus
1458 4364 1508 4415 in
1541 4362 1896 4416 fornicatione
1942 4363 2218 4415 deﬁnitum

2329 580 2689 645 ἀγιασμάτων
2715 575 2861 644 αύτῷ
2904 574 3385 643 συντμηθήσεται;
3434 569 3596 621 ’Λλλὰ
3625 569 3717 620 καὶ
3763 569 3888 633 μετὰ

2326 675 2386 726 τὸ
2414 673 2712 737 ἀξιωθῆναι
2751 672 2846 738 τῆς
2897 670 3167 737 ἀκράντου
3213 663 3578 732 μεταλήψεως
3613 661 3716 714 οὐκ
3747 661 3888 710 ἔσται

2327 766 2822 834 συγκεχωρημένον
2863 764 3012 829 αὐτῷ
3048 763 3102 813 ὲν
3125 759 3267 828 ἄλλῳ
3297 757 3474 824 καιρῷ
3497 759 3559 822 τῇ
3597 751 3888 820 pascha-$21.

2326 860 2611 926 προσιέναι
2671 858 2701 925 ἦ
2762 859 2820 907 ἐν
2890 855 3024 923 μόνη
3075 856 3137 917 τῇ
3201 850 3451 919 σωτηρίῳ
3516 847 3613 899 τοῦ
3663 843 3886 912 Χριστοῦ

2326 956 2419 1005 καὶ
2451 952 2584 1003 Θεοῦ
2619 950 2777 1018 ἡμῶν
2815 948 3108 1001 ἀναστάσει
3139 944 3224 998 διὶ
3261 944 3358 1012 τὴν
3388 943 3449 992 ὲκ
3475 942 3574 1006 τῆς
3615 955 3881 1006 προηγου-

2326 1047 2492 1113 μένης
2526 1041 2851 1108 ἐγκρατείας
2885 1039 2994 1090 τῶν
3030 1034 3316 1102 νηστειῶν.
3351 1032 3424 1092 ὡς
3475 1031 3727 1086 sum»),
3762 1029 3886 1078 dvr-

2323 1137 2608 1201 κάθαρσιν.
2658 1133 2842 1184 Ταῦτα
2883 1130 2938 1183 δέ
2997 1146 3197 1196 φαμεν.
3243 1127 3370 1177 ὅταν
3419 1124 3493 1191 μὴ
3539 1124 3709 1174 τέκνα
3748 1122 3885 1186 πλαοῇ

2322 1231 2385 1280 ἐκ
2411 1227 2520 1278 τῶν
2555 1226 2836 1294 προτέρων
2872 1224 3066 1290 γάμων
3123 1225 3233 1281 τοῖς
3270 1222 3366 1288 ἥδη
3414 1218 3551 1285 μετὰ
3586 1215 3646 1266 τὸ
3699 1230 3889 1265 131:1-

2328 1322 2590 1388 ρακοστὸν
2635 1319 2751 1380 ἔτος
2797 1318 2988 1385 τρίτην
3044 1315 3276 1382 ἄγεσθαι
3334 1311 3749 1381 προῃρημένοις
3794 1324 3886 1371 γυ-

2322 1417 2517 1466 ναῖκα’
2554 1411 2697 1473 ἐπεὶ,
2733 1411 2827 1462 ἐὰν
2858 1407 3021 1462 τέκνα
3060 1409 3232 1474 παρῇ.
3269 1404 3659 1470 ἁσυγχὼρητος
3711 1400 3886 1459 αὐτοῖς

2323 1509 2354 1565 ἠ
2388 1505 2678 1574 τριγαμία.
2730 1504 2864 1556 Δίαν
2922 1501 3030 1570 γάρ
3080 1503 3196 1553 ἐστι
3250 1498 3432 1552 ἄδικον
3477 1496 3569 1547 τὸν
3615 1496 3714 1561 μὲν
3745 1493 3888 1561 χαοίο

2322 1601 2509 1662 ζεαθαι
2541 1601 2604 1666 τῇ
2640 1597 2826 1666 ἐξώρῳ
2860 1595 3148 1663 ἐπιθυμία.
3191 1596 3303 1652 τοῖς
3334 1591 3390 1644 δὲ
3423 1591 3578 1642 παισῖ
3612 1590 3724 1639 τῖ’-ν
3758 1605 3887 1652 προσ

2323 1694 2494 1760 τέρων
2523 1691 2715 1758 γάμων
2751 1688 2826 1756 μὴ
2861 1687 3204 1755 προνοεῖσθαι
3238 1686 3296 1736 τὸ
3342 1683 3579 1747 ἀσφαλὲς
3627 1683 3722 1733 καὶ
3768 1681 3890 1732 ἄλυ-

2255 1806 2294 1862 B
2327 1800 2425 1834 πον
2473 1783 2566 1834 καὶ
2602 1782 2899 1848 ἀτάραχον,
2931 1781 3022 1832 καὶ
3070 1781 3170 1832 ὅσα
3227 1779 3285 1830 τὸ
3335 1777 3681 1844 ἀνθρώπινον
3729 1791 3890 1824 7.1::-

2324 1874 2592 1942 >αμϐἀνει
2632 1875 2694 1925 ἐκ
2748 1872 2847 1939 τῆς
2895 1871 3239 1939 πολυσπόρου
3300 1869 3637 1920 τεκνώσεως.
3689 1865 3796 1916 Καὶ
3843 1863 3892 1912 εἴ

2324 1981 2407 2024 τις
2439 1964 2492 2017 δὲ
2531 1962 2962 2030 τριακονταετὴς
3017 1960 3114 2021 ὢν,
3167 1959 3260 2010 καὶ
3313 1959 3478 2008 τέκνα
3513 1957 3652 2023 ἔχων
3682 1955 3744 2005 ἐκ
3784 1952 3888 2003 τῶν

2327 2057 2712 2126 προλαϐόντων
2769 2056 2983 2121 γάμων,
3034 2053 3194 2121 τρίτῃ
3251 2051 3470 2114 γυναικὶ
3528 2049 3886 2103 συναπτοιτο,

2325 2153 2416 2202 καὶ
2444 2143 2598 2209 οὗτος
2643 2145 3032 2215 ἀσυγχνῦρητος
3073 2145 3235 2211 μέχρι
3285 2143 3545 2207 τετάρτου
3590 2139 3743 2189 ἔτους
3791 2136 3887 2200 τῆς

2323 2238 2607 2298 κοινωνίας
2655 2239 2763 2290 τῶν
2815 2236 3172 2303 ἀγιασμάτων
3214 2233 3479 2300 ἀμέτοχος
3525 2229 3679 2280 ἔσται
3709 2244 3723 2258 ·
3760 2226 3886 2277 διότι

2323 2331 2482 2396 δῆλός
2517 2333 2664 2382 ἐστιν
2709 2330 2765 2392 ἐξ
2805 2329 3019 2387 οὐδενὸς
3045 2327 3232 2394 ἐτέρου
3267 2323 3382 2375 ἀλλ’
3415 2322 3445 2389 ἢ
3477 2319 3582 2372 ὑπὸ
3618 2317 3887 2385 ἀκρασίας

2323 2423 2662 2491 κινούμενος,
2697 2422 2788 2474 καὶ
2823 2417 2917 2472 τοῦ
2968 2417 3152 2470 δοῦλον
3189 2411 3329 2468 εἶναι
3377 2412 3648 2482 σαρκικῆς
3701 2409 3886 2460 ἐπιθυ-

2327 2517 2452 2584 μίας
2483 2515 2575 2566 ἐπὶ
2620 2513 2710 2565 τὸν
2755 2511 2990 2564 τοιοῦτον
3039 2508 3215 2574 γάμον
3259 2504 3430 2558 ἐλθεῖν
3489 2502 3598 2552 Καὶ
3645 2499 3784 2567 μετά
3833 2498 3888 2548 τὸ

2321 2609 2505 2675 τυχεῖν
2539 2607 2593 2658 δὲ
2629 2606 2726 2673 τῆς
2757 2601 3111 2672 μεταλήψεως
3144 2599 3249 2651 τῶν
3279 2594 3614 2663 μυστηρίων,
3643 2595 3764 2658 τρὶς
3798 2589 3885 2640 τοῦ

2323 2695 2566 2750 ἐνιαυτοῦ
2597 2695 2759 2762 μόνου
2808 2691 3174 2760 ἀξιωθήσεται
3208 2687 3307 2755 τῆς
3342 2682 3715 2742 ἀπολαύσεως,
3747 2677 3888 2739 ἅπαξ

2325 2790 2423 2857 μὲν
2469 2790 2528 2841 ἐν
2580 2790 2645 2858 τῇ
2695 2785 2949 2853 σωτηρίῳ
2998 2781 3094 2835 τοῦ
3146 2778 3385 2849 Χριστοῦ
3420 2777 3516 2828 καὶ
3567 2772 3703 2826 Θεοῦ
3737 2772 3888 2840 ἡμῶν

2321 2880 2639 2942 ἀναστάσει,
2665 2878 2917 2947 δεύτερον
2939 2876 2994 2929 δὲ
3023 2877 3081 2928 ἐν
3110 2876 3176 2942 τῇ
3212 2872 3467 2941 κοιμήσει
3500 2871 3599 2937 τῆς
3622 2868 3887 2936 ἀκράντου

2320 2973 2605 3042 δεσποίνης
2633 2973 2794 3040 ἡμῶν
2820 2969 3106 3024 Θεοτόκου.
3131 2967 3224 3018 καὶ
3253 2964 3436 3030 τρίτον
3463 2963 3521 3013 ἐν
3547 2963 3610 3027 τῇ
3637 2957 3888 3026 γενεθλίῳ

2323 3067 2505 3135 ἡμέρᾳ
2533 3064 2626 3116 τοῦ
2657 3061 2892 3131 Χριστοῦ
2944 3062 3039 3114 καὶ
3081 3059 3214 3112 Θεοῦ
3262 3056 3440 3126 ἡμῶν,
3474 3055 3560 3107 διὰ
3593 3052 3653 3104 τὸ
3694 3053 3786 3103 καὶ
3833 3052 3887 3100 ἐν

2245 3139 2286 3197 C
2326 3159 2548 3219 ταύταις
2589 3154 2951 3224 προηγεῖσθαι
3003 3151 3282 3221 νηστείαν.
3318 3148 3411 3200 καὶ
3468 3145 3528 3198 τὸ
3585 3147 3645 3196 ἐκ
3691 3143 3891 3210 ταύτης

2323 3251 2533 3318 δφελος.
2573 3250 2636 3303 Ei
2667 3249 2722 3302 δὲ
2756 3248 2940 3308 παῖδες
2978 3245 3050 3314 μὴ
3077 3243 3366 3310 περίεισιν,
3402 3237 3592 3307 ἐπειδὴ
3622 3236 3681 3289 τὸ
3711 3251 3892 3285 τεκνοο

2323 3342 2506 3409 γονίας
2551 3341 2837 3407 ἐπιθυμεῖν
2879 3339 2980 3390 οὐκ
3017 3334 3438 3400 ἀσύγγνωστον,
3493 3330 3554 3381 τὸ
3595 3326 3891 3394 τηνικαῦτα

2325 3434 2658 3502 συγγνώμης
2706 3431 3071 3498 ἀξιωθήσεται
3132 3429 3159 3479 ὁ
3215 3423 3457 3486 τοιοῦτος
3513 3423 3736 3488 γάμος,
3803 3416 3892 3469 καὶ

2325 3527 2470 3594 μόνῳ
2506 3527 2584 3594 τῷ
2631 3523 2866 3592 ἐξαρχῆς
2907 3521 2999 3574 καὶ
3052 3519 3212 3588 μέχρι
3262 3517 3356 3570 τοῦ
3408 3515 3504 3567 νῦν
3553 3516 3892 3581 κρατήσαντι

2323 3617 2584 3684 ἐπιτιμίῳ
2655 3613 3145 3683 θεραπευθήσεται.
3209 3609 3394 3661 Ταῦτα
3455 3607 3551 3674 μὲν
3616 3604 3712 3655 καὶ
3771 3603 3892 3669 περὶ

2322 3706 2504 3775 τρίτου
2535 3708 2736 3773 γάμου.
2772 3703 2846 3755 Οὐ
2888 3703 2993 3770 μὴν
3042 3701 3162 3753 οὐδὲ
3209 3698 3299 3750 τὸν
3340 3696 3614 3763 δεύτερον,
3651 3693 3774 3744 οὐδὲ
3808 3691 3893 3741 τὸν

2327 3800 2539 3866 πρῶτον
2587 3798 2744 3856 tua;
2790 3794 3091 3862 ἀσφαλείας
3140 3792 3359 3858 ἐῶμενο
3409 3787 3549 3842 ἀλλά
3604 3786 3892 3843 κάκείνους

2325 3891 2575 3961 ὁρίζομεν
2628 3890 2770 3941 οὕτω
2823 3885 3195 3945 συνίστασθαι,
3231 3883 3371 3936 ὥστε
3431 3879 3704 3948 μηδεμίαν
3751 3878 3889 3943 ἔχειν

2329 3982 2569 4050 πονηρὰν
2603 3979 2839 4047 αἱτίανῆ
2881 3976 2941 4041 ἐξ
2971 3977 3227 4045 ἁρπαγῆς
3261 3973 3293 4042 ἢ
3330 3975 3388 4038 ἐξ
3431 3969 3893 4038 προηγησαμένης

2325 4073 2582 4140 λαθραίου
2618 4072 2845 4140 φθορᾶς,
2883 4068 3018 4122 ἀλλά
3045 4067 3292 4136 νομίμως
3326 4065 3420 4117 καὶ
3447 4061 3893 4131 καθαρῤευόντως

2323 4166 2430 4216 τῶν
2475 4164 2734 4215 τοιούτων
2795 4161 3156 4230 μολυσμάτων
3189 4158 3284 4210 καὶ
3345 4155 3610 4225 πορνικῆς
3655 4153 3895 4218 ἀκαθαρο

2324 4258 2466 4316 σίας.
2521 4255 2586 4306 Εί
2640 4271 2723 4316 τις
2785 4252 2900 4315 οῦν,
2950 4252 3060 4303 τῶν
3126 4249 3432 4319 εἰρημένων
3474 4247 3893 4315 καταφρονήσας

2325 4351 2533 4407 τύπων,
2570 4345 2706 4412 πρὸς
2749 4344 2993 4412 γαμικὴν
3021 4342 3236 4410 ὁμιλίαν
3271 4339 3496 4408 πρώτην
3545 4340 3575 4405 ἧ
3634 4337 3892 4405 δευτέραν

658 4455 829 4522 ipsum
877 4455 1159 4522 diligenter
1180 4451 1479 4519 explevisse
1508 4451 1749 4505 didicerit
1778 4452 1903 4518 (nisi
1949 4450 2086 4505 forte
2124 4468 2218 4504 Ile-

2329 4437 2582 4506 συνέλθῃ.
2621 4434 2808 4486 τοῦτον
2839 4436 2869 4504 ἡ
2898 4433 2991 4487 τοῦ
3021 4432 3260 4502 Χριστοῦ
3289 4426 3584 4494 Ἐκκλησία
3614 4428 3645 4496 ἡ
3681 4426 3891 4489 καθαρὰ

654 4545 924 4599 cessarius
946 4545 1095 4596 evita
1117 4556 1372 4598 excessus
1400 4541 1636 4609 urgeat),
1658 4542 1824 4594 donec
1842 4541 2042 4594 scilict't
2059 4543 2221 4608 septi-

657 4651 778 4689 mus
802 4649 971 4688 annus
993 4633 1292 4701 completus
1315 4632 1496 4686 fuerit.
1519 4631 1783 4687 Sacerdos
1806 4634 2100 4700 autem,qui
2127 4649 2191 4684 au
2211 4658 2223 4671 -

655 4741 748 4779 sus
767 4724 948 4787 fuerit,
968 4732 1158 4792 prazter
1178 4721 1227 4774 id
1247 4723 1388 4790 quod
1409 4730 1666 4775 statutum
1687 4730 1785 4782 est,
1813 4723 1987 4774 divina
2007 4722 2222 4788 partici-

657 4814 872 4880 pationc
911 4813 1141 4878 aliquem
1173 4811 1434 4881 ejusmodi
1461 4812 1690 4880 dignari,
1713 4812 1780 4867 de
1813 4811 2028 4881 pr0prio
2053 4813 2218 4877 gradu

657 4905 709 4956 in
736 4901 1030 4971 periculum
1052 4902 1262 4968 veniet;
1285 4916 1349 4956 eo
1366 4901 1631 4964 videlicet,
1664 4900 1752 4968 qui
1779 4909 1972 4969 prater
1990 4897 2217 4951 formam

657 4997 1036 5047 communiune
1065 4991 1262 5060 dignus
1301 4999 1383 5045 est
1413 4993 1649 5054 habitus,
1685 4993 1749 5044 ad
1779 4990 2218 5045 excommunica-

662 5086 862 5139 tionem
898 5085 1089 5142 iterum
1116 5085 1353 5149 redacto,
1385 5098 1556 5153 usque
1582 5085 1646 5137 ad
1682 5086 1894 5151 septimi
1922 5086 2044 5138 anni
2079 5099 2218 5137 com-

658 5175 1005 5243 plementum.
1060 5174 1164 5228 Sed
1215 5175 1329 5228 haec
1359 5175 1594 5243 quidem,
1625 5186 1681 5228 ut
1707 5186 1978 5229 ostensum
2018 5185 2120 5239 est,
2152 5175 2219 5226 ab

660 5267 726 5319 iis
751 5268 841 5334 qui
879 5267 1005 5319 olim
1051 5266 1404 5333 imperavere,
1455 5263 1596 5319 facta
1647 5276 1791 5318 sunt.
1839 5265 1993 5318 Nune
2037 5276 2213 5319 autem

658 5354 833 5409 Patris
864 5367 917 5410 et
947 5356 1064 5409 Filii
1098 5364 1151 5408 et
1172 5356 1354 5410 sanctis
1379 5355 1614 5424 Spiritus
1651 5356 1987 5424 beneplacito
2018 5368 2064 5410 et
2098 5375 2217 5424 gra-

659 5445 754 5506 tia,
786 5456 839 5500 et
865 5445 1168 5512 purissimis
1197 5445 1399 5514 Deique
1423 5445 1605 5501 Matris
1629 5445 1735 5516 56
1763 5457 1815 5499 et
1848 5448 2023 5515 magni
2057 5449 2215 5500 cade-

656 5535 756 5587 ειίς
781 5537 980 5589 militia:
1005 5535 1270 5605 Principis
1295 5538 1786 5600 intercessionibus,
1813 5551 1905 5590 eos
1936 5540 2023 5605 qui
2052 5553 2214 5590 noua—

655 5624 797 5688 ιςὶειιυ
821 5632 942 5675 aute
963 5625 1119 5677 annis
1143 5639 1238 5690 pro
1258 5639 1418 5679 causa
1441 5635 1495 5679 et
1517 5626 1801 5679 occasione
1828 5628 1973 5691 prius
1999 5637 2210 5678 ostensa

653 5713 860 5780 utirupti
887 5725 1038 5767 erant
1066 5716 1398 5779 sacerdotes,
1440 5722 1494 5771 c’t
1534 5717 1852 5778 monachos,
1881 5719 2150 5787 egregium
2182 5734 2208 5769 υ

2333 4531 2426 4582 καὶ
2462 4529 2662 4600 μηδένα
2698 4528 2884 4580 σπῖλον
2907 4527 3104 4596 ἔχουσα
3133 4525 3164 4593 ἢ
3197 4523 3405 4592 ῥυτίδα.
3444 4523 3558 4582 τοῖς
3606 4520 3894 4588 σωτηρίοις

2331 4621 2710 4675 ὑποϐάλλουσα
2787 4621 3082 4686 ἐτασμοῖς,
3142 4617 3201 4667 ού
3259 4615 3390 4684 πρὶν
3452 4615 3531 4674 είς
3597 4612 3895 4680 μετείληφεν

2330 4713 2686 4781 παραδέξεται
2719 4711 2825 4762 τῶν
2853 4709 3010 4760 θείων
3040 4704 3375 4777 μυστηρίων,
3405 4705 3432 4774 ἦ
3477 4703 3567 4756 τὸν
3594 4704 3894 4772 ὡρισμένον

2328 4805 2419 4854 ἐπὶ
2457 4805 2521 4869 τῇ
2558 4801 2780 4870 πορνείᾳ
2812 4799 3004 4866 χρόνον
3066 4797 3228 4863 μάθοι
3257 4857 3262 4864 ί
3289 4795 3534 4862 ἀκριϐῶς
3589 4794 3754 4846 αὑτὸν
3808 4794 3895 4842 ὲκ-

2328 4891 2614 4960 π>.ηρῶσαι
2641 4905 2654 4918 °
2693 4892 2740 4939 εἰ
2783 4889 2856 4956 μὴ
2895 4888 3000 4958 ἄρα
3038 4888 3071 4956 ὴ
3116 4886 3210 4937 τοῦ
3258 4884 3375 4952 βίου
3420 4883 3695 4948 ἀναγκαία
3739 4898 3895 4932 κατε-

2329 4984 2508 5050 πείγει
2555 4981 2924 5049 ἀναχώρησις.
2959 4979 3208 5031 τουτέστι
3242 4976 3434 5045 μέχρις
3465 4973 3531 5026 ἂν
3564 4973 3623 5024 τὸ
3667 4972 3894 5039 ἕϐδομον

2329 5074 2658 5142 ἐκπληρωθῇ
2707 5072 2845 5134 ἔτος.
2910 5071 2968 5122 '0
3011 5069 3067 5121 δὲ
3104 5067 3320 5134 τολμῶν
3366 5065 3544 5132 ἱερεὺς
3590 5063 3740 5130 παρᾶ
3806 5063 3893 5113 τὸν

2327 5163 2800 5233 διατετυπωμένον
2835 5163 2959 5232 ὅρον
2993 5158 3349 5226 μεταλήψεως
3403 5154 3556 5215 θείας
3601 5153 3723 5204 τινὰ
3771 5153 3891 5204 τοῦ·

2324 5276 2432 5310 των
2464 5256 2694 5320 ἀξιῶσαι
2745 5256 2875 5322 περὶ
2935 5255 3024 5306 τὸν
3083 5253 3213 5304 [διον
3269 5245 3608 5301 κινδυνεύσει
3660 5244 3888 5313 βαθμὸν,

2325 5347 2564 5414 δηλονότι
2595 5347 2687 5400 τοῦ
2723 5346 3045 5411 ἀξιωθέντος
3078 5345 3225 5407 παρὰ
3260 5342 3352 5392 τὸν
3392 5338 3702 5408 ὡρισμένον
3727 5335 3890 5388 τύπον

2326 5439 2419 5504 τῆς
2456 5437 2604 5500 θείας
2659 5439 2942 5498 κοινωνίας
2991 5435 3152 5486 πάλιν
3181 5434 3260 5492 είς
3291 5430 3352 5482 τὸ
3388 5428 3758 5495 ἀκοινώνητον
3796 5444 3888 5479 πε-

2326 5529 2679 5598 ριισταμένου
2757 5529 2918 5594 μέχρι
2986 5521 3438 5591 συμπληρώσεως
3507 5518 3603 5570 τοῦ
3665 5518 3887 5583 ἑϐδόμου

2324 5626 2496 5687 ἔτους.
2535 5626 2696 5677 Ἀλλὰ
2743 5623 2914 5676 ταῦτα
2978 5622 3096 5689 μὲν,
3149 5620 3223 5680 ὡς
3280 5618 3602 5688 δεδήλωται,
3634 5617 3742 5667 ὑπὸ
3789 5615 3887 5666 τῶν

2326 5718 2489 5769 πάλαι
2524 5716 2955 5787 βασιλευσάντων
3009 5712 3361 5781 ἐπράχθησαν
3388 5725 3401 5739 ·
3456 5709 3551 5761 νῦν
3611 5707 3666 5760 δὲ
3699 5710 3765 5776 τῇ
3800 5701 3883 5756 τοῦ
