4124 6460
238 392 346 456 601

1203 396 1285 457 IN
1317 398 1557 460 EPIST.
1595 400 1656 459 S.
1689 402 1979 463 BASILII
2008 404 2453 468 CANONICAM
2489 408 2539 474 Ι.

3374 419 3487 484 602

243 503 460 571 Πατρδς
513 504 607 559 καὶ
670 504 764 559 τοῦ
812 504 947 559 Υίοῦ
980 504 1070 559 καὶ
1124 509 1219 560 τοῦ
1265 510 1424 576 ἀγίου
1482 510 1796 581 Πνεύματος

1906 510 2018 566 Deo
2042 526 2420 569 coronatorum
2446 517 2833 586 imperatorum
2875 532 3177 579 nostrorum
3199 565 3215 586 ,
3245 524 3478 583 Romani

241 593 463 665 εὐδοκία
517 598 609 649 καὶ
664 597 869 668 χάριτι,
922 599 1015 650 καὶ
1068 601 1185 663 ταῖς
1240 601 1338 668 τῆς
1393 603 1661 670 παναγίου
1714 603 1807 655 καὶ

240 686 592 756 Θεομήτορος
640 688 854 741 καὶτοῦ
899 691 1137 759 μεγάλου
1182 692 1623 761 ἀρχιστρατήγου
1677 711 1810 763 πρε-

243 777 475 842 σϐείαις,
518 780 645 843 τοὺς
690 780 788 850 ἤδη
815 780 922 849 πρὸ
981 782 1307 850 ἐνενήκοντα
1361 782 1571 853 χρόνων
1620 785 1831 838 ἕνεκεν»

239 865 343 934 τῆς
390 867 830 938 προδηλωοείσης
876 870 1061 933 αίτίας
1104 871 1198 922 καὶ
1250 870 1505 940 ἀφορμῆς
1554 874 1805 944 ἀπορρα-

238 956 439 1023 γέντας
480 960 648 1029 lapsi;
678 963 770 1013 καὶ
808 962 1203 1030 μονάζονταςή
1243 963 1502 1033 παγκάλη
1550 964 1802 1032 βασιλεία

238 1047 351 1100 τῶν
381 1050 683 1119 οιοστεφῶν
711 1051 977 1121 βασιλέων
1008 1055 1038 1120 ἡ
1050 1052 1166 1121 μῶν
1202 1054 1486 1122 Ῥωμανοῦ
1520 1057 1614 1107 καὶ
1645 1057 1800 1109 Κων-

242 1140 521 1194 σταντίνου
555 1143 761 1211 συνῆψὲ
812 1160 868 1195 τε
911 1146 1001 1196 καὶ
1051 1146 1346 1213 συνήνωσε,
1398 1147 1489 1198 καί⁵
1539 1145 1670 1212 μίαν
1704 1164 1798 1199 κα-

1918 612 1974 656 et
2002 607 2340 659 Constantini
2375 608 2662 675 imperium
2690 612 2963 680 conjunxit
2997 624 3049 668 et
3083 615 3251 679 uniit,
3282 635 3477 673 unam-

1916 708 2021 762 que
2073 695 2200 750 fecit
2247 698 2566 753 catholicam
2625 712 2678 754 et
2728 706 3075 771 apostolicam
3141 708 3473 767 Eeclesiam:

1918 785 2060 839 nnde
2085 787 2275 842 merito
2309 799 2434 843 sunt
2468 793 2792 859 prmdicandi
2826 806 2879 849 et
2905 796 3186 862 laudandi,
3232 800 3321 869 qui
3369 811 3477 856 tam

1915 878 2062 944 pium
2090 894 2224 947 opus
2262 889 2314 934 et
2351 892 2454 934 tam
2487 884 2704 952 dignum
2741 888 3153 956 compleveriut.
3209 892 3342 946 Cum
3384 910 3482 948 eao

1915 982 2017 1021 non
2072 982 2123 1023 et
2158 973 2360 1026 novella
2388 973 2502 1027 hare
2546 977 2833 1029 Statueriut
2860 1016 2875 1037 ,
2927 978 3162 1034 Ecclesia
3202 982 3480 1050 hucusque

1913 1061 2111 1113 nostris
2152 1064 2480 1130 temporibus
2532 1067 2745 1120 tertium
2772 1067 3173 1125 matrimonium
3210 1072 3325 1126 fieri
3366 1088 3471 1128 non

1911 1152 2176 1217 permisit.

237 1229 461 1299 θολικην
516 1233 610 1285 καὶ
666 1234 1030 1303 ἀποστολικὴν
1064 1232 1391 1303 Ἐκκλησίαν
1441 1236 1777 1304 εἰργάσατο·
1818 1236 1940 1290 ὅθεν
1983 1241 2160 1308 χρεὼν
2207 1244 2678 1315 ἀνακηρύττεσοαί
2767 1270 2825 1304 τε
2895 1255 2990 1307 καὶ
3086 1253 3479 1323 μεγαλύνεσθαι

237 1324 365 1393 τοὺς
413 1323 651 1377 τοιοῦτον
681 1324 927 1392 Οεοῃιλὲς
965 1326 1058 1376 καὶ
1085 1325 1367 1391 εὰξιὸλογον
1434 1328 1594 1397 ἔργον
1658 1328 2111 1398 πεπληρωκότας.
2185 1337 2369 1390 Ταῦτα
2414 1339 2507 1391 τοῦ
2550 1342 2768 1405 κανόνος
2806 1345 2900 1396 καὶ
2949 1346 3048 1415 τῆς
3091 1346 3312 1415 Νεαρᾶς
3390 1364 3478 1401 νο-

241 1414 701 1485 μοθετησάντων,
771 1420 803 1484 ἡ
849 1417 1139 1487 Ἐκκλησία
1192 1419 1327 1481 τέως
1399 1421 1493 1473 ἐπὶ
1558 1420 1667 1472 τῶν
1741 1423 1966 1492 ἡμερῶν
2021 1424 2131 1476 τῶν
2202 1429 2485 1499 ἡμετέρων
2558 1432 2745 1501 τρίτου
2811 1414 3011 1504 γάμου
3069 1436 3290 1505 ποίησιν
3377 1438 3479 1491 οὐκ

234 1504 529 1576 ἐπέτρεψε.

308 1610 551 1678 ΖΩΝΛΡ.
589 1625 699 1694 Τὴν
748 1626 1048 1696 τριγαμίαν
1107 1629 1135 1681 6
1188 1628 1361 1696 μέγας
1405 1622 1559 1691 οὗτος
1612 1630 1802 1702 Πατὴρ

233 1716 366 1778 ⁸τοίις
404 1716 664 1787 ἀρχαίους
692 1719 944 1786 Πατίρας
979 1719 1051 1787 μὴ
1086 1718 1265 1786 γάμον
1306 1722 1570 1790 ὀνομάσαι
1608 1724 1797 1791 φησὶν,

1976 1629 2224 1687 ZONAR.
2254 1632 2578 1704 Trigamiam
2611 1650 2834 1704 magnus
2859 1635 2945 1689 hic
2970 1635 3128 1691 Pater
3148 1636 3218 1691 ab
3232 1636 3472 1708 antiquis

1907 1719 2158 1778 Patribus
2189 1726 2419 1794 conjugii
2452 1727 2669 1782 nomine
2696 1727 2918 1782 minime
2950 1729 3275 1796 appellatam
3304 1729 3467 1783 fuisse

232 1808 374 1862 ἀλλά
423 1809 795 1875 πολυγαμίαν,
836 1809 867 1878 ἢ
904 1810 1101 1879 μᾶλλον
1148 1812 1407 1879 πορνείαν
1455 1815 1795 1884 κεκολασμέ-

1900 1818 2113 1880 asserit,
2160 1818 2254 1872 sed
2286 1819 2427 1872 illam
2469 1820 2675 1875 dixisse
2702 1823 3069 1891 polygamiam
3094 1860 3111 1886 ,
3142 1823 3321 1889 potius
3352 1822 3467 1877 for-

233 1916 358 1969 νην,
395 1899 563 1968 ήγουν
598 1899 698 1951 οὐκ
752 1901 1120 1969 ὲκκεχυμένην
1173 1902 1266 1954 καὶ
1315 1903 1626 1972 ἀδιάφορον,
1661 1908 1798 1961 ἀλλὰ

235 1990 678 2061 συνεσταλμένην
709 1992 802 2044 καὶ
836 1995 1357 2063 περιγεγραμμένην
1411 1997 1509 2064 μιᾷ
1554 2000 1795 2063 γυναικί.

237 2084 345 2137 ’ον
379 2084 512 2151 γοῦν
554 2083 720 2155 ὥρισε
765 2086 966 2139 κανόνα
1014 2087 1105 2137 ἐπὶ
1155 2088 1265 2139 τῶν
1296 2088 1565 2157 διγάμων,
1610 2093 1798 2145 τοῦτον

230 2174 386 2240 λέγει
409 2174 685 2243 ἀναλόγως
718 2177 897 2244 ὁρίσαι
929 2178 1019 2229 καὶ
1052 2178 1143 2228 ἐπὶ
1172 2178 1270 2243 τῆς
1294 2180 1595 2249 τριγαμίας
1616 2196 1630 2211 ·
1654 2182 1713 2234 τὸ
1742 2184 1799 2236 δὲ

238 2282 260 2315 α
311 2266 591 2334 ἀναλόγως
624 2287 641 2318 ι
675 2266 832 2320 τοῦτό
880 2271 1026 2319 ἑστιν
1056 2284 1071 2299 ο
1121 2269 1203 2322 ὅτι
1259 2271 1350 2323 ἐπὶ
1395 2272 1495 2340 τῆς
1540 2274 1798 2343 διγαμίας

232 2357 478 2418 ὲνιαυτδς
515 2357 722 2426 ὡρίσθη
766 2361 845 2421 είς
896 2361 1181 2427 μετάνοιαν
1206 2378 1219 2392 ’
1257 2362 1468 2431 ἑτέροις
1514 2365 1571 2417 δὲ
1604 2365 1794 2421 διετία.

246 2447 372 2498 Ἐπὶ
403 2447 459 2499 δὲ
491 2447 591 2512 τῆς
631 2448 947 2517 τριγαμίας,
978 2449 1100 2502 ἐπεὶ
1149 2450 1356 2518 μείζων
1385 2452 1535 2505 ἐστὶν
1576 2456 1607 2523 ἠ
1651 2456 1798 2508 αἰτία

233 2536 399 2607 αὕτη,
453 2537 714 2603 ἀνάλογον
762 2540 856 2591 καὶ
896 2539 958 2591 τὸ
1004 2540 1276 2608 ἐπιτίμιον
1329 2542 1597 2611 ὥρισταιο
1631 2546 1798 2614 ἤγουν

233 2631 331 2682 ἐπὶ
387 2629 707 2683 πενταετίαν
749 2631 1071 2700 ἀφορισμός.
1114 2633 1252 2694 Τοὺς
1308 2635 1415 2703 γὰρ
1458 2636 1799 2702 ὑπερϐάντας

230 2720 336 2783 τὴν
359 2717 614 2786 διγαμίαν
649 2720 721 2788 μὴ
756 2720 863 2771 δεῖν
889 2721 1252 2790 ὀνομάζεσθαί
1301 2741 1435 2793 φησι
1490 2727 1640 2795 παρὰ
1690 2728 1799 2780 τῶν

230 2809 532 2874 γυναικῶν,
578 2806 665 2872 αἷς
736 2812 1182 2880 συμφοείρονται.
1241 2814 1472 2883 ἄνδρας·
1509 2817 1644 2885 μήτε
1694 2819 1798 2880 τὰς

230 2902 498 2966 γυναῖκας
536 2900 788 2967 λέγεσθαι
835 2902 982 2972 παρὰ
1031 2904 1137 2955 τῶν
1184 2903 1439 2958 τοιούτων
1467 2907 1676 2975 ἀνδρῶν
1706 2926 1799 2972 γυ-

229 2994 425 3053 ναῖκας
453 2991 691 3044 ἑαυτῶν·
737 2991 831 3044 καὶ
872 2993 936 3045 ὲκ
979 2991 1072 3045 τοῦ
1120 2994 1455 3061 Εὑαγγελίου
1493 2997 1796 3067 μαρτυρίαν

231 3083 451 3146 ἐπάγει,
489 3084 729 3143 εἰπόντος
755 3082 847 3134 τοῦ
879 3081 1113 3151 Χριστοῦ
1146 3084 1278 3149 πρὸς
1309 3085 1406 3154 τὴν
1428 3087 1793 3155 Σαμαρείτιδι

230 3178 316 3227 ὅτι
350 3178 452 3226 ’ον
494 3176 654 3241 ἔχεις
710 3176 821 3228 οὐκ
875 3176 1005 3228 ἔστι
1063 3193 1179 3235 σου
1221 3177 1410 3243 ἀνήρ’
1445 3177 1628 3232 πέντε
1685 3181 1795 3248 γὰρ

231 3264 436 3330 ἔσχες.
472 3262 529 3315 Ei
569 3263 625 3315 δὲ
672 3264 762 3315 καὶ
812 3262 947 3331 ἔφθη
1000 3264 1175 3314 εἰπεῖν
1207 3266 1233 3315 6
1265 3263 1419 3328 ἅγιος
1453 3264 1534 3315 ὅτι
1564 3266 1619 3315 ὲν
1647 3265 1795 3332 τρισὶ

231 3356 329 3406 καί
360 3356 651 3421 τέσσαρσιν
691 3354 866 3406 ἔτεσιν
906 3352 1261 3421 ἀφορίζεσθαι
1304 3355 1430 3417 τοὺς
1468 3354 1792 3422 τριγὰμους,

230 3445 350 3496 ἀλλ’
395 3444 493 3494 οὐκ
539 3444 779 3511 ἐνέμεινε
831 3442 905 3511 τῷ
949 3442 1105 3512 τύπῳ
1154 3443 1350 3513 ἐκείνῳ
1379 3460 1393 3475 ·
1444 3446 1691 3496 ἐπέτεινε
1740 3444 1795 3495 Et

230 3536 393 3593 αὐτὸς
429 3536 516 3586 τὸν
546 3536 735 3604 χρόνον
779 3534 869 3586 τοῦ
922 3534 1197 3602 ἐπιτιμίου
1243 3535 1404 3603 μέχρι
1444 3533 1794 3599 πενταετίας,

228 3625 624 3693 διαταξάμενος
688 3627 760 3694 μὴ
819 3624 1133 3691 ἐξωθεῖσθαι
1192 3626 1318 3688 τοὺς
1376 3624 1652 3686 τοιούτους
1694 3625 1794 3692 τῆς

244 3718 598 3782 ’ίίκκλησίαῃ
648 3717 789 3769 ὥστε
854 3718 953 3769 οὐκ
1011 3718 1088 3780 είς
1141 3718 1305 3769 τόπον
1368 3716 1792 3786 προσκλαίοντος

228 3808 504 3869 ἵστασθαι,
540 3807 651 3858 ἀλλ’
679 3806 757 3868 είς
793 3805 953 3858 τόπον
986 3806 1350 3875 ἀκροωμένων
1378 3808 1436 3858 ὲν
1469 3805 1613 3858 ἔτεσι
1639 3806 1792 3858 δυσὶν

227 3900 260 3969 ἢ
293 3898 437 3965 τρισί
462 3912 477 3926 ’
509 3898 645 3965 μετά
679 3897 735 3949 δὲ
772 3897 864 3949 τδν
908 3896 1200 3965 είρημένον
1249 3896 1440 3965 χρόνον
1473 3896 1792 3963 ἐπιτρέπειν

226 3990 413 4048 αὐτοῖς
440 3988 538 4056 τὴν
572 3987 710 4054 μετὰ
752 3986 860 4038 τῶν
892 3987 1101 4037 πιστῶν
1136 3985 1393 4038 σύστασιν
1420 4002 1432 4014 ·
1460 3986 1558 4053 τῆς
1588 3985 1645 4037 δὲ
1676 4001 1793 4054 κοι-

227 4079 424 4140 νωνίας
454 4077 773 4145 ἀπέχεσθαι.
796 4077 905 4128 Καὶ
930 4075 1071 4129 οὕτω
1102 4076 1313 4143 καρπον
1347 4074 1793 4141 ἐπιδειξαμένους

230 4170 542 4236 μετανοίας,
574 4170 741 4238 ἤγουν
791 4167 1083 4237 συντριϐὴν
1130 4167 1374 4236 καρδίας,
1414 4166 1507 4218 καὶ
1556 4166 1788 4234 δάκρυα.

226 4260 324 4312 καὶ
370 4260 423 4311 εί
462 4276 514 4312 τι
557 4258 765 4321 τούτοις
797 4257 1085 4326 ἑπόμενον,
1122 4256 1268 4309 οὓτω
1312 4255 1562 4327 δέχεσθαι
1597 4256 1793 4318 αὐτοὺς

226 4356 308 4418 είς
337 4353 635 4408 κοινωνίαν.

300 4552 522 4605 ΔΡΙΣΤ.
564 4550 701 4603 Ἕνα
732 4549 922 4618 χρόνον
962 4547 995 4617 ἢ
1027 4544 1121 4599 δύο
1146 4544 1465 4614 ἀφορίζεται
1488 4546 1516 4598 6
1536 4545 1787 4613 δίγαμος·

224 4645 376 4711 τρεῖς
407 4643 460 4695 δὲ
491 4642 583 4695 καὶ
616 4642 888 4711 τέσσαρας
914 4641 942 4692 6
969 4638 1268 4707 τρίγαμος⁶
1313 4637 1407 4689 καὶ
1442 4636 1602 4688 πέντε
1650 4637 1791 4689 κατά

224 4734 324 4802 τὴν
356 4734 479 4803 ἄρτι
515 4731 819 4800 συνήθειαν.

302 4915 415 4969 Οὐκ
448 4912 556 4966 ἀπὸ
591 4913 829 4973 κανόνος,
846 4912 984 4966 ἀλλὰ
1014 4911 1118 4964 ἀπὸ
1148 4911 1434 4981 συνηθείας
1461 4909 1786 4963 καταλαϐὼν

227 5011 255 5061 6
282 5006 459 5076 μέγας
492 5005 770 5066 Βασίλειος
813 5005 939 5062 τοὺς
984 5002 1287 5072 τριγάμους
1331 5003 1423 5054 ἐπὶ
1469 5001 1788 5053 πενταετίαν

228 5094 679 5166 ἀφοριζομένους,
732 5093 941 5163 δέχεται
1021 5091 1179 5144 τοῦτο
1234 5092 1326 5143 καὶ
1402 5092 1592 5152 αὐτός’
1648 5091 1786 5159 πλὴν

230 5185 558 5253 προστάττει
605 5181 678 5251 μὴ
711 5181 993 5243 παντελῶς
1022 5180 1221 5240 αὐτοὺς
1258 5179 1481 5242 ὲξωοείν
1526 5179 1625 5245 τῆς
1665 5179 1790 5229 Ἐκ-

230 5274 480 5345 κλησίας,
511 5273 606 5325 καὶ
636 5272 774 5341 μετὰ
821 5271 929 5323 τῶν
968 5268 1406 5339 προσκλαιόντων
1447 5270 1790 5321 συντάττεινο

230 5365 348 5418 ἀλλ’
394 5367 453 5416 ἑν
504 5365 656 5417 δυσὶν
687 5362 944 5428 ἔτεσιν,ἧ
987 5362 1079 5414 καὶ
1121 5360 1289 5430 τρισὶ,
1320 5359 1416 5427 τῆς
1460 5358 1568 5410 τῶν
1620 5359 1785 5409 θείων

230 5454 467 5526 Γραφῶν
496 5453 813 5523 ἀκροάσεως
857 5450 1061 5516 ἀξιοῦν.
1103 5447 1236 5505 Εῐτα
1269 5449 1558 5518 ἐπιτρέπει
1591 5451 1792 5515 συστή-

229 5566 349 5603 κειν
407 5544 605 5607 αὐτοὺς
672 5545 811 5614 μετὰ
880 5544 989 5595 τῶν
1057 5543 1281 5606 πιστῶν,
1322 5545 1415 5594 καὶ
1464 5542 1571 5592 τὼν
1618 5540 1793 5609 εὐχῶν

231 5640 415 5710 μόνων
446 5637 828 5703 συγκοινωνεῖν
864 5634 1047 5696 αὐτοῖς
1076 5650 1089 5665 ο
1135 5634 1231 5701 τῆς
1270 5630 1324 5684 δὲ
1374 5630 1655 5692 κοινωνίας
1697 5628 1790 5681 τοῦ

301 5777 320 5806 ⁸
352 5771 512 5828 Joan.
552 5786 624 5825 tr.
662 5768 741 5822 i3.

1904 1910 2225 1965 nicationem
2271 1912 2610 1977 castigatam,
2652 1914 2752 1967 hoc
2797 1922 2905 1978 est,
2959 1929 3063 1967 non
3114 1912 3367 1978 eﬂ‘usam,
3416 1921 3469 1968 et

1902 1997 2285 2064 promiscuam,
2331 1999 2424 2052 sed
2468 2008 2821 2063 contractam,
2863 2010 2916 2054 et
2970 1999 3023 2053 in
3074 2016 3178 2054 una
3226 2008 3469 2054 tantum-

1902 2086 2061 2139 modo
2084 2088 2547 2155 circumscriptam
2572 2089 2812 2143 muliere.
2844 2089 3010 2155 Quem
3039 2105 3166 2158 ergo
3203 2104 3465 2145 canonem

1902 2180 1967 2229 de
2006 2177 2235 2241 digamis
2280 2178 2666 2247 promulgavit,
2695 2178 2839 2232 hune
2872 2180 2922 2233 in
2962 2180 3205 2247 trigamia
3247 2195 3467 2250 quoque

1903 2270 2256 2336 proportione
2302 2269 2505 2323 servari
2542 2269 2735 2336 jubet;
2774 2270 3118 2336 proportione
3158 2281 3373 2335 autem,
3415 2271 3464 2326 id

1900 2367 2001 2423 est,
2047 2360 2174 2426 quia
2239 2358 2291 2412 in
2343 2360 2575 2425 digamia
2629 2375 2803 2414 annus
2861 2362 3207 2429 prmscriptus
3260 2372 3345 2417 est
3394 2362 3463 2417 ad

1900 2448 2312 2516 paenitentiam;
2344 2449 2459 2501 aliis
2520 2464 2645 2503 vero
2700 2450 3015 2503 biennium:
3073 2465 3238 2515 porro
3289 2450 3467 2504 intri-

1900 2539 2095 2605 gamia,
2129 2538 2381 2605 quoniam
2415 2538 2642 2606 ipsamet
2678 2537 2830 2604 culpa
2877 2537 2936 2591 ﬁt
2977 2540 3213 2607 gravior,
3244 2553 3468 2607 propor-

1903 2628 2045 2681 tione
2080 2642 2288 2695 ηιιοιιυίι
2318 2628 2651 2694 respondens
2675 2628 2930 2679 statuitur
2962 2642 3140 2695 paena,
3162 2628 3465 2697 quinquen-

1902 2719 2038 2771 nalis
2083 2717 2330 2772 videlicet
2393 2718 2716 2787 segregatio.
2776 2717 2878 2780 Qui
2942 2734 3170 2788 namque
3212 2719 3462 2788 digamite

1902 2808 2161 2863 terminos
2196 2809 2535 2878 supergressi
2578 2817 2706 2862 sunt
2731 2850 2746 2874 ,
2783 2817 2940 2877 negat
2981 2810 3213 2875 amplius
3250 2812 3318 2863 ab
3350 2810 3416 2864 iis
3443 2850 3457 2872 ,

1899 2916 2018 2953 cum
2068 2899 2263 2968 quibus
2318 2901 2755 2963 commisceutur,
2803 2901 3115 2955 mulieribus
3172 2903 3318 2957 viros
3355 2902 3462 2959 dici

1898 3002 2171 3056 Oportere,
2230 3005 2328 3044 nec
2378 2991 2636 3045 mulieres
2699 2991 2766 3043 ah
2832 2990 3094 3057 ejusmodi
3156 2992 3464 3048 hominibus

1901 3093 2127 3131 uxorum
2192 3080 2407 3133 nomine
2455 3078 2761 3146 appellari:
2820 3089 2981 3147 atque
3039 3092 3103 3131 ex
3172 3077 3463 3146 Evangelia

1901 3173 2266 3226 testimonium
2326 3170 2567 3234 adducit,
2611 3168 2823 3223 dicente
2862 3170 3075 3222 Christo
3108 3167 3170 3221 ad
3218 3166 3460 3221 Samari-

1899 3264 2084 3325 tidem,
2121 3262 2377 3326 Quoniam
2400 3276 2549 3329 quem
2574 3262 2729 3312 habes
2768 3275 2870 3311 non
2903 3268 2980 3311 est
3007 3271 3124 3310 mus
3153 3259 3266 3323 vir,-
3303 3260 3461 3327 quin»

1896 3372 1993 3424 que
2031 3358 2165 3407 enim
2206 3353 2434 3405 habuisti
2454 3352 2495 3403 ³.
2548 3348 2680 3403 Nam
2724 3350 2832 3403 etsi
2880 3349 3028 3416 prius
3066 3349 3278 3402 dixerat
3330 3365 3451 3402 san-

1895 3451 2037 3505 ctus,
2067 3442 2242 3496 tribus
2277 3449 2369 3494 aut
2391 3447 2622 3510 quatuor
2645 3438 2800 3491 annis
2830 3438 3088 3493 triaatuos
3129 3452 3251 3492 esse
3280 3453 3462 3507 segreo

1895 3534 2119 3604 gandos.
2170 3546 2273 3585 n0u
2316 3541 2491 3585 tamen
2516 3530 2566 3582 in
2592 3529 2681 3582 illo
2705 3528 2922 3582 decreto
2959 3528 3194 3597 perstitit
3226 3545 3240 3580 :
3273 3542 3455 3581 verum

1903 3623 2082 3677 multa:
2109 3634 2318 3691 tempus
2361 3620 2424 3674 ad
2449 3618 2881 3689 quinquennium
2916 3618 3144 3686 ipsemet
3177 3617 3454 3677 extendit,

1894 3722 2137 3766 statuens
2163 3724 2499 3781 nequaquam
2549 3707 2850 3777 hujusmodi
2884 3708 2951 3759 ab
2996 3706 3249 3760 cxclesiis
3278 3705 3457 3774 expel-

1896 3802 2106 3865 lendos,
2164 3803 2234 3855 ita
2300 3810 2356 3854 ut
2408 3815 2512 3853 non
2557 3800 2608 3853 in
2670 3798 2786 3852 loco
2842 3795 3078 3849 ﬂentium
3119 3798 3454 3860 consistant,

1895 3894 1986 3946 sed
2032 3892 2233 3946 inloco
2277 3889 2609 3944 audientium
2661 3888 2872 3940 duobus
2923 3892 3017 3937 aut
3053 3884 3224 3938 tribus
3260 3884 3454 3947 annis,

1896 3995 2071 4048 eoque
2102 3980 2287 4048 elapso
2315 3986 2557 4046 tempore
2586 3975 3001 4045 permittendum
3038 3974 3193 4041 ipsis,
3242 3981 3298 4025 ut
3332 3987 3455 4025 cum

1897 4069 2146 4123 fidelibus
2181 4068 2504 4130 consistant,
2560 4080 2588 4117 a
2628 4064 3008 4119 communione
3061 4072 3238 4117 autem
3284 4062 3459 4116 absti-

1897 4171 2083 4215 neant.
2119 4161 2293 4227 Atque
2339 4158 2443 4211 hoc
2504 4165 2681 4227 pacto,
2740 4158 2783 4210 si
2831 4155 3063 4210 fructum
3120 4154 3456 4222 pmnitentize

1896 4249 2251 4313 ostenderint,
2317 4261 2507 4317 nempe
2547 4250 2927 4302 contritionem
2965 4246 3145 4300 cordis
3191 4254 3243 4298 et
3278 4245 3457 4312 lacry-

1894 4356 2036 4404 mas,
2070 4348 2125 4394 et
2148 4340 2193 4394 si
2227 4337 2356 4405 quid
2402 4337 2551 4391 hisee
2587 4337 2808 4405 adjungi
2833 4336 2989 4398 solet,
3019 4336 3092 4387 ita
3128 4334 3342 4388 demum
3388 4333 3455 4387 ad

1826 4449 1872 4507 ι)
1899 4428 2329 4483 communionem
2349 4425 2721 4480 admittantur.

1967 4538 2193 4596 ARIST.
2237 4538 2489 4609 Bigamus
2528 4552 2693 4591 unum
2737 4537 2818 4591 vel
2856 4534 2988 4589 duos
3019 4548 3192 4588 annos
3243 4546 3458 4587 excom-

1902 4633 2231 4695 municatur,
2274 4638 2385 4683 tres
2432 4642 2556 4682 vero
2595 4638 2649 4681 et
2682 4636 2914 4696 quatuor
2944 4626 3233 4695 trigamus,
3298 4633 3457 4691 atque

1900 4724 2059 4777 etiam
2093 4722 2330 4790 quinque
2370 4720 2523 4789 juxta
2557 4719 2996 4774 consuetudinem
3054 4731 3174 4785 quae
3209 4714 3323 4783 jam
3356 4715 3457 4767 ob-

1902 4822 2054 4865 llttcl.

1972 4900 2085 4952 Non
2109 4914 2134 4950 a
2168 4911 2395 4961 canone,
2426 4895 2519 4950 sed
2566 4911 2592 4947 a
2626 4892 3011 4949 consuetudine
3043 4892 3312 4957 accipiens
3346 4906 3450 4942 ma-

1895 5007 2031 5063 gnus
2078 4989 2346 5050 Basilius,
2403 4988 2657 5056 trigamos
2727 4980 3094 5052 quinquennio
3148 4988 3457 5048 segregatos

1897 5094 2037 5141 csse,
2066 5087 2119 5132 et
2150 5079 2261 5143 ipse
2298 5076 2423 5128 illud
2461 5074 2713 5128 admittit.
2755 5072 2858 5126 Sed
2890 5071 3125 5134 mandat,
3155 5083 3247 5122 eos
3270 5069 3335 5121 ab
3363 5083 3455 5121 ec-

1893 5171 2053 5225 clesia
2110 5182 2215 5220 tton
2257 5167 2477 5218 utnnino
2511 5165 2830 5224 extrudere,
2871 5169 2925 5214 et
2969 5175 3089 5211 cum
3137 5156 3454 5215 deﬂentibus

1897 5263 2199 5323 collocare,
2237 5257 2331 5311 sed
2357 5258 2561 5311 duobus
2592 5253 2673 5307 vel
2700 5254 2861 5308 etiam
2900 5252 3072 5305 tribus
3111 5251 3266 5303 annis
3314 5249 3443 5301 divi.

1897 5367 2086 5406 narum
2134 5349 2538 5415 Seripturarum
2577 5346 2849 5398 auditione
2874 5358 2967 5396 eos
2990 5342 3220 5407 dignari.
3253 5339 3450 5393 Deinde

1893 5444 1971 5498 eis
2000 5438 2258 5509 permittit
2283 5452 2402 5491 cum
2432 5437 2681 5490 fidelibus
2710 5435 3005 5487 consistere
3036 5440 3089 5485 et
3116 5432 3168 5484 in
3202 5430 3452 5498 precibus

1893 5538 2017 5589 solis
2036 5536 2451 5588 rotuumuicare.
2488 5528 2674 5582 Alieni
2706 5537 2883 5581 autem
2923 5523 3299 5580 communione
3333 5520 3448 5572 abs.

1894 5630 2087 5690 linere,
2121 5639 2174 5679 et
2225 5627 2302 5677 sic
2332 5626 2562 5678 fructum
2617 5620 2851 5689 aliquem
2888 5616 3218 5686 poenitentia:
3268 5622 3445 5666 osten-
