4124 6508
301 392 396 457 605

1248 408 1327 466 1N
1372 411 1610 475 Ei‘itT.
1643 419 1701 476 S.
1736 418 2021 483 BASILlI
2056 426 2489 495 CANONICAM
2528 437 2574 497 Ι.

3425 439 3531 505 606

303 515 366 562 ’τι
394 514 460 580 τῇ
497 513 798 586 Ἐκκλησία
833 519 1106 583 λυσιτελές
1132 525 1301 577 ἐστιν.
1340 528 1399 579 Εἰ
1431 528 1540 598 γὰρ
1565 532 1718 584 αὐτοὶ
1752 538 1833 605 τῆς

1954 538 2097 592 enim
2135 556 2161 593 a
2191 541 2416 599 libidine
2445 545 2660 599 alienati
2691 546 2905 611 fuerint.
2965 564 3064 604 nec
3121 549 3211 607 alii
3255 552 3528 611 audebunt

294 600 587 671 ἐπιθυμίας
638 606 1071 675 ἀποξενωθῶαιν,
1108 614 1228 667 οὐδὲ
1286 616 1459 686 ἕτεροι
1519 600 1853 691 τολμήσουσι

287 691 530 745 τοιοῦτόν
581 711 657 759 τι,
702 697 778 758 ὡς
835 700 911 768 μὴ
964 705 1457 775 παραχωρούμενοι
1516 710 1854 781 ἁμαρτάνειν

484 787 586 851 τὴν
638 788 924 859 ἀναίρεσιν
990 796 1090 862 τῆς
1156 796 1613 871 ὲκκλησιαστικῆς
1662 806 1851 874 τιμῆς.

301 872 459 925 ’Δλλά
512 878 606 928 καὶ
649 880 761 941 τοῖς
807 882 1103 950 αίρετικοῖς
1165 887 1224 938 οὐ
1279 888 1569 956 δοθήσεται
1629 872 1853 966 ἀφορμὴ

293 963 411 1016 καθ’
442 967 602 1034 ἡμῶν
631 971 711 1031 είς
764 972 822 1023 τὸ
864 970 1042 1032 λέγειν
1095 977 1179 1030 ὅτι
1220 979 1306 1031 διὰ
1355 980 1516 1034 τοῦτο
1575 986 1712 1052 μετά

293 1057 546 1125 πορνείαν
597 1064 1047 1134 παραχωροῦνται
1102 1069 1150 1121 οἱ
1204 1074 1559 1138 πορνεύοντες
1605 1077 1855 1143 ἁμαρτά-

291 1162 418 1206 νειν,
449 1146 534 1199 ἴνα
569 1150 661 1201 καὶ
689 1152 737 1201 οἱ
770 1151 829 1215 ἐξ
856 1155 1056 1221 ἑτέρων
1082 1157 1388 1227 θρησκειῶν
1411 1162 1499 1215 διὰ
1527 1163 1627 1234 τὴν
1653 1164 1849 1235 ἡδονὴν

291 1238 382 1289 τοῦ
411 1237 662 1307 σώματος
699 1243 1039 1299 ἐπισπῶνται
1074 1251 1169 1301 καὶ
1199 1251 1571 1321 ὲπισύρωνται
1608 1257 1742 1324 πρὸς
1783 1256 1853 1309 τὰ

290 1330 557 1401 ἡμέτερα.
602 1333 709 1385 Καὶ
752 1333 917 1387 τοῦτο
963 1337 1062 1405 μὲν
1093 1338 1443 1406 θεματίςεται
1498 1345 1677 1407 καλῶς
1722 1348 1846 1399 ὅσον

289 1426 368 1487 είς
393 1424 520 1485 τοὺς
552 1425 863 1493 κληρικούς.
901 1428 994 1487 El;
1037 1430 1093 1481 δὲ
1122 1433 1221 1493 τὰς
1259 1436 1592 1505 μοναστρίας
1624 1439 1716 1489 καὶ
1751 1440 1849 1499 τάς

292 1515 611 1580 παρθένους,
645 1518 735 1570 καὶ
764 1519 891 1580 τοὺς
932 1523 1197 1589 μοναχοὺς
1229 1525 1354 1586 τοὺς
1388 1528 1462 1592 μὴ
1497 1528 1847 1596 ίερωμένους,

290 1608 407 1659 ἐπεὶ
452 1608 743 1675 ἀφαίρεσις
775 1610 939 1678 τιμῆς
987 1611 1087 1663 οὐκ
1125 1613 1409 1680 ἐπάγεται.
1450 1617 1652 1684 μᾶλλον
1702 1620 1849 1672 εἴποι

288 1717 371 1762 τις
402 1700 855 1766 δικαιολογεῖσθαι
887 1700 1129 1764 τούτους,
1163 1704 1230 1756 τά
1258 1704 1347 1756 τοῦ
1375 1708 1851 1775 καταστρωθέντος

287 1793 494 1846 ἀνωθεν
528 1794 696 1861 νόμου
753 1794 846 1847 καὶ
888 1796 965 1857 είς
1018 1796 1291 1863 ἐκτροπὴν
1338 1800 1434 1850 τοῦ
1477 1798 1637 1865 λόγου
1668 1801 1849 1852 αὐτῶν

282 1879 566 1951 όρισθῆναί
596 1884 663 1935 τὰ
690 1883 784 1935 τοῦ
819 1885 1077 1952 παρόντος
1128 1888 1375 1949 κανόνος.
1426 1890 1557 1959 Περὶ
1602 1889 1659 1940 δὲ
1710 1907 1847 1959 πορ-

281 1976 428 2036 νεῖας
482 1976 733 2045 μοναχῶν
780 1975 874 2028 καὶ
923 1976 1209 2043 παρθένων
1270 1979 1707 2049 ἀνατεθειμένων
1766 1982 1844 2051 τῷ

279 2067 397 2134 Θεῷ
424 2067 699 2132 ἀνάγνωθι
729 2068 946 2121 συνόδου
983 2068 1148 2137 ἕκτης
1195 2068 1395 2121 κανόνα
1426 2069 1708 2134 τέταρτον,
1744 2070 1841 2123 τοῦ

279 2158 437 2225 ἁγίου
492 2159 776 2213 Βασιλείου
824 2162 1024 2213 κανόνα
1077 2158 1165 2229 ιη’,
1208 2159 1277 2225 κ’,
1320 2160 1383 2227 ξ’,
1417 2162 1509 2214 καὶ
1565 2160 1771 2229 βιϐλίου
1803 2161 1845 2214 δ’

276 2250 383 2302 τῶν
406 2252 712 2304 Βασιλικῶν
741 2251 919 2305 τίτλον
954 2254 1024 2314 α’,
1054 2269 1179 2321 κεφ.
1214 2251 1274 2319 ε’,
1312 2254 1451 2324 ὅπερ
1483 2253 1839 2324 κατεστρώθη

1960 631 2066 684 tale
2103 633 2227 700 quid
2260 635 2459 697 facere,
2488 648 2545 690 ut
2568 638 2764 705 quibus
2797 655 2902 693 non
2938 641 3010 693 sit
3045 656 3272 709 peccare
3299 646 3528 711 permil-

1957 735 2075 775 Sum
2133 733 2251 790 post
2308 727 2692 781 ecclesiastica:
2754 729 3034 795 dignitatis
3091 732 3521 800 ademptionem.

1958 809 2065 863 Sed
2130 812 2399 868 bteretieis
2451 830 2666 884 quoque
2701 833 2804 869 non
2849 818 3067 872 dabitur
3126 820 3389 875 adversus
3420 837 3521 878 nos

1957 917 2107 961 ansa,
2141 910 2198 955 tit
2226 904 2432 966 dicant,
2457 908 2596 973 quod
2633 916 2913 974 propterea
2956 918 3077 976 post
3110 909 3521 966 fornicationem

1954 993 2285 1059 permittitur
2336 994 2759 1049 foruiCatOrihus
2830 1014 3092 1066 peccare,
3171 1009 3229 1051 ttt
3274 1002 3341 1055 ab
3404 1001 3523 1057 aliis

1957 1084 2124 1135 sei-tis
2155 1096 2373 1149 propter
2399 1087 2645 1154 corporis
2670 1088 2999 1153 voluptatem
3038 1089 3101 1141 ad
3138 1102 3324 1143 nostra
3356 1101 3524 1144 attra-

1955 1172 2158 1226 bantur
2187 1183 2241 1226 et
2272 1175 2606 1229 allii-iantur.
2644 1178 2706 1229 Et
2735 1182 2843 1231 tunc
2877 1180 3093 1246 quidem
3125 1180 3251 1234 facti
3303 1183 3518 1249 species

1956 1276 2102 1317 recte
2160 1267 2400 1332 ponitur,
2434 1268 2577 1334 quod
2624 1270 2689 1320 ad
2733 1269 2969 1324 clericos
3008 1273 3222 1324 attinet.
3262 1272 3414 1337 Quml
3450 1276 3518 1325 ad

1957 1358 2255 1409 monarlias
2284 1368 2483 1418 autc-tn,
2516 1368 2570 1412 et
2613 1360 2879 1422 virgines,
2899 1373 2954 1413 et
3003 1363 3299 1417 monachus
3346 1365 3523 1418 saeris

1954 1446 2237 1497 ordinibus
2283 1464 2388 1500 non
2418 1449 2665 1502 initiatos
2697 1451 2912 1512 attinet,
2941 1452 3197 1518 quoniam
3231 1455 3311 1506 eis
3349 1453 3523 1506 Itono-

1953 1536 2029 1587 ris
2062 1536 2264 1587 ablatio
2309 1550 2415 1589 nou
2469 1538 2765 1598 inducitur.
2798 1549 2852 1591 et
2888 1554 2981 1592 eos
3022 1540 3220 1593 dixerit
3247 1543 3520 1607 quispiam

1952 1623 2128 1689 legem
2161 1627 2411 1692 superius
2455 1628 2686 1692 positam
2746 1629 2915 1693 magis
2943 1644 3101 1696 posse
3136 1646 3231 1696 pro
3262 1647 3320 1684 se
3351 1633 3524 1685 addit-

1952 1729 2099 1774 ccre,
2134 1726 2187 1769 et
2215 1716 2279 1768 ad
2312 1720 2655 1769 evertendam
2693 1733 2878 1770 eorum
2913 1720 3177 1772 rationem
3201 1731 3519 1784 praesentem

1952 1821 2221 1860 canonem
2259 1809 2545 1863 constitui.
2610 1809 2682 1862 De
2719 1811 3110 1863 monachorum
3137 1824 3315 1865 autent
3349 1812 3520 1867 forni-

1953 1895 2189 1956 catione,
2220 1905 2275 1945 et
2309 1894 2577 1963 virginum
2613 1896 2720 1947 Deo
2782 1899 3176 1960 dedicatarum,
3235 1899 3348 1968 lege
3396 1915 3517 1968 syn.

1944 1994 2113 2037 sextae
2148 1999 2270 2035 can.
2296 1982 2352 2048 Δ,
2396 1985 2568 2037 sancti
2605 1984 2782 2037 Basilii
2809 2000 2932 2039 can.
2984 1986 3074 2049 18,
3105 1986 3197 2048 20.
3228 1988 3295 2041 60
3312 1997 3365 2041 et
3394 1989 3430 2043 l.
3466 2005 3519 2043 tv

1946 2074 2164 2129 Basilic.
2189 2076 2273 2128 tit.
2309 2090 2392 2143 pr.
2423 2090 2545 2142 cap.
2583 2075 2633 2137 5,
2668 2079 2808 2141 quod
2835 2078 3067 2142 pOsilttm
3109 2088 3195 2132 est
3221 2079 3271 2130 iu
3296 2094 3417 2147 cap.
3448 2080 3519 2134 '55

1949 2166 2074 2219 noni
2111 2166 2195 2218 tit.
2227 2165 2511 2234 praesentis
2541 2166 2743 2233 Operis.
2780 2165 2919 2234 Lege
2966 2176 3022 2221 et
3053 2181 3174 2235 cap.
3231 2168 3298 2223 78
3331 2170 3413 2223 tit.
3451 2169 3520 2225 57

1945 2256 2041 2310 lib.
2088 2271 2177 2310 ις.

276 2347 355 2407 είς
405 2344 449 2397 λ’
503 2347 797 2415 κεφάλαιον
825 2347 919 2400 τοῦ
969 2346 1014 2401 θ’
1040 2347 1217 2401 τίτλου
1264 2347 1359 2400 τοῦ
1394 2348 1660 2416 παρόντος
1704 2349 2123 2419 συντάγματος·
2157 2350 2432 2419 ἀνάγνωθι
2481 2351 2577 2406 καὶ
2624 2369 2749 2421 κεφ.
2798 2359 2879 2424 οη⁹
2921 2352 3014 2405 τοῦ
3087 2353 3164 2418 λζ’
3224 2353 3405 2407 τίτλου
3476 2356 3517 2420 ξμ

279 2438 506 2508 βιϐλίου.

348 2533 588 2585 ΖΩΝΔΡ.
620 2533 954 2595 Κανονικοὺς
982 2532 1106 2595 τοὺς
1146 2542 1207 2586 ἓν
1233 2534 1310 2603 τῷ
1356 2535 1540 2588 κανόνι
1586 2537 1840 2602 ἐξεταζο-

282 2624 472 2692 μένους
505 2623 688 2690 φησὶν,
720 2623 886 2692 ἤγουν
927 2622 1246 2692 κληρικοὺς,
1275 2626 1370 2677 καὶ
1408 2628 1703 2695 μοναχοὺς,
1742 2629 1838 2681 καὶ¹

278 2714 627 2782 μοναστρξας,
684 2717 776 2767 καὶ
849 2714 948 2779 τὰς
1002 2716 1305 2782 παρθενίαν
1359 2718 1839 2786 ἐπαγγειλαμένας

278 2807 459 2874 κόρας.
502 2804 641 2859 κατά
675 2805 765 2858 τὸν
798 2804 853 2871 ς’
892 2808 986 2859 καὶ
1019 2805 1100 2876 μδ¹
1136 2808 1336 2861 κανόνα
1387 2809 1488 2878 τῆς
1519 2812 1576 2862 ὲν
1609 2812 1837 2881 Καρθα-

273 2899 400 2970 γὲνῃ
450 2898 688 2952 συνόδου.
726 2899 805 2950 El‘
832 2897 963 2965 γοῦν
1003 2900 1242 2962 τοιοῦτός
1275 2916 1360 2961 τις
1389 2903 1701 2970 πορνεύσει,
1734 2904 1834 2956 οὐκ

273 2989 559 3058 ιιθήσεται
600 2989 1032 3059 συμφθείρεσθαι
1082 2993 1146 3060 τῇ
1191 2990 1311 3061 μεθ’
1359 2987 1428 3063 ἦς
1457 2994 1726 3062 ἥμαρτεν,
1760 2994 1836 3055 ὡς

270 3082 409 3148 τάχα
438 3082 618 3147 γάμου
661 3081 756 3149 τῆς
784 3081 1020 3149 ἀθέσμου
1056 3082 1255 3147 μίξεως
1280 3083 1650 3156 λογισθείσης.
1672 3086 1831 3149 Εἰκὸς

2023 2525 2274 2583 ZONAR.
2298 2528 2599 2583 Canonicos
2625 2542 2740 2591 eos,
2786 2528 2874 2596 qui
2902 2528 2955 2581 in
2988 2542 3195 2581 canone
3227 2543 3518 2583 recensen-

1967 2630 2077 2685 tur,
2108 2622 2372 2681 nominat.
2397 2621 2625 2674 clericos
2653 2621 2930 2684 nimirum,
2976 2618 3272 2672 monachos
3302 2629 3356 2672 et
3402 2635 3501 2674 mo-

1948 2713 2176 2777 nacbas,
2205 2720 2260 2765 et
2288 2712 2654 2778 virginitatem
2715 2709 2985 2778 professas
3040 2709 3266 2778 puellas,
3301 2719 3359 2762 ut
3414 2711 3511 2762 ba-

1947 2804 2107 2859 betur
2157 2811 2311 2856 sexto
2342 2811 2393 2856 et
2421 2800 2834 2869 quadragesimo
2865 2814 3055 2869 quarto
3078 2816 3286 2855 canone
3318 2800 3508 2869 synodi

1944 2891 2414 2961 tiartltaginensis.
2448 2889 2648 2958 Siquis
2698 2893 2860 2958 igitur
2890 2889 3156 2957 ejusmodi
3210 2888 3510 2943 fornicatus

1946 2984 2133 3045 fuerit,
2159 2984 2298 3037 haud
2330 2982 2673 3050 pel'lllillellll’
2706 2996 2827 3034 cum
2858 2996 2917 3033 ea
2960 2995 3081 3032 cum
3114 2996 3215 3046 qua
3243 2982 3509 3047 peccavit,

1946 3074 2241 3142 Corrumpi,
2276 3074 2432 3142 quasi
2467 3074 2605 3126 forte
2644 3072 2830 3123 illicita
2865 3072 3173 3123 commistio
3201 3070 3507 3137 nuptiarum

272 3172 378 3239 γὰρ
408 3175 498 3223 τον
530 3171 788 3240 κληρικδν
813 3171 913 3240 τῆς
959 3173 1258 3243 ἱερωσύνης
1303 3175 1392 3228 διά
1421 3176 1521 3244 τὴν
1554 3176 1831 3245 ἁμαρτίαν

1947 3168 2121 3221 instar
2149 3167 2515 3219 existimetur.
2558 3163 2842 3215 Probabile
3014 3176 3245 3229 namque
3278 3172 3357 3215 est
3394 3162 3508 3215 cle-

271 3265 569 3316 ἐκπεσόντα
604 3266 778 3316 εἰπεῖν
808 3265 889 3316 ὅτι
920 3264 1074 3316 Ἐπεὶ
1102 3266 1199 3334 τῆς
1229 3264 1386 3331 ἀξίας
1410 3268 1508 3337 ήδη
1540 3268 1831 3320 ἐκπέπτω-

269 3369 357 3414 κα,
391 3352 489 3404 κᾶν
554 3351 851 3404 ἀπολαύσω
898 3350 999 3415 τῆς
1050 3353 1279 3423 ἠδονῆςο
1314 3357 1408 3408 καὶ
1468 3356 1612 3408 ἔστω
1668 3374 1757 3425 μοι
1791 3358 1824 3424 ἡ

266 3444 400 3508 γυνὴ
435 3442 552 3507 μεθ’
583 3437 650 3515 ἦς
680 3444 925 3512 ἥμαρτον
950 3446 1030 3509 εἰς
1057 3444 1363 3513 συμϐίωσιν
1390 3449 1663 3517 γαμικήν.
1692 3448 1829 3501 T05-

262 3549 326 3585 το
351 3531 466 3597 οὖν,
501 3534 656 3599 φησὶ,
686 3535 1137 3605 παραχωρεῐσθαι
1166 3537 1226 3588 οὔ
1259 3537 1390 3606 χρὴ,
1432 3538 1546 3590 ἀλλ’
1576 3541 1642 3591 ὲκ
1697 3555 1836 3591 παν-

261 3624 349 3686 τὸς
399 3626 732 3678 διασπᾶσθαι
779 3626 878 3696 τὴν
927 3628 1226 3696 συνάφειαν
1268 3628 1471 3687 αὐτῶν.
1508 3630 1605 3681 καὶ
1661 3630 1830 3700 χωρί-

261 3712 447 3777 ζεσθαι
476 3715 571 3767 ἀπ’
603 3715 848 3783 ἀλλήλων
886 3718 1015 3779 τοὺς
1063 3719 1362 3780 τοιούτους.
1397 3719 1568 3773 Τοῦτο
1596 3720 1704 3790 γὰρ
1735 3724 1829 3775 καὶ

256 3808 322 3873 τῇ
364 3804 666 3875 Ἐκκλησία
711 3805 1010 3869 λυσιτελὲς,
1051 3807 1517 3876 ἀποκοπτομένων
1566 3812 1662 3863 καὶ
1718 3814 1828 3865 τῶν

256 3894 461 3946 λοιπῶν
512 3896 585 3964 μὴ
649 3897 872 3950 comica
924 3898 1151 3967 τολμᾷν.
1208 3898 1528 3966 Λογίζονται
1585 3903 1694 3971 γὰρ
1745 3903 1828 3955 δτι

256 3986 423 4053 Οὔδξν
460 3985 613 4039 ἔσται
654 3988 785 4056 ἡμῖν
817 3988 1030 4054 ὄφελος,
1059 3990 1163 4043 κάν
1192 3991 1552 4061 ἁμάρτωμεν,
1595 4011 1673 4065 μη
1723 4011 1826 4048 πα-

257 4079 721 4147 ραχωρουμένοις,
768 4078 869 4130 κᾶν
917 4082 1015 4143 τῆς
1066 4080 1234 4154 τιμῆς
1285 4083 1637 4149 ἐκπέσωμεν,
1682 4103 1822 4153 συμ-

253 4167 405 4219 ϐιοῦν
435 4170 495 4235 τῇ
529 4171 749 4235 γυναικὶ
850 4170 1269 4239 συνεφθάρημεν
1293 4187 1309 4203 ⁸
1347 4174 1439 4225 καὶ
1466 4176 1515 4226 οἱ
1548 4176 1820 4244 αίρετικοὶ

249 4259 347 4327 οὐχ
371 4258 555 4321 ἕξουσι
609 4259 776 4329 λαϐὴν
817 4260 939 4313 καθ’
976 4261 1134 4331 ἡμῶν
1184 4263 1366 4329 λέγειν
1395 4267 1479 4318 ὅτι
1515 4267 1615 4320 Διά
1662 4269 1822 4321 τοῦτο

248 4347 643 4416 παραχωροῦσι
677 4351 787 4410 τοῖς
818 4351 1196 4420 ἁμαρτάνουσι
1233 4354 1403 4424 συζῇν
1446 4360 1569 4418 ταῖς
1604 4358 1821 4424 γυναιξὶ

251 4438 367 4507 μεθ’
401 4434 477 4491 ὧν
499 4440 771 4509 ἥμαρτον,
806 4444 899 4493 καὶ
944 4442 1019 4503 ὡς
1059 4448 1327 4510 γαμεταῖς
1385 4448 1690 4515 κεχρῆσθαι
1723 4452 1819 4503 αύ-

1941 3259 2139 3322 ricum,
2186 3258 2278 3327 qui
2331 3257 2470 3310 sacri
2548 3255 2754 3308 ordinis
2811 3256 3072 3321 dignitate
3105 3252 3174 3306 ob
3214 3253 3505 3306 admissam

1937 3350 2153 3417 culpam
2208 3348 2508 3407 exciderat,
2567 3348 2793 3408 dixisse,
2848 3345 3294 3411 Quandoquidem
3350 3360 3507 3398 sacro

1936 3445 2129 3498 ordine
2158 3456 2338 3496 motus
2395 3458 2535 3503 smn,
2570 3438 2721 3492 fruar
2764 3440 2955 3492 saltem
3013 3437 3303 3503 voluptate,
3334 3447 3387 3489 ct
3434 3441 3506 3492 sit

1936 3535 2068 3588 ntilti
2133 3533 2332 3587 mulier
2382 3532 2515 3592 base,
2563 3547 2686 3585 cum
2743 3544 2845 3596 qua
2876 3528 3116 3595 peccavi,
3170 3528 3502 3581 matrimonii

1935 3628 2194 3682 societate
2251 3625 2555 3691 conjuncta,
2619 3621 2730 3674 Hoc
2762 3636 2913 3691 ergo,
2968 3620 3163 3686 inquit,
3191 3620 3507 3687 permittere

1937 3716 2079 3768 baud
2104 3723 2337 3782 oportet,
2366 3714 2458 3766 sed
2495 3712 2706 3763 illorum
2755 3711 3065 3763 Societatem
3108 3708 3321 3773 penitus
3357 3709 3489 3761 diri-

1935 3821 2102 3870 mere,
2151 3816 2315 3873 atque
2356 3804 2424 3855 ab
2468 3803 2695 3855 invicem
2724 3800 2982 3866 ejusmodi
3030 3813 3337 3869 segregare.
3376 3798 3485 3853 lloc

1934 3899 2202 3966 siquidem
2231 3910 2283 3951 et
2310 3895 2563 3948 Ecclesia:
2602 3894 2728 3947 utile
2775 3893 2954 3958 fuerit,
2981 3895 3103 3945 dum
3133 3893 3221 3945 alii
3253 3906 3486 3960 quoque,

1933 4003 2000 4042 ne
2048 3986 2313 4054 ejusmodi
2375 3986 2628 4046 audeant,
2701 3985 3085 4049 repritnentur.
3139 3983 3214 4036 lta
3270 3998 3502 4048 namque

1931 4078 2259 4143 cogitabant,
2287 4074 2425 4127 Nihil
2453 4074 2607 4126 nobis
2631 4072 2898 4140 proderit,
2938 4074 3150 4126 etiamsi
3194 4087 3499 4140 peccemus,

1930 4172 2195 4240 siquidem
2234 4185 2359 4223 cum
2405 4184 2465 4221 ea
2519 4168 2771 4230 muliere,
2828 4184 2950 4221 cum
3000 4184 3102 4236 qua
3138 4170 3499 4236 corrttptisu~

1930 4278 2071 4322 mus,
2097 4261 2343 4327 quamvis
2398 4260 2602 4311 honore
2653 4259 3036 4319 etttiilerimus,
3070 4269 3283 4312 aetatem
3338 4274 3497 4327 agere

1929 4355 2072 4409 baud
2103 4354 2261 4405 liceat
2295 4366 2444 4404 :.nec
2489 4349 2768 4402 habebunt
2819 4349 3054 4402 Ita-retiei
3085 4367 3272 4403 ansam
3310 4360 3495 4403 contra

1930 4461 2027 4498 nos
2082 4442 2318 4503 dicendi,
2372 4456 2470 4494 nos
2500 4455 2560 4493 ea
2594 4442 2659 4493 de
2710 4455 2881 4494 causa
2912 4440 3353 4508 delinquentibus
3379 4457 3493 4508 per-

245 4530 364 4587 ταῐς
391 4528 630 4580 διδόασιν
658 4529 846 4581 ἄδειαν
876 4531 1062 4593 αὐτοῖς
1090 4549 1103 4563 ·
1135 4532 1221 4584 ἵνα
1248 4534 1421 4598 οὕτως
1468 4538 1818 4593 ἐπισπῶνται

1940 4531 2157 4588 nittere.
2186 4538 2244 4580 ut
2274 4544 2395 4581 cum
2441 4531 2506 4581 iis
2534 4530 2854 4581 mulieribus
2925 4529 3132 4591 vivant,
3171 4530 3491 4596 quibuscum

243 4634 396 4677 τινας
420 4617 530 4668 τῶν
560 4617 618 4682 ἐξ
640 4618 836 4689 ἑτέρας
866 4619 1192 4689 θρησκείας,
1227 4624 1396 4693 ἤγουν
1443 4627 1816 4698 ὑποσύρωσιν,

244 4708 603 4776 ἐφέλκωνται,
635 4710 711 4772 ὡς
757 4711 956 4774 ἐῶντες
1008 4714 1272 4780 ἐμμένειν
1326 4720 1389 4784 τῇ
1424 4717 1691 4789 ἁμαρτίᾳ,
1725 4724 1818 4774 καὶ

247 4800 321 4869 μὴ
352 4799 576 4862 λύοντες
608 4802 734 4863 τοὺς
767 4799 1043 4870 ἀθέσμους
1072 4803 1311 4871 γάμους,
1345 4798 1420 4857 ὧν
1456 4814 1815 4878 προηγήσατο

243 4893 488 4962 πορνεία.

309 5157 538 5211 ΑΡΙΣΤ.
604 5157 673 5210 Ἦ
722 5154 1005 5228 κανονικὴ,
1062 5156 1115 5209 εἶ
1167 5173 1270 5210 που
1332 5158 1429 5211 καὶ
1488 5159 1811 5228 ζεύγνυται,

238 5248 643 5315 διαζεύγνυται.

320 5340 385 5393 Ἥ
416 5337 716 5408 παρθενίαν
746 5338 1134 5410 ὁμολογήσασα
1176 5339 1272 5392 καὶ
1304 5339 1697 5410 ἀποταξαμένη
1732 5342 1809 5409 τῷ

236 5431 422 5499 γάμῳ,
452 5431 547 5482 καὶ
595 5428 685 5480 τὸν
736 5430 793 5481 ἂν
835 5429 1095 5498 ἁγιασμῷ
1133 5431 1527 5499 προτιμήσασα
1585 5432 1720 5500 βίον,
1759 5434 1808 5485 εί

236 5522 330 5582 τὰς
352 5519 647 5588 ὁμολογίας
674 5518 843 5589 αὐτῆς
886 5519 1204 5588 ἀθετήτασα
1236 5522 1448 5583 ἡδοναῖς
1482 5522 1806 5586 ἀκολάστοις

234 5611 430 5676 ἑαυτὴν
460 5609 621 5679 ἐκδῷ,
646 5610 740 5661 καὶ⁵
762 5610 913 5679 νόμῳ
940 5610 1098 5679 δῆθεν
1125 5613 1306 5681 γάμου
1338 5613 1492 5682 ἀνδρὶ
1531 5614 1805 5684 συναφοῇ,

232 5703 291 5752 οὔ
334 5705 514 5769 γάμος
541 5699 700 5751 τοῦτο
744 5701 1090 5772 κριθήσεται,
1119 5701 1252 5755 ἀλλά
1300 5702 1528 5771 πορνεία
1551 5718 1565 5733 ο
1603 5705 1634 5773 ἢ
1671 5708 1807 5773 μᾶ).-

231 5794 337 5847 ὶ.ον.
389 5792 535 5845 κατά
579 5791 671 5843 τὸν
707 5791 1174 5845 ὀκτωκαιδέκατον
1252 5796 1453 5849 κανόνα
1502 5795 1689 5848 τούτου
1746 5798 1801 5849 δὲ

1925 4630 2321 4688 peccaverunt,
2347 4633 2551 4687 easque
2603 4634 2827 4671 llxlll‘llln
2893 4619 3014 4671 loco
3042 4621 3303 4671 retinendi
3332 4620 3495 4674 facul-

1928 4722 2089 4765 tatem
2135 4711 2269 4778 ipsis
2319 4711 2473 4769 dare.
2505 4720 2559 4762 ttt
2589 4711 2688 4762 bac
2720 4714 2927 4763 ratione
2954 4710 3161 4775 aliquos
3188 4726 3251 4763 ex
3286 4712 3376 4773 iis,
3402 4712 3493 4779 qui

1923 4803 2149 4856 diversa:
2190 4800 2438 4867 religioni
2481 4800 2680 4852 addicti
2738 4810 2885 4859 sunt,
2914 4801 3215 4863 attrabant‘,
3254 4801 3355 4854 boc
3386 4811 3493 4866 est,

1921 4894 2242 4953 subducant,
2269 4891 2549 4953 alliciant;
2597 4892 2794 4958 quippe
2827 4890 2932 4943 illis
2961 4892 3010 4941 in
3044 4901 3269 4959 peccato
3295 4892 3494 4959 degere

1921 4984 2324 5049 permittentes,
2351 4996 2446 5033 nec
2482 4979 2788 5048 illegitimas
2821 4982 3058 5049 nuptias,
3089 4996 3227 5048 quas
3251 4980 3493 5038 fornica-

1922 5073 1998 5125 tiu
2022 5072 2319 5141 praecessit,
2358 5070 2653 5124 solventes.

1988 5162 2219 5218 ARIST.
2268 5163 2569 5226 Canonica,
2613 5161 2658 5215 si
2695 5161 3040 5215 matrimonio
3072 5163 3258 5231 juncta
3303 5162 3491 5228 fuerit,

1920 5256 2277 5323 disjnngitur.

1987 5347 2116 5411 Quae
2159 5345 2525 5415 virginitatem
2589 5343 2830 5413 professa
2874 5353 2995 5408 est,
3046 5353 3095 5399 et
3139 5342 3493 5397 matrimonio

1916 5438 2275 5500 renuntiavit,
2306 5447 2358 5489 et
2383 5436 2547 5488 vitam
2579 5437 2631 5487 in
2654 5436 3013 5488 sanctimonia
3040 5434 3481 5502 actamprzctulit,

1914 5529 1957 5579 si
2002 5525 2364 5594 professiones
2388 5539 2516 5577 suas
2561 5524 2927 5589 vilipendens,
2970 5524 3274 5576 libidinosis
3301 5538 3358 5577 se
3388 5525 3450 5575 de

1914 5616 2056 5669 derit
2102 5615 2483 5683 voluptatibus,
2546 5624 2600 5669 et.
2656 5614 2993 5668 matrimonii
3053 5615 3306 5667 nimirum
3362 5613 3479 5682 lege

1911 5708 2028 5760 viro
2054 5708 2338 5775 conjuncta
2382 5707 2561 5769 fuerit,
2602 5707 2748 5759 istud
2801 5707 3206 5759 matrimonium
3240 5719 3344 5757 non
3382 5703 3472 5771 ju-

1913 5798 2200 5859 dicabitur,
2254 5799 2346 5852 sed
2393 5796 2677 5851 fornicatio
2732 5815 2747 5849 :
2800 5808 2888 5849 aut
2956 5796 3132 5852 potius
3178 5795 3471 5851 secundum
