4124 6450
229 384 338 446 (309

1183 387 1263 446 ΙΝ
1301 388 1542 450 EPIST.
1588 390 1649 448 S.
1686 388 1968 448 BASILII
2021 388 2456 449 CANONlCABI
2505 393 2554 451 Ι.

3369 395 3473 458 610

234 492 406 556 ὶέγει.
447 493 520 544 Ἥ
557 493 666 562 γὰρ
698 492 945 564 ἀρχῆθεν
983 489 1126 564 ἦσαν
1174 497 1240 546 τὰ
1283 491 1474 546 εἴδωλα
1528 495 1804 559 σέϐοντες,

1921 497 2246 550 sacrificant.
2278 496 2410 551 Nam
2448 501 2526 554 vel
2559 501 2680 556 inde
2712 503 2779 558 a'b
2822 505 2973 560 initio
3002 505 3264 561 idolorum
3306 511 3474 568 cultui

235 582 331 636 καὶ
374 585 767 653 προσελθόντες
798 589 862 655 τῇ
909 586 1088 638 πίστει
1122 586 1216 639 καὶ
1259 585 1670 654 βαπτισθέντες,
1715 588 1802 638 εύ-

237 676 334 736 θῦς
363 678 476 737 τοῖς
507 679 721 739 πιστοῖς
752 677 1234 747 συναριθμοῦνται,
1255 679 1348 729 κα)⁵
1387 677 1494 730 τῶν
1530 679 1805 746 ἀγιασμά-

238 783 346 818 των
403 769 756 836 μετέχουσιν·
828 769 860 837 ἢ
926 769 1246 838 Χριστιανοὶ
1322 768 1496 830 ὄντες,
1561 769 1802 831 εἰδώλοις

241 857 462 922 ἔθυσαν,
495 860 588 910 καὶ
615 859 700 912 διά
744 859 858 925 βίου
893 862 1172 926 μετανοεῖν
1198 859 1526 928 ὀφείλουσιν.
1555 859 1630 910 Ού
1674 861 1806 928 περὶ

239 947 498 1000 τοιούτων
535 946 626 1002 οὖν
673 950 1076 1018 είδωλολατρῶν
1130 949 1274 1001 ἔοικε
1333 948 1510 1014 λέγειν
1549 951 1577 1001 ὀ
1624 950 1804 1016 ἅγιος,

240 1037 377 1093 ἀλλά
410 1039 537 1100 τοὺς
572 1038 774 1106 γόητας
811 1039 902 1091 καὶ
938 1039 1064 1101 τοὺς
1106 1039 1174 1091 τὰ
1218 1039 1486 1109 περίεργα
1516 1041 1808 1101 ποιοῦντας

244 1127 638 1198 εἱδωλολάτρας
693 1129 986 1181 ἐκάλεσεν
1045 1129 1118 1192 ὡς
1155 1129 1475 1197 ἐπικλήσεις
1528 1129 1804 1197 δαιμόνιον

243 1219 598 1286 ποιουμένους
629 1220 689 1271 ἐν
731 1221 852 1281 ταῖς
889 1222 1188 1289 γοητείαις,
1225 1221 1318 1273 καὶ
1357 1221 1414 1284 ἐξ
1456 1223 1681 1273 ἐκείνων
1714 1221 1810 1289 ζη-

245 1309 475 1370 τοῦντας
533 1311 875 1381 ἐπικουρίαν,
927 1311 1222 1364 κάντεῦθεν
1291 1311 1583 1374 δοκοῦντας
1641 1313 1810 1380 τιμᾷν

243 1401 340 1455 καὶ
381 1401 709 1471 θεραπεύειν
759 1402 974 1466 αὐτούς.
1019 1401 1199 1454 Εἰπὼν
1240 1403 1294 1456 δὲ
1343 1404 1426 1455 ὅτι
1480 1404 1575 1472 τῆς
1636 1404 1810 1473 αὐτῆς

242 1491 540 1560 καταδίκης
595 1493 734 1544 εἰσὶν
801 1493 1130 1562 ἠξιωμένοι,
1189 1495 1246 1545 οὗ
1293 1494 1451 1546 casto
1507 1495 1678 1560 λέγει,
1730 1495 1811 1546 ὅτι

244 1580 553 1652 ἰσαρίθμοις
578 1583 940 1652 έπιτιμῶνται
973 1586 1264 1646 ἐνιαυτοῖς,
1305 1584 1418 1636 ἀλλ’
1449 1584 1530 1636 ὅτι
1569 1583 1813 1636 πολυετεῖ

245 1672 510 1742 ἐπιτιμίῳ
539 1672 875 1738 ὑπόκεινται,
906 1674 1130 1726 ἔκαστοι
1169 1676 1224 1728 δὲ
1259 1676 1398 1727 κατά
1445 1678 1572 1736 τοὺς
1638 1675 1802 1738 ἰδίους

247 1766 427 1833 ὅρους.
476 1765 629 1818 Ὅσοι
661 1766 716 1818 δὲ
765 1766 858 1818 ἐπὶ
922 1769 1214 1838 τριάκοντα
1267 1768 1416 1820 ἔτεσι
1479 1768 1813 1836 μετενόησαν

1912 588 2058 641 fuere
2087 589 2308 651 addicti,
2348 600 2510 658 atque
2547 594 2612 645 ad
2647 595 2801 649 fidem
2833 598 3173 663 accedentes,
3209 609 3262 654 et
3295 600 3474 670 bapti-

1911 693 2028 730 smo
2063 678 2284 745 expiati,
2335 680 2617 735 confestim
2657 699 2777 736 cum
2814 685 3064 741 fidelibus
3107 690 3474 744 adnumeran-

1909 777 2016 832 tur,
2064 767 2339 836 sacrisque
2400 773 2669 840 mysteriis
2726 777 3164 845 communicant;
3229 780 3311 832 vel
3349 796 3472 835 cum

1915 857 2212 911 Christiani
2269 869 2470 924 essent,
2526 861 2683 915 idolis
2712 864 3083 928 immolavere.
3115 883 3177 921 ac
3214 883 3308 937 per
3334 871 3473 925 inte-

1910 964 2060 1016 gram
2093 949 2258 1002 vitam
2293 950 2663 1017 paanitentiam
2691 969 2850 1022 agere
2873 955 3086 1009 debent.
3121 956 3472 1026 Nequaquam

1910 1043 2073 1107 igitur
2106 1042 2170 1094 de
2235 1043 2503 1108 ejusmodi
2569 1045 2868 1100 idololatria
2915 1059 3136 1102 sanctus
3186 1052 3274 1104 hic
3327 1052 3470 1119 loqui

1914 1131 2124 1183 videtur
2153 1148 2168 1186 :
2210 1135 2302 1186 sed
2337 1135 2777 1203 praestigiatores,
2832 1152 2894 1190 ac
2925 1137 3189 1205 ejusmodi
3222 1141 3476 1193 inanita-

1915 1222 2058 1274 tihus
2103 1230 2287 1274 curam
2354 1224 2746 1292 impendentes,
2779 1228 3096 1281 idololatras
3124 1229 3425 1282 nominavit
3457 1246 3474 1285 :

1912 1314 2111 1381 quippe
2165 1317 2254 1382 qui
2311 1316 2612 1370 daemonum
2673 1320 3042 1374 invocationes
3100 1321 3356 1374 adhibent
3406 1324 3474 1376 ad

1915 1407 2234 1474 prmstigias,
2267 1417 2376 1459 tum
2402 1425 2464 1460 ex
2501 1410 2564 1461 iis
2597 1411 2853 1462 auxilium
2902 1420 3107 1476 petunt,
3151 1427 3212 1464 ac
3252 1414 3478 1478 proinde

1913 1496 2284 1548 venerantium
2319 1498 2460 1562 ipsos
2489 1508 2542 1549 ct
2572 1498 2869 1551 colentium
2899 1498 3186 1564 quamdam
3241 1501 3474 1567 speciem

1915 1589 2175 1654 praebent.
2231 1587 2360 1639 Cum
2393 1602 2518 1641 vero
2559 1589 2745 1642 eadem
2809 1590 3256 1643 condemnatione
3287 1592 3477 1658 dignos

1917 1676 2192 1730 habendos
2222 1690 2338 1729 esse
2394 1676 2490 1740 ait,
2522 1692 2626 1729 non
2662 1679 2732 1730 ita
2770 1679 3158 1745 intelligendus
3189 1687 3291 1736 est.
3321 1677 3476 1747 quasi

1917 1767 2108 1834 aequali
2139 1782 2400 1820 annorum
2442 1783 2666 1822 numero
2703 1770 3016 1835 puniantur,
3069 1771 3162 1823 sed
3199 1771 3321 1836 quia
3361 1768 3479 1837 plu-

248 1853 400 1929 ιφνῇ
442 1849 1040 1927 ἔπραξαν’ἀκαθαρσίᾳ
1090 1859 1144 1909 έν
1201 1858 1393 1926 ἀγνοίᾳ
1427 1858 1656 1924 (ἀγνοῶν
1704 1857 1814 1925 γάρ

1921 1858 2057 1909 rium
2100 1873 2361 1910 annorum
2405 1859 2583 1909 multa:
2627 1859 2737 1912 sint
2771 1860 3012 1922 obnoxii,
3065 1861 3260 1929 singuli
3299 1872 3477 1914 tamen

241 1966 329 2010 τις
369 1949 531 2017 τυχὸν
568 1950 820 2015 συγγενεῖ
852 1947 1020 2017 ἐμίγη
1055 1949 1129 2017 μὴ
1155 1949 1308 2010 είδὼς
1330 1949 1428 2016 τὴν
1460 1949 1808 2015 συγγένειαν,

243 2040 277 2108 ἢ
316 2039 532 2106 γυναικί
571 2055 697 2100 τινι,
735 2037 808 2108 μὴ
854 2036 1012 2100 εἰδὼς
1051 2039 1132 2091 ὃτι
1184 2041 1278 2092 καὶ
1321 2040 1348 2092 6
1404 2040 1587 2108 πατὴρ
1640 2037 1805 2090 αὑτοῦ

244 2131 521 2199 ἐχρήσατο
571 2131 800 2200 ἐκείνῃ),
845 2132 970 2190 τοὺς
1022 2127 1301 2191 τοιούτους
1353 2130 1472 2182 οῦδὲ
1531 2129 1808 2199 ἀμφιϐάλ-

243 2221 359 2272 λειν
415 2220 600 2290 ἐχρῆν,
653 2221 848 2289 φησιν,
901 2221 982 2280 είς
1028 2219 1086 2272 τὸ
1139 2219 1577 2288 παραδέξασθαι,
1637 2219 1810 2272 πολλά

243 2310 471 2379 ἔχοντας
543 2309 726 2361 δίκαια
796 2311 876 2372 είς
941 2311 1001 2362 τὸ
1068 2309 1632 2379 συγγνωμονηθῆναι,
1706 2309 1808 2371 τὴν

241 2403 488 2467 ἄγνοιαν,
521 2401 580 2452 τὸ
611 2399 858 2452 ἑκούσιον
883 2400 982 2468 τῆς
1027 2399 1430 2470 ὲξαγορεύσεως
1479 2399 1807 2469 (ἀγνοούμε-

243 2511 332 2544 νον
366 2492 475 2560 γάρ
513 2493 571 2544 τὸ
611 2491 918 2561 ἁμάρτημα
978 2491 1199 2553 ἑκόντες
1254 2489 1762 2559 ἐξωμολογήσαντο)
1791 2505 1807 2522 ο

245 2582 340 2635 καὶ
388 2582 489 2650 τὴν
535 2580 627 2633 τοῦ
684 2582 878 2650 χρόνου
927 2582 1258 2648 παράτασιν.
1304 2578 1498 2647 Σχεδὸν
1534 2578 1642 2648 γὰρ
1682 2578 1810 2647 ὅλην

240 2674 442 2741 γενεὰν
495 2671 782 2743 ἀνθρώπου
849 2671 1228 2740 παρεδόθησαν
1289 2670 1369 2734 τῷ
1423 2669 1673 2738 Σατανᾷ,
1719 2668 1804 2720 ἵνα

243 2764 574 2818 παιδευθῶσι
616 2764 691 2834 μὴ
723 2765 1076 2834 ἀσχημονεῖν.
1112 2763 1210 2816 Διά
1267 2759 1440 2814 ταῦτα
1481 2760 1662 2812 τοίνυν
1724 2759 1809 2812 δε-

242 2861 404 2922 κτοῦς
435 2857 684 2927 ἡγεῖσθαι
707 2857 925 2919 αὐτούς.

1911 1946 2064 2013 juxta
2132 1949 2376 2014 proprios
2436 1948 2724 2001 terminos.
2775 1949 2874 2013 Qui
2910 1965 3035 2003 vero
3060 1951 3277 2019 triginta
3320 1953 3476 2004 annis

1916 2036 1991 2090 ob
2027 2037 2412 2105 impuritntem,
2455 2053 2616 2106 quam
2680 2042 2990 2108 ignorantes
3035 2042 3390 2106 admiserunt,
3427 2044 3476 2094 in

1915 2127 2233 2194 poenitentia
2283 2130 2481 2181 versati
2533 2137 2656 2182 sunt
2730 2130 2947 2199 (aliquis
2999 2131 3140 2185 enim
3192 2131 3330 2184 forte
3383 2148 3480 2200 per

1915 2217 2309 2285 ignorationem
2371 2233 2497 2271 cum
2547 2230 2776 2288 cognata
2813 2237 2923 2274 rem
2983 2222 3191 2286 habuit,
3228 2223 3480 2288 ignorans

1912 2308 2310 2374 cognationem,
2347 2318 2438 2361 aut
2499 2325 2622 2363 cum
2676 2312 2779 2364 alia
2815 2313 3058 2375 muliere,
3116 2325 3235 2365 cum
3275 2321 3478 2381 patrem

1915 2412 2130 2466 quoque
2186 2412 2338 2450 suum
2374 2399 2459 2452 illa
2493 2415 2647 2452 usuin
2682 2400 2847 2455 fuisse
2887 2402 3206 2471 ignoraret),
3240 2403 3304 2457 de
3333 2404 3480 2473 ejus-

1927 2489 2098 2550 modi,
2133 2489 2325 2556 inquit,
2389 2505 2456 2543 ne
2516 2492 2869 2545 dubitandum
2926 2502 3008 2547 est
3057 2494 3294 2560 quidem,
3347 2497 3478 2561 quin

1918 2577 2296 2641 admittantur,
2328 2595 2450 2632 cum
2482 2581 2680 2636 multas
2715 2583 2947 2637 habeant
2977 2585 3382 2648 excusationes”,
3410 2586 3479 2634 ob

1917 2683 2050 2736 quas
2083 2669 2162 2722 eis
2197 2671 2357 2722 venia
2388 2671 2611 2731 concedi
2645 2673 2810 2738 possit
2844 2690 2856 2724 :
2895 2672 3280 2741 ignorationem
3322 2673 3483 2725 nimi-

1920 2774 2065 2825 rum,
2097 2770 2445 2826 spontaneam
2475 2760 2874 2815 confessionem
2900 2765 3226 2831 (ignoratum
3254 2777 3484 2830 namque

1917 2850 2122 2904 crimen
2146 2861 2334 2918 sponte
2365 2849 2598 2906 confessi
2637 2851 2787 2921 sunt)
2819 2867 2884 2907 ac
2918 2854 3176 2920 temporis
3206 2853 3480 2906 diuturni-

245 2964 432 3006 tatem.
487 2953 622 3007 Tota
671 2967 908 3020 namque
969 2950 1082 3005 fere
1115 2949 1348 3004 hominis
1396 2955 1556 3001 aetate
1585 2946 1803 2998 Satanae
1841 2943 2025 2997 traditi
2080 2941 2225 3006 Sunt,
2279 2953 2340 2996 ut
2390 2958 2419 2995 a
2481 2945 2726 3014 turpibus
2770 2946 3044 2999 abstinere
3109 2946 3342 3000 discant.
3403 2945 3484 2998 0h

247 3052 359 3102 base
418 3049 584 3117 igitur
634 3047 793 3103 facile
829 3047 976 3116 ipsos
1012 3047 1375 3100 admittendos
1420 3058 1539 3098 esse
1569 3043 1892 3095 arbitratur.

317 3141 432 3193 Οὐκ
467 3141 698 3206 ἄκαιρον
731 3137 786 3188 δὲ
821 3137 916 3188 καί
956 3152 1009 3187 τι
1055 3137 1373 3205 παρενεῖραι
1415 3133 1492 3202 τῷ
1529 3134 1693 3201 λόγῳ,
1731 3134 1815 3186 και

1998 3131 2112 3186 Non
2160 3134 2393 3188 alienum
2447 3145 2623 3189 autem
2668 3134 2770 3188 erit
2800 3135 3050 3202 quiddam
3086 3135 3246 3190 etiam
3280 3135 3366 3190 hic
3402 3137 3484 3190 in-

242 3234 406 3284 λῦσαι
427 3229 901 3298 ἀμφιϐαλλόμενον
921 3228 972 3280 τί
1002 3244 1141 3279 τισιν
1172 3244 1185 3258 ο
1211 3227 1238 3278 6
1276 3227 1448 3294 μέγας
1493 3225 1814 3287 ’.ἀπόστολος

244 3322 557 3393 Κορινθίοις
583 3320 826 3373 imum
839 3338 934 3382 ων,
978 3319 1072 3371 καὶ
1102 3319 1229 3386 περὶ
1255 3317 1350 3369 τοῦ
1388 3319 1814 3384 πεπορνευκότος

243 3417 324 3475 εἰς
371 3412 468 3482 τὴν
508 3412 644 3464 ίδίαν
692 3411 958 3480 μητρυιὰν
982 3409 1207 3479 γράφων
1233 3425 1246 3438 ο
1282 3407 1582 3475 Παράδοτει
1606 3407 1810 3469 αὐτὸν,

244 3508 404 3575 gnat,
441 3503 521 3568 τῷ
554 3501 810 3568 Σατανᾷ,
863 3503 963 3554 ἵνα
1013 3501 1078 3554 τό
1129 3501 1362 3568 πνεῦμα
1411 3499 1598 3567 σωθῇ.
1660 3499 1814 3560 Τινὲς

248 3599 352 3666 μὲν
388 3597 480 3650 οῦν
515 3595 732 3661 δαίμονι
758 3594 986 3660 κάτοχον
1034 3591 1286 3659 γενέσθαι
1315 3591 1406 3642 τὸν
1443 3589 1814 3659 πορνεύσαντα

244 3691 490 3757 λέγουσι,
538 3689 680 3748 τινὲς
715 3686 772 3738 δὲ
813 3686 970 3736 νόσου
1015 3686 1242 3753 μάστιγι
1275 3681 1558 3750 ἐκδοθῆναι
1588 3700 1600 3713 ·
1637 3682 1813 3733 καίτοι

247 3777 308 3842 ἐξ
339 3774 520 3827 αὐτῶν
545 3773 650 3825 τῶν
672 3772 806 3841 πρὸς
841 3771 1156 3840 Κορινθιυος
1198 3768 1526 3821 Ἐπιστολῶν
1552 3767 1812 3835 λυομένου

245 3867 343 3919 τοῦ
383 3863 710 3932 ἀμφιϐόλου,
741 3863 835 3912 καὶ
870 3860 1201 3928 δηλουμένου
1236 3860 1316 3911 ὅτι
1352 3860 1411 3909 τὸ
1442 3857 1814 3926 παραδοθῆναι

246 3959 328 4028 τῷ
379 3957 596 4024 Σατανᾷ
643 3953 1005 4024 ἁφορισθῆναί
1035 3953 1174 4014 ἐστι,
1224 3951 1316 4002 καὶ
1349 3951 1442 4016 τῆς
1471 3950 1576 3999 τῶν
1608 3949 1815 4000 πιστῶν

248 4049 472 4117 μερίδος
527 4045 956 4115 ἐκκηρυχθῆναι.
1029 4043 1118 4095 Ἐν
1173 4043 1270 4110 μὲν
1317 4042 1424 4110 γὰρ
1471 4045 1535 4110 τῇ
1598 4041 1814 4112 πρώτῃ,

242 4138 377 4189 ἔνθα
410 4139 503 4188 καί
533 4135 905 4202 παραδοθῆναι
935 4123 1013 4200 τῷ
1046 4133 1259 4200 Σατανᾷ
1297 4131 1385 4181 τὸν
1420 4131 1818 4200 ἁμαρτήσαντα

243 4227 598 4290 κατεδίκασε,
631 4225 760 4294 φησί
788 4241 803 4255 ο
837 4224 942 4277 Καὶ
985 4222 1152 4291 ὑμεῖς
1184 4223 1626 4290 πεφυσιωμένοι
1655 4223 1816 4284 ἐστὲ,

245 4317 351 4370 καὶ
384 4316 522 4384 οὐχὶ
565 4315 808 4384 μᾶλλον
856 4315 1252 4380 ἐπενθήσατε,
1317 4314 1419 4366 ἵνα
1478 4313 1700 4381 ἐξαρθῇ
1750 4314 1819 4377 ἐξ

243 4407 418 4477 ὑμῶν
447 4410 480 4459 ό
534 4407 597 4458 τὸ
643 4408 820 4473 ἔργον
856 4405 1026 4466 toﬁna
1075 4405 1350 4467 ποιήσας.
1390 4403 1462 4454 Τὸ
1490 4403 1566 4465 δὲ,
1598 4403 1820 4470 ἐξαρθῇ

242 4498 316 4562 ἐξ
343 4495 530 4566 ὑμῶν,
560 4495 609 4546 τί
638 4495 767 4548 ἄλλο
787 4495 938 4548 ἐστὶν
974 4493 1005 4561 ἦ
1033 4494 1137 4556 ὃτι,
1176 4494 1263 4544 ἵνα
1292 4495 1501 4562 ὲκκοπῇ
1535 4495 1628 4544 καὶ
1660 4493 1818 4545 ἀλλο-

243 4587 460 4659 τριωθῇ
509 4584 603 4651 ἀφ’
655 4584 846 4651 ὑμῶν;
903 4584 1263 4636 Ἐκκόπτεται
1316 4583 1372 4636 δὲ
1429 4584 1457 4634 6
1505 4586 1818 4653 ἀφορισθεὶς

245 4681 344 4732 καὶ
373 4679 449 4747 μὴ
484 4682 548 4745 τῇ
593 4677 703 4728 τῶν
739 4676 948 4728 πιστῶν
980 4674 1375 4742 συνενούμιενος
1409 4674 1596 4744 μοίρᾳ.
1646 4676 1735 4727 Ἐν
1765 4676 1820 4728 δὲ

243 4773 314 4837 τῇ
347 4768 574 4836 δευτέρᾳ
629 4763 915 4832 Ἐπιστολῇ
959 4779 1091 4830 φησι
1117 4778 1130 4790 ·
1167 4762 1484 4830 κυρώσατε
1518 4768 1606 4827 εις
1635 4763 1823 4817 αὑτὸν

245 4858 516 4926 ἀγάπην.
551 4857 673 4918 Πῶς
701 4855 793 4908 οῦν
823 4856 958 4926 πρὸς
993 4857 1084 4906 τὸν
1112 4852 1560 4922 δαιμονιζόμενον
1597 4854 1822 4922 ἔμελλον

249 4949 507 5015 κυρῶσαι
536 4947 755 5014 ἀγάπην
782 4963 795 4975 ο
826 4945 858 5014 ἢ
907 4944 1043 5012 πρὸς
1071 4944 1162 4994 τὸν
1201 4942 1365 4995 πάθει
1395 4943 1621 5012 λέπρας,
1661 4941 1693 5010 ἢ
1719 4946 1827 4995 τινὶ

247 5035 484 5103 τοιούτῳ
525 5032 1085 5102 ταλαιπωρούμενον;
1136 5031 1433 5084 Ἐλεεῖσθαι
1477 5032 1584 5100 γὰρ
1628 5030 1830 5100 μᾶλλον

248 5125 491 5193 ὠφειλεν
536 5126 563 5175 6
619 5122 762 5176 οῦτω
820 5123 1065 5190 πάσχων,
1126 5121 1248 5190 ούχὶ
1309 5121 1606 5190 μισεῖσθαι.
1671 5121 1832 5172 Ἀλλά

247 5214 414 5268 τοῦτο
451 5214 608 5280 ἔλεγε
653 5213 892 5276 πάντως,
935 5214 1016 5265 ὅτι
1069 5213 1166 5265 Ὃν
1212 5213 1606 5280 ἀπεστράφητε
1647 5211 1736 5264 διά
1773 5211 1833 5263 τὸ

246 5310 583 5375 ἁμάρτημα,
609 5304 704 5355 καὶ
729 5303 828 5371 τῆς
869 5302 1196 5372 Ἐκκλησίας
1227 5300 1650 5370 ὴλλοτριώσατε,
1678 5301 1830 5364 δέξα-

251 5401 350 5452 σθε
382 5397 567 5457 πάλιν,
600 5397 688 5448 ἵνα
725 5394 800 5463 μὴ
829 5398 892 5464 τῇ
936 5395 1301 5463 περισσοτέρᾳ
1349 5393 1491 5462 λύπη
1521 5393 1827 5462 καταποθῇ.

251 5493 364 5544 Καὶ
414 5485 750 5556 ἑρμηνεύεις
780 5484 854 5544 ὡς
907 5483 1039 5550 γοῦν
1079 5484 1314 5551 εἴρηται,
1367 5484 1528 5544 αὐτὸς
1565 5484 1756 5536 ἑαυτὸν
1804 5486 1832 5536 6

263 5581 614 5639 ’Λπόστολος,
651 5578 746 5628 καὶ
771 5573 1076 5644 σαφηνίζει.
1113 5574 1176 5625 Ei.
1205 5572 1262 5623 δέ
1291 5589 1372 5634 τις
1401 5571 1832 5643 φιλονεικότερον

248 5674 594 5730 ἀνθίσταται,
626 5666 867 5718 πεισάτω
893 5665 1076 5717 τοῦτον
1111 5666 1140 5716 ό
1169 5665 1327 5730 cespes
1348 5657 1501 5724 οὗτος
1527 5664 1621 5715 καὶ
1651 5667 1822 5732 μέγας

327 5788 342 5817 ⁸
380 5789 550 5846 lCur.
595 5801 647 5853 ι’,
674 5785 729 5837 5.
860 5781 879 5811 ²
904 5782 1037 5836 Ibid.
1068 5780 1124 5838 2.
1221 5779 1240 5808 ⁸
1267 5779 1310 5834 ιι
1344 5781 1464 5835 Cor.
1501 5795 1557 5845 ιι,
1587 5780 1639 5833 8.

1919 3233 2184 3277 terserere
2216 3225 2468 3288 orationi,
2513 3239 2576 3277 ac
2609 3235 2813 3280 certam
2842 3228 3195 3294 quorumdam
3234 3229 3487 3295 quaestio-

1916 3331 2038 3370 nem
2094 3317 2352 3370 soivere:
2422 3333 2646 3386 magnus
2702 3317 2994 3386 Apostolus
3048 3319 3112 3371 ad
3179 3318 3486 3373 Corinth’os

1915 3410 2179 3473 scribens,
2236 3420 2289 3464 et
2337 3411 2405 3464 de
2460 3426 2546 3474 eo,
2585 3411 2678 3479 qui
2725 3427 2843 3465 cum
2903 3427 3130 3465 noverca
3195 3411 3489 3468 fornicatus

1916 3498 2089 3552 fuerat
2136 3501 2404 3554 disserens
2447 3518 2460 3554 :
2499 3501 2745 3564 Tradite,
2785 3502 2996 3571 inquit,
3051 3503 3219 3570 ipsum
3255 3502 3486 3562 Satanan

1916 3600 1969 3643 ut
2013 3591 2228 3658 spiritus
2257 3591 2432 3644 salvus
2487 3592 2579 3659 ﬁat
2629 3594 2666 3647 ί.
2711 3591 2935 3656 Quidam
3007 3593 3166 3660 igitur
3233 3593 3491 3647 daemonis

1916 3683 2166 3748 potestati
2240 3681 2529 3734 obnoxium
2615 3680 2963 3736 fornicarium
3053 3681 3248 3735 factum
3328 3681 3492 3735 fuisse

1918 3772 2130 3835 dicunt;
2161 3771 2374 3839 quidam
2398 3787 2526 3826 vero
2575 3772 2746 3826 morbi
2800 3772 3008 3842 ﬂagello
3041 3773 3314 3825 traditum.
3374 3773 3491 3826 Cie-

1919 3871 2090 3914 terum
2136 3876 2200 3914 ex
2277 3862 2516 3928 ipsisrnet
2565 3862 2630 3916 ad
2703 3863 3009 3916 Corinthios
3074 3861 3324 3929 Epistolis
3385 3864 3493 3917 Sul-

1925 3953 2070 4006 vitur
2105 3953 2393 4016 dubitatio,
2427 3964 2480 4006 et
2522 3954 2850 4018 declaratur,
2912 3953 3052 4020 quod
3088 3954 3221 4006 tradi
3257 3952 3488 4016 Satanan,

1919 4053 2001 4094 est
2035 4041 2304 4111 segregari
2361 4054 2414 4096 et
2441 4059 2466 4094 a
2505 4053 2647 4095 coetu
2674 4043 2909 4095 fidelium
2941 4044 3204 4096 abdicari.
3238 4041 3293 4094 ln
3325 4045 3487 4111 priori

1923 4146 2154 4199 namque
2206 4133 2292 4186 ubi
2343 4132 2504 4185 etiam
2540 4145 2659 4185 eum
2690 4132 2778 4198 qui
2815 4132 3110 4200 deliquerat
3146 4131 3358 4186 Satanae
3387 4143 3495 4184 tra-

1923 4224 2152 4275 dendum
2193 4223 2545 4290 adjudicavit,
2621 4221 2690 4273 Et
2736 4239 2846 4287 vos,
2897 4223 3089 4290 inquit,
3137 4224 3312 4290 inﬂati
3344 4224 3492 4286 estis,

1923 4323 1968 4365 et
2000 4328 2100 4365 non
2127 4313 2294 4381 magis
2332 4296 2530 4366 luctu‘m
2560 4312 2844 4375 habuistis,
2881 4323 2934 4364 ut
2965 4313 3185 4364 tollatur
3231 4329 3294 4366 ea:
3329 4313 3491 4376 vobis,

1923 4401 2008 4467 qui
2037 4399 2130 4450 hoc
2152 4415 2280 4466 opus
2307 4399 2427 4468 fecit
2463 4398 2503 4452 ’.
2533 4398 2666 4452 Illud
2693 4414 2904 4466 nempe,
2928 4398 3169 4462 tollatur,
3201 4400 3325 4467 quid
3353 4399 3494 4452 aliud

1928 4490 2218 4556 significat,
2254 4503 2412 4556 quam
2443 4498 2501 4541 ut
2541 4490 2842 4553 excidatur,
2876 4487 3186 4557 alienusque
3238 4491 3496 4542 habeatur

1932 4595 1960 4632 a
1996 4580 2188 4633 vobis?
2224 4579 2501 4632 Exciditur
2536 4594 2661 4632 vero
2701 4580 3009 4648 quicunque
3037 4591 3370 4648 segregzitur,
3397 4595 3494 4632 nec

1933 4668 1985 4721 in
2035 4682 2264 4721 numero
2319 4667 2552 4720 fidelium
2604 4676 2932 4720 recensetur.
2982 4667 3038 4720 lu
3089 4670 3319 4721 secunda
3369 4681 3497 4718 vero

1930 4759 2172 4829 Epistola
2201 4758 2316 4812 hanc
2347 4759 2524 4818 habet.
2564 4756 2875 4813 Conservate
2905 4775 3025 4827 erga
3051 4760 3221 4825 ipsum
3265 4757 3496 4809 Charita-

1933 4860 2034 4904 tem
2064 4849 2104 4902 ⁸.
2131 4848 2232 4914 Qui
2264 4850 2426 4919 igitur
2440 4849 2755 4903 charitatem
2785 4864 2908 4918 erga
2938 4859 3186 4902 vexatum
3207 4864 3234 4900 ιι
3257 4850 3500 4907 dtemone

1937 4941 2307 4997 conserVaturi
2347 4940 2573 4993 fuissent
2599 4957 2612 4992 :
2637 4939 2720 4994 vel
2748 4954 2872 5008 erga
2905 4939 3052 4992 illum
3088 4938 3177 5006 qui
3212 4937 3380 5004 lepra,
3415 4936 3496 4988 vel

1930 5031 2192 5101 ejusmodi
2223 5030 2330 5084 alio
2372 5031 2556 5083 morbo
2589 5030 2972 5097 premeretur?
3004 5027 3209 5081 Etenim
3254 5027 3498 5079 misereii

1932 5123 2114 5191 potius
2145 5122 2224 5176 sic
2276 5120 2478 5185 affecti,
2527 5136 2688 5190 quam
2730 5119 2880 5173 illum
2925 5119 3106 5172 odisse
3139 5133 3234 5184 par
3263 5125 3363 5168 est.
3395 5115 3500 5168 Sed

1937 5214 2041 5267 hoc
2098 5213 2256 5281 plane
2293 5211 2637 5281 significavit,
2696 5220 2755 5265 ut
2801 5225 2962 5280 quem
3014 5208 3221 5262 scilicet
3267 5208 3498 5259 aversati

1941 5305 2074 5359 estis
2107 5304 2176 5358 ob
2223 5317 2440 5368 noxam,
2473 5313 2527 5357 et
2575 5311 2731 5358 extra
2763 5302 3058 5356 Ecclesiam
3093 5300 3353 5368 ejecistis,
3409 5302 3504 5352 ad-

1942 5395 2169 5448 mittatis
2228 5394 2444 5459 iter'um,
2499 5410 2568 5451 ne
2610 5411 2639 5448 a
2681 5394 2848 5448 nimio
2887 5391 3069 5446 dolore
3128 5389 3503 5444 absorbeatur.

1940 5483 2106 5551 Ergo,
2141 5495 2201 5538 ut
2227 5485 2431 5538 dictum
2461 5493 2563 5550 est,
2593 5485 2706 5554 ipse
2739 5498 2796 5537 se
2825 5479 3117 5550 Apostolus
3157 5478 3412 5546 explicat,
3442 5489 3506 5527 ac

1939 5578 2196 5631 declarat.
2250 5575 2404 5642 Quod
2475 5576 2521 5630 si
2599 5576 2723 5645 quis
2779 5573 3168 5630 contentiosius
3228 5577 3508 5637 repugnet,

1947 5667 2084 5722 flecti
2118 5682 2176 5722 se
2206 5668 2441 5736 patiatur
2479 5665 2546 5720 ab
2592 5666 2695 5722 hoc
2752 5664 2978 5734 sapienti
3014 5672 3067 5718 et
3107 5675 3299 5730 magno
3331 5656 3511 5722 Patre,
