4124 6458
627 407 730 468 ﬁll

1881 391 2158 454 TIIECJD.
2203 388 2434 449 BALSA
2445 387 2600 447 ΜοΝ

3765 372 3873 433 Gl2

620 524 1060 580 animadvertetis
1110 519 1378 588 quomodo
1426 516 1514 571 hic
1551 513 1733 567 verbis
1787 511 1914 571 illis.
1977 507 2191 560 Satanre

2323 502 2490 570 Ιατὴρ
2555 496 2922 568 προσσχόντα.
2981 495 3125 555 ὅπως
3177 491 3444 561 ἐχρήσατο
3507 487 3741 539 ἐνταῦθα
3777 486 3880 553 τῷ,

625 616 856 668 traditus
907 621 1012 674 est,
1062 625 1191 664 usus
1228 609 1392 661 fuerit
1426 623 1440 660 :
1478 601 1904 670 segregationem
1961 613 2024 650 ac
2062 595 2195 647 rele-

626 708 896 776 gationem
943 719 972 756 a
1005 712 1145 756 ccetn
1184 701 1415 752 fidelium
1452 697 1664 750 Salaria:
1722 691 2062 746 traditionem
2102 702 2197 739 n0-

632 802 868 853 mirtaus.
927 795 1028 860 Qui
1092 797 1234 844 enim
1288 810 1312 842 a
1371 790 1601 842 fidelium
1633 785 1907 839 consortio
1941 781 2197 834 exclusus

627 900 735 951 est,
772 904 875 940 non
912 887 1140 952 an-plius
1169 883 1278 952 60
1302 882 1471 933 sancti
1502 880 1734 945 Spiritus
1766 877 1992 943 gratiam
2031 884 2198 939 penes

632 980 867 1043 seipsunt
905 976 1085 1034 hahet,
1117 987 1301 1021 Vrt’tlttt
1340 970 1424 1020 illa
1471 968 1730 1034 spoliatus
1758 975 1860 1014 cst.
1910 960 2011 1024 Qui
2073 969 2200 1009 vero

633 1069 698 1120 ab
731 1069 827 1119 hac
861 1066 1030 1132 gratia
1072 1063 1289 1120 excidit,
1324 1059 1534 1112 Satanze
1565 1057 1810 1109 traditur.
1837 1049 1936 1104 Ubi
1963 1060 2198 1114 namque

635 1157 782 1208 illum
845 1156 1024 1205 divina
1063 1152 1234 1218 gratia
1289 1149 1546 1201 nudatum
1597 1145 1846 1196 inimicus
1899 1136 2198 1196 offenderit,

637 1245 811 1310 ipsum
851 1241 1072 1298 invadit,
1102 1238 1257 1301 eique
1285 1235 1534 1299 deinceps
1569 1229 1892 1282 dominatur.
1926 1223 2073 1287 Quod
2111 1234 2203 1271 eo-

635 1337 754 1386 (Ictu
780 1333 941 1384 etiam
976 1329 1132 1381 modo
1153 1328 1382 1380 Joannes
1407 1323 1839 1390 Chrysiistonms,
1862 1313 1911 1364 in
1934 1324 2203 1364 commcn-

639 1425 787 1477 tariis
819 1423 869 1474 in
902 1419 1191 1483 Epistolam
1217 1416 1281 1466 ad
1305 1412 1665 1473 Timotheum,
1695 1407 2075 1470 interpretatus
2099 1409 2200 1456 est.

719 1509 952 1564 Alile.
979 1507 1359 1565 MaSCnIorum,
1392 1502 1810 1564 animaliumque
1840 1503 2203 1561 corruptores,

637 1604 960 1667 θι,ηιωι-Ιιοε
989 1611 1101 1669 post
1133 1611 1304 1650 annos
1337 1591 1680 1663 quindecim;
1719 1587 2018 1647 homicidae,
2045 1597 2205 1637 vene-

641 1696 751 1756 fici,
807 1709 867 1745 ac
915 1691 1208 1744 idololatrte
1255 1697 1372 1753 post
1450 1684 1658 1750 viginti,
1724 1681 1876 1748 juxta
1929 1677 2204 1743 antiquam

640 1784 867 1838 fortnam
902 1781 1283 1848 suscipieutnr.
1316 1773 1660 1842 Perspicuus.

1206 1866 1436 1924 CANUN
1479 1865 1605 1918 VIII.

713 1963 814 2029 Qui
900 1963 968 2014 ob
1046 1961 1378 2012 iracundiam
1453 1953 1627 2008 securi
1713 1947 1973 2002 adversus
2056 1959 2210 1997 uxo-

650 2073 762 2111 rem
798 2069 949 2110 suam
976 2066 1108 2103 usus
1141 2057 1242 2111 est,
1281 2055 1364 2098 est
1396 2041 1690 2097 homicida.
1718 2036 1886 2089 Recte
1914 2043 2092 2086 autem
2124 2044 2210 2083 me.

652 2142 1004 2199 admonuisti,
1036 2147 1087 2191 et
1123 2137 1197 2190 uti
1250 2144 1398 2186 tuam
1436 2130 1759 2198 sapientiam
1793 2125 2000 2186 decuit,
2039 2127 2096 2173 ut
2135 2119 2211 2170 fu-

650 2235 766 2289 sius
812 2234 876 2284 de
912 2232 994 2283 his
1027 2229 1282 2284 dicerem,
1323 2231 1601 2290 propterea
1643 2215 1782 2284 quod
1818 2216 1982 2264 tnulta
2020 2211 2074 2262 in
2118 2223 2212 2258 ro-

652 2322 906 2381 luntariis
933 2328 986 2370 et
1016 2314 1399 2369 involuntariis
1446 2308 1788 2361 discrimina.
1824 2303 1914 2354 list
1948 2302 2088 2353 enim
2123 2299 2207 2350 in-

2301 589 2580 658 Παρεδόοη
2606 588 2684 656 τῷ
2735 587 2969 654 Σατανᾷ,
3023 587 3112 636 τὸν
3167 580 3470 650 ἀφορισμὸν
3524 579 3617 632 καὶ
3659 580 3759 647 τὴν
3791 578 3872 629 ἔκ-

2305 697 2516 731 πτωσιν
2548 680 2644 740 τῆς
2679 678 2819 728 κατά
2861 676 2968 726 τῶν
3015 674 3220 725 πιστῶν
3258 670 3542 734 ξυναυλίας
3578 669 3882 736 παράδοσιν

2303 772 2438 841 πρὸς
2473 770 2564 822 τὸν
2599 770 2849 822 Σατανᾶν
2898 767 3194 833 ὀνομάσας.
3244 764 3302 814 '0
3345 765 3450 828 γαρ
3485 761 3747 819 ἐκκοπεὶς
3787 761 3883 826 τῆς

2305 862 2497 930 μοίρας
2527 858 2634 909 τῶν
2667 858 2872 908 πιστῶν
2899 855 3082 906 οὐκέτι
3115 856 3212 919 τὴν
3237 851 3333 902 τοῦ
3373 852 3528 915 ἀγίου
3564 851 3884 915 [Ινεύματος

2302 951 2461 1018 χάριν
2496 949 2609 1018 ἔχει
2643 949 2773 1016 παρ’
2798 945 3009 1012 ἑαυτῷ,
3043 944 3156 995 ἀλλ’
3193 940 3606 1009 ἀπνιγυμνοῦται
3644 940 3883 1004 ταύτης·

2304 1035 2673 1098 ὲκπεπτωκὼς
2724 1035 3078 1101 παραδίδοται
3120 1034 3198 1101 τῷ
3243 1033 3456 1100 Σατανᾷ
3519 1030 3730 1096 Γυμνδι
3777 1029 3886 1097 γὰρ

2303 1129 2400 1195 τῆς
2433 1126 2582 1187 Θείας
2609 1128 2836 1195 χάριτος
2871 1123 3031 1176 αὑτὸν
3078 1122 3253 1191 εὑρὼν
3283 1123 3312 1172 ὁ
3343 1120 3556 1190 ἐχθρὸς,
3592 1119 3887 1186 παραλαμο

2305 1217 2457 1270 δάνει
2511 1217 2692 1278 αὑτὸν,
2750 1216 2845 1267 καὶ
2899 1213 3144 1282 κυριεύει
3203 1212 3390 1263 λοιπὸν
3450 1209 3636 1262 αὑτοῦ.
3701 1211 3809 1259 Καὶ
3860 1209 3887 1259 ὁ

2305 1307 2543 1376 χρυσοῦς
2577 1307 2630 1358 δὲ
2662 1305 2756 1374 τὴν
2802 1305 3047 1371 γλῶτταν
3085 1303 3355 1370 Ἰωάννης,
3397 1299 3761 1366 ὲξςῖγούμενος
3792 1298 3886 1365 τὴν

2307 1401 2441 1469 πρὸς
2486 1398 2747 1466 Τιμόθεον
2788 1395 3125 1466 Ἐπιστολὴν,
3159 1394 3328 1454 οὔτως
3362 1393 3673 1460 ἡρμήνευσε
3704 1388 3885 1440 τοῦτο.

2305 1490 2527 1545 ΔΡΙΣΤ.
2579 1489 3060 1559 ’Δρρενοφθόρους,
3094 1487 3186 1538 καὶ
3220 1484 3582 1551 ζωοφθόρους,
3637 1483 3730 1531 καὶ
3766 1496 3887 1547 μοι·

2308 1585 2434 1653 χοῦς
2461 1623 2475 1646 ,
2523 1579 3034 1632 πεντεκαιδεκαετίι
3065 1593 3080 1608 ·
3141 1576 3236 1628 καὶ
3272 1576 3423 1642 φονεῖ
3459 1612 3473 1635 ,
3517 1574 3610 1623 καὶ
3666 1586 3890 1637 φαρμα-

2310 1676 2481 1734 κους,
2540 1672 2632 1722 καὶ
2685 1669 3115 1736 είὸωλολάτρας,
3195 1663 3544 1726 εἰκοσαετία,
3599 1663 3747 1713 κατὰ
3793 1658 3886 1708 τὸν

2311 1764 2480 1817 πάλαι
2509 1761 2698 1823 τύπον,
2724 1758 3038 1822 είσδέξεται.
3067 1753 3290 1823 Σαφής.

2922 1845 3158 1900 ΚΑΝΩΝ
3186 1842 3268 1897 ﬂ'.

2398 1941 2456 1993 '0
2510 1940 2670 2012 ἀξίνῃ
2727 1937 2880 2006 παρά
2941 1941 3032 1987 τὸν
3093 1934 3264 2002 θυμὸν
3325 1930 3465 1984 κατὰ
3527 1931 3623 1999 τῆς
3692 1925 3894 1983 ἑαυτοῦ

2307 2035 2550 2102 γαμετῆς
2603 2032 2944 2101 χρησάμενος
2999 2026 3190 2096 φονεύς
3250 2026 3385 2076 ἐστι.
3449 2023 3643 2082 Καλῶς
3694 2021 3751 2072 δέ
3818 2036 3886 2088 με

2310 2126 2623 2192 ὑπέμνησας
2663 2124 2755 2173 καὶ
2798 2121 2961 2183 ἀξίως
3007 2121 3103 2184 τῆς
3147 2115 3371 2168 σεαυτοῦ
3411 2113 3674 2171 συνέσεως
3712 2111 3887 2160 εἰπεῖν

2311 2217 2436 2283 περὶ
2470 2215 2671 2265 τούτων
2708 2213 3052 2280 πλατύτερον·
3094 2209 3224 2260 διότι
3273 2206 3461 2257 πολλαὶ
3503 2206 3557 2253 ὲν
3589 2203 3701 2261 τοῖς
3732 2201 3890 2250 ἑκου-

2314 2308 2446 2367 σίοις
2500 2307 2590 2355 καὶ
2647 2305 2916 2362 ἀκουσίοις
2975 2298 3245 2368 διαξοραί.
3299 2295 3578 2347 ’Λκούσιον
3634 2292 3731 2360 μὲν
3781 2289 3890 2357 γάρ

651 2410 1017 2464 voluntarium
1063 2405 1307 2461 omnino,
1351 2408 1402 2452 et
1436 2401 1589 2463 longe
1634 2410 1661 2445 a
1698 2393 1929 2444 consilio
1960 2387 2076 2455 cjus
2118 2385 2208 2454 qui

2323 2400 2426 2448 ἐστι
2456 2395 2725 2455 παντελῶς
2755 2394 2848 2443 καὶ
2885 2393 3069 2460 πόρρω
3099 2389 3189 2440 τού
3226 2386 3588 2454 κατάρξαντος
3613 2383 3694 2442 τὸ,
3727 2381 3888 2432 ἀκον-

652 2501 876 2566 incepit,
907 2504 1195 2555 remotum,
1236 2491 1362 2543 dum
1405 2485 1763 2554 Iapisjacitur
1795 2482 1845 2533 in
1890 2494 2078 2532 canem
2123 2485 2214 2527 aut

654 2591 926 2648 arborem,
955 2585 1219 2638 hominem
1271 2581 1552 2646 attingere.
1585 2575 1923 2643 Propositum
1950 2570 2090 2622 enim
2120 2567 2216 2618 fuit

653 2681 883 2732 bestiam
955 2676 1271 2743 propulsare
1315 2678 1407 2721 aut
1464 2669 1698 2719 fructum
1759 2671 2016 2716 enrutere
2061 2677 2073 2711 :
2123 2659 2215 2709 sed

657 2773 822 2824 ictum
853 2769 1073 2820 fortuito
1114 2767 1277 2819 subiit
1311 2764 1399 2828 qui
1448 2760 1722 2811 transiens
1758 2754 2020 2812 occurrit,
2051 2762 2220 2816 quare

661 2861 764 2912 hoc
802 2855 1224 2909 involuntarium
1265 2862 1368 2904 cst.
1410 2848 1472 2898 Et
1505 2845 1634 2897 illud
1673 2856 1884 2908 quoque
1918 2839 2222 2890 involunta-

662 2949 800 2999 rium
853 2952 955 3006 est,
1007 2943 1050 2996 si
1102 2922 1232 3008 quis
1260 2941 1445 2990 volens
1490 2936 1724 3000 aliquem
1763 2929 2052 2993 castigare,
2107 2924 2221 2974 loro

664 3037 744 3086 vel
774 3036 923 3102 virga
955 3048 1060 3084 non
1088 3032 1222 3082 dura
1261 3043 1382 3079 eutn
1422 3025 1703 3092 percutiat,
1748 3019 2010 3078 moriatur
2043 3024 2219 3064 autem

660 3127 752 3194 qui
782 3138 1077 3192 percussus
1105 3131 1207 3174 est.
1242 3117 1587 3185 Propositum
1621 3111 1763 3165 enim
1802 3109 1886 3159 hic
1910 3105 2222 3158 considera-

661 3222 772 3276 tur,
1006 3211 1130 3276 quia
1184 3213 1492 3274 peccantem
1541 3200 1812 3262 corrigere
1860 3195 2062 3254 voluit,
2112 3206 2220 3241 non

663 3301 996 3355 interimere.
1034 3297 1368 3350 Recensetur
1400 3301 1451 3345 et
1484 3291 1610 3342 illud
1659 3289 1798 3347 inter
1834 3283 2219 3342 inrolunlaria,

664 3405 789 3442 cum
824 3390 946 3456 quis
989 3389 1039 3439 in
1074 3400 1247 3452 pugna
1281 3385 1514 3448 aliquem
1548 3382 1692 3446 ligno
1728 3377 1808 3428 vel
1846 3390 2004 3426 manu
2053 3373 2225 3440 repel-

665 3480 806 3541 lens,
839 3494 943 3530 non
975 3492 1133 3544 parce
1163 3475 1213 3525 in
1241 3473 1537 3539 prmeipuas
1570 3477 1750 3536 partes
1788 3471 1952 3516 ictum
1987 3469 2221 3528 torquet,

667 3578 728 3622 ut
753 3584 874 3622 eum
914 3567 1089 3624 laedat,
1133 3579 1237 3614 non
1270 3574 1326 3613 ut
1370 3560 1591 3612 omnino
1636 3555 1939 3607 interficiat.
1983 3551 2086 3604 Sed
2125 3553 2225 3604 hoc

668 3658 887 3726 quidem
915 3654 1123 3706 accedit
1155 3651 1216 3701 ad
1245 3648 1629 3700 voluntarium.
1664 3644 1763 3707 Qui
1789 3645 1931 3694 enim
1957 3640 2223 3705 ejusmodi

672 3749 759 3800 ius
789 3752 1036 3796 runtento
1069 3744 1132 3792 ad
1186 3755 1242 3793 se
1275 3737 1670 3790 defemlemlum
1721 3750 1851 3786 usus
1883 3741 1986 3793 est,
2021 3732 2099 3783 vel
2134 3731 2225 3796 qui

672 3849 779 3888 non
815 3848 974 3901 parce
1023 3831 1183 3881 ictum
1231 3826 1442 3888 inflixit,
1495 3825 1659 3890 liquet
1700 3837 1820 3873 eum
1869 3819 1988 3870 idco
2023 3817 2226 3869 homini

672 3940 781 3978 non
812 3921 1142 3990 pepercisse,
1177 3919 1317 3984 quod
1361 3917 1437 3967 ira
1481 3914 1653 3964 victus
1691 3913 1872 3961 fuerit.
1919 3907 2006 3959 Sic
2052 3915 2104 3958 ct
2138 3907 2227 3974 qui

674 4013 820 4080 gravi
861 4013 1024 4078 ligno,
1070 4015 1121 4060 et
1153 4006 1242 4073 qui
1279 4004 1453 4070 lapide
1497 4002 1733 4062 majore,
1766 4010 1924 4063 quam
1963 4011 2057 4060 pro
2098 3994 2228 4042 viri-

674 4104 778 4158 Ltts
799 4101 1072 4159 humanis,
1100 4113 1230 4149 usus
1265 4103 1368 4153 est,
1395 4094 1446 4144 in
1480 4090 1857 4143 involuntariis
1888 4092 2226 4143 numeratur,

677 4201 740 4248 ut
785 4193 875 4258 qui
919 4189 1062 4240 aliud
1103 4186 1355 4246 voluerit,
1407 4180 1550 4233 aliud
1581 4179 1787 4231 fecerit.
1825 4174 1954 4227 Nam
2000 4189 2107 4242 prie
2153 4173 2231 4223 ira

679 4283 846 4334 ictum
887 4279 1045 4329 talem
1081 4276 1281 4336 intulit,
1318 4282 1372 4324 ut
1403 4273 1564 4324 etiam
1603 4283 1923 4336 percussum
1961 4263 2232 4315 interfice-

681 4380 792 4434 ret;
835 4380 1159 4436 quamquam
1196 4363 1331 4416 forte
1361 4363 1414 4413 in
1447 4362 1624 4412 animo
1671 4357 1899 4409 habebat
1938 4370 2058 4406 eum
2107 4367 2234 4405 con-

682 4470 876 4518 terere,
923 4472 1030 4510 non
1068 4464 1246 4506 autent
1277 4450 1497 4503 omnino
1547 4449 1875 4499 interimere.
1911 4445 2011 4507 Qui
2055 4451 2233 4494 autem

681 4565 808 4604 ense
846 4548 926 4600 vel
966 4545 1157 4616 quavis
1204 4558 1262 4594 re
1303 4539 1465 4592 simili
1518 4553 1650 4589 usus
1685 4543 1786 4591 est.
1834 4535 2033 4585 nullam
2078 4533 2235 4583 habet

681 4639 1125 4693 excusationem:
1159 4641 1209 4685 et
1259 4631 1512 4685 maxime.
1559 4627 1649 4693 qni
1692 4624 1925 4676 securim
1965 4622 2236 4688 iaculatus

683 4737 788 4783 est.
825 4724 1165 4778 Manifestum
1209 4727 1290 4774 cst
1325 4719 1465 4771 enim
1499 4717 1647 4767 llllllll
1683 4729 1842 4765 manu
1882 4727 1987 4762 non
2021 4724 2238 4776 percus-

684 4819 847 4879 sisse,
885 4817 958 4867 ita
991 4821 1046 4865 ut
1083 4814 1249 4864 ictum
1291 4809 1354 4859 ad
1400 4807 1680 4859 arbitrium
1717 4801 1983 4853 moderari
2017 4807 2234 4865 posset:

687 4907 781 4963 sed
811 4905 1084 4973 jaculatus
1119 4907 1220 4959 est,
1269 4899 1342 4948 ita
1393 4904 1450 4946 ut
1488 4901 1539 4946 et
1576 4892 1834 4958 gravitate
1865 4887 1990 4940 ferri
2027 4894 2079 4938 et
2126 4885 2239 4936 acie

2315 2485 2535 2536 τίσαντα
2726 2481 2868 2533 λίθον
2920 2481 3008 2531 ἐπὶ
3051 2478 3185 2530 κύνα
3237 2477 3268 2544 ἢ
3318 2476 3552 2543 δένδρον,
3596 2471 3888 2539 ἀνθρώπου

2315 2576 2512 2640 τυχεῖν.
2545 2571 2606 2620 Ἡ
2652 2570 2746 2637 μὲν
2794 2569 2898 2635 γὰρ
2942 2569 3083 2633 ὁρμὴ
3125 2562 3190 2632 ἦν
3235 2566 3295 2614 τὸ
3333 2563 3515 2631 θηρίον
3560 2559 3892 2627 ἀμύνασθαι,

2318 2662 2349 2728 ἢ
2390 2661 2477 2709 τὸν
2517 2658 2723 2726 καρπὸν
2761 2657 3094 2706 κατασείσαι·
3142 2652 3315 2718 ὑπέϐη
3357 2650 3409 2699 δὲ
3457 2648 3780 2715 αὐτομάτως
3825 2646 3892 2712 τῇ

2320 2751 2496 2817 πληγῇ
2529 2750 2666 2800 κατά
2699 2747 2927 2814 πάροδον
2958 2747 2984 2796 ὁ
3010 2743 3360 2814 παραπεσώνσ
3391 2741 3528 2793 ῶστε
3559 2741 3618 2790 τὸ
3654 2737 3895 2790 τοιοῦτον

2321 2840 2588 2892 ἀκούσιον.
2649 2839 2921 2889 ’Λκούσιον
2973 2838 3152 2905 μέντοι
3208 2837 3299 2887 καὶ
3346 2835 3398 2886 εἰ
3439 2849 3521 2893 τις
3573 2830 3895 2900 βουλόμενος

2321 2931 2638 2998 ἐπιστρέψαι
2662 2930 2802 2989 τινὰ,
2841 2930 3020 2997 ἱμάντι
3050 2929 3081 2997 ἦ
3119 2928 3296 2997 ῥάϐδῳ
3330 2926 3401 2995 μὴ
3431 2925 3637 2990 σκληρῇ
3668 2921 3891 2975 τύπτοι.

2322 3021 2496 3071 timor.
2511 3037 2565 3087 ψῃ
2597 3020 2652 3070 δὲ
2681 3021 2707 3069 ὁ
2741 3021 3089 3086 τυπτόμενος.
3127 3020 3188 3070 Ἡ
3228 3019 3335 3086 γὰρ
3377 3015 3630 3084 πρόθεσις
3663 3010 3898 3064 ἐνταῦθα

2325 3112 2620 3162 σκοπείται,
2655 3111 2733 3160 ὃτι
2766 3109 3048 3177 βελτιῶσαι
3081 3107 3339 3175 ἠϐούλετο
3365 3107 3453 3157 τὸν
3490 3103 3896 3173 ἁμαρτάνοντα,

2323 3201 2421 3251 οὐκ
2455 3200 2679 3250 ἀνελεῖν.
2714 3201 2798 3249 Ἐν
2827 3203 2934 3260 τοῖς
2963 3199 3234 3259 ἀκουσίοις
3260 3197 3376 3247 ἐστὶ
3408 3197 3623 3247 κάκεῖνο
3675 3226 3691 3251 .
3816 3191 3895 3248 τὸ,

2323 3289 2656 3358 ἀμυνόμενόν
2679 3307 2796 3340 τινα
2834 3291 2889 3340 ὲν
2929 3289 3071 3358 μάχῃ
3109 3288 3303 3357 ξύλῳῆ
3339 3287 3508 3356 χειρὶ,
3543 3283 3779 3350 ἀεξειδῶς
3809 3280 3900 3333 ἐπὶ

2323 3378 2388 3429 τὰ
2415 3379 2600 3445 καίρια
2623 3378 2718 3444 τὴν
2749 3377 2958 3446 πληγὴν
2986 3377 3249 3442 ἐνεγκεῖν,
3281 3373 3417 3424 ῶστε
3441 3372 3688 3424 κακῶσαι
3716 3369 3898 3429 αὑτὸν,

2323 3469 2419 3537 οὐχ
2443 3469 2579 3519 ὥστε
2606 3467 2878 3529 παντελῶς
2911 3467 3137 3519 ἀνελειν.
3165 3464 3322 3515 Ἀλλὰ
3353 3463 3507 3514 τοῦτο
3533 3462 3633 3531 ήδη
3672 3475 3902 3529 προσεγ·

2324 3559 2465 3625 γίςει
2506 3558 2582 3627 τῷ
2621 3559 2868 3626 ἑκουσίῳ.
2918 3559 2974 3608 '0
3014 3557 3120 3625 γὰρ
3161 3554 3395 3622 τοσούτῳ
3430 3553 3776 3622 χρησάμενος
3812 3549 3902 3618 ὀρ-

2325 3647 2472 3714 γάνῳ
2503 3646 2634 3714 πρὸς
2663 3647 2891 3712 ἄμυναν,
2921 3644 2952 3712 ἢ
2987 3645 3013 3694 ὁ
3041 3644 3114 3712 μὴ
3149 3641 3522 3708 πεφεισμένως
3554 3639 3652 3705 τὴν
3687 3637 3901 3702 πληγὴν

2329 3735 2640 3802 ἐπαγαγὼν,
2681 3734 2837 3801 δῆλός
2877 3735 3011 3794 ἐστι,
3052 3749 3137 3783 et:
3168 3732 3228 3782 τὸ
3273 3727 3641 3798 κεκρατῆσθαι
3677 3727 3780 3778 ὑπὸ
3810 3724 3899 3777 τοῦ

2330 3826 2548 3886 πάθους,
2581 3823 2809 3890 ἀφειδῶν
2833 3823 2924 3873 τοῦ
2955 3820 3258 3891 ἀνθρώπου.
3305 3819 3536 3888 Ὁμοίως
3571 3819 3664 3868 καὶ
3698 3818 3726 3867 ὀ
3761 3814 3901 3882 ξύλῳ

2331 3913 2500 3982 βαρεῖ,
2534 3914 2624 3963 καὶ
2653 3915 2679 3963 ὁ
2713 3911 2844 3979 λίθῳ
2890 3911 3090 3979 μείζονι
3122 3909 3216 3975 τῆς
3246 3909 3523 3975 δυνάμεως
3554 3906 3652 3974 τῆς
3694 3905 3900 3973 ἀνθρω-

2331 4003 2486 4069 πίνης
2517 4003 2876 4071 χρησάμενος,
2909 4003 3019 4060 τοῖς
3053 4000 3323 4060 ἀκουσίοις
3351 3998 3721 4067 ἐναριθμεῖται
3743 4036 3756 4054 ,
3779 3994 3902 4046 ἄλλο

2334 4093 2427 4160 μέν
2464 4109 2511 4142 τι
2705 4091 3081 4159 προελόμενος,
3128 4089 3252 4140 ἄλλο
3290 4087 3344 4139 δέ
3378 4105 3427 4139 τι
3475 4088 3724 4154 ποιήσας.
3771 4083 3902 4135 ’Υπὺ

2331 4182 2435 4250 γὰρ
2605 4181 2772 4248 θυμοῦ
2815 4179 3064 4247 τοιαύτην
3111 4180 3306 4246 ’ἤνεγκε
3354 4178 3452 4243 τὴν
3494 4176 3728 4243 mm.
3764 4173 3898 4224 ὥστε

2333 4273 2535 4321 ἀνελεῖν
2582 4271 2670 4320 τὸν
2727 4269 3017 4335 πληγέντα·
3063 4268 3237 4318 καίτοι
3297 4267 3328 4334 ἡ
3385 4265 3584 4332 σπουδὴ
3635 4259 3700 4331 ἦν
3757 4261 3899 4330 αύτῴ

2334 4359 2616 4426 συντρίψαι
2637 4358 2812 4425 τυχὸν,
2837 4358 2954 4424 ούχὶ
2978 4356 3030 4406 δὲ
3061 4356 3152 4406 καὶ
3188 4354 3456 4414 παντελῶς
3485 4353 3814 4403 θανατῶσαι.
3846 4350 3898 4399 Ὁ

2337 4450 2516 4516 μέντοι
2552 4448 2690 4512 ξίφει
2732 4446 3089 4514 χρησάμενος,
3125 4445 3154 4508 ἦ
3195 4442 3436 4510 ᾡτινιοῦν
3475 4440 3721 4504 τοιούτῳ,
3765 4438 3900 4489 οὐδε-

2338 4539 2462 4606 μίαν
2507 4537 2615 4605 ἔχει
2673 4537 2995 4605 παραίτησιν
3073 4537 3166 4586 καὶ
3223 4535 3452 4601 μάλιστα
3495 4534 3522 4583 ὁ
3569 4530 3668 4600 τὴν
3712 4530 3899 4599 ἀξίνην

2335 4625 2638 4686 ἀκοντίσας.
2663 4627 2767 4675 Καὶ
2788 4626 2893 4692 γὰρ
2918 4623 3034 4674 οὐδὲ
3061 4624 3166 4673 ἀπὸ
3193 4622 3373 4690 χειρὸς
3397 4621 3644 4687 φαίνεται
3670 4619 3896 4687 πὶὴξας,

2336 4714 2474 4764 eer
2518 4714 2576 4764 τὸ
2619 4712 2812 4781 μέτρον
2853 4712 2950 4777 τῆς
2991 4711 3203 4778 πληγῆς
3250 4709 3332 4759 ἐπ’
3381 4707 3526 4776 αὐτῷ
3571 4701 3741 4768 εἶναι,
3787 4705 3898 4757 ἀλλ’

2338 4805 2632 4870 ἡκόντισεν,
2673 4801 2808 4853 ῶστε
2852 4803 2944 4853 καὶ
2989 4802 3065 4869 τῷ
3108 4801 3259 4869 βάρει
3297 4799 3387 4851 τοῦ
3429 4799 3675 4867 σιδήρου,
3714 4798 3807 4850 καὶ
3836 4799 3896 4865 τῇ

2339 4893 2508 4959 ἀκμῇ,
2562 4893 2653 4942 καὶ
2700 4895 2765 4960 τῇ
2809 4891 2896 4943 διά
2941 4890 3191 4940 πλείστου
3236 4889 3395 4956 φορᾷ,
3443 4886 3687 4954 ὀλεθρίαν
3737 4887 3898 4949 ἀναγ-

686 5004 740 5050 et
770 5004 916 5046 motu
942 5008 969 5044 e
996 4990 1307 5058 longinquo,
1327 4987 1466 5037 ictus
1492 4981 1799 5034 necessario
1831 4977 2042 5031 lcthalis
2069 4976 2214 5026 Iicrct

2342 4982 2506 5042 καίως
2563 4981 2659 5049 τὴν
2723 4979 2931 5048 πληγὴν
2985 4979 3253 5044 γενέσθαι.
3297 4976 3570 5028 Ἐκούσιον
3631 4976 3686 5026 δὲ
3744 4975 3896 5026 πάλιν

692 5085 901 5138 Rursus
941 5089 1117 5132 autem
1155 5077 1376 5130 omnino
1401 5080 1483 5127 est
1517 5068 1903 5125 voluntarium,
1938 5080 1999 5116 ac
2035 5064 2234 5115 nullam

691 5175 898 5226 habens
938 5169 1349 5224 dubitationem,
1381 5160 1523 5230 quod
1562 5159 1616 5210 ﬁt
1665 5173 1691 5210 a
1728 5156 2048 5213 latronibus,
2101 5161 2150 5204 et
2184 5153 2236 5202 in

693 5261 902 5316 bellicis
952 5255 1375 5310 incursionibus.
1431 5251 1493 5303 lli
1536 5249 1678 5301 enim
1725 5255 1942 5314 propter
1982 5245 2238 5311 pecunias

701 5361 1038 5420 interimunt,
1088 5361 1339 5407 caventes
1388 5365 1455 5403 ne
1495 5349 1886 5401 convincantnr
1917 5365 1928 5399 :
1959 5357 2014 5399 et
2059 5347 2150 5415 qui
2197 5350 2247 5402 in

705 5449 859 5502 bellis
900 5446 962 5498 ad
993 5443 1191 5496 caedem
1220 5439 1485 5496 feruntur.
1529 5434 1612 5486 his
1654 5448 1752 5485 nec
1779 5439 2002 5493 terrere,
2035 5446 2133 5484 nec
2159 5447 2245 5484 ca-

705 5537 929 5604 stigare.
966 5532 1055 5585 sed
1087 5527 1430 5582 adversarios
1462 5521 1770 5576 interficere
1805 5527 1986 5585 aperte
2013 5520 2252 5587 proposi-

706 5635 816 5677 tum
858 5631 960 5675 est.
987 5624 1158 5686 Atque
1195 5615 1404 5668 etiamsi
1431 5613 1553 5680 quis
1580 5619 1794 5679 propter
1825 5609 2058 5676 aliquam
2089 5609 2249 5661 aliam

708 5728 927 5764 causam
972 5709 1245 5761 curiosum
1284 5704 1629 5771 pharmacum
1666 5697 1967 5763 miscuerit,
1998 5706 2050 5752 et
2086 5700 2254 5752 inter-

2343 5071 2636 5131 παντελῶς,
2671 5072 2760 5122 καὶ
2792 5069 3043 5135 οὐδεμίαν
3083 5067 3405 5135 ἀμφιϐολίαν
3452 5065 3590 5133 ἔχον,
3635 5060 3745 5116 οἷον
3790 5067 3898 5114 ἐστι

2338 5160 2397 5208 τὸ
2422 5161 2526 5209 τῶν
2556 5158 2762 5228 λῃστῶν
2794 5158 2884 5208 καὶ
2910 5157 2969 5208 τὸ
3007 5155 3112 5206 τῶν
3143 5154 3446 5222 πολεμικῶν
3478 5153 3704 5219 ἐφόδων.
3743 5147 3898 5204 Οὗτοι

2344 5247 2438 5313 μὲν
2478 5247 2582 5313 γὰρ
2617 5246 2700 5295 διὰ
2742 5246 2994 5313 χρήματα
3039 5241 3346 5310 ἀναιροῦσι,
3383 5241 3472 5293 τὸν
3509 5241 3731 5308 ἔλεγχον
3772 5243 3900 5292 ἀπο-

2348 5339 2655 5409 φεύγοντες·
2685 5335 2736 5386 οἶ
2765 5351 2821 5385 τε
2851 5335 2907 5383 ὲν
2941 5334 3049 5392 τοῖς
3088 5330 3340 5398 πολέμοις
3373 5329 3463 5378 ἐπὶ
3498 5326 3690 5395 φόνους
3725 5325 3902 5393 ἔρχον-

2349 5445 2456 5487 ται,
2499 5424 2619 5477 οὒτε
2667 5422 2925 5491 φοϐῆσαι,
2975 5418 3098 5471 οὔτε
3147 5415 3493 5486 σωφρονίσαι,
3543 5411 3658 5463 ἀλλ’
3703 5409 3904 5462 ἀνελεῖν

2348 5534 2472 5579 τούς
2504 5514 2936 5581 ἐναντιουμένους
3119 5509 3182 5558 ὲκ
3223 5505 3314 5558 τοῦ
3347 5500 3574 5572 φανεροῦ
3617 5490 3902 5570 προαιρού-

2354 5623 2521 5674 μενοι.
2560 5605 2665 5655 Καὶ
2698 5603 2897 5672 μέντοι,
2930 5600 3030 5652 κᾶν
3059 5599 3122 5650 δι’
3155 5597 3318 5666 ἀλλην
3341 5594 3459 5646 τινὰ
3487 5594 3663 5645 αίτίαν
3690 5593 3904 5659 περίερ-

2351 5711 2443 5759 γον
2500 5693 2784 5762 φάρμακόν
2839 5708 2920 5753 τις
2965 5690 3256 5760 ἐγκεράσῃ,
3321 5687 3481 5756 ἀνέλῃ
3529 5685 3607 5748 δὲ,
3672 5684 3904 5736 ἑκούσιον
