4124 6458
282 396 393 464 613

1222 410 1302 470 IN
1346 411 1582 471 EPIST.
1618 410 1675 473 S.
1720 412 2003 471 BASlLll
2043 410 2482 472 CANONICAM
2514 413 2563 476 Ι.

3399 413 3504 482 6H

279 523 546 593 τιθέμεθα
576 524 639 577 τὸ
668 526 923 582 τοιοῦτον·
952 535 1061 583 οἱον
1091 535 1332 587 ποιοῦσιν
1359 532 1688 605 αι’γυναῖκες
1720 540 1848 591 πολ-
1876 540 1918 591 Δ
1949 528 2153 593 “cem.
2196 530 2248 584 id
2294 544 2394 600 Ῑπο
2440 532 2753 587 νοιιιηῑπίο
2798 533 3088 605 ducum”;
3120 545 3179 592 ω
3230 553 3375 611 δεῖρε
3424 544 3505 600 Υδ-

279 613 458 679 λάκις,
486 618 764 682 ἐπαοιδαῖς
795 636 905 672 τισι
935 623 1027 673 καὶ
1066 624 1421 695 καταδέσμοις
1462 628 1598 697 πρὸς
1635 629 1694 680 τὸ
1729 630 1849 681 ἑαυ-

278 704 387 755 τῶν
423 705 644 775 φίλτρον
672 710 971 777 ἑπάγεσθαί
998 728 1146 774 τινας
1174 714 1525 783 πειρώμεναι,
1552 717 1644 769 καὶ
1676 734 1843 787 προσ-

278 794 515 847 διδοῦσαι
540 799 720 861 αὐτοῖς
767 800 1047 871 φάρμακα,
1085 802 1343 860 σκότωσιν
1372 806 1695 874 ἐμποιοῦντα
1728 810 1844 869 ταῖς

279 885 559 950 διανοίαις.
601 890 665 941 Δί
700 890 942 944 τοιαῦται
979 893 1155 945 τοίνυν
1189 892 1496 954 άνελοῦσαι,
1528 896 1574 946 εί
1604 897 1695 947 καὶ
1721 897 1844 949 ἄλλο

281 975 668 1045 προελόμεναι,
703 978 829 1032 ἄλλο
857 982 1132 1048 ἑποίησαν,
1174 983 1319 1051 ὅμως
1357 983 1441 1035 διὰ
1472 984 1531 1035 τὸ
1560 986 1841 1055 περίεργον

278 1065 372 1116 καὶ
394 1065 839 1135 ἀπηγορευμένον
860 1070 957 1137 τῆς
980 1070 1367 1140 ἐπιτηδεύσεως
1389 1074 1443 1122 ἑν
1464 1075 1567 1133 τοῖς
1586 1075 1841 1137 ἑκουσίως

278 1154 558 1221 φονεύουσι
601 1158 1059 1224 καταλογίζονται,
1101 1160 1210 1212 Καὶ
1242 1163 1294 1212 al
1332 1162 1507 1214 τοίνυν
1531 1158 1597 1213 τᾶ
1627 1162 1840 1231 ἀμϐλω-

276 1243 456 1314 θρίδια
487 1247 722 1299 διδοῦσαι
756 1251 1017 1317 φάρμακα
1050 1250 1356 1321 φονεύτριαί
1398 1233 1500 1303 εἱσι
1538 1252 1629 1303 καὶ
1657 1252 1836 1315 αὑταὶ,

276 1336 371 1385 καὶ
403 1337 456 1386 al
486 1335 768 1403 δεχόμεναι
800 1340 866 1389 τά
900 1338 1264 1409 ὲμϐρυοκτόνα
1302 1332 1616 1410 δηλὴτήρια.
1656 1340 1835 1392 Ταῦτα

278 1423 378 1492 μὲν
403 1424 483 1485 είς
514 1424 785 1479 τοσοῦτον.

339 1519 535 1572 ΒΔΛΣ.
596 1518 922 1588 Ἐρωτηθεὶς
971 1520 1000 1570 6
1060 1518 1212 1584 ἅγιος
1263 1518 1358 1569 ἑάν
1409 1519 1525 1569 ἐστι
1575 1522 1770 1586 φονεὺς
1806 1520 1833 1571 6

1944 620 2098 671 ciunt
2153 620 2443 685 mulieres,
2499 638 2619 691 qua:
2667 624 2992 694 quibusdam
3040 629 3501 693 incantationibus

1948 716 2001 760 et
2039 708 2291 761 amuletis
2331 710 2396 762 ad
2449 710 2531 764 sui
2565 725 2804 764 amorem
2849 713 3061 782 aliquos
3095 718 3371 773 attrahere
3410 736 3501 775 co—

1944 805 2165 859 nantur,
2206 800 2445 866 dantque
2491 801 2570 854 eis
2611 801 2899 869 pharmaca
2940 807 3211 862 mentibus
3247 810 3500 865 tenebras

1942 890 2291 943 ofl'undentia.
2327 890 2415 945 lla:
2444 906 2592 960 ergo,
2624 892 2668 946 si
2699 893 3088 957 interfecerint,
3112 900 3324 953 etiamsi
3349 902 3495 954 aliud

1940 980 2202 1039 volentes,
2250 980 2397 1033 aliud
2441 980 2693 1043 fecerint,
2743 990 2922 1037 tamen
2952 995 3170 1053 propter
3215 994 3489 1043 curiosum

1938 1078 1990 1122 et
2041 1070 2369 1137 prohibitum
2418 1086 2564 1140 opus
2611 1068 2751 1126 inter
2802 1074 3138 1128 voluntarios
3192 1077 3488 1134 liomicifas

1940 1165 2281 1224 reputantur.
2309 1159 2493 1228 Itaque
2520 1170 2571 1213 ct
2598 1176 2717 1229 quae
2743 1161 2981 1229 pra‘bent
3013 1164 3299 1231 pharmaca
3331 1170 3490 1223 abor-

1941 1254 2053 1299 tum
2089 1250 2308 1310 cientia,
2356 1261 2480 1304 sunt
2513 1259 2566 1304 et
2608 1252 2738 1319 ipsa:
2767 1252 3072 1316 homicidae,
3115 1255 3257 1308 sicut
3298 1264 3350 1310 et
3372 1274 3490 1325 quae

1940 1353 2144 1390 venena
2174 1338 2339 1391 fetum
2374 1341 2623 1393 necantia
2653 1341 2947 1410 accipiunt.
2977 1342 3099 1397 llaec
3127 1345 3342 1413 quidem
3387 1348 3491 1402 huc

1932 1441 2121 1494 usque.

2007 1519 2199 1575 BALS.
2264 1523 2627 1596 Interrogatus
2681 1546 2921 1598 sanctus,
2970 1554 3036 1591 an
3088 1540 3156 1591 sit
3212 1539 3501 1602 homicida.

267 1610 461 1681 ὀξίνην
496 1609 768 1680 άκονησις
820 1611 961 1662 κατὰ
1015 1610 1115 1676 τῆς
1163 1611 1373 1673 οἰκείας
1425 1612 1695 1679 γαμετῆς,
1742 1612 1829 1663 καὶ

1935 1610 2025 1679 qui
2063 1615 2294 1667 securim
2348 1614 2618 1682 jacnlatus
2655 1623 2705 1675 in
2768 1626 3036 1693 proliriam
3087 1643 3333 1689 uxorem.
3382 1647 3501 1686 eam

267 1705 477 1773 πλήξας
529 1701 758 1769 ταύτην,
817 1702 1138 1769 ἀπεφήνατο
1196 1703 1444 1754 ἑκούσιον
1493 1699 1630 1753 εἴναι
1673 1704 1829 1770 φονέα

1938 1699 2229 1766 percussit,
2267 1706 2631 1769 pronuntiavit
2682 1724 2800 1763 cum
2853 1727 2970 1765 esse
2998 1715 3357 1769 voluntarium
3408 1721 3504 1772 lzo-

266 1798 453 1847 αὐτόν.
519 1789 652 1846 Εἶτα
697 1795 935 1844 ποιεῖται
982 1792 1253 1859 διαίρεσιν
1280 1794 1387 1845 τῶν
1433 1793 1699 1846 ἑκουσίων
1742 1792 1829 1845 καὶ

1939 1787 2215 1844 nticidam.
2262 1792 2461 1849 Dein‘de
2512 1795 2637 1850 facit
2672 1798 3026 1856 differentiam
3077 1808 3500 1861 voluntariorum

266 1884 539 1937 amttain
574 1884 751 1950 φόνων
776 1897 790 1913 ⁸
826 1883 920 1935 καὶ
960 1882 1050 1935 τὸν
1085 1885 1183 1953 μὲν
1220 1886 1310 1936 ἐπὶ
1343 1883 1533 1954 θηρίον
1560 1885 1592 1954 ἢ
1622 1884 1829 1954 δένδρον

1941 1888 1993 1930 et
2028 1878 2508 1938 inroluntariarum
2539 1889 2763 1941 caedium
2792 1906 2804 1943 :
2830 1900 2883 1945 et
2916 1908 3033 1947 cum
3069 1896 3158 1964 qui
3192 1896 3423 1965 lapidem
3449 1900 3501 1952 in

270 1977 505 2047 ῥίψαντα
539 1975 708 2039 λίθον,
755 1975 1037 2045 πλήξαντα
1064 1976 1117 2027 δὲ
1159 1976 1322 2044 τυχὸν
1354 1975 1640 2047 ἄνθρωπον
1672 1992 1836 2041 παρι-

265 2070 396 2119 όντα
427 2067 568 2129 ἑκεῖ,
621 2067 714 2117 καὶ
764 2067 853 2117 τὸν
912 2065 1071 2136 λώρῳ
1134 2066 1166 2136 ἢ
1222 2066 1437 2137 ἐλαφρᾷ
1488 2064 1668 2136 ῥάϐδῳ
1702 2065 1835 2135 πλή-

267 2154 437 2218 ξαντά
467 2171 591 2208 τινα
618 2154 706 2206 διά
749 2154 1051 2219 παίδευσιν,
1098 2155 1192 2207 ἑὰν
1232 2154 1261 2205 6
1306 2154 1535 2222 πληγεὶς
1562 2153 1830 2221 ἀποθάνῃ,

266 2246 528 2300 ἀκούσιον
576 2245 743 2314 φονέα
791 2245 946 2297 καλεῖ
972 2260 986 2274 ·
1036 2244 1126 2297 τδύ
1161 2244 1216 2296 δὲ
1246 2246 1303 2296 ὲν
1355 2243 1659 2313 φιλονεικίᾳ
1699 2244 1835 2311 πλή-

265 2339 434 2403 gms
472 2355 616 2403 τινα,
646 2336 783 2406 μετὰ
811 2336 1075 2406 στιϐαράς
1103 2336 1299 2407 ῥάϐδου
1333 2337 1364 2406 ἢ
1398 2338 1463 2407 τῇ
1501 2337 1649 2406 χειρὶ
1676 2337 1833 2402 ἀφει-

264 2428 370 2491 δῶς
402 2429 545 2481 κατὰ
577 2430 768 2481 τούτου
795 2427 1167 2497 χρησάμενον,
1195 2427 1297 2479 κᾶν
1327 2427 1401 2495 μὴ
1434 2426 1643 2480 ἀνελεῖν
1673 2425 1831 2494 ἤθελε

262 2518 355 2571 τὸν
387 2519 685 2587 πληγέντα,
724 2518 859 2571 ἀλλὰ
904 2518 1153 2571 κακῶσαι
1185 2520 1279 2571 καὶ
1313 2518 1648 2588 ἀμύνασθαι,
1680 2518 1832 2588 ἑγγί-

266 2608 380 2672 ζειν
407 2608 486 2677 τῷ
538 2608 802 2670 ἑκουσίως
854 2608 1130 2676 φονεύοντι
1185 2606 1355 2673 λέγει,
1408 2606 1501 2659 τοῦ
1531 2607 1834 2675 πληγέντος

264 2698 655 2759 ἀποθανόντος.
699 2699 806 2750 Kal
845 2700 937 2750 τὸν
968 2697 1108 2767 ξύλῳ
1149 2698 1204 2749 δὲ
1242 2696 1399 2766 βαιρεῖ
1436 2700 1529 2750 καὶ
1568 2698 1700 2768 λίθῳ
1737 2714 1835 2767 με·

265 2789 418 2858 γάλφ
467 2788 815 2859 Χρησάμενον
868 2790 1010 2842 κατά
1060 2806 1225 2854 τινος,
1274 2792 1367 2842 καὶ
1412 2790 1707 2855 ἀνελόντα,
1757 2790 1831 2859 μὴ

266 2883 459 2950 ἔχοντα
480 2880 539 2933 δὲ
578 2879 839 2949 πρόθεσιν
869 2880 1051 2947 φόνου,
1086 2881 1339 2933 ἀκούσιον
1368 2881 1533 2949 φονέα
1564 2882 1828 2951 ὁρίζεται.

262 2974 369 3025 Τὸν
398 2973 455 3026 δὲ
484 2972 627 3041 ξίφει
652 2973 998 3041 χρησάμενον
1032 2973 1324 3043 οίῳδήτινι,
1354 2970 1495 3025 κατᾶ
1523 2975 1646 3037 τοὺς
1676 2974 1834 3027 πολε-

268 3066 429 3132 μέους
465 3064 712 3125 καὶτοὺς
742 3062 965 3132 λῃστὰς,
1012 3062 1260 3115 ἑκούσιον
1305 3065 1569 3133 φονευτὴν
1600 3065 1832 3134 ἀποφαί-

266 3170 417 3205 νεται
446 3170 457 3183 ·
498 3151 688 3222 ὥσπερ
713 3152 806 3205 καὶ
831 3153 956 3214 τοὺς
986 3153 1250 3222 φάρμακα
1277 3155 1544 3223 περίεργα
1571 3155 1827 3218 διδόντας,

263 3247 358 3298 καὶ
380 3243 755 3314 ἀμϐλωθρίδια
787 3241 1094 3305 ποιοῦντας.
1121 3244 1228 3296 Kal
1257 3246 1283 3293 6
1312 3244 1409 3311 μὲν
1431 3246 1609 3296 κανὼν
1630 3247 1820 3301 ταῦτα.
1852 3232 1894 3289 C

265 3338 338 3389 Σὺ
413 3335 468 3387 δὲ
512 3334 785 3401 ἀνάγνωθι
825 3335 885 3385 τὸ
935 3331 1025 3397 κς¹
1074 3332 1366 3402 κεφάλαιον
1411 3334 1503 3387 τοῦ
1560 3334 1604 3386 θ’
1647 3335 1826 3388 τίτλου

262 3426 359 3479 τοῦ
410 3424 673 3493 παρόντος
703 3422 1097 3491 συντάγματος,
1134 3425 1226 3475 καὶ
1260 3425 1326 3476 τά
1362 3424 1417 3477 ἑν
1457 3426 1648 3493 ἐκείνῳ
1689 3443 1827 3495 γρα-

264 3518 432 3584 φέντα
459 3516 619 3585 χάριν
648 3514 755 3565 τῶν
787 3513 1079 3582 φονευτῶν.
1130 3513 1402 3576 Ὡσαύτως
1430 3516 1702 3584 ἀνάγνωθι
1734 3518 1826 3569 καὶ

262 3608 353 3659 τὸν
411 3605 662 3675 δεύτερον
709 3596 908 3656 κανόνα
948 3603 1041 3655 τοῦ
1090 3604 1246 3671 ἁγίου
1292 3608 1500 3657 τούτου.
1565 3607 1716 3659 Ἐπεὶ
1771 3608 1827 3659 δὲ

263 3696 395 3765 περὶ
418 3693 691 3764 φονευτῶν
719 3694 809 3745 καὶ
833 3694 1137 3762 φαρμακῶν
1165 3696 1263 3747 οὐκ
1293 3695 1446 3761 ὀλίγα
1469 3695 1824 3764 διαλαμϐάνει

262 3789 291 3840 6
325 3786 405 3837 λθ⁸
444 3784 618 3845 τίτλος
676 3784 768 3835 τοῦ
823 3779 863 3846 ξ’
904 3782 1129 3852 βιϐλίόθ,
1167 3783 1436 3851 ἀνάγνωθι
1477 3784 1573 3835 καὶ
1613 3783 1820 3837 τοῦτον.

260 3874 368 3927 Τοῦ
420 3874 485 3925 ’δὲ
538 3867 787 3940 δευτέρου
847 3870 1083 3939 θέματος
1133 3870 1225 3923 τοῦ
1280 3870 1446 3923 αὑτοῦ
1500 3870 1676 3924 τίτλου
1735 3874 1826 3924 καὶ

258 3967 467 4037 βιϐλίου
517 3964 973 4032 διαλαμϐάνοντος
1022 3961 1191 4015 ταῦτα
1245 3963 1424 4032 ῥητῶς
1452 3978 1467 3992 θ
1514 3963 1569 4015 '0
1626 3958 1835 4016 σκοπὸν

258 4057 509 4125 ἐσχηκὼς
536 4053 629 4106 τοῦ
665 4052 941 4119 φονεῦσαι,
977 4053 1077 4106 κᾶν
1108 4053 1180 4121 μὴ
1204 4052 1459 4121 φονεύσῃ.
1495 4053 1629 4105 ἀλλὰ
1659 4070 1827 4123 τραυ-

262 4147 490 4214 ματίση,
532 4145 727 4211 φονεύς
760 4144 875 4192 ἑστι
904 4158 918 4173 ο
953 4142 1100 4193 καὶκδ
1149 4142 1222 4210 μὴ
1263 4141 1496 4209 θελήσας
1546 4143 1820 4209 φονεῦσαι,

258 4239 354 4287 ἐὰν
380 4232 636 4303 φονεύσῃ,
663 4233 762 4285 οὐκ
797 4230 909 4282 ἑστι
947 4230 1137 4298 φονεύς
1167 4247 1183 4262 ·
1227 4233 1258 4301 ἠ
1286 4232 1341 4284 δὲ
1367 4233 1606 4295 διάθεσις
1642 4236 1703 4286 ἐκ
1730 4234 1822 4286 τοῦ

258 4327 563 4394 πλήξαντος
601 4324 833 4391 ὀργάνου
882 4322 1163 4391 ἐλέγχεται
1189 4336 1204 4352 ⁸
1236 4322 1381 4374 εἴποι
1424 4337 1509 4383 τις
1555 4324 1824 4375 ἐναντιοῦ-

258 4418 385 4468 σθαι
443 4414 522 4484 τῷ
574 4414 800 4483 τοιούτῳ
856 4412 1132 4481 κεφαλαίῳ
1174 4412 1265 4464 τὸν
1298 4414 1542 4481 παριόντα
1595 4414 1820 4477 κανόνα,

254 4506 628 4578 διοριζόμενον
663 4505 919 4557 ἀκουσίου
960 4503 1121 4570 φόνου
1156 4504 1461 4572 ἐγκλήματι
1503 4505 1822 4557 ὑποκεῖσθαι

253 4598 348 4651 τὸν
388 4595 748 4649 άκοντίσαντα
787 4594 930 4647 λίθον
965 4595 1058 4645 ἐπὶ
1084 4593 1219 4645 κύνα
1260 4594 1291 4661 ἢ
1326 4594 1561 4662 δένδρον,
1604 4598 1695 4647 καὶ
1730 4604 1825 4647 τυ-

253 4686 428 4756 χαίως
475 4685 730 4739 ἀνελόντα
760 4684 1064 4754 ἄνθρωπον.
1098 4684 1281 4753 Φαμὲν
1310 4679 1402 4737 οὖν
1441 4685 1513 4746 ὡς
1563 4687 1591 4737 6
1639 4685 1823 4755 ῥηθεὶς

251 4777 438 4845 νόμος,
470 4776 599 4846 περὶ
633 4775 878 4827 ἑκουσίου
919 4774 1176 4843 φονευτοῦ
1218 4773 1501 4838 διδάσκων,
1537 4775 1629 4828 τὸν
1658 4777 1731 4845 μὴ
1760 4780 1823 4829 ἑκ

251 4862 627 4931 προαιρέσεως
672 4861 1008 4929 φονεύσαντα
1037 4863 1137 4914 οὐκ
1168 4860 1423 4929 ὀνομάζει
1456 4863 1705 4917 ἑκούσιον
1733 4882 1827 4932 φο-

252 4953 349 5004 νέα
378 4965 395 4982 ο
432 4951 686 5014 άκούσιος
714 4951 771 5003 δὲ
799 4952 827 5003 6
846 4950 1083 5012 τοιοῦτος
1112 4954 1307 5018 φονεύς
1337 4955 1473 5016 ἐστι,
1513 4952 1695 5014 καθὼς
1730 4956 1823 5005 καὶ

247 5042 277 5092 6
310 5040 502 5111 παρὼν
537 5042 713 5094 κανὼν
740 5041 1054 5112 διορίζεται,
1086 5044 1183 5094 καὶ
1214 5046 1534 5113 τιμωρεῖται
1585 5047 1729 5097 κατά
1763 5047 1821 5098 τὸ

250 5133 608 5202 προτέλευτον
657 5133 796 5202 θέμα
846 5132 941 5184 τοῦ
998 5139 1074 5196 ις’
1129 5132 1323 5199 κεφαλ.
1364 5134 1457 5185 τοῦ
1509 5141 1588 5187 va’
1640 5135 1816 5188 τίτλου

248 5221 343 5274 τοῦ
380 5220 421 5287 ξ’
453 5220 682 5291 βιϐλίου,
714 5227 808 5276 καὶ
840 5224 977 5275 κατὰ
1004 5222 1063 5274 τὸ
1086 5220 1128 5274 ε’
1156 5222 1351 5289 κεφάλ.
1408 5225 1502 5276 τοῦ
1532 5224 1609 5277 λθ¹
1641 5227 1817 5280 τίτλου

246 5310 343 5365 τοῦ
369 5311 533 5364 αὑτοῦ
567 5311 794 5381 βιϐλίου,
826 5310 1195 5382 διοριζόμενον
1225 5313 1319 5366 καὶ
1349 5313 1440 5366 τὸν
1467 5314 1575 5367 άπὸ
1606 5318 1818 5386 τρυφῆς

250 5403 589 5472 φονεύσαντα
618 5404 711 5456 ἑπὶ
754 5402 1079 5455 πενταετίαν
1112 5403 1473 5473 ἑξορίζεσθαι.
1497 5405 1653 5460 Ούτω
1682 5424 1822 5479 συμ-

248 5493 471 5546 ϐιϐισον
522 5493 583 5545 τὸ
631 5492 852 5561 νομικὸν
912 5493 1107 5560 κεφάλ.
1171 5498 1264 5547 καὶ
1317 5497 1409 5549 τὸν
1439 5498 1662 5552 κανόνα.
1704 5500 1814 5552 Kal

245 5585 554 5653 σημείωσαι
577 5587 685 5638 ἀπὺ
706 5584 800 5636 τοῦ
827 5586 1049 5648 κανόνος
1084 5587 1178 5639 καὶ
1224 5588 1317 5639 τοῦ
1353 5590 1517 5657 νόμου
1548 5590 1631 5644 δτι
1658 5593 1686 5644 6
1718 5592 1815 5661 μὲν

242 5675 499 5737 ἀκούσιος
548 5676 808 5744 φονευτης
841 5677 903 5727 ἑκ
931 5674 1024 5727 τοῦ
1066 5678 1532 5746 ἀποτελέσματος,
1570 5682 1689 5752 ἦτοι
1722 5683 1813 5736 τοῦ

241 5769 429 5832 φόνου,
497 5764 966 5831 καταδικάζεται,
1016 5768 1065 5831 ὁ,
1096 5768 1152 5820 δὲ
1198 5769 1443 5833 ἑκούσιος
1485 5772 1592 5825 ἀπὸ
1646 5774 1815 5843 μόνης

1942 1972 2164 2025 bestiam
2209 1975 2290 2029 vel
2340 1978 2588 2034 arborem
2630 1981 2899 2050 jacnlatus
2952 1998 3056 2048 est,
3128 1997 3500 2047 transeuntem

1936 2070 2114 2117 autem
2148 2065 2266 2120 illac
2301 2068 2575 2125 hominem
2621 2071 2777 2141 forte]
2807 2080 3091 2145 percussit,
3144 2096 3380 2152 eumque
3408 2085 3499 2152 qui

1936 2153 2054 2208 loro
2084 2156 2166 2210 vel
2195 2159 2296 2213 levi
2329 2161 2475 2231 virga
2506 2164 2733 2232 aliquem
2768 2169 2996 2222 docendi
3024 2187 3143 2225 eum
3172 2176 3340 2242 gratia
3384 2192 3503 2245 per-

1935 2244 2124 2310 cussit,
2156 2248 2198 2301 si
2234 2264 2524 2317 percussus
2559 2264 2801 2311 mortuus
2832 2258 3014 2321 fuerit,
3050 2244 3393 2319 homicidam
3422 2270 3505 2321 in-

1935 2335 2293 2394 voluntarium
2343 2344 2577 2412 appellat
2610 2364 2625 2400 :
2678 2363 2798 2401 cum
2839 2360 3042 2416 autem,
3083 2354 3171 2422 qui
3201 2356 3251 2408 in
3281 2368 3501 2411 conten-

1938 2426 2085 2482 tione
2115 2431 2345 2499 aliquem
2383 2436 2533 2506 vitga
2565 2438 2784 2494 duriore
2828 2447 3180 2509 percusserit,
3227 2448 3305 2501 vel
3352 2447 3404 2503 in
3435 2464 3501 2504 eo

1936 2521 2285 2587 perctttieudo
2315 2528 2495 2579 manui
2529 2544 2630 2581 non
2659 2533 2975 2598 pepercerit,
2999 2535 3209 2589 etiamsi
3234 2552 3378 2602 eum,
3405 2542 3495 2608 qui

1934 2625 2221 2679 percussus
2252 2623 2356 2679 est,
2408 2616 2710 2672 interficere
2767 2622 3019 2687 noluerit,
3057 2627 3149 2678 sed
3181 2627 3262 2681 vel
3293 2637 3496 2681 lnnlttttt

1934 2701 2145 2764 laedere,
2173 2704 2253 2757 vel
2309 2708 2643 2775 propulsare,
2701 2712 2851 2777 dicit,
2904 2715 2970 2767 ad
3000 2732 3145 2781 eum,
3181 2718 3270 2787 qni
3297 2722 3496 2773 eadem

1934 2791 2065 2846 fecit
2093 2793 2473 2861 voluntariam,
2527 2803 2769 2865 proxime
2808 2808 3087 2870 accedere,
3123 2825 3186 2861 eo
3234 2812 3322 2876 qui
3375 2826 3495 2878 pcr-

1932 2896 2122 2937 cussus
2155 2895 2237 2938 est
2271 2896 2499 2941 mortuo.
2529 2888 2661 2943 Eum
2692 2893 2794 2961 61
2823 2910 3039 2963 quoque
3061 2897 3151 2965 qui
3177 2898 3319 2967 ligno
3348 2903 3495 2968 gzavi

1931 2983 1987 3025 et
2020 2988 2211 3043 magno
2242 2975 2415 3043 Inpith
2457 2993 2583 3032 usus
2616 2982 2876 3038 adversus
2903 2986 3155 3053 aliquem,
3190 3007 3307 3042 eum
3335 2992 3501 3046 in'er-

1931 3059 2138 3126 fecerit,
2172 3079 2293 3118 cum
2348 3067 2511 3119 nollet
2562 3070 2885 3137 interficere,
2945 3076 3360 3133 involuntarinm
3401 3084 3498 3134 ho-

1933 3154 2181 3207 micidam
2202 3156 2406 3211 definit.
2436 3158 2565 3210 Eum
2597 3173 2798 3226 autem,
2827 3166 3124 3234 quiqnovis
3146 3184 3274 3225 ense
3299 3160 3495 3229 bullnm

1929 3248 2229 3313 gerentium
2260 3256 2309 3300 et
2341 3247 2607 3303 latronum
2647 3268 2795 3306 more
2829 3271 2957 3309 usus
2992 3268 3096 3320 est,
3134 3262 3493 3317 voluntarium

1932 3339 2255 3391 homicidam
2309 3343 2616 3405 pronuntiat
2658 3359 2671 3395 :
2710 3345 2850 3398 sicut
2882 3356 2937 3400 et
2984 3362 3099 3412 eos,
3135 3352 3223 3419 qui
3284 3354 3494 3408 curiosa

1930 3431 2057 3483 dant
2128 3432 2539 3494 medicamenta,
2604 3443 2657 3486 et
2715 3437 2961 3490 abortum
3020 3439 3213 3493 cientia
3274 3442 3495 3499 faciunt.

1928 3521 2104 3589 Atque
2142 3521 2255 3575 ltmc
2290 3522 2510 3589 quidem
2551 3538 2749 3579 canon.
2792 3527 2872 3581 Tu
2916 3540 3095 3584 autem
3158 3532 3271 3601 lege
3307 3536 3498 3597 vicesi-

1931 3625 2075 3661 tnnm
2120 3621 2333 3664 sextum
2383 3627 2505 3678 cap.
2541 3614 2628 3664 tit.
2668 3612 2701 3667 9
2738 3619 3016 3681 praesentis
3044 3622 3244 3689 operis,
3276 3634 3327 3676 et
3377 3640 3496 3692 qua:

1930 3700 1982 3754 in
2016 3716 2079 3753 eo
2140 3702 2339 3768 scripta
2390 3716 2512 3755 smn
2542 3704 2607 3758 de
2653 3707 2959 3762 homicidia.
2996 3707 3257 3764 Similiter
3297 3714 3413 3780 lege
3443 3725 3495 3769 et

1928 3808 2190 3847 canonetu
2223 3796 2257 3847 ἓ
2288 3797 2449 3863 hujus
2481 3800 2676 3852 sancti.
2736 3801 2875 3866 Quia
2908 3813 3085 3856 autem
3120 3804 3186 3857 de
3208 3805 3495 3862 homicidia

1926 3892 1978 3938 ct
2014 3885 2266 3938 veneficis
2302 3900 2406 3939 non
2448 3903 2614 3953 pauca
2655 3898 2849 3944 tracta!
2883 3892 2966 3945 tit.
2995 3894 3084 3957 39,
3117 3895 3210 3948 lib.
3255 3912 3344 3949 ιν.
3368 3912 3492 3974 eum

1926 3988 2145 4042 quoque
2174 3974 2288 4044 lege
2325 3995 2337 4029 :
2373 3992 2495 4030 cum
2562 3994 2688 4032 vero
2749 3981 2925 4035 tlu-ma
2971 3984 3004 4036 2
3032 3984 3272 4050 ejusdem
3312 3987 3394 4039 tit.
3441 3996 3495 4041 et

1926 4065 2019 4119 lib.
2050 4066 2165 4120 lucc
2188 4082 2438 4136 expresse
2469 4071 2619 4132 dicit,
2649 4072 2749 4137 Qui
2784 4073 3087 4129 interficere
3110 4078 3487 4145 constituerat,

1925 4158 2030 4210 etsi
2073 4173 2178 4209 non
2225 4158 2583 4221 interfecerit,
2637 4163 2733 4216 sed
2778 4165 3160 4226 vulneraverit,
3206 4178 3287 4220 cst
3318 4168 3490 4222 homi-

1925 4245 2041 4298 cida
2071 4263 2086 4298 :
2120 4255 2170 4299 et
2216 4248 2303 4312 qni
2332 4248 2503 4302 noluit
2536 4251 2862 4315 interficere,
2892 4255 3102 4306 etiamsi
3127 4256 3482 4324 interfeoeri',

1925 4349 2030 4387 non
2061 4344 2145 4388 est
2177 4337 2471 4391 homicida.
2505 4339 2732 4394 Alfectio
2786 4354 2984 4408 autem,
3022 4358 3085 4397 ex
3127 4345 3484 4400 instrumento

1924 4439 2033 4492 quo
2050 4429 2339 4491 percussit,
2369 4430 2629 4503 probatur
2669 4432 2911 4485 :dixerit
2937 4435 3230 4503 quispiam,
3262 4437 3485 4504 eicapiti

1927 4515 2204 4570 adversari
2254 4530 2573 4585 prtesenlem
2608 4536 2895 4586 canonem,
2930 4524 3308 4579 decernentem
3337 4529 3484 4582 ἰητοι

1929 4606 2177 4660 luntaria:
2211 4609 2374 4660 czedis
2404 4613 2619 4665 crimini
2676 4614 2872 4678 subjici
2928 4629 3072 4675 eum,
3109 4617 3205 4683 qui
3257 4617 3487 4683 lapidem

1927 4695 1979 4747 in
2013 4702 2199 4748 canem
2230 4697 2309 4747 vel
2342 4698 2590 4752 arborem
2624 4700 2894 4767 jaCulatus
2920 4701 3099 4762 fuerit,
3135 4714 3185 4755 et
3216 4704 3486 4757 hominem

1924 4787 2062 4840 fin‘to
2098 4787 2379 4841 occiderit.
2427 4789 2661 4843 Dicimus
2691 4807 2841 4859 ergo,
2886 4793 3029 4861 quod
3064 4793 3204 4847 dicta
3240 4793 3321 4846 lex
3369 4810 3489 4862 qua:

1923 4878 1988 4931 de
2024 4881 2169 4931 caede
2209 4881 2516 4933 vomntaria
2545 4881 2723 4943 docet,
2749 4899 2893 4947 ettttt,
2922 4884 3011 4951 qui
3041 4898 3144 4936 non
3172 4884 3292 4936 data
3327 4900 3487 4953 opera

1924 4968 2219 5031 interfecit,
2262 4985 2366 5022 non
2424 4974 2686 5025 nominat'
2721 4974 3079 5028 voluntarium
3142 4977 3487 5030 homicidam.

1923 5056 2015 5110 Est
2046 5067 2223 5109 autem
2249 5058 2333 5111 hic
2362 5058 2751 5114 involnntarins
2776 5061 3064 5125 homicida,
3084 5065 3221 5117 sicut
3253 5079 3489 5132 praesens

1921 5160 2134 5213 quoque
2166 5162 2337 5201 canon
2372 5150 2631 5210 decernit.
2668 5160 2721 5203 et.
2754 5154 2974 5221 punitur
3016 5156 3312 5208 secundum
3368 5155 3486 5209 tlte-

1922 5248 2006 5284 tttu
2066 5238 2545 5302 antvpenultimum
2608 5255 2725 5308 cap.
2789 5241 2853 5294 l6
2917 5245 2997 5296 tit.
3048 5244 3108 5297 5i
3168 5243 3262 5297 lib.
3315 5238 3386 5296 60
3432 5256 3485 5297 et

1919 5323 2215 5377 secundum
2271 5341 2391 5394 cap.
2452 5327 2485 5381 5
2526 5330 2608 5383 tit.
2664 5331 2734 5385 '59
2767 5332 3003 5401 ejusdem
3052 5335 3146 5388 lib.
3201 5337 3483 5396 definiens.

1917 5430 2039 5469 eum
2071 5418 2255 5481 etiam,
2288 5419 2380 5485 qui
2415 5434 2509 5487 per
2530 5421 2752 5474 delicias
2776 5430 2830 5474 et
2882 5422 3063 5476 ludum
3104 5423 3402 5487 interfecit,
3432 5424 3483 5474 in

1918 5505 2344 5573 quinquennium
2385 5509 2879 5563 exterminandum.
2928 5509 3005 5563 lla
3062 5520 3244 5580 caput.
3268 5512 3402 5580 legis
3431 5523 3484 5564 et

1917 5611 2181 5652 canonem
2214 5600 2464 5653 c0ncillu.
2507 5600 2569 5653 Et
2602 5612 2725 5653 nota
2757 5618 2821 5656 ex
2856 5618 3063 5656 canone
3090 5614 3142 5656 et
3175 5604 3313 5671 lege,
3348 5605 3483 5670 quod

1921 5686 2319 5741 involuntarius
2347 5691 2562 5756 quidem
2590 5690 2859 5745 homicida
2890 5708 2956 5745 ex
2989 5703 3181 5745 eventu
3209 5709 3303 5746 seu
3332 5693 3479 5746 caede

1920 5781 2313 5833 condemnatur
2349 5798 2365 5836 :
2398 5783 2734 5839 voluntarius
2783 5795 2987 5839 autem.
3025 5799 3091 5839 ex
3136 5787 3253 5840 solo
3285 5800 3482 5856 propo-
