4124 6494
293 409 400 474 611

1268 403 1345 463 IN
1389 403 1630 462 EPIST.
1676 401 1738 458 S.
1780 393 2064 456 BASILII
2106 392 2540 456 CANONICAM
2583 393 2627 453 Ι.

3448 386 3545 452 618

293 520 600 590 ἀγγελικὴν,
654 521 766 589 βεεν
807 516 1072 578 ὑπελθὼν,
1116 515 1210 566 καὶ
1254 515 1342 584 βίᾳ
1368 512 1556 566 τοῦτον
1589 508 1883 572 καταδεξᾶ-

1990 515 2226 562 tonsura:
2275 506 2464 560 statuit
2515 514 2631 559 mea
2683 504 2976 572 imper-talis
3032 502 3306 571 majestas.
3359 514 3418 556 ut
3463 507 3553 571 qui

300 631 485 681 μενος,
523 614 602 675 εἰς
640 610 958 680 ἐμπαιγμδν
1003 607 1078 676 τῷ
1130 606 1395 678 φρικώδει
1440 605 1704 674 χρήσεται
1751 601 1881 670 σχή-

303 723 457 772 ματι.
492 705 779 770 Πεφύκασι
809 703 916 769 γάρ
967 701 1014 751 οἱ
1067 697 1175 751 τῶν
1204 697 1507 765 ἀνθρώπων
1539 693 1878 762 κουφότεροι,

300 798 380 856 εἰς
432 797 694 847 ἀπόνοιαν
734 790 1090 861 ἐμπεσόντες.
1137 789 1232 841 καὶ
1273 791 1392 849 ταῖς
1439 786 1739 855 χειρίσταις
1787 783 1882 836 καὶ⁸

303 885 793 954 παραϐολωτέραις
831 879 1136 948 ὲπιτολμᾷν
1175 878 1458 947 πράξεσιν.
1515 873 1664 926 Ἀντὶ
1701 873 1883 924 τοίνυν

303 975 400 1042 τῆς
450 973 810 1040 ἀποκάρσεως
851 969 1135 1037 νομοθετεῖ
1174 969 1204 1036 ἡ
1239 966 1485 1036 βασιλεία
1516 981 1616 1032 μου
1651 963 1742 1015 τὸν
1789 979 1882 1013 πε-

305 1062 744 1132 πλημμεληκότα
805 1061 964 1127 φόνον
1023 1058 1461 1128 μεμελετημένον
1519 1055 1770 1106 ἑκούσιον
1822 1056 1882 1105 ὲν

313 1154 528 1222 φυλακῇ
556 1155 620 1204 δι’
654 1152 772 1210 ὅλον
801 1150 892 1201 τὸν
921 1150 1112 1218 χρόνον
1139 1151 1239 1218 τῆς
1269 1148 1414 1216 ζωῆς
1451 1147 1616 1198 αὐτοῦ
1649 1146 1879 1211 διάγειν,

315 1249 409 1298 καὶ
451 1245 723 1312 μηδέποτε
774 1242 984 1293 ἐκεῖθεν
1020 1241 1364 1310 ἐξέρχεσθαι,
1417 1238 1536 1306 μηδ’
1584 1237 1692 1290 άπὸ
1731 1237 1883 1306 βασι-

309 1335 469 1402 λικῆς
503 1335 632 1394 ἴσως
677 1331 1047 1401 προστάξεως,
1096 1332 1237 1384 κατὰ
1282 1329 1452 1399 λήθην
1491 1327 1880 1396 ποριζομένης.

321 1427 445 1478 Ἐπὶ
478 1427 535 1478 δὲ
574 1429 696 1488 ταῖς
748 1424 1097 1494 περιουσίαις
1147 1423 1325 1475 αὐτῶν
1362 1420 1611 1486 γίνεσθαι
1646 1419 1825 1481 καθὼς
1857 1419 1884 1468 ὁ

311 1516 822 1586 προμνημονευθε“ις
857 1514 1111 1582 βασιλεὺς
1158 1512 1462 1576 διετάξατο.
1531 1512 1683 1564 Ἐπεὶ
1731 1512 1786 1562 δὲ
1836 1513 1884 1563 οἱ

313 1608 534 1668 πλείους
583 1606 696 1658 τῶν
743 1605 946 1673 φονέων
995 1607 1060 1656 ὲκ
1118 1605 1348 1673 μελέτης
1399 1604 1492 1655 καὶ
1545 1602 1886 1670 διασκέψεως

314 1699 440 1759 τοὺς
483 1700 677 1763 φόνους
725 1697 1206 1766 κατεργαζόμενοι,
1258 1694 1448 1745 ἔπειτα
1493 1697 1559 1762 τῇ
1607 1695 1887 1764 ἁγιωτάτῃ

318 1789 412 1837 τοῦ
456 1787 591 1838 Θεοῦ
631 1786 858 1857 Μεγάλῃ
907 1785 1198 1854 Ἐκκλησία
1232 1781 1638 1851 προσελθόντες,
1675 1783 1772 1852 οὐχ
1810 1785 1886 1846 ὡς

319 1880 512 1945 γέγονε
549 1878 677 1946 παρ’
728 1877 904 1927 αὐτῶν
950 1877 977 1926 ὁ
1013 1874 1194 1941 φόνος,
1254 1873 1391 1924 ἀλλὰ
1432 1873 1567 1942 πρὸς
1594 1874 1656 1925 τὸ
1685 1875 1888 1926 οἰκεῖον

319 1967 598 2034 συμφέρον
631 1965 906 2015 ποιοῦνται
937 1961 1034 2030 τὴν
1058 1963 1469 2032 ἐξομολόγησιν,
1495 1965 1596 2030 τὴν
1628 1963 1886 2032 ἀλήθειαν

319 2060 827 2129 παρακρύπτοντες,
891 2057 1328 2125 παρακελεύεται
1384 2059 1415 2123 ἡ
1470 2056 1717 2124 βασιλεία
1785 2074 1886 2125 μου

317 2151 534 2218 γραφὴν
571 2149 816 2215 γίνεσθαι
860 2147 952 2199 τοῦ
997 2149 1139 2199 κατὰ
1177 2147 1404 2216 καιροὺς
1449 2148 1754 2214 άγιωτάτου
1787 2165 1890 2201 πα-

316 2241 582 2308 τριάρχου
623 2240 743 2307 μετ’
783 2239 1061 2306 ἐπιτιμίου
1096 2241 1230 2305 πρὸς
1271 2239 1362 2290 τὸν
1405 2239 1545 2290 κατὰ
1571 2239 1757 2308 χώραν
1790 2242 1887 2309 ἀρ-

317 2335 506 2401 χιερέα
538 2332 633 2382 καὶ
661 2331 751 2380 τὸν
792 2330 884 2382 ὑπ’
916 2330 1080 2381 αὑτὸν
1112 2329 1332 2397 κλῆρον,
1368 2329 1502 2381 ἀλλὰ
1532 2330 1636 2398 μὴν
1669 2331 1762 2382 καὶ
1795 2333 1886 2382 τὸν

316 2419 413 2471 τοῦ
463 2420 698 2485 Θέματος
729 2420 1034 2487 διαιτητὴν,
1081 2418 1174 2471 καὶ
1202 2415 1388 2480 καθὼς
1430 2420 1593 2486 μάθοι
1633 2422 1886 2487 γενέσθαι.

319 2512 411 2558 τὸν
443 2510 602 2574 φόνον
636 2507 740 2558 ἀπὸ
763 2509 858 2574 τῆς
883 2505 1107 2557 ἐκείνων
1141 2506 1505 2573 ἀντιγραφῆς,
1537 2506 1678 2558 οὕτω
1717 2510 1890 2559 ποιεῖν

321 2601 416 2649 καὶ
449 2599 548 2666 τὴν
585 2598 926 2661 ὲπεξέλευσιν
957 2611 971 2626 ·
996 2597 1092 2647 καὶ
1127 2595 1202 2664 μὴ
1227 2595 1316 2646 τὸν
1345 2596 1410 2646 ἐκ
1434 2594 1664 2663 μελέτης
1698 2597 1891 2662 φονεύ-

321 2706 474 2749 οντα,
499 2688 585 2740 διά
614 2688 714 2755 τὴν
742 2687 909 2755 ψευδῆ
938 2685 1279 2754 ὲξαγορείαν,
1311 2684 1409 2746 τὰς
1433 2685 1523 2738 τοῦ
1555 2687 1696 2739 κατά
1720 2687 1890 2756 τύχην

327 2779 419 2833 καὶ
453 2759 775 2845 ἀπροόπτως
810 2776 886 2845 τῷ
913 2775 1139 2842 τοιούτῳ
1174 2776 1560 2844 περιπεσόντος
1584 2778 1891 2848 ἐγκλήματι

320 2867 577 2936 δέχεσθαι
607 2867 795 2928 ποινάς
827 2867 922 2918 καὶ
953 2869 1018 2917 τά
1054 2866 1326 2935 ἐπιτίμια.
1355 2867 1419 2918 Εἴ
1446 2884 1528 2929 τις
1563 2869 1748 2936 μέντοι
1783 2871 1888 2923 τῶν

323 2962 550 3027 φονέων,
592 2963 655 3028 τῇ
686 2960 961 3028 ἁγιωτάτῃ
1007 2957 1235 3028 Μεγάλῃ
1285 2959 1616 3027 προσφυγὼν
1659 2961 1887 3032 Ἐκκλη-

324 3052 437 3119 σία,
469 3057 560 3100 καί
584 3050 614 3117 ἦ
640 3052 704 3116 τῇ
735 3049 994 3116 ἀειφυγίᾳ
1021 3047 1396 3117 κατακρίθεὶς,
1421 3048 1454 3116 ἢ
1483 3049 1699 3117 δέσμιος
1729 3047 1887 3118 εἶναι,

324 3145 420 3191 καὶ
461 3142 518 3190 ἐν
551 3139 762 3206 φυλακῇ
799 3139 1176 3204 ἐγκεκλεῖσθαι
1224 3140 1354 3207 παρ’
1399 3140 1528 3209 ὃλην
1581 3143 1745 3195 αὐτοῦ
1792 3145 1888 3214 τὴν

323 3233 494 3298 ζωὴν,
524 3232 722 3300 εὑρεθῇ
766 3232 950 3292 ἄνετος
999 3231 1390 3300 ἐμπεριπατῶν
1437 3232 1567 3287 ἔνθα
1609 3235 1698 3289 τὸν
1731 3238 1890 3304 φόνον

323 3322 642 3390 εἰργάσατο,
675 3323 890 3390 δέσμιος
924 3324 1076 3391 παρὰ
1119 3321 1212 3374 τοῦ
1255 3323 1395 3376 κατὰ
1440 3324 1621 3394 χώραν
1653 3327 1890 3397 πράκτο-

326 3429 420 3480 po;
449 3413 887 3481 ἀποσταλήσεται
927 3413 1003 3474 εἰς
1038 3413 1134 3481 τὴν
1161 3415 1442 3482 βασιλείαν
1473 3433 1574 3483 μου
1600 3434 1613 3447 ⁸
1659 3420 1752 3470 καὶ⁹
1790 3420 1891 3473 ὅσα

322 3501 382 3553 δὲ
410 3502 534 3553 τότε
567 3503 983 3572 παρευρεθῶσιν
1010 3505 1175 3556 αὑτοῦ
1221 3506 1547 3574 πράγματα,
1585 3510 1664 3570 είς
1702 3511 1891 3578 κέρδος

324 3595 483 3644 ἔσται
533 3593 611 3661 τῷ
652 3595 943 3662 πράκτορι,
978 3595 1070 3644 καὶ
1104 3594 1181 3664 τῷ
1221 3595 1310 3646 τὸν
1357 3597 1522 3663 φονέα
1579 3602 1893 3667 καταμηνὺ-

326 3684 500 3747 alyn.
535 3682 730 3750 ἐπίσης
768 3683 899 3751 παρ’
935 3682 1114 3735 αὐτῶν
1166 3686 1500 3753 μεριζόμενα
1533 3704 1544 3715 ·
1582 3689 1804 3757 μελήσει
1834 3691 1891 3744 δὲ

323 3773 542 3833 πάντως
571 3776 662 3824 καὶ
689 3775 798 3835 τοῖς
832 3776 886 3826 ὲν
913 3776 975 3843 τῇ
1019 3775 1296 3847 ἁγιωτάτῃ
1326 3777 1553 3848 Μεγάλῃ
1592 3781 1892 3850 Ἐκκλησία

321 3866 432 3916 τῶν
461 3865 717 3917 τοιούτων
749 3866 1052 3933 διαιτηταῖς
1084 3868 1220 3934 μετὰ
1262 3872 1646 3938 προσηκούσης
1673 3888 1891 3926 κανονιο

321 3954 426 4022 κῆς
469 3955 770 4022 αὐστηρίας
801 3955 868 4007 τά
902 3955 1095 4022 φονικὰ
1133 3957 1380 4019 κολάζειν
1422 3960 1761 4029 ἐγκλήματα,
1799 3962 1892 4014 καὶ

327 4045 404 4113 μὴ
447 4047 572 4107 τοὺς
605 4047 849 4113 χρόνους,
896 4046 970 4107 ὡς
1018 4048 1199 4117 ἔτυχε,
1237 4050 1571 4118 συντέμνειν,
1609 4053 1704 4106 καὶ
1759 4054 1892 4122 μηδὲ

322 4135 410 4202 ἐφ’
438 4131 517 4196 οἷς
549 4137 609 4188 οὺ
640 4136 744 4204 χρὴ
774 4137 936 4188 πλέον
959 4136 1052 4189 τοῦ
1080 4139 1287 4200 εἰκότος
1325 4139 1889 4209 φιλανθρωπεύεσθαι.

327 4225 450 4277 Ἴσα
505 4228 688 4294 μέντοι
731 4226 822 4278 τοῦ
876 4227 1141 4296 παρόντος
1182 4227 1553 4297 διατάγματος
1598 4232 1696 4302 τῆς
1740 4234 1893 4301 βασι-

324 4316 474 4377 λείας
537 4334 639 4383 μου
692 4317 1076 4387 ὑπογραφέντα
1105 4317 1256 4385 παρὰ
1303 4318 1412 4372 τῶν
1470 4325 1891 4391 προϊσταμένων

317 4406 432 4457 τῶν
492 4406 860 4475 δικαστηρίων
917 4407 1292 4461 ἀποσταλέντα
1345 4411 1466 4471 ταῖς
1517 4413 1657 4463 κατὰ
1707 4414 1890 4482 χώραν

1986 594 2346 648 voluntariam
2403 595 2602 649 caadem
2655 601 2815 662 capto
2867 593 3093 648 consilio
3140 597 3552 662 perpetraverit,

1983 687 2036 738 in
2071 687 2316 740 custodia
2356 695 2468 741 toto
2503 687 2626 739 vitae
2656 701 2766 740 suae
2808 695 3048 754 tempore
3100 687 3301 756 degat:
3352 694 3404 739 et
3457 701 3554 740 nec

1985 776 2136 831 illinc
2186 778 2404 846 quidem
2471 792 2709 846 unquam
2762 778 3025 831 educatur
3085 791 3183 831 nec
3220 778 3372 846 jussu
3414 776 3555 831 forte

1985 867 2344 937 imperatorio
2401 885 2496 937 per
2554 868 2880 922 oblivionem
2936 856 3203 922 exhibito.
3262 871 3336 922 De
3366 881 3552 922 eorum

1988 967 2168 1011 autem
2202 960 2546 1014 facoltatibus
2584 960 2697 1022 ﬁat,
2731 961 2872 1013 sicut
2905 959 3072 1027 jussit
3105 961 3404 1029 imperator
3437 944 3554 1014 me-

1986 1056 2251 1102 moratus.
2280 1050 2416 1114 Quia
2449 1062 2626 1104 autem
2659 1051 2838 1118 plures
2893 1051 3202 1112 homicidae.
3235 1052 3325 1120 qui
3356 1052 3554 1104 caedem

1989 1141 2249 1192 meditato
2289 1150 2342 1193 et
2372 1142 2601 1194 consilio
2635 1153 2795 1211 capto
2826 1153 3163 1213 perpetrant.
3198 1146 3263 1196 ad
3317 1144 3556 1196 sanctis-

1987 1231 2180 1284 simam
2217 1231 2310 1284 Dei
2347 1231 2591 1300 Magnam
2620 1232 2919 1288 Ecclesiam
2975 1247 3158 1304 postea
3214 1236 3552 1296 accedentes.

1991 1336 2096 1373 non
2125 1330 2181 1374 ut
2209 1320 2350 1374 facta
2383 1331 2465 1376 est
2497 1338 2524 1374 a
2559 1337 2639 1386 se,
2675 1324 2767 1376 sed
2801 1330 2858 1374 ιιι
2887 1326 2952 1375 ad
2986 1338 3140 1376 suam
3191 1323 3316 1376 facit
3350 1324 3557 1378 utilita-

1991 1420 2118 1475 tem,
2151 1413 2429 1465 veritatem
2460 1412 2721 1478 celantes,
2753 1414 2951 1467 ca‘dem
2999 1413 3361 1478 conﬁtentur;
3405 1414 3558 1480 jubet

1989 1517 2105 1555 mea
2150 1502 2450 1570 imperialis
2497 1504 2820 1567 sublimitas.
2858 1515 2914 1558 ut
2971 1521 3002 1560 a
3060 1507 3407 1560 sanctissimo
3460 1521 3559 1579 pro

1991 1601 2232 1661 tempore
2260 1586 2566 1662 patriar’cha
2605 1597 2668 1648 ad
2703 1596 2942 1663 regionis
2997 1596 3315 1662 antistitem,
3355 1606 3429 1662 et,
3465 1597 3557 1666 qni

1991 1685 2040 1738 ei
2075 1686 2288 1748 subest,
2332 1687 2557 1751 clerum,
2589 1689 2882 1752 quinetiam
2928 1687 2994 1741 ad
3046 1688 3278 1756 regionis
3325 1689 3560 1754 judlcem

1993 1793 2116 1832 cum
2172 1792 2346 1848 pinnae
2381 1780 2801 1834 comminatione
2859 1779 3154 1833 scribatur.
3205 1779 3272 1832 Et
3299 1779 3563 1847 quemad-

1919 1861 1964 1918 Β
1993 1871 2209 1923 modum
2257 1871 2453 1925 factam
2514 1886 2634 1925 esse
2686 1872 2883 1924 caedem
2928 1884 2992 1922 ex
3045 1870 3260 1922 illorum
3299 1873 3562 1934 rescripto

1990 1960 2340 2024 intellexerit,
2399 1962 2468 2014 ita
2522 1975 2640 2014 eam
2698 1973 2914 2028 quoque
2971 1957 3316 2013 ulciscatur:
3370 1968 3560 2013 etnon

1991 2065 2139 2114 eum,
2196 2055 2286 2119 qui
2319 2050 2736 2119 capto-consilio
2771 2050 2969 2104 caedem
3013 2050 3161 2118 facit,
3199 2059 3416 2120 propter
3452 2049 3558 2104 lal-

1992 2159 2108 2197 sam
2147 2159 2300 2197 suam
2333 2143 2756 2205 confessionem,
2794 2145 3010 2197 easdem
3045 2158 3235 2213 poenas
3269 2146 3566 2213 eademque

1993 2233 2280 2300 supplicia,
2316 2248 2437 2302 qua:
2469 2233 2694 2287 fortuito
2725 2243 2780 2287 et
2810 2235 3104 2303 improviso
3134 2236 3185 2288 in
3214 2237 3319 2290 tale
3348 2235 3564 2304 aliquod

1992 2325 2198 2378 crimen
2250 2325 2518 2388 incidens,
2548 2326 2763 2379 subeat.
2802 2325 2857 2378 Si
2889 2326 3010 2395 quis
3035 2335 3216 2380 autem
3270 2326 3563 2389 homicida,

1993 2414 2084 2484 qui
2111 2415 2176 2466 ad
2207 2415 2608 2469 sanctissimam
2635 2414 2877 2484 Magnam
2907 2414 3203 2469 Ecclesiam
3243 2416 3568 2484 confugerat

1995 2512 2049 2555 et
2075 2504 2157 2557 vel
2195 2513 2454 2574 perpetuo
2477 2504 2672 2559 exsilio
2700 2506 3115 2566 condemnatus,
3145 2504 3227 2559 vel
3257 2505 3308 2558 in
3337 2506 3569 2559 vinculis

1995 2605 2047 2646 et
2082 2599 2131 2648 in
2166 2607 2422 2666 perpetua
2453 2612 2572 2652 esse
2595 2598 2838 2652 custodia
2874 2607 2987 2652 toto
3014 2598 3137 2651 vitae
3167 2613 3276 2651 sum
3327 2607 3568 2665 tempore

1985 2682 2172 2750 jussus
2208 2696 2346 2753 erat,
2383 2688 2589 2742 solutus
2612 2728 2626 2753 ,
2666 2689 2910 2742 inventus
2941 2688 3105 2744 fuerit
3159 2690 3212 2742 in
3266 2691 3380 2744 loco
3404 2729 3418 2753 ,
3473 2690 3563 2743 ubi

1995 2775 2195 2827 cm'dem
2233 2778 2583 2845 perpetravit.
2616 2778 2914 2841 ambulare,
2941 2779 3154 2831 vinctus
3198 2779 3264 2832 ab
3289 2789 3565 2846 exactore,

1997 2868 2086 2935 qui
2122 2877 2206 2921 est
2240 2870 2293 2921 in
2320 2869 2561 2936 regione,
2593 2869 2658 2922 ad
2694 2883 2866 2924 meam
2897 2871 3234 2938 imperialem
3261 2873 3564 2926 sublimita-

1997 2966 2102 3009 tem
2138 2957 2402 3020 mittetur,
2455 2968 2509 3011 et
2545 2973 2881 3027 quaecunque
2910 2959 3129 3028 quidem
3185 2974 3271 3015 res
3330 2972 3460 3015 tunc
3509 2961 3559 3016 ei

1997 3049 2224 3104 iuventa:
2259 3049 2481 3116 fuerint,
2516 3051 2759 3106 exactori
2810 3051 2864 3104 in
2912 3051 3122 3105 lucrum
3165 3053 3379 3115 cedent.
3431 3063 3484 3107 et
3511 3053 3560 3107 ei

1996 3139 2085 3203 qui
2123 3139 2451 3193 homicidam
2490 3141 2746 3194 iudicavit
2770 3156 2836 3194 ex
2871 3156 3027 3210 atquo
3058 3142 3201 3196 inter
3227 3157 3321 3197 eos
3353 3144 3557 3197 divisa’.

1996 3228 2230 3284 Omnino
2248 3240 2425 3285 autem
2459 3247 2602 3286 cura:
2625 3232 2727 3285 erit
2753 3232 2836 3292 iis,
2865 3232 2951 3297 qui
2984 3244 3108 3287 sunt
3137 3235 3189 3287 in
3221 3235 3562 3290 sanctissima

1995 3320 2189 3390 Magna
2224 3320 2491 3385 Ecclesia,
2529 3321 2743 3374 illorqu
2799 3321 3093 3390 judicibus,
3125 3333 3183 3377 ut
3219 3339 3340 3378 cum
3371 3341 3565 3380 conve-

1996 3414 2182 3468 niente
2209 3413 2468 3466 canonica
2505 3411 2797 3466 severitate
2853 3413 3081 3466 crimina
3119 3414 3282 3468 caedis
3314 3416 3561 3484 puniant.

1995 3513 2048 3557 et
2083 3513 2325 3572 tempora
2357 3520 2461 3558 non
2508 3515 2710 3558 temere
2766 3506 3112 3568 contrahant,
3151 3520 3249 3560 nec
3276 3507 3558 3576 plusquam

1995 3608 2094 3661 par
2127 3595 2218 3657 sit,
2253 3595 2304 3647 in
2337 3594 2401 3647 iis
2436 3609 2555 3662 qua:
2582 3609 2689 3647 non
2722 3595 2897 3657 decet,
2930 3609 2988 3648 se
3017 3595 3163 3649 lenes
3187 3605 3238 3649 et
3271 3596 3563 3652 clementes

1995 3692 2272 3751 prmstent.
2355 3682 2653 3751 lmperialis
2721 3692 2900 3738 autem
2974 3699 3107 3738 mea:
3162 3689 3566 3742 constitutionis

1995 3773 2262 3840 exempla,
2295 3771 2364 3826 ab
2392 3772 2456 3826 iis
2471 3774 2560 3840 qui
2586 3785 2821 3841 praesunt
2843 3775 3060 3842 judiciis
3081 3775 3369 3844 descripta,
3399 3779 3563 3834 missa

1997 3863 2062 3916 ad
2093 3863 2352 3917 ecclesias
2383 3879 2502 3930 qua:
2547 3874 2673 3917 sunt
2711 3865 2763 3919 in
2813 3866 3029 3935 regione
3070 3867 3140 3920 ibi
3193 3879 3562 3936 reponeutur;

2000 3961 2058 4007 ut
2113 3968 2303 4008 eorum
2360 3969 2477 4020 qute
2528 3963 2656 4007 sunt
2687 3957 3003 4019 constituta,
3048 3972 3236 4012 omnes
3280 3960 3562 4013 scientiam

1997 4043 2256 4106 habeant.
2292 4054 2349 4098 ut
2379 4045 2586 4099 faciant
2611 4047 3064 4114 quemadmodum
3100 4049 3178 4102 eis
3209 4051 3564 4118 comprehen-

1995 4133 2164 4187 ditur.
2201 4134 2356 4201 Quod
2384 4135 2428 4190 si
2461 4137 2508 4190 is
2562 4137 2652 4203 qui
2680 4146 2836 4205 capto
2887 4138 3111 4190 consilio
3143 4140 3342 4192 eadem
3400 4142 3527 4196 fecit
3549 4185 3563 4204 ,

1997 4234 2276 4280 tonsuram
2328 4243 2424 4281 sua
2460 4237 2651 4296 sponte
2683 4227 2927 4296 elegerit,
2970 4244 3075 4282 non
3131 4230 3333 4299 absque
3364 4236 3564 4300 proba-

1996 4315 2140 4370 tione
2177 4316 2320 4371 iuter
2374 4319 2669 4371 monachos
2720 4320 3087 4385 cooptabitur,
3124 4324 3216 4376 sed
3277 4324 3562 4380 suﬂicienti

1999 4417 2241 4475 tempore
2259 4408 2663 4462 accuratissime
2684 4417 2733 4461 et
2755 4410 3165 4479 diligentissime
3188 4429 3253 4467 ex
3288 4417 3560 4472 canonicis

319 4497 641 4564 ἐκκλησίαις
669 4497 1067 4566 άποτεθήσεται
1088 4514 1100 4529 ·
1124 4499 1265 4551 ὥστε
1292 4501 1497 4563 πάντας
1523 4503 1726 4572 εἴδησιν
1747 4504 1886 4574 ἔχειν

1999 4495 2478 4550 constitutionibus
2521 4499 2886 4566 examinatus.
2937 4510 2991 4553 et
3036 4503 3316 4569 probatus,
3367 4505 3417 4557 in
3446 4520 3561 4559 mo-

321 4587 433 4639 τῶν
469 4589 862 4656 διωρισμένων,
910 4590 984 4650 ὼς
1026 4589 1091 4641 ἂν
1137 4591 1334 4644 ποιῶσι
1375 4594 1516 4644 κατὰ
1553 4593 1650 4663 τὴν
1680 4597 1885 4652 τούτων

320 4679 638 4746 περίληψιν.
669 4681 839 4748 Εἶπερ
870 4682 1052 4748 μέντοι
1076 4682 1103 4733 ὁ
1133 4683 1223 4735 τὸν
1260 4683 1698 4753 μεμελετημένον
1725 4691 1883 4756 φόνον

320 4771 695 4838 ἐργασάμενος
742 4773 1001 4833 ἑκουσίως
1053 4773 1228 4824 ἓλοιτο
1268 4775 1369 4841 τὴν
1412 4775 1736 4845 ἀπόκαρσιν,
1781 4782 1882 4832 οὐκ

319 4860 702 4928 ἀδοκιμάστως
736 4864 845 4923 τοῖς
888 4865 1137 4930 μοναχοῐς
1181 4865 1698 4935 ἐγκαταλεγήσεται,
1742 4869 1881 4923 ἀλλὰ

320 4950 459 5014 μετά
487 4951 687 5017 πολλῆς
712 4951 993 5019 ἀκριϐείας
1024 4955 1116 5004 καὶ
1164 4951 1459 5017 ἐξετάσεως
1487 4956 1577 5009 τὸν
1605 4957 1878 5027 ἀρκοῦντα

1995 4587 2237 4640 nasterio
2293 4586 2374 4639 vel
2433 4587 2635 4642 invitus
2684 4598 2796 4643 toto
2859 4592 2982 4644 vitm
3039 4603 3278 4661 tempore
3343 4610 3562 4651 manere

1991 4688 2236 4748 cogetur,
2275 4693 2376 4733 nec
2416 4680 2463 4733 ei
2523 4694 2756 4748 unquam
2803 4681 2948 4736 illinc
2993 4685 3142 4738 exire
3194 4691 3558 4754 permittatur.

1989 4767 2375 4823 Monasteriu‘m
2409 4778 2588 4822 autem
2619 4771 2723 4824 erit
2753 4773 2973 4826 omnino
3006 4775 3060 4827 in
3093 4775 3196 4828 alia
3251 4779 3556 4846 provincia.

1991 4873 2043 4916 et
2074 4878 2175 4915 non
2195 4863 2245 4913 in
2273 4876 2335 4914 ea
2359 4871 2499 4914 terra
2529 4877 2649 4930 qua:
2679 4863 2872 4917 mortui
2899 4868 3219 4935 sanguinem
3269 4871 3556 4925 dehiscens

1989 4955 2126 5010 male
2147 4952 2400 5019 suscepit.

316 5042 512 5111 χρόνον
548 5044 684 5093 κατὰ
725 5042 821 5103 τὰς
844 5043 1134 5106 κανονικάς
1150 5045 1420 5108 διατάξεις
1440 5047 1884 5119 βασανιζόμενος.
1921 5050 2010 5118 Τῷ
2046 5048 2228 5116 μέντοι
2263 5047 2611 5115 μοναστηρίῳ
2663 5045 2755 5098 καὶ
2789 5047 2938 5099 ἄκων
2991 5051 3318 5117 προσμένειν
3380 5057 3551 5123 ἀναγ-

317 5135 652 5202 κασθήσεται
685 5133 812 5200 παρ’
856 5133 975 5185 ὅλον
1023 5135 1113 5185 τὸν
1145 5135 1244 5204 τῆς
1283 5138 1427 5205 ζωῆς
1465 5139 1628 5191 αὑτοῦ
1687 5144 1895 5210 χρόνον,
1937 5142 2204 5211 μηδέποτε
2235 5138 2426 5189 τούτου
2457 5137 2772 5207 ὲξέρχεσθαι
2815 5142 3283 5210 συγχωρούμενοο.
3332 5146 3554 5212 Πάντως

312 5229 367 5280 δὲ
403 5229 464 5279 τὸ
495 5226 854 5294 μοναστὴριον
874 5227 931 5276 ὲν
957 5225 1120 5296 ἑτέρᾳ
1158 5227 1310 5279 ἔσται
1353 5231 1610 5300 ὲπαοχίᾳ,
1654 5234 1746 5284 καὶ
1776 5233 1874 5283 οὐκ
1907 5234 1963 5284 ἑν
2000 5232 2186 5302 ἐκείνῃ
2228 5231 2293 5298 τῇ
2334 5231 2424 5296 γῇ,
2471 5229 2503 5294 ἣ
2534 5229 2595 5279 τὸ
2647 5228 2740 5280 τοῦ
2793 5229 3045 5294 θανόντος
3105 5228 3242 5303 αἷμα
3317 5237 3557 5304 χανοῦσα

312 5319 501 5380 κακῶς
545 5318 575 5368 ὑ
588 5316 858 5381 πεδέξατο.
3481 5331 3484 5334 .

383 5414 628 5467 ΖΩΝΑΡ,
665 5414 801 5482 Περὶ
829 5414 1090 5465 ἑκουσίων
1114 5417 1206 5466 καὶ
1237 5417 1506 5470 ἀκουσίων
1531 5420 1704 5485 φόνιον
1735 5422 1882 5489 ἡρω-

2057 5419 2162 5489 63
2195 5414 2448 5470 ΖΟΝΑΒ.
2483 5413 2558 5468 De
2602 5415 2924 5469 voluntariis
2956 5430 3018 5470 ac
3040 5416 3416 5474 involuntariis
3442 5437 3552 5477 cat-

305 5500 446 5568 τήθη
482 5501 509 5552 ὁ
531 5501 708 5564 ἅγιος,
744 5501 836 5550 καὶ⁹
865 5503 1004 5562 τέως
1052 5501 1142 5552 τὸν
1169 5503 1264 5572 τὴν
1286 5505 1475 5574 ἀξίνην
1503 5507 1880 5576 ἁκοντίσαντα,

304 5593 399 5644 καὶ
428 5591 711 5660 πλήξαντα
753 5591 924 5660 ταύτῃ
980 5593 1078 5660 τὴν
1131 5597 1338 5646 οἰκείαν
1391 5599 1660 5668 γαμετὴν,
1715 5602 1879 5668 φονέα

301 5678 446 5734 εἶναι
483 5680 736 5732 ἑκούσιον
801 5682 1139 5748 ἀπεφήνατο,
1201 5685 1294 5735 καὶ
1359 5687 1535 5739 πάντα
1587 5689 1675 5740 τὸν
1734 5691 1879 5758 ξίφει

296 5772 588 5841 χρώμενον
645 5770 912 5835 οίῳδήτινι
962 5772 1100 5823 κατά
1146 5787 1308 5834 τινος.
1347 5775 1585 5829 Ποιιίται
1629 5780 1680 5833 τὲ
1735 5781 1872 5832 διαί-

631 5864 897 5923 ιἈτιιοι..
954 5866 1065 5924 Gtt.
1119 5871 1490 5931 CXXXVIII.

1987 5510 2145 5563 dibus
2196 5509 2566 5575 interrogatus
2618 5515 2701 5558 est
2766 5515 2989 5560 sanctus
3026 5526 3040 5561 :
3078 5518 3242 5577 atque
3301 5511 3428 5565 hinc
3461 5513 3550 5579 qui

1985 5602 2216 5656 securim
2260 5598 2532 5668 jaculatus
2579 5607 2695 5664 est,
2737 5613 2909 5667 eaque
2967 5615 3192 5656 uxorem
3236 5617 3384 5656 suam
3422 5617 3547 5669 per-

1983 5693 2173 5753 cussit.
2216 5690 2540 5744 homicidam
2569 5705 2687 5744 esse
2720 5690 3084 5744 voluntarium
3130 5693 3546 5755 demonstravit.

1981 5793 2034 5836 ct
2084 5783 2398 5850 quicunque
2450 5781 2628 5850 gladio
2679 5781 2930 5852 qquiam
2991 5784 3249 5836 adversus
3301 5785 3532 5854 aliquem

3164 5872 3240 5935 20
