4124 6468
573 390 700 451 mg
1855 391 2135 454 TIlEOD.
2174 389 2577 450 BALSAMON
3727 396 3846 460 res

587 506 788 558 utitur.
823 502 1124 556 Discrimen
1164 513 1329 570 porro
1351 502 1632 555 constituit
1659 501 1798 554 inter
1822 501 2154 554 voluntarias

2265 515 2416 569 ρεσιν
2441 499 2550 550 τῶν
2585 500 2853 553 ἑκουσίων
2889 502 2983 556 καὶ
3032 503 3306 558 ἀκουσίων
3343 504 3554 571 φόνωνο
3592 510 3689 561 καὶ
3747 513 3845 563 τὸν

591 615 654 652 ac
689 595 1082 650 inrolnntarias
1111 593 1288 647 caedes
1327 611 1339 647 :
1375 607 1439 648 ac
1468 608 1590 648 eum
1619 593 1722 660 'qui
1755 592 2026 653 inferam,
2074 593 2154 645 vel

2266 591 2364 659 μὲν
2390 593 2480 642 ἑπὶ
2523 589 2767 660 Θηρίονῆ
2801 592 3020 662 δένδρον
3051 595 3283 665 ῥίψαντα
3335 595 3504 660 λίθον,
3555 598 3838 668 πλήξαντα

592 695 841 743 a-rhorcm
899 685 1134 756 lapidem
1185 687 1338 755 jecit,
1397 686 1668 738 hominem
1705 697 1832 736 vero
1877 683 1984 738 illic
2019 683 2158 738 forte

589 787 1016 833 commorantem
1044 780 1350 845 percussit;
1383 777 1525 830 illum
1543 791 1756 844 quoque
1781 775 1871 844 qui
1894 776 2006 828 loro
2027 815 2042 836 ,
2068 785 2160 828 aut

590 871 692 923 levi
719 871 863 938 virga
898 868 1207 935 quempiam
1239 867 1536 934 disciplinae
1557 865 1726 934 gratia
1755 865 2080 924 verberavit.
2111 865 2156 920 si

588 961 912 1010 verherutus
936 957 1190 1019 intereat,
1219 955 1494 1009 involunta
1506 955 1642 1006 rium
1663 953 2019 1023 proculdubio
2065 953 2160 1005 ho-

588 1049 840 1099 micidam
871 1058 1048 1100 vocat.
1081 1047 1182 1113 Qui
1208 1058 1384 1101 autem
1413 1048 1464 1100 in
1484 1046 1827 1098 contentione
1852 1044 2156 1112 quempiam

591 1140 848 1190 solidiore
905 1139 1100 1191 bacillo
1147 1145 1238 1190 aut
1291 1150 1453 1188 manu
1511 1136 1711 1188 acriter
1748 1134 1800 1187 in
1861 1136 2160 1201 praecipuas

590 1239 772 1294 partes
827 1227 1120 1295 percussit,
1184 1225 1400 1280 etiamsi
1461 1223 1769 1277 interﬁcere
1827 1221 1967 1274 haud
2000 1222 2159 1274 vellet

588 1317 954 1379 vulneratum,
1008 1317 1100 1370 sed
1137 1317 1332 1369 lzedere
1386 1323 1598 1367 tantum
1629 1322 1682 1367 et
1715 1313 2056 1380 propulsare,
2092 1311 2158 1363 ad

589 1407 954 1461 voluntarium
994 1406 1320 1459 homicidam
1352 1404 1593 1471 proxime
1628 1404 1887 1456 accedere
1908 1400 2157 1464 aﬂirmat,

589 1501 633 1551 si
666 1500 983 1551 vulneratus
1011 1497 1262 1548 intereat.
1295 1492 1398 1557 Qui
1437 1501 1619 1546 autem
1651 1492 1796 1561 ligno
1825 1491 1974 1560 gravi
1998 1501 2049 1545 et
2081 1493 2160 1544 in-

591 1591 737 1654 genti
793 1588 966 1655 lapide
998 1587 1262 1638 adversus
1298 1583 1530 1651 aliquem
1583 1598 1716 1636 usus
1745 1581 1966 1645 occidit,
1994 1583 2158 1634 invo-

591 1682 885 1732 luutarium
940 1675 1082 1729 forte
1134 1676 1458 1730 homicidam
1488 1691 1611 1729 esse
1647 1676 1850 1728 deﬁnit.
1899 1673 1998 1739 Qui
2031 1687 2159 1726 vero

593 1785 723 1821 ense
750 1769 1003 1836 quapiam
1051 1777 1131 1821 est
1157 1781 1308 1830 usus,
1341 1777 1394 1820 et
1427 1767 1690 1828 latrones,
1721 1776 1774 1818 rt
1805 1768 1897 1830 qui
1936 1765 2157 1818 bellicas

2265 677 2323 728 δὲ
2351 677 2638 746 ἄνθρωπον
2660 679 2820 747 τυχὸν
2852 683 3117 750 παριόντα
3161 683 3280 736 tu!
3300 700 3313 713 °
3361 685 3458 737 ttat
3491 687 3585 738 τὸν
3615 687 3777 757 λὼρῳ
3806 691 3840 758 ἢ

2261 767 2471 836 ἐλαφρᾷ
2508 767 2686 836 ῥάϐδῳ
2718 770 3000 838 πλήξαντα
3030 789 3152 825 τινα
3181 775 3271 825 διά
3327 775 3629 840 παίδευσιν,
3658 779 3753 830 ἑάν
3787 781 3846 832 δὲ

2260 860 2288 909 ὁ
2307 857 2537 924 πληγεὶς
2569 858 2839 928 ἀποθάνῃ,
2872 861 3130 913 ἀκούσιον
3152 863 3315 928 φονέα
3347 865 3504 916 καλεῖ
3530 865 3844 934 ἀναμφίδο-

2261 946 2368 999 λον.
2410 947 2512 999 Τὸν
2552 947 2607 999 δὲ
2643 951 2699 1000 ὲν
2736 949 3041 1019 φιλονεικίᾳ
3095 953 3381 1022 πλήξαντά
3433 971 3554 1007 τινα
3599 958 3840 1024 στιϐαρᾷ

2263 1039 2462 1109 ῥάϐδῳ,
2495 1041 2527 1108 ἢ
2559 1043 2623 1107 τῇ
2649 1042 2794 1110 χειρὶ
2827 1041 3065 1109 ἀφειδῶς
3105 1046 3202 1097 ἑπὶ
3247 1047 3316 1097 τὰ
3372 1046 3585 1115 καίρια,
3621 1048 3726 1099 κάν
3763 1049 3842 1116 μὴ

2259 1130 2472 1183 ἀνελεῖν
2523 1130 2684 1200 ἢθελε
2724 1130 2816 1182 τόν
2877 1133 3183 1202 πληγέντα,
3239 1135 3378 1188 ἀλλά
3428 1138 3682 1190 κακῶσαι
3747 1142 3844 1190 καὶ

2260 1218 2594 1287 ἀμύνασθαι,
2634 1217 2875 1286 ἑγγίζειν
2908 1220 2987 1289 τῷ
3031 1222 3296 1286 ἑκουσίως
3325 1225 3609 1291 φονεύοντι
3662 1225 3840 1290 λέγει,

2259 1307 2352 1360 τοῦ
2386 1307 2682 1376 πληγέντος
2721 1309 3132 1372 ἀποθανόντος*
3161 1314 3256 1366 καὶ
3285 1316 3375 1365 τὸν
3424 1316 3566 1384 ξύλῳ
3594 1316 3649 1368 δὲ
3683 1315 3844 1384 βαρεῖ

2260 1401 2354 1452 καὶ
2393 1399 2524 1470 λίοῳ
2579 1401 2800 1469 μεγάλῳ
2832 1403 3179 1471 χρησάμενον
3231 1407 3372 1458 κατά
3400 1425 3564 1472 τινος,
3593 1410 3688 1460 καὶ
3712 1410 3844 1462 ἀνε-

2270 1491 2456 1555 λόντα,
2488 1492 2743 1545 ἀκούσιον
2763 1494 2904 1562 τάχα
2937 1495 3103 1562 φονέα
3150 1491 3290 1548 εἶναι
3325 1499 3590 1564 ὁρίζεται.
3655 1501 3760 1552 Τὸν
3785 1501 3844 1551 δὲ

2261 1578 2403 1647 ξίφει
2433 1582 2776 1650 χρησάμενον
2799 1583 3094 1653 οίῳδὴτινι,
3167 1585 3410 1646 καὶτοὺς
3466 1585 3692 1657 λῃστὰς.
3743 1590 3843 1640 καὶ

2260 1675 2362 1732 τὰς
2413 1673 2636 1740 ἑφόδους
2705 1673 2990 1736 ποιοῦντας
3049 1675 3355 1744 πολεμικὰς
3429 1677 3520 1730 διά
3582 1679 3842 1746 ἀρπαγάς

2263 1764 2585 1832 χρημάτων,
2612 1764 2889 1824 ἑκουσίους
2917 1765 3185 1831 φονευτάς
3244 1761 3382 1816 εἶναι
3445 1767 3838 1832 ἀποφαίνεται.

591 1859 938 1910 incursiones
969 1857 1174 1910 faciunt
1212 1858 1282 1910 oh
1317 1857 1602 1921 rapiendas
1651 1859 1930 1924 pecunias,
1966 1858 2154 1909 volun-

2276 1854 2432 1906 Ἀλλά
2469 1855 2576 1923 μὴν
2608 1855 2856 1917 καὶτοὺς
2896 1857 3166 1924 φάρμακα
3220 1857 3461 1918 διδόντας
3529 1858 3667 1918 τισὶ,
3736 1859 3843 1910 κᾶν

587 1951 758 2003 tarios
816 1949 1118 2002 homicidas
1162 1964 1283 2002 esse
1345 1949 1704 2000 demonstrat.
1768 1948 1908 2012 Quin
1970 1956 2022 1999 ct
2062 1947 2152 2014 qui

589 2039 881 2105 pharmaca
940 2039 1179 2106 praebent
1231 2036 1525 2104 aliquibus,
1558 2035 1769 2088 etiamsi
1823 2033 2153 2096 interﬁcere,

585 2130 676 2196 qui
709 2130 1060 2199 pharmacum
1105 2129 1344 2191 miscuit,
1395 2127 1814 2194 haudquaquam
1863 2125 1916 2178 in
1975 2125 2155 2178 animo

590 2221 863 2281 nabuerit,
898 2220 992 2271 sed
1035 2217 1268 2288 aliquem
1317 2217 1384 2271 ad
1419 2232 1655 2270 amorem
1701 2218 1870 2270 voluit
1899 2217 2152 2278 allicere;

585 2309 716 2363 illud
756 2323 884 2362 vero
916 2309 1170 2361 haustum
1206 2308 1480 2362 bibentem
1531 2307 1825 2372 interfecit,
1855 2315 1948 2362 aut
1981 2307 2157 2360 homi.

589 2401 676 2453 nis
729 2410 966 2452 mentem
996 2398 1247 2465 corrupit
1301 2395 1368 2450 ad
1404 2397 1672 2450 insaniam
1727 2411 1849 2451 eum
1909 2396 2152 2464 adigens,

589 2491 733 2543 inter
753 2490 1092 2543 voluntarias
1126 2491 1302 2543 caedes
1349 2495 1651 2540 enumerat.
1689 2486 2000 2540 Homicidas
2027 2501 2156 2540 vero

586 2580 844 2634 mulieres
891 2579 1023 2631 dicit
1085 2593 1180 2632 eas
1234 2592 1472 2647 quoque,
1510 2592 1629 2644 qua:
1682 2579 1973 2644 pharmaca
2024 2576 2156 2630 dant

2265 1944 2340 2012 μὴ
2369 1945 2629 2010 φονεῦσαι
2663 1946 2690 1996 ὁ
2720 1945 2779 1999 τὸ
2805 1945 3093 2014 φάρμακον
3122 1949 3358 2016 κεράσας
3386 1948 3675 2014 προέθετο,
3700 1948 3840 1998 ἀλλά

2261 2034 2400 2100 πρὸς
2433 2035 2654 2103 φίλτρον
2702 2037 3084 2102 ἐπαγαγέσθαι
3151 2039 3272 2090 τινὰ
3328 2038 3598 2100 ἐϐούλετο,
3663 2039 3724 2089 τὸ
3777 2037 3838 2088 δὶ

2262 2123 2426 2174 ποθὲν
2461 2123 2639 2174 ἀνεῖλε
2665 2124 2754 2174 τὸν
2785 2125 2997 2186 πιόντα,
3032 2125 3062 2194 ἢ
3100 2125 3190 2178 τὸν
3231 2125 3356 2178 νοῦν
3408 2126 3500 2178 τοῦ
3545 2123 3837 2195 ἀνθρώπου

2261 2211 2563 2280 διέφθειρε,
2607 2215 2932 2284 παράφρονα
2962 2214 3196 2282 ποιῆσαν
3237 2216 3327 2267 τὸν
3377 2217 3685 2283 ἄνθρωπον,
3724 2218 3836 2275 τοῖς

2263 2304 2534 2362 ἑκουσίοις
2561 2304 2740 2370 φόνοις
2773 2304 3087 2374 ἑναριθμεί.
3123 2307 3454 2374 Φονευτρίας
3480 2306 3537 2358 δὲ
3564 2306 3714 2372 λέγει
3739 2307 3836 2358 καὶ

2262 2395 2356 2458 τὰς
2388 2395 2457 2447 τά
2487 2393 2859 2466 spemspem
2884 2396 3133 2458 διδούσας
3161 2397 3452 2464 φάρμακα,
3483 2396 3578 2448 καὶ
3609 2396 3708 2458 τάς
3748 2396 3837 2449 δεο

2261 2487 2498 2555 χομένας
2536 2486 2694 2549 αὐτὰ,
2727 2485 2909 2548 καθὼς
2937 2487 3032 2539 καὶ
3057 2488 3117 2538 ἑν
3143 2487 3222 2557 τῷ
3247 2487 3484 2556 δευτέρῳ
3516 2487 3682 2538 αὑτοῦ
3730 2502 3834 2540 κα-

2264 2576 2378 2626 νόνι
2417 2575 2521 2644 ήδη
2544 2577 2674 2643 περὶ
2697 2575 2902 2626 τούτων
2926 2574 3186 2643 ὡρίσατο.

586 2675 833 2726 abortum
862 2672 1084 2736 cientia,
1117 2683 1168 2726 et
1201 2687 1320 2741 quae
1350 2672 1436 2724 illa
1467 2671 1764 2738 accipiunt,
1793 2670 2248 2740 quemadmodum
2283 2669 2337 2721 in
2376 2668 2617 2722 secundo
2654 2669 2826 2736 ipsius
2850 2683 3064 2722 canone
3087 2669 3197 2736 jam
3226 2667 3292 2723 de
3338 2669 3438 2722 hac
3472 2683 3528 2722 re
3564 2667 3833 2729 definivit.

657 2758 886 2812 ARIST.
924 2759 1198 2813 Homicida
1231 2771 1312 2812 est
1364 2761 1455 2828 qui
1493 2760 1671 2814 securi
1705 2771 1894 2813 contra
1927 2773 2151 2812 uxorem

592 2865 723 2902 usus
755 2859 858 2902 est.
913 2848 1322 2901 lnvoluntarius
1362 2862 1492 2900 vero
1525 2849 1793 2901 homicida
1841 2848 1932 2916 qui
1981 2847 2156 2914 lapide

588 2941 644 2992 in
683 2955 874 2992 canem
929 2939 1078 3006 jacto
1136 2939 1407 2991 hominem
1460 2948 1740 2992 assecutus
1799 2946 1883 2990 cst
1921 2953 1932 2988 :
1972 2947 2025 2990 ct
2063 2937 2154 3004 qui

589 3031 822 3098 castigat
850 3031 984 3090 loro,
1011 3041 1062 3080 et
1095 3031 1264 3096 virga.
1295 3030 1396 3093 Qui
1425 3031 1475 3082 in
1514 3043 1688 3096 pugna
1714 3029 1857 3097 ligno
1883 3029 1964 3082 vel
1993 3043 2156 3080 manu

587 3120 750 3170 ictum
816 3120 868 3170 in
910 3117 1211 3184 prmcipnas
1250 3128 1428 3184 partes
1472 3125 1711 3183 torquet,
1744 3125 1797 3169 et
1853 3117 2148 3180 interﬁcit,

586 3210 652 3262 ad
689 3208 1051 3260 voluntarium
1102 3220 1270 3276 prOpc
1299 3208 1530 3262 accedit.
1564 3208 1664 3272 Qui
1695 3207 1874 3275 gladio
1931 3217 2024 3259 aut
2059 3208 2152 3259 ali-

583 3315 693 3366 quo
741 3297 1010 3365 ejusmodi
1062 3312 1194 3352 usus
1247 3308 1352 3360 est,
1385 3299 1608 3352 omnino
1657 3307 1743 3352 est
1785 3298 2149 3350 voluntarius.

582 3389 714 3441 item
751 3389 896 3441 latro
925 3398 981 3442 et
1013 3389 1206 3451 hostis,
1241 3396 1294 3441 et
1322 3388 1412 3456 qui
1445 3389 1605 3441 aliam
1633 3389 1701 3441 ob
1732 3402 1950 3441 causam
1983 3401 2149 3441 vene-

589 3495 714 3531 num
768 3478 996 3540 dederit,
1033 3479 1076 3532 si
1119 3477 1479 3541 interfecerit,
1505 3488 1589 3532 est
1621 3478 1951 3533 voluntarius
1975 3477 2151 3533 homi-

2338 2757 2560 2811 ΔΡΙΣΤ.
2615 2759 2834 2822 Φονεὺς,
2864 2761 2890 2811 6
2925 2759 3066 2811 κατά
3091 2759 3192 2827 τῆς
3230 2757 3486 2825 γυναικὸς
3518 2759 3673 2828 ἀξίνῃ
3695 2775 3834 2830 χρη-

2265 2851 2521 2918 σάμενος.
2564 2851 2841 2909 ’Δκούσιος
2902 2852 3165 2920 φονευτὴς
3216 2853 3244 2902 6
3310 2850 3458 2904 λίθον
3522 2853 3680 2920 ἀφεὶς
3736 2856 3834 2906 ἐπὶ

2263 2943 2424 3005 κύνα,
2454 2943 2546 2994 καὶ
2575 2942 2865 3009 ἀνθρώπου
2893 2942 3074 3011 τυχιὶιν
3098 2959 3113 2974 ⁸
3145 2947 3237 2997 καὶ
3274 2946 3302 2996 6
3347 2944 3616 2996 παιδεύων
3644 2945 3833 3012 ἱμάντι

2269 3033 2363 3084 καὶ
2393 3031 2560 3100 λύγῳ.
2609 3032 2665 3083 Ὀ
2695 3031 2749 3084 δὲ
2783 3033 2842 3084 ἑν
2869 3033 3016 3100 μάχῃ
3047 3031 3188 3100 ξύλῳ
3215 3033 3246 3102 ἢ
3273 3035 3415 3101 χειρὶ
3440 3033 3561 3094 δοὺς
3619 3033 3713 3085 ἐπὶ
3763 3035 3835 3086 τὰ

2264 3124 2454 3190 καίρια
2503 3124 2598 3174 καὶ
2651 3122 2875 3184 ἀνελὼν,
2911 3123 3042 3192 ἀγχι
3087 3123 3178 3174 τοῦ
3236 3124 3504 3176 ἑκουσίου.
3576 3125 3636 3176 '0
3689 3125 3835 3192 ξίφει

2263 3213 2670 3283 χρησάμενοςῆ
2712 3216 2940 3284 τοιούτῳ
2965 3217 3092 3281 τινὶ,
3131 3216 3347 3278 πάντως
3391 3217 3660 3279 ἑκούσιος.
3721 3219 3836 3270 Καὶ

2264 3307 2291 3354 6
2320 3304 2546 3373 λῃστὴς,
2602 3305 2698 3356 καὶ
2726 3307 2754 3357 6
2784 3307 3060 3375 πολέμιος,
3091 3309 3184 3359 καὶ
3233 3309 3262 3358 6
3311 3308 3378 3358 δι’
3433 3308 3599 3377 ἀλλην
3655 3308 3836 3360 αίτίαν

2262 3395 2480 3457 ἑπιδούς
2513 3397 2827 3465 φάρμακον,
2863 3399 2911 3450 εἰ
2941 3398 3128 3467 ἀνέλῃ,
3181 3398 3431 3461 ἑκούσιος
3454 3417 3468 3431 ο
3507 3401 3603 3452 καὶ
3641 3402 3697 3452 αι
3761 3399 3835 3451 τὲ

2261 3482 2640 3552 ἀμϐλωθρίδια
2669 3484 2930 3550 διδοῦσαι,
2966 3487 3060 3538 καὶ
3091 3487 3148 3539 at
3179 3488 3576 3556 λαμϐάνουσαι.

583 3577 727 3629 cida.
758 3575 889 3628 Item
922 3587 1040 3641 quae
1074 3573 1462 3626 medicamenta
1498 3578 1745 3626 abortum
1777 3573 2128 3640 provocantia
2162 3573 2310 3640 dant,
2345 3586 2397 3630 et
2425 3593 2545 3646 qua:
2579 3579 2873 3649 accipiunt.

666 3670 1092 3724 llomicidiorum
1129 3669 1374 3736 quaadam
1408 3677 1534 3722 euut
1564 3667 1884 3734 voluntaria,
1920 3668 2020 3721 alia
2057 3683 2155 3722 au-

585 3779 690 3816 tem
749 3762 1111 3816 involuntaria
1149 3799 1164 3823 ,
1217 3759 1322 3813 alia
1359 3773 1488 3813 vero
1516 3759 1628 3813 fere
1688 3759 2015 3812 voluntaria.
2051 3758 2152 3824 Qui

590 3856 734 3904 enim
775 3852 962 3907 securi
997 3851 1229 3914 aliquem
1289 3849 1441 3916 petit,
1481 3859 1535 3901 et
1563 3863 1684 3902 eum
1737 3850 1954 3913 occidit,
1987 3857 2040 3903 et
2063 3851 2154 3919 qui

589 3949 652 3996 ad
719 3945 1152 3996 ilttt-rICCIiouem
1189 3939 1367 4006 gladio
1400 3954 1531 3993 usus
1578 3948 1678 4002 est,
1713 3951 1766 3992 et
1815 3941 2072 4004 latrones,
2103 3951 2157 3994 et

587 4037 770 4084 hostes
799 4030 909 4099 (isti
934 4029 1079 4081 enim
1106 4037 1325 4097 propter
1346 4027 1632 4094 pecuniam
1654 4027 1932 4092 occidunt,
1981 4029 2033 4082 hi
2060 4044 2155 4080 au-

587 4133 692 4174 tem
721 4119 1064 4172 adversarios
1087 4117 1376 4172 manifesto
1402 4118 1599 4171 vellent
1629 4118 1901 4186 occidere)
1919 4119 2156 4172 volunta-

589 4215 652 4266 rii
699 4212 1012 4280 judicantur
1047 4209 1346 4262 homicidae.
1391 4208 1654 4261 Similiter
1685 4217 1738 4260 et
1769 4222 1888 4276 quae
1917 4209 2156 4262 medica-

587 4315 768 4356 menta
795 4301 962 4354 fetum
994 4298 1240 4351 uecantia
1264 4299 1395 4350 dant
1419 4337 1434 4360 ,
1467 4305 1521 4348 et
1546 4311 1666 4365 quae
1684 4297 1870 4351 eadem
1897 4306 2149 4350 sumunt:

587 4405 640 4446 et
667 4407 786 4459 qum
827 4390 1026 4442 vellent
1064 4402 1303 4440 amorem
1341 4386 1573 4452 alicujus
1604 4387 1669 4440 ad
1717 4402 1776 4440 se
1824 4389 2099 4441 attrahere
2132 4403 2148 4441 :

2332 3672 2452 3726 Τῶν
2483 3675 2659 3741 φόνων
2696 3674 2745 3726 οι
2788 3675 2889 3743 μέν
2927 3677 3070 3728 εἰσιν
3101 3676 3362 3740 ἑκούσιοι,
3395 3679 3444 3730 ot
3472 3677 3528 3730 δὲ
3555 3679 3829 3732 ἀκούσιοι·

2260 3762 2384 3816 οίδὲ
2421 3763 2588 3830 ἐγγὺς
2617 3765 2891 3818 ἑκουσίου.
2938 3765 2997 3817 '0
3023 3768 3119 3832 μὲν
3179 3769 3287 3836 γάρ
3325 3769 3612 3830 ἀκοντίσας
3637 3769 3832 3838 ἀξίνην

2260 3852 2401 3904 κατά
2430 3868 2574 3913 τινος
2625 3854 2716 3904 καὶ
2740 3852 3005 3917 φονεύσας
3028 3854 3224 3906 αὐτόν’
3274 3855 3368 3907 καὶ
3419 3857 3447 3906 6
3489 3857 3636 3923 ξίφει
3688 3874 3829 3926 χρη.

2263 3941 2499 4008 σάμενος
2529 3945 2608 4002 είς
2667 3942 2966 4010 ἀναίρεσιν,
2999 3943 3093 3994 καὶ
3146 3942 3196 3993 ot
3235 3942 3451 4011 λῃσταῖ,
3483 3945 3576 3995 καὶ
3630 3946 3677 3996 ot
3731 3961 3833 3996 ποο

2263 4026 2443 4097 λέμιοι
2483 4030 2554 4098 (οι
2593 4031 2690 4096 μὲν
2715 4031 2824 4098 γάρ
2855 4031 2941 4082 διά
2968 4032 3224 4100 χρήματα
3269 4031 3608 4099 ἀναιροῦσιν,
3667 4036 3716 4086 ot
3773 4036 3831 4087 δὲ

2263 4118 2512 4188 φανερῶς
2569 4120 2780 4172 ἀνελεῖν
2834 4120 3076 4173 ἑθέλουσι
3167 4121 3292 4183 τοὺς
3368 4123 3831 4192 ἐναντιουμένους)

2265 4211 2504 4263 ἑκούσιοι
2532 4211 2810 4278 κρίνονται
2861 4213 3135 4279 φονευταί.
3184 4212 3458 4274 Ὡσαύτως
3508 4214 3564 4265 δὲ
3627 4217 3721 4267 καὶ
3773 4217 3830 4266 αι

2259 4301 2501 4354 διδοῦσαι
2523 4303 2592 4353 τά
2625 4302 3001 4370 ἑμσρυοκτόνα
3054 4303 3347 4371 φάρμακα,
3385 4303 3479 4354 καὶ
3506 4305 3561 4354 αι
3613 4304 3830 4372 λαμσά-

2265 4409 2455 4446 νουσαι
2507 4392 2714 4445 ταῦτα’
2779 4395 2874 4444 καὶ
2943 4394 2998 4444 at
3060 4380 3380 4463 βουλόμεναι
3435 4395 3659 4464 φίλτρον
3687 4398 3829 4458 τινὸς

591 4493 644 4535 et
677 4484 1132 4534 medicamentum
1161 4480 1606 4539 commiseentes,
1639 4479 1876 4544 illudque
1910 4479 2009 4546 ipsi
2042 4486 2152 4531 tra-

2265 4480 2400 4550 πρὸς
2428 4482 2625 4541 ἑαυτὰς
2655 4481 3064 4546 ἀφελκύσασθαι
3083 4497 3097 4511 θ
3125 4483 3219 4534 καὶ
3251 4484 3660 4552 συγκεράσασαι
3691 4487 3830 4553 φάρο

591 4578 807 4632 dentes,
861 4578 918 4620 ut
967 4567 1222 4620 tenebras
1261 4566 1560 4621 intellectui
1595 4567 1903 4630 otIundant,
1940 4567 1983 4620 si
2017 4567 2151 4620 reci-

589 4664 828 4728 pientem
864 4659 1186 4720 occiderint,
1231 4655 1532 4710 voluntarie
1574 4657 1908 4712 interemisse
1937 4657 2150 4722 judica-

597 4755 820 4804 lmntur.
850 4749 950 4812 Qui
986 4759 1164 4802 autem
1209 4747 1438 4814 lapidem
1473 4748 1525 4800 in
1550 4762 1738 4801 canem
1769 4756 1864 4801 aut
1907 4747 2153 4800 arborem

584 4842 740 4907 jacit,
774 4841 840 4892 ad
896 4839 1064 4892 feram
1102 4837 1553 4906 propulsandam,
1592 4845 1685 4890 aut
1723 4838 1952 4891 fructum
1992 4839 2158 4891 decu-

595 4933 861 4994 tiendum,
898 4939 953 4982 et
987 4929 1261 4982 hominem
1294 4929 1522 4982 lortuito
1551 4929 1774 4992 occidit,
1809 4929 1889 4981 vel
1922 4928 2015 4995 qui
2043 4930 2158 4980 loro

595 5034 686 5074 aut
716 5022 864 5088 virga
898 5020 1136 5086 aliquem
1166 5030 1481 5086 peccantem
1529 5018 1651 5072 ferit
1693 5029 1750 5071 ut
1778 5019 2050 5081 emendet,
2104 5027 2158 5071 et

593 5130 715 5166 eum
773 5113 1058 5174 interlicit,
1095 5111 1233 5164 inter
1289 5110 1677 5164 involuutarios
1731 5109 2030 5165 homicidas
2069 5124 2155 5163 re-

593 5212 934 5257 censentur:
987 5202 1077 5269 qui
1129 5207 1310 5253 autem
1354 5201 1405 5254 in
1438 5217 1614 5271 pugna
1665 5203 1809 5270 ligno
1858 5211 1949 5255 aut
1994 5217 2153 5254 manu

594 5295 803 5362 plagam
833 5291 991 5344 alicui
1023 5291 1074 5343 in
1108 5291 1230 5344 loco
1269 5290 1530 5359 primario
1561 5290 1759 5344 acriter
1792 5291 1970 5346 infert.
2007 5307 2155 5344 eum-

591 5402 698 5453 que
728 5384 948 5448 occidit,
985 5394 1066 5436 est
1097 5384 1364 5436 homicida
1404 5384 1516 5435 l'ere
1555 5382 1909 5434 voluntarius.
1948 5382 2153 5446 Quam-

591 5478 672 5530 vis
711 5477 858 5528 enim
885 5486 941 5526 ut
973 5475 1296 5542 propulsans
1330 5489 1453 5526 eum
1500 5475 1589 5541 qui
1629 5491 1750 5525 eum
1792 5476 1904 5542 ipso
1931 5482 2153 5543 pugnat,

597 5565 726 5619 illud
752 5565 943 5618 l'ccerit
976 5575 1178 5625 utﬁunt
1229 5567 1425 5617 damno
1454 5562 1710 5625 alliceret,
1745 5581 1847 5615 non
1889 5577 2064 5616 autem
2099 5575 2155 5615 ut

596 5657 818 5708 omnino
848 5655 1208 5719 interﬁceret;
1245 5664 1420 5707 tamen
1449 5657 1516 5706 ah
1546 5655 1710 5709 animi
1750 5658 2000 5723 passione
2029 5670 2150 5708 eum

594 5751 793 5801 \ictum
847 5747 1014 5801 fuisse
1081 5759 1325 5818 apparet,
1378 5758 1429 5803 et
1480 5748 1683 5804 idcirco
1749 5749 1951 5802 lininiui
2009 5749 2152 5818 ligro

2270 4589 2464 4640 μακον,
2497 4574 2592 4624 καὶ
2621 4569 2962 4624 ἑπιδιδοῦσαι
3012 4571 3171 4624 τοῦτο
3224 4572 3394 4640 αύτῷ,
3429 4574 3696 4627 σκότωσιν
3730 4577 3833 4644 ἑμ-

2265 4662 2454 4714 ποιοῦν
2503 4661 2606 4728 τῆς
2651 4662 2911 4726 διανοίας,
2962 4664 3010 4713 εί
3067 4662 3298 4715 ἀνέλωσι
3351 4664 3444 4714 τὸν
3513 4664 3831 4732 δεξάμενον,

2267 4751 2530 4811 ἑκουσίως
2562 4750 2820 4817 φονεῦσαι
2851 4748 3180 4816 λογίζονται.
3219 4751 3278 4802 Ὀ
3308 4750 3362 4801 δὲ
3401 4749 3546 4802 λίθον
3575 4753 3671 4802 ἑπὶ
3696 4751 3832 4805 κύνα

2266 4839 2298 4906 ἢ
2331 4837 2550 4907 δένδρον
2585 4838 2838 4906 πέμπων,
2873 4839 2965 4888 ἐπὶ
2987 4837 3066 4907 τῷ
3095 4839 3155 4890 τὸ
3193 4838 3383 4908 Θηρίον
3433 4840 3770 4906 ἀμύνασθαι,
3797 4841 3830 4909 ἦ

2263 4929 2357 4978 τὸν
2383 4928 2599 4996 καρπὸν
2646 4932 2991 4992 κατασεῖσαι,
3035 4930 3129 4980 καὶ
3180 4930 3502 4997 αὐτομάτως
3561 4931 3832 4997 φονεύσας

2265 5018 2588 5086 ἄνθρωπον*
2621 5019 2652 5085 ἢ
2688 5020 2715 5070 6
2745 5018 2902 5088 λώρῳ
2936 5017 2968 5087 ἢ
2999 5017 3202 5088 βεργίῳ
3225 5019 3394 5085 τύψας
3441 5020 3562 5070 τινὰ
3615 5021 3710 5071 ἐπὶ
3756 5022 3832 5091 τῷ

2271 5107 2561 5174 βελτιῶσαι
2601 5108 2764 5160 αὐτὸν
2789 5109 3200 5176 ἁμαρτάνοντα,
3257 5110 3352 5160 καὶ
3379 5109 3583 5162 ἀνελὼν
3648 5111 3830 5168 αὐτὸν.

2269 5201 2325 5250 ἐν
2348 5203 2456 5260 τοῖς
2483 5200 2764 5260 ἀκουσίοις
2791 5199 2899 5252 εἰσὶ
2917 5201 3226 5265 φονευταίς.
3257 5199 3316 5250 Ὀ
3346 5199 3400 5250 δὲ
3425 5201 3482 5251 ἑν
3513 5201 3664 5268 μάχῃ
3691 5199 3831 5268 ξύλῳ

2269 5293 2300 5359 ἢ
2329 5294 2472 5359 χειρὶ
2506 5291 2725 5358 πληγήν
2747 5308 2851 5342 τινι
2884 5293 3198 5355 ἐπενεγκὼν
3250 5290 3485 5357 ἀφειδῶς
3520 5293 3578 5342 ἑν
3607 5306 3833 5359 καιριω-

2263 5383 2411 5450 τάτῳ
2438 5381 2604 5447 τόπῳ,
2633 5383 2725 5432 καὶ
2753 5380 2956 5433 ἀνελὼν
2982 5381 3165 5445 αὑτὸν,
3200 5381 3364 5446 ἐγγύς
3387 5382 3505 5432 ἑστι
3539 5379 3630 5432 τοῦ
3679 5381 3832 5432 ἑκου-

2267 5476 2403 5527 σίου.
2438 5473 2554 5524 Κᾶν
2589 5473 2718 5541 γὰρ,
2787 5473 2860 5532 ὼς
2918 5473 3259 5540 ἀμυνόμενος
3316 5474 3406 5523 τὸν
3470 5469 3589 5538 μετ’
3663 5468 3828 5522 αὑτοῦ

2272 5564 2596 5631 μαχόμενον,
2638 5563 2795 5614 τοῦτο
2825 5563 3104 5630 εποίησεν,
3159 5562 3298 5614 ὥστε
3341 5561 3595 5612 κακῶσαι
3645 5561 3825 5622 αὐτὸν,

2263 5655 2338 5725 μὴ
2368 5656 2552 5724 μέντοι
2595 5657 2650 5706 δὲ
2705 5655 2798 5707 καὶ
2855 5656 3072 5714 παντως
3109 5656 3315 5708 ἀνελεῖν
3348 5671 3363 5684 ⁸
3409 5652 3525 5706 ἀλλ’
3566 5647 3663 5706 οὖν
3712 5651 3832 5717 φαίο

2260 5765 2406 5802 νεται
2433 5750 2524 5802 καὶ
2557 5747 2663 5799 ὑπὸ
2686 5748 2778 5800 τοῦ
2801 5750 3006 5810 πάθους
3034 5747 3124 5800 τοῦ
3161 5744 3334 5816 θυμοῦ
3369 5743 3828 5817 καντακρατηοεὶς,
