4124 6454
229 378 324 440 C2]

1204 375 1286 436 IN
1309 376 1549 438 EPIST.
1579 380 1637 439 S.
1670 381 1956 443 BASILII
1988 386 2418 451 CANONICAM
2456 391 2504 452 Ι.

3383 395 3488 458 6‘22

236 481 326 527 καὶ
363 478 449 570 διὰ
485 480 642 531 τοῦτο
681 483 913 548 testati);
945 489 1245 555 ἐπαγαγὼν
1301 492 1400 560 τὴν
1460 489 1676 561 πληγὴν
1731 496 1776 544 τι

1878 501 2071 566 λεῖαι-ἰ
2131 502 2341 570 plagam
2394 505 2592 558 acriter
2653 502 2896 557 intulisse
2934 521 2944 556 :
2996 512 3048 556 et
3083 501 3212 556 illud
3247 517 3347 557 non
3381 508 3484 559 erit

231 566 511 639 ἀνθρώπῳ
547 570 690 642 ξύλῳ
718 574 1026 647 βαρεζ·καὶ
1085 582 1185 634 οὐκ
1254 583 1403 635 ἔσται
1453 581 1514 635 τὸ
1564 580 1807 636 τοιοῦτον

230 661 410 732 πάντη
446 664 728 719 ἀκούσιον.

839 758 1080 812 ΚΑΝΩΝ
1121 758 1198 810 Θ’.

435 892 496 943 Ἡ
529 892 584 944 δὲ
615 891 708 944 τοῦ
736 891 938 962 Κυρίου
969 887 1266 956 ἀπόφασις,
1300 890 1438 942 κατὰ
1468 889 1564 960 μὲν
1594 888 1688 960 τὴν
1710 889 1807 958 τ’ἧς

233 979 444 1041 ἑννοίας
477 979 819 1044 ἀκολουθίαν,
843 979 902 1043 ἐξ
928 981 1040 1030 [σου
1077 978 1167 1030 καὶ
1200 978 1419 1048 ἀνδράσι
1442 979 1533 1030 καὶ
1566 979 1806 1046 γυναιειν

237 1068 485 1138 ἁρμόζει,
511 1072 636 1139 περὶ
659 1069 750 1121 τοῦ
781 1069 854 1138 μὴ
879 1068 1073 1132 ἐξεῖναι
1097 1068 1273 1138 γάμου
1301 1067 1626 1131 ἐξίστασθαι,
1663 1085 1804 1140 παρ-

233 1160 393 1221 εκτὸς
440 1159 596 1226 λόγου
665 1161 940 1229 πορνείας.
987 1160 1053 1211 Ἡ
1094 1160 1150 1212 δὲ
1186 1159 1436 1229 συνήθεια
1492 1160 1588 1228 ούχ
1634 1159 1804 1223 οὕτως

234 1253 374 1322 ἔχει’
406 1253 520 1304 ἀλλ’
548 1253 638 1304 ἐπὶ
675 1255 772 1323 μὲν
800 1254 906 1306 τῶν
941 1253 1212 1321 γυναικῶν
1251 1254 1447 1324 πολλὴν
1480 1256 1802 1324 εὑρίσκομεν

231 1341 642 1410 ἀκριϐολογίαν,
686 1343 778 1394 τοῦ
811 1345 906 1412 μὲν
946 1345 1262 1396 ’Δποστόλου
1296 1344 1569 1412 λέγοντος’
1611 1347 1728 1398 ’Ὁτι
1769 1348 1801 1398 ό

232 1431 614 1498 κολλώμενος
641 1431 713 1499 τῇ
741 1436 953 1500 πόρνῃ,
984 1433 1054 1485 ἐν
1078 1433 1249 1502 σῶμά
1273 1435 1420 1488 ἐστιθ
1447 1435 1539 1486 τοῦ
1565 1434 1618 1486 δὲ
1648 1435 1802 1505 Ἱερε-

232 1520 381 1588 μίου’
420 1522 568 1584 Ὀτι,
616 1522 723 1573 ἐὰν
768 1521 1003 1590 γένηται
1042 1523 1196 1590 γυνὴ
1241 1523 1408 1590 ἀνδρὶ
1440 1524 1644 1589 ἑτέρῳ.
1688 1527 1798 1580 οὐκ

226 1607 574 1675 ἐπιστρέψει
601 1609 748 1676 πρὸς
779 1610 884 1662 τὸν
909 1610 1094 1678 ἀνδρα
1128 1610 1343 1677 αὐτῆς.
1383 1613 1540 1666 ἀλλὰ
1573 1629 1799 1680 μιαινο-

225 1698 380 1765 μέγη
403 1698 816 1765 μιανθήσεταιο
856 1701 948 1750 καὶ
978 1700 1153 1753 πάλινο
1198 1702 1261 1754 Ὀ
1299 1702 1453 1768 ἔχων
1478 1701 1797 1770 μοιχαλίδα

1917 590 2139 646 omnino
2171 592 2610 646 involuntarium.

2442 771 2550 843 64
2586 769 2814 825 CANON
2853 771 2939 826 tx.

2111 889 2286 959 alique
2330 891 2464 944 viris
2507 899 2558 944 et
2595 890 2919 943 mulieribus
2973 894 3227 946 convenit
3269 908 3469 947 secun-

1905 985 2030 1038 dum
2065 985 2348 1053 sententias
2369 984 2812 1038 consecutionem
2843 983 2987 1052 quod
3024 999 3052 1034 a
3082 983 3312 1036 Domino
3341 1000 3466 1053 pro-

1904 1077 2210 1130 nuntiatum
2234 1083 2339 1139 est,
2377 1092 2484 1129 non
2515 1077 2680 1130 licere
2709 1093 2738 1128 a
2777 1075 3124 1127 matrimonio
3155 1075 3462 1132 discedere,

1904 1167 2008 1221 nisi
2049 1167 2118 1220 ob
2146 1167 2583 1220 fornicationem.
2632 1166 2982 1220 Consuetudo
3015 1173 3192 1217 autem
3241 1181 3346 1218 non
3394 1167 3464 1218 ita

1904 1271 1963 1309 se
2011 1256 2192 1318 habet,
2237 1255 2332 1309 sed
2369 1256 2687 1309 mulieribus
2731 1257 2946 1324 quidem
2996 1255 3163 1307 multa
3212 1267 3464 1308 accurate

1900 1343 2179 1397 observari
2229 1343 2705 1411 deprehendimus,
2752 1361 2873 1398 cum
2916 1345 3206 1413 Apostolus
3239 1347 3457 1413 quidem

1901 1432 2068 1496 dicat,
2103 1432 2254 1497 Quod
2291 1436 2380 1502 qui
2431 1435 2662 1488 adhwret
2713 1437 2994 1497 meretrici,
3041 1437 3100 1503 fit
3144 1453 3303 1488 unum
3346 1452 3461 1488 cor-

1896 1534 1990 1586 pus
2041 1525 2055 1554 '
2083 1537 2096 1583 ;
2129 1518 2393 1575 Jeretnias
2452 1537 2602 1585 vero,
2647 1522 2799 1586 Quod
2832 1525 2878 1576 si
2910 1511 3077 1590 fuerit
3121 1524 3308 1575 mulier
3342 1540 3460 1575 cum

1899 1605 2003 1659 alio
2033 1607 2160 1670 viro,
2188 1623 2289 1660 non
2324 1617 2605 1660 revertetur
2638 1609 2704 1660 ad
2731 1611 2895 1661 virum
2925 1625 3099 1674 suum,
3133 1610 3222 1663 sed
3254 1613 3461 1678 polluta

1893 1697 2158 1762 polluetur
2201 1699 2220 1727 ¹
2255 1715 2269 1764 ;
2303 1707 2356 1752 et
2394 1700 2610 1763 iterum,
2649 1701 2753 1764 Qui
2796 1700 2948 1752 habet
2979 1700 3292 1766 adulteram,
3321 1703 3456 1755 stut-

228 1789 433 1857 ἇφρων
456 1790 552 1841 καὶ
581 1790 824 1856 ἀσεϐής.
859 1790 920 1841 Ἠ
951 1790 1005 1842 δὲ
1045 1791 1299 1860 συνήθεια
1332 1791 1423 1841 καὶ
1445 1791 1776 1860 μοιχεύοντας

1895 1796 1978 1840 tua
2004 1797 2082 1841 est
2111 1797 2160 1840 et
2189 1787 2382 1857 impius
2432 1791 2472 1841 ³.
2508 1789 2860 1844 Consuetudo
2890 1802 3066 1843 autem
3103 1794 3264 1844 etiam
3306 1793 3458 1845 adul-

225 1878 424 1948 ἄνδρας
451 1879 544 1930 καὶ
575 1881 630 1931 ὲν
659 1879 930 1948 πορνείαις
957 1879 1111 1939 ὄντας
1136 1880 1456 1947 κατέχεσθαι
1486 1879 1588 1931 ὑπὸ
1614 1896 1796 1946 γυναι-

228 1969 338 2020 κῶν
373 1971 720 2038 προστάσσει.
756 1970 914 2020 Ὥστε
946 1971 976 2038 ή
1011 1969 1086 2037 τῷ
1118 1970 1394 2041 ἀφειμένῳ
1423 1969 1574 2039 ἀνδρὶ
1614 1987 1790 2022 συνοι-

227 2058 398 2110 κοῦσα
419 2060 520 2110 ούκ
539 2056 653 2111 οῖδα
676 2060 723 2110 εί
749 2059 968 2110 δύναται
999 2059 1244 2127 μοιχαλὶς
1421 2060 1788 2130 χρηματίζειν.

224 2148 297 2198 Τὸ
323 2148 432 2218 γὰρ
472 2147 718 2218 ἔγκλημα
749 2147 978 2198 ἐνταῦθα
1008 2147 1106 2214 τῆς
1137 2147 1480 2215 ἀπολυσάσης
1507 2146 1597 2198 τὸν
1627 2147 1792 2218 ἄνδρα

223 2237 478 2301 ἅπτεται,
515 2239 653 2290 κατὰ
686 2237 842 2288 ποίαν
874 2237 1050 2289 αίτίαν
1228 2236 1433 2305 ἀπέστη
1471 2235 1563 2287 τοῦ
1593 2238 1791 2305 γάμου.

223 2331 344 2381 Εἴτε
385 2329 480 2381 καὶ
519 2329 857 2398 τυπτομένη,
901 2328 973 2397 μὴ
1008 2328 1246 2396 φέρουσα
1427 2327 1523 2389 τὰς
1559 2328 1790 2395 πληγὰς,

221 2418 514 2486 ὑπομένειν
557 2417 723 2486 ὲχρῆν
761 2417 959 2486 μᾶλλον
1005 2415 1036 2478 ἢ
1072 2415 1445 2484 διαζευχθῆναι
1484 2419 1576 2468 τοῦ
1617 2434 1790 2469 συνοι-

219 2506 464 2569 κοῦντος·
501 2506 609 2558 εἴτε
653 2507 752 2575 τὴν
800 2508 877 2567 είς
927 2505 994 2556 τὰ
1042 2505 1296 2573 χρήματα
1333 2503 1532 2572 ζημίαν
1577 2505 1650 2573 μὴ
1696 2506 1792 2572 φέ-

223 2612 411 2665 ρουσα,
446 2597 565 2648 οὐδὲ
591 2597 730 2664 αὕτη
760 2598 792 2665 ἡ
821 2597 1089 2664 πρόφασις
1116 2595 1408 2662 ἀξιόλογος.
1447 2597 1510 2647 El
1531 2596 1587 2648 δὲ
1611 2596 1698 2649 διὰ
1725 2597 1785 2649 τὸ

217 2687 277 2738 ὲν
300 2687 526 2757 πορνεία
555 2687 715 2738 αὑτὸν
746 2687 843 2756 ζῇν
863 2729 874 2746 ,
905 2688 1002 2737 οὐκ
1038 2686 1232 2754 ἔχομεν
1261 2685 1415 2738 τοῦτο
1463 2687 1520 2738 ιν
1553 2689 1618 2756 τῇ
1665 2703 1787 2740 συν-

215 2774 376 2847 ηθείᾳ
423 2780 488 2846 τῇ
541 2777 957 2845 ἐκκλησιαστικῇ
988 2776 1046 2827 τὸ
1087 2777 1485 2845 παρατήρημαο
1520 2774 1652 2827 ἀλλὰ
1695 2775 1787 2828 καὶ

215 2864 446 2916 ἀπίστου
476 2865 662 2934 ἀνδρὸς
683 2864 1008 2933 χωρίζεσθαι
1031 2863 1089 2914 ού
1119 2860 1456 2933 προσετάχθη
1626 2863 1782 2930 γυνὴ,

212 2957 352 3010 ἀλλά
398 2957 762 3026 παραμένειν,
799 2954 884 3006 διὰ
925 2954 986 3005 τὸ
1031 2953 1219 3022 ἄδηλον
1260 2953 1356 3020 τῆς
1399 2951 1690 3012 ἐκϐάσεως.
1725 2953 1784 3002 Τί

1893 1885 2042 1930 teros
2069 1877 2217 1931 viros
2254 1885 2307 1932 et
2347 1879 2400 1930 in
2437 1877 2894 1933 fornicatiouibus
2929 1891 3209 1936 versantes
3237 1883 3390 1950 jubet
3427 1898 3455 1935 a

1894 1967 2214 2022 mulieribus
2273 1969 2518 2024 retineri.
2551 1969 2730 2034 Quare
2761 1986 2880 2038 qua:
2929 1987 3032 2023 una
3067 1987 3190 2025 cum
3223 1975 3340 2026 viro
3371 1973 3456 2025 di-

1895 2057 2065 2110 misso
2097 2057 2329 2123 habitat,
2361 2061 2547 2113 nescio
2585 2074 2650 2112 an
2692 2062 2864 2127 possit
2893 2061 3136 2114 adultera
3165 2064 3450 2131 appellari.

1892 2144 2108 2199 Crimen
2140 2147 2284 2199 enim
2320 2147 2408 2201 hic
2453 2149 2666 2216 attingit
2703 2151 3004 2212 mulierem,
3038 2167 3157 2219 qua:
3377 2155 3454 2205 vi-

1894 2249 2012 2286 rum
2047 2234 2295 2301 dimisit,
2332 2251 2564 2304 quanam
2598 2237 2663 2290 de
2687 2253 2851 2292 causa
2895 2255 2922 2291 a
2955 2241 3210 2308 coniugio
3238 2240 3450 2295 disces-

1891 2323 2046 2376 serit.
2083 2322 2214 2377 Sive
2259 2326 2400 2376 enitn
2438 2340 2696 2393 percussa
2733 2328 2918 2396 plagas
2955 2343 3063 2380 non
3099 2328 3258 2391 ferat,
3310 2331 3450 2382 ferre

1889 2414 2059 2466 satius
2083 2421 2199 2466 erat
2225 2429 2386 2482 quam
2417 2429 2446 2466 a
2474 2416 2705 2485 conjuge
2731 2419 2974 2486 separari
3004 2437 3016 2470 ε
3051 2420 3163 2472 sive
3189 2420 3448 2472 damnum

1888 2502 1942 2554 in
1988 2505 2236 2570 pecuniis
2266 2519 2374 2556 non
2411 2505 2566 2566 ferat,
2601 2523 2669 2561 ne
2697 2508 2810 2560 hrec
2846 2506 3063 2575 quidem
3093 2510 3240 2576 justa
3275 2525 3445 2563 excu-

1885 2592 2023 2644 satio
2053 2611 2064 2644 :
2094 2593 2178 2645 sin
2231 2605 2433 2652 autem.
2483 2597 2740 2663 quoniam
2791 2598 2908 2666 ipse
2950 2601 3080 2652 vivit
3121 2603 3174 2652 in
3209 2600 3446 2654 fornica-

1887 2681 2052 2743 tione,
2085 2697 2193 2734 non
2222 2683 2481 2737 habemus
2505 2685 2645 2737 hanc
2677 2687 2731 2739 in
2754 2690 3125 2743 ecclesiastica
3151 2703 3446 2746 consuetu-

1889 2769 2015 2824 dine
2046 2771 2506 2836 observationem,
2543 2777 2653 2828 imo
2687 2792 2815 2830 vero
2843 2778 2908 2830 ab
2941 2779 3143 2832 inﬁdeli
3183 2782 3299 2834 viro
3335 2797 3440 2834 non

1877 2850 2039 2926 juSsa
2078 2868 2160 2915 est
2196 2863 2392 2915 mulier
2425 2865 2690 2930 separari,
2720 2866 2812 2918 sed
2837 2876 3058 2934 propter
3087 2880 3334 2923 eventum
3367 2874 3444 2924 ir.-

1886 2958 2094 3002 certum
2119 2965 2420 3004 remanere.
2452 2951 2592 3016 Quid
2614 2954 2750 3004 enim
2781 2957 2906 3020 scis,
2932 2956 3141 3017 mulier,
3174 2976 3240 3009 an
3274 2963 3438 3011 virum

214 3046 328 3114 γὰρ
360 3042 544 3108 οἶδας,
579 3045 783 3111 γύναι,
822 3044 872 3094 εί
912 3043 1016 3093 τὸν
1049 3041 1237 3107 ἄνδρα
1266 3040 1521 3104 adﬂate;
1553 3041 1711 3091 Ὥστε
1749 3042 1776 3109 ἡ

1884 3038 2084 3090 saluum
2137 3039 2209 3091 si:
2257 3039 2569 3106 factura“!
2631 3042 2830 3108 Quare,
2885 3060 3005 3112 qua:
3060 3048 3302 3114 reliquit,
3355 3059 3438 3102 est

213 3133 606 3192 καταλιποῦσα,
643 3132 906 3201 μοιχαλὶς,
933 3133 980 3182 εί
1011 3132 1096 3182 ἐπ’
1122 3131 1277 3183 ἄλλον
1304 3127 1463 3200 ἦλθεν
1499 3130 1686 3199 ἄνδρα.
1723 3131 1779 3182 Ὀ

210 3225 270 3275 δὲ
307 3223 687 3292 καταλειφθεὶς
727 3223 1068 3290 συγγνωστός
1105 3225 1236 3281 ἐστι,
1269 3223 1362 3274 καὶ
1393 3223 1424 3290 ἡ
1462 3220 1779 3274 συνοικοῦσα

209 3313 292 3383 τῷ
313 3315 534 3384 τοιούτῳ
561 3315 620 3366 ού
656 3314 1055 3381 κατακρίνεται.
1088 3314 1148 3364 Εί
1183 3313 1362 3380 μέντοι
1397 3314 1425 3364 ό
1455 3312 1618 3382 ἀνὴρ,
1647 3313 1777 3364 ἀπο-

211 3405 346 3466 στὰς
378 3403 477 3471 τῆς
500 3403 772 3469 γυναικὸς,
799 3401 883 3452 ἐπ’
907 3402 1070 3467 ἄλλην
1089 3397 1238 3468 ἦλθε,
1268 3399 1361 3451 καὶ
1387 3399 1545 3461 αὐτὸς
1570 3401 1772 3468 μοιχὸς,

207 3492 345 3543 διότι
398 3493 542 3542 ποιεῖ
589 3490 754 3557 αὐτὴν
807 3488 1172 3555 μοιχευθῆναιο
1223 3489 1312 3540 καὶ
1367 3491 1400 3558 η
1449 3491 1762 3548 συνοικοῦσα

195 3578 372 3645 αὐτῷ,
423 3576 680 3646 μοιχαλὶς,
722 3576 852 3627 διότι
888 3576 1158 3644 ἀλλότριον
1195 3579 1358 3644 ἄνδρα
1400 3579 1531 3648 πρὸς
1566 3581 1762 3653 ἑαυτὴν

199 3665 558 3733 μετέστησεν.

262 3762 463 3814 ΒΛΛΣ.
509 3761 833 3832 Ἐρωτηθεὶς
858 3762 886 3812 ὸ
915 3760 1069 3825 ἅγιος
1099 3759 1149 3810 τί
1173 3757 1378 3826 ὀφείλει
1407 3757 1650 3825 γίνεσθαι
1680 3761 1760 3819 είς

188 3853 321 3914 τοὺς
350 3851 674 3920 όμοζύγους,
711 3851 807 3903 ὲὰν
831 3866 914 3912 τις
947 3849 1004 3914 ἐξ
1059 3847 1240 3901 αὐτῶν
1287 3850 1364 3910 είς
1396 3848 1583 3917 ἕτερον
1629 3849 1757 3920 ἔλθῃ

190 3945 391 4014 γάμον,
423 3945 455 4012 ἢ
492 3945 586 3993 καὶ
623 3939 896 4010 πορνεύσῃ
918 3956 930 3969 ·
961 3939 1185 4007 εποίησε
1219 3940 1311 3990 τὸν
1354 3939 1621 4006 ἀπόλογον
1651 3941 1757 3991 ἀπὸ

188 4032 803 4102 διαφόρωνγραφικῶν,
834 4030 928 4082 καὶ
951 4031 1013 4081 ὲκ
1033 4028 1130 4096 τῆς
1157 4030 1278 4080 τότε
1300 4030 1604 4097 κρατούσης
1637 4045 1758 4081 συν·-

187 4125 408 4191 ηθείας.
455 4123 606 4174 Ἐπεὶ
641 4121 697 4172 δὲ
727 4119 795 4170 τὰ
822 4120 878 4169 ιν
935 4116 1011 4185 τῷ
1058 4115 1282 4185 τοιούτῳ
1332 4117 1514 4169 κανόνι
1579 4120 1755 4170 πάντα

191 4215 382 4283 σχεδὸν
416 4211 796 4280 μετετύπωσεν
829 4210 858 4276 ἡ
890 4206 988 4275 ριξ⁹
1056 4207 1241 4274 Νεαρὰ
1309 4207 1754 4273 Ἰούστινιάνειος,

185 4309 220 4372 ή
258 4304 491 4370 κειμένη
525 4302 582 4351 ιν
613 4299 688 4368 τῷ
719 4298 760 4362 ζ’
795 4298 956 4365 τίτλῳ
984 4297 1077 4349 τοῦ
1108 4293 1193 4360 κη’
1228 4295 1454 4363 βιϐλίου,
1483 4298 1754 4362 ἀνάγνωθι
1789 4329 1830 4382 D

187 4394 416 4458 ταύτην,
457 4389 716 4447 ὡσαύτως
748 4388 840 4438 καὶ
869 4387 965 4454 τὴν
999 4392 1102 4453 ρια⁹
1133 4385 1375 4452 Νεαρὰν,
1426 4385 1521 4436 καὶ
1563 4385 1753 4446 ἁπλῶς

187 4483 301 4534 ἀπὸ
328 4481 422 4533 τοῦ
454 4477 502 4532 α’
529 4498 654 4546 κεφ.
679 4479 771 4530 τοῦ
800 4477 961 4529 αὐτοῦ
992 4475 1170 4527 τίτλου
1228 4475 1389 4542 μέχρι
1418 4473 1510 4524 καὶ
1544 4473 1635 4524 τοῦ
1674 4491 1710 4536 ς
1733 4515 1748 4534 ,

186 4576 288 4626 καὶ
324 4573 506 4641 μάθῃς
543 4574 683 4624 κατά
727 4571 925 4630 πόσους
965 4568 1203 4637 τρόπους
1229 4564 1448 4617 λύονται
1475 4565 1543 4616 τὰ
1577 4581 1756 4617 συνοι-

186 4665 374 4725 κέσια,
408 4663 504 4715 καλ⁹
525 4661 643 4721 πῶς
669 4657 992 4721 κολάζονται
1017 4659 1142 4709 ὅσον
1171 4655 1308 4716 τέως
1350 4653 1457 4706 ἀπὸ
1484 4653 1578 4706 τοῦ
1611 4655 1756 4708 πολι-

183 4753 342 4806 τικοῦ
367 4752 534 4819 νόμου
566 4753 616 4802 οἱ
649 4749 991 4819 μοιχεύοντες
1021 4750 1086 4799 ὲκ
1128 4745 1236 4798 τῶν
1267 4742 1570 4813 όμοζύγων,
1602 4743 1633 4813 ἢ
1665 4743 1754 4795 καὶ

186 4843 546 4913 πορνεύοντες
573 4858 588 4872 ο
621 4843 758 4909 πρὸς
787 4841 960 4892 δὲκαὶ
1002 4840 1051 4892 oi
1087 4837 1414 4904 παραλόγως
1463 4835 1560 4904 τὴν
1627 4838 1754 4903 ὀμο-

183 4934 357 4996 ζωῖαν
389 4931 914 4999 καταλιμπάνοντες.
982 4928 1284 4995 Ἀνὰγνωθι
1311 4928 1406 4979 καὶ
1461 4928 1552 4978 τὸν
1597 4927 1752 4978 ’ἐκτον

185 5027 280 5077 καὶ
313 5023 698 5090 ὲννενηκοστὸν
728 5021 930 5073 κανόνα
954 5021 1053 5083 τῆς
1080 5023 1137 5072 ὲν
1199 5020 1277 5088 τῷ
1311 5018 1563 5088 Τρούλλῳ
1623 5034 1746 5068 συν·

182 5117 329 5177 όδου,
362 5116 457 5166 καὶ
479 5114 544 5166 τὰ
574 5115 630 5164 ὲν
660 5112 840 5180 αὐτῷ’
901 5111 1163 5171 ὡσαύτως
1231 5108 1501 5175 ἀνάγνωθι
1553 5107 1644 5158 καὶ
1682 5107 1749 5158 τὰ

182 5208 267 5267 εἰς
295 5205 356 5257 τὸ
386 5204 539 5264 τέλος
570 5203 663 5254 τοῦ
695 5209 742 5254 α’
781 5219 906 5268 κεφ.
929 5201 1021 5253 τοῦ
1061 5207 1125 5252 ια’
1155 5201 1333 5251 τίτλου
1363 5199 1456 5250 τοῦ
1485 5197 1746 5267 παρόντος

183 5293 566 5359 συντάγματος
614 5291 1070 5358 καταστρωθέντα
1110 5288 1351 5356 νόμιμα·
1413 5288 1611 5354 ὁμοίως
1655 5286 1747 5336 καὶ

182 5385 284 5450 τὴν
313 5380 609 5451 ἑρμηνείαν
638 5381 730 5432 τοῦ
775 5380 816 5430 ε’
867 5397 989 5446 κεφ.
1043 5379 1137 5430 τοῦ
1201 5377 1363 5430 αὐτοῦ
1418 5377 1618 5440 τίτλον,
1655 5377 1748 5428 καὶ

187 5476 370 5545 μάθῃς
395 5474 460 5524 ἑκ
497 5471 714 5525 πάντων
747 5472 992 5531 πλατέως
1041 5469 1107 5520 τὰ
1145 5479 1281 5537 περί
1303 5471 1526 5519 τούτων.

253 5564 505 5619 ΖΩΝΔΡ.
533 5561 622 5630 Μὴ
643 5561 862 5613 λύεσθαι
906 5561 1082 5628 γάμον
1117 5559 1385 5624 παρεκτὸς
1415 5557 1571 5621 λόγου
1610 5572 1742 5624 πορ-

183 5659 330 5717 νείας
361 5658 389 5706 ό
417 5654 623 5724 Κύριος
656 5654 996 5719 ἀπεφήνατο.
1036 5648 1252 5715 Ταύτην
1282 5646 1372 5699 οὖν
1399 5649 1494 5715 τὴν
1528 5647 1742 5712 ἀπόφα-

271 5767 283 5794 ¹
319 5768 335 5820 l
364 5766 496 5822 Cor.
525 5781 597 5829 vt,
628 5765 710 5817 l6.
810 5759 827 5786 '
855 5764 1051 5817 Jerem.
1079 5778 1158 5824 Ill,
1198 5763 1244 5814 1.

1350 5755 1367 5784 ³
1397 5757 1552 5812 Prov.
1577 5773 1726 5820 κγιιι,
1755 5755 1843 5809 22.

1881 3127 2146 3189 adultera,
2202 3130 2245 3183 si
2281 3130 2348 3182 ad
2394 3131 2559 3183 alittm
2612 3133 2784 3185 virum
2835 3135 3087 3190 accessit.
3117 3137 3218 3200 Qui
3253 3147 3433 3189 autem

1877 3218 2102 3273 relictus
2140 3225 2245 3282 est,
2278 3221 2475 3291 dignus
2502 3230 2585 3276 est
2613 3223 2794 3285 venia,
2829 3232 2882 3278 et
2912 3241 3030 3293 quae
3071 3244 3176 3280 una
3209 3244 3330 3282 eum
3371 3245 3436 3282 eo

1879 3308 2107 3371 habitat,
2138 3324 2248 3362 non
2279 3310 2690 3365 condemnatur.
2720 3311 2826 3366 Sed
2848 3315 2893 3367 si
2917 3316 3017 3379 vir,
3052 3319 3141 3384 qui
3171 3319 3238 3370 ab
3268 3332 3436 3369 uxore

1880 3400 2156 3466 discessit,
2199 3405 2431 3458 accessit
2469 3405 2534 3458 ad
2577 3407 2760 3469 aliam,
2807 3416 2892 3461 est
2933 3416 2987 3462 et
3036 3409 3150 3476 ipse
3198 3410 3433 3470 adulter,

1876 3505 2003 3558 quia
2039 3490 2172 3544 facit
2225 3499 2285 3545 ut
2321 3494 2438 3563 ipsa
2493 3495 2818 3551 adulterium
2861 3499 3191 3561 committat;
3233 3507 3284 3551 et
3315 3516 3434 3567 qua:

1875 3594 1980 3632 una
2014 3596 2134 3634 cum
2177 3583 2298 3650 ipso
2343 3583 2568 3649 habitat,
2607 3596 2690 3639 est
2713 3588 2979 3649 adultera,
3019 3589 3142 3654 quia
3190 3588 3422 3639 alienum

1875 3665 2046 3717 virum
2071 3666 2136 3718 ad
2169 3682 2227 3719 se
2260 3668 2524 3721 traduxit.

1940 3760 2132 3815 BALS.
2188 3759 2426 3816 Sanctus
2481 3761 2861 3828 interrogatus,
2911 3764 3040 3832 quid
3106 3763 3266 3818 debet
3313 3766 3423 3818 πῖεηὶ

1866 3851 2205 3921 coniugibus,
2239 3851 2444 3920 siquis
2494 3866 2560 3905 ex
2625 3852 2758 3920 ipsis
2806 3866 2866 3906 se
2921 3855 2984 3904 ad
3039 3853 3184 3904 aliud
3234 3853 3423 3905 matri:

1871 3943 2110 3997 monium
2167 3945 2479 4002 contulerit.
2543 3941 2627 3994 vel
2679 3943 2842 3994 etiam
2903 3943 3204 3995 fornicatus
3238 3943 3421 4005 fuerit,

1861 4024 1993 4082 fecit
2023 4042 2340 4097 reSponsum
2365 4043 2430 4082 ex
2462 4029 2692 4083 diversis
2727 4030 3037 4096 scripturis,
3078 4038 3130 4082 et
3185 4045 3248 4081 ex
3290 4045 3420 4083 cou-

1863 4119 2148 4172 suetudine
2192 4135 2310 4187 quaa
2341 4128 2466 4172 tunc
2490 4120 2832 4174 servabatur.
2875 4119 3010 4184 Quia
3051 4131 3253 4183 autem,
3304 4136 3420 4188 qua:

1863 4207 1915 4261 in
1944 4208 2045 4262 hoc
2079 4224 2285 4263 canone
2306 4211 2406 4263 sita
2442 4220 2588 4272 sunt,
2619 4211 2717 4262 117
2761 4211 3106 4278 imperatoris
3131 4209 3419 4262 Justiniani

1863 4299 2095 4361 novella,
2131 4315 2248 4368 quae
2279 4300 2329 4353 in
2378 4303 2460 4354 tit.
2487 4301 2543 4363 7,
2575 4301 2668 4354 lib.
2701 4314 2869 4354 xxvut
2928 4300 3100 4367 posita
3135 4310 3238 4358 est.
3274 4301 3421 4368 peni-

1861 4399 1946 4443 tus
1979 4391 2309 4457 immutavit,
2369 4396 2482 4461 lege
2523 4408 2641 4445 eam
2674 4394 2941 4456 similiter,
2991 4403 3042 4445 et
3090 4392 3181 4445 111
3238 4394 3420 4446 novel-

1862 4478 1990 4540 Iam,
2046 4490 2100 4532 et
2148 4491 2207 4532 ut
2264 4483 2424 4533 semel
2456 4481 2656 4545 dicam,
2693 4495 2723 4534 a
2753 4481 2928 4549 primo
2960 4482 3137 4548 capite
3171 4482 3416 4548 ejusdem

1859 4567 1944 4618 tit.
1972 4581 2139 4634 usque
2169 4569 2234 4621 ad
2264 4568 2315 4633 6,
2349 4579 2403 4622 et
2433 4573 2575 4624 scies
2599 4580 2732 4637 quot
2768 4570 2937 4624 modis
2971 4571 3253 4624 solvantur
3279 4588 3416 4625 con-

1854 4657 2026 4724 jugia,
2056 4667 2109 4711 et
2150 4662 2418 4724 quomodo
2447 4675 2476 4712 a
2508 4661 2623 4728 lege
2650 4662 2793 4715 civili
2827 4663 3121 4730 puniuntur
3149 4663 3235 4730 qui
3265 4664 3421 4716 adul-

1859 4755 2104 4800 terantur
2135 4765 2163 4801 e
2193 4749 2530 4817 conjugibus,
2565 4751 2648 4805 vel
2682 4752 2842 4806 etiam
2875 4753 3253 4817 fornicamur;
3281 4769 3418 4821 prte-

1860 4847 2000 4890 terea
2033 4848 2212 4891 autem
2236 4847 2289 4892 et
2317 4840 2406 4907 qui
2433 4849 2629 4908 prazter
2657 4843 2918 4895 rationem
2949 4844 3069 4895 vitae
3097 4845 3415 4897 societatem

1857 4927 2190 4994 relinquunt.
2247 4929 2386 4996 Lege
2465 4931 2593 4983 item
2657 4947 2920 4985 eauonem
2975 4931 3043 4985 96
3100 4934 3312 4986 concilii
3365 4936 3415 4986 iu

1855 5015 2042 5071 Trullo
2097 5025 2150 5070 et
2207 5033 2324 5086 qua:
2377 5019 2428 5072 in
2467 5035 2590 5073 eum
2643 5022 2844 5089 scripta
2903 5033 3050 5074 sunt.
3085 5022 3219 5090 Lege
3250 5024 3412 5076 etiam

1851 5107 1992 5174 jura,
2054 5121 2174 5175 qua:
2213 5107 2279 5159 ad
2342 5107 2502 5162 tinem
2568 5124 2740 5177 usque
2793 5111 2953 5179 primi
3013 5112 3205 5179 capitis
3238 5113 3408 5167 tit.“

1853 5200 2138 5264 prmsentis
2206 5196 2388 5262 operis
2423 5199 2526 5250 sila
2556 5209 2684 5252 sunt
2720 5241 2735 5262 ,
2769 5201 3018 5254 similiter
3055 5211 3107 5254 et
3148 5201 3413 5270 interpre-

1851 5291 2107 5338 tationem
2144 5287 2336 5354 eapitis
2375 5303 2405 5338 ν
2447 5287 2691 5357 ejusdem
2725 5290 2806 5342 tit.
2838 5301 2890 5343 et
2919 5305 2981 5342 cx
3028 5291 3112 5343 his
3163 5293 3410 5346 omnibus

1850 5373 1968 5429 fuse
2004 5375 2070 5427 de
2095 5375 2179 5430 his
2205 5377 2480 5447 intelliges.

1919 5549 2169 5612 ZOXAR.
2210 5551 2284 5606 Ne
2333 5553 2615 5608 solvantur
2651 5556 2873 5624 nupti;e,
2905 5566 3129 5624 excepta
3170 5556 3405 5609 fornica-

1851 5641 2012 5694 tionis
2035 5656 2221 5706 Causa,
2264 5641 2527 5699 Dominus
2559 5648 2833 5716 praecepit.
2872 5644 2980 5700 lloc
3012 5647 3174 5715 igitur
3204 5661 3408 5716 prtece-

1941 5753 1958 5781 ⁸
1993 5754 2006 5806 l
2038 5754 2164 5808 Cor.
2209 5772 2304 5819 νη,
2341 5756 2424 5809 16.
