4124 6456
661 398 764 460 623

1910 404 2186 464 THEOD.
2225 403 2312 461 BA
2327 402 2620 462 LSAMON
2666 432 2678 444 ο

3781 400 3896 464 ’621

663 522 811 579 ptum
843 527 903 565 ex
933 526 1088 580 aequo
1113 528 1339 583 magnus
1362 513 1449 567 hic
1476 513 1632 568 Pater
1661 515 1788 568 viris
1823 523 1873 566 et
1904 513 2216 566 mulieribus

2327 529 2404 563 σιν
2443 514 2632 582 ἐπίσης
2666 515 2832 581 φησὶν
2887 518 2912 568 6
2959 519 3130 584 μέγας
3181 509 3335 580 οὗτος
3387 518 3575 587 Πατὴρ
3626 515 3900 583 ἁρμόζειν

663 603 954 656 court-nire
989 604 1202 663 asserit.
1261 605 1329 656 ita
1373 614 1427 656 ut
1469 619 1565 658 uec
1608 605 1718 656 viro
1751 619 1902 655 suam
1951 603 2219 655 dimittere

665 706 908 754 uxorem,
936 709 1036 746 uec
1067 693 1222 746 uxori
1255 708 1283 744 a
1314 695 1430 746 viro
1453 695 1744 747 abscedere
1776 693 2096 761 permissum
2124 694 2218 744 sit.

666 781 770 834 Sed
807 785 1143 835 consuetudo
1179 797 1284 835 non
1318 784 1506 836 eodem
1545 783 1702 838 modo
1725 797 1783 836 se
1808 781 1970 835 liabet
2008 781 2057 832 in
2089 780 2219 832 viris

665 876 755 938 qui
792 875 1100 941 relinquunt
1134 889 1354 935 uxores,
1378 883 1431 926 et
1461 875 1778 928 mulieribus
1808 888 1928 941 quae
1968 872 2107 924 idem
2140 869 2219 921 fa-

665 967 834 1016 ciunt.
869 964 1054 1016 Mulier
1105 965 1390 1032 siquidem,
1421 980 1539 1032 qua:
1563 980 1592 1017 a
1634 966 1748 1017 viro
1779 963 2001 1024 secedit,
2033 961 2222 1013 alteri-

665 1071 768 1120 que
853 1056 1180 1122 adiungitur,
1223 1054 1460 1110 adultera
1517 1057 1809 1125 iudicatur,
1854 1069 1954 1108 uee
1987 1052 2218 1118 amplius

665 1161 694 1195 a
719 1146 836 1197 viro
874 1162 992 1210 suo,
1041 1149 1141 1199 nisi
1182 1149 1225 1200 is
1267 1149 1522 1212 voluerit,
1558 1149 1870 1214 recipietur.
1904 1143 2092 1198 Virum
2126 1157 2222 1196 au-

669 1247 770 1288 tem
802 1238 1013 1291 etiamsi
1051 1238 1350 1293 fornicatus
1403 1241 1563 1293 fuerit
1590 1247 1682 1291 aut
1722 1239 2071 1298 adulteratus,
2108 1251 2220 1288 mtt-

667 1324 766 1377 lier
797 1326 1110 1393 relinquere
1149 1328 1288 1379 baud
1351 1337 1550 1392 potest.
1601 1328 1677 1380 Ac
1725 1327 1767 1378 si
1815 1326 2066 1392 deinceps
2097 1322 2221 1376 reli-

655 1426 784 1464 ctus
833 1431 954 1467 cum
1005 1418 1175 1469 altera
1222 1420 1385 1470 vitam
1444 1429 1586 1484 agat,
1647 1432 1766 1485 qua:
1807 1415 1878 1467 illi
1910 1411 2220 1481 adjungilur

666 1517 1032 1571 nequaquam,
1070 1507 1166 1567 ait,
1203 1507 1443 1559 adultera
1501 1506 1856 1574 iudicabitur.
1886 1502 2104 1556 Crimen
2143 1503 2220 1555 si-

664 1592 883 1656 quidem
921 1592 1062 1644 illius
1095 1604 1196 1654 est,
1248 1609 1368 1662 qum
1404 1595 1580 1645 virum
1606 1608 1761 1645 suum
1816 1590 2035 1658 reliquit
2071 1607 2084 1642 :
2124 1602 2221 1642 nec

664 1682 808 1734 enim
840 1683 888 1736 ei
929 1697 956 1733 a
993 1684 1106 1736 viro
1137 1685 1412 1736 discedere
1445 1696 1761 1736 concessum
1794 1691 1894 1734 est.
1945 1679 2073 1743 Sed,
2108 1680 2220 1731 sive

666 1787 724 1822 se
757 1787 875 1824 cum
916 1773 1004 1825 illa
1033 1775 1226 1826 acctbe
1262 1784 1430 1842 gerat,
1467 1773 1605 1825 ferre
1627 1780 1840 1839 oportet
1873 1784 1888 1823 :
1921 1770 2034 1824 sive
2061 1782 2223 1837 pecu-

665 1862 769 1914 ni;e
821 1863 1086 1931 iacturam
1143 1864 1395 1930 patiatur,
1439 1865 1563 1915 dum
1608 1862 1753 1915 videt
1803 1861 1869 1914 ab
1921 1876 1984 1914 eo
2038 1859 2217 1913 dotem

666 1952 875 2004 absumi
903 1969 915 2016 ;
955 1952 1065 2004 sive
1088 1960 1337 2019 tangatur
1361 1952 1648 2021 zelotypia,
1690 1951 1830 2019 quod
1861 1964 1981 2003 cum
2015 1949 2137 2001 aliis
2162 1956 2221 2000 ut

667 2043 748 2092 vir
776 2052 1172 2109 corrumpatur,
1215 2042 1586 2095 obdurandum
1621 2049 1726 2103 est,
1778 2054 1873 2093 nec
1906 2053 1935 2092 a
1976 2038 2095 2092 viro
2123 2037 2221 2091 ab-

665 2130 1012 2183 scedendum.
1057 2131 1109 2184 Si
1145 2132 1308 2196 enim,
1334 2146 1452 2184 cum
1488 2131 1716 2184 iuftdelis
1763 2130 1833 2182 sit
1863 2129 1997 2182 alter
2036 2129 2223 2198 coniu-

664 2235 811 2286 gum,
841 2222 992 2273 alteri
1025 2223 1090 2274 ab
1113 2237 1178 2275 eo
1207 2223 1454 2275 secedere
1488 2222 1603 2289 ipso
1657 2223 1822 2274 invito
1854 2220 1960 2289 65
2000 2220 2220 2273 vetitum

663 2321 766 2370 est,
806 2311 944 2363 beati
994 2309 1139 2363 Pauli
1174 2312 1424 2372 decreto,
1459 2326 1687 2379 quonam
1725 2313 1880 2362 modo
1907 2309 1976 2361 illi
2011 2310 2223 2375 impune

663 2402 790 2464 erit,
814 2401 904 2465 qui
935 2401 1090 2453 aliam
1121 2401 1189 2454 ob
1209 2416 1423 2455 causam
1445 2401 1743 2469 coniugium
1765 2400 1958 2452 solvit?
1993 2399 2224 2462 Quamo—

664 2491 810 2542 brem
846 2507 962 2559 qua:
1004 2506 1031 2543 a
1067 2494 1179 2547 viro
1199 2493 1488 2555 abscessit,
1528 2493 1568 2546 si
1606 2507 1721 2543 cum
1742 2491 1907 2541 altero
1935 2489 2220 2550 habitavit,

663 2582 906 2632 adultera
952 2582 1237 2650 iudicatur.
1273 2583 1327 2636 Si
1364 2596 1489 2635 vero
1514 2596 1636 2634 cum
1672 2581 1858 2632 relicto
1925 2580 2040 2631 viro
2093 2593 2223 2630 con-

665 2671 846 2734 iuncta
894 2674 1124 2741 legitime
1165 2674 1342 2739 fuerit,
1376 2688 1548 2740 neque
1580 2680 1637 2724 ut
1664 2672 1928 2735 adultera,
1961 2684 2138 2737 neque
2168 2678 2224 2720 ut

667 2762 953 2814 furuicaria
991 2765 1404 2816 condemnatur.
1435 2761 1499 2814 Et
1537 2763 1617 2812 vir
1672 2775 1890 2811 uxorem
1947 2773 2098 2810 suam
2139 2758 2222 2808 di-

670 2853 914 2914 mittens,
947 2861 1001 2906 et
1063 2856 1262 2906 ducens
1304 2853 1463 2904 aliam
1510 2850 1724 2903 adulter
1757 2857 1859 2914 est,
1892 2858 1944 2902 ct
1997 2861 2218 2900 uxorem

667 2956 790 2993 cum
822 2943 928 2994 alio
961 2944 1175 2995 mistam
1211 2941 1506 2995 adulteram
1543 2939 1693 2991 facit.
1725 2937 1785 2990 Et
1821 2953 1938 3005 qua:
1958 2935 2222 3002 eiusmodi

671 3033 787 3084 viro
824 3033 1051 3094 habitat,
1080 3046 1185 3084 non
1239 3031 1496 3100 ignorans
1549 3029 1615 3082 ab
1657 3043 1721 3082 eo
1779 3041 2002 3080 uxorem
2061 3039 2222 3093 quam

668 3120 928 3175 habuerat
965 3123 1264 3184 dimissam,
1290 3121 1530 3174 adultera
1562 3129 1663 3172 est.
1698 3119 1944 3171 Alienum
1984 3131 2213 3184 namque

668 3212 846 3264 virum
881 3213 946 3265 ad
972 3225 1030 3265 se
1063 3211 1321 3264 traduxit.
1349 3210 1453 3263 Sed
1489 3210 1600 3261 haec
1631 3209 1842 3276 quidem
1881 3208 1966 3260 hic
1996 3221 2221 3275 magnus

669 3306 848 3367 Pater,
881 3320 942 3358 ex
979 3319 1038 3357 ea
1069 3317 1186 3371 qua:
1222 3311 1348 3354 tunc
1371 3300 1643 3354 obtinebat
1673 3298 2038 3373 ecclesiastica
2090 3311 2221 3350 con-

668 3397 955 3449 suetudine
989 3395 1208 3448 asserit.
1248 3391 1443 3444 Verum
1478 3405 1539 3442 ex
1584 3404 1666 3452 ea,
1707 3404 1829 3457 quae
1864 3397 2047 3455 postea
2078 3387 2221 3441 edita

669 3500 772 3551 est,
803 3491 866 3542 de
902 3487 1149 3540 divertiis
1202 3486 1548 3552 imperatoris
1588 3481 1877 3534 Justiniani
1910 3483 2116 3536 novella
2159 3482 2224 3534 li-

673 3582 770 3633 bro
819 3593 986 3632 xxvnt
1031 3577 1386 3629 Basilicorum
1424 3574 1506 3628 tit.
1548 3574 1572 3624 7
1627 3573 1819 3640 posita,
1856 3582 2049 3640 preter
2093 3572 2226 3625 alias

677 3683 895 3730 causas,
928 3668 996 3720 ob
1029 3680 1165 3734 quas
1192 3664 1439 3732 coniugia
1475 3663 1684 3714 solvere
1709 3663 2025 3715 mulieribus
2041 3663 2222 3714 datum

671 3771 773 3823 cst,
809 3759 894 3811 illa
924 3773 1140 3828 quoque
1175 3767 1488 3810 recensetur
1511 3795 1525 3819 ,
1561 3763 1618 3806 ιιι
1665 3755 1708 3807 si
1760 3754 1813 3805 iu
1846 3755 2033 3808 eadem
2066 3755 2224 3807 domo

675 3863 766 3906 aut
802 3851 930 3904 urbe
963 3851 1046 3903 vir
1076 3848 1228 3901 alteri
1265 3846 1472 3900 mulieri
1505 3847 1944 3909 comuiisccatur,
1975 3853 2136 3912 atque
2161 3845 2226 3898 ab

675 3959 842 3997 uxore
880 3941 1208 4002 admonitus,
1251 3949 1427 3992 tamen
1474 3937 1540 3988 ab
1578 3936 1717 3988 illius
1756 3937 2084 3989 commercio
2135 3951 2227 3990 ne-

677 4048 948 4102 quaquam
979 4032 1270 4091 abstineat,
1325 4027 1540 4095 nuptias
1575 4025 1871 4079 dissolvere
1907 4025 2225 4081 mulieribus

674 4127 744 4180 ob
774 4123 1091 4192 zelotypiam
1119 4119 1443 4190 permissum
1481 4120 1571 4173 sit.

743 4385 962 4439 ARIST.
1001 4383 1161 4437 Juxta
1207 4383 1414 4436 Domini
1459 4397 1760 4437 sermonem
1809 4382 1890 4434 vir
1933 4391 1984 4435 et
2034 4379 2227 4432 mulier

678 4477 1042 4531 fornicationis
1070 4487 1232 4529 causa
1262 4474 1488 4540 separati
1542 4472 1740 4540 pariter
1773 4470 2225 4524 condemnamur.

673 4566 1018 4622 Consuetudo
1049 4579 1180 4618 vero
1213 4565 1516 4618 adulterum
1546 4574 1598 4616 et
1633 4563 2009 4615 fornicatorem
2039 4575 2066 4611 a
2104 4573 2234 4612 eon-

668 4659 885 4726 iugibus
915 4672 1018 4710 non
1051 4664 1280 4723 separat.
1319 4654 1376 4706 Si
1407 4669 1511 4721 qua
1563 4669 1690 4706 vero
1738 4653 1934 4705 tnulier
1980 4651 2097 4702 viro
2147 4649 2228 4702 di-

676 4749 853 4800 misso
908 4743 1092 4811 iuncta
1146 4743 1345 4804 fuerit,
1402 4756 1507 4793 non
1554 4751 1635 4793 est
1686 4741 1912 4792 forsitan
1959 4739 2235 4802 adultera;

675 4839 832 4905 culpa
876 4838 1016 4890 enim
1045 4836 1097 4888 in
1123 4848 1262 4898 eam,
1302 4846 1421 4901 quae
1439 4831 1552 4884 sine
1577 4831 1782 4882 ratione
1832 4828 2052 4890 dimisit,
2109 4825 2233 4892 reii-

675 4929 860 4981 rieuda
888 4935 970 4980 est
1002 4944 1015 4979 :
1048 4926 1130 4979 vel
1155 4923 1316 4976 etiam
1347 4922 1607 4978 adultera.
1635 4920 1678 4972 si
1705 4919 1793 4972 alii
1832 4917 2110 4983 jungatur.
2145 4915 2232 4966 Di-

673 5023 874 5070 missus
898 5030 1020 5068 vero
1046 5015 1195 5066 venia
1223 5013 1414 5078 dignus
1439 5020 1541 5064 est.
1566 5009 1664 5074 Qui
1685 5023 1810 5061 vero
1837 5022 1987 5060 suam
2017 5004 2232 5070 reliquit

677 5120 898 5158 uxorem
931 5114 984 5157 et
1017 5105 1082 5156 ad
1116 5103 1274 5156 aliam
1311 5100 1558 5161 accessit,
1606 5108 1658 5151 et
1690 5098 1801 5165 ipse
1838 5107 1919 5149 est
1964 5097 2228 5156 mamlius,

673 5207 728 5248 et
757 5211 872 5247 eam
902 5193 1164 5246 mtecliari
1201 5190 1350 5253 facit,
1405 5198 1457 5242 et
1510 5186 1672 5240 etiam
1730 5186 1919 5239 mulier
1968 5200 2089 5237 cum
2125 5198 2229 5251 qua

674 5284 1114 5335 consuetudinem
1150 5281 1326 5334 habet.

743 5367 854 5421 Etsi
913 5369 1164 5420 Dominus
1219 5367 1388 5417 virtttn
1431 5366 1496 5416 ab
1540 5379 1706 5416 uxore
1745 5378 1838 5414 sua
1902 5362 2224 5428 disiunctum:

675 5469 1054 5527 (prmierquam
1109 5458 1159 5508 in
1210 5453 1574 5506 fornicationis
1617 5451 1801 5519 Causa)
1850 5462 1902 5504 et
1947 5450 2223 5502 mulierem

673 5552 788 5602 sine
825 5549 1035 5602 ratione
1067 5561 1092 5597 a
1125 5546 1241 5599 viro
1289 5560 1386 5597 suo
1434 5553 1736 5610 SCpuralnm
1793 5541 2070 5607 aequaliter
2098 5554 2226 5592 con-

676 5643 931 5689 demnat:
987 5647 1160 5688 tamen
1197 5635 1511 5687 constitutio
1562 5631 1931 5684 ceclesiastica
1987 5631 2036 5682 id
2071 5629 2228 5682 aliter

681 5728 789 5782 “eri
823 5728 994 5793 jubet.
1028 5725 1157 5777 Nam
1187 5726 1354 5776 virum
1390 5724 1498 5776 sive
1535 5722 1885 5776 fornican'mn
1933 5723 2042 5774 sive
2077 5719 2224 5775 adul—

2248 1817 2295 1876 B

2323 604 2415 654 καὶ
2447 605 2672 671 ἀνδράσι
2706 607 2798 658 καὶ
2846 608 3112 673 γυναιξίν,
3165 608 3303 660 ὥστε
3363 612 3504 676 μήτε
3570 607 3740 674 ἀνδρα
3793 605 3901 672 τὴν

2322 699 2523 750 οἰκείαν
2558 702 2776 766 ἀφιέναι
2817 705 3070 767 γυναῖκα,
3115 703 3250 770 μήτε
3283 705 3516 768 γυναῖκα
3556 697 3901 766 ἀφίστασθαι

2323 789 2416 840 τοῦ
2452 790 2644 858 ἀνδρὸς
2687 791 2872 859 αὐτῆς.
2919 791 3058 842 Ἀλλ’
3115 795 3146 858 ἡ
3214 793 3470 858 συνήθεια
3529 793 3628 858 οὐχ
3690 788 3900 856 ὁμοίως

2322 877 2432 944 ἔχει
2468 879 2558 928 ἐπὶ
2584 877 2796 946 ἀνδρῶν
2828 878 3096 945 ἀφιέντων
3141 880 3238 942 τάς
3298 881 3585 944 γυναῖκας,
3643 879 3740 930 καὶ
3797 879 3899 927 ἐπὶ

2322 967 2600 1035 γυναικῶν
2632 968 2831 1032 ὁμοίως
2866 969 3156 1020 ποιουσῶν.
3205 969 3265 1020 Ἡ
3296 969 3395 1038 μὲν
3421 967 3528 1037 γάρ
3560 969 3722 1036 γυνὴ.
3763 968 3905 1018 ἀποο

2323 1057 2498 1106 στᾶσα
2521 1053 2616 1107 τοῦ
2649 1055 2842 1122 ἀνδρὸς
2872 1057 2967 1108 καὶ
3027 1056 3360 1122 συναφθεῖσα
3391 1055 3584 1125 ἑτέρῳ,
3645 1054 3903 1122 μοιχαλὶς

2321 1145 2589 1214 κρίνεται,
2623 1148 2717 1198 καὶ
2740 1146 2922 1197 οὐκέτι
2957 1146 3280 1216 δεχθήσεται
3312 1145 3464 1214 παρὰ
3517 1144 3611 1197 τοῦ
3675 1145 3899 1212 ἀνδρὸς,

2321 1235 2368 1286 εί
2391 1234 2465 1304 μὴ
2493 1237 2696 1297 ἐκεῖνος
2729 1236 2971 1305 βούλοιτο
2994 1251 3010 1268 ο
3040 1238 3130 1288 τὸν
3156 1237 3211 1289 δὲ
3240 1238 3408 1305 ἀνδρα
3433 1239 3524 1289 καὶ
3559 1237 3901 1304 πορνεύοντα

2321 1329 2414 1378 καὶ
2453 1329 2828 1394 μοιχεύοντα-Ι]
2885 1327 3020 1396 γυνὴ
3064 1330 3283 1396 ἀφεῖναι
3335 1329 3396 1381 οὐ
3448 1328 3698 1380 δύναται.
3769 1327 3881 1377 Καὶ

2320 1417 2504 1470 λοιπὸν
2533 1418 2582 1468 εί
2608 1418 2634 1468 6
2665 1418 2886 1484 ἀφεθεὶς
2913 1419 3074 1488 ἑτέρα
3117 1421 3446 1484 συνοικήσει,
3494 1420 3526 1487 ἡ
3551 1419 3725 1484 τούτῳ
3767 1433 3900 1468 συν-

2321 1509 2557 1575 αφθεῖσα
2606 1509 2667 1559 οὑ
2703 1509 3051 1576 κριθήσεται.
3104 1510 3258 1576 φησὶ,
3343 1508 3610 1576 μοιχαλίς.
3666 1508 3739 1559 Τὸ
3785 1507 3902 1575 γὰρ

2323 1596 2624 1664 ἀμάρτημα
2675 1594 2776 1661 τῆς
2842 1595 3245 1664 καταλειψάσης
3302 1595 3392 1646 τὸν
3447 1595 3648 1645 οίκεῖον
3720 1593 3902 1658 ἀνδρα

2323 1686 2490 1738 ἐστίν.
2519 1686 2593 1738 Οὐ
2619 1685 2729 1754 γὰρ
2753 1687 2966 1752 ἐφεῖται
2993 1685 3131 1754 αὐτῇ
3167 1684 3503 1751 ἀφίστασθαι
3524 1683 3617 1735 τοῦ
3653 1683 3852 1750 ἀνδρός
3881 1696 3898 1708 ⁸

2323 1774 2439 1826 ἀλλ’
2473 1776 2579 1827 εἴτε
2612 1776 2822 1842 πικρῶς
2866 1775 3002 1843 αύτῇ
3059 1774 3443 1844 προσφέρεται,
3507 1774 3695 1841 φέρειν
3751 1773 3888 1840 χρὴ.

2322 1865 2429 1916 εῖτε
2465 1867 2544 1925 είς
2579 1866 2837 1932 χρήματα
2868 1863 3160 1930 ζημιοῦται
3186 1863 3284 1931 τὴν
3318 1865 3516 1930 προῖκα
3548 1862 3887 1928 δαπανωμέ-

2322 1969 2422 2022 νην
2451 1952 2633 2020 ὁρῶσα
2664 1969 2676 1982 ·
2711 1954 2818 2005 είτε
2849 1953 3138 2020 ζηλοτυπεῖ
3164 1953 3251 2003 διὰ
3275 1952 3335 2002 τὸ
3359 1953 3576 2016 ἑτέραις
3604 1952 3694 2002 τὸν
3722 1951 3902 2017 ἄνδρα

2327 2042 2781 2110 συμφθείρεσθαι,
2816 2044 3102 2111 καρτερεῖν
3152 2043 3232 2094 δεῖ
3281 2042 3374 2093 καὶ
3414 2042 3506 2092 τού
3555 2041 3750 2109 ἀνδρὸς
3816 2039 3902 2106 μὴ

2323 2132 2677 2201 χωρίζεσθαι.
2736 2133 2796 2184 El
2854 2133 2986 2201 γὰρ,
3047 2133 3277 2185 ἀπίστου
3337 2132 3445 2183 τῶν
3496 2131 3901 2182 συνοικούντων

2323 2225 2472 2284 ὄντος
2532 2224 2780 2292 θατέρου,
2836 2224 2896 2274 τὸ
2961 2225 3146 2292 ἕτερον
3195 2224 3484 2292 πρόσωπον
3551 2221 3900 2292 χωρισθῆναι

2323 2313 2492 2366 αὑτοῦ
2519 2315 2743 2374 ἄκοντος
2774 2315 3103 2372 κεκώλυται.
3135 2318 3274 2368 κατά
3304 2314 3394 2368 τὸν
3444 2316 3713 2383 μακάριον
3745 2311 3900 2363 Παῦ-

2325 2405 2414 2455 λον
2439 2420 2450 2432 ·
2482 2406 2596 2465 πῶς
2629 2406 2919 2468 ἀνεύθυνος
2949 2407 3102 2458 ἔσται
3147 2407 3175 2458 6
3221 2407 3288 2458 δι’
3324 2408 3518 2476 ἑτέραν
3549 2405 3730 2457 αἰτίαν
3751 2404 3902 2455 λύων

2322 2495 2420 2564 τὴν
2453 2495 2751 2562 συζυγίανς
2782 2497 2944 2548 Ὥστε
2998 2499 3030 2565 ἠ
3081 2500 3364 2550 ἀποστᾶσα
3419 2496 3513 2548 τοῦ
3569 2496 3787 2564 ἀνδρὸς.
3847 2495 3899 2544 εί

2323 2586 2466 2653 ἄλλῳ
2498 2585 2796 2656 συνῴκησε,
2858 2588 3101 2655 μοιχαλὶς
3128 2588 3419 2652 λογίζεται.
3463 2586 3523 2638 Ἦ
3551 2587 3606 2637 δὲ
3631 2585 3708 2652 τῷ
3727 2601 3900 2636 κατα-

2324 2673 2602 2740 λειφθέντι
2637 2674 2792 2742 ἀνδρὶ
2846 2677 3270 2727 συνευνασθεῖσα
3324 2675 3594 2743 νομίμως,
3645 2673 3769 2724 οὕτε
3817 2672 3900 2733 ὡς

2329 2764 2578 2832 μοιχαλὶς
2616 2763 2740 2816 οὔτε
2789 2767 2862 2826 ὠς
2926 2765 3276 2834 πορνεύσασα
3324 2766 3741 2832 κατακρίνεται.
3788 2764 3902 2815 Καὶ

2325 2857 2352 2905 6
2376 2855 2514 2922 ἀνὴρ
2561 2854 2638 2917 δὲ,
2671 2855 2770 2922 τὴν
2801 2854 2996 2906 ἑαυτοῦ
3035 2859 3264 2917 γυναῖκα
3317 2856 3616 2916 ἀπολύσας,
3646 2855 3742 2905 καὶ
3776 2855 3901 2905 ἑτέ-

2332 2957 2426 3009 ραν
2451 2936 2917 3006 είσοικισάμενοξ,
2965 2945 3150 3010 μοιχός
3188 2942 3326 3007 ἐστι,
3379 2947 3472 2995 καὶ
3509 2945 3606 3010 τὴν
3655 2947 3898 3008 γυναῖκα

2331 3027 2618 3096 μοιχαλίδα
2651 3031 2812 3089 ποιεῖ,
2848 3031 2992 3096 ἀλλῳ
3040 3034 3398 3098 μιγνυμένην.
3448 3033 3557 3083 Καὶ
3591 3033 3623 3099 ἡ
3650 3032 3726 3098 τῷ
3783 3049 3899 3083 16t-

2328 3119 2469 3186 ούτῳ
2491 3118 2544 3170 δὲ
2575 3119 2727 3186 ἀνδρὶ
2753 3121 3145 3187 συνοικήσασα,
3176 3121 3235 3169 ἑν
3262 3121 3461 3188 είδήσει
3488 3121 3581 3172 τοῦ
3624 3120 3898 3172 ἀπολῦσαι

2323 3209 2483 3263 αὑτὸν
2523 3209 2587 3278 ἣν
2655 3206 2768 3277 εἶχε
2811 3211 3066 3272 γυναῖκα,
3104 3210 3349 3278 μοιχαλίς
3377 3211 3547 3262 δστιν.
3587 3210 3903 3278 Ἀλλότριον

2325 3301 2433 3368 γὰρ
2462 3299 2630 3366 ἀνδρα
2663 3299 2794 3366 πρὸς
2825 3299 3026 3366 ἑαυτὴν
3053 3300 3409 3370 μετέστησεν.
3458 3301 3621 3352 Ἀλλά
3670 3299 3844 3351 ταῦτα
3873 3301 3902 3350 6

2327 3391 2497 3460 μέγας
2531 3386 2682 3451 οὗτός
2713 3405 2844 3458 φησι
2880 3391 3069 3457 Πατὴρ
3134 3394 3274 3444 κατά
3315 3392 3374 3442 τὸ
3404 3392 3712 3459 τηνικαῦτα
3765 3408 3903 3458 κρα-

2324 3480 2451 3532 τοῦν
2489 3479 2949 3548 ἐκκλησιαστικὸν
2985 3479 3122 3539 ἔθος.
3166 3479 3258 3530 Ἐκ
3309 3480 3362 3530 δὲ
3389 3480 3487 3546 τῆς
3537 3479 3675 3547 μετά
3722 3481 3897 3530 ταῦτα

2326 3571 2452 3637 περὶ
2477 3569 2684 3630 λύσεως
2715 3570 2908 3636 γάμων
2964 3567 3375 3635 ὲκφωνηθείσης
3412 3568 3631 3634 Νεαρᾶς
3665 3567 3757 3619 τοῦ
3795 3569 3898 3635 βα-

2327 3662 2515 3724 σιλέως
2555 3660 2956 3724 Ίουστινιανοῦ,
2987 3661 3083 3728 τῆς
3114 3662 3371 3728 κειμένης
3403 3661 3482 3719 είς
3530 3660 3737 3727 βιϐλίον
3773 3661 3884 3711 τῶν

2326 3751 2628 3803 Βασιλικῶν
2672 3749 2778 3817 κη’,
2814 3751 2950 3803 τίτλ.
2981 3748 3050 3812 ζ’,
3109 3750 3244 3820 πρὸς
3293 3751 3414 3809 ταῖς
3469 3749 3656 3810 ἄλλαις
3694 3749 3901 3810 αίτίαις

2325 3843 2445 3902 ταῖς
2472 3841 2538 3892 δι’
2568 3841 2633 3902 ἀς
2667 3839 2816 3891 λύειν
2836 3841 2952 3900 ταῖς
2988 3838 3196 3905 γυναιξὶ
3221 3839 3290 3890 τά
3318 3840 3626 3890 συνοικέσια
3668 3839 3898 3900 δίδοται,

2331 3933 2427 3982 καὶ
2462 3931 2523 3982 τὸ
2551 3933 2608 3983 ὲν
2639 3935 2704 3999 τῇ
2736 3931 2870 3997 αὐτῇ
2891 3931 3038 3998 οίκία
3065 3930 3097 3997 ἢ
3124 3929 3273 3981 πόλει
3309 3929 3398 3981 τὸν
3430 3929 3596 3997 ἀνδρα
3629 3931 3902 3996 συμφθεί-

2335 4024 2520 4094 ρεσθαι
2551 4025 2768 4090 γυναικὶ
2795 4023 2952 4092 ἄλλῃ,
2984 4020 3422 4088 ἐπιφωνούμενον
3451 4020 3601 4086 παρά
3659 4019 3755 4070 τοῦ
3798 4021 3901 4087 μέ-

2334 4133 2458 4187 ρους
2498 4115 2596 4183 τῆς
2625 4115 2882 4180 γυναικὸς
2911 4114 2983 4182 μὴ
3013 4112 3341 4178 ἀφίστασθαι
3374 4112 3471 4179 τῆς
3504 4111 3644 4179 πρὸς
3681 4111 3900 4179 ἐκείνην

2330 4205 2568 4272 ὁμιλίας,
2611 4204 2757 4255 λύειν
2791 4205 2916 4264 τοὺς
2967 4203 3177 4272 γάμους
3229 4204 3351 4263 ταῖς
3399 4201 3630 4268 γυναιξὶ·
3659 4201 3753 4252 διὰ
3802 4202 3901 4267 τὴν

2333 4295 2668 4363 ζηλοτυπίαν
2700 4293 2939 4361 ἐφίησιν.

2404 4385 2623 4438 ΑΡΙΣΤ.
2655 4386 2809 4436 Κατά
2840 4385 2930 4434 τὸν
2956 4383 3048 4436 τοῦ
3087 4383 3287 4452 Κυρίου
3325 4384 3483 4450 λόγον
3542 4384 3676 4443 ῖσως
3731 4398 3902 4432 κατα-

2335 4475 2618 4538 δικάζεται
2649 4474 2744 4524 καὶ
2775 4475 2934 4542 ἀνὴρ,
2966 4475 3058 4526 καὶ
3089 4473 3247 4543 γυνὴ,
3295 4473 3414 4542 δίχα
3475 4473 3734 4541 πορνείας
3768 4479 3902 4525 ἀποο

2336 4561 2690 4628 ζευγνύμενοι
2714 4578 2728 4592 ο
2764 4563 2795 4630 ἡ
2829 4562 2881 4614 δὲ
2913 4562 3170 4632 συνήθεια
3189 4564 3278 4614 τὶν
3314 4561 3500 4630 μοιχὸν
3528 4561 3623 4614 καὶ
3650 4562 3741 4612 τὸν
3772 4561 3904 4630 πόρ-

2334 4669 2422 4705 νον
2451 4651 2793 4714 διαξεύγνυσι
2824 4652 2931 4702 τῶν
2963 4651 3232 4720 συμϐίων.
3284 4652 3344 4703 El
3387 4652 3442 4703 δέ
3483 4667 3565 4713 τις
3594 4653 3782 4720 ἀφέτῳ
3812 4654 3904 4704 ἀνι

2333 4743 2418 4810 δρὶ
2450 4740 2791 4809 συζευχθείη,
2837 4741 2938 4792 οὐκ
2995 4739 3072 4792 ἔνι
3121 4741 3286 4809 τυχὸν
3341 4741 3619 4809 μοιχαλίς·
3685 4741 3746 4792 τὸ
3795 4743 3902 4810 γὰρ

2339 4833 2508 4883 αίτιον
2539 4833 2630 4884 ἐπὶ
2657 4832 2754 4900 τὴν
2781 4832 2990 4897 ἀλόγως
3021 4833 3246 4897 ἀφεῖσαν
3271 4847 3287 4862 ο
3320 4832 3350 4899 ἢ
3383 4831 3476 4882 καὶ
3532 4831 3805 4898 μοιχαλὶς,
3855 4833 3901 4880 εἰ

2340 4921 2476 4989 πρὸς
2513 4921 2700 4988 ἕτερον
2735 4919 3042 4984 ζεύγνυται.
3084 4920 3142 4972 Ὀ
3169 4921 3224 4972 δὲ
3281 4921 3498 4987 ἀφεθεὶς
3531 4919 3900 4985 συγγνωστός.

2347 5010 2403 5060 '0
2435 5008 2491 5060 δὲ
2521 5008 2617 5076 τὴν
2638 5011 2872 5074 γυναῖκα
2918 5007 3116 5071 λιπὼν,
3156 5009 3250 5061 καὶ
3286 5008 3373 5060 ἐπ’
3422 5008 3590 5076 ἀλλην
3653 5009 3770 5069 ίὼν,
3810 5008 3903 5058 καὶ

2336 5099 2496 5158 αὐτὸς
2535 5099 2740 5166 μοιχὸς,
2771 5100 2863 5150 καὶ
2890 5099 3058 5166 αὐτὴν
3114 5097 3512 5167 μεμοιχεῦσθαι
3541 5099 3706 5158 ποιεῖ,
3741 5096 3836 5149 καὶ
3869 5098 3901 5164 ἡ

2335 5187 2482 5254 αύτῷ
2513 5187 2836 5240 συνοικοῦσα
2868 5189 3025 5257 γυνή.

2406 5365 2464 5414 Εἰ
2500 5364 2588 5413 καὶ
2617 5365 2643 5412 6
2669 5361 2868 5429 Κύριος
2902 5363 2992 5412 τὸν
3039 5363 3204 5431 ἀνδρα
3258 5363 3349 5414 τὸν
3386 5363 3774 5432 ὃιαζευχθέντα
3805 5366 3904 5435 τῆς

2343 5454 2477 5514 ίόίας
2500 5453 2756 5519 γυναικὸς
2805 5453 3101 5518 (παρεκτὸς
3145 5452 3301 5519 λόγου
3345 5455 3621 5524 πορνείας)
3662 5457 3757 5508 καὶ
3808 5456 3904 5525 τὴν

2341 5545 2576 5610 γυναῖκα
2604 5541 2905 5608 ἀνευλόγως
2945 5543 3036 5594 τοῦ
3097 5543 3226 5595 ἰδίου
3287 5545 3654 5614 χωρισθεῖσαν
3716 5545 3906 5616 ἀνδρὸς

2337 5633 2690 5692 καταδικάζει
2725 5634 2916 5702 ἐπίσης
2942 5649 2956 5664 ⁸
2992 5634 3103 5685 ἀλλ’
3168 5638 3201 5703 η
3243 5635 3500 5703 συνήθεια
3533 5637 3566 5704 ἡ
3615 5637 3901 5704 ἐκκλησιαο

2330 5722 2493 5790 nixi;
2525 5722 2695 5782 ἄλλως
2715 5721 2871 5774 τοῦτο
2903 5727 3224 5791 προστάττει
3246 5724 3488 5791 γίνεσθαι
3511 5742 3526 5756 ο
3548 5725 3641 5777 τὸν
3675 5725 3770 5794 μὲν
3796 5727 3903 5796 γὰρ
