4124 6458
702 390 806 454 δι’]

1921 387 2018 447 TE
2028 385 2196 446 EOD.
2225 383 2312 442 BA
2324 385 2454 444 LSA
2464 386 2621 446 .‘ilON

3832 383 3934 449 εει

694 514 1085 583 dispensationi
1124 516 1167 566 si
1207 516 1456 574 cesserit,
1516 511 1564 562 id
1597 513 1643 564 ei
1695 509 1914 578 perjurii
1971 511 2086 563 loco
2133 525 2237 564 non

2386 515 2544 584 νομία
2565 517 2641 576 εις
2665 515 2942 585 ἐπιορκίαν
2966 512 3111 583 αύτῷ
3141 514 3202 565 ού
3236 513 3631 583 λογισθήσεται,
3665 512 3751 566 διὰ
3779 514 3840 566 τὸ
3872 517 3935 582 μὶ

689 605 1061 674 imputabitur.
1095 593 1290 672 quippe
1314 605 1436 670 quia
1460 600 1805 668 jnrijnrando
1833 601 2105 668 adjectum
2131 617 2237 654 non

689 705 769 746 est
807 709 870 746 ne
897 693 1172 761 paululum
1205 692 1420 758 quidem
1451 689 1718 743 .‘iliudanis
1746 705 2110 752 recessurum,
2145 693 2238 742 sed

687 784 944 849 deinceps
971 796 1406 849 permansurum.
1439 779 1548 833 Nos
1576 789 1753 834 autem
1781 779 1982 832 Severo
2012 780 2239 832 oblivio-

687 887 810 925 nem
843 874 1087 924 causanti
1127 872 1206 924 sic
1246 872 1604 940 ignoscemus,
1639 878 1694 922 ut
1729 885 1850 922 eum
1895 885 2236 929 maneamus,

689 962 1026 1012 occoltorum
1051 960 1380 1026 cognitorem
1412 973 1564 1010 suam
1595 958 1765 1024 ipsius
1800 957 2097 1010 Ecclesiam
2132 971 2239 1008 non

687 1064 975 1117 passurum
1031 1049 1097 1099 ab
1151 1046 1413 1114 ejusmodi
1470 1045 1689 1098 homine
1741 1043 2055 1097 labefactari
2095 1062 2107 1096 :
2147 1043 2240 1111 qui

687 1148 881 1204 praeter
904 1152 1142 1189 canones
1178 1137 1244 1186 ab
1269 1136 1423 1186 initio
1456 1134 1602 1194 ficit,
1639 1147 1702 1185 ac
1733 1132 2089 1199 jurejurando
2112 1146 2241 1184 con-

687 1237 772 1280 tra
832 1228 1120 1294 Evangelia
1180 1228 1468 1292 astringit,
1530 1233 1584 1277 et
1639 1224 1932 1290 pcrjurium
2007 1221 2240 1276 transfe-

685 1318 858 1372 rendo
885 1317 1093 1378 edocet,
1128 1331 1190 1368 ac
1222 1325 1515 1383 postremo,
1548 1314 1673 1366 dum
1711 1315 2031 1367 oblivionem
2067 1315 2240 1368 simu-

684 1409 783 1466 lat.
818 1409 1097 1460 mentitur.
1143 1406 1248 1458 Sed
1297 1406 1554 1472 quoniam
1604 1405 1847 1456 cordium
1878 1405 2089 1471 judices
2136 1419 2242 1456 non

687 1511 898 1553 sumus.
937 1494 1030 1547 sed
1070 1510 1135 1547 ex
1192 1494 1256 1545 iis
1305 1503 1422 1559 quae
1478 1492 1749 1553 audimus,
1778 1492 2112 1558 judicamus,
2150 1492 2244 1544 de-

684 1601 812 1639 )nus
841 1584 1069 1638 Domino
1110 1584 1423 1644 vindictam,
1461 1599 1692 1650 eumque
1725 1584 1858 1634 citra
1891 1599 2117 1636 examen
2153 1600 2244 1637 su-

687 1676 1007 1744 spiciamus,
1046 1675 1282 1727 humano
1315 1675 1466 1734 vitio,
1516 1673 1773 1726 oblivioni
1822 1674 2052 1735 scilicet,
2093 1666 2244 1742 ignd-

687 1771 927 1817 scentes.

755 1871 866 1939 66
900 1869 1092 1922 BALS.
1129 1869 1355 1935 Quidam
1399 1879 1451 1920 nt
1485 1869 1866 1924 ordinarentur
1911 1867 2121 1923 evocati
2171 1867 2253 1934 ju-

2386 605 2733 674 προσκεῖσθαι
2768 604 2845 674 τῷ
2878 607 3051 674 ὅρκῳ,
3097 602 3229 672 μηδὲ
3273 602 3406 672 πρὸς
3447 602 3616 672 βραχὺ
3657 605 3935 673 ἀναχωρή-

2395 714 2494 749 raw
2670 696 2975 758 Μινδάνων,
3004 695 3138 746 ἀλλὰ
3169 695 3500 763 παραμενεῖν
3528 695 3604 754 είς
3631 691 3688 744 τὸ
3719 694 3933 761 ἐφεξῆς.

2383 787 2603 856 Σευήρῳ
2634 786 2710 848 δὲ,
2739 783 3185 853 προφασιζομένῳ
3205 784 3300 852 τὴν
3319 782 3506 851 λήθην,
3547 785 3703 851 ἡμεῖς
3730 798 3937 850 συγχω-

2383 877 2640 944 ρήσομεν,
2676 875 2934 936 εἰπόντες,
2955 875 3035 926 ὅτι
3061 874 3168 924 τῶν
3193 873 3446 942 κρυπτῶν
3471 873 3713 940 γνὼστης
3742 873 3803 923 οὐ
3844 887 3937 921 1:2-

2385 963 2622 1030 ριόψεται
2659 963 2756 1030 τὴν
2787 960 2978 1014 ἑαυτοῦ
3007 961 3322 1028 Ἐκκλησίαν
3357 959 3459 1010 ὑπὸ
3483 959 3721 1011 τοιούτου
3751 961 3937 1026 λυμαισ

2381 1053 2634 1122 νομένην·
2683 1051 2957 1113 ποιοῦντος
3005 1052 3099 1121 μὲν
3143 1050 3499 1110 ἁκανονίστως
3540 1049 3600 1099 τὸ
3631 1048 3688 1110 ἐξ
3725 1047 3932 1116 ἀρχῆς,

2379 1145 2524 1214 ὅρκῳ
2547 1144 2600 1194 δὲ
2630 1141 3089 1210 καταδεσμοῧντος
3122 1140 3268 1209 παρὰ
3294 1139 3358 1190 τὰ
3380 1138 3700 1205 Εύαγγέλιω
3729 1153 3934 1204 παρορ-

2379 1239 2491 1289 κεῖν
2523 1236 2580 1288 δὲ
2613 1235 2949 1295 διδάσκοντος
2987 1233 3050 1284 δι’
3084 1225 3158 1284 ὧν
3197 1230 3485 1299 μετετέθη,
3523 1228 3854 1295 ψευδομένου
3883 1227 3937 1278 δὲ

2377 1323 2471 1376 νῦν
2491 1323 2556 1376 δι’
2592 1315 2665 1374 ὧν
2851 1322 2946 1390 τὴν
2983 1320 3150 1389 λήθην
3189 1317 3594 1386 σχηματίξεται.
3628 1314 3848 1381 Ἐπειδὴ
3881 1313 3937 1363 δὲ

2376 1414 2474 1464 οὐκ
2511 1411 2675 1480 ἐσμὲν
2701 1410 2932 1478 καρδιῶν
2956 1408 3159 1478 κριταὶ,
3192 1406 3304 1459 ἀλλ’
3343 1405 3398 1469 ἐξ
3425 1398 3498 1455 ὧν
3521 1402 3789 1470 ἀκούομεν
3822 1401 3938 1469 κρί-

2377 1518 2568 1569 νομεν·
2615 1500 2792 1569 δῶμεν
2837 1498 2914 1568 τῷ
2960 1498 3148 1566 Κυρίῳ
3187 1495 3283 1564 τὴν
3331 1494 3631 1562 ἐκδίκησιν,
3688 1489 3843 1543 αὐτοὶ
3881 1487 3937 1540 δὲ

2376 1592 2696 1660 ἀδιακρίτως
2723 1589 2882 1639 αὐτὸν
2911 1586 3217 1656 δεξώμεθα,
3254 1581 3576 1651 συγγνώμην
3609 1580 3792 1639 δόντες
3845 1578 3937 1628 ἀν·-

2376 1681 2627 1750 θρωπίνῳ
2664 1678 2846 1742 πάθει,
2879 1680 2942 1745 τῇ
2969 1675 3125 1745 λήθη.

2439 1864 2631 1917 ΒᾹΛΣ.
2666 1863 2823 1926 Τινὲς
2845 1866 2926 1926 είς
2948 1864 3008 1915 τὸ
3037 1860 3482 1931 χειροτονηθῆναι
3517 1853 3934 1927 μετακαλούμε-

680 1974 872 2018 raruut
899 1977 956 2015 se
987 1962 1381 2016 ordinationem
1410 1977 1519 2015 non
1573 1961 1921 2015 admissuros.
1953 1960 2090 2013 Dicit
2125 1973 2253 2026 ergo

2366 1956 2823 2026 νοι,ἐξωμνύοντο
2867 1955 2943 2024 μὴ
2985 1951 3382 2016 καταδέξασθαι
3428 1951 3528 2018 τὴν
3564 1949 3936 2019 χειροτονίαν.

683 2068 907 2109 sanctus
945 2070 1050 2109 non
1081 2063 1330 2122 oportere
1371 2069 1464 2106 eos
1510 2053 1625 2123 cogi
1656 2052 1915 2121 pejerare.
1949 2049 2061 2103 Etsi
2087 2047 2250 2111 enim,

683 2149 881 2216 inquit,
918 2147 1164 2200 videatur
1195 2145 1284 2207 iis,
1325 2144 1413 2212 qui
1463 2160 1528 2198 ex
1573 2159 1631 2197 se
1684 2144 1816 2212 ipsis
1841 2142 2114 2211 jurarunt,
2168 2137 2254 2192 vel

684 2240 775 2309 qui
829 2238 1045 2305 aliquod
1079 2238 1178 2291 sibi
1207 2237 1480 2290 vinculum
1523 2235 1848 2302 injecerunt,
1894 2232 1981 2286 vel
2033 2244 2251 2284 carnem

687 2313 794 2384 non
828 2332 1168 2392 comedendi,
1211 2331 1292 2384 vel
1331 2331 1512 2382 vinum
1570 2344 1671 2380 non
1730 2323 1970 2390 bibendi,
2022 2322 2104 2376 vel
2155 2337 2254 2376 nec

687 2423 816 2477 illud
853 2421 1107 2484 faciendi,
1141 2422 1302 2476 licere
1335 2435 1522 2474 rursus
1563 2417 1836 2470 vinculum
1887 2415 2116 2477 solvere,
2143 2420 2197 2465 et
2225 2427 2252 2463 a

683 2513 1040 2579 jurejurando
1087 2510 1352 2573 deficere;
1415 2509 1508 2562 sed
1560 2505 1894 2573 experientia
1947 2503 2253 2563 didicimus,

691 2604 858 2672 quod,
892 2605 982 2671 qni
1019 2604 1345 2671 pejerarunt,
1379 2615 1484 2653 non
1513 2607 1656 2652 recta
1692 2607 1819 2652 sunt
1863 2596 1916 2649 in
1963 2595 2045 2647 via
2099 2595 2190 2647 sed
2226 2606 2256 2644 ε

690 2694 804 2747 Deo
836 2695 1088 2747 sinuntur
1137 2700 1358 2759 propter
1409 2690 1705 2758 perjurium
1762 2687 1978 2743 tentari.
2032 2684 2257 2754 Oportet

691 2796 895 2849 autem,
929 2785 1123 2852 inquit,
1162 2784 1213 2836 in
1257 2782 1341 2835 his
1389 2781 1677 2849 juramenti
1729 2779 1954 2832 formam
1991 2790 2254 2846 quarere,

691 2894 761 2930 an
804 2877 856 2929 in
887 2877 1048 2928 Deum
1080 2875 1270 2937 jurans
1301 2871 1516 2930 dixerit,
1551 2885 1618 2922 an
1654 2869 1706 2921 in
1753 2867 1952 2935 aliquid
2008 2863 2173 2927 aliud,
2204 2872 2256 2916 et

692 2969 853 3022 verba
888 2966 1004 3033 ejus
1037 2966 1124 3034 qui
1153 2963 1374 3034 juravit.
1407 2972 1460 3016 et
1482 2960 1820 3015 atl‘ectionetn
1846 2973 2004 3026 quam
2033 2955 2257 3023 juravit,

693 3069 746 3111 et
785 3058 945 3112 etiam
974 3057 1191 3109 subtilia
1223 3056 1277 3108 in
1327 3053 1506 3107 verbis
1554 3051 1940 3105 additamenta.
1989 3045 2083 3099 Est
2115 3043 2256 3096 enim

693 3159 1118 3202 consentaneum
1147 3161 1210 3200 ex
1237 3144 1556 3198 sacramenti
1581 3141 1860 3212 qualitate,
1891 3148 1943 3194 et
1970 3153 2033 3191 ex
2059 3135 2254 3193 verbis.

2357 2049 2494 2110 Τοὺς
2524 2048 2616 2100 οὖν
2652 2049 2923 2109 τοιούτους
2948 2045 3096 2114 λέγει
3133 2047 3161 2096 6
3199 2045 3356 2110 ἅγιος
3406 2042 3482 2110 μὴ
3533 2041 3642 2092 δεῖν
3691 2040 3941 2106 ἀναγκά-

2358 2139 2547 2203 ζεσθαι
2580 2139 2879 2208 ἐπιορκεῖν.
2913 2137 3032 2191 Κᾶν
3057 2135 3166 2204 γάρ
3186 2134 3337 2202 δοκῇ,
3368 2131 3553 2200 φησιν,
3587 2128 3792 2195 ἐξεῖναι
3824 2130 3941 2190 τοῖς

2355 2231 2448 2299 ἀφ’
2477 2231 2687 2285 ἑαυτῶν
2717 2231 2980 2302 ὀμόσασιν
3016 2228 3048 2298 ἦ
3081 2227 3278 2296 δεσμόν
3297 2241 3416 2277 τινα
3465 2223 3680 2284 ἑαυτοῖς
3734 2220 3937 2273 ἐπιδα-

2355 2320 2560 2384 λοῦσιν,
2593 2322 2670 2386 ῶς
2700 2323 2774 2393 μὴ
2803 2321 3002 2390 φαγεῖν
3033 2317 3220 2388 κρέας,
3261 2315 3295 2383 ἢ
3349 2315 3494 2366 πιεῖν
3555 2305 3723 2374 οἶνον,
3761 2309 3795 2378 ἢ
3862 2311 3939 2377 μὴ

2355 2413 2474 2465 τόδε
2504 2413 2752 2481 ποιῆσαι,
2801 2411 2950 2464 λύειν
2987 2408 3154 2462 πάλιν
3182 2407 3276 2473 ἀφ’
3315 2404 3527 2458 ἑαυτῶν
3562 2404 3653 2455 τὸν
3709 2401 3936 2469 δεσμὸν,

2358 2504 2453 2557 καὶ
2479 2502 2571 2557 τοῦ
2595 2505 2758 2573 ὅρκου
2789 2498 3145 2569 άφίστασθαν
3167 2497 3282 2551 ἀλλ’
3315 2497 3378 2548 ὲκ
3411 2495 3607 2564 πείρας
3655 2491 3940 2561 ἐμάθομεν

2357 2596 2441 2648 ὅτι
2474 2595 2925 2664 παρορκήσαντες
2973 2591 3072 2643 ούκ
3131 2586 3458 2651 εύοδοῦνται,
3508 2583 3626 2636 ἀλλ’
3679 2580 3786 2634 ὑπὸ
3843 2577 3938 2629 τοῦ

2360 2684 2493 2738 Θεοῦ
2556 2682 3012 2753 παραχωροῦνται
3059 2678 3427 2748 πειρασθῆναι
3472 2674 3561 2726 διὰ
3594 2673 3694 2740 τὴν
3749 2671 3940 2734 ἐπιορ-

2359 2777 2500 2830 κίαν.
2540 2778 2632 2828 Δεῖ
2654 2776 2733 2838 δὲ,
2771 2775 2959 2844 φησιν,
3004 2771 3230 2825 ἐπὶτῶν
3256 2767 3526 2821 τοιούτων
3553 2765 3646 2816 καὶ
3681 2762 3746 2813 τδ
3776 2755 3942 2824 εἶδος,

2359 2865 2452 2918 τοῦ
2495 2867 2659 2934 ὅρκου
2697 2864 2944 2928 σκοπεῖν,
2985 2861 3084 2913 εἴτ’
3140 2856 3236 2912 οὖν
3290 2859 3340 2910 εί
3382 2855 3516 2908 Θεδν
3561 2851 3853 2918 ὠνόμασεν
3906 2846 3942 2898 6

2359 2955 2596 3023 ὀμνύων,
2627 2955 2811 3023 nemo
2845 2970 2919 3017 τι,
2971 2952 3064 3002 καὶ⁵
3107 2950 3176 3000 τὰ
3220 2947 3442 3017 ῥήματα
3497 2940 3592 2993 τοῦ
3633 2938 3936 3004 ὀμόσαντος

2359 3045 2454 3098 καὶ
2483 3044 2582 3113 τὴν
2613 3043 2853 3097 διάθεσιν
2886 3035 3064 3109 ἀφ’ἧς
3093 3038 3295 3105 ὤμοσε,
3330 3031 3544 3093 καὶτὰς
3567 3031 3709 3082 κατὰ
3740 3026 3944 3079 λεπτὸν

2361 3136 2418 3188 ὲν
2449 3137 2560 3197 τοῖς
2597 3135 2805 3203 ῥήμασι
2842 3131 3176 3200 προσθήκας.
3213 3128 3279 3178 Ὃ
3321 3123 3466 3185 εἰκὸς
3519 3121 3629 3188 γάρ
3677 3120 3832 3170 ἐστιν
3875 3118 3938 3168 ἐκ

694 3250 750 3293 et
779 3254 842 3290 ex
879 3237 1159 3290 affectione
1208 3237 1296 3303 (an
1356 3234 1563 3288 scilicet
1600 3210 1812 3302 pusillo
1846 3239 1901 3284 et
1943 3244 2047 3283 non
2105 3229 2253 3280 firmo

2366 3227 2458 3296 τῆς
2487 3225 2580 3280 τοῦ
2608 3227 2769 3295 ὅρκου
2808 3223 3108 3291 ποιότητος,
3146 3220 3238 3271 καὶ
3281 3220 3346 3269 ἐκ
3392 3214 3500 3266 τῶν
3550 3211 3817 3282 ῥημάτων
3845 3210 3938 3261 καὶ

693 3331 874 3384 animo
903 3329 1143 3397 juravit).
1181 3328 1584 3383 considerantes
1632 3322 2109 3392 comprehendere,
2151 3333 2255 3372 non

695 3419 970 3488 prohiberi
1003 3427 1251 3483 Oportere
1272 3430 1414 3477 eum,
1443 3414 1531 3483 qui
1553 3414 1775 3481 juravit,
1831 3428 1860 3465 a
1906 3410 2259 3481 jurejurando

694 3504 980 3556 desistere.
1009 3501 1101 3555 Sin
1145 3502 1264 3556 istis
1293 3501 1672 3562 consideratis,
1729 3515 1832 3553 non
1887 3508 1970 3554 est
2020 3497 2260 3552 invenire

695 3597 960 3649 rationem
994 3594 1228 3663 aliquam
1264 3608 1432 3661 quare
1483 3608 1509 3644 a
1557 3590 1908 3658 jurejurando
1953 3590 2257 3644 desisteret.

693 3693 908 3750 oportet
967 3683 1100 3736 tales
1149 3683 1444 3742 dimittere,
1527 3695 1594 3733 ne
1652 3677 1910 3746 pejerent.
1976 3674 2258 3745 Negotium

693 3782 874 3826 autem
914 3761 1125 3831 Severi.
1161 3787 1252 3826 seu
1309 3785 1467 3824 causa
1495 3779 1549 3823 et
1572 3776 1946 3838 argumentum
1977 3777 2093 3820 erat
2120 3765 2264 3832 ejus-

695 3865 838 3917 modi
877 3883 888 3916 :
925 3863 1196 3932 Longinus
1224 3863 1442 3931 quidam
1495 3859 1726 3914 habebat
1777 3873 1962 3928 agrum
2009 3856 2257 3910 Mindana

694 3958 894 4011 dictum
929 3956 1019 4025 qui
1051 3957 1267 4024 quidem
1299 3965 1414 4008 erat
1454 3953 1695 4007 Mesthia:
1739 3951 2069 4019 episcopatui
2127 3950 2259 4003 sub-

686 4050 916 4118 jectus:
977 4048 1212 4101 Severus
1261 4057 1464 4109 autem,
1526 4059 1648 4098 cum
1704 4053 1849 4097 esset
1919 4041 2256 4095 Masadarum

691 4141 998 4208 episcopus,
1031 4139 1321 4206 quemdam
1352 4135 1420 4206 (ἶ)
1435 4126 1647 4189 riacutn'
1684 4134 1953 4188 ordinavit
1984 4133 2258 4200 presbyte-

692 4247 811 4285 rum
839 4232 1042 4299 templi,
1076 4233 1216 4298 quod
1276 4240 1393 4283 erat
1450 4231 1501 4284 in
1557 4243 1704 4298 agro,
1735 4223 2088 4295 jurejurando
2113 4221 2262 4290 prius

693 4327 966 4390 adactum,
996 4323 1137 4391 quod
1172 4325 1221 4376 in
1279 4322 1475 4389 templo
1535 4327 1896 4389 permaneret,
1945 4317 2030 4371 vel
2084 4315 2261 4384 potius

693 4416 1021 4485 episc0patui
1049 4426 1190 4468 esset
1213 4413 1483 4481 subjectus
1511 4428 1524 4463 :
1561 4413 1656 4464 sed
1687 4410 1974 4477 episcopus
2002 4407 2257 4476 regionis,

693 4505 780 4557 etii
810 4515 927 4558 erat
978 4519 1104 4572 ager
1156 4502 1456 4570 subjectus,
1495 4499 1812 4566 prohibebat
1860 4496 2147 4566 Cyriacum
2193 4495 2260 4549 ab

695 4598 802 4650 alio
833 4596 1144 4648 ordinatum
1195 4606 1344 4647 sacra
1376 4591 1654 4646 celebrare
1701 4589 1752 4642 in
1785 4587 2015 4642 ecclesia
2048 4601 2166 4655 quae
2193 4585 2260 4638 ad

697 4689 870 4747 ipsum
900 4683 1224 4752 pertinebat,
1271 4691 1320 4735 et
1354 4682 1474 4734 ideo
1507 4680 1766 4749 Cyriaeus
1799 4691 1863 4732 ea
1922 4677 2104 4730 relicta
2155 4676 2262 4727 alio

698 4777 993 4829 translatus
1052 4785 1157 4827 est.
1217 4772 1382 4825 Porro
1437 4769 1713 4836 Longinus
1743 4783 1956 4837 quoque
2015 4767 2066 4820 id
2121 4780 2260 4833 argre

700 4869 879 4920 ferens
912 4868 1149 4918 minatus
1182 4873 1260 4916 est
1317 4852 1378 4916 se
1403 4862 1686 4914 ecclesiam
1715 4860 1982 4914 desertam
2037 4857 2260 4911 relictu-

699 4977 817 5014 rnm
874 4958 946 5011 De
977 4971 1036 5009 ea
1072 4972 1199 5024 ergo
1231 4969 1284 5007 re
1330 4953 1688 5019 interrogatus
1740 4965 1962 5028 magpus
2010 4947 2259 5008 Basilius,

697 5051 998 5120 respondit,
1030 5063 1214 5116 agrum
1256 5046 1340 5099 cui
1380 5045 1715 5098 renuntiatus
1753 5050 1834 5094 est
1869 5038 2150 5108 (Syriacus,
2210 5035 2260 5090 id

697 5153 806 5206 est,
836 5142 990 5208 cujus
1020 5140 1302 5210 presbyter
1331 5137 1642 5190 nominatus
1680 5141 1782 5193 est,
1840 5140 2086 5198 oportere
2142 5142 2262 5181 esse

701 5231 1044 5287 Masadarum
1080 5227 1408 5297 episcOpatui
1440 5224 1764 5290 subjectum,
1791 5217 1892 5274 etsi
1925 5228 2065 5272 esset
2123 5219 2262 5272 alius

700 5324 958 5390 regionis,
995 5330 1048 5375 et
1071 5321 1356 5388 Cyriacnm
1385 5319 1491 5372 illic
1521 5315 1739 5370 reverti.
1770 5314 1861 5366 Sic
1880 5307 2261 5377 enim,inqnit,

703 5429 802 5466 nec
831 5414 918 5465 ille
973 5411 1132 5464 faciet
1169 5419 1362 5476 przeter
1387 5418 1807 5468 sacramentum,
1837 5420 1935 5458 nec
1988 5403 2264 5469 Longinus

701 5502 985 5555 ecclesiam
1016 5502 1253 5561 deseret,
1303 5499 1402 5552 hoc
1449 5509 1527 5551 est
1567 5501 1831 5552 desertam
1887 5495 2148 5559 relinquet
2185 5489 2262 5540 vel

701 5597 862 5647 etiam
892 5594 1152 5656 destruet,
1208 5606 1303 5644 nec
1353 5605 1502 5643 suam
1553 5589 1787 5640 animam
1826 5594 2041 5654 propter
2094 5583 2262 5633 otium

702 5685 1100 5746 rnmtemnabit,
1159 5700 1252 5737 seu
1307 5683 1351 5734 ei
1405 5681 1670 5749 subjiciet,
1716 5677 1883 5746 utqui
1933 5675 2181 5743 precibus
2212 5683 2264 5725 ct

704 5780 899 5832 dixinis
933 5776 1146 5845 hymnis
1180 5790 1282 5829 non
1320 5781 1491 5836 vacet,
1529 5770 1619 5824 sed
1669 5769 1734 5823 ab
1780 5767 1858 5822 eis
1908 5773 2101 5820 cesset.
2161 5763 2265 5818 Nos

2361 3320 2460 3388 τῆς
2541 3316 2834 3376 διαθέσεως
2887 3313 2982 3382 (εί
3035 3310 3200 3380 τυχὸν
3257 3310 3319 3361 ἐκ
3383 3301 3791 3374 μικροψυχίας.
3843 3297 3940 3351 καὶ

2361 3409 2459 3460 οὐκ
2490 3405 2548 3470 ἐξ
2575 3403 2906 3474 ἀμεταθέτου
2941 3401 3165 3470 γνώμης
3197 3394 3427 3465 ὤμοσε),
3452 3389 3786 3446 καταλαϐεῖν
3807 3388 3937 3448 τοὺς

2364 3499 2720 3560 σκοποῦντας,
2744 3496 2816 3564 μὴ
2851 3491 3153 3546 κωλύεσθαι
3185 3492 3275 3541 τὸν
3308 3488 3580 3556 ὀμόσαντα
3619 3482 3930 3546 ἀποστῆναι

2361 3589 2454 3642 τοῦ
2477 3590 2662 3654 ὅρκου.
2714 3588 2776 3640 Et
2837 3585 2893 3636 δέ
2938 3585 3143 3635 τούτων
3189 3576 3579 3642 σκοπουμένων
3631 3572 3734 3622 ούκ
3789 3572 3937 3621 ἔστιν

2363 3681 2543 3748 εὑρεῖν
2571 3677 2922 3747 παραμυθίαν
2954 3673 3078 3727 τινὰ
3107 3672 3183 3730 el;
3210 3670 3267 3722 τὸ
3299 3667 3597 3732 ἀποστῆναι
3627 3660 3724 3713 τοῦ
3745 3662 3936 3728 ὅρκου,

2364 3771 2468 3839 χρὴ
2494 3771 2620 3832 τοὺς
2645 3768 2918 3829 τοιούτους
2941 3767 3055 3835 ὲᾷν,
3110 3763 3197 3815 ἵνα
3240 3759 3312 3829 μὴ
3368 3753 3692 3826 ὲπιορκῶσι.
3751 3751 3856 3839 Τὸ,

2363 3836 2506 3912 κατὰ
2538 3859 2628 3910 τὸν
2660 3856 2900 3925 Σεὸἧρον
2958 3855 3213 3923 πρᾶγμα,
3272 3848 3391 3918 ητοι
3450 3846 3484 3912 ὴ
3530 3840 3736 3910 πρᾶξις
3771 3836 3871 3889 καὶ
3904 3837 3941 3901 ἡ

2364 3951 2641 4013 ὑπόθεσις,
2679 3949 2921 4001 τοιοῦτον
2973 3941 3058 4014 ἦν.
3116 3939 3376 4008 Λογγῖνός
3427 3952 3514 3998 τις
3559 3927 3707 4001 εἶχεν
3762 3927 3934 3995 ἀγρδν

2362 4041 2606 4094 Μίνδανα
2692 4037 3026 4105 καλούμενον
3083 4037 3149 4104 τῇ
3203 4030 3474 4097 ἐπισκοπῇ
3516 4028 3615 4092 τῆς
3669 4019 3940 4080 Μισθείας

2365 4129 2757 4198 ὑποκείμενον·
2790 4127 3030 4195 Σεὸῆρος
3059 4125 3114 4177 δὲ
3170 4120 3442 4176 Μασάδων
3507 4115 3809 4171 ἐπίσκοπος
3861 4107 3936 4198 {of

2365 4194 2739 4288 ἐχειροτόνησε
2787 4194 3061 4286 Κυριακόν
3091 4229 3212 4264 τινα
3265 4211 3343 4270 είς
3401 4206 3492 4258 τὸν
3541 4206 3598 4254 ἐν
3645 4199 3739 4288 τῷν
3783 4194 3940 4288 ἀγξῷ

2348 4283 2496 4361 vim}
2524 4283 2914 4376 πρεσϐύτερον,
2955 4303 3231 4371 ὀμόσαντα
3281 4293 3624 4365 παραμένειν
3674 4287 3755 4355 τῷ
3791 4283 3933 4351 ναῷ,

2365 4402 2397 4472 ἢ
2439 4399 2643 4468 μᾶλλον
2689 4400 2752 4467 τῇ
2787 4397 3062 4462 ἐπισκοπῇ
3096 4391 3398 4445 ὑποτελεῖν.
3443 4382 3582 4472 Ἀλλ’
3693 4379 3796 4444 τῆς
3821 4379 3934 4472 ἐνο-

2371 4466 2490 4558 pits;
2516 4466 2836 4546 ἐπίσκοπος.
2938 4485 3197 4536 ὑπέκειτο
3249 4479 3277 4530 6
3327 4475 3516 4544 ἀγρὸς,
3557 4468 3803 4523 ἐκώλυσε
3844 4466 3936 4558 τον

2368 4555 2644 4648 Κυριακὺν
2675 4579 2979 4648 ἱερουργεῖν
3016 4575 3074 4626 ἐν
3103 4568 3369 4640 ἐκκλησίᾳ
3394 4559 3727 4631 διαφερούσῃ
3753 4555 3927 4648 αὐτῷ,

2366 4647 2492 4738 παρ’
2563 4647 2752 4738 ἐτέρου
2807 4664 3272 4738 χειροτονηθέντα.
3325 4659 3414 4710 Διὸ
3459 4656 3553 4706 καὶ
3613 4647 3933 4704 καταλιπὼν

2365 4761 2534 4830 αὐτὴν
2566 4763 2593 4813 6
2624 4759 2922 4829 Κυριακδς,
2950 4754 3212 4826 μετετέθη
3262 4747 3517 4818 ἀλλαχοῦ.
3549 4745 3660 4796 Καὶ
3689 4743 3718 4792 6
3740 4740 3937 4804 Λογγῖ·

2367 4869 2455 4914 νος
2489 4852 2574 4904 διὰ
2636 4850 2795 4903 τοῦτο
2845 4847 3186 4916 λυπούμενος
3241 4841 3453 4912 ἠπείλει
3499 4833 3794 4901 ἐρημῶσαι
3839 4831 3934 4916 τὴν

2365 4942 2685 5008 ἐκκλησίαν.
2723 4939 3048 5011 Ἐρωτηθεὶς
3069 4935 3199 5003 γοῦν
3221 4936 3249 4987 6
3291 4931 3464 5000 μέγας
3496 4923 3781 4981 Βασίλετος
3809 4915 3934 5011 ῖτεῲ

2365 5033 2578 5094 τούτου,
2613 5008 2967 5098 ἀπεκρίνατο,
3018 5027 3107 5079 τὸν
3167 5023 3356 5093 ἀγρὸν,
3417 5011 3460 5082 ᾧ
3511 5008 3868 5080 ἐπεκηρύχθη
3906 5008 3933 5057 ‘5

2366 5121 2664 5192 Κυριακδς,
2727 5123 2898 5188 ἧγουν
2942 5120 3021 5179 είς
3077 5117 3135 5169 6v
3193 5108 3486 5180 ὠνομάσθη
3537 5101 3930 5192 πρεσῦύτεροε,

2371 5186 2694 5280 ὑποτεθῆναι
2726 5186 2790 5279 τῇ
2839 5208 3109 5275 ἐπισκοπῇ
3147 5204 3256 5256 τῶν
3289 5198 3581 5258 Μασάδων,
3617 5193 3667 5244 εί
3697 5191 3793 5243 καὶ
3822 5186 3922 5280 ἐτί-

2368 5317 2468 5370 ρας
2497 5297 2564 5369 ἦν
2594 5274 2827 5368 ἐκορίας,
2863 5297 2954 5348 καὶ
2981 5274 3371 5360 τζινκυριακδν
3405 5283 3560 5342 αὖθις
3589 5274 3924 5370 ἐπαναστρὲ

2366 5365 2465 5461 ipsa
2502 5365 2634 5446 ἐκεῖ.
2669 5365 2825 5443 ὀῦτω
2866 5389 2997 5457 γὰρ,
3036 5387 3221 5454 φησιν,
3253 5379 3376 5433 οὕτε
3416 5376 3622 5434 ἐκεῖνος
3657 5367 3815 5461 παρά
3834 5365 3924 5417 τὸν

2367 5460 2527 5553 ὅρκον
2553 5485 2789 5550 ποιήσει,
2822 5477 2944 5531 οὔτε
2992 5479 3019 5530 6
3049 5475 3308 5541 Λογγῖνος
3338 5469 3436 5535 τὴν
3469 5462 3784 5553 ἐκκλησίαν⁸
3803 5460 3930 5553 ἐρη-

2373 5548 2563 5646 μώσει,
2599 5548 2718 5626 ἁντἺι⁵
2747 5571 2839 5624 τοῦ
2875 5571 3081 5639 ἔρημον
3123 5560 3462 5625 καταλείψει,
3492 5555 3526 5624 ἢ
3554 5555 3648 5605 καὶ
3687 5548 3925 5605 καθελεῖ,

2367 5667 2487 5720 οὐδὲ
2519 5667 2615 5734 τὴν
2640 5662 2831 5717 ἑαυτοῦ
2875 5663 3054 5730 ψυχὴν
3108 5658 3228 5716 ταῖς
3279 5651 3498 5720 ἀργίαις
3547 5642 3924 5697 καταδικάσει,

2371 5760 2536 5826 ἤγουν
2570 5753 2847 5813 ὑποϐαλεῖ,
2886 5752 2959 5815 τῷ
2997 5750 3070 5817 μὴ
3104 5744 3380 5815 σχολάζειν
3431 5739 3616 5807 εὐχαῖς
3673 5737 3768 5789 καὶ
3823 5730 3928 5789 τοῖς
