4124 6460
309 370 417 432 63.9

1313 373 1392 432 1N
1426 371 1660 432 EPIST.
1689 373 1748 431 S.
1795 367 2075 429 B.\SlLll
2114 369 2554 430 CANONICAM
2594 369 2642 431 Ι.

3455 369 3561 425 630

311 481 480 544 θείοις
514 481 725 550 ὕμνοις,
771 483 908 536 ἀλλά
939 483 1149 552 ἀργεῖν.
1196 485 1288 536 Ἐκ
1323 487 1528 537 τούτων
1578 485 1670 538 καὶ
1694 487 1877 553 ἡμεῖς,

2000 499 2232 552 quoque,
2263 485 2462 552 inquit,
2509 498 2627 552 qum
2667 483 2732 536 ad
2753 481 3036 551 (Syriacum
3096 477 3388 548 pcrtincnt,
3452 477 3560 528 dis-

309 575 503 639 φησιν,
535 574 939 642 οἰκονομοῦντες
990 578 1056 627 τά
1089 576 1229 630 κατὰ
1288 577 1378 629 τὸν
1439 578 1740 644 κυριακὸν,
1795 577 1886 628 καὶ

311 665 641 732 ἐπιστρέψαι
673 666 832 717 αὑτὸν
868 669 945 726 εἰς
981 666 1078 735 τὴν
1131 668 1452 736 ἐκκλησίαν,
1553 668 1767 737 ὤμοσεν
1795 671 1887 735 εγ-

316 757 630 822 καρτερεῖν,
663 757 1076 825 ἐπιτρέποντες,
1104 760 1163 810 οὐ
1197 760 1424 828 δόξομεν
1482 761 1631 829 παρά
1655 763 1888 822 κανόνας

317 849 517 906 ποιεῖν,
542 848 663 900 οὐδὲ
701 850 909 911 ἐκεῖνος
950 851 1312 917 παραϐαίνειν
1337 851 1427 904 τὸν
1451 853 1614 922 ὅρκον
1648 854 1886 922 κριθείη.

331 936 792 1005 Ἐπανερχόμενος
821 940 929 1010 γάρ
987 942 1134 994 δοκεῖ
1199 944 1498 1011 φυλάσσειν
1555 945 1644 996 τὸν
1703 945 1887 1014 ὅρκον,

315 1027 400 1078 ὃτι
429 1027 551 1079 οὐδὲ
580 1031 900 1097 πρόσκειται
931 1031 1008 1100 τῷ
1040 1033 1213 1101 ὅρκῳ,
1249 1033 1367 1085 οὐδὲ
1405 1034 1540 1101 πρὸς
1573 1035 1746 1104 βραχὺ
1765 1036 1890 1088 ἀνα-

321 1118 593 1186 χωρήσειν
621 1122 716 1170 τοῦ
758 1121 927 1187 ἀγροῦ
962 1122 1069 1172 τῶν
1096 1123 1397 1180 Μινδάνων.
1437 1125 1578 1190 Ὀρα
1628 1124 1720 1176 οὖν
1776 1124 1889 1186 πῶς

320 1210 383 1259 ἐκ
413 1209 510 1273 τῆς
535 1209 642 1260 τῶν
679 1213 939 1278 ῥημάτων
959 1215 1260 1276 ἐξετάσεως
1302 1215 1396 1267 καὶ
1419 1215 1888 1284 κατασκοπήσεως

321 1300 621 1368 ἐθήρευσεν
652 1305 680 1354 ὀ
726 1304 878 1368 ἆγιος
927 1305 1070 1368 νοῦν,
1119 1307 1262 1359 ὥστε
1297 1309 1370 1376 μὴ
1401 1307 1578 1359 δοκεῖν
1610 1309 1892 1374 ἐπιορκεῖν

320 1389 413 1438 τον
442 1387 738 1454 ὀμόσαντα.
775 1393 962 1446 Ταῦτα
994 1396 1092 1462 μὲν
1113 1391 1206 1448 οῦν
1261 1395 1392 1464 περὶ
1440 1395 1536 1448 τοῦ
1589 1396 1890 1466 κυριακοῦ.

333 1479 394 1531 '0
423 1477 478 1530 δὲ
503 1479 759 1548 Σεσῆρος,
789 1483 1132 1551 αἰτιώμενος,
1165 1488 1244 1538 ὅτι
1287 1487 1364 1548 είς
1417 1487 1587 1556 ἀγρὸν
1635 1488 1890 1558 ἀλλοτρίᾳ

325 1567 690 1621 ὑποτελοῦντα
719 1572 903 1643 ὲνορίᾳ
931 1575 1357 1645 ἐχειροτόνησεν,
1382 1577 1535 1643 ἔλεγε
1563 1578 1704 1630 κατά
1721 1578 1894 1646 λήθην

322 1656 484 1708 τοῦτο
511 1661 758 1724 ¹τὀιῆσαι,
791 1664 1062 1731 ἀγνοήσας
1095 1665 1267 1732 ἑτέρῳ
1299 1668 1390 1717 τὸν
1426 1667 1600 1735 ἀγρὸν
1665 1669 1889 1720 ὑποκεῖ-

330 1746 478 1798 σθαι.
526 1747 677 1800 Ἐπεὶ
708 1747 819 1814 οὖν,
854 1755 1009 1820 φησὶ,
1047 1757 1146 1823 τὴν
1185 1755 1353 1822 λήθην
1383 1757 1764 1825 προϐάλλεται,
1816 1760 1896 1810 δεῖ

325 1839 490 1892 αὐτὸν
525 1843 950 1912 συγχωρηθῆναι
977 1848 1069 1896 καὶ
1102 1848 1179 1908 είς
1210 1845 1306 1914 τὴν
1358 1849 1538 1914 κρίσιν
1589 1849 1893 1917 ἀναρτῆσαι

329 1929 492 1980 αὐτὸν
528 1930 621 1982 τοῦ
654 1931 812 1985 Θεοῦ.
845 1933 970 1986 Ὅτι
1005 1936 1230 2004 γὰρούκ
1252 1938 1417 2005 ἐσμὲν
1442 1939 1894 2006 καρδιογνῶσται,

327 2019 443 2070 ἀλλ’
471 2019 548 2083 ὡς
578 2021 867 2091 ἀκούομεν,
911 2025 1192 2094 κρίνομεν,
1245 2028 1423 2096 δῶμεν
1472 2029 1570 2098 τὴν
1617 2029 1898 2099 ἐκδίκησιν

324 2111 405 2178 τῷ
443 2110 580 2179 Θεῷ,
622 2118 1178 2184 συγγνωμονῆσαντες
1235 2118 1322 2170 διὰ
1371 2119 1470 2188 τὴν
1518 2119 1714 2188 λήθην,
1774 2121 1897 2190 ἥτις

327 2200 447 2252 ἐστὶ
480 2201 648 2263 πάθος
682 2203 1038 2272 ἀνθρώπινον.
1085 2207 1192 2266 Καὶ
1223 2207 1290 2260 τά
1332 2209 1431 2276 μὶν
1458 2207 1554 2262 τοῦ
1586 2213 1810 2272 κανόνος
1835 2212 1896 2263 ὲν

324 2291 560 2354 τούτοις.
602 2293 672 2344 Σὺ
702 2294 756 2346 δὲ
781 2296 1054 2362 ἀνάγνωθι
1081 2298 1143 2349 τὸ
1194 2295 1262 2366 ιη’
1290 2315 1414 2368 κεφ.
1465 2297 1560 2351 τοῦ
1593 2299 1661 2367 ιγ’
1717 2302 1896 2355 τίτλον

326 2381 422 2433 τοῦ
445 2383 714 2447 παρόντος
749 2388 1152 2455 συντάγματος,
1199 2389 1293 2442 καὶ
1324 2391 1390 2442 τά
1453 2391 1534 2452 είς
1580 2393 1680 2456 τὴν
1726 2392 1900 2462 ἑρμη-

327 2471 479 2525 νείαν
507 2474 671 2525 αὐτοῦ
690 2475 974 2544 γραφέντα
1006 2477 1168 2546 χάριν
1196 2478 1670 2549 ἀναψηλαφήσεως
1698 2481 1896 2549 ὅρκων.

332 2565 466 2635 Ἕχε
498 2566 554 2619 δὲ
589 2569 681 2621 επὶ
705 2571 926 2638 μνήμης
961 2571 1054 2622 καὶ
1079 2570 1140 2622 τδ
1169 2571 1324 2640 παρὰ
1372 2571 1464 2623 τοῦ
1495 2572 1653 2639 ἁγίου
1684 2573 1899 2642 ὁρισθὲν

325 2657 490 2727 χάριν
514 2658 607 2710 τοῦ
632 2661 1078 2728 παρεμπεσόντος
1107 2661 1316 2728 φάκτου
1347 2663 1443 2716 ἐπὶ
1471 2667 1536 2734 τῇ
1587 2665 1898 2734 χειροτονίᾳ

325 2747 424 2800 τοῦ
441 2748 758 2818 Κυριακοῦ,
790 2750 884 2802 καὶ
926 2753 992 2821 τῇ
1021 2754 1287 2823 γενομένῃ
1324 2755 1474 2823 παρά
1506 2754 1693 2807 τούτου
1739 2756 1899 2824 δῆθεν

329 2840 609 2908 ἐπιορκία.
646 2841 754 2892 Καὶ
783 2843 1090 2910 σημείωσαι
1123 2843 1203 2895 ὄτι
1255 2845 1348 2899 διά
1374 2846 1563 2898 τούτου
1632 2848 1899 2914 συγγινὼ-

327 2943 574 2992 σκονται,
610 2932 682 2993 ὡς
712 2931 906 2997 ἔοικεν,
943 2931 992 2985 oi
1023 2937 1162 2987 κατά
1195 2952 1347 2998 τινας
1383 2937 1782 3005 πατριαρχικάς
1808 2938 1897 2989 ἐκ·

332 3019 566 3087 κλησίας
601 3022 1010 3090 ἱερουργοῦντες
1060 3024 1317 3094 ἐγχώριοι
1366 3025 1663 3095 ἀρχιερεῖς.
1694 3025 1758 3078 Εί
1789 3029 1897 3096 γὰρ

1991 584 2302 642 pensantes,
2328 585 2380 628 et
2413 574 2787 644 permittentes
2839 582 2892 626 ut
2931 573 3112 624 redeat
3151 571 3215 622 ad
3245 567 3557 628 CCt'lCSiﬂlll,

1990 667 2042 718 in
2073 681 2175 734 qua
2205 680 2264 719 se
2294 679 2646 732 perseverare
2699 665 2922 730 juravit,
2974 676 3076 714 non
3114 659 3420 712 videbimur
3475 657 3556 710 fu-

1991 772 2113 810 cere
2133 766 2324 823 prmter
2345 771 2600 819 canones,
2625 770 2722 809 nec
2752 753 3226 822 illejusjnrandum
3254 748 3555 818 transgredi

1991 847 2259 901 videbitur
2297 865 2310 900 :
2351 858 2628 902 revertens
2676 847 2819 900 enim
2848 845 3060 899 videtur
3111 859 3330 897 servare
3379 842 3558 910 jusju~

1994 935 2248 1002 randum,
2295 937 2418 1004 quia
2462 935 2812 1005 jueijurando
2858 935 3131 1003 adjectum
3187 949 3290 984 non
3341 943 3440 989 est,
3501 950 3560 983 se

1994 1042 2099 1080 non
2135 1029 2200 1080 ad
2253 1029 2413 1081 breve
2455 1039 2663 1096 tempus
2719 1041 3070 1081 excessurum
3123 1042 3190 1080 ex
3242 1041 3370 1094 agro
3422 1023 3559 1078 Min-

1995 1119 2276 1170 danorutn.
2311 1117 2416 1187 67
2444 1115 2575 1169 Vide
2627 1131 2754 1184 ergo
2807 1117 3078 1185 quomodo
3137 1131 3202 1166 ex
3276 1114 3560 1167 verborum

1995 1209 2388 1262 examinatione
2433 1207 2942 1261 etconsideratione
2970 1217 3190 1260 sanctus
3229 1205 3559 1258 sententiam

1996 1308 2238 1359 venatur,
2280 1300 2521 1364 utisqui
2552 1299 2780 1366 juravit,
2830 1314 2936 1352 non
2992 1299 3234 1351 videatur
3295 1297 3559 1366 pejerare.

1997 1389 2119 1443 llaec
2142 1405 2270 1457 ergo
2311 1390 2375 1442 de
2439 1389 2686 1459 Cytiuco.
2737 1390 2969 1444 Severus
3030 1399 3209 1444 autem
3257 1399 3562 1446 accusatus,

1997 1479 2139 1548 quod
2181 1483 2231 1532 in
2272 1496 2480 1549 agrum,
2513 1481 2600 1548 qui
2633 1490 2749 1534 erat
2772 1480 2862 1532 alii
2913 1481 3118 1550 regioni
3155 1479 3450 1546 subjectus,
3477 1493 3566 1531 or-

1997 1573 2254 1635 dinasset,
2290 1572 2502 1626 dicebat
2532 1587 2588 1626 se
2623 1573 2722 1624 hoc
2748 1571 3025 1625 oblivione
3070 1571 3280 1630 fecisse,
3317 1571 3567 1624 nescien—

2000 1676 2103 1716 tem
2136 1678 2320 1731 agrum
2376 1664 2464 1715 alii
2525 1679 2643 1717 esse
2700 1663 3027 1731 subjectum.
3087 1662 3352 1727 Quoniam
3411 1675 3566 1729 ergo,

2002 1753 2193 1822 inquit,
2253 1755 2317 1806 ad
2371 1754 2450 1806 sui
2507 1753 2874 1808 defensionem
2930 1754 3289 1825 ignoranti:.m
3347 1753 3565 1819 allegat,

1999 1853 2210 1911 oportet
2247 1845 2294 1896 ei
2324 1843 2548 1911 ignosci,
2586 1859 2817 1912 eumque
2851 1843 2942 1898 Dei
2977 1844 3182 1912 judicio
3218 1844 3560 1910 relinquere:

2001 1949 2119 1987 cum
2155 1933 2294 1986 enim
2330 1933 2572 1986 cordium
2623 1935 2934 2002 cognitores
2969 1949 3074 1986 non
3124 1948 3332 1993 smnus,
3383 1933 3477 1984 sed
3511 1941 3570 1980 ut.

1975 2026 2269 2101 oaudimus,
2297 2025 2620 2093 judicamus,
2650 2027 2836 2080 demus
2868 2025 2975 2079 Deo
3007 2025 3324 2086 vindictam,
3369 2021 3571 2076 condo-

2003 2127 2191 2170 nantes
2221 2126 2438 2183 propter
2481 2117 2830 2179 oblivionem,
2881 2131 3000 2183 qua:
3031 2125 3114 2169 est
3167 2116 3456 2168 humanum
3491 2113 3570 2163 vi-

2004 2207 2158 2262 tium.
2195 2208 2261 2262 Et
2301 2223 2476 2261 canon
2511 2208 2726 2276 quidem
2764 2208 2814 2260 in
2851 2207 2937 2260 his
2967 2207 3236 2261 consistit.
3273 2204 3353 2257 Tu
3393 2214 3568 2256 autem

2002 2297 2117 2367 lege
2170 2312 2288 2366 cap.
2324 2297 2389 2350 18
2419 2339 2432 2358 ,
2461 2312 2582 2364 cap.
2615 2298 2682 2350 15
2741 2299 2820 2349 tit.
2859 2298 2924 2350 l3
2952 2297 3232 2365 ptzesenlis
3275 2297 3489 2362 operis,
3517 2306 3572 2346 et

2003 2405 2118 2457 qua:
2153 2390 2203 2442 in
2235 2389 2350 2458 ejus
2402 2390 2844 2456 interpretatione
2870 2389 3066 2457 scripta
3105 2400 3226 2442 sunt
3260 2390 3323 2440 de
3372 2395 3569 2437 tracta-

2004 2480 2147 2532 tione
2174 2479 2631 2546 juramentorum.
2667 2478 2749 2531 Tu
2785 2487 2966 2531 autem
3005 2479 3143 2530 habe
3198 2477 3250 2528 iu
3307 2475 3569 2527 memoria

2001 2570 2052 2623 id
2083 2583 2315 2638 quoque,
2351 2569 2554 2636 quoda
2609 2578 2800 2622 sancto
2858 2568 3119 2636 scriptum
3172 2577 3255 2619 cst
3308 2565 3373 2619 de
3427 2564 3569 2616 facto

2001 2661 2144 2727 quod
2176 2658 2366 2713 incidit
2396 2660 2450 2713 in
2483 2660 2825 2714 ordinatione
2856 2659 3094 2730 Cyriaci,
3128 2668 3182 2711 et
3241 2660 3306 2711 dc
3334 2655 3572 2726 perjurio

2001 2749 2142 2818 quod
2171 2750 2240 2803 ab
2259 2763 2324 2803 eo
2343 2749 2692 2804 commissum
2709 2760 2791 2804 est
2827 2769 2840 2804 ι
2870 2760 2923 2804 et
2949 2760 3074 2803 nota
3097 2751 3240 2818 quod
3261 2757 3566 2817 pr0pterea,

2003 2848 2061 2893 ut
2088 2849 2172 2894 est
2220 2841 2530 2905 verisimile,
2587 2841 2885 2910 ignoscitur
2915 2842 3150 2909 regionis
3210 2840 3570 2900 antistitibus.

2000 2932 2091 2999 qui
2129 2932 2180 2984 in
2245 2933 2566 2998 quihusdam
2620 2933 3068 3000 patriarchalibus
3126 2932 3370 2986 ecclesiis
3416 2945 3569 2983 saera

2002 3020 2297 3074 celebrant.
2326 3019 2435 3074 Nisi
2483 3023 2627 3075 enim
2675 3023 2990 3092 ignorantiae
3022 3030 3312 3089 pra‘textus
3367 3019 3572 3073 Severo

331 3109 408 3178 μὴ
444 3111 506 3162 τὸ
529 3115 629 3180 τῆς
658 3113 880 3177 ἀγνοίας
923 3114 1215 3183 πρόϐλημα
1249 3115 1514 3186 ἐϐοήθησε
1546 3116 1618 3186 τῷ
1651 3118 1893 3187 Σε6ήρῳ,

2003 3111 2263 3165 auxilium
2297 3112 2530 3176 tulisset,
2569 3114 2850 3183 depositus
2885 3124 3048 3178 esset,
3077 3115 3220 3180 quod
3247 3115 3385 3166 ultra
3416 3129 3569 3165 suam

326 3197 608 3272 καθῃρέθη
642 3203 728 3267 ἂν,
751 3202 840 3256 διὰ
872 3205 930 3255 τὸ
965 3203 1095 3273 παρ’
1121 3206 1334 3274 ενορίαν
1375 3208 1598 3276 ποιῆσαι
1653 3225 1892 3278 χειροτοο

325 3288 473 3342 νίαν.
503 3290 638 3357 Περὶ
683 3293 739 3344 δὲ
779 3295 970 3365 ἱερέων
988 3295 1200 3364 ψευδῶς
1239 3298 1703 3366 μαρτυρησάντων
1731 3299 1898 3364 ἀνάγ-

325 3377 464 3430 νωθι
493 3378 591 3447 τὴν
625 3387 710 3443 ος⁹
740 3382 957 3450 Νεαρὰν
985 3382 1078 3434 τοῦ
1131 3383 1398 3451 βασιλέως
1448 3384 1615 3456 κυροῦ
1672 3387 1898 3451 Λέοντος

322 3469 422 3521 τοῦ
450 3471 769 3540 Φιλοσόφου,
802 3475 1277 3543 διαλαμϐάνουσαν
1323 3479 1423 3542 ὡς,
1463 3479 1512 3528 ει
1549 3477 1647 3546 μὲν
1676 3478 1898 3547 ἔνορκον

323 3561 805 3634 ψευδομαρτυρίαν
880 3569 1096 3636 ποιήσει
1165 3571 1193 3622 ὀ
1257 3569 1454 3641 ἱερεὺς,
1531 3570 1893 3640 καθαιρεῖται.

323 3653 536 3724 Ὀρκου
580 3655 635 3707 δὲ
705 3657 778 3724 μὴ
845 3659 1389 3726 παραζευγνυμένου,
1451 3659 1769 3725 ἀφορίζεται
1802 3661 1894 3712 ἐπὶ

320 3746 516 3813 τριετῆ
557 3748 745 3813 χρόνον
781 3750 862 3810 είς
911 3752 1292 3820 μοναστήριον,
1319 3751 1413 3803 καὶ
1455 3750 1626 3813 οὕτως
1657 3753 1736 3814 είς
1795 3751 1892 3820 τὴν

325 3833 467 3886 ιὸἰαν
498 3835 650 3898 τάξιν
676 3838 1130 3893 ἀποκαθίσταται.

397 3924 822 3988 ΖΩΝΑΡ.Τινὲς
850 3929 927 3990 είς
971 3930 1032 3981 τὸ
1077 3933 1518 4002 χειροτονηθῆναι
1569 3935 1894 4006 καλούμενοι

323 4011 636 4080 ἑξώμνυντο
668 4014 741 4085 μὴ
797 4017 1189 4083 καταδέξασθαι
1244 4021 1344 4090 τὴν
1373 4025 1726 4090 χειροτονίαν.
1757 4025 1894 4085 Τοὺς

322 4099 420 4154 οὖν
447 4105 722 4167 τοιούτους
778 4105 924 4172 λέγει
963 4107 990 4158 ὀ
1008 4109 1193 4195 κανὼν
1229 4111 1304 4180 μὴ
1335 4112 1446 4164 δεῖν
1488 4114 1894 4179 ἀναγκάζεσθαι

325 4195 627 4262 ἐπιορκεῖν.
654 4197 771 4249 Κᾶν
798 4199 949 4269 δοκῇ,
986 4201 1169 4271 φησὶν,
1202 4201 1402 4265 ἐξεῖναι
1428 4207 1538 4267 τοῖς
1563 4207 1656 4273 ἀφ’
1686 4208 1892 4259 ἑαυτῶν

324 4285 609 4352 ὀμόσασιν,
665 4289 696 4357 ἢ
749 4288 949 4358 δεσμόν
969 4307 1087 4343 τινα
1152 4295 1362 4355 ἑαυτοῖς
1391 4296 1758 4362 ἐπιϐαλοῦσιν,
1785 4292 1895 4350 οἷον

331 4377 406 4443 μὴ
437 4379 632 4443 φαγεῖν
659 4380 848 4449 κρέας,
876 4381 908 4450 ἢ
938 4382 1014 4452 μὴ
1042 4385 1184 4435 πιεῖν
1214 4379 1378 4448 οἶνον,
1411 4385 1443 4454 ἢ
1475 4386 1548 4454 μὴ
1566 4387 1683 4439 τόδε
1715 4389 1746 4456 ἦ
1776 4388 1894 4440 τόδε

2006 3202 2287 3256 dioecesim
2344 3203 2741 3259 ordinatiOnem
2796 3205 3036 3260 fecisset.
3089 3203 3164 3258 De
3203 3204 3575 3258 sacerdotibus

2005 3298 2186 3343 autem
2209 3291 2356 3346 falso
2406 3293 2724 3356 testificatis,
2795 3293 2909 3359 lege
2981 3293 3322 3360 imperatoris
3371 3292 3573 3344 domini

2005 3377 2198 3432 Leonis
2232 3378 2505 3449 Sapientis
2557 3382 2818 3435 novellam
2851 3381 2937 3444 76,
2972 3397 3092 3450 qua:
3144 3383 3408 3441 continet,
3430 3381 3573 3447 quod

2005 3472 2050 3524 si
2106 3471 2366 3526 sacerdos
2424 3472 2618 3528 falsum
2669 3473 3038 3528 testimonium
3089 3471 3300 3539 iuratus
3355 3471 3571 3530 dixerit,

2006 3564 2306 3632 deponitur.
2343 3563 2496 3631 Quod
2523 3566 2566 3618 si
2595 3566 2975 3634 jusjurandum
3010 3580 3117 3619 non
3149 3565 3470 3628 accesserit,
3519 3566 3572 3616 iu

2007 3657 2394 3708 monasterium
2431 3656 2494 3708 ad
2544 3657 2833 3710 triennium
2884 3667 3188 3727 separetur,
3249 3667 3303 3710 et
3336 3657 3415 3710 sic
3467 3657 3574 3727 pri-

2006 3747 2146 3802 stino
2174 3747 2348 3801 ordini
2381 3746 2716 3802 restittlatut'.

2075 3927 2324 3984 ZONAR.
2358 3928 2584 3994 Quidam
2611 3929 2782 3983 vocali
2808 3939 2862 3981 ut
2888 3930 3291 3992 ordinarentur,
3319 3929 3575 3995 juraruut

2006 4035 2066 4074 se
2103 4021 2496 4073 ordinationem
2553 4037 2659 4076 non
2717 4022 3067 4076 admissuros.
3121 4021 3392 4089 Ejusmodi
3445 4035 3573 4085 ergo

2007 4109 2273 4171 homines,
2307 4109 2382 4161 ait
2409 4123 2604 4172 canon,
2639 4126 2740 4164 non
2771 4125 2894 4166 esse
2925 4112 2990 4164 ad
3025 4111 3318 4180 perjurium
3355 4111 3576 4177 adigeu.

2004 4201 2118 4254 dos.
2166 4199 2391 4254 Etiamsi
2439 4202 2706 4268 videatur,
2759 4203 2951 4269 inquit,
2989 4202 3150 4266 licere
3203 4203 3288 4263 iis,
3335 4204 3424 4268 qui
3472 4216 3571 4252 sua

2003 4302 2196 4359 sponte
2237 4291 2511 4360 jurarunt,
2559 4303 2652 4348 aut
2683 4296 2898 4361 aliquod
2935 4295 3200 4347 vinculum
3234 4293 3332 4346 sibi
3375 4292 3576 4360 iujece-

2003 4391 2164 4447 runt;
2206 4385 2349 4435 velut
2383 4384 2650 4438 abstinere
2692 4400 2718 4437 a
2757 4386 3040 4450 carnibus,
3085 4393 3174 4436 aut
3218 4399 3245 4434 a
3297 4385 3438 4445 vino,
3482 4391 3573 4433 aut

329 4468 575 4531 ποιῆσαι,
611 4466 759 4519 λύειν
832 4469 995 4522 πάλιν
1052 4470 1150 4537 ἀφ’
1197 4472 1408 4524 ἑαυτῶν
1438 4474 1528 4524 τὸν
1552 4475 1767 4544 δεσμὸν.
1803 4478 1893 4529 καὶ

2005 4474 2106 4525 hoc
2133 4472 2218 4527 vel
2256 4473 2382 4526 illud
2413 4475 2698 4539 omittere;
2729 4475 3001 4527 vinculum
3033 4474 3160 4528 illud
3197 4490 3408 4528 rursum
3438 4490 3567 4539 pro-

327 4553 423 4605 τοῦ
456 4555 622 4622 ὅρκου
670 4557 1044 4623 ἀφίστασθαι·
1102 4557 1231 4611 ἀλλ’
1285 4563 1348 4612 ὲκ
1396 4562 1593 4630 πείρας
1621 4563 1895 4632 ἐμάθομεν

326 4643 408 4692 ὅτι
437 4643 485 4692 οἱ
510 4644 979 4712 παρορκήσαντες,
1045 4647 1210 4716 ήγουν
1239 4649 1288 4698 ei
1338 4649 1486 4718 παρά
1532 4649 1661 4712 τοὺς
1701 4651 1895 4718 ὅρκους

327 4736 680 4800 ποιήσαντες,
731 4736 833 4788 οὐκ
867 4732 1233 4802 εὖδοκοῦνται,
1274 4738 1394 4790 ἀντὶ
1421 4737 1540 4804 τοῦ,
1585 4740 1643 4791 οὐ
1680 4739 1894 4808 θελητοὶ

324 4824 403 4892 τῷ
423 4822 541 4892 Θεῷ
568 4827 721 4885 εἰσιν,
748 4825 779 4894 ἢ
810 4827 910 4878 οὐκ
932 4827 1209 4894 εὐδόκιμοι
1248 4829 1418 4898 αὐτῷ,
1456 4831 1515 4880 οὑ
1546 4831 1589 4882 δ’
1611 4830 1895 4900 εὐάρεστοι

327 4915 627 4983 κρίνονται.
658 4918 748 4966 Δεῖ
783 4915 862 4979 δὲ,
890 4905 1078 4986 φησιν’,
1105 4919 1197 4970 ἐπὶ
1248 4918 1358 4970 «ὒν
1403 4919 1656 4973 τοιούτων
1693 4922 1786 4973 καὶ
1836 4923 1894 4972 τὸ

327 5005 467 5071 εἶδος
502 5008 595 5059 τοῦ
630 5008 794 5076 ὅρκου
828 5013 1050 5061 σκοπεῖν
1071 5028 1083 5040 ·
1115 5011 1315 5074 εττουν,
1365 5015 1411 5064 εί
1440 5015 1572 5064 Θεὸν
1613 5015 1895 5084 ὠνόμασεν

327 5098 570 5164 ὀμνύων,
619 5098 651 5165 ἦ
679 5097 806 5150 ἀλλο
839 5116 912 5162 τι,
949 5103 1039 5151 καὶ
1091 5101 1159 5151 τά
1203 5102 1421 5170 ῥήματα
1451 5102 1544 5153 τοῦ
1572 5102 1893 5169 ὀμόσαντος,

329 5191 422 5240 καὶ
471 5189 571 5256 τὴν
609 5187 850 5241 διάθεσιν
904 5191 998 5256 ἀφ’
1061 5185 1124 5259 ἧς
1179 5191 1384 5256 ὤμοσε,
1439 5194 1533 5243 καὶ
1587 5192 1685 5253 τὰς
1758 5194 1895 5243 κατά

325 5282 521 5331 λεπτὸν
554 5283 612 5331 ὲν
640 5283 750 5341 τοῖς
798 5281 1004 5347 ῥήμασι
1049 5286 1382 5352 προσθήκας.
1425 5286 1580 5344 Εἰκὸς
1607 5285 1712 5352 γάρ
1747 5288 1894 5336 ἔστιν

325 5373 391 5421 ἐκ
426 5372 526 5436 τῆς
556 5369 652 5421 τοῦ
711 5370 876 5436 ὅρκου
940 5373 1246 5439 ποιότητος,
1283 5380 1374 5425 καὶ
1409 5377 1470 5424 ἐκ
1497 5381 1602 5425 τῶν
1635 5375 1893 5445 ῥημάτων

324 5460 422 5512 καὶ
443 5461 508 5510 ἐκ
541 5461 638 5525 τῆς
700 5461 990 5522 διαθέσεως
1022 5478 1035 5491 ·
1085 5465 1133 5513 εἰ
1163 5464 1323 5530 τυχὸν
1383 5467 1444 5515 ἐκ
1513 5465 1892 5532 μικροψυχίας,

323 5549 423 5600 καὶ
447 5549 546 5599 οὐκ
576 5549 633 5611 ἐξ
655 5549 894 5617 ἀμέτρου
916 5548 1135 5617 γνώμης
1184 5549 1384 5618 ὤμοσε,
1415 5554 1740 5605 καταλαϐεῖν
1770 5555 1896 5615 τοὺς

325 5635 687 5695 σκοποῦντας,
728 5635 801 5701 μὴ
834 5635 1136 5689 κωλύεσθαι
1170 5639 1261 5689 τὸν
1290 5639 1561 5704 ὀμόσαντα
1596 5641 1895 5706 ἀποστῆναι

324 5726 417 5780 τοῦ
449 5728 636 5795 ὅρκου.
673 5727 735 5779 ΕΞ
765 5725 842 5792 δὲ,
879 5725 1081 5780 τούτων
1149 5731 1554 5798 σκοπουμένων,
1601 5731 1698 5782 οὐκ
1749 5730 1895 5782 ἔστιν

2005 4565 2118 4631 pria
2165 4566 2491 4617 auctoritate
2539 4565 2856 4629 dissolvere,
2893 4575 2946 4618 et
2991 4580 3018 4617 a
3052 4563 3404 4633 jurejurando
3441 4567 3573 4616 deti-

1990 4641 2165 4707 rcere:
2209 4665 2578 4708 verumtamen
2617 4656 2946 4723 experientia
2994 4656 3302 4714 didicimus.
3353 4669 3445 4708 eos
3481 4655 3568 4721 qui

2004 4745 2366 4813 perjurarunt,
2399 4748 2496 4799 hoc
2528 4756 2632 4808 est,
2658 4747 2748 4813 qui
2773 4757 2957 4800 contra
2988 4747 3041 4797 id
3063 4749 3202 4813 quod
3226 4747 3568 4813 juraverunt,

2001 4837 2277 4902 quippiam
2323 4834 2588 4897 fecerunt,
2637 4851 2741 4888 non
2786 4839 3017 4904 placere,
3047 4839 3148 4888 hoc
3184 4847 3298 4899 est,
3352 4837 3572 4888 minime

2001 4933 2250 4985 acceptos
2281 4937 2401 4975 esse
2433 4922 2562 4982 Deo,
2607 4921 2687 4973 vel
2739 4923 3150 4989 haudquaquam
3190 4921 3402 4991 probos,
3436 4923 3571 4973 οιιιὶ-

2001 5026 2200 5079 eosque
2237 5014 2304 5064 ab
2360 5012 2474 5076 ipso
2520 5011 2777 5078 judicari.
2821 5010 3042 5079 Oportet
3091 5027 3238 5076 vero,
3279 5014 3467 5080 inquit,
3519 5012 3568 5062 in

2003 5100 2151 5152 hisce
2186 5099 2488 5152 hominibus
2535 5114 2702 5168 genus
2732 5115 2944 5167 quoque
2984 5099 3342 5166 jurisjurandi
3392 5102 3568 5154 consi-

2003 5194 2211 5254 derare,
2243 5192 2482 5244 Deumne
2511 5192 3097 5260 appellaveritjurans,
3131 5208 3196 5244 an
3236 5194 3382 5251 aliud
3417 5195 3571 5261 quid-

2005 5283 2166 5348 piam.
2208 5292 2316 5333 tum
2351 5281 2584 5348 jurantis
2617 5283 2799 5345 verba,
2849 5284 3121 5352 animique
3166 5283 3413 5337 affectum
3462 5300 3569 5352 quo

2004 5373 2222 5439 juravit,
2271 5389 2333 5426 ac
2378 5376 2615 5426 minutas
2656 5389 2897 5442 quasque
2941 5375 3244 5430 additiunes
3278 5377 3330 5429 in
3365 5377 3565 5431 verbis.

2008 5462 2286 5515 Probabile
2310 5464 2450 5515 enim
2479 5472 2580 5524 est,
2607 5478 2671 5516 ex
2697 5465 3053 5532 jurisjurandi
3086 5466 3274 5530 forma,
3300 5481 3362 5519 ex
3393 5467 3571 5521 verbis

2007 5553 2227 5620 pariter,
2269 5563 2320 5606 et
2346 5569 2410 5606 ex
2447 5556 2610 5607 animi
2648 5554 2951 5618 affectione,
3000 5559 3044 5610 si
3085 5557 3224 5610 forte
3258 5573 3320 5611 ex
3354 5556 3572 5625 pusilla-

2009 5645 2273 5705 nimitate,
2303 5661 2408 5698 nou
2440 5657 2623 5700 autem
2653 5663 2716 5701 ex
2747 5649 3013 5702 constanti
3053 5650 3326 5717 proposito
3347 5647 3566 5716 juravit,

2006 5734 2330 5802 deprehendi
2368 5751 2525 5802 posse
2556 5737 2621 5790 ab
2653 5737 2738 5802 iis,
2779 5739 2866 5805 qui
2903 5739 3160 5793 attentius
3191 5740 3566 5809 cogitaverim,
