4124 6448
683 387 788 452 δι’]

1902 382 2176 444 THEOD.
2206 382 2293 440 BA
2305 382 2601 444 LSARZON

3813 380 3919 446 (.55

675 512 1067 580 dispensationi
1105 513 1148 563 si
1188 513 1436 570 cesserit,
1496 508 1544 559 id
1577 510 1624 560 ei
1675 506 1895 575 perjurii
1951 508 2066 560 loco
2113 523 2218 561 non

2366 513 2524 582 νομίᾳ
2545 515 2621 573 είς
2645 512 2922 583 ἐπιορκίαν
2946 510 3092 580 αύτῷ
3122 511 3182 563 ού
3216 510 3609 581 λογισθήσεται,
3643 510 3728 564 διὰ
3757 511 3820 563 τὸ
3852 512 3919 580 μί’

671 603 1042 671 imputabitur.
1076 591 1271 668 quippe
1295 602 1417 667 quia
1441 597 1786 668 jurijurando
1814 598 2086 664 adjectum
2111 614 2218 652 non

671 702 751 743 est
787 705 852 743 ne
879 690 1153 757 paululum
1186 689 1401 756 quidem
1431 686 1698 740 Miudanis
1728 702 2091 749 recessurum,
2126 690 2219 739 sed

669 781 926 846 deinceps
952 793 1386 846 permansurum.
1419 776 1529 830 Nos
1556 785 1734 831 autem
1761 776 1962 830 Severo
1992 777 2220 830 oblivio-

669 884 792 921 nem
824 871 1068 920 causanti
1109 869 1187 921 sic
1227 870 1584 937 ignoscemus,
1619 876 1674 919 ut
1709 882 1830 919 eum
1876 882 2216 927 maneamus,

669 958 1008 1009 occultorum
1032 957 1361 1024 cognitorem
1393 971 1544 1007 suam
1576 955 1746 1021 ipsius
1781 954 2078 1007 Ecclesiam
2112 969 2220 1005 non

667 1061 957 1114 passurum
1012 1046 1078 1096 ab
1132 1043 1394 1110 ejusmodi
1449 1043 1670 1095 homine
1721 1041 2036 1094 labefactari
2075 1059 2088 1094 :
2126 1040 2220 1108 qui

668 1144 863 1200 praeter
886 1148 1122 1186 canones
1159 1134 1225 1184 ab
1249 1133 1404 1183 initio
1436 1131 1582 1191 l’rcit,
1619 1144 1682 1182 ac
1713 1130 2070 1196 jurejuran:!o
2093 1143 2222 1182 con-

668 1233 754 1277 tra
814 1224 1100 1291 Evangelia
1161 1225 1448 1290 astringit,
1510 1229 1566 1274 et
1620 1221 1913 1288 perjurium
1988 1218 2220 1274 transfe-

667 1315 840 1368 rendo
866 1313 1073 1375 edocet,
1110 1328 1171 1366 ac
1202 1323 1496 1379 postremo,
1528 1311 1654 1363 dum
1691 1313 2012 1364 oblivionem
2048 1312 2221 1364 simu-

665 1405 764 1462 lat.
799 1406 1078 1457 mentitur.
1125 1402 1228 1456 Sed
1278 1403 1534 1469 quoniam
1585 1402 1827 1453 cordium
1859 1401 2069 1468 judices
2116 1416 2223 1453 non

668 1508 879 1550 sumus.
919 1491 1012 1544 se‘d
1051 1507 1115 1544 ex
1172 1491 1237 1542 iis
1285 1501 1403 1556 ψέξει
1459 1489 1731 1550 audimus,
1759 1489 2093 1555 judicamus,
2131 1489 2225 1541 de-

665 1599 793 1636 tuus
823 1581 1051 1635 Domino
1090 1581 1404 1640 vindictam,
1442 1595 1673 1647 eumque
1707 1581 1840 1631 citra
1871 1596 2097 1633 examen
2133 1597 2224 1634 su-

668 1673 988 1740 spiciamus,
1027 1673 1263 1723 humano
1297 1672 1446 1732 vitio,
1496 1671 1753 1724 oblivioni
1802 1671 2032 1732 scilicet,
2073 1663 2225 1738 ignd-

668 1768 907 1815 εςοηιεε.

737 1869 848 1936 66
881 1866 1074 1918 BALS.
1110 1866 1335 1932 Quidam
1380 1876 1431 1917 ut
1465 1866 1846 1922 ordinarentur
1891 1864 2101 1920 evocati
2152 1864 2234 1931 ju-

2366 603 2714 671 προσκεῖσθαι
2748 601 2826 671 τῷ
2859 605 3032 671 ὅρκῳ,
3077 599 3209 670 μηδὲ
3253 599 3386 670 πρὸς
3427 599 3595 669 βραχὺ
3635 601 3919 670 ἀναχωρή-

2375 712 2475 746 raw
2650 693 2955 756 Μινδάνων,
2985 691 3118 744 ἀλλὰ
3149 692 3480 761 παραμενεῖν
3508 693 3584 751 είς
3609 689 3667 742 τὸ
3696 691 3914 758 ἑφεξῆς.

2363 785 2584 854 Σευήρῳ
2615 783 2691 845 δὲ,
2720 780 3165 850 προφασιζομένῳ
3184 780 3280 849 τὴν
3300 779 3486 848 λήθην,
3526 782 3681 847 ἡμεῖς
3709 795 3918 847 συγχω-

2363 875 2620 941 ρήσομεν,
2657 873 2914 934 εἰπόντες,
2936 872 3016 923 ὅτι
3042 871 3148 922 τῶν
3173 870 3425 939 κρυπτῶν
3451 870 3692 937 γνὼστης
3719 871 3783 920 οὑ
3823 884 3918 918 πε-

2365 959 2603 1027 ριόψεται
2640 960 2737 1028 τὴν
2767 957 2958 1011 ἑαυτοῦ
2986 958 3302 1026 Ἐκκλησίαν
3337 957 3439 1008 ὑπὸ
3464 956 3700 1009 τοιούτου
3728 957 3917 1022 λυμαιο

2361 1051 2615 1120 νομένην·
2664 1049 2938 1110 ποιοῦντος
2985 1050 3080 1118 μὲν
3123 1047 3479 1107 άκανονίστως
3521 1046 3580 1096 τὸ
3611 1046 3668 1108 ἑξ
3705 1045 3912 1114 ἀρχῆς,

2359 1141 2504 1211 ὅρκῳ
2528 1141 2581 1192 δὲ
2611 1138 3069 1208 καταδεσμοῦντος
3102 1137 3248 1207 παρὰ
3273 1136 3338 1188 τά
3361 1135 3680 1202 Εύαγγέλιαο
3709 1150 3914 1201 παρορ-

2359 1236 2472 1286 κεῖν
2504 1233 2561 1285 δὲ
2593 1233 2929 1292 διδάσκοντος
2967 1230 3031 1281 δι’
3065 1223 3138 1282 ὧν
3177 1227 3465 1296 μετετέθη,
3503 1225 3832 1293 ψευδομένου
3861 1224 3917 1275 δὲ

2357 1321 2451 1372 νῦν
2471 1321 2537 1372 δι’
2572 1313 2645 1372 ὧν
2831 1319 2926 1388 τὴν
2964 1317 3130 1387 λήθην
3169 1314 3574 1384 σχηματίζεται.
3608 1311 3826 1378 Ἐπειδὴ
3859 1309 3915 1360 δὲ

2356 1411 2455 1461 οὑκ
2491 1408 2656 1477 ἐσμὲν
2681 1407 2913 1476 καρδιῶν
2936 1405 3139 1475 κριταὶ,
3172 1403 3283 1456 ἀλλ’
3322 1403 3378 1466 ἐξ
3405 1395 3479 1452 ὧν
3501 1399 3768 1467 ἀκούομεν
3801 1399 3918 1466 κρί-

2358 1515 2549 1566 νομεν·
2596 1497 2773 1567 δῶμεν
2818 1496 2894 1565 τῷ
2942 1495 3128 1563 Κυρίῳ
3167 1491 3263 1562 τὴν
3311 1491 3611 1558 ἐκδίκησιν,
3668 1487 3821 1540 αὐτοὶ
3860 1484 3916 1536 δὲ

2357 1589 2677 1657 ἀδιακρίτως
2703 1586 2862 1636 αὑτὸν
2891 1583 3197 1652 δεξώμεθα,
3234 1578 3556 1647 συγγνώμην
3589 1577 3771 1636 δόντες
3822 1575 3916 1625 άν-

2357 1678 2608 1747 θρωπίνῳ
2644 1674 2826 1738 πάθει,
2859 1677 2922 1742 τῇ
2949 1672 3105 1742 λήθῃ.

2419 1861 2611 1914 ΒΔΛΣ.
2647 1859 2804 1923 Τινὲς
2825 1863 2906 1922 είς
2928 1861 2988 1912 τδ
3017 1857 3462 1929 χειροτονηθῆναι
3497 1849 3914 1924 μετακαλούμε-

660 1971 853 2015 rarunt
880 1975 937 2012 se
968 1959 1361 2013 ordinationem
1391 1975 1498 2012 non
1553 1958 1901 2012 admissuros.
1934 1957 2070 2010 Dicit
2106 1968 2233 2023 ergo

2346 1954 2803 2022 νοι,ὲξωμνύοντο
2847 1952 2924 2022 μὴ
2965 1949 3362 2014 καταδέξασθαι
3408 1949 3508 2015 τὴν
3544 1947 3916 2016 χειροτονίαν.

664 2065 888 2106 sanctus
925 2067 1032 2105 non
1062 2060 1311 2119 uportere
1352 2065 1444 2103 eos
1490 2049 1605 2119 cogi
1635 2049 1896 2118 pejerare.
1929 2046 2041 2100 Etsi
2067 2044 2230 2108 enim,

665 2145 862 2213 inquit,
898 2143 1144 2196 videatur
1175 2142 1264 2205 iis,
1306 2141 1394 2208 qui
1444 2156 1507 2195 ex
1553 2156 1611 2194 se
1664 2141 1796 2208 ipsis
1821 2139 2095 2208 jurarunt,
2148 2134 2235 2189 vel

665 2237 756 2305 qui
810 2235 1026 2302 aliquod
1060 2235 1159 2288 sibl
1188 2233 1460 2287 vinculum
1503 2232 1828 2299 injecerunt,
1874 2228 1961 2282 vel
2013 2241 2231 2281 carnem

668 2310 776 2380 non
809 2328 1149 2389 comedendi,
1191 2327 1272 2380 vel
1309 2328 1493 2378 viuum
1550 2341 1652 2378 non
1710 2319 1950 2388 bibendi,
2002 2319 2084 2373 vel
2135 2333 2234 2373 nec

668 2419 796 2474 illud
835 2418 1088 2480 faciendi,
1121 2419 1282 2472 licere
1315 2431 1501 2471 rursus
1543 2413 1816 2467 vinculum
1867 2412 2095 2474 solvere,
2123 2417 2177 2462 et
2204 2424 2232 2460 a

664 2510 1021 2576 jurejurando
1067 2507 1333 2569 deﬁcere;
1395 2506 1487 2558 sed
1540 2503 1874 2570 experientia
1926 2500 2233 2560 didicimus.

672 2600 838 2668 quod,
873 2601 962 2668 qui
1000 2600 1326 2667 pejerarunt,
1359 2611 1464 2650 non
1493 2604 1636 2649 recta
1671 2603 1798 2648 sunt
1843 2593 1895 2646 in
1942 2591 2025 2644 via
2078 2591 2170 2644 sed
2206 2603 2235 2641 ι

671 2691 784 2744 Deo
817 2691 1069 2743 sinuntur
1118 2697 1338 2756 propter
1389 2686 1685 2755 perjurium
1742 2685 1958 2740 tentari.
2011 2681 2237 2751 Oportet

671 2793 876 2845 autem,
910 2781 1104 2848 inquit,
1143 2781 1194 2832 in
1237 2779 1321 2831 his
1369 2778 1658 2846 juramenti
1709 2775 1934 2829 formam
1971 2787 2234 2842 quarere,

672 2890 742 2925 an
784 2873 836 2925 in
867 2874 1028 2925 Deum
1060 2871 1250 2934 iurans
1281 2867 1496 2927 dixerit,
1530 2880 1598 2918 an
1634 2866 1686 2918 in
1733 2863 1932 2932 aliquid
1988 2860 2152 2924 aliud,
2184 2869 2236 2914 et

673 2965 834 3018 verba
869 2963 984 3030 ejus
1017 2963 1104 3030 qui
1134 2959 1354 3030 juravit.
1386 2969 1440 3013 et
1462 2957 1800 3012 atl‘ectiouem
1826 2969 1983 3023 quam
2012 2951 2236 3020 iuravit,

673 3065 727 3108 et
766 3054 925 3108 etiam
955 3053 1172 3106 subtilia
1204 3052 1257 3104 in
1307 3050 1485 3104 verbis
1533 3048 1920 3102 additamenta.
1968 3041 2063 3096 Est
2094 3039 2236 3093 enim

674 3155 1098 3198 consentaneum
1128 3157 1189 3196 ex
1217 3140 1535 3194 sacramenti
1561 3137 1840 3209 qualitate,
1871 3145 1923 3191 et
1950 3150 2013 3188 ex
2039 3132 2234 3190 verbis.

2337 2045 2474 2107 Τοὺς
2504 2045 2596 2098 οὖν
2632 2045 2903 2106 τοιούτους
2929 2043 3076 2110 λέγει
3114 2044 3141 2094 ὀ
3180 2042 3336 2107 ἅγιος
3386 2039 3462 2107 μὴ
3513 2037 3622 2090 δεῖν
3672 2037 3921 2103 ἀναγκά-

2337 2136 2527 2199 ζεσθαι
2560 2136 2859 2206 ἐπιορκεῖν.
2893 2135 3012 2187 Κᾶν
3037 2132 3146 2201 γὰρ
3166 2131 3317 2199 δοκῇ,
3348 2128 3532 2198 φησὶν,
3567 2125 3771 2192 ἐξεῖναι
3802 2128 3921 2188 τοῖς

2335 2228 2428 2296 ἀφ’
2457 2228 2667 2282 ἑαυτῶν
2697 2228 2960 2298 ὀμόσασιν
2997 2225 3028 2296 ἢ
3061 2223 3258 2293 δεσμόν
3277 2239 3397 2274 τινα
3445 2220 3658 2281 ἑαυτοῖς
3713 2217 3916 2270 ἐπιϐα-

2335 2317 2541 2381 λοῦσιν,
2574 2319 2650 2383 ὡς
2680 2319 2755 2389 μὴ
2783 2319 2982 2387 φαγεῖν
3013 2314 3200 2385 κρέας,
3242 2313 3275 2381 ἢ
3329 2311 3474 2364 πιεῖν
3534 2303 3702 2372 οἶνον,
3740 2306 3774 2375 ἢ
3840 2308 3916 2374 μὴ

2336 2410 2454 2461 τάδε
2484 2410 2732 2478 ποιῆσαι,
2781 2408 2930 2461 λύειν
2968 2405 3134 2459 πάλιν
3162 2404 3256 2470 ἀφ’
3295 2401 3507 2455 ἑαυτῶν
3542 2401 3632 2451 τὸν
3689 2398 3914 2466 δεσμὸν,

2338 2501 2433 2554 καὶ
2459 2499 2552 2553 τοῦ
2574 2502 2738 2570 ὅρκου
2769 2495 3125 2566 ἀφίστασθαι·
3147 2495 3261 2548 ἀλλ’
3295 2495 3357 2545 ὲκ
3391 2493 3587 2561 πείρας
3634 2488 3918 2558 ἐμάθομεν

2337 2593 2421 2644 ὅτι
2454 2592 2905 2661 παρορκὴσαντες
2954 2589 3053 2641 οὐκ
3112 2583 3438 2647 εὐοδοῧνται,
3489 2579 3605 2633 ἀλλ’
3658 2578 3764 2631 ὐπδ
3821 2574 3915 2626 τοῦ

2339 2681 2473 2735 Θεοῦ
2537 2679 2992 2750 παραχωροῦνται
3040 2676 3408 2745 πειρασθῆναι
3452 2671 3540 2723 διὰ
3574 2670 3674 2737 τὴν
3727 2668 3918 2732 ἐπιορ-

2339 2774 2480 2827 κίαν.
2520 2775 2612 2825 Δεῖ
2635 2773 2714 2836 δὲ,
2752 2772 2939 2841 φησιν,
2984 2767 3077 2822 ἐπὶ
3097 2767 3209 2820 τῶν
3236 2763 3506 2818 τοιούτων
3532 2761 3625 2813 καὶ
3661 2759 3724 2810 τδ
3755 2752 3919 2822 εἶδος,

2338 2861 2431 2914 τοῦ
2475 2865 2638 2932 ὅρκου
2677 2861 2924 2924 σκοπεῖν,
2966 2858 3065 2910 εἴτ’
3121 2853 3216 2909 οὖν
3271 2855 3320 2907 εί
3362 2853 3497 2905 Θεδν
3540 2848 3830 2915 ὠνόμασεν
3885 2843 3920 2895 6

2339 2952 2575 3019 ὀμνύων,
2607 2951 2791 3020 ἥάλ>.ο
2825 2967 2899 3013 τι,
2951 2948 3044 2999 καὶ
3087 2947 3157 2997 τὰ
3200 2945 3423 3014 ῥήματα
3477 2937 3573 2990 τοῦ
3613 2935 3913 3001 ὀμόσαντος

2339 3042 2434 3094 καὶ
2463 3041 2562 3110 τὴν
2593 3041 2832 3094 διάθεσιν
2866 3039 2962 3106 ἀφ’
2981 3032 3044 3106 ἧς
3074 3035 3275 3102 ὤμοσε,
3310 3028 3524 3090 καὶτὰς
3546 3027 3688 3080 κατὰ
3718 3023 3921 3077 λεπτὸν

2340 3133 2398 3184 ὲν
2429 3134 2539 3195 τοῖς
2577 3132 2785 3200 ῥήμασι
2822 3128 3156 3197 προσθήκας.
3194 3125 3260 3176 Ὃ
3300 3120 3447 3182 εἰκὸς
3500 3118 3608 3185 γάρ
3657 3117 3810 3168 ἐστιν
3853 3115 3916 3165 ἐκ

675 3246 730 3290 et
759 3250 822 3287 ex
860 3233 1140 3286 alTectione
1189 3234 1276 3299 (an
1336 3231 1542 3285 scilicet
1599 3228 1792 3298 pusillo
1826 3235 1880 3280 et
1923 3240 2028 3280 non
2085 3226 2233 3277 ﬁrmo

2346 3224 2437 3293 τῆς
2466 3223 2560 3276 τοῦ
2587 3224 2749 3292 ὅρκου
2787 3221 3087 3288 ποιότητος,
3125 3217 3218 3268 καὶ
3261 3217 3326 3266 ὲκ
3373 3211 3480 3263 τῶν
3530 3208 3794 3280 ῥημάτων
3822 3206 3916 3259 καὶ

674 3327 854 3380 animo
883 3325 1123 3393 juravil),
1161 3325 1564 3381 considerantes
1612 3318 2088 3389 comprehendere,
2131 3330 2235 3368 non

676 3415 950 3484 prohiberi
984 3423 1231 3480 Oportere
1252 3426 1394 3473 eum,
1422 3411 1510 3480 qui
1532 3410 1755 3478 juravit,
1811 3424 1839 3462 a
1886 3406 2238 3477 jurejurando

675 3500 960 3553 desistere.
989 3497 1082 3552 Sin
1124 3498 1244 3552 istis
1273 3497 1651 3558 consideratis.
1708 3510 1811 3550 non
1867 3504 1949 3550 est
1999 3494 2239 3548 invenire

675 3593 940 3646 rationem
975 3591 1207 3660 aliquam
1245 3604 1412 3658 quare
1462 3604 1488 3641 a
1537 3586 1888 3656 jurejurando
1932 3586 2236 3642 desisteret.

673 3689 888 3746 oportet
946 3679 1080 3732 tales
1129 3679 1424 3739 dimittere,
1507 3691 1574 3730 ne
1631 3673 1890 3742 pejerent.
1956 3671 2238 3742 Negetium

674 3779 853 3822 autem
895 3757 1105 3828 Severi,
1141 3783 1232 3822 seu
1288 3782 1446 3821 causa
1475 3776 1529 3820 et
1551 3773 1926 3836 argumentum
1956 3773 2073 3817 erat
2099 3761 2243 3829 ejus-

674 3861 819 3913 modi
856 3879 869 3912 :
905 3859 1176 3928 Longinus
1204 3860 1421 3927 quidam
1474 3857 1705 3910 habebat
1756 3869 1942 3925 agrum
1988 3853 2237 3906 Mindaua

675 3955 874 4008 dictum
909 3952 999 4022 qui
1031 3954 1246 4020 quidem
1278 3962 1394 4005 erat
1433 3951 1674 4004 MeSIhim
1718 3947 2048 4016 episcopatui
2107 3947 2239 4000 sub-

667 4045 896 4113 jectus:
957 4044 1192 4097 Severus
1240 4054 1444 4106 autem,
1505 4057 1628 4095 cum
1683 4050 1828 4094 esset
1899 4038 2236 4092 Masadarum

672 4137 978 4203 episcopus,
1012 4135 1301 4202 quemdam
1332 4122 1626 4202 Cyriacuin'
1664 4131 1932 4184 ordinavit
1963 4130 2238 4197 presbyte-

673 4242 791 4281 rum
819 4228 1022 4295 templi,
1055 4228 1196 4294 quod
1257 4236 1372 4279 erat
1429 4226 1480 4280 in
1537 4239 1685 4294 agro,
1715 4220 2067 4291 jurejurando
2092 4217 2242 4287 priuis

674 4322 946 4386 adactum,
976 4319 1200 4388 quodin
1258 4318 1454 4385 templo
1514 4324 1876 4385 permaneret,
1924 4313 2009 4368 vel
2064 4313 2241 4380 potius

674 4412 1002 4481 episcopatui
1028 4421 1170 4464 esset
1192 4409 1462 4476 subjectus
1491 4424 1504 4459 :
1541 4409 1637 4460 sed
1668 4405 1954 4472 episc0pus
1982 4403 2236 4471 regionis,

674 4502 760 4553 cui
790 4510 906 4554 erat
957 4515 1084 4568 ager
1135 4497 1436 4565 subjectus,
1475 4495 1792 4562 prohibebat
1841 4492 2126 4562 Cyriacum
2173 4490 2240 4544 ab

675 4593 782 4646 alio
812 4592 1123 4644 ordinatum
1174 4602 1324 4642 sacra
1356 4587 1634 4641 celebrare
1681 4585 1732 4637 in
1765 4583 1995 4637 ecclesia
2028 4597 2146 4650 quae
2173 4581 2239 4634 ad

677 4685 850 4742 ipsum
879 4679 1203 4748 pertinebat,
1249 4686 1300 4731 et
1333 4677 1454 4731 ideo
1487 4675 1746 4745 Cyriacus
1780 4687 1843 4726 ea
1903 4672 2084 4725 relicta
2135 4672 2241 4723 alio

678 4773 972 4825 translatus
1031 4781 1136 4822 est.
1195 4768 1362 4821 Porro
1417 4766 1693 4832 Longinus
1723 4777 1936 4832 quoque
1996 4762 2046 4815 id
2101 4775 2240 4829 agre

680 4865 858 4918 ferens
891 4864 1128 4914 minatus
1161 4869 1239 4912 est
1296 4848 1359 4912 se
1383 4857 1666 4911 ecclesiam
1696 4855 1962 4909 desertam
2018 4852 2239 4907 relictu—

677 4973 814 5011 rum.
853 4954 925 5007 De
956 4968 1015 5006 ea
1051 4968 1177 5020 ergo
1210 4965 1263 5004 re
1310 4949 1669 5014 interrogatus
1720 4960 1943 5024 magnus
1991 4942 2239 5004 Basilius.

677 5048 977 5118 respondit,
1008 5060 1194 5113 agrum
1235 5042 1319 5096 cui
1360 5040 1695 5093 renuntiatus
1733 5045 1814 5089 est
1849 5033 2130 5104 (Syriacus,
2190 5031 2240 5085 id

675 5149 784 5203 est,
815 5139 969 5206 cujus
999 5137 1281 5206 presbyter
1310 5133 1622 5187 nominatus
1660 5136 1762 5188 est,
1820 5135 2066 5193 Oportere
2122 5137 2242 5177 esse

680 5229 1023 5284 Masadarum
1059 5223 1388 5294 episc0patui
1420 5219 1744 5286 subjectum,
1772 5213 1872 5270 etsi
1906 5223 2045 5268 esset
2102 5215 2242 5267 alius

679 5322 937 5389 regionis,
975 5327 1028 5371 et
1050 5317 1336 5384 Cyriacum
1364 5315 1470 5368 illic
1501 5311 1719 5365 reverti.
1751 5309 1841 5362 Sic
1859 5303 2240 5373 enini,inquit,

681 5427 780 5465 nec
809 5412 896 5463 ille
951 5409 1111 5461 faciet
1149 5415 1342 5473 praeter
1367 5413 1787 5463 sacramentum,
1818 5415 1916 5454 nec
1968 5397 2244 5465 Longinus

679 5500 964 5553 ecclesiam
995 5499 1232 5558 deseret,
1281 5496 1381 5548 hoc
1428 5505 1507 5548 est
1547 5497 1811 5548 desertam
1867 5491 2128 5555 relinquet
2165 5485 2241 5536 vel

680 5595 841 5645 etiam
871 5592 1131 5653 destruet,
1187 5602 1283 5641 nec
1332 5601 1481 5640 suam
1532 5586 1766 5636 animam
1805 5590 2021 5649 propter
2074 5579 2241 5628 otium

681 5682 1078 5742 i-umlemnabit,
1138 5697 1231 5734 seu
1286 5679 1331 5731 ei
1384 5677 1650 5746 subjiciel,
1695 5673 1862 5742 utqui
1913 5671 2160 5739 precibus
2191 5679 2243 5721 ct

683 5777 878 5829 (iltlltls
912 5773 1124 5841 hymnis
1158 5787 1260 5826 non
1299 5778 1470 5833 vacet,
1508 5767 1598 5821 sed
1649 5766 1714 5819 ab
1759 5764 1838 5819 cis
1887 5770 2080 5817 cesset.
2141 5759 2244 5814 Nos

2339 3317 2439 3384 τῆς
2520 3313 2814 3374 διαθέσεως
2867 3311 2962 3378 (εί
3016 3307 3180 3377 τυχὸν
3236 3307 3299 3358 ὲκ
3363 3298 3770 3372 μικροψυχίας.
3821 3294 3917 3348 καὶ

2340 3405 2438 3456 ούκ
2469 3402 2528 3467 ἐξ
2555 3401 2885 3472 ἀμεταθέτου
2921 3398 3145 3466 γνώμης
3177 3391 3408 3463 ὤμοσε),
3433 3386 3764 3442 καταλαϐεῖν
3785 3385 3915 3444 τοὺς

2343 3496 2699 3556 σκοποῦντας,
2723 3493 2795 3561 μὴ
2830 3489 3133 3543 κωλύεσθαι
3165 3489 3255 3538 τὸν
3287 3485 3561 3554 ὀμόσαντα
3599 3479 3909 3544 ἀποστῆναι

2341 3586 2434 3638 τοῦ
2456 3587 2641 3652 ὅρκου.
2694 3585 2756 3638 El
2817 3582 2873 3634 δὲ
2918 3583 3123 3633 τούτων
3170 3574 3560 3639 σκοπουμένων
3610 3569 3712 3620 οὐκ
3767 3568 3914 3618 ἐστιν

2343 3678 2522 3745 εὑρεῖν
2551 3674 2902 3744 παραμυθίαν
2934 3671 3058 3724 τινὰ
3087 3669 3163 3728 είς
3189 3667 3247 3718 τὸ
3279 3664 3577 3730 ἀποστῆναι
3607 3657 3702 3710 τοῦ
3723 3659 3912 3725 ὅρκου,

2343 3768 2447 3836 χρὴ
2474 3768 2600 3828 τοὺς
2625 3765 2898 3826 τοιούτους
2921 3764 3036 3832 ἐᾷν,
3090 3761 3177 3812 ἵνα
3221 3757 3292 3826 μὴ
3348 3751 3672 3823 ἐπιορκῶσι.
3729 3749 3833 3836 ΤὸΔ
3861 3746 3915 3836 δε

2343 3833 2485 3909 κατὰ
2517 3856 2608 3907 τὸν
2639 3853 2879 3923 Σεδῆρον
2938 3851 3193 3920 πρᾶγμα,
3252 3846 3372 3915 ἦτοι
3431 3843 3465 3911 ἡ
3511 3837 3714 3908 πρᾶξις
3749 3833 3848 3886 καὶ
3881 3834 3917 3898 ἡ

2344 3947 2620 4010 ὑπόθεσις,
2659 3946 2901 3998 τοιοῦτον
2953 3939 3039 4012 ἦν.
3096 3937 3356 4006 Λογγῖνός
3407 3950 3496 3995 τις
3540 3925 3687 3999 εἶχεν
3740 3923 3911 3993 άγρδν

2342 4038 2586 4091 Μίνδανα
2671 4034 3006 4102 καλούμενον
3063 4034 3129 4101 τῇ
3183 4028 3455 4094 ιπισκοπῇ
3497 4026 3595 4089 τῆς
3649 4016 3919 4076 Μισθεῐας

2345 4126 2737 4195 ὑποκείμενον·
2770 4124 3010 4192 Σεὸῆρος
3040 4123 3094 4174 δὲ
3149 4117 3424 4174 Μασάδων
3487 4112 3787 4168 ἐπίσκοπος
3839 4105 3916 4195 ὢν

2344 4191 2719 4285 ἐχειροτόνησε
2767 4191 3041 4283 Κυριακόν
3071 4225 3192 4262 τινα
3245 4208 3324 4268 είς
3382 4203 3472 4255 τὸν
3521 4203 3579 4251 ὲν
3763 4191 3918 4285 ἀγξῷ

2328 4280 2476 4357 vis;
2503 4280 2894 4373 πρεσϐύτερον,
2934 4300 3211 4368 ὀμόσαντα
3261 4291 3604 4362 παραμένειν
3654 4284 3733 4352 τῷ
3769 4280 3912 4348 ναῷ,

2344 4398 2377 4468 ἦ
2419 4396 2622 4465 μᾶλλον
2668 4397 2733 4464 τῇ
2767 4395 3041 4459 ἐπισκοπῇ
3076 4388 3379 4442 ὑποτελεῖν.
3423 4378 3563 4433 Ἀλλ’
3672 4376 3775 4441 τῆς
3801 4375 3914 4468 tvo-

2351 4463 2469 4554 ρίας
2495 4463 2816 4543 ἐπίσκοπος,
2918 4482 3177 4533 ὑπέκειτο
3229 4477 3257 4527 6
3306 4471 3498 4540 ἀγρὸς,
3537 4465 3782 4520 ἐκώλυσε

2348 4553 2624 4645 κυριακὸν
2655 4576 2959 4645 ίερουργεῖν
2996 4572 3054 4622 εν
3083 4565 3349 4637 ἐκκλησία
3374 4557 3705 4628 διαφερούσῃ
3732 4553 3908 4645 αὐτῷ,

2345 4668 2471 4734 παρ’
2542 4644 2731 4734 ἑτέρου
2787 4661 3252 4734 χειροτονηθέντα.
3305 4657 3395 4707 Διδ
3439 4652 3533 4703 καὶ
3593 4644 3914 4701 καταλιπὼν

2344 4757 2514 4826 αὐτὴν
2545 4759 2573 4810 6
2603 4755 2902 4825 Κυριακδς,
2930 4750 3192 4822 μετετέθη
3242 4744 3498 4815 ἀλλαχοῦ.
3529 4741 3640 4793 Καὶ
3668 4739 3696 4790 6
3718 4737 3918 4801 Δογγῖ·

2347 4866 2435 4910 νος
2468 4848 2554 4901 διὰ
2615 4846 2775 4899 τοῦτο
2825 4843 3166 4912 λυπούμενος
3221 4837 3434 4909 ἠπείλει
3480 4829 3772 4898 ἔρημῶσαι
3819 4828 3916 4889 τὴν

2344 4939 2664 5005 ἐκκλησίαν.
2703 4936 3028 5006 Ἐρωτηθεὶς
3049 4931 3179 5000 γοῦν
3202 4933 3229 4983 6
3272 4928 3445 4998 μέγας
3477 4919 3759 4977 Βασίλεῖος

2344 5029 2558 5090 τούτου,
2593 5005 2946 5094 ἁπεκρίνατο,
2998 5023 3087 5075 τὸν
3147 5019 3337 5089 ἀγρὸν,
3398 5008 3440 5079 ᾧ
3491 5005 3849 5076 ἐπεκηρύχθη
3887 5005 3915 5054 δ’

2345 5117 2644 5188 Κυριακδς,
2707 5119 2878 5185 ἡγουν
2922 5116 3002 5175 είς
3057 5113 3116 5165 δν
3173 5105 3466 5176 ὠνομάσθη
3516 5098 3911 5188 πρεσϐύτερος,

2349 5182 2674 5276 ὑποτεθῆναι
2705 5182 2770 5275 τῇ
2819 5205 3088 5272 ἐπισκοπῇ
3127 5201 3236 5253 τῶν
3269 5194 3561 5254 Μασάδων,
3596 5189 3646 5240 εί
3675 5188 3771 5239 καὶ
3801 5182 3903 5276 ἑτε-

2347 5314 2448 5366 ρας
2476 5293 2543 5365 ἦν
2574 5270 2806 5364 μορίας,
2843 5295 2934 5344 καὶ
2961 5270 3351 5357 τόννκυριακδν
3385 5279 3539 5338 αὖθις
3569 5270 3904 5366 ἐπαναστρε-

2346 5361 2444 5456 t'gat
2482 5361 2614 5442 ἐκεῖ.
2648 5361 2804 5439 ὀῦτω
2846 5385 2976 5452 γὰρ,
3016 5382 3201 5450 φησὶν,
3233 5375 3356 5429 οὔτε
3397 5373 3601 5430 ὶκεῖνος
3635 5363 3791 5433 παρὰ
3813 5361 3904 5413 τόν

2346 5480 2506 5549 ὅρκον
2532 5481 2768 5547 ποιήσει,
2801 5474 2924 5527 οὕτε
2972 5474 2998 5526 6
3029 5472 3288 5537 Λογγῖνος
3319 5465 3416 5532 τὴν
3449 5456 3908 5549 ἐκκλησίαν-ἔρη-

2352 5544 2542 5642 μίὠσει,
2578 5544 2697 5622 ἀντὶ
2726 5566 2818 5620 τοῦ
2855 5567 3060 5635 ἔρημον
3101 5556 3441 5621 καταλείψει,
3472 5552 3505 5620 ἦ
3532 5551 3626 5601 καὶ
3666 5544 3902 5602 καθελεῖ,

2346 5664 2467 5717 οὐδὲ
2499 5663 2594 5731 τὴν
2620 5658 2811 5714 ἑαυτοῦ
2855 5659 3033 5726 ψυχὴν
3087 5654 3208 5712 ταῖς
3258 5647 3478 5716 ἀργίαις
3527 5638 3900 5693 καταδικάσει,

2350 5757 2515 5823 ἤγουν
2549 5749 2826 5809 ὑποϐαλεῖ,
2865 5748 2938 5811 τῷ
2976 5745 3049 5813 μὴ
3083 5740 3360 5811 σχολάζειν
3411 5736 3596 5804 εὐχαῖς
3651 5733 3746 5785 καὶ
3799 5725 3902 5783 τοῖς
