4124 6448
295 358 400 420 629

1293 359 1372 419 IN
1404 358 1639 418 EPIST.
1668 359 1728 417 S.
1774 353 2054 415 B.\SlLll
2093 355 2533 416 CANONICAM
2572 355 2622 416 Ι.

3434 353 3539 410 630

295 468 460 531 θείοις
492 468 704 537 ὕμνοις,
750 469 886 523 ἀλλά
919 470 1128 539 ἀργεῖν.
1175 472 1267 523 Ἐκ
1302 473 1508 524 τούτων
1557 471 1649 524 καὶ
1673 472 1856 539 ἡμεῖς,

1982 485 2210 538 quoque,
2243 469 2441 538 inquit,
2489 484 2606 537 qum
2647 468 2711 521 ad
2732 466 3016 536 Cyriacum
3075 462 3366 533 pertinent,
3431 462 3538 512 dis-

292 562 482 626 φησιν,
513 561 919 629 οἰκονομοῦντες
970 565 1036 614 τὰ
1068 563 1209 617 κατᾶ
1268 564 1357 616 τὸν
1419 564 1720 631 κυριακὸν.
1775 563 1865 614 καὶ

294 652 620 720 ἐπιστρέψαι
651 653 812 705 αὑτὸν
847 657 925 714 εἰς
961 653 1058 722 τὴν
1111 655 1432 723 ἐκκλησίαν,
1533 655 1746 723 ὤμοσεν
1775 657 1866 721 ἐγ-

298 744 610 810 καρτερεῖν,
642 744 1056 812 ἐπιτρέποντες,
1084 748 1142 797 ού
1176 747 1404 815 δόξομεν
1461 747 1610 815 παρὰ
1635 749 1867 808 κανόνας

300 837 496 893 ποιεῖν.
521 835 643 887 οὐδὲ
681 837 890 898 ἐκεῖνος
929 839 1292 905 παραϐαίνειν
1317 837 1406 891 τδν
1431 840 1594 909 ὅρκον
1627 840 1865 908 κριθείη.

312 923 772 993 Ἐπανερχόμενος
801 928 910 996 γὰρ
967 929 1114 981 δοκεῖ
1179 931 1477 998 φυλάσσειν
1534 932 1624 982 τὸν
1682 931 1867 1000 ὅρκον,

297 1015 380 1066 ὅτι
409 1015 531 1066 οὑδέ
561 1019 881 1084 πρόσκειται
911 1019 988 1087 τῷ
1020 1020 1193 1088 ὅρκῳ,
1228 1020 1347 1072 οὐδὲ
1385 1020 1519 1088 πρὸς
1553 1021 1726 1090 βραχὺ
1744 1022 1870 1073 ἀνα·-

303 1106 574 1174 χωρήσειν
603 1109 697 1158 τοῦ
739 1108 908 1174 ἀγροῦ
941 1109 1049 1160 τῶν
1077 1110 1377 1166 Μινδάνων.
1416 1112 1557 1176 Ὀρα
1608 1110 1700 1163 οὖν
1755 1110 1870 1172 πῶς

301 1198 364 1246 ἐκ
393 1197 490 1261 τῆς
515 1197 623 1248 τῶν
659 1199 920 1266 ῥημάτων
939 1201 1240 1263 ἐξετάσεως
1282 1202 1376 1254 καὶ
1399 1201 1868 1269 κατασκοπήσεως

303 1288 601 1356 ἐθήρευσεν
633 1292 661 1341 ό
707 1292 859 1355 ἅγιος
907 1293 1050 1355 νοῦν,
1099 1295 1242 1346 ὥστε
1277 1296 1350 1363 μὴ
1381 1294 1558 1346 δοκεῖν
1590 1294 1872 1359 ἐπιορκεῖν

303 1377 393 1425 τὸν
423 1375 719 1442 ὀμόσαντα.
755 1379 942 1433 Ταῦτα
975 1383 1072 1449 μὲν
1094 1377 1187 1434 οὖν
1241 1382 1371 1451 περὶ
1420 1381 1516 1434 τοῦ
1568 1381 1870 1451 κυριακοῦ.

315 1467 374 1518 ὐ
403 1465 458 1517 δὲ
483 1467 740 1536 Σεὸἦρος,
770 1470 1112 1538 αἰτιώμενος,
1145 1475 1225 1525 ὅτι
1267 1473 1344 1534 είς
1397 1473 1567 1542 ἀγρὸν
1615 1473 1871 1544 ἀλλοτρίᾳ

308 1555 670 1608 ὑποτελοῦντα
699 1559 883 1630 ἐνορίᾳ
911 1562 1337 1632 ἐχειροτόνησεν,
1362 1563 1515 1629 ἔλεγε
1544 1563 1684 1617 κατά
1701 1563 1874 1632 λήθην

305 1644 464 1696 τοῦτο
491 1648 738 1711 ποιῆσαι,
771 1651 1043 1718 ἀγνοήσας
1075 1651 1247 1719 ἑτέρῳ
1279 1654 1370 1703 τὸν
1406 1653 1580 1721 ἀγρὸν
1645 1654 1870 1706 ὑποκεῖ-

313 1733 458 1786 σθαι.
507 1734 658 1787 Ἐπεὶ
689 1733 800 1801 οὖν,
835 1741 989 1807 φησὶ,
1027 1743 1126 1810 τὴν
1166 1741 1334 1809 λήθην
1363 1743 1745 1812 προϐάλλεται,
1797 1746 1876 1796 δεῖ

309 1827 470 1879 αὐτὸν
506 1829 931 1898 συγχωρηθῆναι
958 1835 1050 1883 καὶ
1083 1834 1159 1894 είς
1191 1830 1287 1900 τὴν
1338 1835 1518 1900 κρίσιν
1569 1835 1873 1903 ἀναρτῆσαι

312 1916 473 1968 αὐτὸν
509 1917 602 1969 τοῦ
635 1919 794 1971 Θεοῦ.
827 1920 950 1972 Ὅτι
986 1923 1093 1991 γὰρ
1112 1926 1211 1974 οὐκ
1233 1924 1398 1991 ἐσμὲν
1422 1925 1874 1993 καρδιογνῶσται,

311 2006 424 2058 ἀλλ’
451 2006 528 2070 ὡς
559 2008 848 2078 ἀκούομεν,
892 2013 1173 2081 κρίνομεν,
1225 2015 1403 2082 δῶμεν
1452 2016 1550 2084 τὴν
1597 2016 1878 2085 ἐκδίκησιν

308 2097 387 2166 τῷ
425 2097 561 2166 Θεῷ,
604 2104 1158 2170 συγγνωμονήσαντες
1216 2104 1303 2157 διὰ
1351 2105 1450 2174 τὴν
1498 2105 1694 2174 λήθην,
1755 2107 1878 2176 ἥτις

311 2187 428 2239 ἐστὶ
460 2188 629 2250 πάθος
662 2189 1020 2259 ἀνθρώπινον.
1066 2194 1174 2253 Καὶ
1203 2193 1271 2246 τά
1313 2195 1412 2262 μὲν
1439 2194 1534 2248 τοῦ
1567 2199 1791 2259 κανόνος
1816 2198 1877 2249 ἐν

309 2278 540 2340 τούτοις.
583 2281 653 2332 Σὺ
683 2281 738 2333 δέ
762 2283 1035 2349 ἀνάγνωθι
1063 2285 1125 2335 τὸ
1175 2283 1244 2353 ιη’
1271 2301 1396 2354 κεφ.
1446 2284 1540 2338 τοῦ
1575 2285 1642 2353 ιγ’
1699 2288 1877 2340 τίτλον

311 2369 404 2421 τοῦ
426 2371 695 2434 παρόντος
730 2375 1134 2441 συντάγματος,
1181 2376 1275 2429 καὶ
1305 2377 1372 2428 τὰ
1435 2377 1515 2438 είς
1561 2379 1661 2442 τήν
1707 2379 1880 2448 ἐρμη-

312 2458 460 2512 νείαν
489 2461 653 2513 αὑτοῦ
671 2462 956 2531 γραφέντα
987 2464 1149 2533 χάριν
1178 2465 1651 2536 ἀναψηλαφήσεως
1679 2468 1877 2536 ὅρκων.

318 2553 446 2623 Ἔχε
479 2554 536 2606 δι
571 2556 662 2608 ἐπὶ
686 2559 908 2625 μνήμης
943 2558 1036 2609 καὶ
1060 2557 1122 2609 τὺ
1151 2558 1306 2626 παρά
1354 2557 1446 2610 τοῦ
1476 2559 1635 2625 ἁγίου
1665 2559 1880 2629 ὁρισθὲν

311 2645 470 2714 χάριν
496 2645 588 2698 τοῦ
613 2648 1059 2716 παρεμπεσόντος
1089 2647 1298 2714 φάκτου
1329 2649 1424 2702 ἐπὶ
1452 2653 1518 2719 τῇ
1568 2651 1878 2721 χειροτονίᾳ

313 2735 406 2788 τοῦ
423 2736 741 2806 Κυριακοῦ,
772 2737 866 2790 καὶ
908 2741 974 2808 τῇ
1003 2741 1269 2809 γενομένῃ
1306 2741 1456 2809 παρά
1487 2740 1675 2793 τούτου
1721 2742 1880 2810 δῆθεν

316 2827 591 2896 ἐπιορκία.
629 2828 736 2880 Καὶ
765 2830 1072 2897 σημείωσαι
1105 2829 1186 2882 ὅτι
1237 2831 1330 2885 διὰ
1356 2831 1545 2884 τούτου
1613 2833 1880 2900 συγγινώ-

315 2931 557 2980 σκονται,
591 2919 664 2980 ὡς
694 2918 888 2984 ἔοικεν,
923 2919 974 2971 oi
1005 2923 1143 2974 κατά
1177 2939 1329 2984 τινας
1365 2923 1764 2991 πατριαρχικάς
1789 2923 1879 2975 ἐκ-

320 3006 548 3075 κλησίας
583 3009 992 3078 ἱερουργοῦντες
1042 3010 1299 3080 ἐγχώριοι
1348 3011 1645 3081 ἀρχιερεῖς.
1676 3011 1739 3064 Εἰ
1771 3015 1879 3082 γὰρ

1970 570 2281 628 pensantes,
2307 571 2359 614 et
2392 559 2766 630 permittentes
2818 567 2871 611 ut
2909 558 3092 609 redeat
3130 557 3194 606 ad
3224 552 3536 611 ρει-ιυςὶτιιιι,

1969 653 2022 704 in
2051 666 2154 720 qua
2185 666 2243 705 se
2274 664 2625 718 perseverare
2677 649 2902 716 jnravit,
2953 661 3055 699 non
3093 644 3398 697 videbimur
3453 641 3534 694 fa-

1971 757 2093 796 cere
2112 752 2304 808 prmter
2325 756 2580 804 canones,
2604 755 2702 794 nec
2732 738 3205 806 illejusjurandum
3233 733 3534 802 transgredi

1971 833 2238 888 videbitur
2277 851 2290 886 :
2330 843 2608 888 revertens
2656 832 2799 884 enim
2827 830 3040 884 videtur
3091 844 3309 882 servare
3358 827 3537 894 jnsjn~

1973 921 2228 987 randum,
2274 923 2398 989 quia
2441 920 2792 990 jurijurando
2837 919 3110 988 adjectum
3166 934 3270 969 non
3320 927 3419 972 est.
3481 934 3539 967 se

1974 1028 2078 1066 non
2115 1014 2180 1065 ad
2232 1013 2393 1066 breve
2434 1024 2642 1080 tempus
2699 1026 3050 1066 excessurum
3104 1027 3170 1063 ex
3222 1025 3350 1079 agro
3401 1008 3539 1062 Min-

1975 1104 2256 1156 danorutn.
2290 1103 2396 1172 67
2424 1101 2555 1154 Vide
2607 1116 2734 1169 ergo
2787 1102 3057 1169 quomodo
3116 1115 3181 1151 ex
3256 1099 3539 1151 verborum

1975 1193 2368 1247 examinatione
2413 1192 2922 1247 etconsideratioue
2951 1201 3170 1244 sanctus
3209 1189 3539 1242 sententiattt

1976 1293 2217 1345 \'(.‘I|ullll',
2260 1285 2501 1350 utisqni
2533 1284 2760 1350 juravit,
2811 1298 2917 1336 non
2972 1283 3214 1335 videatur
3274 1281 3539 1349 pejerare.

1977 1374 2099 1428 Haec
2123 1390 2250 1443 ergo
2291 1375 2356 1428 de
2419 1374 2666 1444 Cyri-aco.
2717 1375 2949 1428 Severus
3011 1384 3190 1428 autem
3237 1383 3542 1430 accusatus.

1978 1465 2118 1533 quod
2161 1468 2211 1518 in
2252 1481 2461 1535 agrum,
2493 1466 2580 1534 qui
2613 1474 2729 1518 erat
2752 1464 2842 1517 alii
2893 1465 3098 1534 regioni
3135 1463 3430 1530 subjectus,
3457 1477 3546 1515 or—

1977 1557 2234 1620 tlinassel,
2269 1557 2482 1610 dicebat
2512 1572 2569 1610 se
2603 1558 2703 1609 hoc
2728 1556 3005 1609 oblivione
3051 1555 3260 1615 fecisse,
3298 1555 3547 1608 nescien-

1980 1661 2083 1701 tem
2117 1663 2300 1716 agrum
2356 1649 2443 1700 alii
2505 1663 2624 1702 esse
2680 1647 3008 1715 subjectum.
3068 1646 3332 1711 Quoniam
3391 1659 3547 1712 ergo,

1983 1739 2174 1807 inquit,
2233 1741 2297 1791 ad
2351 1739 2430 1791 sui
2487 1738 2855 1792 defensionem
2911 1738 3269 1808 ignorantiam
3328 1736 3545 1802 allegat,

1979 1838 2191 1896 oportet
2227 1830 2274 1880 ei
2305 1829 2529 1896 ignosci,
2567 1843 2798 1897 eumque
2831 1828 2923 1882 Dei
2957 1828 3162 1896 judicio
3198 1827 3540 1894 relinquere:

1982 1935 2100 1972 cum
2135 1918 2275 1972 enim
2310 1917 2552 1970 cordium
2603 1920 2914 1987 cognitores
2951 1933 3055 1970 non
3104 1931 3312 1977 snmns,
3364 1917 3458 1968 sed
3492 1925 3551 1964 nt

1955 2012 2250 2087 .audimus,
2277 2010 2601 2078 judicamus,
2631 2011 2817 2064 demus
2848 2010 2955 2063 Deo
2987 2009 3305 2070 vindictam,
3350 2005 3552 2059 condo-

1984 2112 2172 2155 nantes
2202 2111 2419 2168 propter
2462 2101 2811 2164 oblivionem,
2862 2115 2980 2168 quae
3012 2109 3095 2153 est
3147 2099 3437 2151 humanum
3472 2097 3551 2147 vi-

1985 2194 2138 2247 tium.
2176 2194 2241 2247 Et
2282 2208 2456 2246 canon
2491 2193 2707 2260 quidem
2745 2193 2795 2244 in
2832 2191 2918 2244 his
2948 2191 3217 2245 consistit.
3253 2188 3334 2241 Tu
3373 2197 3549 2239 autem

1983 2284 2098 2353 lege
2151 2297 2269 2352 cap.
2305 2283 2370 2336 18
2400 2324 2413 2342 .
2442 2297 2563 2350 cap.
2595 2283 2664 2335 13
2722 2283 2801 2334 tit.
2839 2282 2904 2335 15
2933 2281 3213 2349 praesentis
3256 2281 3470 2345 operis,
3498 2289 3553 2329 et

1984 2391 2100 2444 quae
2133 2375 2184 2428 in
2216 2374 2330 2443 ejus
2383 2376 2825 2442 interpretatione
2851 2373 3046 2442 scripta
3087 2384 3207 2426 sunt
3241 2374 3304 2424 de
3353 2378 3551 2421 tracta-

1985 2466 2128 2518 tione
2155 2465 2612 2532 juramentorum.
2647 2463 2729 2516 Tu
2765 2471 2947 2516 autem
2986 2463 3124 2514 habe
3180 2461 3231 2512 in
3288 2459 3550 2511 memoria

1982 2556 2034 2609 id
2064 2568 2296 2624 quoque,
2331 2554 2535 2622 qnoda
2589 2562 2780 2606 sancto
2839 2552 3100 2620 scriptum
3153 2561 3236 2603 est
3289 2549 3355 2602 de
3409 2547 3550 2600 facto

1982 2647 2125 2713 quod
2157 2644 2348 2699 incidit
2377 2646 2431 2698 in
2464 2645 2806 2700 ordinatione
2837 2643 3075 2714 Cyriaci,
3109 2653 3163 2696 et
3223 2644 3287 2695 de
3316 2639 3554 2711 perjurio

1982 2736 2123 2804 quod
2152 2735 2221 2789 ab
2240 2749 2306 2789 eo
2324 2735 2673 2790 commissum
2690 2746 2771 2790 est
2807 2754 2820 2789 :
2851 2745 2904 2789 et
2931 2745 3056 2788 nota
3079 2735 3222 2802 quod
3243 2741 3549 2801 pmpterea,

1984 2834 2042 2879 ut
2069 2835 2153 2880 est
2201 2827 2511 2890 verisimile,
2568 2827 2866 2895 ignoscitur
2897 2826 3132 2893 regionis
3192 2824 3552 2884 antistitibus.

1982 2918 2073 2986 qui
2110 2918 2162 2970 in
2225 2918 2548 2984 quibusdam
2601 2917 3050 2985 patriarcbalibus
3108 2917 3351 2970 ecclesiis
3398 2929 3551 2967 sacra

1984 3006 2279 3060 celebrant.
2307 3005 2417 3059 Nisi
2465 3009 2608 3060 enim
2657 3008 2972 3076 ignorantiae
3003 3015 3293 3074 pra‘textns
3348 3003 3554 3057 Severo

319 3096 391 3165 μὴ
426 3098 488 3150 τὸ
511 3103 612 3167 τῆς
641 3100 862 3165 ἀγνοίας
905 3101 1196 3170 πρόϐλημα
1231 3101 1496 3172 ἐϐοήθησε
1528 3103 1600 3172 τῷ
1634 3104 1875 3173 Σεϐήρῳ,

1985 3097 2245 3150 auxilium
2278 3098 2512 3162 tulisset,
2551 3099 2831 3168 depositus
2865 3109 3030 3162 esset,
3059 3099 3201 3164 quod
3230 3099 3367 3151 nltra
3398 3113 3550 3150 suam

315 3184 590 3260 καθῃρέθη
624 3190 710 3254 ἂν,
733 3189 822 3244 διά
853 3191 912 3242 τὸ
947 3191 1077 3260 παρ’
1103 3193 1316 3261 ἐνορίαν
1357 3194 1580 3262 ποιῆσαι
1635 3211 1874 3264 χειροτοο

313 3276 455 3329 νίαν.
485 3277 621 3344 Περὶ
665 3280 722 3331 δέ
761 3282 952 3352 ίερέων
971 3282 1182 3351 ψευδῶς
1220 3285 1685 3353 μαρτυρησάντων
1713 3285 1880 3350 ἀνάγ-

314 3365 446 3417 νωθι
475 3365 574 3435 τὴν
607 3374 692 3430 ος·’
724 3370 939 3437 Νεαρὰν
967 3370 1060 3422 τοῦ
1113 3370 1380 3438 βασιλέως
1430 3371 1598 3442 κυροῦ
1654 3373 1880 3437 Λέοντος

311 3456 404 3509 τοῦ
433 3458 752 3527 Φιλοσόφου,
785 3461 1259 3530 διαλαμϐάνουσαν
1305 3465 1405 3528 ὡς,
1446 3465 1495 3515 εί
1531 3464 1630 3532 μὲν
1658 3464 1880 3533 ἔνορκον

312 3548 788 3622 ψευδομαρτυρίαν
862 3556 1078 3624 ποιήσει
1147 3558 1175 3609 ὀ
1238 3557 1437 3628 ἱερεὺς,
1513 3556 1876 3626 καθαιρεῖται.

312 3641 518 3712 Ὀρκου
563 3644 618 3695 δέ
688 3645 761 3712 μὴ
828 3646 1371 3714 παραζευγνυμένου,
1434 3645 1752 3712 ἀφορίζεται
1785 3647 1877 3699 ἐπὶ

309 3733 498 3801 τριετῆ
539 3735 728 3801 χρόνον
764 3737 844 3798 είς
893 3739 1274 3808 μοναστήριον,
1301 3738 1395 3790 καὶ
1437 3737 1608 3800 οὕτως
1639 3740 1719 3800 είς
1777 3738 1875 3807 τὴν

313 3821 450 3873 ίὸἱαν
480 3823 634 3885 τάξιν
659 3826 1113 3881 ἀποκαθίσταται.

382 3912 626 3966 ΖΩΝΑΡ.
651 3913 806 3976 Τινὲς
833 3917 910 3977 είς
953 3917 1014 3969 τὸ
1060 3921 1501 3990 χειροτονηθῆναι
1552 3922 1876 3992 καλούμενοι

313 3998 620 4068 ἑξώμνυντο
651 4002 724 4073 μὴ
780 4005 1172 4070 καταδέξασθαι
1227 4009 1326 4078 τὴν
1356 4012 1709 4077 χειροτονίαν.
1740 4012 1877 4072 Τοὺς

311 4087 404 4141 οὖν
430 4093 705 4154 τοιούτους
761 4093 907 4159 λέγει
946 4095 972 4146 6
991 4097 1175 4182 κανὼν
1211 4097 1286 4167 μὴ
1318 4099 1428 4152 δεῖν
1471 4101 1876 4166 ἀναγκάζεσθαι

315 4182 610 4250 ἐπιορκεῖν.
638 4184 755 4237 Κᾶν
781 4187 933 4256 δοκῇ,
969 4189 1152 4257 φησὶν,
1185 4189 1384 4252 ἐξεῖναι
1411 4194 1521 4254 τοῖς
1546 4193 1638 4260 ἀφ’
1669 4194 1875 4246 ἐαυτῶν

313 4273 592 4340 ὀμόσασιν,
648 4276 680 4344 ἢ
732 4275 932 4346 δεσμόν
953 4294 1070 4330 τινα
1135 4282 1344 4342 ἑαυτοῖς
1374 4278 1878 4348 ἐπιϐαλοῦσιν,οῖον

319 4365 391 4431 μὴ
420 4368 614 4431 φαγεῖν
643 4367 832 4437 κρέας,
859 4369 892 4438 ή
921 4369 996 4439 μὴ
1025 4372 1167 4422 πιεῖν
1197 4367 1361 4434 οἴνον,
1394 4372 1426 4440 ἢ
1458 4373 1530 4441 μὴ
1549 4375 1666 4426 τόδε
1698 4375 1729 4442 ἢ
1759 4374 1876 4426 τόδε

1988 3188 2269 3242 dioecesim
2326 3189 2722 3243 ordinationem
2777 3189 3018 3245 fecisset.
3070 3188 3146 3243 De
3185 3188 3558 3243 sacerdotibus

1987 3284 2168 3329 autem
2191 3277 2338 3331 falso
2389 3279 2706 3340 testiﬁcatis,
2776 3278 2890 3344 lege
2962 3278 3303 3345 imperatoris
3352 3276 3555 3329 domini

1987 3362 2180 3418 Leonis
2215 3364 2486 3434 Sapientis
2539 3366 2800 3420 novellam
2833 3365 2920 3428 76,
2953 3381 3074 3434 qua:
3126 3367 3390 3425 continet,
3412 3365 3555 3431 quod

1987 3458 2032 3510 si
2089 3458 2348 3511 sacerdos
2406 3457 2600 3513 falsum
2651 3457 3021 3512 testimonium
3071 3456 3282 3523 juratns
3337 3456 3553 3514 dixerit,

1989 3549 2288 3617 deponitur.
2325 3549 2477 3616 Quod
2505 3551 2548 3603 si
2576 3551 2957 3619 jusjurandum
2992 3564 3098 3603 non
3132 3549 3452 3611 accesserit,
3501 3550 3554 3601 in

1990 3642 2376 3694 monasterium
2413 3641 2477 3693 ad
2526 3642 2815 3694 triennium
2866 3651 3170 3712 separetur,
3231 3651 3286 3694 et
3319 3641 3398 3694 sic
3449 3641 3556 3711 pri-

1989 3733 2128 3787 stitio
2157 3733 2330 3787 ordini
2363 3731 2698 3788 restittlatur.

2057 3912 2307 3969 ZONAR.
2340 3914 2566 3980 Quidam
2593 3913 2765 3967 vocati
2790 3923 2845 3966 ut
2870 3914 3274 3977 ordinarentur,
3302 3914 3558 3979 jurarunt

1989 4021 2048 4060 se
2085 4007 2478 4059 ordinationem
2535 4022 2642 4061 non
2700 4007 3050 4061 admissuros.
3105 4006 3375 4074 Ejusmodi
3429 4019 3556 4070 ergo

1989 4095 2255 4156 homines,
2290 4095 2364 4146 ait
2391 4109 2586 4157 canon,
2621 4111 2722 4150 non
2754 4111 2876 4150 esse
2908 4097 2972 4150 ad
3008 4096 3301 4164 perjnrimn
3338 4096 3560 4162 adigen.

1987 4186 2100 4239 dos.
2149 4185 2373 4239 Etiamsi
2423 4187 2688 4252 videatur,
2741 4189 2934 4254 inquit,
2972 4187 3133 4251 licere
3186 4187 3272 4247 iis,
3319 4187 3407 4252 qui
3455 4200 3554 4236 sua

1986 4287 2179 4344 Sponte
2220 4277 2493 4345 jurarunt,
2542 4288 2635 4332 aut
2666 4281 2881 4346 aliquod
2917 4279 3184 4332 vinculum
3217 4277 3316 4330 sibi
3359 4276 3558 4344 injcce-

1987 4377 2146 4433 runt;
2189 4370 2332 4420 velut
2366 4369 2633 4422 abstinere
2675 4385 2702 4422 a
2740 4371 3024 4434 carnibus,
3068 4378 3158 4421 aut
3202 4384 3229 4419 a
3280 4369 3423 4429 vino,
3466 4375 3557 4417 aut

317 4457 558 4519 ποιῆσαι,
594 4454 742 4507 λύειν
815 4457 979 4509 πάλιν
1035 4457 1133 4524 ἀφ’
1180 4459 1391 4510 ἑαυτῶν
1420 4460 1511 4511 τὸν
1534 4461 1750 4530 δεσμὸν,
1785 4464 1875 4515 καὶ

1988 4460 2088 4511 hoc
2116 4457 2201 4512 vel
2238 4458 2364 4511 illud
2395 4459 2680 4524 omittere;
2712 4459 2985 4512 vinculum
3017 4459 3143 4512 illud
3181 4474 3392 4512 rursum
3421 4473 3551 4524 pro-

315 4541 408 4593 τοῦ
440 4544 605 4610 ὅρκου
652 4545 1027 4610 ἀφίστασθαι·
1085 4544 1214 4598 ἀλλ’
1267 4549 1331 4598 ἐκ
1379 4549 1576 4617 πείρας
1603 4549 1878 4618 ἐμάθομεν

314 4631 392 4680 ὅτι
421 4631 962 4699 οίπαρορκήσαντες,
1028 4633 1194 4702 ἤγουν
1223 4635 1270 4685 οί
1321 4635 1469 4704 παρά
1515 4636 1644 4698 τοὺς
1684 4637 1878 4704 ὅρκους

314 4724 663 4788 ποιήσαντες,
714 4723 816 4775 οὐκ
851 4721 1216 4788 εὐδοκοῦνται,
1257 4725 1377 4776 ἀντὶ
1403 4723 1522 4790 τοῦ,
1567 4726 1626 4777 οὑ
1663 4725 1878 4794 θελητοὶ

312 4812 388 4878 τῷ
408 4810 524 4879 Θεῷ
551 4814 704 4871 εἰσιν,
731 4813 762 4881 ἢ
794 4814 894 4865 οὐκ
916 4815 1192 4880 εὐδόκιμοι
1232 4815 1401 4884 αὐτῷ,
1439 4817 1498 4866 οὐ
1529 4817 1572 4867 δ’
1594 4816 1878 4886 εὐάρεστοι

315 4903 610 4970 κρίνονται.
641 4906 731 4953 Δεῖ
767 4903 845 4966 δέ,
873 4891 1062 4972 φησὶν,
1088 4906 1180 4957 ἐπὶ
1231 4905 1341 4956 ὧν
1386 4905 1640 4958 τοιούτων
1677 4907 1770 4958 καὶ
1819 4909 1878 4958 τὸ

315 4992 451 5058 εἶδος
485 4995 579 5047 τοῦ
613 4994 776 5063 ὅρκου
811 5001 1034 5048 σκοπεῖν
1055 5015 1067 5027 ⁸
1099 4997 1298 5061 εἴτουν,
1348 5001 1394 5051 εί
1423 5001 1554 5051 Θεὸν
1596 5001 1879 5069 ὠνόμασεν

315 5085 554 5152 ὀμνύων,
602 5085 635 5152 ἧ
663 5085 790 5137 ἄλλο
822 5103 897 5149 τι,
933 5090 1023 5138 καὶ
1075 5088 1142 5138 τὰ
1186 5089 1404 5158 ῥήματα
1434 5088 1528 5140 τοῦ
1555 5089 1876 5155 ὀμόσαντος,

317 5177 408 5227 καὶ
456 5176 555 5244 τὴν
593 5175 834 5228 διάθεσιν
887 5179 982 5243 ἀφ’
1044 5173 1107 5246 ἧς
1162 5177 1368 5243 ὤμοσε,
1423 5181 1516 5230 καὶ
1571 5178 1669 5239 τάς
1741 5179 1879 5229 κατά

315 5268 506 5318 λεπτὸν
539 5270 597 5318 ἐν
625 5270 734 5329 τοῖς
782 5269 988 5334 ῥήμασι
1033 5273 1364 5339 προσθήκας.
1408 5273 1563 5330 Εἰκὸς
1591 5272 1696 5339 γάρ
1731 5275 1878 5323 ἐστιν

316 5359 378 5408 ἐκ
413 5358 512 5423 τῆς
543 5357 637 5408 τοῦ
695 5357 859 5424 ὅρκου
925 5361 1229 5427 ποιότητος,
1266 5368 1358 5413 καὶ
1392 5363 1454 5412 ἐκ
1480 5367 1585 5412 τῶν
1619 5362 1877 5432 ῥημάτων

316 5447 410 5497 καὶ
432 5447 494 5497 ἐκ
529 5447 624 5511 τῆς
685 5448 974 5510 διαθέσεως
1007 5465 1019 5478 ·
1069 5452 1306 5518 εἰτυχὺν
1366 5455 1428 5503 ἐκ
1496 5453 1876 5520 μικροψυχίας,

316 5534 412 5586 καὶ
436 5535 535 5584 οὐκ
564 5534 620 5597 ἐξ
642 5537 878 5604 ἀμέτρου
901 5535 1120 5604 γνώμης
1169 5536 1369 5604 ὤμοσε,
1399 5541 1724 5592 καταλαϐεῖν
1753 5541 1880 5602 τοὺς

319 5621 674 5682 σκοποῦντας,
713 5622 786 5688 μὴ
818 5623 1120 5676 κωλύεσθαι
1154 5625 1245 5676 τὸν
1275 5626 1545 5690 ὀμόσαντα
1579 5628 1879 5694 ἀποστῆναι

319 5711 409 5763 τοῦ
441 5714 624 5780 ὅρκου.
661 5713 720 5765 ΕΞ
750 5713 826 5779 δὲ,
863 5713 1064 5767 τούτων
1134 5718 1538 5785 σκοπουμένων,
1585 5719 1682 5770 οὐκ
1733 5718 1878 5770 ἐστιν

1987 4550 2101 4617 pria
2148 4551 2474 4602 auctoritate
2521 4550 2839 4613 dissolvere,
2877 4560 2930 4602 et
2974 4565 3002 4601 a
3035 4548 3388 4617 jurejurando
3425 4551 3556 4600 deti-

1987 4653 2148 4693 cere:
2192 4650 2562 4693 verumtamen
2599 4641 2930 4708 experientia
2977 4640 3286 4699 didicimus.
3336 4653 3428 4692 eos
3464 4640 3552 4705 qui

1986 4731 2349 4798 perjurarunt,
2382 4733 2480 4784 hoc
2511 4741 2615 4794 est,
2641 4731 2731 4798 qui
2756 4741 2941 4784 contra
2972 4732 3025 4782 id
3047 4733 3186 4798 quod
3210 4731 3552 4797 juravernnt,

1985 4822 2260 4888 quippiam
2307 4819 2572 4882 fecerunt,
2620 4837 2725 4874 non
2769 4824 3000 4888 placere,
3031 4823 3132 4874 hoc
3169 4832 3283 4884 est,
3337 4821 3556 4872 minime

1985 4919 2234 4970 acceptos
2265 4922 2384 4960 esse
2417 4907 2545 4967 Deo,
2590 4907 2671 4958 vel
2723 4909 3135 4974 haudquaquam
3174 4906 3386 4975 probos,
3420 4907 3555 4958 ami—

1985 5011 2183 5064 cosque
2221 4999 2287 5049 ab
2343 4997 2458 5062 ipso
2503 4996 2760 5063 judicari.
2804 4995 3026 5064 Oportet
3074 5012 3223 5060 vero,
3263 4997 3452 5064 inquit,
3503 4997 3552 5046 in

1986 5085 2134 5138 hisce
2170 5085 2472 5137 hominibus
2518 5099 2686 5153 genus
2716 5099 2928 5151 quoque
2968 5083 3327 5150 jurisjurandi
3377 5085 3553 5138 consi-

1987 5179 2195 5241 derare,
2225 5177 2466 5230 Deumne
2496 5177 3081 5244 appellaveritjnrans,
3116 5193 3180 5230 an
3221 5178 3367 5235 aliud
3401 5179 3556 5245 quid-

1989 5269 2150 5333 piam.
2192 5278 2300 5319 tum
2335 5267 2568 5334 jurantis
2601 5268 2783 5329 verba,
2833 5268 3106 5336 animique
3150 5267 3398 5321 affectum
3447 5284 3553 5336 quo

1987 5359 2206 5425 juravit,
2255 5374 2317 5411 ac
2362 5361 2599 5411 minutas
2640 5374 2882 5426 quasque
2926 5359 3229 5414 additiones
3263 5362 3314 5414 in
3350 5361 3550 5414 verbis.

1992 5448 2270 5500 Probabile
2293 5449 2434 5500 enim
2463 5457 2564 5509 est.
2592 5463 2654 5501 ex
2681 5449 3038 5517 jurisjurandi
3071 5450 3259 5513 forma,
3285 5465 3348 5503 ex
3379 5451 3556 5505 verbis

1991 5539 2211 5606 pariter,
2253 5548 2304 5592 et
2330 5553 2394 5592 ex
2430 5541 2594 5592 animi
2632 5539 2935 5603 aﬂectione,
2984 5543 3029 5594 si
3069 5542 3208 5594 [οι-ιο
3243 5557 3305 5594 ex
3339 5539 3557 5608 pusilla-

1993 5631 2257 5691 nimitate,
2287 5647 2392 5684 non
2424 5643 2607 5685 autem
2637 5647 2700 5686 ex
2731 5635 2998 5687 constanti
3037 5633 3311 5702 proposito
3332 5631 3552 5699 jnravit,

1990 5720 2314 5789 deprehendi
2353 5736 2509 5788 pOssc
2541 5723 2606 5776 ab
2637 5723 2722 5786 iis,
2763 5724 2851 5791 qui
2888 5724 3144 5779 attentius
3175 5723 3550 5793 cogitaverim,
