4124 6450
606 317 704 376 631

1878 349 2161 415 TIIEOD.
2196 358 2596 424 BALSAMON

3740 379 3847 440 £32

606 443 710 479 non
764 434 1009 499 impediri
1057 438 1351 509 jurantetn,
1384 462 1491 515 quo
1523 450 1699 507 minus
1744 469 1773 507 a
1818 458 2162 524 jurejurando

606 520 817 549 .tnnnh.
880 526 1123 549 ir-_-___._
1172 547 1213 549 η
1364 538 1373 549 .
1419 541 1431 549 .
1460 541 1469 549 .
1672 546 1681 549 -
1799 547 1810 549 _

2270 468 2451 535 εὑρεῖν
2486 473 2838 543 παραμυθίαν
2866 480 2988 528 τινὰ
3021 481 3095 540 εἰς
3120 483 3178 532 τὸ
3200 483 3508 549 ἀποστῆναι
3531 484 3621 536 τοῦ
3643 488 3833 549 ὅρκου,

604 520 842 575 deficiat.
880 526 1282 602 Verumtamen,
1330 538 1375 590 si
1419 541 1568 595 hisce
1598 546 2008 612 animadversis,
2056 554 2171 605 nul-

604 611 710 663 lam
750 613 877 669 licet
921 619 1163 677 invenire
1196 632 1623 694 excusationem.
1661 650 1756 702 per
1782 639 2170 709 quamjureju-

608 706 780 759 rando
828 711 1127 777 solvuntur,
1183 717 1445 783 ejusmodi
1496 737 1707 789 oportet
1753 730 2046 796 dimittere,
2104 752 2168 791 ne

602 810 721 850 sese
750 798 988 869 perjurio
1038 809 1398 881 adstringant.
1447 815 1597 882 Quod
1642 830 1817 875 autem
1860 826 1924 878 de
1969 826 2169 881 Severo

604 901 859 945 narratur
908 899 1200 962 negotium,
1250 905 1364 957 sive
1410 909 1572 973 actio,
1631 911 1717 965 vel
1769 928 2164 983 argumentum,

602 976 865 1073 ejusmodi
892 994 995 1037 est.
1022 983 1295 1056 Longinus
1326 995 1541 1059 quidam
1576 999 1804 1055 habebat
1831 976 2041 1073 agrum,
2073 976 2163 1061 cui

600 1065 852 1122 Mindana
904 1089 1095 1128 nomen
1140 1088 1278 1144 erat,
1331 1082 1559 1141 Misthiaa
1594 1065 1924 1160 episcopatui
1982 1065 2162 1163 subje‘

600 1168 769 1211 ctum.
798 1161 1029 1217 Severus
1053 1178 1254 1231 autem,
1284 1188 1403 1226 cum
1434 1174 1769 1234 Masadarum
1791 1192 1934 1237 esset
1958 1161 2163 1252 episco-

598 1264 718 1315 pus,
750 1250 1034 1321 Cyriacum
1059 1263 1343 1327 quemdam
1376 1269 1582 1336 templi,
1608 1274 1747 1336 quod
1776 1275 1824 1326 in
1859 1250 2001 1344 agro
2016 1281 2162 1344 posi-

598 1352 709 1394 tum
740 1355 874 1409 erat,
900 1351 1268 1421 presbyterum
1292 1359 1591 1425 constituit,
1618 1364 1706 1430 qui
1738 1366 1898 1419 etiam
1925 1369 2156 1435 juravit,

596 1449 657 1487 se
692 1437 742 1487 in
774 1440 968 1505 templo
998 1456 1426 1514 permansurum,
1459 1451 1540 1503 vel
1570 1453 1746 1519 potius
1780 1457 1921 1511 illius
1958 1462 2165 1527 episco—

596 1529 743 1589 patui
774 1528 891 1581 fore
927 1531 1221 1600 subjectum
1254 1553 1268 1589 :
1299 1553 1481 1593 verum
1510 1542 1651 1599 illius
1688 1549 1923 1615 regionis
1951 1553 2163 1619 episco-

596 1635 716 1685 pus,
768 1622 850 1673 cui
892 1637 1019 1690 ager
1059 1627 1334 1693 subjectus
1383 1642 1520 1694 erat,
1571 1636 1855 1704 Cyriacum
1908 1658 1936 1695 a
1990 1649 2161 1701 sacris

596 1711 911 1765 muneribus
933 1714 1195 1772 obeundis
1235 1720 1285 1771 in
1316 1722 1563 1787 ecclesia,
1589 1742 1708 1792 quae
1728 1729 1807 1781 sui
1839 1730 1976 1797 juris
1996 1747 2159 1797 esset,

600 1806 837 1865 arcebat,
876 1807 1072 1874 quippe
1108 1810 1197 1878 qui
1235 1814 1300 1865 ab
1349 1813 1453 1868 alio
1498 1818 1672 1872 sacris
1715 1822 1990 1878 ordinibus
2028 1829 2162 1883 foret

599 1891 907 1961 insignitus.
944 1896 1017 1951 Ex
1042 1914 1147 1967 quo
1175 1901 1263 1954 illa
1294 1903 1478 1958 relicta
1514 1905 1770 1976 Cyriacus
1802 1913 1906 1966 alio
1936 1930 2165 1973 conces-

598 1985 717 2035 sit:
762 1995 870 2039 tum
918 1986 1191 2057 Longinus
1235 2008 1450 2062 quoque
1479 2010 1541 2050 ea
1589 1998 1657 2052 de
1703 2015 1861 2056 causa
1904 2022 2162 2077 mmrens,

596 2076 863 2128 desertam
907 2092 965 2131 se
996 2080 1277 2135 ecclesiam
1322 2086 1657 2143 redditurum
1700 2092 2024 2153 minabatur.
2059 2076 2166 2154 Ro?

598 2174 753 2229 gatus
802 2166 983 2235 itaque
1025 2186 1251 2238 magnus
1299 2174 1550 2240 Basilius,
1601 2184 1666 2236 ad
1701 2184 1800 2239 hoc
1840 2191 2110 2256 respondit
2144 2230 2159 2255 ,

599 2272 787 2323 agrum
822 2261 906 2313 cui
941 2264 1279 2319 renuntiatus
1305 2276 1385 2320 est
1415 2268 1695 2337 Cyriacus,
1741 2277 1839 2330 hoc
1871 2288 1975 2343 est,
2010 2280 2162 2348 cujus

599 2350 878 2418 presbyter
926 2354 1229 2409 nominatus
1276 2366 1379 2421 est,
1436 2357 1775 2415 Masadarum
1829 2368 2160 2435 episcopatui

598 2440 815 2508 subjici,
854 2444 1066 2498 etiamsi
1114 2446 1337 2501 alterius
1378 2451 1614 2517 regionis
1658 2466 1823 2521 esset,
1875 2472 1939 2511 ac
1973 2474 2162 2516 rursus

600 2533 725 2585 illuc
760 2534 933 2587 redire
963 2533 1269 2605 Cyriacum.
1308 2540 1383 2593 lta
1427 2558 1677 2611 namque,
1712 2548 1808 2613 ait,
1862 2565 2033 2617 neque
2074 2554 2162 2608 ille

599 2624 819 2676 violabit
866 2626 1281 2693 jusjurandum,
1333 2646 1507 2700 neque
1555 2634 1829 2705 Longinus
1880 2642 2159 2697 ecclesiam

600 2716 882 2779 «lcsolahit,
935 2720 1034 2772 ltoc
1080 2733 1182 2785 cst,
1238 2727 1501 2779 desertam
1542 2728 1823 2795 relinquet,
1875 2743 1967 2784 aut
1998 2734 2159 2787 etiam

598 2802 832 2856 abolebit
887 2823 899 2857 :
953 2822 1124 2873 neque
1175 2821 1438 2864 suammet
1494 2813 1605 2881 68
1661 2814 1896 2867 animam
1952 2816 2161 2871 inertiis

600 2895 893 2957 damnabit,
933 2900 1032 2951 hoc
1062 2914 1163 2963 est,
1203 2904 1470 2970 subiiciet,
1503 2905 1643 2973 quod
1681 2922 1781 2960 non
1815 2910 2153 2973 precationi-

602 2984 701 3037 bus
734 3001 795 3037 ac
830 2985 1025 3041 tiiviuis
1058 2990 1301 3045 laudibus
1328 3002 1500 3055 vacet,
1541 2995 1631 3047 sed
1664 2994 1729 3047 ab
1767 2996 1829 3047 iis
1859 2995 2015 3063 plane
2042 3012 2161 3050 ces-

2274 559 2379 628 χρὴ
2413 564 2537 623 τοὺς
2602 565 2874 627 τοιούτους
2934 570 3049 638 ὲᾷν,
3076 572 3161 625 ἵνα
3196 574 3269 640 μὴ
3301 575 3619 642 ἐπιορκῶσι.
3661 578 3731 627 Τὸ
3790 577 3843 628 δὲ

2273 649 2412 702 κατὰ
2471 652 2560 703 τὸν
2614 654 2847 723 Σευῆρον
2900 662 3151 727 πρᾶγμα,
3204 664 3377 731 ἦτοιή
3415 666 3615 733 πρᾶξις
3683 668 3778 718 καὶ
3810 671 3840 732 ἡ

2274 744 2545 807 ὑπόθεσις,
2598 748 2835 803 τοιοῦτόν
2868 769 2918 803 τι
2944 747 3028 821 ἦν.
3072 755 3328 821 Λογγῖνός
3361 772 3447 817 τις
3501 754 3645 823 εἶχεν
3677 758 3841 824 ἀγρὸν

2271 833 2603 903 καλούμενον
2657 839 2899 893 Μίνδανα
2929 883 2944 907 ,
2996 846 3060 912 τῇ
3110 846 3382 915 ἐπισκοπῇ
3417 848 3517 914 τῆς
3564 850 3831 910 Μισθείας

2272 923 2650 993 ὑποκείμενον.
2711 930 2947 999 Σευῆρος
2995 933 3051 984 δὲ
3099 935 3370 988 Μασάδων
3416 938 3717 999 ἐπίσκοπος
3769 938 3843 989 ὣν

2268 1014 2640 1086 ἐχειροτόνησε
2699 1022 2979 1089 Κυριακόν
3029 1042 3146 1077 τινα
3193 1028 3275 1088 είς
3327 1028 3419 1079 τὸν
3452 1029 3509 1079 ἐν
3546 1028 3623 1094 τῷ
3683 1029 3841 1093 ἀγρῷ

2268 1106 2394 1157 ναὸν
2450 1109 2835 1179 πρεσϐύτερον,
2904 1114 3178 1183 ὀμόσαντα
3236 1119 3573 1185 παραμένειν
3604 1118 3679 1183 τῷ
3708 1118 3838 1183 ναῷ.

2269 1197 2301 1265 ἢ
2339 1198 2537 1265 μᾶλλον
2568 1203 2632 1269 τῇ
2652 1202 2922 1274 ἐπισκοπῇ
2950 1206 3113 1259 αὑτοῦ
3169 1208 3469 1260 ὑποτελεῖν.
3516 1209 3655 1260 Ἀλλ’
3689 1212 3715 1260 ὁ
3742 1213 3839 1275 τῆς

2266 1286 2479 1353 ὲνορίας
2522 1288 2876 1365 ἐπίσκοποςῇ
2911 1295 3165 1348 ὑπέκειτο
3191 1297 3218 1347 6
3245 1297 3435 1364 ἀγρδς,
3485 1298 3693 1349 ἐκώλυε
3751 1300 3839 1349 τὸν

2267 1376 2543 1441 Κυριακὺν
2576 1382 2880 1451 ἱερουργεῖν
2908 1385 2967 1437 ἐν
2999 1385 3266 1456 ἐκκλησίᾳ.
3303 1386 3634 1455 διαφερούσῃ
3664 1390 3833 1455 αὐτῷ,

2266 1466 2396 1531 παρ’
2433 1466 2619 1534 ἐτέρου
2666 1471 3125 1540 χειροτονηθέντα.
3155 1475 3245 1525 Διδ
3274 1475 3367 1525 καὶ
3398 1474 3714 1527 καταλιπὼν
3740 1479 3838 1527 αὑ-

2265 1556 2364 1625 τὴν
2396 1559 2423 1608 ό
2460 1559 2752 1627 Κυριακδς,
2798 1563 3064 1628 μετετέθη
3091 1563 3361 1633 άλλαχοῦο
3390 1564 3483 1617 καὶ
3518 1568 3543 1617 6
3570 1567 3831 1633 Λογγῖνος

2265 1644 2351 1697 διὰ
2383 1647 2539 1698 τοῦτο
2569 1649 2905 1715 λυπούμενος
2954 1652 3169 1721 ἠπείλει
3201 1655 3485 1724 ἐρημῶσαι
3512 1658 3607 1725 τὴν
3638 1659 3837 1724 ἐκκλης

2269 1734 2410 1786 σίαν.
2458 1737 2785 1807 Ἐρωτηθεὶς
2815 1737 2907 1794 οὖν
2930 1743 2957 1793 ό
2984 1743 3157 1811 μέγας
3190 1745 3465 1807 Βασίλειος
3490 1749 3613 1815 περὶ
3643 1747 3833 1800 τούτου

2268 1825 2601 1897 ἀπεκρίνατο
2653 1830 2743 1883 τὸν
2788 1832 2955 1900 ἀγρὸν
3013 1830 3059 1901 ᾧ
3096 1834 3445 1905 ἐπεκηρύχθη
3476 1838 3503 1889 ὀ
3535 1839 3833 1905 Κυριακδς.

2268 1914 2437 1983 ἤγουν
2484 1919 2563 1979 είς
2601 1918 2661 1970 δν
2710 1920 3001 1990 ὠνομάσθη
3054 1923 3449 1993 πρεσδύτερος,
3501 1928 3827 1995 ὑποτεθῆναι

2266 2009 2331 2075 τῇ
2360 2008 2626 2079 ἐπισκοπῇ
2655 2010 2761 2063 τῶν
2778 2012 3069 2076 Μασάδων,
3095 2016 3143 2067 εἰ
3173 2017 3264 2068 καὶ
3282 2016 3477 2085 ἐτέρας
3502 2013 3571 2087 ἦν
3597 2019 3837 2087 ἐνορίας,

2266 2098 2473 2151 καὶτὸν
2518 2099 2791 2170 κυριακὸν
2824 2100 2976 2163 αὖθις
3006 2106 3413 2175 ἐπαναστρέψαι
3475 2110 3611 2160 ἐκεῖ.
3682 2110 3838 2164 Οὕτω

2266 2184 2394 2251 γὰρ,
2457 2188 2644 2254 φησὶν,
2677 2188 2798 2241 οὕτε
2830 2190 3036 2251 ἐκεῖνος
3092 2193 3243 2259 παρὰ
3278 2195 3368 2246 τὸν
3401 2197 3563 2264 ὅρκον
3586 2200 3828 2267 ποιήσει,

2264 2274 2386 2328 οὕτε
2412 2279 2440 2329 6
2465 2278 2724 2345 Λογγῖνος
2782 2281 2880 2349 τὴν
2913 2282 3207 2351 ἐκκλησίαν
3232 2286 3535 2354 ἐρημώσει,
3568 2291 3689 2341 ἀντὶ
3718 2291 3836 2353 τοῦ,

2265 2364 2471 2435 ἔρημον
2506 2368 2819 2439 καταλείψει
2848 2371 2881 2441 ἦ
2912 2374 3006 2425 καὶ
3055 2373 3273 2427 καθελεῖ
3292 2389 3311 2407 ο
3341 2377 3461 2429 οὑδδ
3490 2379 3593 2445 τὴν
3634 2380 3832 2432 ἑαυτοῦ

2263 2456 2438 2526 ψυχὴν
2460 2462 2577 2521 ταῖς
2623 2461 2845 2530 ᾁργίαις
2903 2464 3279 2523 καταδικάσει.
3328 2466 3497 2535 ἤγουν
3550 2468 3834 2533 ὑποϐαλεῖ,

2264 2549 2341 2618 τῷ
2378 2549 2450 2619 μὴ
2494 2551 2773 2620 σχολάζειν
2825 2554 3009 2622 εὑχαῖς
3069 2556 3162 2607 καὶ
3217 2560 3328 2619 τοῖς
3392 2558 3556 2621 θείοις
3622 2560 3835 2628 ὕμνοις,

2265 2639 2399 2692 ἀλλὰ
2425 2641 2613 2709 ἀργεῖν
2647 2644 2711 2694 ἐκ
2738 2642 2973 2699 τούτων.
3047 2647 3155 2697 Καὶ
3189 2648 3366 2713 ἡμεῖς,
3422 2650 3607 2719 φησὶν,
3636 2652 3839 2702 οίκονο-

2269 2726 2498 2795 μοῦντες
2555 2728 2625 2783 τά
2683 2732 2827 2783 κατά
2871 2732 2962 2784 τὸν
3004 2734 3301 2801 κυριακὸν,
3358 2736 3449 2786 καὶ
3499 2737 3837 2805 ὑποστρέψαι

2262 2817 2424 2871 αὑτὸν
2472 2821 2551 2881 εἰς
2611 2820 2709 2890 τὴν
2746 2823 3092 2892 Ἐκκλησίαν,
3122 2820 3394 2897 ὤμοσεν
3453 2830 3832 2899 ἐγκαρτερεῖν,

2262 2909 2668 2980 ἐπιτρέποντες,
2704 2913 2763 2965 οὑ
2788 2913 3008 2979 δόξομεν
3031 2916 3181 2983 παρά
3208 2918 3436 2981 κανόνας
3485 2922 3681 2981 ποιεῖν,
3715 2923 3836 2974 οὑδέ

2264 3000 2468 3063 ἐκεῖνος
2502 3003 2863 3074 παρασαίνειν
2892 3007 2983 3058 τὸν
3017 3007 3177 3074 ὅρκον
3198 3009 3437 3077 κριθείη.
3500 3012 3835 3081 Ἐπανερχόο

601 3085 704 3127 set.
766 3077 841 3129 Ac
883 3093 1001 3139 nos,
1040 3079 1229 3147 inquit,
1268 3082 1377 3135 haec
1410 3084 1473 3135 de
1506 3082 1736 3152 Cyriaco
1782 3085 2157 3147 decernentes,

2267 3108 2426 3160 μενος
2483 3092 2615 3162 γὰρ,
2666 3094 2813 3146 δοκεῖ
2873 3095 3162 3161 ᾳυλάσσειν
3210 3098 3301 3149 τὶν
3356 3099 3535 3166 ὅρκον,
3586 3102 3665 3153 ὅτι
3706 3077 3835 3154 ὀὑδὲ

606 3181 670 3218 ac
701 3167 877 3219 redire
911 3168 1082 3235 ipsum
1121 3172 1185 3223 ad
1216 3173 1527 3237 ecclesiam,
1570 3174 1622 3227 in
1664 3190 1767 3240 qua
1815 3191 1873 3229 se
1909 3193 2158 3244 perman-

600 3269 783 3307 surum
813 3256 1036 3323 juravit,
1076 3261 1467 3325 permittentes,
1502 3279 1607 3316 non
1640 3265 1940 3318 videbimur
1968 3269 2157 3320 adver-

602 3360 693 3399 sus
725 3362 955 3401 canones
991 3364 1170 3417 agere,
1212 3365 1385 3419 neque
1430 3353 1518 3406 ille
1551 3355 1751 3407 violare
1783 3355 2156 3423 jusjurandum

599 3436 945 3503 jndicabitur.
986 3440 1118 3495 Illud
1163 3458 1393 3511 namque
1428 3446 1719 3501 observare
1768 3447 2039 3501 videbitur
2074 3463 2159 3501 re-

608 3538 845 3593 vertens,
877 3532 1130 3596 quoniam
1183 3548 1356 3599 neque
1394 3534 1696 3602 juramento
1730 3536 2001 3602 adjectum
2056 3546 2158 3601 est,

604 3635 669 3671 ne
716 3619 861 3671 brevi
908 3621 1125 3688 quidem
1180 3626 1439 3689 temporis
1491 3627 1664 3692 spatio
1708 3640 1735 3676 a
1788 3625 2157 3681 Mindanorum

604 3722 735 3775 agro
792 3723 1152 3764 secessurum.
1209 3713 1338 3765 Vide
1393 3714 1549 3780 igitur
1605 3716 1873 3781 quomodo
1923 3733 1989 3771 ex
2046 3718 2159 3783 ipsa

603 3800 887 3851 verborum
916 3800 1247 3867 inspectione
1269 3810 1320 3852 et
1348 3804 1811 3859 animadversione
1833 3808 2155 3859 sententiam

603 3896 822 3940 sanctus
856 3888 938 3939 vir
976 3888 1268 3955 indagavit,
1304 3905 1366 3941 ex
1400 3906 1526 3957 qua,
1570 3892 1662 3958 qui
1705 3909 1761 3946 se
1799 3892 2156 3960 jurejurando

603 3977 991 4039 obstrinxerat,
1024 3992 1051 4029 a
1086 3978 1320 4045 perjurio
1364 3978 1494 4033 liber
1538 3996 1660 4035 esse
1706 3983 1992 4037 videretur.
2035 3984 2156 4039 Htec

607 4068 770 4133 igitur
804 4068 868 4120 de
915 4068 1157 4136 Cyriaco.
1211 4068 1443 4123 Severus
1488 4087 1647 4139 porro
1677 4084 1981 4138 accusatus,
2017 4078 2157 4143 quod

608 4172 741 4219 agro
775 4159 862 4225 qui
920 4158 1107 4213 alienae
1155 4162 1443 4228 provinciae
1497 4162 1769 4229 subjectus
1807 4174 1942 4225 erat,
1974 4180 2161 4232 quem-

610 4246 751 4311 piam
784 4246 1136 4315 prasfecisset,
1166 4252 1485 4304 causabatur
1517 4267 1575 4305 se
1607 4252 1655 4304 id
1696 4263 1914 4320 propter
1939 4255 2162 4307 oblivio-

610 4351 731 4389 nem
763 4338 974 4399 fecisse,
994 4343 1133 4406 quod
1166 4356 1350 4410 agrum
1380 4341 1433 4393 in
1454 4342 1677 4395 alterius
1707 4345 1908 4396 ditione
1934 4345 2160 4411 positum

2260 3182 2576 3249 πρόσκειται
2598 3183 2675 3251 τῷ
2705 3184 2870 3252 ὅρκῳ,
2902 3186 3021 3237 οὑδὲ
3056 3188 3192 3254 πρὸς
3236 3188 3408 3257 βραχὺ
3448 3191 3828 3257 ἀναχωρήσειν

2260 3268 2353 3319 τοῦ
2376 3268 2547 3337 ἀγροῦ
2578 3271 2684 3321 τῶν
2714 3272 3012 3326 Μινδάνων.
3040 3274 3180 3341 Ὅρα
3210 3274 3303 3326 οὖν
3341 3277 3459 3338 πῶς
3514 3279 3578 3329 ἐκ
3612 3280 3707 3345 τῆς
3728 3282 3836 3330 τῶν

2265 3358 2525 3424 ῥημάτων
2572 3356 2871 3420 ἐξετάσεως
2904 3361 2997 3411 καὶ
3024 3364 3493 3431 κατασκοπήσεως
3528 3367 3830 3433 ἐθήρευσεν

2260 3451 2287 3501 6
2314 3450 2465 3515 ἆγιος
2480 3450 2622 3513 νοῦν,
2652 3450 2791 3503 ὥστε
2824 3452 2897 3519 μὴ
2914 3452 3089 3503 δοκεῖν
3111 3456 3390 3521 ἐπιορκεῖν
3414 3457 3502 3507 τδν
3527 3456 3830 3521 ὀμόσαντι.

2266 3539 2451 3591 Ταῦτα
2482 3539 2582 3608 μὲν
2617 3539 2711 3592 οὖν
2754 3541 2882 3608 περὶ
2932 3539 3023 3591 τοῦ
3072 3542 3350 3609 Κυριακοῦ
3375 3558 3391 3573 ·
3422 3547 3447 3596 6
3481 3544 3535 3595 δέ
3581 3546 3835 3612 Σευῆρος,

2264 3629 2587 3697 αἰτιώμενος
2643 3633 2725 3682 ὅτι
2780 3631 2859 3692 είς
2927 3632 3096 3700 ἀγρὸν
3144 3634 3401 3701 ἀλλοτρίᾳ
3463 3636 3837 3688 ὑποτελοῖντα

2264 3719 2447 3789 ἐνορίᾳ
2471 3720 2895 3789 ἐχειροτόνησεν,
2916 3721 3065 3787 ἔλεγε
3083 3723 3219 3774 κατὰ
3235 3723 3404 3791 λήθην
3420 3723 3573 3776 τοῦτο
3592 3730 3716 3791 non“,
3726 3742 3833 3788 σαι,

2263 3810 2534 3876 ἀγνοήσας
2576 3811 2746 3878 ἑτέρῳ
2790 3813 2882 3864 τὸν
2927 3814 3096 3880 ἀγρὸν
3123 3814 3465 3868 ὑποκεῖσθαι.
3536 3815 3688 3866 Ἐπεὶ
3719 3814 3832 3879 οὑν,

2265 3900 2423 3965 φησι,
2459 3900 2557 3968 τὴν
2586 3900 2756 3967 λήθην
2788 3902 3169 3967 προϐάλλεται,
3202 3904 3283 3955 δεῖ
3302 3905 3448 3972 αὑτῴ
3480 3907 3838 3972 συγχωρηθῆ-

2266 4006 2374 4051 ναι,
2409 3992 2499 4041 καὶ
2527 3991 2604 4052 είς
2633 3992 2732 4057 τὴν
2764 3990 2943 4060 κρίσιν
2993 3994 3085 4045 τοῦ
3127 3992 3261 4045 Θεοῦ
3305 3996 3607 4060 ἀναρτῆσαι
3648 3995 3835 4043 αὐτόν

2270 4077 2349 4127 ὃτι
2382 4077 2487 4145 γάρ
2511 4079 2608 4129 οὑκ
2636 4078 2799 4143 ἐσμὲν
2835 4079 3282 4147 καρδιογνῶσται,
3318 4078 3434 4130 ἀλλ’
3460 4077 3533 4138 ὡς
3560 4077 3833 4142 ἀκούομεν

2270 4168 2527 4236 κρίνομεν
2556 4209 2571 4233 ,
2623 4170 2801 4238 δῶμεν
2845 4172 2940 4238 τὴν
2995 4170 3275 4238 ἐκδίκησιν
3329 4169 3405 4235 τῷ
3449 4169 3567 4233 Θεῷ
3604 4207 3619 4229 ,
3702 4184 3835 4231 συγ-

2270 4260 2718 4327 γνωμονήσαντες
2789 4259 2875 4311 διὰ
2936 4259 3032 4327 τὴν
3079 4259 3269 4330 λήθην,
3330 4260 3449 4327 ἥτις
3510 4259 3627 4311 ἐστὶ
3668 4257 3838 4318 πάθος

2269 4346 2628 4414 ἀνθρώπινον.

610 4428 902 4493 ignoraret.
933 4430 1197 4494 Quoniam
1233 4447 1382 4500 ergo,
1423 4432 1620 4500 inquit,
1663 4434 1989 4487 oblivionem
2030 4436 2293 4501 praetexit,
2326 4446 2539 4504 oportet
2614 4441 2713 4507 ipsi
2745 4444 2754 4501 ἱ
2784 4441 3060 4505 ignoscere
3125 4442 3407 4507 ipsumque
3464 4443 3529 4492 ad
3591 4440 3833 4493 divinum

605 4516 864 4581 judicium
921 4520 1279 4572 transmittere
1328 4536 1341 4570 :
1386 4520 1812 4588 quandoquidem
1870 4538 1992 4576 cum
2051 4538 2153 4575 non
2191 4524 2357 4577 simus
2394 4528 2631 4579 cnrdium
2685 4539 3037 4588 scrutatores,
3108 4530 3199 4583 sed
3258 4530 3554 4599 iudicemus
3624 4547 3688 4583 ex
3752 4532 3832 4585 eis

612 4622 730 4673 quae
757 4609 1026 4669 audimus,
1053 4609 1420 4679 adjudicemus
1444 4610 1699 4663 ultionem
1748 4612 1876 4677 Deo,
1915 4614 2259 4678 iguoscentes
2288 4624 2504 4683 propter
2529 4618 2872 4682 oblivionem,
2909 4634 3027 4685 quae
3051 4621 3341 4671 humanum
3378 4630 3459 4672 est
3490 4620 3698 4671 vitium.

681 4701 907 4754 ARIST.
964 4703 1075 4755 Non
1121 4719 1279 4773 COges
1321 4720 1464 4767 eum,
1502 4706 1591 4773 qui
1626 4721 1683 4759 se
1723 4722 1823 4759 non
1864 4708 2162 4760 ordinatum

2347 4712 2567 4765 ΑΡΙΣΤ.
2627 4714 2739 4765 Οὐκ
2774 4713 3104 4779 ἀναγκάσεις
3137 4713 3228 4764 τὸν
3256 4713 3328 4781 μὴ
3362 4715 3429 4765 ἄν
3456 4714 3835 4783 χειροτονηθη-

613 4794 727 4847 fore
752 4794 1033 4860 juraverit.

2277 4819 2364 4855 ναι
2388 4803 2682 4869 ὀμόσαντα.

691 4884 841 4943 Eum,
894 4884 982 4949 qui
1018 4885 1220 4939 electus
1251 4899 1333 4940 est
1365 4889 1665 4954 episcopus,
1702 4896 1755 4939 et
1792 4896 2007 4955 propter
2041 4889 2162 4943 inci-

2341 4895 2443 4945 Τὸν
2471 4894 2805 4964 ψηφισθέντα
2864 4895 3178 4955 ἐπίσκοπον,
3212 4893 3306 4944 καὶ
3351 4892 3441 4943 διά
3474 4909 3594 4944 τινα
3621 4909 3839 4961 παρεμ-

616 4977 827 5028 dentem
865 4975 1093 5041 aliquam
1128 4990 1345 5028 causam
1374 4978 1517 5045 jnrat
1546 4992 1603 5030 se
1643 4978 2029 5031 ordinationem
2059 4994 2162 5031 non

2272 4983 2539 5036 πεσοῦσαν
2572 4983 2889 5053 δυσχερείαν
2949 4983 3356 5049 ἐπομοσάμενον
3382 4983 3480 5049 τὴν
3508 4982 3835 5050 χειροτονίαν

615 5072 1010 5127 suscepturum.
1060 5064 1298 5117 ordinari
1349 5082 1453 5118 non
1489 5081 1666 5134 coges.
1714 5066 1936 5134 Oportet
1986 5078 2166 5121 autem

618 5156 959 5209 considerare
986 5166 1038 5208 et
1063 5154 1351 5220 juramenti
1381 5158 1632 5223 speciem,
1664 5167 1715 5209 et
1745 5157 1926 5219 verba,
1962 5168 2012 5210 et
2044 5158 2173 5210 alle-

618 5246 850 5299 ctionem
897 5262 925 5297 a
966 5262 1071 5315 qua
1114 5246 1333 5313 juravit,
1365 5256 1417 5300 et
1453 5261 1571 5312 quae
1612 5247 1874 5299 subtiliter
1907 5248 1959 5299 in
1990 5248 2171 5301 verbis

619 5336 759 5390 facta
809 5346 932 5389 sunt
984 5338 1373 5389 additamenta.
1435 5335 1499 5388 Et
1550 5338 1591 5388 si
1638 5351 1754 5402 quae
1809 5338 1878 5389 sit
1928 5337 2172 5392 alicunde

616 5425 907 5489 juramenti
943 5428 1244 5487 excusatio,
1273 5426 1563 5493 perjurium
1607 5440 1868 5493 apparens
1896 5430 1940 5479 ei
1972 5440 2172 5479 conuo-

622 5530 772 5579 nare,
802 5531 1035 5583 eumque
1064 5518 1318 5571 ordinare
1351 5516 1628 5585 permittit.
1663 5515 1717 5569 Si
1757 5527 1930 5569 autem
1968 5518 2167 5569 nullum

620 5606 690 5658 sit
723 5608 943 5660 omnino
968 5607 1252 5673 reiugium,
1286 5611 1379 5660 sed
1414 5604 1719 5659 omnimodo
1755 5605 2001 5673 pejerans
2024 5607 2169 5659 inve.

622 5697 819 5755 niatur.
878 5698 921 5750 si
972 5698 1207 5751 ordinari
1266 5697 1687 5766 permitteretur,
1747 5696 1901 5750 talem
1955 5697 2174 5752 omnino

621 5792 1031 5859 prmtct'mittet‘e
1065 5800 1291 5862 oportet.

2276 5076 2350 5141 μὴ
2375 5073 2787 5137 καταδέξασθαι,
2841 5072 3285 5142 χειροτονηθῆναι
3328 5073 3428 5123 οὑκ
3483 5073 3831 5137 ἀναγκάσεις.

2272 5165 2391 5233 Χρὴ
2422 5164 2477 5215 δὲ
2536 5164 2853 5215 σκοπεῖσθαι
2891 5165 2984 5215 καὶ
3050 5166 3109 5215 τὸ
3136 5160 3274 5218 εἶδος
3298 5163 3391 5214 τοῦ
3432 5164 3619 5230 ὅρκου,
3649 5167 3743 5215 καὶ
3770 5166 3835 5215 τὰ

2273 5256 2513 5323 ῥήματα.
2551 5257 2641 5305 καὶ
2701 5255 2798 5322 τὴν
2828 5255 3065 5307 διάθεσιν
3115 5254 3206 5319 ἀφ’
3243 5249 3308 5322 ἧς
3340 5254 3542 5319 ὤμοσε,
3588 5254 3681 5305 καὶ
3737 5253 3834 5313 τὰς

2271 5346 2409 5397 κατὰ
2438 5345 2629 5396 λεπτὸν
2678 5345 2734 5393 ἐν
2765 5344 2971 5410 ῥήμασι
3018 5343 3355 5413 προσθήκας.
3395 5343 3501 5392 Καὶ
3563 5342 3659 5393 ἐὰν
3748 5342 3827 5404 τίς

2272 5448 2435 5488 ποθεν
2463 5435 2883 5503 παραμυθίατοῦ
2904 5436 3091 5503 ὅρκου,
3121 5434 3421 5502 συγχωρεῖν
3452 5430 3598 5497 αὑτῷ
3630 5431 3728 5499 τὴν
3747 5432 3832 5483 δο-

2274 5525 2473 5577 κοῦσαν
2524 5524 2826 5592 ἐπιορκίαν,
2879 5526 2973 5576 καλ⁸
3029 5522 3445 5589 χειροτονεῖσθαι
3499 5519 3781 5585 ἐπιτρέπει
3815 5534 3828 5548 ο

2277 5615 2371 5665 ἐὰν
2394 5614 2449 5664 δὲ
2486 5614 2724 5682 μηδεμία
2853 5613 3162 5681 μηδαμόθεν
3198 5611 3505 5677 καταφυγὴ,
3534 5608 3671 5659 ἀλλά
3696 5624 3830 5657 παν·

2282 5704 2504 5771 ταχὸθεν
2563 5703 2831 5770 ἐπιορκῶν
2889 5700 3229 5767 εὑρίδκεται-
3288 5702 3333 5750 εί
3395 5695 3829 5765 Χειροτονηθῆν²ί

2285 5793 2629 5858 συγγωρτλθῇ,
2659 5792 2739 5843 δεῖ
2801 5790 3072 5849 παντελῶς
3110 5791 3313 5857 παρεᾷν
3349 5788 3439 5840 τὶν
3464 5786 3724 5839 τοιοῦτον.
