4124 6450
195 371 304 433 633

800 483 1040 537 ΚΑΝΩΝ
1073 482 1173 539 IA'.

212 574 269 624 ’0
317 573 373 625 δὲ
401 575 497 625 τὸν
527 574 779 627 ἀκούσιον
826 576 1060 643 ποιήσας
1115 574 1275 641 φόνον
1303 575 1617 642 ἀρκούντως
1645 577 1762 640 ἑξε-

274 665 534 735 πλήρωσε
583 668 681 735 τὴν
730 666 886 734 δίκην
915 669 970 718 ὲν
998 667 1109 728 τοῖς
1164 666 1356 718 ἕνδεκα
1402 667 1567 720 ἔτεσι.
1601 668 1766 736 Δῆλον

277 753 385 823 γὰρ
405 755 487 807 ὅτι
520 757 612 808 ἐπὶ
675 756 784 806 τῶν
834 756 1241 826 πληγέντωντά
1289 759 1532 820 Μωσέως·
1584 775 1767 827 παρα-

274 845 613 912 τηρήσομεν.
652 847 762 898 Καὶ
795 847 886 898 τὸν
962 847 1358 900 κατακλιθέντα
1384 848 1484 915 μὲν
1515 850 1606 900 ἐπὶ
1661 848 1768 901 τῶν

281 936 514 1002 πληγῶν
552 938 620 997 ἀς
649 938 830 1001 ἔλαϐε,
873 939 1165 1005 βαδίσαντα
1193 939 1247 991 δὲ
1275 940 1438 992 πάλιν
1465 941 1554 991 ἐπὶ
1591 941 1769 1010 ῥάϐδῳ

281 1026 473 1086 αὐτοῦ,
531 1029 590 1079 οὐ
646 1027 971 1098 λογισόμεθα
1026 1029 1435 1095 πεςονεῦσθαιθ
1493 1033 1540 1082 εί
1570 1030 1623 1081 δὲ
1673 1032 1768 1083 καὶ

278 1115 379 1166 οὐκ
405 1115 667 1182 ἐξανέστη
715 1117 850 1182 μετὰ
898 1118 996 1178 τὰς
1061 1119 1293 1186 πληγάς,
1323 1118 1438 1169 ἀλλ’
1467 1116 1562 1170 οὖν
1583 1120 1661 1188 τῷ
1695 1120 1769 1188 μὴ

293 1207 617 1272 προελέσθαι
657 1209 816 1260 αὐτὸν
847 1210 1074 1272 ἀνελεῖν,
1099 1210 1127 1260 ὁ
1176 1213 1457 1277 τυπτήσας
1511 1212 1771 1282 φονευτής

284 1301 403 1369 μὲν,
440 1301 554 1352 ἀλλ’
589 1303 842 1366 ἀκούσιος
872 1305 956 1357 διὰ
991 1303 1086 1373 τὴν
1120 1304 1400 1370 πρόθεσιν.

283 1474 472 1525 ΒΑΔΣ.
503 1473 562 1525 '0
606 1473 682 1534 νζ⁹
729 1473 905 1525 κανὼν
959 1473 1052 1526 τοῦ
1115 1474 1273 1537 ἀγίου
1333 1475 1521 1527 τούτου
1548 1477 1760 1545 Πατρὸς

213 1566 309 1616 ἐπὶ
376 1564 507 1615 δέκα
529 1565 752 1632 χωρίζει
798 1565 924 1624 τοὺς
972 1563 1226 1616 ἀκούσιον
1255 1571 1412 1628 φονον
1439 1568 1772 1630 ποιήσαντας

213 1655 346 1725 ρτῆς
364 1654 472 1706 τῶν
494 1654 650 1705 θείων
673 1653 1030 1722 ἀγιασμάτων
1065 1655 1432 1726 μεταλήψεως.
1455 1657 1517 1709 Ὀ
1550 1657 1605 1709 δὲ
1626 1675 1772 1726 παρ-

209 1724 284 1799 ὼν
345 1744 524 1797 κανών
574 1762 725 1814 φησι,
783 1744 874 1795 τὸν
923 1746 996 1815 μὴ
1052 1745 1207 1812 μόνον
1268 1724 1359 1798 ἐπὶ
1405 1747 1536 1798 δέκα
1602 1724 1770 1809 ἔτεσι,

211 1835 349 1887 ἀλλὰ
395 1836 610 1894 ἕνδεκα.
684 1836 758 1905 μὴ
824 1836 1161 1904 μετασχόντα
1244 1836 1352 1888 τῶν
1416 1838 1772 1906 ἀγιασμάτων

214 1924 473 1978 ἀκούσιον
542 1926 806 1993 φοιευτὴν
855 1927 918 1977 ἐκ
963 1926 1280 1996 περιουσίας
1325 1926 1594 1996 δέχεσθαι.
1645 1924 1776 1979 Εἶτα

216 2014 545 2082 προστίθησι
597 2014 671 2082 μὴ
704 2014 1032 2068 ἀπεντεῦθεν
1058 2017 1132 2077 ὡς
1154 2016 1317 2082 φονέα
1358 2016 1776 2086 κατακρίνεσθαι

212 2105 306 2155 τδν
333 2104 611 2172 πλήξαντα
656 2123 797 2170 τινα,
838 2106 939 2158 κάν
991 2108 1211 2176 καιρίαν
1237 2109 1509 2176 ἐπήνεγκε
1536 2108 1770 2176 πληγὴν,

218 2195 293 2262 μὴ
357 2196 446 2247 ἔτιλ
516 2196 701 2263 σκοπῷ
758 2197 937 2264 μέντοι
999 2198 1180 2264 φόνου.
1241 2197 1384 2250 Αλλά
1436 2199 1561 2268 χρὴ,
1621 2200 1772 2265 φησῖ,

212 2285 356 2338 κατά
373 2286 467 2338 τόν
512 2287 802 2339 Μωσαῖκδν
837 2288 1019 2355 νόμον,
1072 2288 1359 2355 προσέχειν
1408 2289 1500 2340 ἐπὶ
1528 2288 1607 2358 τῷ
1643 2289 1776 2358 πλη-

211 2373 385 2438 γέντν
438 2376 531 2426 καὶ
562 2376 609 2426 si
644 2374 744 2441 μὲν
807 2374 944 2441 μετά
993 2373 1052 2424 τδ
1108 2373 1500 2438 κατακλιθῆναι
1557 2377 1618 2426 ὲκ
1676 2375 1776 2442 τῆς

214 2466 434 2532 πληγῆς
461 2467 594 2532 πρὸς
628 2467 816 2532 ὑγείαν
872 2466 930 2517 οὐ
963 2465 1287 2533 προέκοψεν,
1323 2465 1456 2518 ἀλλὰ
1491 2465 1772 2534 ἐτελεύτη-

215 2572 329 2618 σεν,
357 2555 414 2618 ἐξ
443 2557 685 2624 ἀνάγκης
749 2556 1068 2609 ὑποκεῖσθαι
1097 2557 1185 2609 τὸν
1239 2556 1516 2624 πλήξαντα
1569 2557 1646 2624 τῷ
1678 2556 1772 2608 τοῦ

215 2645 474 2696 ἀκουσίου
531 2645 691 2711 φόνου
739 2647 1079 2714 ἐγκλήματι·
1136 2648 1186 2698 εί
1217 2645 1272 2697 δὲ
1321 2646 1517 2715 ἀνέστη
1561 2647 1623 2698 ὲκ
1678 2646 1775 2712 τῆς

214 2733 449 2799 πληγῆς,
489 2735 582 2784 καὶ
631 2732 1026 2800 περιεπάτησεν
1078 2733 1169 2784 ἐπὶ
1211 2734 1276 2802 τῇ
1329 2733 1511 2803 ῥάϐδῳ
1583 2733 1772 2797 αὑτοῦ,

215 2823 385 2888 ῆγουν
409 2825 482 2891 μή
532 2822 751 2882 τελείως
793 2821 1080 2891 ἀπηλλάγη
1127 2824 1226 2891 τῆς
1286 2822 1588 2886 ἀσθενείας,
1654 2818 1774 2875 εἶτα

213 2912 474 2975 ἀπέθανε,
513 2915 584 2981 μὴ
604 2912 909 2978 λογίζεσθαι
943 2913 1034 2963 τὸν
1063 2912 1342 2982 πλήξαντα
1391 2914 1574 2980 φονέα.
1613 2914 1774 2967 Ὥστε

217 3002 528 3068 σημείωσαι
563 3005 654 3054 καὶ
696 3004 805 3056 ἀπὸ
849 3003 1062 3065 τούτου,
1102 3004 1284 3064 καθὼς
1317 3006 1543 3072 είπομεν
1575 3007 1667 3058 καὶ
1719 3006 1776 3056 ἐν

1181 375 1258 433 1N
1301 373 1540 435 EPIST.
1569 374 1630 435 S.
1669 373 1950 432 BASILII
1988 375 2424 438 CANONICAM
2461 380 2509 437 ι.

3330 379 3437 441 631

2479 485 2705 542 CANON
2749 487 2840 541 ΧῙ.

1869 575 1968 642 Qui
2003 587 2181 632 autem
2219 580 2632 632 involuntariam
2665 582 2861 632 caedem
2904 579 3052 641 fecit,
3091 580 3141 632 in
3185 580 3437 633 undecim

1940 668 2101 720 annis
2128 668 2336 722 abunde
2363 668 2570 736 judicio
2593 669 2876 723 satisfecit.
2908 669 3121 722 Clarum
3152 680 3233 724 est
3263 672 3434 732 enim,

1938 759 2078 825 quod
2111 761 2161 810 in
2199 759 2262 813 iis
2288 760 2381 828 qni
2411 761 2647 828 percussi
2675 769 2818 824 sunt,
2849 775 2970 828 qua
2999 760 3167 813 voluit
3202 760 3440 829 Moyses.

1942 849 2372 911 observabimus,
2408 861 2465 902 ιιι
2503 866 2624 904 eum
2658 852 2894 918 quidem.
2928 850 3016 916 qui
3059 860 3274 917 propter
3321 852 3441 917 pla-

1942 953 2059 1007 gas.
2105 956 2238 1008 quas
2282 945 2512 1007 accepit,
2551 941 2823 1001 decubuit,
2862 956 3046 994 rursus
3078 953 3254 994 autem
3286 943 3440 1010 virga

1943 1045 2038 1082 sua
2072 1031 2288 1084 innixus
2318 1031 2633 1092 ambulavit,
2669 1030 2906 1082 occisum
2941 1043 3057 1082 esse
3091 1044 3195 1080 non
3231 1041 3443 1096 reputa-

1946 1118 2121 1172 himus
2163 1136 2176 1171 :
2208 1120 2288 1172 sin
2323 1128 2499 1172 autem
2553 1129 2672 1185 post
2725 1119 2862 1171 ictus
2892 1133 2993 1171 non
3027 1118 3284 1178 surrexit,
3317 1133 3435 1170 cum

1943 1225 2062 1261 eum
2099 1219 2274 1262 tamen
2313 1209 2474 1262 nollet
2525 1208 2827 1262 interﬁcere
2867 1209 2953 1274 qui
2989 1209 3309 1265 verberavit.
3357 1217 3441 1260 est

1943 1300 2155 1368 quidem
2186 1301 2476 1364 homicida,
2512 1299 2604 1353 sed
2642 1297 3035 1351 involuntarius
3065 1308 3280 1364 propter
3311 1311 3441 1364 pro-

1944 1389 2202 1452 positum.

1945 1475 2143 1532 BALS.
2202 1478 2691 1548 Quinquagesimus
2741 1478 3004 1544 septimus
3054 1491 3226 1530 canon
3279 1475 3441 1542 huius

1875 1571 2043 1623 sancti
2073 1567 2249 1622 Patris
2284 1585 2396 1631 eos.
2431 1568 2521 1636 qui
2561 1568 2972 1622 involuntariam
3002 1571 3200 1623 cmdcm
3243 1569 3448 1630 fecere.

1877 1660 2061 1714 decem
2087 1660 2242 1714 annis
2273 1675 2300 1712 ε
2327 1660 2631 1712 divinorum
2657 1670 3119 1712 sacramentorum
3150 1659 3445 1726 participa-

1879 1748 2022 1800 tione
2050 1758 2286 1813 separat.
2321 1749 2564 1802 Praesens
2589 1758 2768 1800 autem
2797 1763 2968 1801 canon
2999 1747 3147 1807 dicit.
3177 1761 3323 1805 eum.
3349 1747 3442 1814 qui

1876 1852 1984 1892 non
2014 1839 2184 1892 solum
2221 1840 2509 1905 decennio,
2537 1841 2630 1894 sed
2659 1840 2818 1892 etiam
2853 1837 3102 1890 undecim
3137 1838 3313 1899 annis,
3348 1852 3441 1889 sa-

1878 1930 2174 1983 cramentis
2216 1944 2322 1982 non
2368 1929 2804 1992 communicavit,
2847 1926 3266 1979 involuntarinm
3301 1927 3445 1978 occi-

1878 2033 2051 2072 sorem
2085 2020 2217 2071 satis
2263 2033 2534 2088 superque
2573 2017 2785 2071 fecisse.
2827 2015 3029 2069 Deinde
3061 2015 3265 2078 adjicit,
3319 2030 3443 2068 eum

1879 2123 1980 2162 non
2033 2108 2152 2162 ideo
2195 2116 2253 2161 ut
2300 2108 2624 2162 homicidam
2661 2106 3034 2168 condemnari,
3082 2106 3172 2172 qui
3209 2105 3445 2172 aliquem

1878 2199 2166 2264 percussit,
2201 2199 2415 2252 etiamsi
2464 2197 2714 2251 lcthalem
2765 2197 2970 2264 plagam
3013 2195 3292 2261 inﬂixerit,
3339 2212 3446 2251 non

1885 2295 2063 2338 tamen
2109 2300 2230 2340 cum
2275 2287 2551 2340 occidendi
2594 2287 2870 2355 pr0posito
2905 2303 2919 2337 :
2955 2288 3046 2339 sed
3094 2297 3326 2352 oportet,
3371 2287 3449 2341 in-

1875 2375 2010 2443 quit,
2029 2379 2322 2430 secundum
2345 2378 2511 2446 legem
2538 2378 2848 2439 Mosaicam,
2871 2377 3008 2442 ejus.
3033 2378 3123 2445 qui
3155 2391 3445 2444 percussus

1878 2476 1978 2520 est.
2007 2467 2270 2520 rationem
2306 2466 2528 2531 habere,
2556 2476 2634 2529 et.
2665 2468 2710 2520 si
2741 2476 3022 2535 postquam
3053 2468 3117 2518 ab
3146 2467 3254 2518 ictu
3284 2467 3447 2519 decu-

1878 2558 2014 2622 buit,
2041 2571 2147 2610 non
2177 2558 2471 2619 convaluit,
2501 2560 2593 2613 sed
2627 2569 2874 2610 mortuus
2896 2565 3000 2617 est.
3026 2556 3070 2607 is
3101 2556 3194 2623 qui
3229 2569 3450 2621 percus-

1877 2649 1948 2700 sit
1965 2649 2334 2702 involnntarias
2353 2650 2514 2700 caedis
2531 2648 2776 2706 crimine.
2797 2647 3119 2706 necessario,
3141 2645 3444 2698 tenebitur:

1878 2741 1959 2792 sin
2001 2748 2178 2791 autem
2233 2739 2301 2792 ab
2335 2740 2440 2791 ictu
2483 2739 2742 2799 surrexit.
2787 2745 2842 2789 et
2887 2737 3032 2805 virga
3083 2750 3180 2789 sua
3226 2735 3447 2790 innixus

1879 2831 2196 2891 ambulavit.
2228 2830 2332 2883 hoc
2363 2841 2466 2894 est,
2497 2845 2604 2882 non
2640 2831 2874 2896 perfecte
2901 2843 2930 2880 a
2970 2827 3156 2880 morbo
3190 2836 3274 2880 est
3310 2827 3445 2880 libe-

1882 2931 2053 2981 ratus.
2081 2921 2276 2974 deinde
2307 2930 2549 2975 mortuus
2580 2929 2701 2983 est;
2731 2933 2850 2972 eum
2881 2919 2969 2984 qui
3013 2918 3301 2986 percussit,
3340 2933 3444 2970 non

1881 3012 2118 3080 reputari
2172 3021 2228 3064 ut
2265 3013 2609 3066 homicidam.
2654 3011 2834 3075 Quare
2875 3021 2998 3062 nOIa
3043 3012 3201 3062 etiam
3245 3024 3308 3061 ex
3345 3009 3446 3062 hoc

214 3092 292 3157 τῷ
333 3097 386 3157 η’
435 3093 663 3154 κανόνι,
710 3093 800 3144 τὸν
865 3092 1117 3144 ἀκούσιον
1171 3095 1328 3158 φόνον
1383 3096 1445 3146 ὲκ
1502 3095 1595 3146 τοῦ
1643 3095 1772 3147 ἀπο-

1878 3102 2332 3170 quemadmodnm
2368 3102 2604 3154 diximus
2635 3108 2689 3154 et
2719 3100 2769 3151 in
2799 3114 2918 3152 can.
2953 3098 2986 3152 8
3017 3098 3437 3150 involuntariam

213 3183 544 3248 τελέσματος
596 3182 1010 3250 ἀναφαίνεσθαι.
1090 3183 1190 3233 Διά
1261 3182 1416 3234 τοῦτο
1469 3183 1575 3251 γὰρ
1650 3183 1772 3234 οὐδὲ

218 3276 318 3342 τὴν
366 3273 578 3343 πληγὴν
636 3272 1129 3341 περιεργαζόμεθα,
1166 3276 1274 3326 εἴτε
1324 3274 1495 3342 μικρά
1528 3275 1770 3340 γέγονεν,

217 3363 329 3413 εἴτε
389 3363 622 3431 μεγάλη,
677 3362 812 3414 ἀλλά
868 3361 962 3413 τὸν
1006 3363 1069 3413 ὲκ
1103 3363 1200 3429 τῆς
1249 3362 1462 3430 πληγῆς
1502 3364 1769 3416 θάνατον’

217 3449 733 3516 ὦσπερόὲκούσιος
782 3454 940 3518 φόνος
986 3453 1048 3502 ὲκ
1110 3453 1276 3517 μόνης
1326 3453 1423 3518 τῆς
1465 3453 1774 3520 προθέσεως

218 3543 630 3605 κατακρίνεται,
691 3541 794 3593 κᾶν
854 3541 928 3609 μὴ
988 3541 1161 3608 προϐῇ
1223 3541 1592 3607 ἀποτέλεσμα,
1657 3544 1774 3612 ήτοι

219 3635 466 3692 θάνατος.
509 3631 822 3699 Σημείωσαι
862 3631 917 3683 δὲ
954 3630 1062 3683 ἀπὸ
1123 3631 1215 3682 τοῦ
1250 3631 1514 3698 παρόντος
1551 3636 1772 3694 κανόνος

218 3721 303 3773 ὅτι
335 3723 427 3772 ἐπὶ
446 3720 541 3772 τοῦ
578 3721 832 3773 ἀκουσίου
869 3719 1030 3787 φόνου
1062 3720 1249 3781 κακῶς
1289 3737 1433 3782 τινες
1460 3722 1774 3789 πολυπραγ-

222 3812 441 3882 μονοῦσι
495 3817 633 3865 κατά
678 3811 834 3864 ποίαν
891 3813 1104 3880 ἡμέραν
1145 3814 1176 3878 ή
1227 3811 1409 3880 πληγὴ
1475 3812 1772 3880 ὲπηνέχθη,

215 3909 310 3955 καὶ
341 3906 475 3968 μετὰ
509 3903 678 3959 πόσας
706 3903 919 3970 ἡμέρας
970 3902 1377 3970 ἐπηκολούθησε
1405 3905 1480 3970 τῷ
1514 3904 1773 3969 πληγέντι

216 3995 245 4044 ό
288 3993 537 4054 θάνατος.
575 3992 691 4046 Κᾶν
740 3992 849 4060 γὰρ
887 3993 1051 4053 πολὺς
1098 3993 1340 4059 παρῆλθε
1371 3994 1506 4060 μετά
1564 3995 1774 4063 πληγὴν

218 4086 428 4152 καιρδς,
470 4086 617 4147 ὅμως
657 4084 712 4135 δὲ
753 4086 815 4133 ὲκ
852 4086 950 4144 τῆς
1025 4082 1198 4143 αἰτίας
1238 4082 1424 4134 ἔθανεν
1458 4087 1483 4134 ό
1517 4083 1615 4151 τὴν
1640 4085 1774 4152 πλη-

219 4176 324 4240 γὴν
372 4173 632 4234 ὑποστάς.
674 4173 826 4224 οὐδὲν
873 4168 1035 4240 ἦττον
1095 4173 1346 4237 γενέσθαι
1405 4174 1635 4241 λέγομεν
1685 4175 1773 4227 τὸν

223 4263 480 4316 ἀκούσιον
528 4263 707 4329 φόνον.
786 4262 1087 4326 Ἀνάγνωθι
1158 4262 1250 4311 καὶ
1308 4261 1394 4311 τὸν
1454 4268 1501 4327 η’
1575 4263 1772 4313 κανόνα

218 4354 310 4407 τοῦ
367 4354 523 4420 ἀγίου
582 4351 771 4404 τούτου
816 4348 1027 4418 [ἰατρὸς
1057 4390 1070 4413 ,

219 4445 389 4499 αὑτοῦ

290 4535 532 4587 ΖΩΝΔΡ.
580 4531 857 4586 Ἀκούσιόν
912 4546 996 4591 τις
1061 4529 1284 4596 ἐποίησε
1347 4525 1527 4594 φόνον,
1573 4529 1664 4581 καὶ
1689 4531 1778 4581 ἐν-

217 4628 345 4678 δεκι
399 4623 668 4677 διεϐίϐασε
718 4623 943 4691 χρόνους
1005 4620 1405 4688 ἀφωρισμένος.
1487 4620 1773 4689 Ἦρωτήθη

218 4719 312 4774 οὖν
346 4723 374 4773 ὁ
403 4719 558 4786 ἅγιος
580 4718 744 4786 είχρὴ
809 4715 1034 4784 λυθῆναι
1057 4715 1218 4766 αὐτὸν
1272 4712 1365 4764 τοῦ
1387 4713 1587 4780 δεσμοῦ
1620 4728 1634 4739 ·
1677 4713 1774 4764 καὶ

218 4809 554 4876 ἀπεκρίνατο
601 4807 683 4858 ὅτι
714 4807 771 4857 ὲν
815 4807 927 4866 τοῖς
979 4803 1173 4856 ἕνδεκα
1230 4802 1407 4853 ἐτεσιν
1455 4800 1772 4868 ἀρκούντως

219 4899 563 4965 ἐξεπλήρωσε
621 4893 718 4964 τὴν
767 4895 943 4962 δίκην,
1001 4894 1166 4963 ήγουν
1205 4891 1302 4959 τήν
1344 4890 1638 4958 τιμωρίαν.
1696 4888 1778 4941 Τά

220 4990 275 5041 δὲ
306 4987 498 5040 ἕνδεκα
566 4985 660 5052 ἔτη
726 4981 898 5048 εἶπεν,
957 4987 1050 5051 οὐχ
1083 4983 1156 5042 ὡς
1181 4981 1420 5044 τοσούτῳ
1480 4980 1656 5049 χρόνῳ
1683 4981 1776 5032 τοῦ

219 5080 492 5139 ἀκουσίως
517 5077 874 5146 φονεύσαντος
932 5075 1357 5143 ὲπιτιμωμένουο
1388 5074 1634 5126 δεκαετία
1662 5073 1771 5140 γὰρ

220 5167 519 5228 ότοιοῦτος
571 5167 888 5232 ἐπιτιμᾶται
954 5165 1096 5216 κατὰ
1158 5165 1248 5216 τὸν
1295 5163 1368 5225 νζ⁹
1425 5165 1624 5215 κανόνα
1678 5160 1774 5213 τοῦ

223 5258 459 5327 μεγάλου
493 5255 680 5307 τούτου
719 5255 949 5323 Πατρόςο
977 5254 1092 5305 ἀλλ’
1135 5254 1208 5314 ὡς
1240 5253 1385 5304 οὕτω
1418 5253 1508 5304 τοῦ
1567 5253 1771 5319 φάκτου

219 5349 458 5417 ἔχοντος.
512 5339 648 5397 Εἶτά
704 5361 868 5410 φησιν
896 5346 974 5396 ὅτι
1007 5345 1062 5395 ὲν
1088 5347 1199 5404 τοῖς
1235 5343 1490 5410 πληγεῖσι
1518 5344 1612 5393 καὶ
1638 5343 1771 5393 ἀπο-

220 5434 442 5489 θανοῦσι
485 5431 970 5498 παρατηρήσομεν,
1026 5430 1142 5496 ἦτοι
1184 5428 1772 5496 παραφυλάξομεν,τὺν

219 5525 383 5590 νόμον
437 5520 531 5572 τὸν
588 5517 898 5579 Μωοαῖκδν,
945 5518 1093 5579 ὅστις
1134 5517 1299 5585 ὥρισε
1357 5519 1448 5570 τὸν
1502 5517 1773 5586 πληγέντα

219 5612 376 5682 παρά
420 5627 567 5671 τινος
595 5612 685 5661 καὶ⁵
712 5609 1101 5661 κατακλιθέντα
1148 5608 1234 5659 διὰ
1267 5609 1362 5669 τάς
1393 5609 1629 5677 πληγὰς,
1676 5609 1772 5660 ἐὰν

223 5704 359 5756 μετά
381 5702 556 5756 ταῦτα
585 5699 870 5766 ἐξαναστῇ,
903 5701 996 5750 καὶ
1027 5701 1370 5765 περιπατήσῃ
1401 5700 1567 5766 ὲπὶτῇ
1598 5699 1774 5767 ῥάϐδῳ

1151 4352 1244 4402 καὶ
1306 4350 1404 4418 τὴν
1458 4349 1760 4419 ἑρμηνείαν
1807 4402 1852 4456 D

1879 3193 2075 3245 cedem
2106 3206 2171 3246 ex
2201 3189 2393 3244 eﬂectn
2441 3191 2678 3244 ostendi.
2723 3189 3015 3257 PrOpterea
3061 3188 3206 3241 enim
3245 3202 3342 3240 nec
3379 3187 3444 3239 de

1879 3282 1984 3334 ictu
2018 3281 2346 3345 laboramus,
2394 3296 2459 3333 an
2504 3281 2576 3335 sit
2607 3295 2828 3347 parvus,
2872 3293 2942 3330 an
2976 3293 3222 3344 magnus,
3255 3278 3346 3330 sed
3378 3280 3444 3330 de

1879 3381 2048 3425 morte
2078 3386 2195 3439 quae
2234 3387 2299 3426 ex
2329 3374 2435 3425 ictu
2469 3370 2753 3438 processit,
2785 3377 2843 3420 ut
2871 3369 3046 3421 caedes
3075 3367 3380 3419 voluntaria
3411 3381 3440 3419 a

1877 3463 2148 3528 proposito
2177 3459 2291 3513 solo
2315 3459 2604 3524 iudicatur,
2637 3456 2844 3509 etiamsi
2878 3455 3101 3508 eﬂectus
3132 3455 3245 3507 sive
3275 3469 3427 3507 mors

1879 3551 2097 3604 minime
2125 3559 2402 3618 sequatur.
2450 3549 2582 3601 Nota
2625 3555 2804 3600 autem
2847 3561 2911 3600 ex
2943 3545 3191 3612 praesenti
3226 3560 3435 3597 canone

1877 3642 2017 3709 quod
2051 3642 2106 3695 in
2137 3642 2278 3694 caede
2316 3637 2671 3692 involuntaria
2718 3637 2956 3690 nonnulli
2992 3635 3102 3706 69
3131 3635 3273 3688 male
3313 3644 3440 3687 sunt

1877 3733 2100 3786 nimium
2135 3731 2358 3791 curiosi,
2389 3738 2691 3797 qumrentes
2719 3740 2826 3794 quo
2854 3728 2942 3781 die
2974 3734 3292 3778 vutneratus
3332 3734 3438 3788 est.

1876 3831 1930 3876 et
1977 3829 2100 3887 post
2145 3829 2274 3888 quot
2321 3820 2434 3873 dies
2480 3834 2623 3880 eum,
2669 3819 2760 3886 qui
2811 3832 3098 3886 percussus
3142 3829 3246 3880 est.
3298 3833 3444 3870 mors

1874 3921 2163 3966 consecuta
2193 3921 2271 3965 est
2302 3928 2316 3964 :
2343 3912 2444 3965 etsi
2477 3912 2619 3964 enim
2648 3911 2863 3979 longum
2894 3921 3101 3978 tempus
3127 3919 3243 3977 post
3275 3911 3440 3963 ictum

1875 4002 2210 4069 prasterierit,
2229 4016 2291 4054 ex
2308 4003 2406 4056 hac
2429 4011 2604 4055 tamen
2627 4018 2783 4055 causa
2804 4012 3040 4054 mortuus
3060 4011 3140 4054 est
3163 4002 3250 4069 qui
3281 4001 3441 4052 ictum

1873 4093 2146 4156 sustinuit,
2178 4093 2344 4145 nihilo
2371 4095 2546 4146 secius
2599 4093 2791 4147 factam
2826 4107 2946 4146 esse
2974 4093 3200 4145 dicimus
3244 4091 3442 4143 caedem

1875 4183 2317 4236 involuntariam.
2371 4182 2512 4251 Lege
2559 4191 2614 4236 et
2664 4196 2926 4236 cauonem
2979 4183 3012 4235 8
3059 4182 3216 4250 hujus
3266 4180 3442 4233 sancti

1874 4271 2069 4334 Patris,
2098 4281 2151 4326 et
2182 4271 2301 4339 ejus
2335 4271 2860 4339 interpretationem.

1951 4523 2203 4579 ZONAR.
2245 4523 2667 4578 lnvoluntarium
2703 4524 2823 4592 quis
2863 4523 3060 4576 caedem
3097 4521 3350 4588 patravit,
3380 4534 3444 4574 ac

1884 4617 2127 4668 undecim
2160 4629 2332 4668 annos
2378 4614 2637 4681 transegit
2671 4621 3006 4681 segregatus.
3051 4612 3287 4679 Rogatus
3342 4610 3442 4665 fuit

1881 4720 2008 4774 ergo
2031 4715 2246 4759 sanctus
2274 4705 2376 4769 vir,
2402 4721 2466 4756 an
2494 4705 2644 4758 illum
2673 4720 2735 4758 eo
2759 4703 2967 4756 vinculo
2992 4703 3126 4754 solvi
3150 4713 3395 4770 apol-teat
3423 4721 3438 4757 :

1883 4794 2260 4861 responditque
2291 4793 2539 4847 undecim
2570 4807 2834 4845 annorum
2867 4792 3044 4858 spatio
3073 4791 3207 4843 satis
3238 4790 3442 4858 suppli-

1883 4885 1952 4937 cii
2000 4883 2184 4947 Iuisse,
2217 4885 2352 4937 satis
2399 4897 2702 4953 poenarum.
2749 4881 3009 4936 Undecim
3059 4895 3219 4947 porro
3273 4894 3442 4933 annos

1883 4974 2039 5034 dixit.
2086 4990 2190 5027 non
2237 4974 2377 5041 quod
2419 4982 2568 5025 tanto
2625 4983 2886 5037 tempore,
2938 4972 3027 5036 qui
3081 4971 3442 5023 ittvoltttttnrie

1883 5064 2099 5125 occidit,
2128 5064 2390 5131 puniatur
2426 5078 2441 5116 :
2471 5062 2790 5114 decennium
2825 5075 3055 5126 namque
3089 5063 3237 5113 hisce
3268 5060 3440 5112 homi-

1881 5153 2059 5213 nibus,
2093 5150 2539 5218 quinquagesimo
2572 5149 2799 5214 septimo
2828 5163 3032 5200 canone
3070 5146 3227 5213 hujus
3259 5146 3435 5213 magni

1881 5243 2078 5306 Patris,
2117 5243 2296 5295 multa:
2345 5243 2559 5297 nomine
2594 5242 2943 5294 constitutum
2981 5249 3062 5291 est
3107 5256 3120 5291 :
3157 5241 3249 5292 sed
3296 5239 3435 5305 quod

1881 5337 1952 5390 ita
1985 5349 2102 5389 sese
2133 5348 2217 5388 res
2245 5335 2294 5386 in
2320 5333 2422 5386 hoc
2452 5332 2669 5386 homine
2705 5330 2948 5382 haberet.
2987 5329 3186 5381 Deinde
3215 5328 3432 5390 asserit,

1880 5430 1933 5483 in
1968 5429 2035 5482 iis
2062 5427 2151 5494 qui
2183 5426 2419 5495 percussi
2443 5440 2505 5477 ac
2536 5424 2730 5477 mortui
2766 5429 2912 5485 sunt,
2946 5421 3306 5480 retinendam.
3336 5420 3438 5471 hoc

1880 5531 1961 5575 est
1994 5519 2312 5574 servandam
2349 5531 2468 5570 esse
2499 5515 2791 5568 Mosaicam
2824 5513 3016 5580 legem,
3047 5527 3165 5577 quas
3200 5509 3438 5565 decrevit

1883 5610 2174 5672 hominem,
2225 5607 2312 5676 qui
2361 5622 2388 5657 a
2439 5620 2687 5674 quopiam
2740 5617 3026 5671 percussus
3060 5611 3160 5664 est,
3211 5613 3436 5668 moxque

1892 5700 2167 5764 decubuit,
2199 5700 2243 5752 si
2277 5707 2459 5765 postea
2496 5711 2527 5745 ιι
2565 5693 2763 5750 lectulo
2791 5690 3091 5748 surrexerit
3119 5690 3433 5744 ambulave-
