4124 6450
322 393 425 456 637

1298 391 1379 454 IN
1414 391 1660 455 EPIST.
1701 392 1760 452 S.
1790 387 2078 450 BASlLII
2113 392 2561 456 CANONICAM
2603 399 2653 457 Ι.

3497 401 3603 464 €38

322 513 428 559 τῶν
483 503 992 576 αἰχμαλωτισθῆναι
1038 505 1269 558 πιστῶν.
1325 499 1499 570 Οὗτος
1555 509 1610 561 δὲ
1646 510 1672 561 ὁ
1723 508 1902 562 κανὼν

2013 521 2189 569 autem
2244 534 2416 572 canon
2452 517 2620 570 divini
2668 515 2846 570 Patris
2882 515 3163 570 sanctitati
3211 513 3602 569 convenienter

321 599 493 662 ἀξίως
557 599 652 666 μὲν
681 601 747 669 τῇ
789 598 1157 668 ἀγιοπρεπεία
1202 601 1297 651 τοῦ
1335 601 1480 653 θείου
1540 602 1756 669 Πατρὸς
1788 604 1905 667 ἐξε-

321 689 476 755 τέθη,
505 691 606 742 οὐκ
637 692 850 760 ἐνεργεῖ
903 691 978 754 δὲ,
1013 691 1098 743 διά
1142 691 1201 742 τὸ
1261 693 1617 760 συμπίπτειν,
1667 696 1714 746 εί
1744 694 1905 747 τοῦτο

322 781 477 850 δοθῇ,
504 782 776 850 μηδέποτε
800 783 928 844 τούς
957 783 1299 852 στρατιώτας
1330 787 1773 854 μεταλαμϐάνειν
1795 787 1904 840 τῶν

322 874 484 926 θείων
560 875 917 942 ἀγιασμάτων
962 876 1220 945 πολέμοις
1291 877 1720 948 ἀλλεπαλλήλοις
1791 883 1902 933 ὲνο·

324 965 678 1035 χλουμένους,
712 968 805 1018 καὶ
863 966 1228 1034 ἀναιροῦντας
1258 971 1387 1030 τοὺς
1427 973 1746 1038 πολεμίους,
1768 974 1905 1044 ὅπερ

325 1059 472 1110 ἐστὶν
526 1059 818 1128 ἀφόρητον.
888 1059 1202 1127 Γέγραπται
1248 1060 1303 1113 δὲ
1372 1062 1447 1123 ὡς
1497 1064 1592 1116 τοῦ
1643 1063 1906 1132 βασιλέως

325 1150 535 1201 ἐκείνου
567 1149 734 1202 (bona
793 1151 1073 1215 ἀξιοῦντος
1131 1153 1272 1221 μετά
1311 1156 1609 1224 μαρτύρων
1643 1159 1903 1227 συναριθ-

327 1244 549 1309 μεῖσθαι
604 1244 733 1304 τοὺς
799 1244 856 1294 ἐν
895 1245 1156 1310 πολέμοις
1207 1247 1659 1314 ἀναιρουμένους,
1696 1251 1746 1300 ot
1782 1251 1903 1303 τότε

323 1333 632 1401 ἀρχιερεῖς,
667 1333 742 1402 τῷ
769 1336 955 1388 κανόνι
990 1337 1166 1405 τούτῳ
1197 1340 1556 1408 χρησάμενοι.
1592 1343 1689 1411 τὴν
1745 1344 1904 1413 βασι-

321 1422 478 1492 λικὴν
540 1424 794 1478 ἔνστασιν
841 1429 1241 1496 κατεσέγησαν,
1277 1431 1511 1499 φάμενοι
1539 1450 1554 1465 ο
1626 1436 1751 1497 Πῶς
1790 1439 1906 1501 τοῖς

325 1514 562 1583 μάρτυσι
596 1516 1083 1586 συναριθμήσομεν
1109 1521 1235 1580 τοὺς
1254 1522 1312 1572 ὲν
1333 1522 1591 1592 πολέμοις
1611 1528 1901 1592 πεσόντας,

319 1603 417 1666 οὓς
463 1607 490 1657 ὁ
522 1607 694 1673 μέγας
725 1608 1009 1672 Βασίλειος
1052 1609 1126 1672 ὡς
1165 1611 1239 1681 μὴ
1274 1613 1553 1683 καθαροὺς
1585 1619 1684 1679 τὰς
1714 1622 1905 1689 χεῖρας

320 1698 412 1749 ἐπὶ
444 1700 686 1766 τριετίαν
744 1700 986 1754 ἐκώλυσε
1024 1703 1131 1754 τῶν
1177 1705 1539 1776 ἀγιασμάτων
1569 1727 1584 1774 ;
1617 1713 1906 1781 Διαφόρων

318 1794 376 1846 δὲ
410 1794 602 1864 ίερέων
639 1798 1041 1864 παραστάντων
1088 1801 1384 1865 συνοδικῶς
1423 1805 1566 1856 κατά
1617 1805 1904 1873 βασιλικὸν

318 1886 574 1952 ὁρισμὸν,
613 1887 750 1939 ἀλλὰ
779 1888 885 1956 μὴν
909 1891 1004 1941 καὶ
1027 1892 1332 1944 ἐπισκόπου
1387 1893 1559 1958 τινὸς,
1588 1897 1682 1948 καὶ
1712 1898 1906 1964 ἐξομο-

320 1973 712 2044 λογησαμένων
733 1981 872 2030 κατὰ
891 1979 1168 2048 πολεμίων
1188 1981 1571 2053 συμπλακῆναι
1595 1989 1682 2038 ναὶ
1700 1989 1908 2040 ἀνελεῖν

318 2066 548 2130 πολλοὺς
585 2069 642 2134 ἐξ
673 2070 872 2133 αὐτῶν,
898 2073 929 2141 ἡ
953 2072 1053 2141 μὲν
1091 2072 1211 2125 Θεία
1247 2076 1344 2128 καὶ
1375 2076 1497 2145 ίερὰ
1530 2078 1746 2141 σύνοδος
1778 2083 1910 2133 ἀκο-

318 2159 525 2221 λούθως
556 2162 633 2228 τῷ
687 2164 868 2215 κανόνι
931 2166 1104 2233 τούτῳ
1163 2169 1257 2219 καὶ
1320 2169 1398 2236 τῷ
1457 2168 1548 2238 μγ¹
1579 2173 1674 2224 τοῦ
1739 2175 1906 2226 αὐτοῦ

317 2251 478 2316 ἁγίου
516 2254 609 2305 καὶ
669 2253 882 2321 ἑτέραις
936 2254 1110 2318 θείαις
1166 2257 1452 2324 διαταγαῖς
1480 2260 1637 2330 ἤθελε
1705 2267 1906 2333 μηκέτι

319 2344 516 2407 αὐτοὺς
568 2345 923 2414 ἱερουργῆσαι
967 2363 979 2376 ·
1017 2348 1068 2398 οἱ
1125 2349 1345 2412 πλείους
1371 2351 1446 2416 δὲ,
1496 2354 1588 2404 καὶ
1623 2355 1822 2422 μᾶλλον
1855 2357 1907 2408 οί

321 2438 856 2506 στρατιωτικώτεροι
889 2481 903 2502 ,
961 2440 1056 2492 καὶ
1105 2440 1379 2509 βραϐεέων
1439 2445 1638 2508 αὐτοὺς
1721 2448 1904 2512 ἀξίους

318 2524 456 2580 εἶναι
488 2529 838 2584 διενίσταντο.
889 2530 1080 2584 Πολλοὶ
1133 2532 1210 2596 δὲ,
1251 2534 1534 2596 ἀνελόντες
1581 2537 1905 2607 ἀνθρώπους

317 2623 376 2672 ὲν
403 2621 479 2688 τῷ
515 2621 691 2690 καιρῷ
727 2622 826 2688 τῆς
859 2622 997 2690 μετά
1028 2623 1240 2691 ῥάϐδων
1272 2627 1570 2695 παιγνικῆς
1601 2629 1900 2700 συμϐολῆς,

320 2711 462 2778 μετά
499 2713 705 2777 φονέων
732 2712 1093 2780 ἐλογίσθησαν
1139 2716 1656 2784 ὲκουσιοακονσίων,
1688 2717 1776 2774 οἷα
1805 2721 1899 2774 τοῦ

314 2801 561 2854 τοιούτου
588 2805 838 2870 παιγνίου
863 2805 937 2874 μὴ
953 2805 1105 2867 ὄντος
1119 2807 1226 2858 ἀπὸ
1246 2807 1352 2857 τῶν
1385 2810 1903 2881 ὲπιγινωσκομένων

318 2889 483 2942 πέντε
513 2891 591 2954 τῷ
617 2891 766 2962 νόμῳ
813 2895 1105 2960 παιγνίων,
1144 2895 1252 2947 τῶν
1282 2897 1374 2949 καὶ
1403 2896 1633 2964 ἀγώνων
1668 2900 1902 2969 λεγομέο

318 3001 450 3045 νων,
486 2984 660 3052 ἤγουν
723 2985 824 3052 τῆς
862 2987 1112 3055 πυγμῆς,
1151 2986 1245 3040 τοῦ
1273 2989 1498 3056 δρόμου,
1531 2991 1622 3041 τοῦ
1649 2992 1904 3061 πηδήμα-

313 3090 430 3135 τος,
489 3074 583 3127 τοῦ
646 3075 854 3136 δίσκου,
905 3078 997 3131 καὶ
1056 3078 1155 3146 τῆς
1201 3078 1742 3149 παλαίπραςοῶστε
1764 3087 1810 3136 οἱ
1842 3086 1903 3135 ἐν

313 3165 432 3225 τοῖς
459 3163 722 3228 τοιούτοις
753 3169 1029 3235 παιγνίοις
1064 3170 1384 3235 φονεύοντες
1409 3171 1468 3221 οὐ
1537 3176 1902 3243 προκριματί-
1930 3196 1973 3252 c

314 3252 524 3316 ζονται.

393 3348 642 3401 ΖΩΝΑΡ.
673 3348 748 3400 υύ
795 3347 918 3401 κατ’
961 3349 1226 3418 ἐπιταγὴν
1258 3351 1285 3402 ὁ
1316 3351 1471 3417 ἅγιός
1499 3369 1633 3421 φησι
1657 3355 1782 3415 τοὺς
1842 3357 1902 3405 ὲν

323 3437 586 3506 πολέμοις
635 3439 996 3508 ἀναιροῦντας
1038 3441 1134 3492 ἐπὶ
1195 3441 1437 3509 τριετίαν
1479 3443 1780 3511 ἀπέχεσθαι
1807 3446 1903 3511 τῆς

320 3533 632 3594 κοινωνίας,
695 3532 826 3584 ὶλλά
881 3531 1025 3585 κατά
1092 3534 1430 3602 συμϐουλήν.
1493 3534 1638 3603 Πλὴν
1671 3536 1901 3604 φορτικὴ

314 3624 468 3676 δοκεῖ
496 3625 799 3694 συμϐουλή.
861 3626 1112 3695 Συμϐαίη
1159 3629 1268 3696 γὰρ
1302 3628 1369 3679 ἂν
1421 3630 1483 3679 ὲκ
1501 3627 1705 3696 ταύτης
1736 3627 1900 3694 μηδέ-

319 3730 451 3766 ποτε
486 3716 613 3776 τοὺς
642 3717 979 3784 στρατιώτας
1020 3719 1348 3786 μεταλαϐεῖν
1369 3718 1478 3770 τῶν
1507 3719 1667 3772 θείων
1688 3719 1900 3788 δώρων,

318 3807 415 3857 καὶ
463 3806 698 3874 μάλιστα
727 3808 856 3870 τοὺς
913 3809 1112 3878 θάρσος
1146 3811 1593 3878 ἐνδεικνυμένους
1621 3813 1716 3863 κα)⁸
1774 3813 1901 3879 ἀρι-

322 3901 491 3960 στεῖς.
527 3899 600 3949 υύ
635 3900 743 3964 γὰρ
769 3900 832 3951 ἀν
873 3917 1005 3952 ποτε
1063 3904 1242 3968 σχοῖεν
1305 3902 1489 3952 ἄδειαν
1516 3904 1606 3952 ἐπὶ
1661 3901 1901 3971 τριετίαν

319 3986 623 4056 ἠρεμῆσαι,
658 3989 718 4038 Ei
767 3987 897 4054 γοῦν
919 3992 968 4040 οξ
994 3989 1249 4056 πολέμοις
1299 3989 1727 4057 ἀλλεπαλλήλοις
1781 4006 1904 4056 σχο-

319 4075 598 4140 λάζοντες,
638 4078 729 4128 καὶ
756 4075 1110 4146 ἀναιροῦντες
1139 4081 1262 4140 τοὺς
1289 4080 1599 4146 πολεμίους,
1624 4081 1899 4147 εἴργονται

318 4167 420 4236 τῆς
456 4168 762 4230 κοινωνίας,
825 4169 1037 4220 ἔσονται
1098 4169 1184 4220 δια
1237 4169 1351 4237 βίου
1413 4170 1768 4239 στερούμενοι
1803 4173 1902 4238 τῆς

319 4259 415 4313 τοῦ
447 4259 654 4327 ἀγαθοῦ
717 4260 1094 4328 μεταλήψεως.
1149 4261 1323 4329 Ὅπερ
1381 4262 1737 4329 Χριστιανοῖς
1773 4262 1906 4328 ἀφό-

323 4371 488 4423 ρητος
539 4353 781 4413 κόλασις.
843 4353 942 4403 Δια
971 4353 1024 4402 τί
1077 4351 1132 4402 δὲ
1170 4351 1270 4414 τὰς
1323 4355 1514 4420 χεῖρας
1562 4354 1624 4405 ού
1670 4353 1905 4420 καθαροὶ

322 4445 565 4514 κριθεῖεν
591 4445 640 4496 οί
663 4445 803 4510 ὑπὲρ
828 4442 919 4493 τοῦ
951 4440 1346 4509 πολιτεύματος
1387 4443 1481 4493 καί⁵
1518 4442 1628 4494 τῶν
1659 4443 1900 4511 ἀδελφῶν

321 4537 738 4604 ἀγωνιζόμενοι,
777 4536 862 4586 ἵνα
896 4533 971 4601 μὴ
998 4533 1253 4601 ληφθεῖεν
1283 4536 1394 4595 τοῖς
1421 4536 1720 4601 πολεμίοις,
1746 4536 1778 4606 ἢ
1815 4536 1901 4588 ἵνα

323 4628 861 4697 αἰχμαλωτισθέντας
887 4626 1369 4694 ὲλευθερώσωσιν;
1395 4628 1457 4678 El
1514 4629 1622 4694 γὰρ
1660 4627 1908 4696 φονεύειν

323 4720 452 4781 τοὺς
510 4719 831 4788 Βαρϐἀρους
880 4717 1386 4787 εὐλαϐηθήσονται,
1444 4719 1520 4781 ὠς
1570 4720 1669 4782 τὰς
1722 4723 1910 4789 χεῖρας

322 4810 574 4864 ἐντεῦθεν
606 4809 933 4875 μιαίνοντες,
968 4808 1246 4875 οἰχήσεται
1288 4807 1604 4875 ξύμπαντα,
1647 4810 1742 4858 καὶ
1769 4823 1908 4874 κρα-

324 4904 586 4970 τήσουσιν
617 4903 664 4951 οί
700 4900 966 4969 βάρϐαροι
1000 4901 1217 4950 πάντων
1244 4915 1259 4930 ο
1294 4898 1330 4952 ἃ
1367 4901 1459 4950 καὶ
1486 4901 1534 4951 οἱ
1572 4900 1741 4951 παλαι
1793 4900 1906 4950 lla-

329 4995 490 5062 τέρες
545 4993 920 5059 λογισάμενοι,
983 4991 1042 5042 οὐ
1094 4992 1206 5051 τοῖς
1248 4991 1470 5058 φονεῦσι
1505 4990 1910 5058 συγκατέλεξαν

327 5089 457 5146 τοὺς
505 5090 562 5138 ὲν
611 5083 868 5150 πολέμοις
925 5082 1289 5149 φονεύοντας,
1348 5083 1911 5150 συγγνωμονῆσαντες

330 5181 538 5240 αὐτοῖς,
575 5176 650 5236 ὡς
675 5169 829 5235 οὗτος
882 5174 1085 5242 ἔφησεν
1109 5175 1137 5225 ὀ
1164 5173 1340 5240 ἅγιος,
1402 5172 1476 5235 ὡς
1504 5174 1642 5239 ὑπὲρ
1699 5187 1902 5235 σωφρο-

330 5271 496 5339 σύνης
529 5267 624 5321 καὶ
657 5266 934 5326 εὐσεϐείας
995 5266 1377 5334 ἀμυνομένοις.
1445 5265 1505 5315 Εί
1555 5265 1665 5331 γὰρ
1693 5266 1741 5315 οἱ
1772 5264 1914 5330 Βάρ-

329 5362 490 5430 ϐαροι
519 5358 917 5428 κυριεύσουσιν,
956 5353 1079 5406 οὒτε
1110 5356 1356 5406 εὐσέϐεια
1396 5355 1566 5416 ἔσται,
1615 5353 1739 5406 οὔτε
1809 5372 1913 5406 σω-

330 5451 597 5520 φροσύνη.
660 5449 773 5515 Τὴν
828 5448 928 5516 μὲν
997 5447 1109 5514 γὰρ
1131 5446 1416 5499 εὐσέϐειαν
1466 5447 1816 5515 ἀθετήσουσι,
1851 5447 1911 5496 τὸ

329 5545 531 5597 οἰκεῖον
559 5540 722 5600 σέϐας
752 5539 1112 5606 κρατύνοντες
1137 5553 1151 5568 ο
1213 5538 1310 5604 τὴν
1341 5538 1397 5588 δὲ
1433 5538 1790 5605 σωφροσύνην
1816 5539 1908 5588 οὐ-

329 5635 438 5697 δεὶς
477 5633 721 5702 μετιέναι
773 5630 1278 5697 συγχωρηθήσεται,
1326 5628 1462 5681 ἀλλᾶ
1489 5628 1587 5697 ζῇν
1617 5628 1739 5679 κατ’
1769 5627 1912 5678 ὲκει-

333 5743 454 5786 ’σονς
512 5727 657 5784 ἅπας
712 5721 1154 5790 ὲκϐιασθήσεται.
1234 5718 1294 5771 Ὀ
1347 5719 1401 5770 δέ
1449 5721 1516 5770 τὰ
1579 5721 1696 5770 θεῖα
1745 5718 1911 5778 πολὺς

347 5819 664 5877 Ἀθανὰσιος
701 5815 754 5865 ἐν
780 5815 842 5882 τῇ
893 5810 1288 5880 πρϊςίιμμοῦν
1321 5810 1622 5877 μονάζοντα
1650 5810 1905 5870 κανονικῇ

2018 613 2196 667 editus
2225 620 2330 676 est,
2363 611 2455 665 sed
2486 625 2592 663 non
2619 618 2698 662 est
2733 609 2785 661 in
2822 622 2946 669 usu,
2971 608 3113 674 quod
3143 621 3208 659 ex
3235 622 3301 660 eo
3333 605 3598 668 eveniret,

2017 700 2062 754 si
2098 699 2498 761 admitteretur,
2526 707 2584 752 ut
2608 697 2808 751 milites
2829 703 3295 749 sacramentorum
3323 709 3596 762 nunquam

2014 803 2200 847 essent
2227 792 2543 861 participes,
2575 807 2696 844 cum
2731 792 2782 843 in
2816 790 3032 844 crebris
3053 791 3161 860 70
3191 789 3354 843 bellis
3383 803 3597 842 versen-

2017 896 2123 949 tur,
2161 892 2213 940 et
2245 888 2427 939 hostes
2458 883 2789 937 interﬁciant
2818 899 2832 935 :
2862 882 3003 950 quod
3039 899 3144 935 non
3174 891 3256 934 est
3287 880 3600 933 feremlum.

2015 977 2290 1044 Scriptum
2318 987 2400 1031 est
2427 977 2596 1037 enim,
2627 977 2769 1042 quod
2802 989 2922 1028 cum
2954 971 3158 1025 Phocas
3193 972 3281 1024 ille
3307 972 3598 1038 imperator

2013 1071 2176 1125 vellet
2205 1085 2299 1123 eos
2332 1068 2663 1138 martyribus
2695 1064 3041 1117 annumerari
3073 1064 3161 1131 qui
3191 1063 3243 1115 in
3279 1062 3432 1115 bellis
3457 1060 3598 1113 occi-

2015 1167 2236 1226 duntur,
2277 1162 2367 1228 qui
2411 1170 2540 1214 tunc
2586 1168 2746 1211 erant
2792 1158 3062 1210 antistites
3113 1156 3217 1208 hoc
3257 1155 3336 1206 nsi
3389 1165 3595 1204 canone

2015 1255 2422 1323 imperatoriam
2475 1251 2788 1305 instantiam
2835 1249 3053 1301 silentio
3099 1250 3466 1310 mandarunt,
3515 1244 3593 1295 di-

2014 1357 2198 1400 centes
2238 1363 2252 1397 :
2286 1344 2568 1410 Quomodo
2598 1355 2694 1394 eos
2727 1339 2814 1405 qui
2847 1340 2895 1391 in
2926 1339 3081 1392 bellis
3111 1339 3426 1391 ceciderunt
3455 1336 3594 1386 inter

2015 1448 2280 1508 martyres
2331 1432 2833 1495 annumerabimus,
2879 1445 3015 1497 quos
3067 1441 3294 1496 magnus
3340 1426 3589 1484 Basilius.

2015 1544 2074 1584 ut
2110 1532 2200 1598 qui
2235 1543 2336 1582 non
2373 1536 2558 1582 essent
2594 1524 2743 1593 puris
2778 1523 3047 1582 manibus,
3082 1521 3316 1572 triennio
3349 1533 3377 1569 a
3409 1531 3588 1570 sacra-

2016 1620 2216 1676 mentis
2244 1615 2568 1686 prohibuit?
2597 1614 2728 1668 Cum
2759 1621 2936 1664 autem
2976 1610 3127 1662 multi
3161 1609 3496 1669 sacerdotes,
3535 1615 3589 1659 et

2016 1728 2157 1766 unus
2191 1711 2405 1779 quidem
2431 1713 2740 1777 episcopus,
2773 1719 2835 1757 se
2859 1704 3008 1770 jussu
3048 1701 3397 1769 imperatorio
3431 1713 3590 1767 syno-

2015 1807 2208 1860 daliter
2241 1802 2528 1861 stitissent,
2551 1808 2607 1853 et
2638 1813 2759 1851 cum
2801 1795 3047 1850 hOSIihus
3079 1809 3137 1845 se
3171 1807 3363 1844 manus
3397 1804 3588 1843 conse-

2015 1901 2185 1952 ruisse
2214 1895 2518 1961 multosquc
2540 1907 2606 1945 ex
2638 1891 2699 1943 iis
2727 1889 2989 1942 occidisse
3016 1884 3146 1938 fassi
3175 1892 3379 1947 essent,
3407 1883 3584 1935 divina

2011 1999 2064 2043 et
2095 1999 2280 2043 sancta
2317 1986 2556 2057 synodus
2593 1988 2992 2048 consequenter
3030 1977 3153 2029 huic
3181 1974 3402 2035 canoni,
3433 1985 3486 2025 et
3519 1972 3590 2026 43

2011 2081 2255 2149 ejusdem
2315 2077 2489 2130 sancti
2545 2083 2600 2126 et
2653 2072 2773 2124 aliis
2829 2068 3030 2122 divinis
3087 2063 3587 2126 constitutionibus,

2011 2174 2230 2228 volebat
2273 2171 2419 2238 ipsos
2463 2183 2569 2222 non
2625 2163 2858 2233 amplius
2898 2174 3050 2214 sacra
3097 2157 3396 2210 celebrare.
3432 2154 3590 2207 Com-

2009 2268 2189 2336 plures
2223 2273 2424 2326 autem,
2473 2271 2526 2314 et
2562 2258 2652 2327 qui
2689 2263 2846 2308 erant
2897 2251 3054 2319 paulo
3101 2250 3272 2318 magis
3307 2247 3582 2307 militares,

2007 2371 2104 2411 eos
2143 2355 2306 2409 etiam
2341 2349 2580 2418 praemiis
2607 2348 2800 2415 dignos
2825 2359 2945 2397 esse
2976 2339 3398 2396 contendebant.
3435 2336 3582 2390 Multi

2009 2457 2212 2509 autem,
2238 2444 2326 2514 qui
2356 2444 2409 2496 in
2441 2453 2683 2508 tempore
2713 2435 2908 2491 ludicri
2938 2449 3057 2486 cum
3084 2432 3251 2502 virgis
3273 2430 3587 2485 certaminis

2007 2539 2257 2594 homines
2288 2534 2698 2591 interfecerant.
2731 2527 3014 2584 homicidis
3057 2524 3398 2578 annnmerati
3431 2530 3584 2582 sunt,

2008 2631 2100 2702 qui
2141 2627 2563 2684 involuntariam
2592 2621 2899 2678 voluntarie
2941 2616 3141 2671 caedem
3179 2620 3582 2683 perpetrarunt,

2008 2729 2192 2788 utpote
2220 2732 2343 2773 cum
2391 2718 2492 2769 hoc
2539 2713 2806 2766 ludicrum
2838 2724 2944 2762 non
2997 2709 3068 2760 sit
3098 2721 3165 2759 ex
3215 2705 3279 2757 iis
3321 2703 3580 2770 quinque,

2008 2828 2127 2884 qua:
2172 2812 2289 2880 lege
2322 2814 2717 2874 agnoscuntur,
2751 2817 2869 2869 qua:
2913 2801 3075 2853 etiam
3125 2795 3420 2852 certamina
3455 2807 3583 2861 ago-

2008 2917 2211 2970 nesque
2245 2902 2522 2960 dicuntur,
2557 2896 2764 2951 scilicet
2796 2892 3101 2961 pugillatus,
3137 2903 3349 2948 cursus,
3383 2885 3574 2946 saltus,

2008 2997 2215 3057 discus,
2256 2992 2527 3062 palmstra.
2562 2990 2740 3054 Quare
2788 2986 2876 3054 qui
2909 2984 2962 3037 iu
3007 2984 3085 3037 eis
3115 2979 3338 3034 ludicris
3371 2976 3581 3032 interﬂ-

2007 3092 2180 3150 ciunt,
2213 3083 2524 3155 pra'judicfo
2551 3095 2659 3134 non
2687 3078 3016 3133 adiciuntur.

2086 3357 2339 3413 ZONAR.
2383 3354 2812 3420 Haudquaquam
2864 3341 3184 3411 praecipiens
3232 3342 3450 3391 sanctus
3498 3331 3580 3384 vir

2010 3453 2096 3514 iis,
2129 3451 2220 3519 qui
2269 3451 2319 3500 in
2375 3446 2513 3498 bello
2559 3438 2950 3494 interfecerunt
2992 3429 3225 3485 triennio
3256 3443 3285 3479 a
3331 3438 3577 3479 commu-

2009 3518 2168 3597 nione
2195 3536 2572 3593 abstinendum
2606 3546 2728 3584 esse
2761 3527 2975 3588 asserit,
3005 3523 3098 3577 sed
3135 3518 3417 3573 consilium
3451 3530 3576 3583 pro-

2007 3650 2232 3706 ponens.
2266 3631 2564 3686 Onerosum
2604 3620 2959 3676 nihilominus
2997 3615 3049 3667 id
3095 3610 3378 3666 consilium
3404 3605 3572 3659 videri

2006 3700 2195 3800 possit.
2237 3725 2308 3778 Ex
2349 3721 2438 3774 illo
2472 3729 2702 3782 namque
2732 3709 3033 3774 contingat,
3074 3714 3128 3756 ut
3159 3700 3358 3755 divinis
3393 3709 3579 3749 mune-

2008 3823 2157 3874 rihus
2212 3828 2483 3882 nunquam
2535 3809 2735 3862 milites
2792 3798 3224 3857 communicent;
3273 3788 3573 3858 praesertim

2007 3911 2095 3976 qui
2143 3907 2309 3959 robur
2353 3901 2667 3966 pi-a'l'erunt,
2718 3909 2781 3945 ac
2826 3906 2884 3944 se
2930 3898 3182 3941 strenuos
3226 3895 3335 3948 prae
3366 3877 3577 3931 caeteris

2008 3966 2287 4051 exhibent.
2329 3987 2614 4054 Nunquam
2669 3981 2812 4031 enim
2857 3977 2922 4028 iis
2963 3973 3180 4025 dabitur
3231 3967 3460 4020 facultas
3510 3966 3578 4015 ad

2009 4085 2300 4140 triennium
2335 4073 2676 4148 quiescendi.
2738 4068 2793 4121 Si
2845 4079 2974 4132 ergo
3019 4063 3108 4130 qui
3170 4059 3322 4112 hellis
3370 4053 3578 4110 crebris

2009 4147 2365 4235 exercentur,
2395 4179 2450 4222 et
2479 4169 2664 4220 hostes
2695 4159 3024 4240 interficiunt
3048 4193 3062 4217 ,
3113 4169 3141 4204 a
3201 4147 3580 4204 communione

2009 4276 2284 4323 arcentur.
2313 4272 2425 4313 toto
2465 4259 2587 4310 vitre
2614 4263 2855 4319 tempore
2889 4235 3012 4301 boni
3052 4241 3435 4298 communione
3464 4235 3579 4304 pri—-

2009 4359 2116 4412 vati
2156 4359 2372 4420 degerit.
2404 4349 2535 4413 Quae
2558 4345 2770 4411 quidem
2803 4355 2954 4407 pmna
2980 4347 3060 4390 est
3086 4331 3409 4390 Christianis
3438 4326 3579 4380 haud

2013 4447 2329 4506 tolerabilis.
2359 4444 2528 4506 Quam
2561 4451 2687 4489 vero
2711 4436 2778 4486 ob
2803 4445 3019 4485 causam
3053 4437 3390 4494 nequaquam
3423 4431 3582 4486 puras

2021 4556 2211 4596 manus
2242 4549 2430 4606 gerere
2458 4529 2860 4600 iudicabuntur,
2912 4520 2999 4588 qni
3057 4532 3152 4584 pro
3207 4511 3474 4579 republica
3532 4517 3584 4560 et

2018 4600 2277 4688 fratribus
2307 4625 2590 4682 dimicant,
2628 4634 2694 4671 ne
2726 4614 2920 4683 captivi
2952 4611 3287 4662 abducantur
3322 4604 3388 4655 ab
3415 4600 3582 4653 hosti-

2018 4727 2138 4781 hns,
2177 4727 2268 4772 aut
2298 4726 2354 4768 ut
2393 4716 2445 4767 in
2487 4710 2802 4764 servitutem
2851 4703 3115 4756 abductos
3141 4698 3371 4751 liherent
3400 4692 3422 4744 ?
3451 4692 3580 4746 Nam

2016 4814 2061 4867 si
2101 4813 2166 4863 al)
2201 4802 2587 4861 interﬁcietidis
2633 4796 2885 4851 Barbaris
2918 4799 3168 4849 caveant,
3205 4785 3359 4852 quasi
3396 4795 3587 4834 manus

2015 4921 2081 4958 ex
2121 4903 2225 4956 hoc
2271 4897 2598 4965 pollttcutes,
2653 4902 2864 4957 pessum
2915 4885 3066 4934 ilnmt
3113 4877 3317 4935 omnia,
3359 4881 3585 4926 cuncto-

2020 4964 2528 5057 rumqueiBarhari
2585 4980 2878 5047 potientur.
2929 4973 3058 5036 Quae
3112 4964 3317 5032 antiqui
3372 4975 3590 5028 quoque

2020 5056 2212 5138 Patres
2242 5082 2423 5133 animo
2462 5081 2793 5139 reputantes,
2827 5065 2916 5132 qui
2960 5065 3009 5116 in
3047 5061 3184 5114 hello
3223 5056 3590 5110 interficerent

2022 5175 2445 5239 haudquaquam
2509 5159 2794 5216 homicidis
2856 5157 3318 5209 adnumerarnnt,
3376 5147 3588 5198 Veniam

2020 5265 2152 5330 ipsis
2180 5265 2388 5318 dantes,
2426 5254 2717 5320 siquidem,
2754 5258 2811 5299 ut
2854 5248 2942 5301 hic
2972 5245 3048 5297 ait
3082 5251 3330 5301 Sanctus,
3362 5251 3457 5305 pro
3490 5251 3590 5303 pn-

2018 5355 2199 5408 dicitia
2247 5365 2308 5402 ac
2362 5349 2561 5413 pietate
2611 5340 2961 5394 decertarint.
3013 5335 3070 5387 Si
3122 5345 3355 5399 nutuque
3407 5340 3594 5388 rerum

2019 5445 2295 5514 potiantur
2328 5438 2571 5498 Barbari,
2607 5448 2780 5500 neque
2807 5432 2912 5483 ulla
2947 5429 3138 5496 pietas.
3172 5436 3349 5491 neque
3378 5417 3554 5487 pudici
3577 5446 3590 5457 -

2019 5539 2093 5587 tia
2125 5531 2415 5599 supererit.
2450 5527 2708 5579 Pietatem
2739 5536 2970 5587 namque
3000 5517 3278 5585 abjicient,
3311 5529 3460 5564 suam
3502 5526 3590 5561 re-

2017 5625 2266 5691 ligionem
2294 5620 2591 5672 retinentes
2620 5634 2631 5666 :
2660 5613 2972 5682 pudicitiam
3005 5621 3132 5661 vero
3160 5603 3424 5658 retinendi
3453 5602 3585 5654 tnilli

2017 5718 2106 5769 ﬁet
2145 5714 2392 5772 facultas,
2437 5710 2528 5764 sed
2567 5709 2780 5759 illorum
2818 5705 3025 5772 legibus
3057 5701 3239 5751 vivere
3270 5710 3456 5749 omnes
3491 5708 3586 5746 co-

2018 5817 2230 5873 gentur.
2284 5805 2549 5856 Caeterum
2604 5799 2690 5852 ille
2739 5797 3042 5851 divinarum
3110 5806 3286 5845 rerum
3347 5787 3591 5854 apprime
