4124 6468
548 373 652 435 639

1834 366 2114 429 THEOD.
2155 366 2555 428 BALSAMON

3722 372 3818 435 διο

547 488 754 557 peritus
782 483 1137 548 Athanasius,
1174 482 1228 537 in
1274 496 1372 536 sua
1411 481 1477 535 ad
1511 481 1763 536 Ammum
1812 486 2141 538 monachum

2252 483 2511 553 ἐπιστολῇ
2545 482 2719 539 ταῦτα
2744 485 2889 554 λέγει
2927 487 3105 557 ῥητῶς
3137 500 3153 519 ⁸
3188 488 3438 541 Φονεύειν
3460 490 3562 542 οὐκ
3593 490 3767 557 ἔξεστι
3790 506 3804 522 ο

543 578 770 647 epistola
815 577 1100 637 canonica,
1148 574 1262 629 haec
1303 588 1561 642 expresse
1600 574 1775 628 dicit:
1818 572 2131 630 lnterlicere

544 682 873 737 quemquam
903 669 1063 737 plane
1087 667 1229 721 baud
1256 665 1383 719 licet
1409 684 1422 720 :
1458 680 1645 720 verum
1679 668 1732 720 in
1766 666 1917 723 bellis
1937 669 2132 721 adver-

544 761 721 815 sarios
775 761 1049 823 occidere,
1099 769 1154 813 et
1209 756 1420 827 legibus
1468 759 1796 826 permissum
1851 767 1907 813 et
1968 759 2127 811 laude

545 854 767 920 dignum
816 860 917 906 est.
978 850 1209 905 Proinde
1256 849 1517 905 existimo
1566 850 1669 904 hoc
1720 851 1897 921 magni
1944 848 2127 903 Basilii

543 944 829 998 consilium
866 942 1177 995 nullatenus
1208 955 1448 1009 unquam
1486 950 1761 993 servatum
1798 940 1983 993 fuisse.
2017 938 2128 992 Ta-

543 1048 669 1087 men
698 1043 847 1086 rerto
876 1034 1109 1101 quodam
1140 1042 1383 1099 tempore
1406 1032 1491 1095 iis,
1515 1031 1606 1099 qui
1632 1047 1727 1099 pro
1751 1030 2130 1086 traditionibus

544 1124 935 1178 ecclesiasticis
968 1124 1401 1191 propugnabant,
1446 1122 1597 1177 utilis
1639 1121 1761 1175 fuit.
1807 1122 1940 1177 Cum
1984 1122 2127 1177 enim

545 1216 848 1286 imperator
890 1217 1230 1286 Nicephorus
1261 1216 1490 1277 Phocas,
1522 1215 1981 1284 quemadmodum
2016 1229 2131 1267 ine-

545 1310 733 1363 moria:
767 1311 1032 1376 proditum
1068 1315 1171 1373 est,
1218 1322 1333 1368 eos,
1378 1307 1467 1374 qui
1505 1308 1557 1359 in
1592 1305 1748 1360 bellis
1780 1305 2125 1368 ceciderant,

544 1403 878 1467 martyribus
930 1400 1282 1454 adnumerari
1329 1399 1650 1467 postularet,
1684 1414 1745 1453 ac
1789 1400 1977 1452 eodem
2020 1412 2129 1466 quo

546 1490 622 1545 illi
672 1506 823 1545 more
874 1491 1081 1545 laudari
1132 1500 1185 1545 et
1229 1491 1333 1545 coli
1370 1508 1386 1545 :
1419 1499 1607 1546 contra
1656 1490 1988 1559 objecerunt,
2035 1490 2130 1559 qui

544 1593 674 1638 tunc
700 1584 959 1649 temporis
988 1582 1137 1636 fuere
1166 1584 1359 1636 summi
1385 1588 1721 1650 sacerdotes,
1747 1583 1883 1637 haud
1914 1598 2129 1650 aequum

544 1691 672 1730 esse
716 1675 986 1744 ejusmodi
1044 1675 1357 1729 hominibus
1406 1676 1818 1730 venerationem
1866 1675 2123 1745 impendi.

544 1765 702 1830 Quod
730 1782 852 1820 cum
897 1781 1001 1819 non
1035 1766 1449 1834 persuaderent,
1499 1776 1772 1833 postremo
1818 1767 1920 1820 hoc
1964 1765 2127 1819 veluti

545 1870 754 1911 canone
781 1858 861 1910 usi
897 1864 1044 1919 sunt,
1074 1854 1319 1910 dicentes
1352 1873 1365 1909 :
1396 1854 1642 1922 Quonam
1676 1857 1837 1910 modo
1871 1871 1969 1910 nos
1999 1871 2122 1910 cum

2241 574 2354 627 ἀλλ’
2378 578 2434 627 ἐν
2466 576 2687 645 πολέμῳ
2709 577 2953 646 ἀναιρεῖν
2978 578 3105 641 τοὺς
3136 577 3469 640 ἀντιπάλους
3492 579 3714 647 ιννομόν
3754 596 3815 633 τε

2244 669 2337 721 καὶ
2392 666 2615 720 ἐπαίνου
2661 666 2829 731 ἀξιον.
2886 664 3054 738 Οἶμαι
3098 668 3228 735 γοῦν
3257 669 3331 733 ὼς
3369 668 3569 722 οῦποτε
3630 672 3663 738 ἡ
3720 668 3817 722 τοῦ

2244 759 2482 829 μεγάλου
2505 761 2793 815 Βασιλείου
2820 760 3066 831 ὑποθήκη
3107 760 3246 829 αῦτη
3278 764 3578 833 ὲκράτησε·
3605 762 3746 824 τέως
3774 759 3820 813 δ’

2241 854 2299 903 έν
2351 853 2529 921 καιρῷ
2576 855 2690 915 τοῖς
2760 853 3145 921 ἀντεχομένοις
3202 854 3820 917 τῶν-έκκλησιαστικὼν

2246 943 2601 1012 παραδόσεων
2638 944 3017 1013 ἐλυσιτέλησε.
3052 944 3158 998 Τοῦ
3187 947 3296 1016 γὰρ
3328 946 3593 1014 βασιλέως
3643 946 3821 1013 Νικηο

2241 1035 2408 1103 φόρου
2458 1035 2550 1087 τοῦ
2571 1036 2862 1099 tumlti):
2931 1036 3235 1105 ἱστόρηται,
3302 1036 3661 1099 ἀπαιτοῦντος
3689 1038 3821 1095 τοὺς

2240 1128 2297 1178 έν
2352 1125 2616 1195 πολέμοις
2656 1129 3083 1197 ἀναιρουμένους
3112 1129 3504 1181 συντάττεσθαι
3530 1132 3644 1189 τοῖς
3678 1130 3818 1198 μάρ-

2237 1234 2379 1280 τυσι,
2420 1219 2513 1270 καὶ
2540 1220 2663 1272 κατ’
2711 1221 2952 1284 ἱκεὶνους
3022 1221 3288 1288 τιμᾶσθαι
3352 1221 3443 1273 καὶ
3508 1222 3818 1289 ὑμνεῖσθαι,

2238 1310 2288 1361 οἱ
2344 1308 2464 1361 τότε
2524 1311 2799 1381 ἀρχιερεῖς
2845 1314 3216 1379 ἀντεπέφερον
3289 1312 3365 1382 μὴ
3418 1313 3623 1365 δίκαιοι
3684 1309 3821 1366 εἶναι

2237 1402 2368 1463 τοὺς
2393 1402 2671 1465 τοιούτους
2699 1403 2985 1473 τιμᾶσθαι.
3022 1403 3127 1455 Καὶ
3161 1406 3235 1473 μὴ
3294 1402 3577 1461 πείθοντες
3640 1402 3825 1454 τελευ-

2236 1496 2410 1556 ταῖον,
2468 1492 2544 1555 ὠς
2594 1496 2783 1547 κανόνι
2821 1495 3000 1563 τούτῳ
3031 1495 3337 1565 ἐχρήσαντο
3389 1495 3655 1561 φάμενον
3704 1494 3823 1556 Ιιῶς

2242 1587 2407 1655 ἡμεῖς
2462 1589 2573 1651 τοῖς
2636 1588 3023 1657 μαρτυρήσασι
3058 1588 3185 1649 τοὺς
3245 1589 3304 1637 ὲν
3342 1586 3603 1654 πολέμοις
3632 1586 3826 1635 πεσόν-

2237 1694 2337 1739 τας
2365 1678 2870 1747 συναριθμήσομεν,
2920 1677 3014 1738 οὓς
3035 1680 3061 1730 6
3094 1678 3269 1747 μέγας
3318 1677 3618 1739 Βασίλειος,
3646 1676 3720 1737 ὡς
3747 1674 3821 1746 μὴ

2242 1768 2511 1838 καθαροὺς
2553 1771 2653 1831 τὰς
2670 1771 2857 1839 χεῖρας
2885 1809 2900 1833 ,
2932 1770 3024 1821 επὶ
3054 1770 3301 1839 τριετίαν
3333 1768 3448 1820 τῶν
3471 1766 3830 1837 ἀγιασμάτων

2241 1858 2502 1928 ἀπεῖρξεν
2526 1878 2539 1923 ;

547 1948 875 2017 martyribus
916 1964 1032 2013 eos,
1098 1951 1188 2019 qui
1249 1950 1302 2003 in
1338 1949 1491 2006 hellis
1527 1952 1865 2013 ceciderunt,
1901 1949 2291 2005 adnun'etabiu
2318 1968 2401 2018 ue,
2430 1969 2568 2024 quos
2608 1968 2834 2026 magnus
2854 1954 3110 2018 Basilius,
3151 1962 3402 2023 tanquam
3453 1950 3541 2022 qui
3590 1949 3833 2019 impuras

547 2054 743 2094 manus
801 2052 1071 2109 gererent,
1152 2043 1387 2099 triennio
1444 2058 1474 2098 a
1534 2046 1893 2099 sacramentls
1950 2044 2160 2098 arcuit?

622 2135 725 2204 71
760 2134 990 2189 ARIST.
1018 2136 1119 2203 Qui
1162 2152 1260 2205 pro
1288 2140 1490 2207 pietate
1516 2150 1743 2210 pugnat,
1790 2140 2003 2195 etiamsi
2032 2140 2129 2195 de-

2309 2144 2533 2197 ΔΡΙΣΤ.
2583 2142 2642 2195 '0
2673 2142 3003 2211 πολεμιστὴς
3039 2143 3106 2210 τῇ
3141 2138 3415 2209 εὐσεϐείᾳ,
3461 2138 3509 2189 si
3540 2133 3638 2189 καὶ
3672 2133 3819 2202 ἀμύ-

548 2225 756 2288 feudat,
791 2227 1028 2281 triennio
1055 2242 1082 2280 a
1111 2230 1498 2285 communione
1538 2233 1832 2287 abstineat.

623 2316 929 2373 Homicidia
976 2318 1031 2373 in
1081 2319 1239 2375 bellis
1276 2318 1419 2374 facta
1463 2337 1573 2376 non
1626 2324 1915 2377 homicidia
1951 2338 1980 2375 a
2033 2321 2140 2377 Pa-

550 2416 589 2461 ti
605 2408 727 2463 ibus
752 2420 995 2476 reputata
1012 2420 1137 2464 sunt
1157 2410 1631 2480 (quemadmodum
1648 2423 1703 2465 et
1722 2414 2137 2480 magnusAtha-

554 2497 740 2551 uasius
769 2498 836 2551 ad
859 2498 1113 2553 Animum
1142 2505 1471 2555 monachum
1506 2500 1722 2565 scribit,
1751 2501 1939 2555 dicens
1984 2514 2000 2555 ι
2033 2499 2138 2554 Eos

552 2588 647 2657 qui
680 2602 740 2643 se
768 2589 821 2642 in
852 2590 996 2645 bello
1049 2591 1348 2648 fortissime
1387 2606 1678 2661 gesserunt
1727 2597 1935 2665 magnis
1966 2596 2141 2650 hono-

555 2680 704 2733 ribus
752 2679 967 2750 dignari
1021 2692 1261 2751 oportet,
1316 2693 1371 2739 et
1420 2685 1608 2753 cippos
1665 2684 1879 2739 illorum
1933 2688 2143 2755 erlgere

555 2780 707 2840 gesta
756 2772 1091 2834 indicantes.
1158 2783 1215 2829 ut
1268 2776 1361 2843 qui
1414 2776 1746 2831 reluctantes
1779 2777 2146 2843 abstulerunt,

556 2872 783 2930 etopus
842 2862 1137 2931 legitimum
1169 2864 1517 2934 perfecerunt
1557 2877 1612 2921 et
1685 2868 1843 2923 laude
1893 2867 2140 2937 dignum)

556 2970 735 3025 neque
762 2971 989 3027 magnus
1019 2959 1106 3013 hic
1149 2961 1231 3013 vir
1277 2959 1544 3027 judicium
1600 2976 1790 3015 eorum
1850 2962 2140 3030 improbat,

558 3048 683 3116 quia
722 3063 821 3115 pro
854 3050 1113 3116 pudicitia
1141 3057 1195 3103 et
1222 3052 1424 3119 pietate
1456 3051 1639 3106 hostes
1664 3051 2004 3121 propulsant.
2033 3051 2141 3106 Sed

559 3145 747 3193 monet
774 3138 977 3192 bonum
1005 3154 1125 3194 esse
1161 3152 1220 3194 ut
1251 3140 1373 3195 talis
1400 3156 1427 3194 a
1453 3143 1839 3199 communione
1882 3144 1992 3196 sola
2038 3144 2138 3196 ab-

561 3232 785 3298 stineat,
818 3230 945 3302 quia
982 3245 1144 3301 puras
1178 3246 1289 3286 non
1325 3231 1486 3287 habet
1510 3247 1727 3287 manus.

1152 3410 1382 3466 CANON
1417 3410 1557 3465 XIV.

562 3507 663 3572 Qui
696 3520 893 3561 usuras
924 3504 1148 3571 accipit,
1176 3504 1223 3557 sl
1257 3502 1515 3571 iujustum
1540 3502 1749 3556 lucrum
1783 3502 1835 3556 in
1880 3514 2144 3571 pauperes

632 3612 959 3655 consumere
1011 3597 1263 3663 voluerit,
1325 3604 1381 3650 et
1430 3596 1497 3647 ab
1533 3594 1779 3649 avaritiae
1827 3596 2015 3649 morbo
2046 3595 2140 3649 de-

635 3696 823 3763 inceps
854 3691 1101 3751 liberari.
1133 3698 1221 3744 est
1250 3687 1319 3742 ad
1347 3686 1715 3743 sacerdotium
1748 3686 2141 3741 admittendus.

638 3874 830 3929 BALS.
864 3872 1186 3928 Sanctorum
1211 3870 1429 3939 quidem
1455 3868 1821 3937 apostolorum
1852 3882 2027 3922 canon
2054 3867 2147 3933 δέ,

564 3969 855 4035 episcopos
881 3966 962 4019 vel
1016 3964 1367 4032 presbyteros
1398 3960 1483 4015 vel
1531 3960 1793 4015 diaconos
1838 3959 2149 4013 fenerantes

566 4073 782 4113 cessare
814 4057 899 4111 vel
930 4056 1125 4123 deponi
1166 4061 1424 4122 nportere
1444 4049 1633 4105 deﬁnit
1666 4068 1681 4105 :
1707 4050 1951 4104 decimus
1987 4051 2151 4116 septi-

566 4165 687 4203 mus
720 4157 898 4203 autem
934 4162 1109 4200 canon
1143 4144 1332 4215 prima:
1363 4141 1559 4213 synodi
1610 4155 1801 4197 omnes
1857 4141 2150 4195 canonicos

570 4240 879 4295 fenerantes
903 4238 1101 4307 deponi
1128 4219 1305 4304 jubet.
1338 4233 1483 4303 Lege
1505 4248 1635 4301 ergo
1658 4246 1847 4286 eorum
1879 4248 2148 4287 canonum

569 4330 1069 4401 interpretationes.
1128 4325 1234 4380 Sed
1285 4325 1409 4393 quia
1470 4325 1555 4377 lex
1600 4323 1778 4377 civilis
1826 4338 1936 4377 non
1996 4324 2152 4392 punit

569 4421 743 4476 laicos
772 4420 1105 4479 fenerantes.
1142 4416 1237 4470 sed
1293 4416 1457 4472 etiam
1490 4415 1756 4484 permittit
1806 4415 1873 4469 ad
1928 4430 2149 4468 usuram

570 4522 761 4566 mutuo
793 4510 960 4575 dare;
1024 4508 1271 4563 nonnulli
1334 4518 1538 4570 autem,
1580 4515 1639 4559 ut
1686 4514 1771 4559 est
1831 4506 2149 4571 verisimile,

571 4603 887 4657 fenerantes
942 4602 1195 4656 volebant
1238 4600 1305 4653 ad
1349 4614 1566 4653 sacrum
1620 4598 1865 4653 ordinem
1926 4613 2148 4668 promo-

569 4697 714 4754 veri,
746 4705 801 4748 et
850 4705 1070 4764 propter
1118 4703 1275 4761 turpe
1327 4692 1538 4747 lucrum
1577 4692 1657 4746 eis
1712 4706 1817 4745 non
1870 4692 2154 4759 permitte-

2166 3461 2213 3524 C

2244 2252 2347 2297 νοι,
2410 2236 2659 2305 τριετίαν
2687 2232 2975 2303 ἀπεχέσθω
3032 2231 3131 2299 τῆς
3165 2230 3472 2289 κοινωνίας.

2315 2326 2455 2389 Τοὺς
2489 2327 2548 2377 έν
2578 2325 2837 2395 πολέμοις
2864 2323 3082 2390 φόνους,
3120 2320 3195 2391 μὴ
3230 2322 3428 2389 φόνους
3469 2318 3827 2385 λογισθέντας

2241 2410 2391 2486 παρά
2412 2416 2519 2469 τῶν
2554 2417 2837 2485 Πατέρων,
2870 2412 3052 2476 καθὼς
3094 2414 3186 2465 καὶ
3214 2414 3241 2464 6
3276 2412 3453 2481 μέγας
3507 2408 3830 2472 Ἀθανάσιος

2240 2510 2378 2578 πρὸς
2414 2506 2660 2577 ’Δμμοῦν
2685 2506 2989 2573 μονάζοντα
3004 2503 3336 2564 ιπιστέλλει,
3359 2501 3533 2571 τιμῶν
3552 2500 3825 2569 μεγάλων,

2243 2600 2442 2666 λέγων,
2474 2599 2761 2664 ἀξιοῦσθαι
2800 2599 2929 2659 τοὺς
2966 2597 3024 2649 ὲν
3087 2596 3346 2664 πολέμοις
3400 2595 3830 2665 ἀριστεύσαντας

2239 2692 2367 2762 χρὴ,
2414 2691 2507 2743 καὶ
2535 2690 2735 2757 στήλας
2782 2687 2987 2740 τούτων
3058 2686 3392 2755 ἐγείρεσθαι,
3450 2681 3829 2751 κηρυττούσας

2240 2786 2310 2838 τά
2345 2782 2773 2852 κατορθώματα,
2816 2781 2891 2843 ὼς
2925 2779 3287 2848 ἀναιροῦντας
3324 2778 3448 2838 τοὺς
3477 2775 3825 2837 ἀντιπάλους,

2239 2877 2335 2931 καὶ
2366 2876 2607 2945 πρᾶγμα
2632 2871 2923 2933 ποιοῦντας
2948 2870 3191 2939 ἔννομον,
3228 2870 3325 2922 καὶ
3375 2868 3601 2921 έπαίνου
3642 2866 3792 2932 ἀξιον
3811 2883 3825 2898 ι

2239 2968 2359 3021 οὐδὲ
2391 2970 2419 3020 6
2450 2966 2618 3035 μέγας
2649 2958 2803 3026 οὗτος
2839 2964 2977 3032 ἀνὴρ
3005 2962 3105 3031 τὴν
3159 2961 3340 3029 κρίσιν
3401 2960 3581 3013 αὐτῶν
3631 2958 3830 3011 ἀποδο-

2240 3056 2487 3126 κιμάζει,
2538 3055 2625 3106 διά
2676 3053 2738 3105 τὸ
2793 3052 2933 3120 ὑπὲρ
2986 3049 3341 3119 σωφροσύνης
3399 3050 3493 3101 καὶ
3544 3046 3831 3108 εὐλαϐείας

2240 3149 2545 3219 ἀμύνεσθαι
2573 3146 2666 3198 τδν
2702 3144 3059 3213 πολεμιστήν.
3099 3143 3245 3210 Πλὴν
3280 3138 3640 3207 συμϐουλεύει
3666 3138 3833 3189 καλὸν

2242 3238 2387 3295 εἶναι
2448 3241 2548 3308 τῆς
2580 3238 2867 3298 κοινωνίας
2910 3236 3077 3305 μόνης
3108 3235 3198 3286 τὸν
3228 3234 3469 3287 τοιοῦτον
3494 3231 3823 3301 ἀπέχεσθαι,

2242 3330 2331 3383 διά
2357 3329 2420 3382 τὸ
2442 3328 2519 3399 μὴ
2543 3326 2792 3395 καθαρὰς
2824 3325 2971 3393 εχειν
3003 3324 3100 3385 τὰς
3127 3325 3339 3392 χεῖρας.

2866 3414 3108 3469 ΚΑΝΩΝ
3143 3410 3241 3466 1Δ⁸.

2258 3513 2317 3564 '0
2350 3513 2545 3573 τόκους
2576 3508 2873 3579 λαμϐάνων
2908 3507 3004 3559 έάν
3030 3502 3393 3571 καταδέξηται
3422 3500 3481 3554 τὸ
3503 3500 3686 3556 ἄδικον
3711 3499 3845 3567 ἱέρ’

2315 3602 2403 3664 δος
2440 3605 2520 3663 εἱς
2551 3600 2799 3668 πτωχοὺς
2852 3594 3167 3658 ἀναλῶσαι,
3200 3593 3295 3646 καὶ
3332 3590 3427 3644 τοῦ
3480 3588 3670 3643 λοιποῦ
3722 3587 3816 3640 τοῦ

2317 3696 2622 3763 νοσήματος
2654 3696 2754 3761 τῆς
2810 3685 3253 3758 φιλοχρηματίας
3303 3682 3712 3749 ἀπαλλαγῆναι,
3755 3678 3839 3730 δε-

2317 3784 2445 3846 κτός
2479 3786 2627 3835 ἐστιν
2659 3784 2737 3845 εἱς
2768 3779 3092 3849 ἱερωσύνην.

2320 3876 2519 3931 ΒΑΔΣ.
2566 3875 2623 3925 ’0
2655 3873 2754 3941 μὲν
2800 3873 2883 3940 μδ⁹
2916 3870 3098 3923 κανὼν
3147 3870 3255 3922 τῶν
3285 3869 3457 3935 ἁγίων
3514 3865 3833 3918 ἀποστόλων

2252 3970 2376 4027 τοὺς
2402 3962 3081 4029 τοκίζονταςιιπισκόπους
3116 3960 3148 4028 ἦ
3197 3958 3604 4027 πρεσϐυτέρους
3651 3955 3684 4023 ἢ
3724 3954 3840 4007 δια-

2253 4061 2440 4119 κόνους
2465 4055 2733 4108 παύεσθαι
2766 4053 2796 4122 ἢ
2828 4050 3212 4120 καθαιρεῖσθαι
3249 4048 3544 4117 διορίζεται
3574 4064 3589 4079 ο
3628 4049 3656 4099 6
3689 4045 3745 4098 δὲ
3775 4041 3839 4109 ιζ’

2252 4149 2431 4203 κανὼν
2472 4148 2571 4217 τῆς
2602 4144 2647 4199 α’
2694 4146 2914 4198 συνόδου
2947 4144 3159 4197 πάντας
3195 4143 3322 4202 τοὺς
3380 4136 3701 4198 κανονικοὺς
3756 4152 3844 4188 το-

2252 4240 2505 4302 κὶζοντας
2573 4235 2957 4300 καθαιρεῖσθαι
3017 4228 3484 4300 παρακελεύεται·
3562 4223 3841 4292 ἀνάγνωθι

2252 4328 2345 4384 οὖν
2378 4330 2475 4391 τάς
2508 4328 2617 4380 τῶν
2658 4324 2919 4378 τοιούτων
2973 4320 3217 4373 κανόνων
3295 4316 3617 4386 ἑρμηνείας.
3688 4316 3843 4367 Ἐπεὶ

2253 4422 2309 4474 δὲ
2340 4422 2367 4473 6
2402 4419 2680 4479 πολιτικὸς
2711 4415 2875 4483 νόμος
2911 4412 2971 4464 ού
3009 4410 3231 4472 κολάζει
3275 4411 3401 4470 τοὺς
3436 4408 3659 4468 λαῖκοὺς
3692 4405 3842 4457 τοκί-

2256 4514 2467 4577 ξοντας,
2513 4511 2648 4564 ἀλλά
2674 4508 2767 4559 καὶ
2808 4503 3011 4574 μᾶλλον
3042 4500 3330 4569 ἐπιτρέπει
3364 4498 3502 4569 μετά
3546 4499 3709 4549 τόκου
3749 4496 3846 4547 δα-

2256 4606 2475 4668 νείζειν,
2510 4600 2651 4660 τινὲς
2674 4596 2841 4661 δὲ,ὡς
2867 4596 3035 4656 ἔοικε,
3088 4591 3427 4654 δανείζοντες
3458 4589 3632 4648 οὕτως
3653 4585 3846 4655 ἧθελτον

2258 4694 2557 4763 ἀξιωθῆναι
2591 4689 2803 4761 βαθμοῦ
2836 4683 3135 4756 ἱερατικοῦ,
3188 4683 3283 4735 καὶ
3326 4682 3425 4733 οὐκ
3471 4680 3721 4746 ἐδέχοντο
3758 4678 3846 4729 διὰ

570 4789 730 4842 batur
769 4806 781 4841 :
817 4787 948 4839 dicit
1002 4800 1131 4851 ergo
1166 4793 1385 4839 sanctus
1436 4798 1533 4838 eos
1579 4784 1743 4839 etiam
1780 4784 1848 4835 ad
1885 4782 2142 4836 sacerdo-

2250 4787 2347 4856 τὴν
2374 4784 2467 4837 τοῦ
2502 4786 2660 4835 τόκου
2690 4776 3140 4848 αἰσχροκέρδειαν
3162 4789 3176 4802 ·
3209 4773 3413 4839 φησῖνὸ
3439 4771 3591 4835 ἆγιος
3609 4772 3700 4821 καὶ
3721 4769 3845 4827 τοὺς

573 4881 706 4931 tium
736 4878 1122 4936 admittemlos,
1155 4876 1197 4928 si
1232 4890 1353 4945 quae
1399 4890 1463 4929 ex
1516 4875 1704 4929 usuris
1748 4875 1973 4927 collecta
2030 4882 2155 4925 sunt

571 4970 625 5023 in
661 4984 929 5039 pauperes
980 4968 1442 5035 consumpserint,
1494 4975 1549 5019 et
1603 4981 1663 5021 se
1713 4966 1765 5019 id
1819 4965 2155 5019 asseruerint

570 5079 681 5121 non
713 5062 945 5129 amplius
987 5060 1250 5114 facturos.

644 5154 899 5211 ΖΟΝΑΒ.
940 5152 1189 5207 Decimus
1215 5150 1475 5218 septimus
1500 5148 1730 5204 Nic-aenae
1752 5151 1938 5218 primae
1963 5150 2155 5221 synodi

576 5263 751 5304 canon
778 5261 873 5300 eos
898 5247 986 5315 qui
1018 5244 1361 5306 l’enerantur,
1409 5242 1679 5312 siquidem
1727 5244 1905 5295 sacris
1955 5242 2155 5295 initiati

579 5341 715 5403 sint,
750 5337 943 5406 deponi
975 5334 1149 5401 jubet.
1182 5332 1276 5388 Hic
1313 5348 1441 5387 vero
1470 5348 1701 5403 magnus
1749 5332 1927 5391 Pater.
1977 5332 2161 5400 Siqui-

582 5430 934 5499 dem.inquit,
960 5427 1179 5482 fenebre
1211 5426 1419 5479 lucrum
1444 5424 1499 5479 in
1527 5440 1791 5494 pauperes
1812 5424 2164 5489 distribuant,

580 5536 646 5575 ac
671 5522 930 5589 deinceps
956 5534 985 5573 a
1020 5518 1319 5573 fenerando
1348 5517 1678 5580 abstineant,
1725 5516 1777 5569 iu
1815 5530 2029 5569 sacrum
2068 5529 2157 5567 or-

578 5616 761 5668 dinem
816 5612 1030 5666 admitti
1084 5618 1359 5671 poterunt.
1413 5608 1573 5662 Forte
1628 5609 1790 5677 igitur
1840 5616 2155 5677 praesentem

581 5719 847 5760 canonem
875 5702 1021 5759 edito
1052 5718 1079 5755 a
1107 5700 1339 5757 Nicznis
1366 5700 1617 5753 Patrihus
1652 5699 1849 5752 canoni
1880 5698 2153 5752 adversari

581 5794 1321 5862 quisniamexistimaverit:
1368 5792 1461 5848 sed
1510 5806 1615 5846 non
1678 5800 1757 5845 cst
1809 5791 1904 5843 ita.
1959 5788 2051 5841 llle
2088 5790 2160 5842 si-

2258 4877 2531 4935 τοιούτους
2583 4870 2835 4941 δέχεσθαι
2868 4869 2947 4929 εἱς
2980 4862 3304 4935 ἱερωσύνην,
3334 4860 3428 4911 έάν
3458 4861 3527 4910 τά
3553 4858 3663 4909 ἀπὸ
3683 4859 3843 4911 τόκου

2264 4966 2601 5036 συναχθέντα
2622 4966 2700 5025 εἰς
2724 4959 2977 5028 πτωχοὺς
3008 4952 3351 5013 ἀναλώσωσι,
3378 4952 3473 5004 καὶ
3496 4950 3816 5003 κατάθωντα

2266 5060 2466 5130 μηκέτι
2499 5054 2657 5109 τοῦτο
2695 5052 2941 5118 ποιῆσαι.

2335 5149 2579 5203 ΖΩΝΔΡ.
2626 5146 2685 5197 ’0
2715 5140 2780 5205 ιζ’
2820 5136 2999 5193 κανὼν
3028 5137 3127 5203 τῆς
3151 5135 3208 5185 ὲν
3239 5131 3447 5201 Νικαίᾳ
3468 5127 3695 5195 πρώτης
3720 5141 3847 5176 συν-

2265 5243 2386 5296 όδου
2410 5241 2538 5300 τοὺς
2577 5238 2670 5288 ἐπὶ
2693 5235 2876 5293 τόκοις
2899 5227 3245 5292 δανείζοντας
3291 5220 3623 5291 ἱερωμένους
3656 5215 3850 5271 καθαι-

2269 5330 2479 5402 ρεῖσθαι
2509 5324 2863 5395 προστάττει.
2903 5319 2966 5371 ’0
3018 5317 3077 5370 δὴ
3138 5316 3309 5383 μέγας
3346 5305 3498 5371 οὗτος
3538 5306 3753 5402 Πατὴρ,
3798 5303 3848 5355 ει

2265 5399 2326 5474 τὸ
2358 5424 2422 5474 ὲκ
2453 5419 2560 5471 τῶν
2592 5418 2772 5469 τόκων
2806 5414 3019 5484 κέρδος,
3056 5408 3241 5477 φησὶν.
3276 5408 3356 5464 εἱς
3407 5402 3659 5469 πτωχοὺς
3716 5399 3850 5450 ἀνα-

2264 5514 2447 5573 λώσει,
2485 5508 2577 5561 καὶ
2608 5506 2702 5559 τοῦ
2734 5502 2924 5556 λοιποῦ
2958 5501 3269 5567 ἀπόσχηται
3303 5492 3394 5547 τοῦ
3439 5488 3708 5553 τοκίζειν,
3757 5487 3847 5538 δε-

2268 5604 2402 5655 κτός
2441 5604 2589 5651 ἐστιν
2620 5599 2698 5657 εἰς
2737 5592 3059 5663 ἱερωσύνην.
3098 5589 3254 5648 Ἴσως
3286 5583 3377 5636 οῦν
3401 5598 3544 5633 τισιν
3574 5574 3847 5629 ἐναντιοῦ-

2274 5694 2396 5745 σθαι
2428 5691 2567 5754 δόξει
2596 5688 2673 5757 τῷ
2698 5685 2805 5738 τῶν
2829 5684 2886 5733 ἀν
2915 5682 3117 5749 Νικαίᾳ
3140 5678 3401 5742 Πατέρων
3444 5670 3630 5723 κανόνι
3650 5666 3679 5718 6
3713 5680 3848 5757 παρ-

2268 5784 2341 5835 ὼν
2391 5779 2601 5834 κανών·
2638 5777 2752 5831 ἀλλ’
2778 5774 2878 5827 οὐκ
2909 5772 3023 5824 ἐστι
3086 5767 3265 5820 τοῦτο.
3304 5763 3541 5824 Ἐκεῖνος
3593 5758 3692 5829 μὲν
3744 5755 3849 5823 γὰρ
