4124 6454
291 377 402 448 Gil

1269 383 1350 450 IN
1386 385 1627 447 EPJST-
1664 388 1723 448 S.
1766 385 2051 446 BASILII
2104 391 2538 454 CANONJCAM
2578 397 2623 456 ῐ.

3436 405 3546 472 6ιὲ

284 497 426 566 περὶ
468 495 782 566 ἱερωμένων
828 497 1176 551 διατάττεται
1222 499 1569 561 τοκιζόντων,
1632 492 1788 558 οὗτος
1825 499 1877 551 ἑὲ

1987 501 2199 564 quidem
2231 506 2293 554 de
2323 506 2492 558 sacris
2535 505 2812 562 ordinibus
2859 506 3106 575 initiatis,
3150 515 3236 565 hic
3268 526 3445 569 autem
3479 522 3544 571 de

283 590 424 655 περὶ
455 587 678 651 λαῖκῶν,
711 590 805 640 καὶ
845 587 935 640 τὸν
975 589 1348 657 ἀποσχόμενον
1371 587 1467 640 τοῦ
1500 588 1735 647 τοκίζε;ν
1760 588 1876 639 λαῖ-

288 678 414 732 κδν.
441 678 535 729 καὶ
558 679 615 728 τὸ
658 677 868 728 ἐκεῖθεν
893 678 1177 746 περιελθὸν
1202 678 1350 745 αύτῷ
1369 677 1556 746 κέρδος
1576 676 1874 728 διαδιδόντα

300 770 540 836 πτωχοῖς
577 767 652 836 μὴ
678 751 1068 837 ἐμποδίζεσθαι
1094 769 1243 836 λέγει
1279 769 1623 836 προαχθῆναι
1650 767 1730 831 εἰς
1793 768 1870 818 ἱε-

295 861 574 927 ρωσύνην.

365 948 594 1001 ΔΡΙΣΤ.
655 948 712 999 '0
750 949 939 1010 τόκους
962 947 1249 1017 λαμϐάνων
1303 948 1488 1010 δεκτὸς
1539 947 1870 1018 είςίερωσύ·

284 1051 414 1105 νην,
446 1035 844 1104 διορθούμενος.

368 1127 662 1195 Διόρθωσις
699 1127 754 1178 δὲ
788 1127 980 1178 τούτου
1012 1127 1148 1197 αὕτη
1188 1128 1322 1191 ἐστὶ,
1357 1128 1416 1179 τὸ
1447 1128 1726 1182 ἀναλῶσαι
1786 1128 1870 1190 είς

296 1221 552 1284 πτωχοὺς
577 1219 637 1268 τὸ
660 1219 1017 1286 ἐπισυναχθὲν
1052 1221 1113 1269 ὲκ
1143 1219 1249 1269 τῶν
1265 1221 1433 1271 τόκων
1453 1219 1632 1272 άδικον
1662 1220 1869 1287 κέρδος,

291 1313 393 1360 καὶ
421 1309 760 1375 ὑποσχέσθαι
803 1309 998 1375 μηκέτι
1035 1309 1112 1376 τῷ
1144 1310 1367 1377 τοιούτῳ
1394 1310 1492 1378 τῆς
1540 1310 1872 1378 φιλοχρημα-

288 1417 319 1450 τ
332 1401 416 1460 ia;
441 1400 707 1468 νοσήματι
745 1401 1028 1466 ἐμπεσεῖν.

854 1491 1088 1542 ΚΑΝΩΝ
1138 1490 1238 1544 ΙΕ’.

293 1583 579 1650 Θαυμάζω
618 1580 674 1635 δέ
718 1597 846 1644 που,
881 1586 977 1650 τὴν
1009 1584 1403 1653 γραμματικὴν
1436 1585 1724 1653 ἀκρίϐειαν
1777 1587 1868 1639 ἐπὶ

370 1674 470 1739 τῆς
506 1673 724 1739 γραφῆς
773 1671 1156 1736 ἀπαιτοῦντος,
1233 1674 1323 1725 καὶ
1373 1673 1723 1741 λογιζομένου
1783 1677 1866 1726 ὅτι

377 1765 772 1831 ἠναγκασμένη
827 1765 977 1814 ἐστὶν
1035 1765 1066 1832 ἡ
1114 1762 1253 1826 λέξις
1294 1767 1392 1832 τῆς
1451 1765 1745 1830 ἑρμηνείας
1810 1767 1869 1817 τὸ

371 1853 566 1918 ἑαυτῆς
600 1851 836 1922 εὔσημον
861 1852 1194 1920 ἐκδιδούσης,
1226 1855 1286 1905 ού
1313 1856 1374 1906 τὸ
1418 1855 1620 1923 κυρίως
1651 1857 1866 1923 ὑπὸτῆς

379 1941 675 2011 Ἐϐραῖκῆς
722 1944 902 2012 φωνῆς
975 1945 1373 2012 σημαινόμενον
1455 1946 1863 2012 μετατεθείσης.

381 2035 538 2085 Ἐπεὶ⁵
568 2035 622 2085 δὲ
652 2035 731 2085 δεῖ
769 2035 842 2102 μὴ
875 2035 1060 2103 ἀργῶς
1092 2036 1380 2102 παρελθεῖν
1427 2036 1485 2086 τὸ
1518 2036 1612 2088 ὑπ’
1675 2036 1866 2106 ἀνδρὸς

372 2123 670 2194 ζητητικοῦ
705 2126 926 2192 κινηθὲν
956 2126 1268 2194 πρόϐλημα,
1300 2128 1367 2179 τὰ
1394 2127 1618 2178 πετεινά
1645 2127 1738 2178 τοῦ
1781 2128 1869 2178 ού·

378 2216 567 2286 ρανοῦ,
601 2216 694 2268 καὶ
716 2219 761 2268 οἱ
799 2216 975 2284 ἰχθύες
1003 2218 1100 2284 τῆς
1137 2217 1408 2286 θαλάσσης
1438 2219 1531 2268 καὶ
1565 2219 1620 2268 ὲν
1647 2221 1708 2285 τῇ
1739 2234 1867 2269 κοσ-

380 2309 602 2376 μοποιίᾳ
636 2307 733 2375 τὴν
773 2308 941 2374 αὐτὴν
965 2307 1153 2374 ἔλαχον
1183 2308 1416 2374 γένεσιν.
1457 2307 1549 2358 Ἐκ
1583 2307 1688 2358 τῶν
1744 2307 1868 2358 ὑδά-

383 2415 491 2450 των
527 2401 635 2465 γάρ
666 2398 868 2467 ἐξήχθη
894 2400 1177 2466 ἀμφότερα
1198 2399 1264 2450 τὰ
1292 2399 1441 2467 γένη.
1488 2398 1559 2448 Τὸ
1592 2398 1646 2448 δὲ
1676 2400 1865 2461 αἴτιον,

375 2490 456 2540 ὅτι
483 2490 685 2541 ταυτὸν
713 2493 861 2541 ἐστιν
904 2490 1182 2556 ἑκατέροις
1226 2488 1440 2555 ἰδίωμα.
1492 2487 1570 2538 Τὰ
1621 2488 1719 2555 μὲν
1760 2489 1867 2557 γὰρ

369 2580 683 2648 διανήχεται
713 2581 772 2630 τὸ
813 2579 975 2649 ὕδωρ,
1014 2579 1081 2630 τὰ
1121 2577 1177 2628 δὲ
1225 2580 1541 2646 ἐπινήχεται
1598 2577 1674 2645 τῷ
1725 2578 1866 2646 ἀέρι.

376 2672 474 2721 Διά
504 2671 658 2722 τοῦτο
693 2671 789 2737 μὲν
818 2669 909 2721 οὖν
955 2671 1104 2736 κοινῇ
1140 2666 1679 2734 αύτῶνὲπεμνήσθη.
1708 2667 1778 2717 Τὸ
1813 2667 1866 2717 δὲ

373 2759 681 2827 σχῆματοῦ
725 2760 904 2826 λόγου,
955 2759 1028 2818 ὡς
1092 2757 1188 2825 μὲν
1263 2757 1391 2826 πρὸς
1460 2758 1586 2816 τοὺς
1654 2755 1862 2823 ίχθύας,

371 2847 760 2915 ἀκαταλλήλως
795 2846 1054 2913 ἁποδόθη,
1086 2845 1159 2905 ῶς
1203 2845 1257 2895 δι
1295 2844 1427 2912 πρὸς
1473 2845 1645 2894 πάντα
1685 2845 1751 2892 τά
1810 2843 1866 2893 έν

378 2938 535 2989 ὕδασι
572 2936 920 2998 διαιτώμενα,
947 2936 1040 2987 καὶ
1071 2936 1214 2985 πάνυ
1247 2933 1482 2992 οἰκείως.
1531 2932 1611 2981 Τά
1643 2932 1748 2997 γὰρ
1774 2946 1868 2980 πε-

377 3027 528 3077 τεινὰ
561 3025 651 3076 τοῦ
673 3022 903 3092 ούρανοῦ
936 3019 1397 3105 ὑποτέτακταετῷ
1440 3017 1734 3086 ἀνθρώπῳ,
1773 3016 1866 3067 καὶ

375 3119 423 3168 οί
460 3115 636 3182 ἰχθύες
686 3113 1132 3182 τῆςιθαλάσσης,
1184 3111 1279 3162 καὶ
1320 3110 1419 3160 ούκ
1481 3108 1632 3159 αὐτοὶ
1689 3109 1864 3174 μόνον,
1898 3122 1942 3181 ο

377 3207 512 3260 ἀλλὰ
538 3208 627 3256 καὶ
656 3205 830 3257 πάντα
853 3204 920 3254 τὰ
953 3200 1384 3268 διαπορευόμενα
1416 3197 1634 3266 τρίϐους
1667 3197 1860 3248 θαλάσο

380 3312 498 3364 σης.
523 3296 596 3346 Ού
627 3295 755 3360 γὰρ,
783 3293 835 3344 εί
857 3309 908 3343 τι
943 3290 1179 3355 ἔνυδρον,
1206 3289 1298 3341 καὶ
1333 3287 1665 3356 ίχθύςὲστιν,
1692 3287 1766 3348 ὡς
1794 3286 1862 3337 τά

368 3385 608 3454 κητώδη,
639 3383 912 3447 φάλαιναι,
937 3381 1030 3431 καὶ
1051 3378 1324 3444 ζύγαιναι,
1355 3382 1448 3428 καὶ
1478 3375 1752 3442 saepe”
1770 3376 1865 3426 καὶ

377 3475 586 3543 φῶκαι,
621 3474 714 3523 καὶ
752 3471 976 3539 προσέτι
1015 3470 1190 3530 ῐπποι,
1227 3469 1320 3520 καὶ
1366 3467 1550 3527 κύνες,
1581 3467 1673 3516 καὶ
1710 3466 1861 3531 πρίο-

371 3583 482 3628 νες,
511 3567 604 3617 καὶ
630 3564 822 3630 ξιφίαι,
845 3564 936 3614 καὶ
963 3563 1008 3613 oi
1029 3560 1304 3612 θαλάσσιοι
1329 3557 1462 3626 βόες·
1505 3557 1551 3606 εἰ
1588 3557 1643 3608 δὲ
1667 3555 1861 3624 βούλει,

381 3660 479 3710 καὶ
514 3657 794 3722 ἀκαλῆιραι
821 3692 834 3714 ,
875 3653 966 3707 καὶ
1000 3652 1203 3712 κτένες,
1265 3649 1358 3701 καὶ
1406 3648 1472 3699 τὰ
1507 3647 1864 3714 ὀστρακόρινα

377 3750 575 3809 πάντα,
609 3739 680 3797 ῶν
705 3744 854 3795 οὐδέν
877 3744 1026 3794 ἐστιν
1058 3740 1205 3808 ἰχθύς
1227 3755 1240 3768 ·
1281 3738 1373 3792 καὶ
1417 3738 1591 3789 πάντα
1619 3737 1654 3789 ἃ
1681 3738 1867 3790 διαπο-

376 3837 591 3908 ρεύεται
649 3834 863 3904 τρίϐους
892 3832 1179 3897 θαλάσσης,
1237 3830 1310 3888 ῶς
1348 3825 1485 3881 εἶναι
1519 3835 1568 3894 γ’
1628 3829 1864 3896 τὰγένη,

377 3928 597 3995 πετεινά
612 3923 858 3994 ούρανοῦ,
879 3921 1063 3990 ἰχθύας
1081 3921 1371 3989 θαλάσσης,
1391 3921 1484 3971 καὶ
1507 3919 1604 3971 ὅσα
1621 3919 1760 3971 τῶν“’
1782 3919 1839 3971 ’δύ
1855 3948 1870 3959 ο

379 4018 522 4083 δρων
566 4016 676 4073 τοῖς
709 4012 918 4080 ἰχθύσιν
951 4007 1402 4075 ἀντιστελλόμενα
1461 4006 1867 4074 δισπορεύονται

369 4109 465 4158 καὶ
498 4103 637 4155 αὐτὰ
691 4103 787 4162 τὰς
849 4101 1067 4168 τρίϐους
1110 4097 1402 4162 θαλάσσης.

885 4187 1118 4241 κΑΝιιΝ
1154 4187 1267 4253 te".

318 4287 378 4337 '0
417 4285 473 4337 δὲ.
494 4284 724 4347 Nactin
751 4281 870 4348 οὐχὶ
918 4282 1088 4348 μέγας
1126 4278 1274 4347 παρὰ
1309 4277 1516 4346 Κυρίῳ,
1553 4276 1686 4329 ἀλλά
1725 4275 1856 4344 παρ’

375 4375 524 4441 αὐτῷ
573 4372 745 4440 κυρίῳ
785 4368 981 4422 αὐτοῦ’
1054 4367 1320 4426 τουτέστι,
1380 4365 1486 4418 τῶν
1542 4366 1860 4436 παραδυναν

381 4463 674 4515 στευόιτων
725 4457 792 4529 ἦν
841 4459 918 4526 τῷ
954 4457 1163 4526 βασιλεῖ
1213 4457 1320 4507 τῶν
1378 4453 1582 4523 Σύρων.
1619 4456 1858 4542 Πρόσεχε
1902 4448 1941 4501 D

374 4549 469 4605 οὖν
501 4551 741 4619 ἀκριϐῶς
771 4551 837 4618 τῇ
870 4549 1088 4617 Γραφῇ,
1117 4547 1211 4596 καὶ
1248 4543 1470 4596 αὐτόθεν
1493 4544 1742 4612 εὑρήσεις
1767 4545 1864 4612 τὴν

377 4643 532 4692 λύσιν
567 4641 658 4691 τοῦ
695 4641 1028 4708 ζητήματος.

379 4733 573 4786 ΒΑΛΣ.
615 4732 677 4782 Ol
714 4730 978 4798 παρόντες
1005 4727 1097 4779 δύο
1135 4726 1355 4786 κανόνες
1384 4728 1411 4777 ὁ
1438 4732 1498 4776 ιε’
1524 4726 1616 4776 καὶ
1639 4725 1667 4776 ὁ
1691 4723 1768 4786 ις’
1789 4724 1863 4792 μὴ

308 4820 619 4886 ποιούμενοι
649 4819 936 4886 κανονικὴν
967 4817 1147 4885 κοινὴν
1183 4815 1491 4882 οἱανδήτινα
1541 4815 1859 4882 παράδοσιν,

305 4912 423 4964 ἀλλ’
455 4911 748 4978 ἑρμηνείαν
778 4906 1058 4974 γραφικῶν
1081 4905 1358 4975 ῥημάτων,
1395 4903 1492 4955 οὐκ
1522 4903 1866 4972 ὲξηγήθησαν

305 5003 440 5071 παρ’
456 5002 632 5069 ήμῶν,
653 5001 726 5061 ὡς
757 4999 887 5067 μηδὲ
920 4997 1268 5067 προθεμένων
1289 4994 1530 5064 γραφικὰ
1549 4993 1866 5063 ἑρμηνεύειν

309 5095 556 5163 ῥήματα,
597 5089 731 5142 ἀλλὰ
759 5087 1015 5140 κανονικὰ
1049 5086 1144 5138 καὶ
1186 5086 1380 5154 νομικὰ
1412 5082 1863 5151 παραγγέλματα.

380 5181 625 5233 ΖΩΝΔΡ.
660 5180 736 5230 Τὸ
789 5179 885 5247 μὲν
917 5176 1178 5248 ἐρώτημα
1239 5171 1422 5241 σαφῶς
1469 5172 1528 5222 οὐ
1591 5171 1880 5239 δηλοῦται,.

310 5274 459 5325 ἔοικε
511 5270 566 5320 δὲ
625 5270 732 5320 άπὸ
770 5270 866 5335 τῆς
919 5266 1264 5334 ἀποκρίσεως
1306 5263 1398 5314 τοῦ
1437 5261 1670 5330 μεγάλου
1706 5262 1866 5313 Βασι-

308 5357 456 5409 λείου
483 5352 721 5406 τοιοῦτον
747 5348 906 5403 εἶναι.
946 5352 1068 5402 Ὅτι
1107 5348 1219 5408 πῶς
1279 5347 1388 5398 τῶν
1448 5345 1715 5396 πετεινῶν
1766 5344 1863 5395 τοῦ

307 5445 542 5512 ούρανοῦ
577 5445 670 5495 καὶ
693 5443 798 5493 τῶν
835 5440 1032 5508 ἰχθύων
1056 5439 1155 5505 τῆς
1199 5436 1475 5506 θαλάσσης
1526 5435 1686 5486 Δαϐὶδ
1733 5433 1866 5502 ὁμοῦ

307 5538 579 5607 ἐμνήσθη,
612 5535 705 5586 καὶ
732 5528 884 5591 αὖθις
919 5533 1020 5599 ἔφη
1053 5547 1068 5564 ο
1120 5529 1194 5583 Τὰ
1228 5527 1704 5593 διαπορευόμενα
1753 5526 1871 5590 τρί-

383 5712 401 5744 ¹
459 5708 606 5764 Psal.
635 5724 751 5770 vni,
777 5711 830 5764 9.

1980 586 2130 642 laicis
2157 589 2525 649 lenerantibus
2547 596 2812 652 decernit.
2836 598 2899 652 Et
2925 615 3046 652 eum
3069 603 3160 670 qui
3191 617 3218 655 a
3248 603 3541 659 ferierando

1978 678 2246 733 abStineut
2276 683 2467 736 laicum
2496 724 2512 748 ,
2559 689 2804 755 quodque
2831 690 2900 742 illi
2935 692 3056 743 inde
3072 707 3314 759 superest
3335 697 3539 748 lucrum

1979 771 2305 835 pauperibus
2335 773 2611 842 largiatur,
2652 780 3061 846 haudquaquam
3099 785 3346 849 impediri
3387 801 3538 837 asse-

1977 858 2070 920 rit,
2102 863 2386 926 quoininus
2419 866 2468 916 in
2501 881 2713 919 sacrum
2745 873 2986 922 ordinem
3016 877 3319 938 promoveri
3347 877 3534 940 possit.

2044 949 2269 1004 ARIST.
2299 951 2396 1016 Qui
2431 971 2619 1009 usuras
2645 959 2863 1028 accipit,
2896 976 3172 1015 correctus
3203 965 3255 1014 in
3290 966 3539 1018 sacerdo-

1978 1037 2107 1091 tium
2137 1040 2460 1097 admittitur.

2043 1126 2213 1195 Hujus
2245 1140 2422 1184 autent
2453 1138 2719 1191 correctio
2753 1139 2867 1192 hac
2931 1149 3034 1201 est,
3064 1150 3124 1194 ut
3167 1141 3221 1194 in
3273 1157 3537 1210 pauperes

1973 1221 2241 1286 expendat
2268 1221 2525 1289 injustum
2562 1226 2770 1280 lucrum
2818 1246 2884 1281 cx
2923 1233 3109 1285 usuris
3140 1234 3451 1293 collectum,
3485 1242 3538 1285 ct

1973 1309 2291 1375 proﬁteatur
2333 1327 2391 1364 se
2418 1315 2646 1381 posthac
2683 1317 2734 1369 in
2767 1317 3072 1373 istiusmodi
3107 1323 3346 1373 avaritiae
3393 1337 3538 1374 mor-

1973 1401 2094 1452 bum
2125 1415 2228 1453 non
2262 1403 2520 1457 indicere.

2571 1496 2797 1550 CANON
2828 1496 2942 1550 XV.

1969 1581 2226 1637 Admiror
2261 1596 2439 1640 autem
2473 1599 2615 1638 tttam
2652 1589 2934 1642 litteralem
2970 1591 3021 1642 iu
3055 1589 3319 1658 scriptura
3359 1595 3533 1648 subti-

2039 1673 2269 1735 litatem,
2306 1679 2395 1744 qui
2448 1678 2707 1744 postules,
2757 1687 2813 1732 et
2868 1691 3080 1746 reputes
3133 1693 3373 1736 coactam
3409 1699 3531 1738 e~se

2041 1764 2334 1819 dictionem
2368 1810 2382 1829 ,
2431 1778 2614 1835 utpote
2670 1769 3114 1837 interpretatione
3145 1812 3159 1834 ,
3203 1778 3341 1838 quod
3397 1789 3425 1825 a
3475 1790 3535 1828 se

2042 1854 2178 1907 bene
2207 1856 2558 1921 signiﬁcatur,
2595 1861 2953 1925 exprimente,
3009 1876 3115 1912 non
3153 1865 3297 1928 quod
3328 1878 3354 1913 a
3405 1880 3534 1919 voce

2044 1941 2262 1997 Hebraea
2336 1951 2544 2014 proprie
2589 1948 2873 2001 denatalur
2949 1949 3328 2006 transiet-eme.
3392 1952 3528 2019 Quia

2041 2039 2218 2088 autem
2251 2048 2460 2105 Oportet
2491 2041 2866 2105 quaestionem,
2898 2056 3016 2108 quae
3055 2058 3082 2092 a
3115 2043 3227 2094 viro
3255 2046 3531 2110 quaerendi

2038 2127 2281 2179 studioso
2309 2128 2474 2193 posita
2501 2138 2600 2188 est,
2658 2144 2761 2180 non
2800 2131 2971 2183 otiose
3013 2133 3290 2197 praeterire
3324 2149 3338 2188 ;
3382 2135 3532 2185 volu-

2040 2228 2158 2268 cres
2181 2202 2334 2278 cceli,
2370 2225 2423 2268 et
2450 2217 2620 2282 pisces
2645 2220 2828 2282 maris,
2858 2220 3016 2271 etiam
3060 2219 3110 2271 in
3147 2222 3325 2272 mundi
3384 2237 3533 2274 crea-

2041 2304 2185 2357 tione
2213 2307 2454 2359 eamdem
2483 2310 2882 2370 generationem
2940 2310 3113 2362 sortiti
3173 2321 3318 2362 sunt.
3356 2312 3529 2363 Ambo

2041 2392 2182 2443 enim
2217 2408 2411 2459 genera
2444 2409 2507 2447 ex
2536 2395 2690 2461 aquis
2717 2393 2971 2462 producta
3027 2408 3172 2449 sunt.
3212 2397 3383 2449 Causa
3430 2414 3530 2448 au-

2041 2487 2340 2550 :em,quod
2394 2485 2635 2552 utrisque
2712 2486 2897 2537 eadem
2954 2496 3034 2538 est
3094 2490 3408 2554 proprietas.
3465 2488 3532 2540 lli

2039 2585 2212 2626 autem
2236 2589 2329 2641 per
2360 2590 2503 2627 mare
2529 2585 2736 2638 natant,
2764 2575 2836 2628 illi
2862 2591 2987 2628 vero
3009 2586 3360 2643 supernatant
3393 2578 3529 2631 aeri.

2055 2662 2340 2729 Propterea
2371 2679 2497 2726 ergo
2529 2679 2710 2717 eorum
2742 2665 3096 2717 communiter
3132 2666 3391 2718 meminit.
3441 2665 3532 2718 Fi-

2040 2768 2167 2819 gnra
2203 2763 2382 2806 autem
2420 2754 2702 2815 orationis,
2733 2765 2788 2805 ut
2822 2756 2885 2804 ad
2917 2757 3090 2820 piS(‘eS
3125 2755 3363 2820 quidem,
3403 2768 3531 2820 pro-

2041 2843 2154 2909 prie
2192 2842 2395 2895 reddita
2436 2861 2448 2894 :
2490 2852 2545 2893 ut
2577 2853 2754 2894 autem
2786 2843 2851 2894 ad
2881 2843 3054 2893 omnia
3088 2858 3204 2908 quae
3249 2845 3444 2908 degunt
3473 2843 3528 2893 in

2035 2932 2208 2997 aquis,
2236 2934 2453 2984 omnino
2484 2935 2642 2984 etiam
2675 2943 2820 2998 apte.
2872 2931 2999 2983 Nam
3030 2943 3083 2985 et
3124 2933 3368 2988 νοιιμτεε
3403 2935 3525 2986 cteli

2037 3020 2237 3072 homini
2299 3021 2521 3088 subjecti
2581 3029 2706 3072 sunt
2752 3031 2804 3072 et
2851 3021 3024 3087 pisces
3072 3022 3258 3084 maris,
3315 3030 3368 3072 et
3427 3037 3531 3073 non

2043 3112 2146 3179 72
2179 3113 2274 3179 ipsi
2304 3113 2499 3174 solum,
2532 3113 2624 3165 sed
2651 3123 2703 3163 et
2739 3113 2918 3164 omnia
2950 3127 3068 3179 qua:
3103 3112 3267 3163 maris
3310 3112 3533 3164 semitas

2038 3205 2409 3270 perambulant
2437 3205 2479 3255 ⁸.
2507 3201 2620 3256 Non
2646 3204 2787 3255 enim
2811 3203 2852 3254 si
2879 3202 3004 3269 quid
3039 3211 3120 3253 est
3170 3201 3421 3267 aquatile,
3454 3214 3536 3258 est,

2037 3293 2198 3344 etiam
2235 3293 2418 3358 piscis,
2453 3303 2510 3343 ut
2537 3303 2659 3344 sunt
2688 3301 2823 3353 cete,
2857 3290 3094 3352 balaena,
3140 3300 3194 3342 et
3227 3294 3532 3358 tygcnae,“

2041 3381 2337 3448 delphines,
2368 3391 2418 3434 et
2455 3382 2658 3448 phocae,
2685 3390 2738 3434 et
2766 3389 3021 3447 prmterea
3076 3381 3220 3446 equi,
3258 3388 3309 3430 et
3348 3394 3530 3439 canes,

2039 3479 2092 3522 et
2125 3484 2308 3531 serra,
2342 3480 2396 3524 et
2425 3469 2604 3535 gladii,
2640 3479 2693 3522 et
2724 3469 2881 3522 boves
2906 3468 3095 3520 marini
3130 3486 3142 3521 :
3173 3470 3216 3519 si
3246 3468 3322 3519 vis
3350 3476 3529 3520 autem

2043 3558 2204 3610 etiam
2261 3557 2464 3618 urticae,
2513 3564 2566 3609 et
2627 3556 2886 3622 pectines,
2930 3561 2982 3608 et
3044 3553 3220 3603 omnia
3261 3558 3521 3606 testacea,

2050 3663 2274 3717 quorum
2313 3647 2513 3698 nullum
2543 3654 2626 3698 est
2659 3643 2843 3712 piscis.
2893 3645 2956 3695 Et
3013 3642 3192 3694 omnia
3242 3656 3358 3706 qua:
3418 3640 3531 3690 vias

2045 3740 2207 3790 maris
2235 3735 2625 3804 perambulant,
2658 3744 2710 3786 ut
2736 3735 2837 3785 sint
2867 3733 2966 3784 tria
3016 3744 3234 3800 genera,
3288 3731 3533 3782 volucres

2044 3828 2186 3888 cmli,
2243 3828 2415 3892 pisces
2476 3823 2658 3885 maris,
2721 3833 2768 3875 et
2821 3835 3146 3890 quaecunque
3194 3819 3443 3886 aquatilia
3502 3836 3530 3868 ιι

2041 3917 2276 3982 piscibus
2341 3912 2589 3964 distincta
2645 3911 2756 3977 ipsa
2826 3921 3034 3978 quoque
3086 3908 3250 3960 maris
3314 3906 3534 3959 semitas

2045 4001 2434 4074 pcrainbulant.

2551 4175 2778 4230 CANON
2819 4173 2956 4227 XVI.

1974 4274 2211 4326 Naaman
2242 4281 2418 4323 autem
2466 4283 2574 4321 non
2606 4280 2828 4334 magnus
2883 4266 3020 4331 apud
3063 4263 3369 4321 Dominum,
3436 4259 3531 4313 sed

2057 4362 2198 4430 apud
2230 4360 2502 4413 dominum
2527 4373 2678 4409 suum
2716 4373 2728 4407 :
2765 4357 2863 4408 ltoc
2909 4366 3010 4417 est,
3045 4371 3182 4406 unus
3206 4363 3318 4406 erat
3343 4367 3407 4404 ex
3440 4351 3531 4411 iis,

2047 4449 2137 4516 qui
2171 4461 2414 4516 magnam
2449 4445 2762 4498 obtinebant
2801 4453 3115 4509 potestatem
3164 4442 3300 4507 apud
3351 4453 3531 4506 regem

2043 4538 2298 4606 Syrorum
2334 4554 2348 4588 :
2383 4532 2672 4602 Scriptura:
2705 4547 2830 4598 ergo
2861 4532 3137 4598 diligenter
3175 4541 3404 4581 mentem
3441 4528 3536 4578 ad-

2041 4626 2186 4690 hibe,
2210 4633 2262 4676 et
2293 4622 2533 4675 invenies
2564 4621 2688 4672 hinc
2713 4620 3023 4672 solutionem
3055 4617 3383 4685 quaestionis.

2045 4714 2236 4766 BALS.
2271 4713 2567 4765 Praesentcs
2591 4713 2693 4762 duo
2723 4724 2953 4762 canones
2985 4709 3050 4761 l5
3078 4718 3128 4760 et
3159 4706 3220 4760 l6
3251 4723 3372 4758 cum
3408 4707 3532 4759 nul-

1972 4806 2076 4858 lam
2109 4804 2416 4857 canonicam
2447 4811 2500 4855 et
2530 4815 2864 4853 communem
2918 4798 3111 4851 faciant
3163 4798 3527 4860 traditi0nem,

1967 4896 2060 4950 sed
2094 4894 2388 4961 Scriptura:
2421 4901 2630 4943 tantum
2666 4890 2806 4941 dicta
2853 4890 3139 4955 eXpliceut,
3195 4901 3298 4939 n0n
3335 4897 3459 4938 sunt
3496 4903 3524 4939 a

1968 4985 2122 5040 nobis
2156 4980 2485 5049 interpretati
2522 4997 2534 5032 :
2573 4980 2736 5045 utqui
2760 4975 3048 5044 Scriptura:
3090 4978 3228 5028 dicta
3259 4978 3527 5043 eXplicare

1967 5090 2070 5129 non
2107 5071 2470 5132 statuerimus,
2505 5069 2597 5123 sed
2621 5068 2873 5119 cauouira
2921 5075 2973 5119 et
3024 5066 3205 5131 legalia
3240 5077 3523 5132 pra-cepta.

2044 5161 2298 5218 ZONAR.
2335 5161 2384 5213 in
2409 5175 2529 5213 can.
2575 5160 2660 5212 l5.
2713 5160 3060 5226 Interrogatio
3088 5159 3301 5222 quidem
3344 5170 3526 5223 aperte

1968 5271 2072 5308 non
2105 5251 2400 5318 explicatur
2430 5263 2443 5299 :
2475 5248 2684 5301 videtur
2727 5259 2926 5308 autem,
2959 5257 3222 5313 quantum
3255 5264 3314 5299 ex
3346 5250 3522 5314 magni

1971 5342 2149 5394 Basilii
2187 5340 2540 5406 responsione
2576 5337 2824 5404 colligere
2884 5336 3030 5397 licet,
3078 5336 3339 5402 ejusmodi
3384 5350 3522 5387 esse.

1971 5432 2211 5496 Quonam
2279 5430 2437 5481 modo
2486 5427 2758 5479 volucrum
2807 5426 2927 5478 οωιὶ
2983 5435 3032 5477 et
3084 5425 3305 5492 piscium
3365 5427 3528 5476 maris

1972 5520 2139 5574 David
2178 5518 2332 5573 simul
2367 5517 2691 5580 meminerit,
2719 5530 3037 5569 rursumoue
3065 5515 3366 5582 subjungal,
3397 5515 3527 5578 Qua:
