4124 6472
207 390 308 452 MT»

1120 389 1197 449 IN
1240 388 1478 451 EPIST.
1527 392 1585 452 S.
1637 391 1922 453 BASHJI
1958 393 2401 453 CANONICAM
2446 394 2526 453 ΙΙ.

3344 403 3446 466 646

206 520 303 591 τῆς
350 517 708 589 βραδυτῆτος,
744 514 831 575 δὺς
876 514 1003 583 ἡμῖν
1042 513 1139 582 τὴν
1186 512 1538 579 συγγνώμην.
1599 508 1785 560 Ἑοαυ-

1889 518 2124 574 discendi
2179 520 2439 583 studium,
2480 523 2641 575 simul
2686 529 2737 575 et
2772 522 3154 586 humilitatem,
3194 524 3337 592 quod
3388 532 3443 578 et

210 612 466 680 μάσαμεν
513 607 571 659 δέ
628 622 718 657 σου
747 607 846 674 τὴν
890 602 1245 672 φιλομάθειαν
1272 599 1408 669 (ιμοῦ
1456 600 1548 651 καὶ
1578 598 1675 667 τὴν
1699 614 1789 647 τα-

211 697 673 770 πεινοφροσύνην·
714 697 794 747 ὅτι
838 695 932 747 καὶ
984 691 1172 763 μαθεῖν
1216 688 1510 758 καταδέχῃ,
1556 690 1655 758 τὴν
1690 685 1785 741 τοῦ

208 792 480 844 διδάσκειν
514 788 679 852 -τάξιν
724 783 1171 850 πεπιστευμένος,
1201 782 1293 833 καὶ
1318 780 1604 849 μανθάνειν
1658 779 1787 847 παρ’

210 872 490 949 ἡμῶν,οἵς
520 876 668 928 οὐδὲν
711 873 851 943 μέγα
903 872 1162 941 πρόσεστι
1199 867 1335 937 πρὸς
1378 866 1598 933 γνῶσιν.
1648 866 1785 916 Ἀλλ’

211 970 398 1039 ὅμως,
453 966 638 1034 ἐπειδὴ
686 964 955 1032 καταδέχη
1017 958 1105 1013 διὰ
1134 959 1225 1010 τὸν
1278 958 1440 1023 φόδον
1499 956 1590 1007 τοῦ
1649 954 1783 1006 Θεοῦ

214 1062 387 1110 ποιεῖν
445 1059 676 1127 πρᾶγμα
716 1058 775 1108 οὐ
825 1054 1023 1125 ῥᾳδίως
1069 1052 1201 1119 παρ’
1250 1050 1436 1117 ἑτέρου
1476 1049 1783 1115 γινόμενον,

217 1150 321 1216 χρὴ
346 1148 438 1199 καὶ
464 1148 609 1214 ἡμᾶς
636 1149 700 1214 τῇ
728 1142 1006 1213 προθυμίᾳ.
1037 1158 1129 1193 σου
1158 1141 1250 1192 καὶ
1276 1142 1340 1208 τῇ
1368 1138 1545 1205 ἀγαθῇ
1580 1137 1782 1204 σπουδῇ

216 1237 565 1307 συναίρεσθαι
597 1238 691 1287 καὶ
712 1236 851 1305 ὑπὲρ
880 1234 1129 1300 δύναμιν.

429 1327 747 1396 Ἥρώτησας
788 1325 934 1392 ἡμᾶς
969 1323 1095 1391 περὶ
1136 1320 1389 1389 Βιάνορος
1416 1316 1509 1370 τοῦ
1546 1314 1785 1385 πρεσὸυ-

213 1418 396 1486 τέρου,
427 1419 475 1468 εἰ
495 1416 680 1476 δεκτός
709 1407 853 1465 ἐστιν
885 1415 962 1473 εἰς
990 1412 1080 1464 τὸν
1109 1410 1333 1479 κλῆρον,
1365 1407 1453 1459 διὰ
1485 1406 1577 1457 τὸν
1604 1408 1782 1475 ὅρκον.

225 1506 369 1572 Ἐγὼ
388 1506 444 1558 δὲ
468 1505 567 1573 ἠδη
602 1503 723 1555 τινά
752 1502 929 1553 κοινὸν
959 1503 1082 1569 ὅρον
1117 1500 1244 1568 περὶ
1270 1498 1488 1549 πάντων
1510 1496 1646 1563 ὁμοῦ
1678 1495 1785 1546 τῶν

218 1597 336 1665 μετ’
370 1594 535 1647 αὑτοῦ
579 1593 944 1660 ὀμωμοκότων
981 1593 1093 1650 τοῖς
1143 1590 1261 1639 κατ’
1304 1586 1631 1655 Ἀντιόχειαν
1655 1586 1787 1653 κλη-

219 1688 392 1755 ρικοῖς
433 1680 549 1736 οἶδα
610 1682 963 1743 ἐκτεθεικώςο
1017 1681 1154 1731 ὥστε
1209 1678 1317 1729 τῶν
1370 1677 1468 1745 μὲν
1517 1676 1786 1745 δημοσίων

216 1771 415 1831 αὐτοὺς
436 1769 733 1838 ἀπέχεσθαι
758 1770 1048 1835 συλλόγων,
1088 1766 1195 1833 ἱδίᾳ
1232 1765 1287 1816 δὲ
1314 1765 1556 1834 ἐνεργεῖν
1718 1760 1787 1813 τὰ

1882 610 2094 664 discere
2123 626 2227 663 non
2254 612 2517 680 graveris,
2543 627 2664 665 cum
2699 612 2931 665 docendi
2970 614 3121 666 locus
3153 614 3250 667 tibi
3290 629 3442 668 com-

1882 702 2084 756 missus
2148 703 2220 754 sit
2250 745 2265 767 ,
2321 714 2374 755 et
2403 719 2431 755 a
2487 704 2644 757 nobis
2693 702 2922 767 discere,
2959 706 3157 772 quibus
3191 706 3325 758 nihil
3358 713 3443 760 est

1883 791 2065 857 magni
2106 791 2172 844 ad
2202 793 2509 847 scientiam.
2542 792 2647 846 Sed
2682 800 2862 845 tamen
2895 795 3025 861 quia
3054 810 3162 846 non
3195 797 3443 863 gravaris

1881 879 1953 932 ob
1982 880 2232 933 timorem
2284 880 2374 934 Dei
2409 898 2519 935 rem
2564 882 2762 945 facere,
2812 899 2974 951 quam
3017 886 3156 938 alius
3189 886 3330 939 haud
3366 884 3444 937 l‘a-

1881 970 1983 1022 cile
2039 969 2244 1033 faciat,
2298 981 2507 1038 oportet
2553 982 2607 1023 ut
2652 983 2703 1025 et
2763 988 2862 1027 nos
2922 984 3023 1026 tua:
3075 974 3342 1025 alacritati
3380 988 3443 1025 ac

1884 1056 2026 1111 bono
2056 1061 2234 1113 studio
2264 1076 2418 1129 Opem
2446 1063 2605 1114 etiam
2641 1066 2780 1115 ultra
2814 1065 2956 1115 vires
2984 1064 3245 1117 feramus.

2146 1305 2485 1375 lnterrogasti
2518 1324 2617 1360 nos
2650 1309 2715 1361 de
2744 1309 2971 1362 Bianore
3000 1310 3334 1377 presbytero,
3375 1324 3442 1361 an

1886 1394 1940 1448 in
1984 1395 2190 1447 clerum
2260 1395 2467 1448 admitti
2522 1399 2692 1464 possit
2722 1437 2735 1457 ,
2776 1407 2995 1467 propter
3033 1399 3441 1466 jusjurandum.

1885 1483 1998 1553 Ego
2044 1493 2221 1537 autem
2269 1500 2351 1538 mc
2382 1488 2490 1551 jam
2536 1503 2875 1541 communem
2915 1489 3151 1557 aliquam
3202 1489 3442 1556 regulam

1885 1575 1953 1628 de
1984 1576 2237 1629 omnibus
2286 1578 2376 1643 qui
2436 1593 2537 1628 una
2586 1592 2707 1629 cum
2743 1594 2809 1628 eo
2840 1582 3199 1645 juraverant,
3252 1579 3447 1631 Antio-

1886 1666 2074 1719 chenis
2110 1666 2321 1717 clericis
2355 1666 2590 1719 edidisse
2626 1668 2841 1719 memini
2871 1685 2883 1723 :
2914 1678 2969 1719 ut
3014 1670 3114 1735 ipsi
3147 1686 3174 1720 τι
3211 1669 3447 1734 publicis

1885 1755 2102 1825 quidem
2121 1756 2474 1809 conventibus
2509 1758 2834 1817 abstineant.
2856 1759 3105 1826 privatim
3319 1772 3445 1809 vero

215 1857 327 1909 τῶν
378 1856 782 1926 πρεσϐυτέρων.
835 1856 907 1907 Τὸ
946 1860 1075 1907 αυτὸ
1123 1855 1180 1905 δὲ
1202 1852 1359 1905 τοῦτο
1392 1854 1485 1904 καὶ
1520 1852 1653 1921 πρὸς
1687 1852 1784 1919 τὴν

1889 1850 2070 1899 munia
2143 1850 2340 1901 obeant
2396 1848 2856 1916 presbyterorum.
2925 1848 2978 1902 Id
3030 1850 3205 1918 ipsum
3268 1858 3449 1902 autem

217 1944 413 1999 ἑαυτοῦ
474 1946 774 2017 ὑπηρεσίαν
818 1946 997 1998 ἄδειαν
1036 1943 1183 2013 αὐτῷ
1225 1943 1493 2013 παρέχει·
1526 1942 1656 1993 διότι
1688 1942 1787 1993 οὐκ

217 2035 276 2085 ιν
316 2034 615 2103 Ἀντιοχείᾳ
670 2037 816 2086 ἐστὶν
868 2038 899 2104 ἡ
954 2034 1243 2104 ίερωσῷνη,
1296 2033 1409 2085 ἀλλ’
1441 2036 1500 2085 ὲν
1540 2033 1783 2099 ’ἱκονίῳο

219 2122 302 2191 ἢν,
334 2124 411 2185 ὡς
442 2125 606 2185 αὐτὸς
656 2125 969 2187 ἐπέστειλας
1003 2127 1156 2194 ἡμῖν,
1196 2126 1295 2194 τῆς
1342 2122 1669 2189 Ἀντιοχείας
1708 2122 1787 2181 εἱς

212 2213 431 2280 οἴκησιν
482 2213 862 2280 ἀντηλλάξατο.
920 2216 1103 2267 Ἔστιν
1156 2211 1248 2267 οὖν
1281 2214 1469 2276 δεκτὸς
1518 2215 1722 2273 ἐκεῖνος
1758 2214 1786 2264 ὀ

212 2300 374 2367 ἀνὴρ,
412 2303 808 2370 ἀπαιτούμενος
862 2303 1010 2373 παρά
1038 2304 1138 2372 τῆς
1184 2304 1463 2364 εὐλαϐείας
1488 2319 1580 2353 σου
1622 2317 1787 2369 μετα-

217 2389 477 2457 μέλεσθαι
511 2392 601 2441 ἐπὶ
634 2394 698 2459 τῇ
734 2392 952 2460 εὐκολίᾳ
988 2392 1080 2444 τοῦ
1106 2392 1289 2462 δρκου,
1321 2394 1379 2445 δν
1411 2394 1503 2445 ἐπὶ
1540 2391 1635 2443 τοῦ
1662 2391 1787 2444 ἀπί-

216 2496 344 2532 στου
400 2481 590 2549 ἀνδρὸς
802 2483 1146 2551 ἐξωμόσατο,
1207 2484 1472 2551 βαστάσαι
1527 2484 1624 2552 τὴν
1702 2486 1786 2535 έν-

213 2567 439 2639 όχλησιν
460 2570 553 2622 τοῦ
584 2572 779 2641 μικροῦ
796 2573 1003 2627 ἐκείνου
1036 2574 1276 2627 κινδύνου
1314 2575 1386 2644 μὴ
1414 2575 1676 2645 δυνηθείς.

272 2734 470 2789 ΒΑΔΣ.
517 2733 603 2796 Ὠς
634 2733 801 2795 ἔοικε,
853 2732 996 2793 τινες
1028 2734 1194 2800 ἱερεῖς
1236 2732 1555 2800 Ἀντιοχεῖς,
1589 2724 1661 2782 ὧν
1698 2726 1777 2789 εἷς

197 2821 271 2898 ἦν
308 2825 404 2877 καὶ
451 2825 479 2876 ὀ
519 2822 754 2892 Βιάνωρ,
827 2820 1053 2890 ὤμοσαν
1092 2820 1205 2874 ἀπὸ
1258 2820 1493 2888 ἀπειλῆς
1551 2820 1781 2871 ἀπίστου

196 2918 347 2978 τινὸς
396 2916 563 2983 ὅρκον
602 2915 886 2983 ἀθέμιτον,
917 2913 1211 2966 κάντεῦθεν
1241 2910 1639 2964 ὲσκανδάλισαν
1658 2911 1783 2971 τοὺς

198 3008 547 3076 όρθοδόξους,
603 3007 677 3067 ὡς
711 3004 786 3074 μὴ
833 3004 1233 3071 ὑπενεγκόντες
1283 3006 1387 3071 τὴν
1413 3004 1638 3073 ὄχλησιν
1688 2998 1783 3052 τοῦ

201 3100 461 3153 ἀπίστου.
493 3096 600 3149 Τοῦ
630 3097 759 3164 γοῦν
786 3096 1044 3165 Βιάνορος
1093 3095 1152 3157 ἐξ
1205 3094 1541 3161 Ἀντιοχείας
1597 3110 1784 3161 μετοι-

1888 1941 2051 1994 etiam
2085 1940 2133 1992 ei
2164 1942 2403 1993 muneris
2434 1942 2517 1992 sui
2550 1942 2836 2009 peragendi
2875 1942 3077 2007 praebet
3118 1942 3445 2002 libertatem,

1887 2031 2029 2099 quod
2068 2046 2174 2084 non
2205 2031 2275 2084 sit
2304 2032 2601 2083 Antiochiae
2662 2032 3044 2090 sacerdotium,
3109 2032 3201 2083 sed
3237 2032 3398 2084 lconii
3428 2044 3446 2083 :

1888 2135 2051 2189 quam
2093 2122 2301 2182 urbem,
2335 2128 2390 2172 ut
2420 2121 2532 2188 ipse
2565 2120 2631 2172 ad
2681 2136 2780 2173 nos
2822 2121 3121 2188 scripsisti,
3160 2122 3447 2173 Antiochia

1886 2211 1953 2264 ad
2006 2210 2352 2264 habitandum
2410 2212 2753 2277 permutavit.
2795 2209 2931 2276 Ergo
2984 2210 3063 2260 \ir
3096 2210 3184 2261 ille
3243 2210 3445 2274 suscipi

1887 2308 2109 2368 potest;
2167 2302 2473 2368 postulante
2526 2300 2591 2352 ab
2650 2315 2715 2351 eo
2760 2300 2957 2366 pietate
3014 2306 3101 2349 tua
3138 2338 3152 2358 ,
3222 2308 3279 2350 ut
3341 2314 3447 2367 pa:-

1888 2391 2168 2442 nitentiam
2219 2397 2341 2457 agat
2375 2429 2387 2450 ,
2444 2390 2513 2441 ob
2547 2388 2758 2441 facilem
2796 2398 2848 2441 et
2896 2399 3199 2456 promptum
3238 2389 3300 2442 ad
3327 2388 3447 2457 jus-

1882 2478 2175 2544 jurandum
2247 2482 2525 2537 animum,
2589 2479 2731 2545 quod
2803 2496 2987 2532 coram
3064 2483 3261 2535 infideli
3325 2484 3447 2536 viro

1882 2568 2086 2634 juravit
2114 2609 2129 2633 ,
2161 2569 2463 2622 molestiam
2511 2568 2649 2623 ferre
2698 2572 2875 2638 exigui
2911 2572 3054 2625 illius
3077 2574 3299 2640 periculi
3336 2588 3447 2629 non

1889 2658 2094 2710 valens.

1962 2732 2157 2783 BALS.
2185 2728 2413 2794 Quidam
2442 2728 2786 2792 Antiocheni,
2822 2738 2878 2782 ut
2924 2730 3215 2787 verisimile
3240 2741 3339 2794 est.
3380 2746 3465 2785 sa-

1886 2821 2133 2873 cerdotes
2175 2833 2404 2886 quorum
2452 2834 2590 2871 unus
2621 2828 2741 2872 erat
2787 2822 2947 2872 etiam
2998 2820 3218 2883 Bianor,
3250 2833 3469 2888 propter

1886 2910 2117 2963 inﬁdelis
2168 2910 2468 2979 cujuspiam
2527 2911 2702 2964 minas
2777 2912 3041 2965 nefarium
3088 2914 3466 2980 jusjurandum

1883 3000 2177 3069 juraruut;
2242 3009 2298 3052 et
2353 3000 2475 3052 ideo
2509 3001 2847 3053 orthodoxos
2884 3001 3249 3063 oﬂ‘enderunt,
3284 3013 3339 3053 ut
3376 3003 3468 3071 qui

1888 3089 2124 3142 inﬁdelis
2158 3090 2464 3143 molestiam
2500 3104 2607 3143 non
2664 3091 3042 3144 sustinuerint.
3098 3090 3233 3145 Cum
3289 3093 3471 3161 itaque

203 3191 479 3259 κήσαντος
528 3189 609 3250 εἱς
641 3188 701 3240 τὸ
746 3188 988 3251 Ἰκόνιον,
1029 3186 1127 3240 καὶ
1157 3184 1251 3238 τοῦ
1314 3186 1471 3253 ἀγίου
1521 3185 1783 3253 Ἀμφιλο-

1892 3184 2085 3237 Bianor
2114 3198 2179 3237 cx
2227 3184 2515 3237 Antiochia
2567 3182 2807 3235 Iconium
2857 3183 3139 3251 migrasset
3170 3192 3472 3237 etsauctus

204 3282 326 3349 χίου
356 3280 451 3333 τοῦ
503 3279 991 3349 ἀρχιερατεύοντος
1043 3282 1102 3332 ὲν
1144 3280 1352 3348 Ἰκονίῳ
1394 3277 1781 3348 ὲρωτήσαντας

200 3372 295 3426 τὸν
329 3372 487 3440 ἅγιον
514 3372 563 3423 εί
597 3371 787 3432 δεκτός
822 3374 973 3423 ἐστιν
1018 3373 1099 3433 εἱς
1148 3372 1349 3441 κλῆρον
1403 3372 1431 3422 ὀ
1462 3370 1623 3429 αὐτὸς
1661 3366 1780 3418 Βιάο

201 3481 337 3533 νωρ,
368 3461 752 3530 ἀπελογήσατο
784 3463 812 3513 ὀ
835 3463 988 3529 ἅγιος
1015 3463 1097 3514 ὃτι
1139 3462 1333 3513 Κοινὸν
1362 3462 1488 3527 ὅρον
1532 3459 1651 3529 ἦτοι
1689 3474 1784 3508 κα·

204 3554 335 3607 νόνα
372 3554 641 3622 ἑξεθέμην
692 3553 820 3622 περὶ
863 3552 971 3604 τῶν
1014 3554 1072 3605 ὲν
1122 3552 1427 3621 Ἀντιοχείᾳ
1461 3548 1781 3618 ὀμοσάντων

210 3646 428 3715 ἱερέων,
460 3644 545 3696 ἵνα
592 3636 739 3696 οὗτοι
777 3644 885 3696 τῶν
943 3643 1043 3712 μὲν
1092 3644 1367 3713 δημοσίων
1416 3642 1538 3710 ἦτοι
1586 3640 1784 3692 κοινῶν

207 3736 488 3801 συλλόγων
546 3735 879 3803 ἀπέχωνται,
944 3736 1053 3805 ἱδὶᾳ
1103 3737 1160 3788 δὲ
1226 3733 1490 3806 ἐνεργῶσι
1548 3732 1616 3785 τὰ
1674 3729 1783 3782 τῶν

208 3828 624 3899 πρεσϐυτέρων,
672 3830 809 3897 ὅπερ
872 3828 964 3881 καὶ
1019 3827 1047 3878 ὀ
1078 3826 1293 3896 Βιάνωρ
1345 3827 1432 3877 ἐπ’
1462 3824 1641 3884 ἀδείας
1668 3821 1784 3890 ἔχει

206 3923 404 3973 ποιεῖν’
447 3919 542 3972 καὶ
609 3920 815 3988 μᾶλλον
857 3919 939 3971 δτι
997 3918 1120 3969 οὐδὲ
1172 3918 1231 3971 έν
1268 3916 1573 3985 Ἀντιοχείᾳ
1599 3913 1783 3984 μέλλει

206 4010 532 4083 ἱερουργεῖν,
569 4012 663 4063 καὶ
695 4010 782 4062 διὰ
826 4010 987 4063 τοῦτο
1028 4008 1409 4070 σκανδαλίζει-ι
1438 4008 1564 4069 τοὺς
1606 4004 1783 4071 ὀρῶν-

202 4116 302 4161 τας
333 4101 497 4152 αὑτὸν
532 4102 674 4167 μετά
722 4100 814 4151 τὸν
866 4100 1031 4169 ὅρκον
1074 4094 1486 4166 ἱερουργοῦντα,
1557 4091 1691 4143 ἀλλά
1726 4090 1784 4142 ὲν

217 4190 448 4258 Ἰκονίῳ.
483 4190 612 4242 ἔνθα
655 4188 965 4260 μετῴκησε,
994 4188 1090 4241 καὶ
1140 4187 1273 4247 ἱσως
1313 4185 1433 4237 οὐδὲ
1479 4181 1781 4235 σκανδάλου

204 4282 380 4343 αῖτιος
410 4282 722 4350 γενήσεται,
745 4280 821 4343 ὼς
854 4279 963 4331 τῶν
1004 4276 1217 4330 πολλῶν
1241 4276 1378 4345 μηδὲ
1411 4274 1633 4327 εἱδότων
1684 4272 1785 4340 τὴν

201 4369 299 4422 τοῦ
358 4370 524 4439 ὅρκου
574 4368 815 4439 τελετήν.
888 4367 1034 4435 Πλὴν
1069 4364 1187 4429 οὖν,
1242 4367 1398 4433 φησὶ,
1460 4365 1562 4417 κᾶν
1600 4364 1785 4424 δεκτός

204 4460 357 4510 ἔστιν
400 4458 479 4519 εἰς
524 4456 586 4510 τὸ
625 4458 955 4525 ἱερουργεῖν,
1011 4456 1149 4509 ἀλλά
1187 4455 1555 4523 ἀπαιτηοήτω
1622 4469 1788 4521 μετα·

204 4550 348 4602 νοεῖν
372 4549 468 4601 ἐπὶ
499 4551 567 4618 τῇ
609 4548 828 4617 εὐκολία
862 4546 958 4601 τοῦ
994 4548 1184 4616 ὅρκου,
1216 4548 1335 4615 ἢτοι
1377 4547 1468 4599 ἐπὶ
1508 4544 1585 4613 τῷ
1634 4544 1789 4595 εὐκό-

203 4641 313 4701 λως
362 4640 457 4691 καὶ
495 4639 799 4709 προχείρως
842 4640 1063 4709 ὀμόσαι,
1124 4636 1435 4699 ὲνδεδωκὼς
1476 4636 1563 4688 διά
1617 4633 1783 4701 φόὸον

209 4725 413 4795 μικροῦ
454 4726 720 4779 κινδύνου.

282 4816 528 4871 ΖΩΝΛΡ.
580 4819 823 4889 Ἀσαφής
859 4821 1009 4873 ἐστιν
1050 4821 1084 4889 ἡ
1128 4819 1421 4888 ἀπόκρισις
1478 4814 1642 4885 αὕτη,
1711 4814 1785 4884 μὴ

205 4908 377 4978 οὔσης
409 4908 575 4979 δήλης
600 4910 699 4978 τῆς
723 4913 1071 4982 ἐρωτήσεως.
1120 4911 1269 4974 Τέως
1290 4910 1347 4962 δὲ
1391 4909 1608 4975 λέγεται
1658 4909 1787 4961 ἄπι-

208 5001 340 5056 στόν
368 5019 490 5054 τινα
546 5003 722 5065 ἐνίους
768 5003 877 5054 τῶν
928 5007 987 5056 ὲν
1035 5004 1340 5072 Ἀντιοχείᾳ
1394 5000 1787 5070 πρεσσυτέρων

210 5092 507 5161 βιάσασθαι
551 5094 803 5154 ἀπειλαῖς
847 5094 1047 5161 ὀμόσαι
1080 5093 1155 5160 μὴ
1192 5092 1438 5157 ἐνεργεῖν
1471 5090 1542 5141 τὰ
1568 5089 1677 5139 τῶν
1712 5089 1787 5138 ἱε-

211 5184 376 5253 ρέων.
427 5180 529 5235 Ὧν
558 5178 633 5246 εἷς
668 5186 987 5255 μετῴκησεν
1037 5188 1117 5244 εἰς
1175 5183 1235 5236 τὸ
1276 5184 1519 5244 Ἰκόνιον,
1568 5181 1695 5251 περὶ
1724 5172 1786 5233 οὗ

210 5274 307 5327 καί
332 5274 434 5342 τὴν
482 5272 749 5343 ἱρὼτησιν
796 5276 1094 5346 ἐποιήσατο
1125 5277 1152 5327 ὀ
1184 5273 1338 5340 ἅγιος
1413 5272 1783 5340 Ἀμφιλόχιος.

208 5366 383 5434 οησὶν
412 5365 507 5417 οὖν
526 5367 554 5418 ὀ
577 5366 750 5432 μέγας
775 5367 1055 5427 Βασίλειος
1091 5367 1175 5418 ὅτι
1210 5366 1403 5417 Κοινον
1433 5366 1578 5432 ὅρον,
1616 5364 1787 5431 ἠγουν

210 5458 416 5527 κανόνα
473 5460 569 5509 καὶ
608 5457 801 5520 τύπον,
835 5456 1104 5526 ἑξεθέμην
1168 5460 1297 5527 περὶ
1333 5456 1547 5507 πάντων
1586 5454 1694 5504 τῶν
1730 5454 1787 5501 ὲν

223 5550 528 5620 Ἀντιοχείᾳ
579 5550 918 5616 ὀμοσάντων,
978 5549 1064 5601 ῖνα
1109 5549 1158 5601 οἱ
1202 5544 1436 5599 τοιοῦτοι
1471 5544 1787 5612 ἀπέχωνται

214 5644 312 5714 μὶν
342 5643 454 5693 τῶν
490 5640 766 5707 συλλόγων
797 5642 907 5693 τῶν
940 5641 1158 5702 κοινῶν,
1194 5641 1302 5710 ἰδίᾳ
1344 5639 1401 5690 δὲ
1427 5638 1692 5707 ἐνεργῶσι
1721 5639 1788 5689 τὰ

208 5734 317 5785 τῶν
348 5730 760 5801 πρεσϐυτέρωνς
787 5732 907 5784 Τῶν
926 5732 981 5785 δὲ
1020 5732 1293 5799 συλλόγων
1354 5731 1551 5792 αὐτοὺς
1588 5730 1791 5797 ἀπέχε-

211 5821 336 5876 σθαι
364 5820 561 5884 ὥρισε,
606 5822 680 5883 μὴ
717 5821 926 5886 πολλοῖς
962 5822 1257 5876 σκανδάλου
1313 5824 1474 5877 αἴτιοι
1510 5824 1789 5894 γὶνωυται,

1891 3276 2324 3344 Amphilochius,
2392 3277 2482 3343 qui
2538 3286 2653 3329 erat
2704 3274 2868 3329 lconii
2937 3277 3189 3342 antistes,
3219 3286 3469 3329 sanctum

1890 3370 2301 3439 interrogasset,
2334 3384 2402 3421 an
2435 3369 2503 3420 sit
2534 3366 2801 3420 Bianorin
2825 3366 3027 3419 clerum
3060 3367 3468 3434 suscipiendus;

1894 3463 2167 3529 respondit
2194 3472 2460 3515 sanctus:
2497 3459 2797 3512 Commune
2831 3460 3104 3511 decretum
3160 3473 3253 3511 seu
3303 3473 3471 3511 cano.

1893 3568 2013 3606 nem
2047 3552 2188 3606 edidi
2226 3552 2291 3603 de
2327 3550 2705 3605 sacerdotibus
2735 3549 2825 3615 qui
2860 3547 3163 3600 Antiochia
3188 3550 3470 3616 jurarunt,

1892 3656 1949 3700 ut
1982 3648 2015 3700 ii
2046 3660 2075 3699 a
2109 3646 2339 3713 publicis
2368 3645 2585 3712 quidem
2637 3658 2731 3697 seu
2768 3642 3147 3695 communibus
3184 3640 3470 3694 coiiveuti-

1892 3738 1991 3791 bus
2064 3734 2419 3798 abstineant;
2464 3732 2715 3800 privatim
2779 3743 2959 3784 autem
3034 3733 3470 3799 presbyterorum

1892 3840 2116 3880 munera
2145 3826 2367 3890 obeant,
2404 3826 2546 3893 quod
2583 3822 2803 3875 Bianori
2850 3837 3063 3889 quoque
3097 3822 3218 3874 licet
3250 3819 3426 3873 facere
3454 3836 3469 3874 :

1892 3930 1947 3971 et
1976 3933 2043 3971 eo
2078 3920 2269 3986 magis,
2302 3918 2443 3984 quod
2477 3930 2576 3969 nec
2606 3914 2909 3967 Antiochiae
2954 3912 3173 3980 quidem
3204 3922 3283 3963 cst
3315 3924 3473 3963 sacra

1892 4008 2265 4062 celebraturus
2314 4018 2369 4059 et
2419 4016 2703 4074 propterea
2760 4017 2858 4055 nec
2891 4004 3132 4055 videntes
3185 4017 3306 4053 eum
3353 4010 3475 4069 post

1888 4098 2272 4169 jusjurandum
2324 4097 2731 4150 sacriﬁcantem
2785 4093 3114 4156 oﬂensurus,
3166 4094 3258 4147 sed
3310 4092 3473 4147 lconii

1892 4205 2001 4259 quo
2030 4190 2279 4259 migravit
2330 4198 2385 4239 et
2418 4188 2555 4240 forte
2590 4203 2688 4238 nec
2721 4185 3028 4238 oll'endiculi
3063 4184 3279 4253 quidem
3307 4200 3471 4238 causa

1893 4282 2077 4347 fuerit,
2128 4295 2250 4355 cum
2300 4278 2450 4332 multi
2489 4278 2630 4331 illius
2675 4279 3035 4347 jurisjurandi
3086 4278 3317 4331 formam
3353 4294 3476 4332 nes-

1895 4374 2061 4428 ciant.
2098 4371 2204 4425 Sed
2234 4370 2413 4434 inquit
2448 4371 2635 4432 etiam,
2689 4370 2731 4421 si
2789 4373 2855 4425 ad
2912 4386 3063 4424 sacra
3103 4369 3349 4425 facienda
3405 4371 3475 4421 sit

1895 4464 2285 4527 admittendus,
2337 4462 2585 4530 exigatur
2636 4471 2815 4514 tamen
2868 4463 2934 4513 ah
2970 4476 3034 4513 eo
3089 4470 3150 4513 ut
3201 4461 3476 4513 facilitatis

1884 4551 2243 4622 jurisjurandi
2307 4564 2431 4605 eum
2508 4552 2790 4618 poeniteat,
2866 4549 3007 4616 quod
3061 4549 3269 4601 scilicet
3322 4548 3477 4602 tacito

1893 4650 2246 4710 promptaque
2277 4640 2546 4709 juraverit
2578 4655 2799 4708 propter
2833 4651 3033 4692 metum
3067 4639 3217 4702 parvi
3247 4640 3473 4707 perieuli

1891 4732 2107 4785 cedens.

1966 4820 2218 4875 ZONAR.
2254 4819 2495 4875 Obscura
2533 4824 2644 4875 lucc
2674 4820 2955 4888 responsio
2990 4832 3093 4883 est,
3148 4824 3190 4874 si
3249 4823 3468 4889 quidem

1892 4913 2116 4966 minime
2144 4913 2288 4966 clara
2320 4920 2402 4966 est
2430 4912 2801 4977 interrogatio.
2841 4911 3059 4965 Interim
3112 4921 3293 4965 tamen
3350 4928 3478 4966 nar—

1893 5018 2047 5057 ratur
2122 5004 2394 5059 iulldelem
2450 5005 2762 5072 quemdam,
2836 5006 3124 5057 nonnullos
3180 5006 3479 5058 AntiOchiae

1892 5097 2238 5165 presbyteros
2284 5110 2340 5149 se
2369 5111 2398 5149 a
2444 5103 2787 5150 sacerdotum
2842 5098 3158 5150 muneribus
3214 5100 3479 5151 obeundis

1892 5196 2202 5241 cessaturos
2236 5196 2294 5239 ut
2319 5187 2565 5253 jurarent
2605 5188 2766 5241 minis
2815 5188 3079 5257 adegissc.
3111 5188 3181 5239 Ex
3238 5204 3469 5255 quorum

1892 5293 2119 5331 numero
2190 5293 2331 5332 unus
2381 5278 2618 5332 Iconium
2670 5279 2943 5346 migravit,
2992 5280 3057 5333 de
3095 5296 3201 5347 quo
3252 5281 3479 5349 proi..de

1897 5372 2037 5425 hanc
2068 5373 2547 5439 interrogationem
2574 5382 2791 5425 sanctus
2834 5372 3245 5441 Amphilochius
3283 5390 3480 5442 propn—

1894 5464 2021 5513 suit.
2056 5459 2363 5530 Respondet
2397 5477 2528 5528 ergo
2582 5478 2810 5528 magnus
2848 5464 3102 5530 Basilius,
3132 5480 3475 5517 communem

1897 5567 1956 5605 se
1989 5551 2386 5615 deﬁnitionem,
2438 5555 2541 5606 hoc
2570 5561 2671 5619 est,
2708 5569 2969 5610 canonem
2998 5565 3053 5609 ct
3104 5555 3329 5607 fortnam
3364 5557 3481 5608 edi-

1895 5642 2041 5697 disse
2070 5645 2135 5695 de
2166 5644 2417 5696 ontnilms
2452 5645 2516 5697 iis
2569 5647 2657 5713 qui
2695 5648 2996 5701 Antiochia:
3044 5648 3379 5712 iuraverant,
3420 5657 3478 5700 ut

1896 5733 2203 5785 abstineant
2258 5732 2511 5785 nimirum
2570 5735 2832 5803 ejusmodi
2884 5736 3189 5789 bominesa
3244 5737 3477 5805 publicis

1895 5825 2270 5891 conventibus,
2300 5825 2547 5895 privatim
2581 5842 2707 5882 vero
2738 5830 3078 5883 sacerdotum
3129 5830 3326 5883 obeant
3353 5843 3472 5882 mu-
