4124 6464
671 389 776 451 647

1909 377 2184 441 ΤΙΙΕΟΙ).
2230 382 2630 441 ΒΑΕΞΑἈΞΟΝ

3830 387 3930 452 648

671 499 782 550 nia.
816 496 856 546 Α
887 492 1241 549 conventibus
1289 506 1448 562 porro
1479 491 1750 546 abstinere
1784 491 1930 558 ipsos
1959 492 2144 559 jussit,
2178 506 2250 542 ne'

2381 493 2546 544 ίδόσιν
2599 493 2792 553 αὐτοὺς
2851 492 3155 562 ὀμόσαντας
3219 495 3292 561 μὴ
3326 494 3652 563 ίερουργείν,
3687 497 3854 566 δρῶσι
3880 499 3935 548 δὲ

672 586 859 640 multis
889 585 1125 642 scantlali
1160 598 1320 637 causa
1353 583 1504 646 tlant,
1537 584 1624 650 qui
1659 597 1781 635 cum
1815 581 1934 634 illos
1969 597 2243 648 nunquam

679 690 832 728 sacra
900 675 1006 745 74
1058 677 1294 728 {acturos
1336 675 1546 740 jurasse
1602 676 1801 736 sciant,
1859 688 1981 726 mox
2044 673 2252 740 publice

679 767 1057 818 sacriﬁcantes
1090 767 1543 817 animadvertant.
1600 762 1709 818 Iloc
1767 764 1932 830 igitur
1990 763 2136 815 idem
2185 762 2252 815 de

681 855 909 907 Bianore
946 855 1214 906 aIIirtnat:
1249 855 1361 907 ﬁeri
1414 854 1664 905 nimirum
1721 855 1820 921 ipsi
1883 854 2251 917 ministrandi,

684 946 786 999 hoc
815 958 917 1008 est,
951 962 1106 999 sacra
1141 961 1362 999 munera
1392 947 1675 999 exercendi
1726 947 2056 999 facultatem.
2111 945 2252 997 Prae-

681 1038 868 1087 sertitn
900 1053 1019 1088 cum
1051 1051 1148 1088 nec
1195 1037 1492 1088 Antiochiae
1545 1051 1696 1089 sacra
1751 1037 1987 1088 facturus
2037 1036 2126 1099 sit,
2165 1036 2248 1087 ubi

679 1122 906 1188 juravil,
934 1127 1024 1177 sed
1071 1127 1231 1178 Iconii
1267 1140 1374 1193 quo
1421 1136 1600 1192 postea
1649 1126 1936 1177 concessit.
1996 1124 2255 1190 Exigatnr

685 1225 834 1272 vero,
869 1214 1058 1278 inquit,
1097 1227 1151 1266 ιιι
1184 1215 1329 1266 illttttt
1369 1218 1624 1281 poeniteat
1668 1216 2024 1284 iurisiurandi
2081 1218 2255 1268 facili-

2353 583 2592 652 δημοσίᾳ
2617 583 3066 652 λειτουργοῦντας
3099 585 3318 648 αὐτούς.
3355 587 3525 638 Τοῦτο
3557 588 3689 653 γοῦν
3725 589 3820 641 καὶ
3854 590 3935 657 τῷ

2356 672 2579 743 Βιάνορι
2613 673 2764 740 λέγει
2797 675 2984 727 ἄδειαν
3015 677 3274 745 παρέχειν
3309 678 3444 744 πρὸς
3475 679 3573 746 τὴν
3603 679 3930 747 ὑπηρεσίαν,

2357 763 2525 830 ἠγουν
2551 763 2686 831 πρὸς
2734 764 2831 834 τὴν
2863 763 3226 831 λειτουργίαν·
3263 769 3355 817 καὶ
3388 766 3591 833 μᾶλλον
3625 768 3709 820 ὅτι
3732 768 3850 819 οὐδὲ
3877 771 3933 819 ὲν

2368 854 2667 922 Ἀντιοχείᾳ
2696 855 2875 921 μέλλει
2921 857 3241 924 ἱερουργεῖν,
3275 857 3406 908 ὅπου
3441 856 3684 923 ὤμοσεν,
3727 857 3845 909 ἀλλ’
3876 859 3932 908 ἐν

2371 946 2600 1012 Ἰκονίῳ,
2665 948 2789 997 ἔνθα
2853 947 3183 1015 μετῴκησεν.
3226 948 3611 1016 Ἀπαιτηθήτω
3664 951 3741 1012 δὲ,
3777 953 3929 1016 φησι.

2365 1040 2645 1103 μετανοεῖν
2697 1038 2784 1087 ἐπὶ
2835 1041 2900 1106 τῇ
2937 1040 3156 1105 εὐκολίᾳ
3210 1039 3300 1090 τοῦ
3357 1041 3542 1107 ὅρκου’
3578 1041 3696 1108 ἤτοι
3731 1043 3826 1091 ἐπὶ
3857 1041 3934 1108 τῷ

2364 1128 2605 1186 εὐκόλως
2632 1128 2730 1178 καὶ
2754 1129 3061 1196 προχείρως
3090 1130 3288 1198 ὀμόσαι
3316 1131 3622 1193 negamus;
3653 1131 3746 1183 διά
3771 1131 3934 1198 φόϐον

2368 1217 2568 1284 μικροῦ
2591 1217 2858 1271 κινδύνου.

685 1305 816 1356 tatis
847 1322 861 1357 :
897 1307 997 1358 hoc
1030 1317 1132 1367 est,
1163 1310 1299 1372 quod
1333 1318 1439 1361 tam
1497 1309 1653 1363 facile
1688 1322 1736 1362 et
1769 1320 2013 1376 prompte
2048 1309 2227 1377 exigui
2254 1310 2473 1376 periculi
2508 1321 2651 1363 metu
2683 1313 2944 1366 adductus
2968 1313 3259 1380 jttraverit.

757 1399 984 1452 AItlS'I‘.
1016 1401 1299 1470 Presbyter
1332 1402 1526 1456 Bianor
1561 1420 1682 1456 cum
1711 1406 1970 1471 jttraverit
2002 1413 2052 1455 et
2082 1405 2256 1470 poeni-

689 1493 851 1543 tentia
912 1495 1104 1545 ductus
1135 1494 1201 1545 ob
1267 1494 1559 1558 juramenti
1620 1495 1886 1545 levitatem
1963 1495 2258 1560 suscipien-

686 1583 808 1634 dus.

761 1672 856 1723 llic
889 1673 1164 1742 presbyter
1191 1689 1217 1724 a
1254 1674 1482 1739 quodam
1535 1674 1726 1742 tnjttria
1764 1675 1986 1727 allectus
2034 1687 2089 1729 et
2145 1693 2259 1731 tno-

2433 1405 2656 1457 ΑΡΙΣΤ.
2728 1407 2784 1458 ‘0
2837 1406 3206 1476 πρεσϐύτερος
3260 1407 3492 1476 Βιάνωρ,
3553 1408 3762 1476 ὀμόσας
3841 1410 3935 1460 καὶ

2369 1497 2853 1563 μεταμελόμενος,
2907 1499 2994 1550 διὰ
3079 1500 3179 1566 τὴν
3253 1499 3504 1550 εὐκολίαν
3560 1500 3774 1551 ἐκείνου
3844 1495 3933 1550 τοῦ

2362 1586 2549 1655 ὂρκου,
2601 1587 2812 1648 δεκτός.

2434 1672 2599 1736 Οὗτος
2630 1681 2654 1729 ὁ
2686 1679 3080 1747 πρεσϐύτερος,
3118 1681 3222 1732 ὑπό
3283 1698 3424 1742 τινος
3469 1682 3935 1751 ἑπηρεαζόμενος,

688 1757 898 1812 Iestiam
931 1763 1045 1826 ejus
1074 1763 1310 1828 perferre
1342 1779 1444 1816 non
1477 1775 1685 1829 potens,
1722 1781 1749 1814 ιι
1778 1774 2082 1832 contemptu
2111 1768 2262 1833 jura-

2370 1771 2460 1818 καὶ
2485 1767 2558 1836 μὴ
2579 1769 2872 1836 δυνάμενος
2915 1771 3012 1840 τὴν
3067 1773 3272 1823 ἐκείνου
3313 1773 3531 1840 ὄχλησιν
3586 1775 3934 1840 ὑπενεγκεῖλ.

691 1851 766 1901 vit
795 1866 852 1902 se
882 1853 1110 1918 amplius
1140 1867 1294 1905 sacra
1348 1869 1451 1904 non
1492 1854 1776 1906 facturum.
1837 1853 2035 1909 Deinde
2086 1858 2259 1923 panti-

691 1942 858 1992 tentia
889 1943 1079 1994 ductus
1110 1945 1474 1996 sacvrdotium
1507 1945 1657 1997 obire
1685 1947 1848 1998 voluit
1877 1963 1890 1998 :
1949 1957 2003 1999 et
2037 1962 2259 2013 magnus

692 2029 920 2081 Basilius
969 2033 1032 2084 de
1080 2045 1145 2084 eo
1193 2032 1552 2101 interrogatus
1603 2049 1668 2086 an
1721 2036 2060 2101 recipiendus
2095 2045 2256 2097 esset,

692 2121 934 2183 mandat,
957 2126 1096 2188 quod
1129 2122 1171 2173 si
1201 2123 1546 2187 jurisjttrandi
1576 2124 1805 2176 levitatis
1834 2140 1952 2177 eum
1981 2127 2260 2192 poeniteat,

695 2213 783 2263 ille
816 2216 1152 2272 admittatur,
1190 2229 1292 2264 non
1327 2222 1500 2265 autem
1541 2225 1595 2265 ttt
1629 2215 1676 2265 in
1715 2217 1941 2281 publicis
1975 2218 2260 2269 conventi-

696 2298 795 2350 bus
829 2315 982 2350 saera
1019 2301 1332 2362 celebraret,
1361 2305 1426 2352 ob
1459 2303 1747 2354 multorum
1802 2303 2132 2366 scandalum,
2169 2306 2260 2358 sed

698 2398 758 2442 ut
786 2405 905 2460 qua:
933 2393 997 2441 ad
1027 2394 1372 2459 presbyteros
1400 2396 1666 2458 pertinent
1703 2396 1952 2462 privatim
1977 2395 2200 2448 faceret.

1254 2503 1477 2556 CARON
1511 2505 1696 2558 XVIII.

997 2623 1073 2678 De
1131 2624 1300 2693 lapsis
1353 2622 1673 2689 virginibus,
1710 2637 1827 2687 qnze
1863 2622 2024 2670 vitam
2049 2628 2251 2672 castam

709 2715 962 2786 professae
999 2713 1243 2774 Domino,
1283 2713 1476 2764 deinde
1501 2713 1680 2764 carnis
1727 2709 2036 2761 libidinibus
2081 2717 2250 2765 Vtctzc.

705 2815 862 2872 pacta
919 2818 1015 2856 sua
1071 2802 1221 2854 irrita
1267 2801 1511 2861 faciunt,
1561 2811 1741 2867 patres
1791 2799 2005 2866 quidem
2040 2801 2252 2858 nostri,

709 2909 828 2946 cum
863 2893 1179 2959 simpliciter
1219 2904 1280 2942 ac
1314 2891 1505 2942 leniter
1537 2902 1656 2942 sese
1705 2886 1769 2938 ad
1822 2901 2006 2939 eorum
2045 2887 2135 2951 qui
2184 2886 2257 2936 la-

709 2983 910 3034 buntur
952 2981 1311 3033 inﬁrmitatem
1365 2976 1885 3035 accommodarent,
1930 2981 2258 3025 censuerunt

2373 1856 2588 1924 ὤμοσεν
2615 1858 2671 1922 ἐξ
2733 1859 3024 1928 ὀλιγωρίας
3085 1861 3285 1930 μηκέτι
3348 1862 3756 1931 λειτουργῆσαι.
3801 1859 3933 1914 Εἶτα

2372 1947 2784 2016 μεταμεληθεὶς,
2820 1951 3116 2016 ἱερατεύειν
3173 1953 3441 2004 ἐϐούλετο·
3499 1954 3596 2007 καὶ
3637 1954 3936 2022 ἐρωτηθεὶς

2373 2040 2500 2106 περὶ
2523 2037 2680 2090 τοῦτο
2715 2041 2741 2090 ό
2769 2041 2939 2105 μέγας
2965 2040 3235 2104 Βασίλειος
3273 2047 3319 2093 εἰ
3345 2045 3560 2102 δεκτὲος
3592 2045 3732 2104 ἐστὶ,
3761 2060 3934 2111 προσο

2366 2128 2551 2180 τάττει
2611 2129 2708 2190 ὡς,
2773 2133 3216 2199 εἱμεταμέλεται
3279 2136 3370 2184 ἐπὶ
3432 2137 3498 2202 τῇ
3559 2135 3785 2202 εὐκολία
3839 2133 3933 2184 τοῦ

2364 2218 2550 2285 ὅρκου,
2605 2218 2858 2287 δεχθῆναι
2918 2222 3099 2272 αὐτόν·
3161 2222 3234 2291 μὴ
3265 2226 3319 2274 ὲν
3350 2224 3637 2290 δημοσίαις
3685 2223 3741 2274 δὲ
3773 2224 3935 2275 συνά-

2367 2305 2479 2366 ξεσι
2548 2308 2880 2376 λειτουργεῖν
2939 2309 3026 2361 διὰ
3081 2311 3138 2360 τὸ
3191 2312 3297 2362 τῶν
3337 2314 3545 2363 πολλῶν
3596 2311 3919 2372 σκάνδαλον,

2363 2395 2480 2448 ἀλλ’
2517 2396 2620 2465 ίδίᾳ
2648 2399 2713 2449 τὰ
2737 2399 2845 2448 τῶν
2885 2401 3272 2469 πρεσϐυτέρων
3296 2404 3556 2470 ἐνεργεῖν.

2972 2514 3210 2566 ΚΛΝΩΝ
3248 2517 3352 2568 IH'.

2562 2626 2693 2694 Περὶ
2725 2627 2832 2676 τῶν
2877 2626 3218 2677 ἐκπεσουσῶν
3247 2623 3528 2692 παρθένων
3553 2621 3660 2673 τῶν
3685 2621 3924 2688 καθομο-

2360 2710 2740 2780 λογησαμὲνων
2774 2714 2863 2763 τὸν
2896 2715 2951 2764 ὲν
2982 2712 3267 2779 σεμνότητι
3305 2710 3412 2777 βίον
3437 2709 3512 2777 τῷ
3539 2709 3749 2776 Κυρίῳ,
3783 2704 3921 2764 εἶτα,

2360 2799 2445 2850 διὰ
2477 2805 2535 2850 τὸ
2575 2800 2860 2852 ὑποπεσεῖν
2885 2803 2995 2862 τοῖς
3028 2799 3218 2852 πάθεσι
3250 2799 3345 2864 τῆς
3367 2796 3583 2864 σαρκὸς,
3613 2794 3924 2846 ἁθετουσῶν

2363 2886 2457 2947 τάς
2523 2888 2730 2939 ἑαυτῶν
2803 2888 3104 2955 συνθήκας,
3174 2889 3221 2937 οῖ
3287 2887 3381 2953 μὲν
3441 2885 3674 2951 πατέρες
3733 2883 3921 2950 ἡμῶν.

2362 2975 2545 3036 ἁπλῶς
2722 2979 2814 3027 καὶ
2840 2978 3025 3045 πράως
3049 2975 3576 3042 συμπεριφερόμενοι
3603 2973 3722 3031 ταῖς
3759 2971 3889 3022 άσθε
3908 2998 3922 3008 -

710 3071 855 3136 ipsas
886 3076 1006 3137 post
1042 3083 1239 3120 annum
1271 3068 1474 3118 admitti
1531 3080 1706 3132 posse,
1756 3064 1822 3116 de
1875 3064 1980 3115 illis
2013 3063 2076 3114 ad
2108 3062 2255 3115 sinti-

2370 3064 2529 3125 νείαις
2557 3066 2662 3115 τῶν
2701 3066 3231 3124 κατολισθαινόντων,
3293 3062 3687 3130 ἐνομοθέτησαν
3727 3060 3922 3120 δεκτὰς

709 3159 988 3210 litttdinem
1036 3158 1367 3225 digamorum
1419 3154 1793 3220 dijudicantes.
1874 3152 2069 3204 Verum
2128 3150 2258 3203 mibi

709 3246 923 3313 quidem
981 3246 1229 3302 videtur.
1292 3245 1546 3311 quoniam
1597 3242 1686 3292 Dei
1732 3242 1874 3293 dono
1911 3239 2259 3308 progrediens

711 3334 952 3386 Ecclesia
999 3334 1054 3385 ﬁt
1104 3334 1332 3393 fortior,
1398 3347 1461 3384 ac
1508 3346 1652 3383 nunc
1695 3331 2080 3396 multiplicatur
2127 3329 2260 3380 ordo

709 3424 1020 3491 virginum,
1070 3424 1351 3490 diligenter
1394 3419 1840 3474 considerandam
1889 3435 2008 3472 esse
2054 3426 2107 3472 et
2147 3435 2259 3472 rem

712 3513 904 3579 ipsam,
937 3521 1092 3578 pront
1132 3510 1495 3563 consideranti
1545 3508 1825 3560 manifesta
1854 3519 1957 3567 est.
2005 3516 2059 3560 et
2117 3506 2260 3560 Serio

715 3612 883 3670 pturze
944 3602 1266 3655 sententiam
1314 3615 1432 3665 qtt;e
1485 3614 1547 3649 ex
1595 3598 1976 3650 consecutione
2031 3598 2262 3650 inveniri

714 3700 906 3759 potest.
949 3689 1194 3741 Viduitus
1262 3688 1403 3738 enim
1466 3685 1772 3752 virginitate
1819 3686 2085 3749 inferior;
2135 3701 2262 3753 ergo

713 3789 766 3831 et
814 3781 1092 3832 viduarum
1143 3776 1394 3828 delictum
1457 3773 1610 3840 longe
1676 3775 1853 3824 minus
1901 3788 2059 3839 quam
2104 3775 2260 3841 virgi-

715 3885 860 3920 num.
899 3869 1186 3920 Videamus
1215 3879 1339 3932 ergo
1372 3861 1499 3930 quid
1534 3861 1597 3912 ad
1633 3860 1970 3914 Timotheum
2028 3877 2056 3912 a
2094 3860 2262 3914 Paulo

715 3961 973 4027 scriptum
1048 3959 1117 4010 sit
1179 3936 1484 4007 :Juniores
1573 3962 1740 4002 autem
1812 3951 1991 4002 viduas
2073 3951 2260 4004 devito.

719 4051 1004 4114 Postquam
1063 4050 1196 4100 enim
1259 4047 1585 4096 lascivierunt
1654 4042 1898 4093 adversus
1959 4041 2260 4106 Christum,

717 4138 903 4188 nubere
959 4137 1172 4195 uolant,
1234 4134 1472 4183 habentes
1544 4130 2021 4181 condemnationem
2056 4168 2070 4190 ,
2134 4131 2265 4198 quod

717 4228 939 4292 primam
980 4223 1135 4287 ﬁdem
1169 4223 1371 4272 irritata
1429 4219 1659 4284 fecerunt
1718 4213 1752 4270 ³.
1795 4217 1972 4284 Itaque
2024 4219 2069 4270 si
2105 4219 2266 4270 vidua

2364 3148 2498 3203 εἰναι
2550 3153 2681 3219 μετὰ
2715 3152 2804 3214 τὸν
2857 3153 3097 3203 ὲνιαυτδν
3154 3191 3170 3213 ,
3328 3148 3448 3200 καθ’
3489 3148 3783 3216 ὀμοιότητα
3819 3148 3922 3197 τῶν

2364 3242 2603 3308 διγάμων
2634 3243 3036 3310 διαταξάμενον
3074 3244 3194 3310 ἐμοὶ
3227 3241 3281 3292 δὲ
3323 3241 3487 3303 δοκεῖ,
3519 3237 3703 3306 ἐπειδὴ
3733 3241 3799 3306 τῇ
3832 3238 3922 3288 τοῦ

2365 3330 2499 3382 Θεοῦ
2553 3332 2728 3400 χάριτι
2789 3331 3050 3399 προϊοῦσα
3102 3333 3134 3398 ἡ
3191 3327 3514 3397 Ἐκκλησία,
3564 3327 3924 3394 κραταιοτέρα

2367 3421 2592 3487 γίνεται,
2625 3423 2716 3472 καὶ
2753 3420 3076 3489 πληθύνεται
3119 3420 3211 3473 νῦν
3267 3418 3327 3470 τὸ
3361 3418 3544 3486 τάγμα
3582 3416 3690 3467 τῶν
3725 3415 3923 3483 παρθέο

2369 3528 2473 3562 νων
2505 3545 2521 3571 ,
2655 3511 2938 3578 προσέχειν
2973 3509 3214 3578 ἀκριϐῶς
3249 3509 3324 3577 τῷ
3349 3525 3406 3558 τε
3429 3510 3545 3560 κατ’
3577 3507 3785 3558 ἔννοιαν
3811 3523 3924 3572 φαι-

2367 3600 2574 3668 νομένῳ
2631 3601 2909 3668 πράγματι
2960 3598 3051 3650 καὶ
3093 3601 3158 3665 τῇ
3203 3599 3300 3665 τῆς
3338 3596 3556 3664 Γραφῆς
3597 3595 3825 3663 διανοίᾳ,
3864 3595 3926 3660 ἦν

2366 3689 2588 3741 δυνατὸν
2649 3688 2887 3756 ἐξευρεῖν
2935 3687 3042 3737 ἀπὸ
3089 3684 3180 3737 τοῦ
3227 3685 3539 3738 ἀκολούθου.
3569 3686 3782 3753 Χηρεία
3825 3686 3926 3750 γὰρ

2371 3776 2662 3845 παρθενίας
2689 3777 2922 3827 ὲλάττων
2944 3793 2955 3805 ·
2983 3774 3172 3826 οὐκοῦν
3203 3776 3295 3826 καὶ
3329 3775 3385 3824 τὸ
3412 3774 3519 3824 τῶν
3548 3775 3731 3842 χηρῶν
3758 3773 3928 3841 ἁμάρ-

2371 3882 2523 3935 τημα
2559 3866 2732 3934 πολλῷ
2765 3865 3011 3934 δεύτερόν
3047 3866 3158 3915 ἐστι
3192 3862 3282 3914 τοῦ
3315 3862 3418 3914 τῶν
3446 3861 3746 3930 παρθένων.
3780 3862 3927 3912 ἰδω-

2377 3973 2473 4024 μεν
2500 3957 2672 4008 τοίνυν
2703 3957 2752 4006 τί
2778 3956 3082 4022 γέγραπται
3112 3951 3358 4020 Τιμοθέῳ
3382 3951 3528 4019 παρά
3554 3947 3646 4000 τοῦ
3683 3949 3894 4000 Παύλου
3919 3965 3929 3975 ·

2374 4045 2668 4111 Νεωτέρας
2714 4044 2779 4095 δὲ
2817 4043 3005 4111 χήρας
3057 4041 3360 4107 παραιτοῦ.
3397 4043 3571 4094 Ὅταν
3612 4039 3721 4106 γὰρ
3768 4055 3932 4091 xant-

2374 4134 2778 4199 στρηνιάσωσι
2851 4131 2955 4183 τοῦ
3019 4129 3304 4197 Χριστοῦ,
3361 4128 3568 4197 ταμεῖν
3610 4127 3928 4187 θέλουσιν,

2374 4223 2622 4290 ἔχουσαι
2644 4221 2834 4288 κρῖμα,
2873 4220 2958 4272 ὅτι
2988 4221 3095 4284 τὴν
3121 4218 3356 4286 πρώτην
3377 4220 3582 4269 πίστιν·
3607 4217 3929 4280 ἠθέτησαν.

716 4321 916 4391 judiCto
967 4321 1248 4390 subjicnur
1280 4317 1603 4385 gravissimo
1637 4352 1651 4376 ,
1712 4325 1772 4367 ut
1826 4329 1944 4380 quae
2007 4311 2161 4363 ﬁdem
2221 4311 2262 4362 ir

2379 4309 2440 4360 Ei
2470 4312 2647 4361 τοίνυν
2672 4316 2815 4380 χήρα
2848 4313 3072 4378 κρίματι
3102 4311 3379 4360 ὑπόκειται
3415 4308 3714 4376 βαρυτάτῳ,
3749 4306 3823 4366 ὡς
3841 4307 3934 4371 τὴν

719 4412 993 4464 Christum
1052 4409 1260 4459 irritam
1312 4407 1533 4466 fecerit,
1573 4405 1699 4473 quid
1755 4403 1912 4457 nobis
1973 4401 2270 4471 putandum

720 4501 786 4552 de
819 4501 1045 4566 virgine,
1082 4512 1198 4562 qua;
1241 4510 1435 4564 sponsa
1463 4503 1541 4547 est
1571 4494 1770 4548 Cbristi
1793 4533 1807 4556 ,
1843 4501 1895 4546 et
1930 4507 2143 4544 sacrum
2180 4505 2271 4542 vas

719 4589 948 4639 Domino
990 4585 1348 4639 dedicatum?
1400 4582 1648 4651 Magnum
1689 4583 1905 4652 quidem
1953 4589 2034 4634 est
2084 4595 2271 4649 pecca-

719 4682 834 4726 tum
863 4712 876 4734 ,
932 4674 1012 4725 vel
1060 4675 1310 4724 ancillam
1357 4673 1708 4725 clandestinis
1756 4670 2120 4724 matrimoniis
2152 4683 2272 4721 sese

721 4762 958 4820 dantem,
995 4771 1180 4827 stupro
1230 4763 1444 4812 domum
1494 4762 1712 4828 implere
1736 4799 1750 4824 ,
1782 4770 1834 4812 et
1877 4761 2143 4812 deteriore
2165 4759 2272 4810 vita

721 4851 972 4916 injuriam
1023 4851 1325 4916 possessori
1390 4851 1610 4902 facere:
1659 4851 1815 4917 longe
1854 4856 2030 4901 autem
2057 4848 2272 4914 gravius

723 4947 805 4991 est
841 4955 1096 5006 sponsam
1131 4939 1244 4991 ﬁeri
1301 4939 1630 5002 adulteram,
1667 4953 1728 4990 ac
1761 4954 1872 4991 suae
1902 4953 2025 4990 cum
2073 4951 2271 5005 sponso

723 5029 1087 5094 conjunctioni
1140 5030 1372 5083 dedecus
1434 5028 1740 5090 ferentem,
1806 5028 2093 5096 impudicis
2120 5027 2272 5079 volu-

723 5120 956 5186 ptttibus
1005 5135 1061 5172 se
1124 5120 1340 5173 dedere.
1393 5119 1625 5172 Proinde
1690 5119 1849 5172 vidua
1903 5119 2166 5187 quidem,
2217 5125 2273 5168 ιιι

720 5215 970 5274 corrupta
1003 5210 1234 5271 ancilla,
1271 5209 1662 5262 condemnatur
1696 5226 1707 5271 ;
1746 5210 1896 5276 virgo
1937 5223 2063 5260 vero
2119 5205 2273 5257 adul-

721 5309 846 5350 tera:
963 5298 1163 5365 judicio
1294 5301 1601 5367 subjicitur.
1623 5300 2084 5364 Quemadmodum
2113 5297 2275 5365 igitur

716 5403 839 5440 etim
874 5391 968 5456 qui
1019 5403 1140 5441 cum
1177 5391 1350 5443 aliena
1385 5403 1468 5445 est
1505 5393 1728 5444 muliere
1760 5433 1773 5457 ,
1818 5389 2124 5442 adulterum
2180 5403 2276 5440 no-

720 5480 1016 5539 minamus.
1063 5494 1167 5532 non
1222 5480 1369 5545 prius
1418 5482 1764 5534 admittentes
1824 5479 1888 5530 ad
1939 5476 2274 5531 communio-

717 5581 862 5630 nem,
902 5584 1061 5636 quam
1109 5583 1137 5620 a
1173 5578 1393 5637 peccato
1446 5571 1782 5624 cessaverit:
1824 5571 1895 5622 ita
1956 5567 2194 5636 profecto
2219 5574 2272 5618 ct

823 5703 1053 5756 'ITim.
1083 5722 1130 5769 ν,
1162 5705 1238 5764 ιι,
1277 5703 1358 5757 ιε.

2379 4399 2457 4458 είς
2509 4398 2737 4466 Χριστὸν
2800 4397 3109 4465 ἀθετήσασα
3161 4398 3358 4454 πίστιν,
3400 4395 3450 4445 τί
3486 4395 3588 4463 χρὴ
3628 4389 3934 4456 λογίζεσθαι

2378 4489 2522 4555 ἡμᾶς
2555 4489 2679 4555 περὶ
2706 4489 2800 4555 τῆς
2853 4486 3136 4555 παρθένου,
3167 4486 3288 4552 ἥτις
3315 4484 3497 4551 νύμφη
3528 4482 3645 4532 ἑστὶ
3683 4480 3778 4531 τοῦ
3807 4480 3937 4546 Χρι-

2381 4577 2524 4638 στοῦ,
2558 4579 2649 4629 καὶ
2689 4576 2876 4638 σκεῦος
2910 4577 3050 4643 ἱερὸν
3083 4574 3338 4628 ἀνατεθὲν
3368 4572 3443 4640 τῷ
3473 4570 3752 4641 Δεσπότης
3782 4569 3936 4632 Μέγα

2382 4670 2476 4737 μὲν
2508 4669 2805 4738 ἁμάρτημα
2858 4669 2950 4720 καὶ
2979 4666 3168 4734 δούλην
3202 4664 3476 4732 λαθραίοις
3506 4661 3704 4728 γάμοις
3742 4659 3936 4722 ἑαυτὴν

2380 4757 2712 4809 ὲπιδιδοῦσαν
2761 4757 2959 4825 φθορᾶς
3008 4755 3314 4822 ἀναπλῆσαι
3343 4753 3430 4802 τὸν
3460 4746 3628 4809 οἷκον,
3684 4747 3780 4798 καὶ
3815 4743 3936 4794 καθ⁹

2380 4847 2615 4914 υϐρίξειν
2643 4848 2728 4898 διὰ
2749 4847 2840 4897 τοῦ
2871 4844 3105 4914 πονηροῦ
3131 4843 3244 4912 βίου
3276 4843 3364 4894 τὸν
3385 4825 3738 4907 κεκτημένον·
3764 4830 3935 4898 πολλῴ

2377 4937 2432 4988 δὲ
2458 4937 2627 5005 δήπου
2666 4936 3038 5004 χαλεπώτερον
3079 4935 3174 5004 τὴν
3217 4934 3428 5002 νύμφην
3481 4926 3759 4997 μοιχαλίδα
3790 4923 3936 4989 γενέ-

2381 5026 2522 5086 σθαι,
2559 5028 2649 5078 καὶ
2680 5026 2772 5095 τὴν
2807 5027 2939 5096 πρὸς
2971 5027 3062 5077 τὸν
3095 5025 3324 5092 νυμφίον
3357 5022 3546 5072 ἕνωσιν
3571 5016 3934 5082 άτιμάσασαν,

2380 5115 2584 5184 ἡδοναῖς
2619 5115 2932 5177 ἀκολάστοις
2966 5113 3161 5181 ἑαυτὴν
3201 5109 3493 5162 ἐπιδοῦναι.
3536 5104 3743 5157 Οὐκοῦν
3775 5105 3806 5171 ἡ
3843 5101 3937 5168 μὲν

2380 5203 2539 5270 χήρα.
2571 5203 2643 5264 ὡς
2676 5202 2832 5270 δούλη
2896 5201 3284 5269 διεφθαρμένη,
3321 5192 3736 5255 καταδικάζεται
3759 5207 3771 5219 ο
3809 5193 3843 5258 ἡ
3881 5188 3935 5240 δὲ

2381 5293 2640 5361 παρθένος
2687 5293 2762 5359 τῷ
2818 5293 3038 5361 κρίματι
3104 5289 3201 5357 τῆς
3269 5285 3566 5356 μοιχαλίδος
3635 5281 3932 5333 ὑπόκειται.

2383 5384 2585 5452 ’Ὠσπερ
2646 5380 2736 5434 οὖν
2775 5383 2861 5434 τὸν
2907 5381 3158 5450 ἀλλοτρία
3201 5376 3415 5444 γυναικὶ
3468 5372 3716 5424 συνιόντα
3759 5369 3936 5438 μοιχὸν

2381 5474 2731 5542 ὀνομάζομεν,
2783 5473 2842 5524 οὐ
2897 5473 3153 5540 πρότερον
3191 5465 3618 5535 παραδεξάμενοι
3642 5465 3721 5525 εἰς
3754 5478 3937 5514 κοινω-

2381 5565 2515 5626 visu,
2552 5567 2675 5632 πρὶν
2710 5561 3070 5631 ἧπαύσασθαι
3102 5560 3197 5627 τῆς
3242 5558 3546 5627 ἁμαρτίαςο
3581 5555 3724 5608 οὕτω
3757 5553 3934 5623 δηλον-
