  <div class='ocr_page' id='page_1' title='image "/cluster/home/n/w/nwhite01/storage/ocr_20150623/138/uva.x030486987/376.png"; bbox 0 0 4124 6464; ppageno 0'>
   <div class='ocr_carea' id='block_1_1' title="bbox 279 373 393 437">
    <p class='ocr_par' dir='ltr' id='par_1_1' title="bbox 279 373 393 437">
     <span class='ocr_line' id='line_1_1' title="bbox 279 373 393 437; baseline 0 -2"><span class='ocrx_word' id='word_1_1' title='bbox 279 373 393 437; x_wconf 65' lang='grc' dir='ltr'>ϐλθ</span> 
     </span>
    </p>
   </div>
   <div class='ocr_carea' id='block_1_2' title="bbox 1213 371 2614 436">
    <p class='ocr_par' dir='ltr' id='par_1_2' title="bbox 1213 371 2614 436">
     <span class='ocr_line' id='line_1_2' title="bbox 1213 371 2614 436; baseline 0.001 -3"><span class='ocrx_word' id='word_1_2' title='bbox 1213 375 1290 436; x_wconf 82' lang='grc' dir='ltr'><strong>ΙΝ</strong></span> <span class='ocrx_word' id='word_1_3' title='bbox 1331 371 1574 434; x_wconf 71' lang='lat' dir='ltr'><strong>El’lS’l‘.</strong></span> <span class='ocrx_word' id='word_1_4' title='bbox 1621 373 1687 435; x_wconf 88' lang='lat' dir='ltr'><strong>S.</strong></span> <span class='ocrx_word' id='word_1_5' title='bbox 1733 373 2018 434; x_wconf 77' lang='lat' dir='ltr'><strong>BASILII</strong></span> <span class='ocrx_word' id='word_1_6' title='bbox 2054 373 2492 436; x_wconf 76' lang='lat' dir='ltr'><strong>CANONICAM</strong></span> <span class='ocrx_word' id='word_1_7' title='bbox 2535 375 2614 436; x_wconf 85' lang='grc' dir='ltr'><strong>ΙΙ.</strong></span> 
     </span>
    </p>
   </div>
   <div class='ocr_carea' id='block_1_3' title="bbox 3408 378 3515 443">
    <p class='ocr_par' dir='ltr' id='par_1_3' title="bbox 3408 378 3515 443">
     <span class='ocr_line' id='line_1_3' title="bbox 3408 378 3515 443; baseline 0.047 -5"><span class='ocrx_word' id='word_1_8' title='bbox 3408 378 3515 443; x_wconf 73' lang='grc' dir='ltr'><strong>ίῖῦθ</strong></span> 
     </span>
    </p>
   </div>
   <div class='ocr_carea' id='block_1_4' title="bbox 274 491 1846 572">
    <p class='ocr_par' dir='ltr' id='par_1_4' title="bbox 274 491 1843 566">
     <span class='ocr_line' id='line_1_4' title="bbox 274 491 1843 566; baseline -0.004 -13"><span class='ocrx_word' id='word_1_9' title='bbox 274 504 360 553; x_wconf 85' lang='grc' dir='ltr'><strong>ὁτι</strong></span> <span class='ocrx_word' id='word_1_10' title='bbox 389 502 482 551; x_wconf 85' lang='grc' dir='ltr'>καί</span> <span class='ocrx_word' id='word_1_11' title='bbox 509 497 599 549; x_wconf 73' lang='grc' dir='ltr'><strong>ἐπὶ</strong></span> <span class='ocrx_word' id='word_1_12' title='bbox 624 495 714 548; x_wconf 78' lang='grc' dir='ltr'>τοῦ</span> <span class='ocrx_word' id='word_1_13' title='bbox 743 496 841 566; x_wconf 75' lang='grc' dir='ltr'>τὴν</span> <span class='ocrx_word' id='word_1_14' title='bbox 867 492 1128 564; x_wconf 62' lang='grc' dir='ltr'>παρθένον</span> <span class='ocrx_word' id='word_1_15' title='bbox 1156 493 1365 563; x_wconf 75' lang='grc' dir='ltr'>ἔχοντος</span> <span class='ocrx_word' id='word_1_16' title='bbox 1399 491 1843 563; x_wconf 77' lang='grc' dir='ltr'>ὃιατεθησόμεθα.</span> 
     </span>
    </p>
   </div>
   <div class='ocr_carea' id='block_1_5' title="bbox 1950 491 3513 572">
    <p class='ocr_par' dir='ltr' id='par_1_5' title="bbox 1956 498 3513 572">
     <span class='ocr_line' id='line_1_5' title="bbox 1956 498 3513 572; baseline 0 -20"><span class='ocrx_word' id='word_1_17' title='bbox 1956 499 2022 555; x_wconf 90' lang='lat' dir='ltr'><strong>de</strong></span> <span class='ocrx_word' id='word_1_18' title='bbox 2050 515 2117 556; x_wconf 93' lang='lat' dir='ltr'><strong>eo</strong></span> <span class='ocrx_word' id='word_1_19' title='bbox 2153 501 2245 570; x_wconf 85' lang='lat' dir='ltr'><strong>qui</strong></span> <span class='ocrx_word' id='word_1_20' title='bbox 2283 502 2546 572; x_wconf 76' lang='lat' dir='ltr'><strong>virginem</strong></span> <span class='ocrx_word' id='word_1_21' title='bbox 2599 500 2762 555; x_wconf 79' lang='lat' dir='ltr'><strong>habet</strong></span> <span class='ocrx_word' id='word_1_22' title='bbox 2811 509 3136 556; x_wconf 81' lang='lat' dir='ltr'><strong>statuemus.</strong></span> <span class='ocrx_word' id='word_1_23' title='bbox 3168 498 3300 553; x_wconf 89' lang='lat' dir='ltr'><strong>Illud</strong></span> <span class='ocrx_word' id='word_1_24' title='bbox 3333 510 3513 554; x_wconf 84' lang='lat' dir='ltr'><strong>autem</strong></span> 
     </span>
    </p>
   </div>
   <div class='ocr_carea' id='block_1_6' title="bbox 291 583 1845 656">
    <p class='ocr_par' dir='ltr' id='par_1_6' title="bbox 291 583 1845 656">
     <span class='ocr_line' id='line_1_6' title="bbox 291 583 1845 656; baseline -0.006 -14"><span class='ocrx_word' id='word_1_25' title='bbox 291 590 500 642; x_wconf 78' lang='grc' dir='ltr'><strong>Ἐκεῖνο</strong></span> <span class='ocrx_word' id='word_1_26' title='bbox 546 586 601 640; x_wconf 80' lang='grc' dir='ltr'>δὲ</span> <span class='ocrx_word' id='word_1_27' title='bbox 639 585 732 638; x_wconf 83' lang='grc' dir='ltr'>νῦν</span> <span class='ocrx_word' id='word_1_28' title='bbox 773 583 1313 656; x_wconf 79' lang='grc' dir='ltr'>προδιομολογεῖσθαι</span> <span class='ocrx_word' id='word_1_29' title='bbox 1356 585 1486 654; x_wconf 77' lang='grc' dir='ltr'>ήιιίν</span> <span class='ocrx_word' id='word_1_30' title='bbox 1529 585 1845 650; x_wconf 82' lang='grc' dir='ltr'>ἀναγκαῖον,</span> 
     </span>
    </p>
   </div>
   <div class='ocr_carea' id='block_1_7' title="bbox 278 675 1846 750">
    <p class='ocr_par' dir='ltr' id='par_1_7' title="bbox 278 675 1846 750">
     <span class='ocr_line' id='line_1_7' title="bbox 278 675 1846 750; baseline -0.004 -18"><span class='ocrx_word' id='word_1_31' title='bbox 278 681 362 732; x_wconf 78' lang='grc' dir='ltr'><strong>ὅτι</strong></span> <span class='ocrx_word' id='word_1_32' title='bbox 398 679 663 750; x_wconf 75' lang='grc' dir='ltr'><strong>παρθένος</strong></span> <span class='ocrx_word' id='word_1_33' title='bbox 711 679 1104 748; x_wconf 73' lang='grc' dir='ltr'>ὁνομάζεται,ή</span> <span class='ocrx_word' id='word_1_34' title='bbox 1151 675 1414 739; x_wconf 75' lang='grc' dir='ltr'><strong>ἑκουσίως</strong></span> <span class='ocrx_word' id='word_1_35' title='bbox 1451 677 1648 746; x_wconf 73' lang='grc' dir='ltr'>ἑαυτὴν</span> <span class='ocrx_word' id='word_1_36' title='bbox 1680 692 1846 745; x_wconf 77' lang='grc' dir='ltr'>προσο</span> 
     </span>
    </p>
   </div>
   <div class='ocr_carea' id='block_1_8' title="bbox 275 765 1844 841">
    <p class='ocr_par' dir='ltr' id='par_1_8' title="bbox 275 765 1844 841">
     <span class='ocr_line' id='line_1_8' title="bbox 275 765 1844 841; baseline -0.004 -17"><span class='ocrx_word' id='word_1_37' title='bbox 275 768 562 841; x_wconf 60' lang='grc' dir='ltr'>αγαγοὼα</span> <span class='ocrx_word' id='word_1_38' title='bbox 617 767 693 838; x_wconf 79' lang='grc' dir='ltr'>τῷ</span> <span class='ocrx_word' id='word_1_39' title='bbox 750 767 952 839; x_wconf 81' lang='grc' dir='ltr'>Κυρίῳ,</span> <span class='ocrx_word' id='word_1_40' title='bbox 1001 771 1090 820; x_wconf 76' lang='grc' dir='ltr'>καὶ</span> <span class='ocrx_word' id='word_1_41' title='bbox 1139 767 1522 835; x_wconf 80' lang='grc' dir='ltr'><strong>ἀποταξαμένη</strong></span> <span class='ocrx_word' id='word_1_42' title='bbox 1551 765 1628 835; x_wconf 80' lang='grc' dir='ltr'><strong>τῷ</strong></span> <span class='ocrx_word' id='word_1_43' title='bbox 1662 766 1844 836; x_wconf 83' lang='grc' dir='ltr'>γάμῳ,</span> 
     </span>
    </p>
   </div>
   <div class='ocr_carea' id='block_1_9' title="bbox 277 855 1850 929">
    <p class='ocr_par' dir='ltr' id='par_1_9' title="bbox 277 855 1850 929">
     <span class='ocr_line' id='line_1_9' title="bbox 277 855 1850 929; baseline -0.004 -14"><span class='ocrx_word' id='word_1_44' title='bbox 277 865 372 916; x_wconf 73' lang='grc' dir='ltr'>καὶ</span> <span class='ocrx_word' id='word_1_45' title='bbox 400 864 488 916; x_wconf 79' lang='grc' dir='ltr'><strong>τὸν</strong></span> <span class='ocrx_word' id='word_1_46' title='bbox 507 864 565 914; x_wconf 79' lang='grc' dir='ltr'><strong>έν</strong></span> <span class='ocrx_word' id='word_1_47' title='bbox 598 859 852 929; x_wconf 80' lang='grc' dir='ltr'><strong>ἁγιασμῷ</strong></span> <span class='ocrx_word' id='word_1_48' title='bbox 890 859 1002 927; x_wconf 73' lang='grc' dir='ltr'>βίον</span> <span class='ocrx_word' id='word_1_49' title='bbox 1037 861 1442 929; x_wconf 76' lang='grc' dir='ltr'><strong>προτιμήσασα.</strong></span> <span class='ocrx_word' id='word_1_50' title='bbox 1481 855 1589 919; x_wconf 80' lang='grc' dir='ltr'><strong>Τὰς</strong></span> <span class='ocrx_word' id='word_1_51' title='bbox 1621 857 1678 909; x_wconf 86' lang='grc' dir='ltr'>δὲ</span> <span class='ocrx_word' id='word_1_52' title='bbox 1717 859 1850 926; x_wconf 84' lang='grc' dir='ltr'>ὁμο·-</span> 
     </span>
    </p>
   </div>
   <div class='ocr_carea' id='block_1_10' title="bbox 274 945 1848 1021">
    <p class='ocr_par' dir='ltr' id='par_1_10' title="bbox 274 945 1848 1021">
     <span class='ocr_line' id='line_1_10' title="bbox 274 945 1848 1021; baseline -0.004 -15"><span class='ocrx_word' id='word_1_53' title='bbox 274 953 464 1020; x_wconf 78' lang='grc' dir='ltr'>λογίας</span> <span class='ocrx_word' id='word_1_54' title='bbox 495 953 612 1004; x_wconf 82' lang='grc' dir='ltr'>τότε</span> <span class='ocrx_word' id='word_1_55' title='bbox 644 950 987 1021; x_wconf 84' lang='grc' dir='ltr'>ὲγκρίνομεν,</span> <span class='ocrx_word' id='word_1_56' title='bbox 1030 951 1121 1016; x_wconf 70' lang='grc' dir='ltr'>ἀφ’</span> <span class='ocrx_word' id='word_1_57' title='bbox 1152 945 1320 1018; x_wconf 65' lang='grc' dir='ltr'>οὗπερ</span> <span class='ocrx_word' id='word_1_58' title='bbox 1348 948 1413 1001; x_wconf 76' lang='grc' dir='ltr'>ἂν</span> <span class='ocrx_word' id='word_1_59' title='bbox 1442 950 1475 1019; x_wconf 85' lang='grc' dir='ltr'><strong>ή</strong></span> <span class='ocrx_word' id='word_1_60' title='bbox 1512 947 1694 1020; x_wconf 83' lang='grc' dir='ltr'>ήλικία</span> <span class='ocrx_word' id='word_1_61' title='bbox 1750 946 1848 1017; x_wconf 76' lang='grc' dir='ltr'><strong>τήν</strong></span> 
     </span>
    </p>
   </div>
   <div class='ocr_carea' id='block_1_11' title="bbox 278 1040 1847 1112">
    <p class='ocr_par' dir='ltr' id='par_1_11' title="bbox 278 1040 1847 1112">
     <span class='ocr_line' id='line_1_11' title="bbox 278 1040 1847 1112; baseline -0.003 -15"><span class='ocrx_word' id='word_1_62' title='bbox 278 1045 373 1098; x_wconf 74' lang='grc' dir='ltr'>τοῦ</span> <span class='ocrx_word' id='word_1_63' title='bbox 400 1043 558 1109; x_wconf 81' lang='grc' dir='ltr'><strong>λόγου</strong></span> <span class='ocrx_word' id='word_1_64' title='bbox 588 1042 979 1112; x_wconf 74' lang='grc' dir='ltr'><strong>συμπλήρωσιν</strong></span> <span class='ocrx_word' id='word_1_65' title='bbox 1008 1040 1118 1110; x_wconf 83' lang='grc'><strong>(75)</strong></span> <span class='ocrx_word' id='word_1_66' title='bbox 1139 1040 1258 1110; x_wconf 74' lang='grc' dir='ltr'><strong>ἔχῃ.</strong></span> <span class='ocrx_word' id='word_1_67' title='bbox 1292 1040 1427 1094; x_wconf 67' lang='grc' dir='ltr'><strong>οὐδὲ</strong></span> <span class='ocrx_word' id='word_1_68' title='bbox 1450 1041 1558 1110; x_wconf 84' lang='grc' dir='ltr'>γὰρ</span> <span class='ocrx_word' id='word_1_69' title='bbox 1584 1041 1680 1104; x_wconf 71' lang='grc' dir='ltr'>τὰς</span> <span class='ocrx_word' id='word_1_70' title='bbox 1718 1056 1847 1092; x_wconf 82' lang='grc' dir='ltr'>παι-</span> 
     </span>
    </p>
   </div>
   <div class='ocr_carea' id='block_1_12' title="bbox 277 1129 1851 1212">
    <p class='ocr_par' dir='ltr' id='par_1_12' title="bbox 277 1129 1851 1212">
     <span class='ocr_line' id='line_1_12' title="bbox 277 1129 1851 1212; baseline -0.003 -25"><span class='ocrx_word' id='word_1_71' title='bbox 277 1134 435 1197; x_wconf 67' lang='grc' dir='ltr'>δικὰς</span> <span class='ocrx_word' id='word_1_72' title='bbox 465 1132 646 1202; x_wconf 77' lang='grc' dir='ltr'>φωνὰς</span> <span class='ocrx_word' id='word_1_73' title='bbox 683 1131 899 1194; x_wconf 86' lang='grc' dir='ltr'>πάντως</span> <span class='ocrx_word' id='word_1_74' title='bbox 947 1130 1141 1201; x_wconf 83' lang='grc' dir='ltr'>κυρίας</span> <span class='ocrx_word' id='word_1_75' title='bbox 1175 1129 1268 1183; x_wconf 66' lang='grc' dir='ltr'><strong>ἐπὶ</strong></span> <span class='ocrx_word' id='word_1_76' title='bbox 1288 1129 1396 1212; x_wconf 67' lang='grc' dir='ltr'>τῶν</span> <span class='ocrx_word' id='word_1_77' title='bbox 1417 1131 1672 1184; x_wconf 73' lang='grc' dir='ltr'><strong>τοιούτων</strong></span> <span class='ocrx_word' id='word_1_78' title='bbox 1699 1131 1851 1200; x_wconf 73' lang='grc' dir='ltr'>ἡγεί-</span> 
     </span>
    </p>
   </div>
   <div class='ocr_carea' id='block_1_13' title="bbox 281 1221 1852 1292">
    <p class='ocr_par' dir='ltr' id='par_1_13' title="bbox 281 1221 1852 1292">
     <span class='ocr_line' id='line_1_13' title="bbox 281 1221 1852 1292; baseline -0.003 -14"><span class='ocrx_word' id='word_1_79' title='bbox 281 1225 404 1278; x_wconf 89' lang='grc' dir='ltr'>σθαι</span> <span class='ocrx_word' id='word_1_80' title='bbox 467 1225 762 1292; x_wconf 80' lang='grc' dir='ltr'>προσῆκεν,</span> <span class='ocrx_word' id='word_1_81' title='bbox 806 1221 942 1276; x_wconf 88' lang='grc' dir='ltr'><strong>ἀλλά</strong></span> <span class='ocrx_word' id='word_1_82' title='bbox 985 1221 1084 1290; x_wconf 79' lang='grc' dir='ltr'><strong>τήν</strong></span> <span class='ocrx_word' id='word_1_83' title='bbox 1114 1221 1255 1292; x_wconf 79' lang='grc' dir='ltr'>ὑπὲρ</span> <span class='ocrx_word' id='word_1_84' title='bbox 1283 1221 1349 1274; x_wconf 85' lang='grc' dir='ltr'><strong>τά</strong></span> <span class='ocrx_word' id='word_1_85' title='bbox 1379 1221 1511 1275; x_wconf 87' lang='grc' dir='ltr'>δέκα</span> <span class='ocrx_word' id='word_1_86' title='bbox 1542 1221 1603 1285; x_wconf 76' lang='grc' dir='ltr'><strong>ἒξ</strong></span> <span class='ocrx_word' id='word_1_87' title='bbox 1631 1222 1664 1290; x_wconf 78' lang='grc' dir='ltr'>ἦ</span> <span class='ocrx_word' id='word_1_88' title='bbox 1718 1221 1852 1274; x_wconf 84' lang='grc' dir='ltr'>δέκα</span> 
     </span>
    </p>
   </div>
   <div class='ocr_carea' id='block_1_14' title="bbox 278 1307 1848 1382">
    <p class='ocr_par' dir='ltr' id='par_1_14' title="bbox 278 1307 1848 1382">
     <span class='ocr_line' id='line_1_14' title="bbox 278 1307 1848 1382; baseline -0.001 -16"><span class='ocrx_word' id='word_1_89' title='bbox 278 1315 375 1367; x_wconf 72' lang='grc' dir='ltr'>καὶ</span> <span class='ocrx_word' id='word_1_90' title='bbox 397 1313 533 1366; x_wconf 82' lang='grc' dir='ltr'><strong>έπτά</strong></span> <span class='ocrx_word' id='word_1_91' title='bbox 555 1312 854 1382; x_wconf 83' lang='grc' dir='ltr'><strong>γενομένην</strong></span> <span class='ocrx_word' id='word_1_92' title='bbox 883 1311 1000 1380; x_wconf 70' lang='grc' dir='ltr'>ἐτη,</span> <span class='ocrx_word' id='word_1_93' title='bbox 1024 1310 1219 1382; x_wconf 77' lang='grc' dir='ltr'><strong>κυρίαν</strong></span> <span class='ocrx_word' id='word_1_94' title='bbox 1245 1307 1412 1364; x_wconf 80' lang='grc' dir='ltr'>οὖσαν</span> <span class='ocrx_word' id='word_1_95' title='bbox 1429 1310 1535 1364; x_wconf 86' lang='grc' dir='ltr'><strong>τῶν</strong></span> <span class='ocrx_word' id='word_1_96' title='bbox 1555 1310 1848 1381; x_wconf 75' lang='grc' dir='ltr'>λογισμῶν,</span> 
     </span>
    </p>
   </div>
   <div class='ocr_carea' id='block_1_15' title="bbox 279 1399 1852 1475">
    <p class='ocr_par' dir='ltr' id='par_1_15' title="bbox 279 1399 1852 1475">
     <span class='ocr_line' id='line_1_15' title="bbox 279 1399 1852 1475; baseline -0.001 -18"><span class='ocrx_word' id='word_1_97' title='bbox 279 1403 665 1475; x_wconf 82' lang='grc' dir='ltr'>ἀνακριθεῖσαν</span> <span class='ocrx_word' id='word_1_98' title='bbox 721 1403 814 1456; x_wconf 75' lang='grc' dir='ltr'><strong>ἐπὶ</strong></span> <span class='ocrx_word' id='word_1_99' title='bbox 865 1401 1066 1465; x_wconf 77' lang='grc' dir='ltr'>πλεῖον,</span> <span class='ocrx_word' id='word_1_100' title='bbox 1128 1399 1244 1456; x_wconf 77' lang='grc' dir='ltr'>εἷτα</span> <span class='ocrx_word' id='word_1_101' title='bbox 1271 1403 1704 1475; x_wconf 78' lang='grc' dir='ltr'>παραμείνασαν,</span> <span class='ocrx_word' id='word_1_102' title='bbox 1757 1401 1852 1455; x_wconf 81' lang='grc' dir='ltr'>καὶ</span> 
     </span>
    </p>
   </div>
   <div class='ocr_carea' id='block_1_16' title="bbox 281 1492 1850 1565">
    <p class='ocr_par' dir='ltr' id='par_1_16' title="bbox 281 1492 1850 1565">
     <span class='ocr_line' id='line_1_16' title="bbox 281 1492 1850 1565; baseline -0.001 -19"><span class='ocrx_word' id='word_1_103' title='bbox 281 1493 617 1564; x_wconf 80' lang='grc' dir='ltr'>λιπαροῦσαν</span> <span class='ocrx_word' id='word_1_104' title='bbox 651 1493 736 1545; x_wconf 65' lang='grc' dir='ltr'>διὰ</span> <span class='ocrx_word' id='word_1_105' title='bbox 764 1493 980 1546; x_wconf 71' lang='grc' dir='ltr'>ίκεσιῶν</span> <span class='ocrx_word' id='word_1_106' title='bbox 1011 1495 1144 1565; x_wconf 78' lang='grc' dir='ltr'>πρὸς</span> <span class='ocrx_word' id='word_1_107' title='bbox 1177 1493 1237 1546; x_wconf 75' lang='grc' dir='ltr'>τὸ</span> <span class='ocrx_word' id='word_1_108' title='bbox 1279 1494 1696 1564; x_wconf 77' lang='grc' dir='ltr'>παραδεκθῆναι,</span> <span class='ocrx_word' id='word_1_109' title='bbox 1729 1492 1850 1546; x_wconf 86' lang='grc' dir='ltr'>τότε</span> 
     </span>
    </p>
   </div>
   <div class='ocr_carea' id='block_1_17' title="bbox 282 1584 1852 1658">
    <p class='ocr_par' dir='ltr' id='par_1_17' title="bbox 282 1584 1852 1658">
     <span class='ocr_line' id='line_1_17' title="bbox 282 1584 1852 1658; baseline 0.001 -22"><span class='ocrx_word' id='word_1_110' title='bbox 282 1585 745 1655; x_wconf 78' lang='grc' dir='ltr'>ὲγκαταλέγεσθαι</span> <span class='ocrx_word' id='word_1_111' title='bbox 775 1585 879 1656; x_wconf 79' lang='grc' dir='ltr'><strong>χρὴ</strong></span> <span class='ocrx_word' id='word_1_112' title='bbox 915 1587 1031 1648; x_wconf 84' lang='grc' dir='ltr'>ταῖς</span> <span class='ocrx_word' id='word_1_113' title='bbox 1068 1584 1378 1656; x_wconf 79' lang='grc' dir='ltr'><strong>παρθένοις,</strong></span> <span class='ocrx_word' id='word_1_114' title='bbox 1403 1587 1496 1658; x_wconf 62' lang='grc' dir='ltr'>καὶ</span> <span class='ocrx_word' id='word_1_115' title='bbox 1534 1587 1632 1656; x_wconf 73' lang='grc' dir='ltr'>τὴν</span> <span class='ocrx_word' id='word_1_116' title='bbox 1661 1585 1852 1656; x_wconf 84' lang='grc' dir='ltr'>ὁμολο-</span> 
     </span>
    </p>
   </div>
   <div class='ocr_carea' id='block_1_18' title="bbox 280 1675 1852 1748">
    <p class='ocr_par' dir='ltr' id='par_1_18' title="bbox 280 1675 1852 1748">
     <span class='ocr_line' id='line_1_18' title="bbox 280 1675 1852 1748; baseline 0.003 -20"><span class='ocrx_word' id='word_1_117' title='bbox 280 1678 408 1744; x_wconf 89' lang='grc' dir='ltr'>γίαν</span> <span class='ocrx_word' id='word_1_118' title='bbox 452 1675 552 1745; x_wconf 84' lang='grc' dir='ltr'>τῆς</span> <span class='ocrx_word' id='word_1_119' title='bbox 603 1675 858 1746; x_wconf 79' lang='grc' dir='ltr'><strong>τοιαύτης</strong></span> <span class='ocrx_word' id='word_1_120' title='bbox 909 1675 1128 1746; x_wconf 78' lang='grc' dir='ltr'>κυροῦν,</span> <span class='ocrx_word' id='word_1_121' title='bbox 1166 1676 1259 1729; x_wconf 79' lang='grc' dir='ltr'>καὶ</span> <span class='ocrx_word' id='word_1_122' title='bbox 1292 1677 1388 1746; x_wconf 79' lang='grc' dir='ltr'><strong>τήν</strong></span> <span class='ocrx_word' id='word_1_123' title='bbox 1412 1677 1666 1746; x_wconf 77' lang='grc' dir='ltr'><strong>ἀθέτησιν</strong></span> <span class='ocrx_word' id='word_1_124' title='bbox 1683 1680 1852 1748; x_wconf 79' lang='grc' dir='ltr'>αὐτῆς</span> 
     </span>
    </p>
   </div>
   <div class='ocr_carea' id='block_1_19' title="bbox 281 1767 1851 1843">
    <p class='ocr_par' dir='ltr' id='par_1_19' title="bbox 281 1767 1851 1843">
     <span class='ocr_line' id='line_1_19' title="bbox 281 1767 1851 1843; baseline -0.001 -19"><span class='ocrx_word' id='word_1_125' title='bbox 281 1770 672 1840; x_wconf 77' lang='grc' dir='ltr'><strong>ἀπαραιτήτως</strong></span> <span class='ocrx_word' id='word_1_126' title='bbox 720 1767 987 1830; x_wconf 74' lang='grc' dir='ltr'>κολάζειν.</span> <span class='ocrx_word' id='word_1_127' title='bbox 1027 1768 1232 1831; x_wconf 73' lang='grc' dir='ltr'>Πολλὰς</span> <span class='ocrx_word' id='word_1_128' title='bbox 1285 1768 1394 1839; x_wconf 77' lang='grc' dir='ltr'>γὰρ</span> <span class='ocrx_word' id='word_1_129' title='bbox 1454 1773 1630 1836; x_wconf 85' lang='grc' dir='ltr'>γονεῖς</span> <span class='ocrx_word' id='word_1_130' title='bbox 1681 1789 1851 1843; x_wconf 84' lang='grc' dir='ltr'>προσ-</span> 
     </span>
    </p>
   </div>
   <div class='ocr_carea' id='block_1_20' title="bbox 1956 593 3512 653">
    <p class='ocr_par' dir='ltr' id='par_1_20' title="bbox 1956 593 3512 653">
     <span class='ocr_line' id='line_1_20' title="bbox 1956 593 3512 653; baseline 0 -8"><span class='ocrx_word' id='word_1_131' title='bbox 1956 607 2100 647; x_wconf 92' lang='lat' dir='ltr'><strong>nunc</strong></span> <span class='ocrx_word' id='word_1_132' title='bbox 2148 593 2202 646; x_wconf 91' lang='lat' dir='ltr'><strong>in</strong></span> <span class='ocrx_word' id='word_1_133' title='bbox 2250 602 2594 648; x_wconf 73' lang='lat' dir='ltr'><strong>antecessum</strong></span> <span class='ocrx_word' id='word_1_134' title='bbox 2655 603 2890 648; x_wconf 90' lang='lat' dir='ltr'><strong>statuere</strong></span> <span class='ocrx_word' id='word_1_135' title='bbox 2945 593 3104 647; x_wconf 87' lang='lat' dir='ltr'><strong>nobis</strong></span> <span class='ocrx_word' id='word_1_136' title='bbox 3135 607 3358 648; x_wconf 89' lang='lat' dir='ltr'><strong>necesse</strong></span> <span class='ocrx_word' id='word_1_137' title='bbox 3391 603 3512 653; x_wconf 87' lang='lat' dir='ltr'><strong>est,</strong></span> 
     </span>
    </p>
   </div>
   <div class='ocr_carea' id='block_1_21' title="bbox 1956 679 3520 751">
    <p class='ocr_par' dir='ltr' id='par_1_21' title="bbox 1956 679 3520 751">
     <span class='ocr_line' id='line_1_21' title="bbox 1956 679 3520 751; baseline -0.001 -17"><span class='ocrx_word' id='word_1_138' title='bbox 1956 681 2216 750; x_wconf 88' lang='lat' dir='ltr'><strong>virginem</strong></span> <span class='ocrx_word' id='word_1_139' title='bbox 2267 683 2493 745; x_wconf 86' lang='lat' dir='ltr'><strong>vocari,</strong></span> <span class='ocrx_word' id='word_1_140' title='bbox 2542 696 2661 751; x_wconf 70' lang='lat' dir='ltr'><strong>qua:</strong></span> <span class='ocrx_word' id='word_1_141' title='bbox 2716 697 2776 736; x_wconf 85' lang='lat' dir='ltr'><strong>se</strong></span> <span class='ocrx_word' id='word_1_142' title='bbox 2823 696 2921 737; x_wconf 87' lang='lat' dir='ltr'><strong>sua</strong></span> <span class='ocrx_word' id='word_1_143' title='bbox 2953 688 3146 750; x_wconf 85' lang='lat' dir='ltr'><strong>sponte</strong></span> <span class='ocrx_word' id='word_1_144' title='bbox 3186 681 3383 735; x_wconf 85' lang='lat' dir='ltr'><strong>obtulit</strong></span> <span class='ocrx_word' id='word_1_145' title='bbox 3416 679 3520 733; x_wconf 83' lang='lat' dir='ltr'><strong>Do-</strong></span> 
     </span>
    </p>
   </div>
   <div class='ocr_carea' id='block_1_22' title="bbox 1959 773 3520 843">
    <p class='ocr_par' dir='ltr' id='par_1_22' title="bbox 1959 773 3520 843">
     <span class='ocr_line' id='line_1_22' title="bbox 1959 773 3520 843; baseline -0.002 -17"><span class='ocrx_word' id='word_1_146' title='bbox 1959 774 2126 834; x_wconf 86' lang='lat' dir='ltr'><strong>mino,</strong></span> <span class='ocrx_word' id='word_1_147' title='bbox 2167 789 2230 828; x_wconf 88' lang='lat' dir='ltr'><strong>ac</strong></span> <span class='ocrx_word' id='word_1_148' title='bbox 2260 775 2511 828; x_wconf 89' lang='lat' dir='ltr'><strong>nuntium</strong></span> <span class='ocrx_word' id='word_1_149' title='bbox 2557 773 2762 843; x_wconf 87' lang='lat' dir='ltr'><strong>nuptiis</strong></span> <span class='ocrx_word' id='word_1_150' title='bbox 2794 773 3033 831; x_wconf 86' lang='lat' dir='ltr'><strong>remisit.</strong></span> <span class='ocrx_word' id='word_1_151' title='bbox 3065 783 3118 826; x_wconf 91' lang='lat' dir='ltr'><strong>et</strong></span> <span class='ocrx_word' id='word_1_152' title='bbox 3148 773 3520 826; x_wconf 69' lang='lat' dir='ltr'><strong>sanctimoniae</strong></span> 
     </span>
    </p>
   </div>
   <div class='ocr_carea' id='block_1_23' title="bbox 1958 861 3520 933">
    <p class='ocr_par' dir='ltr' id='par_1_23' title="bbox 1958 861 3520 933">
     <span class='ocr_line' id='line_1_23' title="bbox 1958 861 3520 933; baseline -0.001 -15"><span class='ocrx_word' id='word_1_153' title='bbox 1958 864 2266 919; x_wconf 77' lang='lat' dir='ltr'><strong>institutum</strong></span> <span class='ocrx_word' id='word_1_154' title='bbox 2323 866 2569 933; x_wconf 74' lang='lat' dir='ltr'><strong>amplexa</strong></span> <span class='ocrx_word' id='word_1_155' title='bbox 2647 873 2750 918; x_wconf 87' lang='lat' dir='ltr'><strong>est.</strong></span> <span class='ocrx_word' id='word_1_156' title='bbox 2807 861 3182 918; x_wconf 81' lang='lat' dir='ltr'><strong>Professiones</strong></span> <span class='ocrx_word' id='word_1_157' title='bbox 3226 873 3404 917; x_wconf 87' lang='lat' dir='ltr'><strong>autem</strong></span> <span class='ocrx_word' id='word_1_158' title='bbox 3451 864 3520 916; x_wconf 87' lang='lat' dir='ltr'><strong>ab</strong></span> 
     </span>
    </p>
   </div>
   <div class='ocr_carea' id='block_1_24' title="bbox 1955 950 3518 1020">
    <p class='ocr_par' dir='ltr' id='par_1_24' title="bbox 1955 950 3518 1020">
     <span class='ocr_line' id='line_1_24' title="bbox 1955 950 3518 1020; baseline -0.001 -14"><span class='ocrx_word' id='word_1_159' title='bbox 1955 967 2020 1006; x_wconf 86' lang='lat' dir='ltr'><strong>co</strong></span> <span class='ocrx_word' id='word_1_160' title='bbox 2071 961 2311 1020; x_wconf 89' lang='lat' dir='ltr'><strong>tempore</strong></span> <span class='ocrx_word' id='word_1_161' title='bbox 2339 952 2716 1015; x_wconf 87' lang='lat' dir='ltr'><strong>admittimus,</strong></span> <span class='ocrx_word' id='word_1_162' title='bbox 2772 966 2880 1020; x_wconf 91' lang='lat' dir='ltr'><strong>quo</strong></span> <span class='ocrx_word' id='word_1_163' title='bbox 2909 962 3040 1006; x_wconf 61' lang='lat' dir='ltr'><strong>astas</strong></span> <span class='ocrx_word' id='word_1_164' title='bbox 3095 950 3321 1004; x_wconf 77' lang='lat' dir='ltr'><strong>rationis</strong></span> <span class='ocrx_word' id='word_1_165' title='bbox 3365 966 3518 1004; x_wconf 52' lang='lat' dir='ltr'><strong>com.</strong></span> 
     </span>
    </p>
   </div>
   <div class='ocr_carea' id='block_1_25' title="bbox 1956 1037 3519 1110">
    <p class='ocr_par' dir='ltr' id='par_1_25' title="bbox 1956 1037 3519 1110">
     <span class='ocr_line' id='line_1_25' title="bbox 1956 1037 3519 1110; baseline -0.003 -17"><span class='ocrx_word' id='word_1_166' title='bbox 1956 1040 2284 1110; x_wconf 90' lang='lat' dir='ltr'><strong>plementum</strong></span> <span class='ocrx_word' id='word_1_167' title='bbox 2341 1040 2614 1093; x_wconf 77' lang='lat' dir='ltr'><strong>habuerit.</strong></span> <span class='ocrx_word' id='word_1_168' title='bbox 2664 1037 2850 1108; x_wconf 83' lang='lat' dir='ltr'><strong>Neque</strong></span> <span class='ocrx_word' id='word_1_169' title='bbox 2900 1038 3043 1093; x_wconf 90' lang='lat' dir='ltr'><strong>enim</strong></span> <span class='ocrx_word' id='word_1_170' title='bbox 3080 1037 3316 1106; x_wconf 88' lang='lat' dir='ltr'><strong>pueriles</strong></span> <span class='ocrx_word' id='word_1_171' title='bbox 3361 1052 3519 1090; x_wconf 90' lang='lat' dir='ltr'><strong>voces</strong></span> 
     </span>
    </p>
   </div>
   <div class='ocr_carea' id='block_1_26' title="bbox 1954 1129 3518 1200">
    <p class='ocr_par' dir='ltr' id='par_1_26' title="bbox 1954 1129 3518 1200">
     <span class='ocr_line' id='line_1_26' title="bbox 1954 1129 3518 1200; baseline -0.004 -14"><span class='ocrx_word' id='word_1_172' title='bbox 1954 1132 2180 1186; x_wconf 85' lang='lat' dir='ltr'><strong>omnino</strong></span> <span class='ocrx_word' id='word_1_173' title='bbox 2235 1139 2383 1186; x_wconf 83' lang='lat' dir='ltr'><strong>ratas</strong></span> <span class='ocrx_word' id='word_1_174' title='bbox 2442 1130 2498 1184; x_wconf 90' lang='lat' dir='ltr'><strong>in</strong></span> <span class='ocrx_word' id='word_1_175' title='bbox 2543 1130 2813 1200; x_wconf 84' lang='lat' dir='ltr'><strong>ejusmodi</strong></span> <span class='ocrx_word' id='word_1_176' title='bbox 2860 1129 3021 1183; x_wconf 86' lang='lat' dir='ltr'><strong>rebus</strong></span> <span class='ocrx_word' id='word_1_177' title='bbox 3077 1129 3273 1182; x_wconf 84' lang='lat' dir='ltr'><strong>habere</strong></span> <span class='ocrx_word' id='word_1_178' title='bbox 3321 1141 3518 1180; x_wconf 86' lang='lat' dir='ltr'><strong>conve-</strong></span> 
     </span>
    </p>
   </div>
   <div class='ocr_carea' id='block_1_27' title="bbox 1953 1217 3518 1292">
    <p class='ocr_par' dir='ltr' id='par_1_27' title="bbox 1953 1217 3518 1292">
     <span class='ocr_line' id='line_1_27' title="bbox 1953 1217 3518 1292; baseline -0.003 -18"><span class='ocrx_word' id='word_1_179' title='bbox 1953 1221 2034 1274; x_wconf 87' lang='lat' dir='ltr'><strong>nit</strong></span> <span class='ocrx_word' id='word_1_180' title='bbox 2082 1236 2096 1272; x_wconf 88' lang='lat'><strong>:</strong></span> <span class='ocrx_word' id='word_1_181' title='bbox 2145 1221 2240 1276; x_wconf 89' lang='lat' dir='ltr'><strong>sed</strong></span> <span class='ocrx_word' id='word_1_182' title='bbox 2300 1237 2420 1292; x_wconf 63' lang='lat' dir='ltr'><strong>quae</strong></span> <span class='ocrx_word' id='word_1_183' title='bbox 2454 1237 2619 1291; x_wconf 80' lang='lat' dir='ltr'><strong>supra</strong></span> <span class='ocrx_word' id='word_1_184' title='bbox 2668 1218 2940 1275; x_wconf 75' lang='lat' dir='ltr'><strong>sexdecim</strong></span> <span class='ocrx_word' id='word_1_185' title='bbox 2999 1218 3082 1272; x_wconf 91' lang='lat' dir='ltr'><strong>vel</strong></span> <span class='ocrx_word' id='word_1_186' title='bbox 3134 1217 3518 1286; x_wconf 82' lang='lat' dir='ltr'><strong>septemdecim</strong></span> 
     </span>
    </p>
   </div>
   <div class='ocr_carea' id='block_1_28' title="bbox 1954 1311 3517 1375">
    <p class='ocr_par' dir='ltr' id='par_1_28' title="bbox 1954 1311 3517 1375">
     <span class='ocr_line' id='line_1_28' title="bbox 1954 1311 3517 1375; baseline -0.001 -12"><span class='ocrx_word' id='word_1_187' title='bbox 1954 1325 2129 1365; x_wconf 88' lang='lat' dir='ltr'><strong>annos</strong></span> <span class='ocrx_word' id='word_1_188' title='bbox 2175 1320 2300 1364; x_wconf 90' lang='lat' dir='ltr'><strong>nata</strong></span> <span class='ocrx_word' id='word_1_189' title='bbox 2335 1350 2350 1375; x_wconf 90' lang='lat'><strong>,</strong></span> <span class='ocrx_word' id='word_1_190' title='bbox 2403 1311 2880 1366; x_wconf 77' lang='lat' dir='ltr'><strong>ratiocinationem</strong></span> <span class='ocrx_word' id='word_1_191' title='bbox 2905 1326 3127 1366; x_wconf 90' lang='lat' dir='ltr'><strong>suarum</strong></span> <span class='ocrx_word' id='word_1_192' title='bbox 3159 1311 3360 1364; x_wconf 69' lang='lat' dir='ltr'><strong>arbitra</strong></span> <span class='ocrx_word' id='word_1_193' title='bbox 3384 1350 3399 1374; x_wconf 93' lang='lat'><strong>,</strong></span> <span class='ocrx_word' id='word_1_194' title='bbox 3427 1311 3517 1364; x_wconf 91' lang='lat' dir='ltr'><strong>diu</strong></span> 
     </span>
    </p>
   </div>
   <div class='ocr_carea' id='block_1_29' title="bbox 1953 1402 3519 1472">
    <p class='ocr_par' dir='ltr' id='par_1_29' title="bbox 1953 1402 3519 1472">
     <span class='ocr_line' id='line_1_29' title="bbox 1953 1402 3519 1472; baseline 0 -18"><span class='ocrx_word' id='word_1_195' title='bbox 1953 1402 2258 1455; x_wconf 77' lang='lat' dir='ltr'><strong>examinata</strong></span> <span class='ocrx_word' id='word_1_196' title='bbox 2309 1417 2372 1456; x_wconf 94' lang='lat' dir='ltr'><strong>ac</strong></span> <span class='ocrx_word' id='word_1_197' title='bbox 2404 1403 2626 1472; x_wconf 88' lang='lat' dir='ltr'><strong>probata</strong></span> <span class='ocrx_word' id='word_1_198' title='bbox 2659 1443 2674 1468; x_wconf 92' lang='lat'><strong>,</strong></span> <span class='ocrx_word' id='word_1_199' title='bbox 2729 1402 2990 1471; x_wconf 87' lang='lat' dir='ltr'><strong>deinceps</strong></span> <span class='ocrx_word' id='word_1_200' title='bbox 3035 1402 3435 1470; x_wconf 82' lang='lat' dir='ltr'><strong>perseveravit,</strong></span> <span class='ocrx_word' id='word_1_201' title='bbox 3466 1411 3519 1454; x_wconf 90' lang='lat' dir='ltr'><strong>et</strong></span> 
     </span>
    </p>
   </div>
   <div class='ocr_carea' id='block_1_30' title="bbox 1955 1490 3515 1562">
    <p class='ocr_par' dir='ltr' id='par_1_30' title="bbox 1955 1490 3515 1562">
     <span class='ocr_line' id='line_1_30' title="bbox 1955 1490 3515 1562; baseline -0.001 -17"><span class='ocrx_word' id='word_1_202' title='bbox 1955 1499 2016 1545; x_wconf 90' lang='lat' dir='ltr'><strong>ut</strong></span> <span class='ocrx_word' id='word_1_203' title='bbox 2067 1492 2386 1544; x_wconf 81' lang='lat' dir='ltr'><strong>admittatur</strong></span> <span class='ocrx_word' id='word_1_204' title='bbox 2436 1501 2752 1547; x_wconf 79' lang='lat' dir='ltr'><strong>constanter</strong></span> <span class='ocrx_word' id='word_1_205' title='bbox 2808 1491 3078 1562; x_wconf 75' lang='lat' dir='ltr'><strong>rogaverit</strong></span> <span class='ocrx_word' id='word_1_206' title='bbox 3107 1531 3122 1554; x_wconf 90' lang='lat'><strong>,</strong></span> <span class='ocrx_word' id='word_1_207' title='bbox 3156 1501 3268 1543; x_wconf 90' lang='lat' dir='ltr'><strong>tum</strong></span> <span class='ocrx_word' id='word_1_208' title='bbox 3302 1490 3515 1543; x_wconf 86' lang='lat' dir='ltr'><strong>demum</strong></span> 
     </span>
    </p>
   </div>
   <div class='ocr_carea' id='block_1_31' title="bbox 1955 1581 3517 1652">
    <p class='ocr_par' dir='ltr' id='par_1_31' title="bbox 1955 1581 3517 1652">
     <span class='ocr_line' id='line_1_31' title="bbox 1955 1581 3517 1652; baseline -0.003 -15"><span class='ocrx_word' id='word_1_209' title='bbox 1955 1583 2098 1637; x_wconf 88' lang='lat' dir='ltr'><strong>inter</strong></span> <span class='ocrx_word' id='word_1_210' title='bbox 2145 1583 2384 1652; x_wconf 78' lang='lat' dir='ltr'><strong>virgines</strong></span> <span class='ocrx_word' id='word_1_211' title='bbox 2442 1583 2763 1650; x_wconf 89' lang='lat' dir='ltr'><strong>referenda,</strong></span> <span class='ocrx_word' id='word_1_212' title='bbox 2824 1583 3054 1652; x_wconf 85' lang='lat' dir='ltr'><strong>ejusque</strong></span> <span class='ocrx_word' id='word_1_213' title='bbox 3105 1592 3219 1636; x_wconf 89' lang='lat' dir='ltr'><strong>rata</strong></span> <span class='ocrx_word' id='word_1_214' title='bbox 3271 1581 3517 1645; x_wconf 75' lang='lat' dir='ltr'><strong>habenda</strong></span> 
     </span>
    </p>
   </div>
   <div class='ocr_carea' id='block_1_32' title="bbox 1953 1672 3522 1744">
    <p class='ocr_par' dir='ltr' id='par_1_32' title="bbox 1953 1672 3522 1744">
     <span class='ocr_line' id='line_1_32' title="bbox 1953 1672 3522 1744; baseline -0.001 -18"><span class='ocrx_word' id='word_1_215' title='bbox 1953 1673 2243 1744; x_wconf 88' lang='lat' dir='ltr'><strong>professio,</strong></span> <span class='ocrx_word' id='word_1_216' title='bbox 2277 1688 2342 1727; x_wconf 90' lang='lat' dir='ltr'><strong>ac</strong></span> <span class='ocrx_word' id='word_1_217' title='bbox 2371 1673 2518 1728; x_wconf 92' lang='lat' dir='ltr'><strong>illius</strong></span> <span class='ocrx_word' id='word_1_218' title='bbox 2565 1675 2786 1729; x_wconf 86' lang='lat' dir='ltr'><strong>violatio</strong></span> <span class='ocrx_word' id='word_1_219' title='bbox 2839 1673 3248 1728; x_wconf 80' lang='lat' dir='ltr'><strong>inexorabiliter</strong></span> <span class='ocrx_word' id='word_1_220' title='bbox 3292 1672 3522 1741; x_wconf 90' lang='lat' dir='ltr'><strong>punien—</strong></span> 
     </span>
    </p>
   </div>
   <div class='ocr_carea' id='block_1_33' title="bbox 1953 1763 3518 1833">
    <p class='ocr_par' dir='ltr' id='par_1_33' title="bbox 1953 1763 3518 1833">
     <span class='ocr_line' id='line_1_33' title="bbox 1953 1763 3518 1833; baseline -0.003 -14"><span class='ocrx_word' id='word_1_221' title='bbox 1953 1764 2043 1819; x_wconf 90' lang='lat' dir='ltr'><strong>da.</strong></span> <span class='ocrx_word' id='word_1_222' title='bbox 2077 1763 2271 1818; x_wconf 78' lang='lat' dir='ltr'><strong>Multas</strong></span> <span class='ocrx_word' id='word_1_223' title='bbox 2303 1765 2446 1818; x_wconf 69' lang='lat' dir='ltr'><strong>enim</strong></span> <span class='ocrx_word' id='word_1_224' title='bbox 2499 1773 2746 1833; x_wconf 86' lang='lat' dir='ltr'><strong>parentes</strong></span> <span class='ocrx_word' id='word_1_225' title='bbox 2795 1764 3073 1818; x_wconf 87' lang='lat' dir='ltr'><strong>adducunt</strong></span> <span class='ocrx_word' id='word_1_226' title='bbox 3120 1774 3172 1818; x_wconf 91' lang='lat' dir='ltr'><strong>et</strong></span> <span class='ocrx_word' id='word_1_227' title='bbox 3225 1763 3424 1817; x_wconf 79' lang='lat' dir='ltr'><strong>fratres</strong></span> <span class='ocrx_word' id='word_1_228' title='bbox 3464 1771 3518 1817; x_wconf 83' lang='lat' dir='ltr'><strong>ct</strong></span> 
     </span>
    </p>
   </div>
   <div class='ocr_carea' id='block_1_34' title="bbox 280 1856 1846 1929">
    <p class='ocr_par' dir='ltr' id='par_1_34' title="bbox 280 1857 1846 1929">
     <span class='ocr_line' id='line_1_34' title="bbox 280 1857 1846 1929; baseline 0.001 -16"><span class='ocrx_word' id='word_1_229' title='bbox 280 1861 475 1926; x_wconf 83' lang='grc' dir='ltr'>άγουσι</span> <span class='ocrx_word' id='word_1_230' title='bbox 530 1860 624 1912; x_wconf 76' lang='grc' dir='ltr'>καὶ</span> <span class='ocrx_word' id='word_1_231' title='bbox 673 1857 911 1926; x_wconf 78' lang='grc' dir='ltr'>ἀδελφοὶ,</span> <span class='ocrx_word' id='word_1_232' title='bbox 972 1860 1066 1912; x_wconf 73' lang='grc' dir='ltr'><strong>καὶ</strong></span> <span class='ocrx_word' id='word_1_233' title='bbox 1115 1860 1225 1912; x_wconf 82' lang='grc' dir='ltr'><strong>τῶν</strong></span> <span class='ocrx_word' id='word_1_234' title='bbox 1281 1861 1666 1929; x_wconf 80' lang='grc' dir='ltr'>προσηκόντων</span> <span class='ocrx_word' id='word_1_235' title='bbox 1706 1863 1846 1925; x_wconf 69' lang='grc' dir='ltr'>τινες</span> 
     </span>
    </p>
   </div>
   <div class='ocr_carea' id='block_1_35' title="bbox 1950 1856 3518 1929">
    <p class='ocr_par' dir='ltr' id='par_1_35' title="bbox 1955 1856 3518 1925">
     <span class='ocr_line' id='line_1_35' title="bbox 1955 1856 3518 1925; baseline -0.001 -17"><span class='ocrx_word' id='word_1_236' title='bbox 1955 1857 2386 1925; x_wconf 90' lang='lat' dir='ltr'><strong>propinquorum</strong></span> <span class='ocrx_word' id='word_1_237' title='bbox 2449 1856 2694 1909; x_wconf 92' lang='lat' dir='ltr'><strong>nonnulli</strong></span> <span class='ocrx_word' id='word_1_238' title='bbox 2758 1863 2882 1910; x_wconf 85' lang='lat' dir='ltr'><strong>ante</strong></span> <span class='ocrx_word' id='word_1_239' title='bbox 2944 1864 3199 1918; x_wconf 69' lang='lat' dir='ltr'><strong>aetatem,</strong></span> <span class='ocrx_word' id='word_1_240' title='bbox 3259 1870 3366 1908; x_wconf 90' lang='lat' dir='ltr'><strong>non</strong></span> <span class='ocrx_word' id='word_1_241' title='bbox 3420 1871 3518 1910; x_wconf 89' lang='lat' dir='ltr'><strong>sua</strong></span> 
     </span>
    </p>
   </div>
   <div class='ocr_carea' id='block_1_36' title="bbox 279 1950 1849 2022">
    <p class='ocr_par' dir='ltr' id='par_1_36' title="bbox 279 1950 1849 2022">
     <span class='ocr_line' id='line_1_36' title="bbox 279 1950 1849 2022; baseline 0.002 -20"><span class='ocrx_word' id='word_1_242' title='bbox 279 1951 387 2021; x_wconf 83' lang='grc' dir='ltr'>πρὸ</span> <span class='ocrx_word' id='word_1_243' title='bbox 417 1950 517 2020; x_wconf 78' lang='grc' dir='ltr'>τῆς</span> <span class='ocrx_word' id='word_1_244' title='bbox 553 1951 787 2020; x_wconf 79' lang='grc' dir='ltr'>ἡλικίας,</span> <span class='ocrx_word' id='word_1_245' title='bbox 823 1952 920 2003; x_wconf 69' lang='grc' dir='ltr'>οὐκ</span> <span class='ocrx_word' id='word_1_246' title='bbox 947 1951 1154 2003; x_wconf 77' lang='grc' dir='ltr'>οἴκοθεν</span> <span class='ocrx_word' id='word_1_247' title='bbox 1187 1951 1520 2022; x_wconf 85' lang='grc' dir='ltr'>ὁρμηθείσας</span> <span class='ocrx_word' id='word_1_248' title='bbox 1550 1952 1683 2021; x_wconf 72' lang='grc' dir='ltr'>πρὸς</span> <span class='ocrx_word' id='word_1_249' title='bbox 1709 1954 1849 2020; x_wconf 72' lang='grc' dir='ltr'>ἀγα-</span> 
     </span>
    </p>
   </div>
   <div class='ocr_carea' id='block_1_37' title="bbox 281 2041 1848 2113">
    <p class='ocr_par' dir='ltr' id='par_1_37' title="bbox 281 2041 1848 2113">
     <span class='ocr_line' id='line_1_37' title="bbox 281 2041 1848 2113; baseline 0.003 -19"><span class='ocrx_word' id='word_1_250' title='bbox 281 2043 435 2112; x_wconf 88' lang='grc' dir='ltr'>μίαν,</span> <span class='ocrx_word' id='word_1_251' title='bbox 460 2043 594 2096; x_wconf 83' lang='grc' dir='ltr'><strong>ἀλλά</strong></span> <span class='ocrx_word' id='word_1_252' title='bbox 623 2060 675 2094; x_wconf 88' lang='grc' dir='ltr'>τι</span> <span class='ocrx_word' id='word_1_253' title='bbox 702 2041 950 2112; x_wconf 80' lang='grc' dir='ltr'>βιωτικδν</span> <span class='ocrx_word' id='word_1_254' title='bbox 988 2043 1199 2105; x_wconf 74' lang='grc' dir='ltr'>ἑαυτοῖς</span> <span class='ocrx_word' id='word_1_255' title='bbox 1240 2041 1617 2113; x_wconf 82' lang='grc' dir='ltr'>διοικούμενοι.</span> <span class='ocrx_word' id='word_1_256' title='bbox 1655 2046 1752 2107; x_wconf 71' lang='grc' dir='ltr'>Ἀς</span> <span class='ocrx_word' id='word_1_257' title='bbox 1788 2044 1848 2098; x_wconf 83' lang='grc' dir='ltr'>οὐ</span> 
     </span>
    </p>
   </div>
   <div class='ocr_carea' id='block_1_38' title="bbox 279 2129 1852 2203">
    <p class='ocr_par' dir='ltr' id='par_1_38' title="bbox 279 2129 1852 2203">
     <span class='ocr_line' id='line_1_38' title="bbox 279 2129 1852 2203; baseline 0.003 -21"><span class='ocrx_word' id='word_1_258' title='bbox 279 2131 479 2201; x_wconf 76' lang='grc' dir='ltr'>ῥᾳδίως</span> <span class='ocrx_word' id='word_1_259' title='bbox 513 2130 904 2199; x_wconf 82' lang='grc' dir='ltr'>προσδέχεσθαι</span> <span class='ocrx_word' id='word_1_260' title='bbox 940 2130 1039 2194; x_wconf 77' lang='grc' dir='ltr'>δεῖ,</span> <span class='ocrx_word' id='word_1_261' title='bbox 1086 2129 1188 2194; x_wconf 70' lang='grc' dir='ltr'>ἕως</span> <span class='ocrx_word' id='word_1_262' title='bbox 1225 2131 1290 2185; x_wconf 82' lang='grc' dir='ltr'>ἂν</span> <span class='ocrx_word' id='word_1_263' title='bbox 1318 2131 1563 2203; x_wconf 82' lang='grc' dir='ltr'>φανερῶς</span> <span class='ocrx_word' id='word_1_264' title='bbox 1590 2131 1688 2202; x_wconf 78' lang='grc' dir='ltr'><strong>τήν</strong></span> <span class='ocrx_word' id='word_1_265' title='bbox 1715 2131 1852 2186; x_wconf 82' lang='grc' dir='ltr'>ίδίαν</span> 
     </span>
    </p>
   </div>
   <div class='ocr_carea' id='block_1_39' title="bbox 274 2218 1151 2290">
    <p class='ocr_par' dir='ltr' id='par_1_39' title="bbox 274 2218 1151 2290">
     <span class='ocr_line' id='line_1_39' title="bbox 274 2218 1151 2290; baseline 0.001 -17"><span class='ocrx_word' id='word_1_266' title='bbox 274 2223 458 2273; x_wconf 62' lang='grc' dir='ltr'>αὐτῶν</span> <span class='ocrx_word' id='word_1_267' title='bbox 502 2221 774 2290; x_wconf 74' lang='grc' dir='ltr'>ερευνήσω</span> <span class='ocrx_word' id='word_1_268' title='bbox 782 2236 879 2289; x_wconf 81' lang='grc' dir='ltr'><strong>μεν</strong></span> <span class='ocrx_word' id='word_1_269' title='bbox 905 2218 1151 2290; x_wconf 83' lang='grc' dir='ltr'>γνώμην.</span> 
     </span>
    </p>
   </div>
   <div class='ocr_carea' id='block_1_40' title="bbox 348 2299 1834 2373">
    <p class='ocr_par' dir='ltr' id='par_1_40' title="bbox 348 2299 1834 2373">
     <span class='ocr_line' id='line_1_40' title="bbox 348 2299 1834 2373; baseline 0.001 -19"><span class='ocrx_word' id='word_1_270' title='bbox 348 2303 547 2356; x_wconf 80' lang='grc' dir='ltr'>ΒΔΛΣ.</span> <span class='ocrx_word' id='word_1_271' title='bbox 579 2302 859 2373; x_wconf 67' lang='grc' dir='ltr'>Διαφόρως</span> <span class='ocrx_word' id='word_1_272' title='bbox 890 2302 1117 2372; x_wconf 74' lang='grc' dir='ltr'>εἴπομεν</span> <span class='ocrx_word' id='word_1_273' title='bbox 1147 2302 1228 2354; x_wconf 80' lang='grc' dir='ltr'>ὅτι</span> <span class='ocrx_word' id='word_1_274' title='bbox 1257 2299 1539 2371; x_wconf 81' lang='grc' dir='ltr'>παρθένοι,</span> <span class='ocrx_word' id='word_1_275' title='bbox 1572 2303 1834 2370; x_wconf 79' lang='grc' dir='ltr'>γυναῖκες</span> 
     </span>
    </p>
   </div>
   <div class='ocr_carea' id='block_1_41' title="bbox 277 2390 1837 2463">
    <p class='ocr_par' dir='ltr' id='par_1_41' title="bbox 277 2390 1837 2463">
     <span class='ocr_line' id='line_1_41' title="bbox 277 2390 1837 2463; baseline -0.001 -16"><span class='ocrx_word' id='word_1_276' title='bbox 277 2393 380 2447; x_wconf 88' lang='grc' dir='ltr'>καὶ</span> <span class='ocrx_word' id='word_1_277' title='bbox 404 2391 599 2462; x_wconf 83' lang='grc' dir='ltr'>χῆραι,</span> <span class='ocrx_word' id='word_1_278' title='bbox 631 2392 770 2460; x_wconf 86' lang='grc' dir='ltr'><strong>μετά</strong></span> <span class='ocrx_word' id='word_1_279' title='bbox 798 2390 987 2444; x_wconf 80' lang='grc' dir='ltr'>λαῐκοῦ</span> <span class='ocrx_word' id='word_1_280' title='bbox 1018 2392 1295 2461; x_wconf 81' lang='grc' dir='ltr'>σχήματος</span> <span class='ocrx_word' id='word_1_281' title='bbox 1339 2395 1462 2454; x_wconf 71' lang='grc' dir='ltr'>ταῖς</span> <span class='ocrx_word' id='word_1_282' title='bbox 1515 2392 1837 2463; x_wconf 76' lang='grc' dir='ltr'>έκκλησίαις</span> 
     </span>
    </p>
   </div>
   <div class='ocr_carea' id='block_1_42' title="bbox 274 2481 1844 2555">
    <p class='ocr_par' dir='ltr' id='par_1_42' title="bbox 274 2481 1844 2555">
     <span class='ocr_line' id='line_1_42' title="bbox 274 2481 1844 2555; baseline 0.002 -19"><span class='ocrx_word' id='word_1_283' title='bbox 274 2483 724 2555; x_wconf 72' lang='grc' dir='ltr'>προσερχόμεναι</span> <span class='ocrx_word' id='word_1_284' title='bbox 755 2485 812 2537; x_wconf 84' lang='grc' dir='ltr'>αι</span> <span class='ocrx_word' id='word_1_285' title='bbox 837 2485 937 2552; x_wconf 69' lang='grc' dir='ltr'>μιν</span> <span class='ocrx_word' id='word_1_286' title='bbox 996 2481 1299 2553; x_wconf 71' lang='grc' dir='ltr'>παρθενίαν</span> <span class='ocrx_word' id='word_1_287' title='bbox 1325 2483 1663 2553; x_wconf 80' lang='grc' dir='ltr'>ὡμολόγουν,</span> <span class='ocrx_word' id='word_1_288' title='bbox 1696 2487 1754 2539; x_wconf 90' lang='grc' dir='ltr'><strong>αί</strong></span> <span class='ocrx_word' id='word_1_289' title='bbox 1785 2485 1844 2539; x_wconf 73' lang='grc' dir='ltr'>δι</span> 
     </span>
    </p>
   </div>
   <div class='ocr_carea' id='block_1_43' title="bbox 270 2575 1844 2650">
    <p class='ocr_par' dir='ltr' id='par_1_43' title="bbox 270 2575 1844 2650">
     <span class='ocr_line' id='line_1_43' title="bbox 270 2575 1844 2650; baseline 0.004 -24"><span class='ocrx_word' id='word_1_290' title='bbox 270 2576 638 2646; x_wconf 78' lang='grc' dir='ltr'>σωφροσύνην</span> <span class='ocrx_word' id='word_1_291' title='bbox 671 2592 687 2605; x_wconf 82' lang='lat'>&#39;</span> <span class='ocrx_word' id='word_1_292' title='bbox 762 2575 858 2629; x_wconf 80' lang='grc' dir='ltr'>καὶ</span> <span class='ocrx_word' id='word_1_293' title='bbox 945 2575 1022 2640; x_wconf 85' lang='grc' dir='ltr'><strong>ὡς</strong></span> <span class='ocrx_word' id='word_1_294' title='bbox 1095 2576 1509 2646; x_wconf 85' lang='grc' dir='ltr'>ἀνατεθειμέναι</span> <span class='ocrx_word' id='word_1_295' title='bbox 1592 2577 1672 2649; x_wconf 77' lang='grc' dir='ltr'><strong>τῷ</strong></span> <span class='ocrx_word' id='word_1_296' title='bbox 1726 2579 1844 2650; x_wconf 85' lang='grc' dir='ltr'>Θεῷ</span> 
     </span>
    </p>
   </div>
   <div class='ocr_carea' id='block_1_44' title="bbox 266 2665 1846 2744">
    <p class='ocr_par' dir='ltr' id='par_1_44' title="bbox 266 2665 1846 2744">
     <span class='ocr_line' id='line_1_44' title="bbox 266 2665 1846 2744; baseline 0.005 -26"><span class='ocrx_word' id='word_1_297' title='bbox 266 2665 527 2735; x_wconf 74' lang='grc' dir='ltr'>ἠξιοῦντο</span> <span class='ocrx_word' id='word_1_298' title='bbox 555 2667 702 2736; x_wconf 89' lang='grc' dir='ltr'><strong>παρά</strong></span> <span class='ocrx_word' id='word_1_299' title='bbox 748 2665 857 2720; x_wconf 84' lang='grc' dir='ltr'><strong>τῶν</strong></span> <span class='ocrx_word' id='word_1_300' title='bbox 929 2669 1248 2722; x_wconf 82' lang='grc' dir='ltr'>έπισκόπων</span> <span class='ocrx_word' id='word_1_301' title='bbox 1304 2671 1485 2743; x_wconf 80' lang='grc' dir='ltr'>πάσης</span> <span class='ocrx_word' id='word_1_302' title='bbox 1528 2673 1846 2744; x_wconf 70' lang='grc' dir='ltr'>σωματικῆς</span> 
     </span>
    </p>
   </div>
   <div class='ocr_carea' id='block_1_45' title="bbox 267 2750 1848 2834">
    <p class='ocr_par' dir='ltr' id='par_1_45' title="bbox 267 2750 1848 2834">
     <span class='ocr_line' id='line_1_45' title="bbox 267 2750 1848 2834; baseline 0.004 -24"><span class='ocrx_word' id='word_1_303' title='bbox 267 2757 618 2828; x_wconf 69' lang='grc' dir='ltr'>ὶπιμελείας.</span> <span class='ocrx_word' id='word_1_304' title='bbox 663 2757 998 2828; x_wconf 72' lang='grc' dir='ltr'>Ἐρωτηθεὶς</span> <span class='ocrx_word' id='word_1_305' title='bbox 1031 2755 1124 2814; x_wconf 84' lang='grc' dir='ltr'>οὖν</span> <span class='ocrx_word' id='word_1_306' title='bbox 1157 2750 1360 2830; x_wconf 81' lang='grc' dir='ltr'>ὁᾶγιος</span> <span class='ocrx_word' id='word_1_307' title='bbox 1389 2763 1442 2816; x_wconf 87' lang='grc' dir='ltr'><strong>τί</strong></span> <span class='ocrx_word' id='word_1_308' title='bbox 1470 2763 1675 2832; x_wconf 76' lang='grc' dir='ltr'>ὀφείλει</span> <span class='ocrx_word' id='word_1_309' title='bbox 1702 2765 1848 2834; x_wconf 85' lang='grc' dir='ltr'>γίνε-</span> 
     </span>
    </p>
   </div>
   <div class='ocr_carea' id='block_1_46' title="bbox 269 2847 1848 2925">
    <p class='ocr_par' dir='ltr' id='par_1_46' title="bbox 269 2847 1848 2925">
     <span class='ocr_line' id='line_1_46' title="bbox 269 2847 1848 2925; baseline 0.003 -24"><span class='ocrx_word' id='word_1_310' title='bbox 269 2848 398 2901; x_wconf 84' lang='grc' dir='ltr'>σθαι</span> <span class='ocrx_word' id='word_1_311' title='bbox 427 2849 508 2910; x_wconf 79' lang='grc' dir='ltr'><strong>είς</strong></span> <span class='ocrx_word' id='word_1_312' title='bbox 541 2847 642 2909; x_wconf 83' lang='grc' dir='ltr'>τὰς</span> <span class='ocrx_word' id='word_1_313' title='bbox 675 2848 1049 2919; x_wconf 87' lang='grc' dir='ltr'>πορνευούσας</span> <span class='ocrx_word' id='word_1_314' title='bbox 1079 2851 1406 2922; x_wconf 77' lang='grc' dir='ltr'>παρθένους,</span> <span class='ocrx_word' id='word_1_315' title='bbox 1463 2852 1567 2925; x_wconf 67' lang='grc' dir='ltr'><strong>ἔφη</strong></span> <span class='ocrx_word' id='word_1_316' title='bbox 1626 2855 1710 2908; x_wconf 80' lang='grc' dir='ltr'>ὅτι</span> <span class='ocrx_word' id='word_1_317' title='bbox 1781 2855 1848 2908; x_wconf 83' lang='lat' dir='ltr'><strong>Oi</strong></span> 
     </span>
    </p>
   </div>
   <div class='ocr_carea' id='block_1_47' title="bbox 273 2942 1850 3017">
    <p class='ocr_par' dir='ltr' id='par_1_47' title="bbox 273 2942 1850 3017">
     <span class='ocr_line' id='line_1_47' title="bbox 273 2942 1850 3017; baseline 0.004 -23"><span class='ocrx_word' id='word_1_318' title='bbox 273 2943 379 3012; x_wconf 70' lang='grc' dir='ltr'><strong>μιν</strong></span> <span class='ocrx_word' id='word_1_319' title='bbox 429 2942 794 3012; x_wconf 70' lang='grc' dir='ltr'>πρεσϐύτεροι</span> <span class='ocrx_word' id='word_1_320' title='bbox 848 2942 1174 3014; x_wconf 78' lang='grc' dir='ltr'>διορίζονται</span> <span class='ocrx_word' id='word_1_321' title='bbox 1231 2945 1594 3016; x_wconf 74' lang='grc' dir='ltr'>ἐπιτιμᾶσθαι</span> <span class='ocrx_word' id='word_1_322' title='bbox 1645 2946 1850 3017; x_wconf 75' lang='grc' dir='ltr'>ταύτας</span> 
     </span>
    </p>
   </div>
   <div class='ocr_carea' id='block_1_48' title="bbox 273 3033 1850 3108">
    <p class='ocr_par' dir='ltr' id='par_1_48' title="bbox 273 3033 1850 3108">
     <span class='ocr_line' id='line_1_48' title="bbox 273 3033 1850 3108; baseline 0.005 -23"><span class='ocrx_word' id='word_1_323' title='bbox 273 3033 425 3086; x_wconf 88' lang='grc' dir='ltr'><strong>κατά</strong></span> <span class='ocrx_word' id='word_1_324' title='bbox 466 3033 596 3097; x_wconf 75' lang='grc' dir='ltr'>τοὺς</span> <span class='ocrx_word' id='word_1_325' title='bbox 659 3033 947 3103; x_wconf 86' lang='grc' dir='ltr'>διγάμους,</span> <span class='ocrx_word' id='word_1_326' title='bbox 1003 3034 1100 3087; x_wconf 83' lang='grc' dir='ltr'>καὶ</span> <span class='ocrx_word' id='word_1_327' title='bbox 1166 3034 1448 3100; x_wconf 73' lang='grc' dir='ltr'>ἀξιοῦσθαι</span> <span class='ocrx_word' id='word_1_328' title='bbox 1527 3038 1699 3101; x_wconf 84' lang='grc' dir='ltr'>αύτάς</span> <span class='ocrx_word' id='word_1_329' title='bbox 1745 3040 1850 3108; x_wconf 82' lang='grc' dir='ltr'>τῆς</span> 
     </span>
    </p>
   </div>
   <div class='ocr_carea' id='block_1_49' title="bbox 269 3122 1846 3197">
    <p class='ocr_par' dir='ltr' id='par_1_49' title="bbox 269 3122 1846 3197">
     <span class='ocr_line' id='line_1_49' title="bbox 269 3122 1846 3197; baseline 0.002 -19"><span class='ocrx_word' id='word_1_330' title='bbox 269 3122 441 3192; x_wconf 83' lang='grc' dir='ltr'>ἁγίας</span> <span class='ocrx_word' id='word_1_331' title='bbox 473 3123 830 3194; x_wconf 70' lang='grc' dir='ltr'>μεταλήφεως</span> <span class='ocrx_word' id='word_1_332' title='bbox 866 3123 1007 3194; x_wconf 85' lang='grc' dir='ltr'><strong>μετά</strong></span> <span class='ocrx_word' id='word_1_333' title='bbox 1042 3125 1292 3179; x_wconf 72' lang='grc' dir='ltr'>ένιαυτὸν</span> <span class='ocrx_word' id='word_1_334' title='bbox 1318 3140 1334 3156; x_wconf 75' lang='grc' dir='ltr'><strong>ο</strong></span> <span class='ocrx_word' id='word_1_335' title='bbox 1367 3125 1478 3192; x_wconf 80' lang='grc' dir='ltr'>έγὼ</span> <span class='ocrx_word' id='word_1_336' title='bbox 1533 3126 1590 3180; x_wconf 68' lang='grc' dir='ltr'>δὲ</span> <span class='ocrx_word' id='word_1_337' title='bbox 1625 3127 1846 3197; x_wconf 80' lang='grc' dir='ltr'>βλέπων</span> 
     </span>
    </p>
   </div>
   <div class='ocr_carea' id='block_1_50' title="bbox 1955 1944 3518 2015">
    <p class='ocr_par' dir='ltr' id='par_1_50' title="bbox 1955 1944 3518 2015">
     <span class='ocr_line' id='line_1_50' title="bbox 1955 1944 3518 2015; baseline -0.001 -15"><span class='ocrx_word' id='word_1_338' title='bbox 1955 1952 2148 2015; x_wconf 87' lang='lat' dir='ltr'><strong>sponte</strong></span> <span class='ocrx_word' id='word_1_339' title='bbox 2201 1944 2269 1998; x_wconf 91' lang='lat' dir='ltr'><strong>ad</strong></span> <span class='ocrx_word' id='word_1_340' title='bbox 2306 1945 2548 1999; x_wconf 71' lang='lat' dir='ltr'><strong>cielibem</strong></span> <span class='ocrx_word' id='word_1_341' title='bbox 2587 1947 2748 1999; x_wconf 89' lang='lat' dir='ltr'><strong>vitam</strong></span> <span class='ocrx_word' id='word_1_342' title='bbox 2799 1947 3088 2007; x_wconf 89' lang='lat' dir='ltr'><strong>incitatas.</strong></span> <span class='ocrx_word' id='word_1_343' title='bbox 3145 1946 3238 2000; x_wconf 89' lang='lat' dir='ltr'><strong>sed</strong></span> <span class='ocrx_word' id='word_1_344' title='bbox 3302 1955 3359 1999; x_wconf 91' lang='lat' dir='ltr'><strong>ut</strong></span> <span class='ocrx_word' id='word_1_345' title='bbox 3415 1946 3518 2001; x_wconf 84' lang='lat' dir='ltr'><strong>sibi</strong></span> 
     </span>
    </p>
   </div>
   <div class='ocr_carea' id='block_1_51' title="bbox 1955 2035 3519 2108">
    <p class='ocr_par' dir='ltr' id='par_1_51' title="bbox 1955 2035 3519 2108">
     <span class='ocr_line' id='line_1_51' title="bbox 1955 2035 3519 2108; baseline 0.001 -17"><span class='ocrx_word' id='word_1_346' title='bbox 1955 2036 2062 2108; x_wconf 84' lang='lat' dir='ltr'><strong>ipsi</strong></span> <span class='ocrx_word' id='word_1_347' title='bbox 2111 2035 2328 2105; x_wconf 88' lang='lat' dir='ltr'><strong>aliquod</strong></span> <span class='ocrx_word' id='word_1_348' title='bbox 2355 2037 2410 2092; x_wconf 92' lang='lat' dir='ltr'><strong>in</strong></span> <span class='ocrx_word' id='word_1_349' title='bbox 2455 2037 2565 2089; x_wconf 90' lang='lat' dir='ltr'><strong>vita</strong></span> <span class='ocrx_word' id='word_1_350' title='bbox 2589 2039 2936 2091; x_wconf 87' lang='lat' dir='ltr'><strong>commodum</strong></span> <span class='ocrx_word' id='word_1_351' title='bbox 2987 2038 3326 2108; x_wconf 80' lang='lat' dir='ltr'><strong>provideant.</strong></span> <span class='ocrx_word' id='word_1_352' title='bbox 3361 2037 3519 2092; x_wconf 86' lang='lat' dir='ltr'><strong>Tales</strong></span> 
     </span>
    </p>
   </div>
   <div class='ocr_carea' id='block_1_52' title="bbox 1955 2129 3516 2202">
    <p class='ocr_par' dir='ltr' id='par_1_52' title="bbox 1955 2129 3516 2202">
     <span class='ocr_line' id='line_1_52' title="bbox 1955 2129 3516 2202; baseline 0 -18"><span class='ocrx_word' id='word_1_353' title='bbox 1955 2144 2065 2184; x_wconf 89' lang='lat' dir='ltr'><strong>non</strong></span> <span class='ocrx_word' id='word_1_354' title='bbox 2125 2129 2282 2184; x_wconf 80' lang='lat' dir='ltr'><strong>facile</strong></span> <span class='ocrx_word' id='word_1_355' title='bbox 2351 2129 2736 2194; x_wconf 65' lang='lat' dir='ltr'><strong>admittenda,</strong></span> <span class='ocrx_word' id='word_1_356' title='bbox 2803 2131 2976 2188; x_wconf 91' lang='lat' dir='ltr'><strong>donec</strong></span> <span class='ocrx_word' id='word_1_357' title='bbox 3042 2137 3226 2202; x_wconf 84' lang='lat' dir='ltr'><strong>aperte</strong></span> <span class='ocrx_word' id='word_1_358' title='bbox 3280 2133 3516 2202; x_wconf 86' lang='lat' dir='ltr'><strong>ipsarum</strong></span> 
     </span>
    </p>
   </div>
   <div class='ocr_carea' id='block_1_53' title="bbox 1958 2216 2958 2288">
    <p class='ocr_par' dir='ltr' id='par_1_53' title="bbox 1958 2216 2958 2288">
     <span class='ocr_line' id='line_1_53' title="bbox 1958 2216 2958 2288; baseline 0.001 -19"><span class='ocrx_word' id='word_1_359' title='bbox 1958 2216 2282 2288; x_wconf 88' lang='lat' dir='ltr'><strong>perscrutati</strong></span> <span class='ocrx_word' id='word_1_360' title='bbox 2328 2216 2592 2272; x_wconf 89' lang='lat' dir='ltr'><strong>fuerimus</strong></span> <span class='ocrx_word' id='word_1_361' title='bbox 2618 2219 2958 2273; x_wconf 89' lang='lat' dir='ltr'><strong>sententiam.</strong></span> 
     </span>
    </p>
   </div>
   <div class='ocr_carea' id='block_1_54' title="bbox 2033 2305 3515 2378">
    <p class='ocr_par' dir='ltr' id='par_1_54' title="bbox 2033 2305 3515 2378">
     <span class='ocr_line' id='line_1_54' title="bbox 2033 2305 3515 2378; baseline 0.002 -19"><span class='ocrx_word' id='word_1_362' title='bbox 2033 2305 2138 2376; x_wconf 82' lang='lat'><strong>75</strong></span> <span class='ocrx_word' id='word_1_363' title='bbox 2171 2306 2363 2363; x_wconf 78' lang='lat' dir='ltr'><strong>BALS.</strong></span> <span class='ocrx_word' id='word_1_364' title='bbox 2393 2309 2631 2366; x_wconf 87' lang='lat' dir='ltr'><strong>Diversis</strong></span> <span class='ocrx_word' id='word_1_365' title='bbox 2672 2309 2724 2364; x_wconf 89' lang='lat' dir='ltr'><strong>in</strong></span> <span class='ocrx_word' id='word_1_366' title='bbox 2754 2309 2885 2364; x_wconf 90' lang='lat' dir='ltr'><strong>locis</strong></span> <span class='ocrx_word' id='word_1_367' title='bbox 2922 2309 3177 2372; x_wconf 79' lang='lat' dir='ltr'><strong>diximus,</strong></span> <span class='ocrx_word' id='word_1_368' title='bbox 3208 2312 3348 2378; x_wconf 90' lang='lat' dir='ltr'><strong>quod</strong></span> <span class='ocrx_word' id='word_1_369' title='bbox 3399 2326 3515 2363; x_wconf 82' lang='lat' dir='ltr'><strong>mn-</strong></span> 
     </span>
    </p>
   </div>
   <div class='ocr_carea' id='block_1_55' title="bbox 1947 2389 3510 2470">
    <p class='ocr_par' dir='ltr' id='par_1_55' title="bbox 1947 2389 3510 2470">
     <span class='ocr_line' id='line_1_55' title="bbox 1947 2389 3510 2470; baseline 0.004 -20"><span class='ocrx_word' id='word_1_370' title='bbox 1947 2389 2129 2462; x_wconf 85' lang='lat' dir='ltr'><strong>lieres,</strong></span> <span class='ocrx_word' id='word_1_371' title='bbox 2158 2398 2417 2470; x_wconf 85' lang='lat' dir='ltr'><strong>virgines,</strong></span> <span class='ocrx_word' id='word_1_372' title='bbox 2449 2413 2504 2456; x_wconf 89' lang='lat' dir='ltr'><strong>et</strong></span> <span class='ocrx_word' id='word_1_373' title='bbox 2527 2403 2698 2457; x_wconf 67' lang='lat' dir='ltr'><strong>vidua:</strong></span> <span class='ocrx_word' id='word_1_374' title='bbox 2717 2401 2974 2457; x_wconf 87' lang='lat' dir='ltr'><strong>ecclesias</strong></span> <span class='ocrx_word' id='word_1_375' title='bbox 3000 2417 3120 2456; x_wconf 86' lang='lat' dir='ltr'><strong>eum</strong></span> <span class='ocrx_word' id='word_1_376' title='bbox 3155 2403 3310 2457; x_wconf 77' lang='lat' dir='ltr'><strong>laico-</strong></span> <span class='ocrx_word' id='word_1_377' title='bbox 3326 2402 3510 2457; x_wconf 86' lang='lat' dir='ltr'><strong>habitu</strong></span> 
     </span>
    </p>
   </div>
   <div class='ocr_carea' id='block_1_56' title="bbox 1947 2491 3510 2565">
    <p class='ocr_par' dir='ltr' id='par_1_56' title="bbox 1947 2491 3510 2565">
     <span class='ocr_line' id='line_1_56' title="bbox 1947 2491 3510 2565; baseline 0.004 -24"><span class='ocrx_word' id='word_1_378' title='bbox 1947 2491 2302 2556; x_wconf 83' lang='lat' dir='ltr'><strong>accedentes,</strong></span> <span class='ocrx_word' id='word_1_379' title='bbox 2369 2492 2474 2548; x_wconf 60' lang='lat' dir='ltr'><strong>illa;</strong></span> <span class='ocrx_word' id='word_1_380' title='bbox 2534 2493 2759 2563; x_wconf 80' lang='lat' dir='ltr'><strong>quidem</strong></span> <span class='ocrx_word' id='word_1_381' title='bbox 2813 2493 3200 2565; x_wconf 82' lang='lat' dir='ltr'><strong>virginitatem,</strong></span> <span class='ocrx_word' id='word_1_382' title='bbox 3248 2495 3328 2548; x_wconf 74' lang='lat' dir='ltr'><strong>Ine</strong></span> <span class='ocrx_word' id='word_1_383' title='bbox 3380 2511 3510 2550; x_wconf 88' lang='lat' dir='ltr'><strong>vero</strong></span> 
     </span>
    </p>
   </div>
   <div class='ocr_carea' id='block_1_57' title="bbox 1945 2584 3513 2655">
    <p class='ocr_par' dir='ltr' id='par_1_57' title="bbox 1945 2584 3513 2655">
     <span class='ocr_line' id='line_1_57' title="bbox 1945 2584 3513 2655; baseline 0.002 -22"><span class='ocrx_word' id='word_1_384' title='bbox 1945 2584 2336 2647; x_wconf 82' lang='lat' dir='ltr'><strong>continentiam</strong></span> <span class='ocrx_word' id='word_1_385' title='bbox 2358 2585 2788 2652; x_wconf 80' lang='lat' dir='ltr'><strong>promebantur,</strong></span> <span class='ocrx_word' id='word_1_386' title='bbox 2818 2597 2873 2640; x_wconf 90' lang='lat' dir='ltr'><strong>et</strong></span> <span class='ocrx_word' id='word_1_387' title='bbox 2906 2596 3158 2655; x_wconf 79' lang='lat' dir='ltr'><strong>tauquam</strong></span> <span class='ocrx_word' id='word_1_388' title='bbox 3205 2586 3316 2640; x_wconf 65' lang='lat' dir='ltr'><strong>Di-o</strong></span> <span class='ocrx_word' id='word_1_389' title='bbox 3365 2587 3513 2640; x_wconf 83' lang='lat' dir='ltr'><strong>dedi-</strong></span> 
     </span>
    </p>
   </div>
   <div class='ocr_carea' id='block_1_58' title="bbox 1945 2675 3512 2746">
    <p class='ocr_par' dir='ltr' id='par_1_58' title="bbox 1945 2675 3512 2746">
     <span class='ocr_line' id='line_1_58' title="bbox 1945 2675 3512 2746; baseline 0.001 -18"><span class='ocrx_word' id='word_1_390' title='bbox 1945 2683 2080 2728; x_wconf 68' lang='lat' dir='ltr'><strong>cate</strong></span> <span class='ocrx_word' id='word_1_391' title='bbox 2104 2675 2172 2730; x_wconf 86' lang='lat' dir='ltr'><strong>ab</strong></span> <span class='ocrx_word' id='word_1_392' title='bbox 2198 2677 2469 2746; x_wconf 83' lang='lat' dir='ltr'><strong>episcopis</strong></span> <span class='ocrx_word' id='word_1_393' title='bbox 2497 2677 2644 2730; x_wconf 88' lang='lat' dir='ltr'><strong>omni</strong></span> <span class='ocrx_word' id='word_1_394' title='bbox 2679 2675 2950 2745; x_wconf 87' lang='lat' dir='ltr'><strong>corporali</strong></span> <span class='ocrx_word' id='word_1_395' title='bbox 2983 2676 3315 2744; x_wconf 85' lang='lat' dir='ltr'><strong>providentia</strong></span> <span class='ocrx_word' id='word_1_396' title='bbox 3336 2676 3512 2746; x_wconf 75' lang='lat' dir='ltr'><strong>dignae</strong></span> 
     </span>
    </p>
   </div>
   <div class='ocr_carea' id='block_1_59' title="bbox 1947 2762 3512 2837">
    <p class='ocr_par' dir='ltr' id='par_1_59' title="bbox 1947 2762 3512 2837">
     <span class='ocr_line' id='line_1_59' title="bbox 1947 2762 3512 2837; baseline 0.003 -20"><span class='ocrx_word' id='word_1_397' title='bbox 1947 2762 2310 2822; x_wconf 82' lang='lat' dir='ltr'><strong>habebantur.</strong></span> <span class='ocrx_word' id='word_1_398' title='bbox 2341 2767 2717 2837; x_wconf 86' lang='lat' dir='ltr'><strong>Interrogatus</strong></span> <span class='ocrx_word' id='word_1_399' title='bbox 2752 2767 2936 2836; x_wconf 88' lang='lat' dir='ltr'><strong>itaque</strong></span> <span class='ocrx_word' id='word_1_400' title='bbox 2970 2777 3218 2830; x_wconf 84' lang='lat' dir='ltr'><strong>sanctus,</strong></span> <span class='ocrx_word' id='word_1_401' title='bbox 3247 2767 3372 2836; x_wconf 89' lang='lat' dir='ltr'><strong>quid</strong></span> <span class='ocrx_word' id='word_1_402' title='bbox 3426 2770 3512 2822; x_wconf 87' lang='lat' dir='ltr'><strong>de-</strong></span> 
     </span>
    </p>
   </div>
   <div class='ocr_carea' id='block_1_60' title="bbox 1943 2854 3508 2930">
    <p class='ocr_par' dir='ltr' id='par_1_60' title="bbox 1943 2854 3508 2930">
     <span class='ocr_line' id='line_1_60' title="bbox 1943 2854 3508 2930; baseline 0.004 -21"><span class='ocrx_word' id='word_1_403' title='bbox 1943 2854 2066 2909; x_wconf 84' lang='lat' dir='ltr'><strong>beat</strong></span> <span class='ocrx_word' id='word_1_404' title='bbox 2094 2856 2208 2911; x_wconf 79' lang='lat' dir='ltr'><strong>ﬂeri</strong></span> <span class='ocrx_word' id='word_1_405' title='bbox 2239 2857 2292 2912; x_wconf 91' lang='lat' dir='ltr'><strong>in</strong></span> <span class='ocrx_word' id='word_1_406' title='bbox 2323 2857 2560 2930; x_wconf 72' lang='lat' dir='ltr'><strong>virgines</strong></span> <span class='ocrx_word' id='word_1_407' title='bbox 2591 2872 2712 2927; x_wconf 73' lang='lat' dir='ltr'><strong>qua:</strong></span> <span class='ocrx_word' id='word_1_408' title='bbox 2756 2857 3111 2924; x_wconf 87' lang='lat' dir='ltr'><strong>fornicantur,</strong></span> <span class='ocrx_word' id='word_1_409' title='bbox 3178 2860 3311 2915; x_wconf 78' lang='lat' dir='ltr'><strong>dixit</strong></span> <span class='ocrx_word' id='word_1_410' title='bbox 3365 2865 3508 2930; x_wconf 77' lang='lat' dir='ltr'><strong>quod</strong></span> 
     </span>
    </p>
   </div>
   <div class='ocr_carea' id='block_1_61' title="bbox 1942 2946 3510 3016">
    <p class='ocr_par' dir='ltr' id='par_1_61' title="bbox 1942 2946 3510 3016">
     <span class='ocr_line' id='line_1_61' title="bbox 1942 2946 3510 3016; baseline 0.004 -17"><span class='ocrx_word' id='word_1_411' title='bbox 1942 2946 2190 3002; x_wconf 80' lang='lat' dir='ltr'><strong>seniores</strong></span> <span class='ocrx_word' id='word_1_412' title='bbox 2217 2946 2436 3014; x_wconf 85' lang='lat' dir='ltr'><strong>quidem</strong></span> <span class='ocrx_word' id='word_1_413' title='bbox 2493 2948 2790 3002; x_wconf 86' lang='lat' dir='ltr'><strong>decernunt</strong></span> <span class='ocrx_word' id='word_1_414' title='bbox 2838 2961 2931 3002; x_wconf 87' lang='lat' dir='ltr'><strong>eas</strong></span> <span class='ocrx_word' id='word_1_415' title='bbox 2979 2948 3119 3002; x_wconf 83' lang='lat' dir='ltr'><strong>sicut</strong></span> <span class='ocrx_word' id='word_1_416' title='bbox 3164 2961 3220 3004; x_wconf 88' lang='lat' dir='ltr'><strong>et</strong></span> <span class='ocrx_word' id='word_1_417' title='bbox 3263 2951 3510 3016; x_wconf 77' lang='lat' dir='ltr'><strong>bigainos</strong></span> 
     </span>
    </p>
   </div>
   <div class='ocr_carea' id='block_1_62' title="bbox 1943 3035 3512 3107">
    <p class='ocr_par' dir='ltr' id='par_1_62' title="bbox 1943 3035 3512 3107">
     <span class='ocr_line' id='line_1_62' title="bbox 1943 3035 3512 3107; baseline 0.005 -19"><span class='ocrx_word' id='word_1_418' title='bbox 1943 3035 2145 3105; x_wconf 82' lang='lat' dir='ltr'><strong>puniri,</strong></span> <span class='ocrx_word' id='word_1_419' title='bbox 2169 3050 2373 3107; x_wconf 86' lang='lat' dir='ltr'><strong>easque</strong></span> <span class='ocrx_word' id='word_1_420' title='bbox 2401 3046 2525 3107; x_wconf 88' lang='lat' dir='ltr'><strong>post</strong></span> <span class='ocrx_word' id='word_1_421' title='bbox 2546 3053 2742 3091; x_wconf 87' lang='lat' dir='ltr'><strong>annum</strong></span> <span class='ocrx_word' id='word_1_422' title='bbox 2765 3047 2952 3092; x_wconf 84' lang='lat' dir='ltr'><strong>sancta</strong></span> <span class='ocrx_word' id='word_1_423' title='bbox 3008 3040 3382 3094; x_wconf 88' lang='lat' dir='ltr'><strong>communione</strong></span> <span class='ocrx_word' id='word_1_424' title='bbox 3425 3043 3512 3096; x_wconf 90' lang='lat' dir='ltr'><strong>di-</strong></span> 
     </span>
    </p>
   </div>
   <div class='ocr_carea' id='block_1_63' title="bbox 1945 3126 3504 3196">
    <p class='ocr_par' dir='ltr' id='par_1_63' title="bbox 1945 3126 3504 3196">
     <span class='ocr_line' id='line_1_63' title="bbox 1945 3126 3504 3196; baseline 0.004 -17"><span class='ocrx_word' id='word_1_425' title='bbox 1945 3140 2078 3196; x_wconf 86' lang='lat' dir='ltr'><strong>gnas</strong></span> <span class='ocrx_word' id='word_1_426' title='bbox 2097 3126 2320 3182; x_wconf 83' lang='lat' dir='ltr'><strong>haberi:</strong></span> <span class='ocrx_word' id='word_1_427' title='bbox 2349 3142 2452 3196; x_wconf 85' lang='lat' dir='ltr'><strong>ego</strong></span> <span class='ocrx_word' id='word_1_428' title='bbox 2490 3142 2623 3182; x_wconf 89' lang='lat' dir='ltr'><strong>vero</strong></span> <span class='ocrx_word' id='word_1_429' title='bbox 2654 3128 2843 3182; x_wconf 89' lang='lat' dir='ltr'><strong>videns</strong></span> <span class='ocrx_word' id='word_1_430' title='bbox 2875 3126 3165 3182; x_wconf 85' lang='lat' dir='ltr'><strong>Ecclesiam</strong></span> <span class='ocrx_word' id='word_1_431' title='bbox 3189 3129 3244 3183; x_wconf 89' lang='lat' dir='ltr'><strong>in</strong></span> <span class='ocrx_word' id='word_1_432' title='bbox 3303 3129 3504 3186; x_wconf 90' lang='lat' dir='ltr'><strong>bonum</strong></span> 
     </span>
    </p>
   </div>
   <div class='ocr_carea' id='block_1_64' title="bbox 269 3217 1846 3293">
    <p class='ocr_par' dir='ltr' id='par_1_64' title="bbox 269 3217 1845 3289">
     <span class='ocr_line' id='line_1_64' title="bbox 269 3217 1845 3289; baseline 0.003 -19"><span class='ocrx_word' id='word_1_433' title='bbox 269 3219 378 3287; x_wconf 75' lang='grc' dir='ltr'>τὴν</span> <span class='ocrx_word' id='word_1_434' title='bbox 418 3217 754 3288; x_wconf 79' lang='grc' dir='ltr'>Ἐκκλησίαν</span> <span class='ocrx_word' id='word_1_435' title='bbox 798 3219 1221 3288; x_wconf 76' lang='grc' dir='ltr'>προκόπτουσαν</span> <span class='ocrx_word' id='word_1_436' title='bbox 1257 3223 1339 3284; x_wconf 85' lang='grc' dir='ltr'><strong>εἰς</strong></span> <span class='ocrx_word' id='word_1_437' title='bbox 1399 3221 1462 3274; x_wconf 85' lang='grc' dir='ltr'><strong>τὸ</strong></span> <span class='ocrx_word' id='word_1_438' title='bbox 1497 3221 1720 3289; x_wconf 71' lang='grc' dir='ltr'>ἀγαθὸν,</span> <span class='ocrx_word' id='word_1_439' title='bbox 1752 3222 1845 3276; x_wconf 80' lang='grc' dir='ltr'>καὶ</span> 
     </span>
    </p>
   </div>
   <div class='ocr_carea' id='block_1_65' title="bbox 1950 3217 3502 3293">
    <p class='ocr_par' dir='ltr' id='par_1_65' title="bbox 1950 3217 3502 3290">
     <span class='ocr_line' id='line_1_65' title="bbox 1950 3217 3502 3290; baseline 0.004 -19"><span class='ocrx_word' id='word_1_440' title='bbox 1950 3217 2231 3286; x_wconf 84' lang='lat' dir='ltr'><strong>proficere,</strong></span> <span class='ocrx_word' id='word_1_441' title='bbox 2286 3229 2341 3274; x_wconf 88' lang='lat' dir='ltr'><strong>et</strong></span> <span class='ocrx_word' id='word_1_442' title='bbox 2361 3233 2546 3274; x_wconf 84' lang='lat' dir='ltr'><strong>sacras</strong></span> <span class='ocrx_word' id='word_1_443' title='bbox 2571 3219 2808 3290; x_wconf 74' lang='lat' dir='ltr'><strong>virgines</strong></span> <span class='ocrx_word' id='word_1_444' title='bbox 2854 3219 3196 3287; x_wconf 86' lang='lat' dir='ltr'><strong>multiplicari</strong></span> <span class='ocrx_word' id='word_1_445' title='bbox 3220 3261 3235 3284; x_wconf 92' lang='lat'><strong>,</strong></span> <span class='ocrx_word' id='word_1_446' title='bbox 3259 3223 3378 3277; x_wconf 91' lang='lat' dir='ltr'><strong>dico</strong></span> <span class='ocrx_word' id='word_1_447' title='bbox 3410 3239 3502 3277; x_wconf 82' lang='lat' dir='ltr'><strong>eas</strong></span> 
     </span>
    </p>
   </div>
   <div class='ocr_carea' id='block_1_66' title="bbox 263 3310 1844 3386">
    <p class='ocr_par' dir='ltr' id='par_1_66' title="bbox 263 3310 1844 3386">
     <span class='ocr_line' id='line_1_66' title="bbox 263 3310 1844 3386; baseline 0.004 -24"><span class='ocrx_word' id='word_1_448' title='bbox 263 3310 370 3371; x_wconf 76' lang='grc' dir='ltr'>τὰς</span> <span class='ocrx_word' id='word_1_449' title='bbox 441 3310 747 3380; x_wconf 84' lang='grc' dir='ltr'>παρθένους</span> <span class='ocrx_word' id='word_1_450' title='bbox 813 3311 1250 3382; x_wconf 75' lang='grc' dir='ltr'>πληθυνθμένας,</span> <span class='ocrx_word' id='word_1_451' title='bbox 1312 3312 1454 3382; x_wconf 87' lang='grc' dir='ltr'>λέγω</span> <span class='ocrx_word' id='word_1_452' title='bbox 1492 3313 1844 3386; x_wconf 81' lang='grc' dir='ltr'>ὀφειλόμενον</span> 
     </span>
    </p>
   </div>
   <div class='ocr_carea' id='block_1_67' title="bbox 267 3398 1845 3474">
    <p class='ocr_par' dir='ltr' id='par_1_67' title="bbox 267 3398 1845 3474">
     <span class='ocr_line' id='line_1_67' title="bbox 267 3398 1845 3474; baseline 0.004 -21"><span class='ocrx_word' id='word_1_453' title='bbox 267 3398 416 3454; x_wconf 78' lang='grc' dir='ltr'>εἶναι</span> <span class='ocrx_word' id='word_1_454' title='bbox 457 3402 661 3470; x_wconf 73' lang='grc' dir='ltr'>μᾶλλον</span> <span class='ocrx_word' id='word_1_455' title='bbox 695 3401 865 3465; x_wconf 86' lang='grc' dir='ltr'>αύτάς</span> <span class='ocrx_word' id='word_1_456' title='bbox 893 3402 969 3466; x_wconf 80' lang='grc' dir='ltr'><strong>ὡς</strong></span> <span class='ocrx_word' id='word_1_457' title='bbox 1003 3403 1318 3474; x_wconf 83' lang='grc' dir='ltr'>μοιχαλίδας</span> <span class='ocrx_word' id='word_1_458' title='bbox 1357 3404 1706 3468; x_wconf 79' lang='grc' dir='ltr'>κολάζεσθαι.</span> <span class='ocrx_word' id='word_1_459' title='bbox 1733 3408 1845 3460; x_wconf 77' lang='grc' dir='ltr'><strong>Καὶ</strong></span> 
     </span>
    </p>
   </div>
   <div class='ocr_carea' id='block_1_68' title="bbox 266 3491 1838 3561">
    <p class='ocr_par' dir='ltr' id='par_1_68' title="bbox 266 3491 1838 3561">
     <span class='ocr_line' id='line_1_68' title="bbox 266 3491 1838 3561; baseline 0.003 -17"><span class='ocrx_word' id='word_1_460' title='bbox 266 3491 673 3556; x_wconf 78' lang='grc' dir='ltr'>κατασκευάζει</span> <span class='ocrx_word' id='word_1_461' title='bbox 735 3491 827 3545; x_wconf 82' lang='grc' dir='ltr'>τὸν</span> <span class='ocrx_word' id='word_1_462' title='bbox 879 3493 1080 3546; x_wconf 83' lang='grc' dir='ltr'>υίκείον</span> <span class='ocrx_word' id='word_1_463' title='bbox 1153 3493 1311 3561; x_wconf 87' lang='grc' dir='ltr'>λόγον</span> <span class='ocrx_word' id='word_1_464' title='bbox 1391 3495 1669 3559; x_wconf 68' lang='grc' dir='ltr'>ἐντεῦθεν,</span> <span class='ocrx_word' id='word_1_465' title='bbox 1746 3496 1838 3549; x_wconf 75' lang='grc' dir='ltr'>λέο</span> 
     </span>
    </p>
   </div>
   <div class='ocr_carea' id='block_1_69' title="bbox 267 3581 1843 3653">
    <p class='ocr_par' dir='ltr' id='par_1_69' title="bbox 267 3581 1843 3653">
     <span class='ocr_line' id='line_1_69' title="bbox 267 3581 1843 3653; baseline 0.004 -19"><span class='ocrx_word' id='word_1_466' title='bbox 267 3598 390 3652; x_wconf 85' lang='grc' dir='ltr'><strong>γων</strong></span> <span class='ocrx_word' id='word_1_467' title='bbox 428 3583 510 3637; x_wconf 83' lang='grc' dir='ltr'>ὅτι</span> <span class='ocrx_word' id='word_1_468' title='bbox 536 3582 734 3653; x_wconf 81' lang='grc' dir='ltr'>χηρεία</span> <span class='ocrx_word' id='word_1_469' title='bbox 754 3582 858 3652; x_wconf 83' lang='grc' dir='ltr'>τῆς</span> <span class='ocrx_word' id='word_1_470' title='bbox 881 3581 1190 3652; x_wconf 80' lang='grc' dir='ltr'>παρθενίας</span> <span class='ocrx_word' id='word_1_471' title='bbox 1226 3585 1491 3640; x_wconf 75' lang='grc' dir='ltr'>ελάττων.</span> <span class='ocrx_word' id='word_1_472' title='bbox 1544 3587 1607 3640; x_wconf 78' lang='lat' dir='ltr'><strong>Et</strong></span> <span class='ocrx_word' id='word_1_473' title='bbox 1643 3587 1843 3651; x_wconf 87' lang='grc' dir='ltr'>τοίνυν,</span> 
     </span>
    </p>
   </div>
   <div class='ocr_carea' id='block_1_70' title="bbox 269 3673 1846 3748">
    <p class='ocr_par' dir='ltr' id='par_1_70' title="bbox 269 3673 1846 3748">
     <span class='ocr_line' id='line_1_70' title="bbox 269 3673 1846 3748; baseline 0.003 -22"><span class='ocrx_word' id='word_1_474' title='bbox 269 3673 418 3727; x_wconf 87' lang='grc' dir='ltr'><strong>κατά</strong></span> <span class='ocrx_word' id='word_1_475' title='bbox 454 3673 547 3725; x_wconf 80' lang='grc' dir='ltr'><strong>τὸν</strong></span> <span class='ocrx_word' id='word_1_476' title='bbox 584 3673 933 3741; x_wconf 83' lang='grc' dir='ltr'>’Δπὸστολον,</span> <span class='ocrx_word' id='word_1_477' title='bbox 966 3675 1142 3745; x_wconf 87' lang='grc' dir='ltr'>κρίμα</span> <span class='ocrx_word' id='word_1_478' title='bbox 1177 3676 1412 3745; x_wconf 76' lang='grc' dir='ltr'>έχουσιν,</span> <span class='ocrx_word' id='word_1_479' title='bbox 1469 3677 1638 3748; x_wconf 74' lang='grc' dir='ltr'>ήγουν</span> <span class='ocrx_word' id='word_1_480' title='bbox 1677 3695 1846 3730; x_wconf 86' lang='grc' dir='ltr'>κατα-</span> 
     </span>
    </p>
   </div>
   <div class='ocr_carea' id='block_1_71' title="bbox 267 3763 1844 3838">
    <p class='ocr_par' dir='ltr' id='par_1_71' title="bbox 267 3763 1844 3838">
     <span class='ocr_line' id='line_1_71' title="bbox 267 3763 1844 3838; baseline 0.004 -21"><span class='ocrx_word' id='word_1_481' title='bbox 267 3763 436 3833; x_wconf 84' lang='grc' dir='ltr'>δίκην</span> <span class='ocrx_word' id='word_1_482' title='bbox 461 3765 516 3818; x_wconf 88' lang='grc' dir='ltr'><strong>αί</strong></span> <span class='ocrx_word' id='word_1_483' title='bbox 548 3765 884 3835; x_wconf 80' lang='grc' dir='ltr'>ἀθετήσασαι</span> <span class='ocrx_word' id='word_1_484' title='bbox 917 3764 1086 3836; x_wconf 82' lang='grc' dir='ltr'>χῆραι</span> <span class='ocrx_word' id='word_1_485' title='bbox 1136 3766 1238 3837; x_wconf 78' lang='grc' dir='ltr'><strong>τήν</strong></span> <span class='ocrx_word' id='word_1_486' title='bbox 1307 3768 1600 3838; x_wconf 83' lang='grc' dir='ltr'>ὁμολογίαν</span> <span class='ocrx_word' id='word_1_487' title='bbox 1641 3769 1844 3835; x_wconf 69' lang='grc' dir='ltr'>αὐτῶν,</span> 
     </span>
    </p>
   </div>
   <div class='ocr_carea' id='block_1_72' title="bbox 271 3856 1848 3930">
    <p class='ocr_par' dir='ltr' id='par_1_72' title="bbox 271 3856 1848 3930">
     <span class='ocr_line' id='line_1_72' title="bbox 271 3856 1848 3930; baseline 0.004 -23"><span class='ocrx_word' id='word_1_488' title='bbox 271 3856 460 3928; x_wconf 78' lang='grc' dir='ltr'>πολλῷ</span> <span class='ocrx_word' id='word_1_489' title='bbox 485 3857 648 3910; x_wconf 86' lang='grc' dir='ltr'>πλέον</span> <span class='ocrx_word' id='word_1_490' title='bbox 671 3858 726 3912; x_wconf 89' lang='grc' dir='ltr'><strong>αί</strong></span> <span class='ocrx_word' id='word_1_491' title='bbox 756 3856 1017 3929; x_wconf 86' lang='grc' dir='ltr'>παρθένοι</span> <span class='ocrx_word' id='word_1_492' title='bbox 1077 3860 1600 3930; x_wconf 80' lang='grc' dir='ltr'>κατακριθήσονται.</span> <span class='ocrx_word' id='word_1_493' title='bbox 1655 3860 1848 3914; x_wconf 80' lang='grc' dir='ltr'>Ὡσαύ-</span> 
     </span>
    </p>
   </div>
   <div class='ocr_carea' id='block_1_73' title="bbox 269 3949 1848 4022">
    <p class='ocr_par' dir='ltr' id='par_1_73' title="bbox 269 3949 1848 4022">
     <span class='ocr_line' id='line_1_73' title="bbox 269 3949 1848 4022; baseline 0.002 -19"><span class='ocrx_word' id='word_1_494' title='bbox 269 3966 382 4009; x_wconf 90' lang='grc' dir='ltr'><strong>τως</strong></span> <span class='ocrx_word' id='word_1_495' title='bbox 409 3949 742 4018; x_wconf 75' lang='grc' dir='ltr'>παρεικάζει</span> <span class='ocrx_word' id='word_1_496' title='bbox 765 3952 864 4022; x_wconf 72' lang='grc' dir='ltr'>τὴν</span> <span class='ocrx_word' id='word_1_497' title='bbox 897 3950 997 4020; x_wconf 72' lang='grc' dir='ltr'><strong>μιν</strong></span> <span class='ocrx_word' id='word_1_498' title='bbox 1029 3950 1206 4020; x_wconf 79' lang='grc' dir='ltr'>χήραν</span> <span class='ocrx_word' id='word_1_499' title='bbox 1233 3950 1418 4022; x_wconf 74' lang='grc' dir='ltr'>δούλη,</span> <span class='ocrx_word' id='word_1_500' title='bbox 1475 3951 1574 4021; x_wconf 80' lang='grc' dir='ltr'><strong>τὴν</strong></span> <span class='ocrx_word' id='word_1_501' title='bbox 1608 3953 1666 4006; x_wconf 75' lang='grc' dir='ltr'>δὲ</span> <span class='ocrx_word' id='word_1_502' title='bbox 1705 3969 1848 4022; x_wconf 82' lang='grc' dir='ltr'>παρ·</span> 
     </span>
    </p>
   </div>
   <div class='ocr_carea' id='block_1_74' title="bbox 271 4042 1846 4115">
    <p class='ocr_par' dir='ltr' id='par_1_74' title="bbox 271 4042 1846 4115">
     <span class='ocr_line' id='line_1_74' title="bbox 271 4042 1846 4115; baseline 0 -19"><span class='ocrx_word' id='word_1_503' title='bbox 271 4043 430 4096; x_wconf 80' lang='grc' dir='ltr'>θένον</span> <span class='ocrx_word' id='word_1_504' title='bbox 480 4042 668 4115; x_wconf 78' lang='grc' dir='ltr'>νύμφῃ</span> <span class='ocrx_word' id='word_1_505' title='bbox 695 4043 842 4106; x_wconf 79' lang='grc' dir='ltr'>τινὸς</span> <span class='ocrx_word' id='word_1_506' title='bbox 873 4043 1280 4108; x_wconf 75' lang='grc' dir='ltr'>οἰκοδεσπότου,</span> <span class='ocrx_word' id='word_1_507' title='bbox 1302 4045 1396 4096; x_wconf 80' lang='grc' dir='ltr'><strong>καὶ</strong></span> <span class='ocrx_word' id='word_1_508' title='bbox 1449 4043 1592 4096; x_wconf 75' lang='grc' dir='ltr'>οὕτω</span> <span class='ocrx_word' id='word_1_509' title='bbox 1622 4044 1846 4113; x_wconf 86' lang='grc' dir='ltr'>συνάγει</span> 
     </span>
    </p>
   </div>
   <div class='ocr_carea' id='block_1_75' title="bbox 271 4131 1845 4204">
    <p class='ocr_par' dir='ltr' id='par_1_75' title="bbox 271 4131 1845 4204">
     <span class='ocr_line' id='line_1_75' title="bbox 271 4131 1845 4204; baseline 0.001 -18"><span class='ocrx_word' id='word_1_510' title='bbox 271 4133 386 4186; x_wconf 69' lang='grc' dir='ltr'><strong>ἀπδ</strong></span> <span class='ocrx_word' id='word_1_511' title='bbox 423 4133 646 4186; x_wconf 85' lang='grc' dir='ltr'>πάντων</span> <span class='ocrx_word' id='word_1_512' title='bbox 693 4131 875 4195; x_wconf 83' lang='grc' dir='ltr'>καλῶς</span> <span class='ocrx_word' id='word_1_513' title='bbox 942 4132 1264 4186; x_wconf 79' lang='grc' dir='ltr'>ὑποκεῖσθαι</span> <span class='ocrx_word' id='word_1_514' title='bbox 1317 4133 1394 4203; x_wconf 86' lang='grc' dir='ltr'><strong>τῷ</strong></span> <span class='ocrx_word' id='word_1_515' title='bbox 1457 4134 1554 4202; x_wconf 77' lang='grc' dir='ltr'>τῆς</span> <span class='ocrx_word' id='word_1_516' title='bbox 1603 4136 1845 4204; x_wconf 84' lang='grc' dir='ltr'>μοιχείας</span> 
     </span>
    </p>
   </div>
   <div class='ocr_carea' id='block_1_76' title="bbox 271 4218 1812 4293">
    <p class='ocr_par' dir='ltr' id='par_1_76' title="bbox 271 4218 1812 4293">
     <span class='ocr_line' id='line_1_76' title="bbox 271 4218 1812 4293; baseline 0 -17"><span class='ocrx_word' id='word_1_517' title='bbox 271 4225 592 4293; x_wconf 70' lang='grc' dir='ltr'>ἐγκλήματι</span> <span class='ocrx_word' id='word_1_518' title='bbox 619 4223 718 4286; x_wconf 90' lang='grc' dir='ltr'><strong>τάς</strong></span> <span class='ocrx_word' id='word_1_519' title='bbox 771 4222 1111 4283; x_wconf 69' lang='grc' dir='ltr'>ἐκπεσούσας</span> <span class='ocrx_word' id='word_1_520' title='bbox 1146 4223 1472 4292; x_wconf 79' lang='grc' dir='ltr'>παρθένους.</span> <span class='ocrx_word' id='word_1_521' title='bbox 1509 4218 1644 4276; x_wconf 83' lang='grc' dir='ltr'>Εἶτα</span> <span class='ocrx_word' id='word_1_522' title='bbox 1719 4227 1812 4276; x_wconf 80' lang='grc' dir='ltr'>ὲπι</span> 
     </span>
    </p>
   </div>
   <div class='ocr_carea' id='block_1_77' title="bbox 273 4313 1848 4386">
    <p class='ocr_par' dir='ltr' id='par_1_77' title="bbox 273 4313 1848 4386">
     <span class='ocr_line' id='line_1_77' title="bbox 273 4313 1848 4386; baseline -0.001 -16"><span class='ocrx_word' id='word_1_523' title='bbox 273 4319 437 4386; x_wconf 82' lang='grc' dir='ltr'>φέρει</span> <span class='ocrx_word' id='word_1_524' title='bbox 463 4316 548 4368; x_wconf 84' lang='grc' dir='ltr'>ὅτι</span> <span class='ocrx_word' id='word_1_525' title='bbox 592 4314 721 4384; x_wconf 78' lang='grc' dir='ltr'>περὶ</span> <span class='ocrx_word' id='word_1_526' title='bbox 751 4315 976 4368; x_wconf 72' lang='grc' dir='ltr'>ίκείνων</span> <span class='ocrx_word' id='word_1_527' title='bbox 1006 4313 1115 4367; x_wconf 84' lang='grc' dir='ltr'><strong>τῶν</strong></span> <span class='ocrx_word' id='word_1_528' title='bbox 1179 4313 1468 4383; x_wconf 80' lang='grc' dir='ltr'>παρθένων</span> <span class='ocrx_word' id='word_1_529' title='bbox 1537 4313 1848 4382; x_wconf 69' lang='grc' dir='ltr'>διαλέγεται</span> 
     </span>
    </p>
   </div>
   <div class='ocr_carea' id='block_1_78' title="bbox 269 4405 1849 4475">
    <p class='ocr_par' dir='ltr' id='par_1_78' title="bbox 269 4405 1849 4475">
     <span class='ocr_line' id='line_1_78' title="bbox 269 4405 1849 4475; baseline -0.002 -14"><span class='ocrx_word' id='word_1_530' title='bbox 269 4409 384 4462; x_wconf 82' lang='grc' dir='ltr'><strong>τῶν</strong></span> <span class='ocrx_word' id='word_1_531' title='bbox 414 4406 678 4469; x_wconf 68' lang='grc' dir='ltr'>ἑκουσίως</span> <span class='ocrx_word' id='word_1_532' title='bbox 714 4406 918 4468; x_wconf 81' lang='grc' dir='ltr'>έαυτάς</span> <span class='ocrx_word' id='word_1_533' title='bbox 941 4405 1337 4473; x_wconf 85' lang='grc' dir='ltr'>προσαγουσῶν</span> <span class='ocrx_word' id='word_1_534' title='bbox 1388 4405 1466 4474; x_wconf 81' lang='grc' dir='ltr'>τῷ</span> <span class='ocrx_word' id='word_1_535' title='bbox 1514 4405 1723 4475; x_wconf 77' lang='grc' dir='ltr'>Κυρίῳ,</span> <span class='ocrx_word' id='word_1_536' title='bbox 1755 4407 1849 4460; x_wconf 69' lang='grc' dir='ltr'>καὶ</span> 
     </span>
    </p>
   </div>
   <div class='ocr_carea' id='block_1_79' title="bbox 1946 3307 3509 3380">
    <p class='ocr_par' dir='ltr' id='par_1_79' title="bbox 1946 3307 3509 3380">
     <span class='ocr_line' id='line_1_79' title="bbox 1946 3307 3509 3380; baseline 0.004 -18"><span class='ocrx_word' id='word_1_537' title='bbox 1946 3307 2146 3363; x_wconf 88' lang='lat' dir='ltr'><strong>debere</strong></span> <span class='ocrx_word' id='word_1_538' title='bbox 2172 3307 2355 3379; x_wconf 90' lang='lat' dir='ltr'><strong>potius</strong></span> <span class='ocrx_word' id='word_1_539' title='bbox 2386 3318 2444 3363; x_wconf 90' lang='lat' dir='ltr'><strong>ut</strong></span> <span class='ocrx_word' id='word_1_540' title='bbox 2471 3308 2748 3364; x_wconf 86' lang='lat' dir='ltr'><strong>adulteras</strong></span> <span class='ocrx_word' id='word_1_541' title='bbox 2771 3310 2972 3380; x_wconf 89' lang='lat' dir='ltr'><strong>puniri.</strong></span> <span class='ocrx_word' id='word_1_542' title='bbox 3007 3311 3073 3364; x_wconf 86' lang='lat' dir='ltr'><strong>Et</strong></span> <span class='ocrx_word' id='word_1_543' title='bbox 3117 3312 3319 3367; x_wconf 87' lang='lat' dir='ltr'><strong>dicunn</strong></span> <span class='ocrx_word' id='word_1_544' title='bbox 3354 3329 3509 3369; x_wconf 69' lang='lat' dir='ltr'><strong>suum</strong></span> 
     </span>
    </p>
   </div>
   <div class='ocr_carea' id='block_1_80' title="bbox 1947 3398 3515 3468">
    <p class='ocr_par' dir='ltr' id='par_1_80' title="bbox 1947 3398 3515 3468">
     <span class='ocr_line' id='line_1_80' title="bbox 1947 3398 3515 3468; baseline 0.004 -16"><span class='ocrx_word' id='word_1_545' title='bbox 1947 3398 2074 3452; x_wconf 84' lang='lat' dir='ltr'><strong>hinc</strong></span> <span class='ocrx_word' id='word_1_546' title='bbox 2102 3399 2441 3467; x_wconf 85' lang='lat' dir='ltr'><strong>comprobat,</strong></span> <span class='ocrx_word' id='word_1_547' title='bbox 2493 3399 2702 3465; x_wconf 90' lang='lat' dir='ltr'><strong>dicens,</strong></span> <span class='ocrx_word' id='word_1_548' title='bbox 2733 3401 2874 3468; x_wconf 87' lang='lat' dir='ltr'><strong>quod</strong></span> <span class='ocrx_word' id='word_1_549' title='bbox 2924 3401 3156 3457; x_wconf 81' lang='lat' dir='ltr'><strong>viduitas</strong></span> <span class='ocrx_word' id='word_1_550' title='bbox 3208 3413 3291 3458; x_wconf 85' lang='lat' dir='ltr'><strong>cst</strong></span> <span class='ocrx_word' id='word_1_551' title='bbox 3341 3406 3515 3459; x_wconf 84' lang='lat' dir='ltr'><strong>tttinm&#39;</strong></span> 
     </span>
    </p>
   </div>
   <div class='ocr_carea' id='block_1_81' title="bbox 1946 3489 3516 3562">
    <p class='ocr_par' dir='ltr' id='par_1_81' title="bbox 1946 3489 3516 3562">
     <span class='ocr_line' id='line_1_81' title="bbox 1946 3489 3516 3562; baseline 0.005 -20"><span class='ocrx_word' id='word_1_552' title='bbox 1946 3489 2277 3558; x_wconf 85' lang='lat' dir='ltr'><strong>virginitate.</strong></span> <span class='ocrx_word' id='word_1_553' title='bbox 2311 3490 2369 3546; x_wconf 87' lang='lat' dir='ltr'><strong>Si</strong></span> <span class='ocrx_word' id='word_1_554' title='bbox 2435 3506 2600 3562; x_wconf 87' lang='lat' dir='ltr'><strong>ergo,</strong></span> <span class='ocrx_word' id='word_1_555' title='bbox 2661 3501 2719 3545; x_wconf 91' lang='lat' dir='ltr'><strong>ut</strong></span> <span class='ocrx_word' id='word_1_556' title='bbox 2755 3492 2885 3546; x_wconf 89' lang='lat' dir='ltr'><strong>dicit</strong></span> <span class='ocrx_word' id='word_1_557' title='bbox 2937 3493 3248 3560; x_wconf 81' lang='lat' dir='ltr'><strong>Apostolus,</strong></span> <span class='ocrx_word' id='word_1_558' title='bbox 3314 3495 3516 3552; x_wconf 77' lang='lat' dir='ltr'><strong>habent</strong></span> 
     </span>
    </p>
   </div>
   <div class='ocr_carea' id='block_1_82' title="bbox 1941 3580 3516 3657">
    <p class='ocr_par' dir='ltr' id='par_1_82' title="bbox 1941 3580 3516 3657">
     <span class='ocr_line' id='line_1_82' title="bbox 1941 3580 3516 3657; baseline 0.006 -27"><span class='ocrx_word' id='word_1_559' title='bbox 1941 3580 2202 3649; x_wconf 79' lang='lat' dir='ltr'><strong>judicium</strong></span> <span class='ocrx_word' id='word_1_560' title='bbox 2233 3596 2327 3636; x_wconf 87' lang='lat' dir='ltr'><strong>seu</strong></span> <span class='ocrx_word' id='word_1_561' title='bbox 2359 3581 2788 3637; x_wconf 78' lang='lat' dir='ltr'><strong>condemnamur</strong></span> <span class='ocrx_word' id='word_1_562' title='bbox 2808 3582 3005 3648; x_wconf 62' lang='lat' dir='ltr'><strong>viduae,</strong></span> <span class='ocrx_word' id='word_1_563' title='bbox 3029 3597 3148 3651; x_wconf 74' lang='lat' dir='ltr'><strong>qua:</strong></span> <span class='ocrx_word' id='word_1_564' title='bbox 3209 3601 3360 3639; x_wconf 88' lang='lat' dir='ltr'><strong>suam</strong></span> <span class='ocrx_word' id='word_1_565' title='bbox 3393 3605 3516 3657; x_wconf 87' lang='lat' dir='ltr'><strong>pro-</strong></span> 
     </span>
    </p>
   </div>
   <div class='ocr_carea' id='block_1_83' title="bbox 1949 3669 3514 3745">
    <p class='ocr_par' dir='ltr' id='par_1_83' title="bbox 1949 3669 3514 3745">
     <span class='ocr_line' id='line_1_83' title="bbox 1949 3669 3514 3745; baseline 0.006 -21"><span class='ocrx_word' id='word_1_566' title='bbox 1949 3669 2236 3727; x_wconf 85' lang='lat' dir='ltr'><strong>fessionem</strong></span> <span class='ocrx_word' id='word_1_567' title='bbox 2283 3673 2493 3728; x_wconf 86' lang='lat' dir='ltr'><strong>irritam</strong></span> <span class='ocrx_word' id='word_1_568' title='bbox 2527 3673 2759 3738; x_wconf 87' lang='lat' dir='ltr'><strong>faciunt,</strong></span> <span class='ocrx_word' id='word_1_569' title='bbox 2817 3673 2984 3728; x_wconf 88' lang='lat' dir='ltr'><strong>multo</strong></span> <span class='ocrx_word' id='word_1_570' title='bbox 3027 3676 3200 3745; x_wconf 87' lang='lat' dir='ltr'><strong>magis</strong></span> <span class='ocrx_word' id='word_1_571' title='bbox 3255 3679 3514 3733; x_wconf 86' lang='lat' dir='ltr'><strong>condem-</strong></span> 
     </span>
    </p>
   </div>
   <div class='ocr_carea' id='block_1_84' title="bbox 1949 3762 3512 3836">
    <p class='ocr_par' dir='ltr' id='par_1_84' title="bbox 1949 3762 3512 3836">
     <span class='ocr_line' id='line_1_84' title="bbox 1949 3762 3512 3836; baseline 0.003 -19"><span class='ocrx_word' id='word_1_572' title='bbox 1949 3762 2220 3818; x_wconf 85' lang='lat' dir='ltr'><strong>nabuntur</strong></span> <span class='ocrx_word' id='word_1_573' title='bbox 2263 3763 2520 3836; x_wconf 75' lang='lat' dir='ltr'><strong>virgines.</strong></span> <span class='ocrx_word' id='word_1_574' title='bbox 2542 3763 2804 3819; x_wconf 72' lang='lat' dir='ltr'><strong>Similiter</strong></span> <span class='ocrx_word' id='word_1_575' title='bbox 2834 3764 3040 3819; x_wconf 76' lang='lat' dir='ltr'><strong>ancilla:</strong></span> <span class='ocrx_word' id='word_1_576' title='bbox 3065 3766 3277 3834; x_wconf 82' lang='lat' dir='ltr'><strong>quidem</strong></span> <span class='ocrx_word' id='word_1_577' title='bbox 3301 3767 3512 3822; x_wconf 82' lang='lat' dir='ltr'><strong>viduam</strong></span> 
     </span>
    </p>
   </div>
   <div class='ocr_carea' id='block_1_85' title="bbox 1947 3852 3515 3926">
    <p class='ocr_par' dir='ltr' id='par_1_85' title="bbox 1947 3852 3515 3926">
     <span class='ocr_line' id='line_1_85' title="bbox 1947 3852 3515 3926; baseline 0.005 -23"><span class='ocrx_word' id='word_1_578' title='bbox 1947 3852 2243 3920; x_wconf 86' lang='lat' dir='ltr'><strong>assimilat;</strong></span> <span class='ocrx_word' id='word_1_579' title='bbox 2283 3854 2549 3924; x_wconf 83' lang='lat' dir='ltr'><strong>virginem</strong></span> <span class='ocrx_word' id='word_1_580' title='bbox 2577 3869 2708 3908; x_wconf 88' lang='lat' dir='ltr'><strong>vero</strong></span> <span class='ocrx_word' id='word_1_581' title='bbox 2764 3868 2979 3924; x_wconf 61' lang='lat' dir='ltr'><strong>sponsa</strong></span> <span class='ocrx_word' id='word_1_582' title='bbox 3039 3856 3267 3925; x_wconf 88' lang='lat' dir='ltr'><strong>alicujus</strong></span> <span class='ocrx_word' id='word_1_583' title='bbox 3317 3862 3515 3926; x_wconf 82' lang='lat' dir='ltr'><strong>pattis-</strong></span> 
     </span>
    </p>
   </div>
   <div class='ocr_carea' id='block_1_86' title="bbox 1951 3940 3516 4011">
    <p class='ocr_par' dir='ltr' id='par_1_86' title="bbox 1951 3940 3516 4011">
     <span class='ocr_line' id='line_1_86' title="bbox 1951 3940 3516 4011; baseline 0.002 -18"><span class='ocrx_word' id='word_1_584' title='bbox 1951 3940 2221 3997; x_wconf 85' lang='lat' dir='ltr'><strong>familias:</strong></span> <span class='ocrx_word' id='word_1_585' title='bbox 2253 3941 2403 3994; x_wconf 82' lang='lat' dir='ltr'><strong>etita</strong></span> <span class='ocrx_word' id='word_1_586' title='bbox 2433 3956 2498 3996; x_wconf 80' lang='lat' dir='ltr'><strong>ex</strong></span> <span class='ocrx_word' id='word_1_587' title='bbox 2529 3941 2782 3995; x_wconf 85' lang='lat' dir='ltr'><strong>omnibus</strong></span> <span class='ocrx_word' id='word_1_588' title='bbox 2839 3940 3043 4011; x_wconf 84' lang='lat' dir='ltr'><strong>colligit</strong></span> <span class='ocrx_word' id='word_1_589' title='bbox 3103 3942 3350 3997; x_wconf 81' lang='lat' dir='ltr'><strong>adulterii</strong></span> <span class='ocrx_word' id='word_1_590' title='bbox 3403 3946 3516 3997; x_wconf 84' lang='lat' dir='ltr'><strong>cri-</strong></span> 
     </span>
    </p>
   </div>
   <div class='ocr_carea' id='block_1_87' title="bbox 1952 4030 3518 4101">
    <p class='ocr_par' dir='ltr' id='par_1_87' title="bbox 1952 4030 3518 4101">
     <span class='ocr_line' id='line_1_87' title="bbox 1952 4030 3518 4101; baseline 0.003 -18"><span class='ocrx_word' id='word_1_591' title='bbox 1952 4030 2098 4084; x_wconf 87' lang='lat' dir='ltr'><strong>mine</strong></span> <span class='ocrx_word' id='word_1_592' title='bbox 2131 4040 2276 4084; x_wconf 90' lang='lat' dir='ltr'><strong>recte</strong></span> <span class='ocrx_word' id='word_1_593' title='bbox 2303 4032 2474 4085; x_wconf 88' lang='lat' dir='ltr'><strong>teneri</strong></span> <span class='ocrx_word' id='word_1_594' title='bbox 2523 4031 2701 4100; x_wconf 83' lang='lat' dir='ltr'><strong>lapsas</strong></span> <span class='ocrx_word' id='word_1_595' title='bbox 2725 4031 2982 4101; x_wconf 83' lang='lat' dir='ltr'><strong>virgines.</strong></span> <span class='ocrx_word' id='word_1_596' title='bbox 3042 4032 3243 4086; x_wconf 83' lang='lat' dir='ltr'><strong>Deinde</strong></span> <span class='ocrx_word' id='word_1_597' title='bbox 3295 4034 3518 4101; x_wconf 78' lang='lat' dir='ltr'><strong>subjun-</strong></span> 
     </span>
    </p>
   </div>
   <div class='ocr_carea' id='block_1_88' title="bbox 1952 4121 3514 4192">
    <p class='ocr_par' dir='ltr' id='par_1_88' title="bbox 1952 4121 3514 4192">
     <span class='ocr_line' id='line_1_88' title="bbox 1952 4121 3514 4192; baseline 0.002 -19"><span class='ocrx_word' id='word_1_598' title='bbox 1952 4121 2049 4190; x_wconf 91' lang='lat' dir='ltr'><strong>git,</strong></span> <span class='ocrx_word' id='word_1_599' title='bbox 2072 4135 2132 4176; x_wconf 89' lang='lat' dir='ltr'><strong>se</strong></span> <span class='ocrx_word' id='word_1_600' title='bbox 2162 4123 2226 4175; x_wconf 90' lang='lat' dir='ltr'><strong>de</strong></span> <span class='ocrx_word' id='word_1_601' title='bbox 2255 4121 2362 4175; x_wconf 85' lang='lat' dir='ltr'><strong>ilis</strong></span> <span class='ocrx_word' id='word_1_602' title='bbox 2393 4121 2690 4191; x_wconf 81' lang='lat' dir='ltr'><strong>virginibus</strong></span> <span class='ocrx_word' id='word_1_603' title='bbox 2735 4123 2936 4184; x_wconf 88' lang='lat' dir='ltr'><strong>dicere,</strong></span> <span class='ocrx_word' id='word_1_604' title='bbox 2990 4137 3112 4192; x_wconf 82' lang='lat' dir='ltr'><strong>qua:</strong></span> <span class='ocrx_word' id='word_1_605' title='bbox 3170 4138 3228 4176; x_wconf 87' lang='lat' dir='ltr'><strong>sc</strong></span> <span class='ocrx_word' id='word_1_606' title='bbox 3285 4123 3514 4178; x_wconf 85' lang='lat' dir='ltr'><strong>Dominn</strong></span> 
     </span>
    </p>
   </div>
   <div class='ocr_carea' id='block_1_89' title="bbox 1949 4213 3516 4281">
    <p class='ocr_par' dir='ltr' id='par_1_89' title="bbox 1949 4213 3516 4281">
     <span class='ocr_line' id='line_1_89' title="bbox 1949 4213 3516 4281; baseline 0.002 -15"><span class='ocrx_word' id='word_1_607' title='bbox 1949 4227 2046 4266; x_wconf 89' lang='lat' dir='ltr'><strong>sua</strong></span> <span class='ocrx_word' id='word_1_608' title='bbox 2079 4221 2268 4281; x_wconf 88' lang='lat' dir='ltr'><strong>sponte</strong></span> <span class='ocrx_word' id='word_1_609' title='bbox 2290 4213 2624 4275; x_wconf 85' lang='lat' dir='ltr'><strong>obtulerunt,</strong></span> <span class='ocrx_word' id='word_1_610' title='bbox 2655 4223 2710 4268; x_wconf 91' lang='lat' dir='ltr'><strong>et</strong></span> <span class='ocrx_word' id='word_1_611' title='bbox 2739 4213 3090 4267; x_wconf 90' lang='lat' dir='ltr'><strong>matrimonio</strong></span> <span class='ocrx_word' id='word_1_612' title='bbox 3134 4215 3516 4269; x_wconf 72' lang='lat' dir='ltr'><strong>renuntiarunt</strong></span> 
     </span>
    </p>
   </div>
   <div class='ocr_carea' id='block_1_90' title="bbox 1949 4302 3513 4373">
    <p class='ocr_par' dir='ltr' id='par_1_90' title="bbox 1949 4302 3513 4373">
     <span class='ocr_line' id='line_1_90' title="bbox 1949 4302 3513 4373; baseline 0.003 -17"><span class='ocrx_word' id='word_1_613' title='bbox 1949 4303 2005 4356; x_wconf 88' lang='lat' dir='ltr'><strong>in</strong></span> <span class='ocrx_word' id='word_1_614' title='bbox 2071 4313 2227 4358; x_wconf 65' lang='lat' dir='ltr'><strong>aetate</strong></span> <span class='ocrx_word' id='word_1_615' title='bbox 2248 4302 2482 4370; x_wconf 80' lang='lat' dir='ltr'><strong>sedecim</strong></span> <span class='ocrx_word' id='word_1_616' title='bbox 2515 4304 2600 4358; x_wconf 91' lang='lat' dir='ltr'><strong>vel</strong></span> <span class='ocrx_word' id='word_1_617' title='bbox 2649 4302 3033 4373; x_wconf 79' lang='lat' dir='ltr'><strong>septemdecim</strong></span> <span class='ocrx_word' id='word_1_618' title='bbox 3063 4319 3356 4358; x_wconf 86' lang='lat' dir='ltr'><strong>annorum.</strong></span> <span class='ocrx_word' id='word_1_619' title='bbox 3385 4305 3513 4370; x_wconf 76' lang='lat' dir='ltr'><strong>Qum</strong></span> 
     </span>
    </p>
   </div>
   <div class='ocr_carea' id='block_1_91' title="bbox 1951 4394 3514 4465">
    <p class='ocr_par' dir='ltr' id='par_1_91' title="bbox 1951 4394 3514 4465">
     <span class='ocr_line' id='line_1_91' title="bbox 1951 4394 3514 4465; baseline 0.003 -19"><span class='ocrx_word' id='word_1_620' title='bbox 1951 4403 2129 4447; x_wconf 87' lang='lat' dir='ltr'><strong>autem</strong></span> <span class='ocrx_word' id='word_1_621' title='bbox 2155 4394 2206 4446; x_wconf 91' lang='lat' dir='ltr'><strong>in</strong></span> <span class='ocrx_word' id='word_1_622' title='bbox 2229 4394 2420 4448; x_wconf 87' lang='lat' dir='ltr'><strong>minori</strong></span> <span class='ocrx_word' id='word_1_623' title='bbox 2450 4403 2614 4448; x_wconf 69' lang='lat' dir='ltr'><strong>aetate</strong></span> <span class='ocrx_word' id='word_1_624' title='bbox 2665 4397 2798 4448; x_wconf 87' lang='lat' dir='ltr'><strong>fiunt</strong></span> <span class='ocrx_word' id='word_1_625' title='bbox 2841 4395 3222 4465; x_wconf 80' lang='lat' dir='ltr'><strong>professiones,</strong></span> <span class='ocrx_word' id='word_1_626' title='bbox 3259 4397 3386 4452; x_wconf 90' lang='lat' dir='ltr'><strong>dicit</strong></span> <span class='ocrx_word' id='word_1_627' title='bbox 3409 4414 3514 4451; x_wconf 92' lang='lat' dir='ltr'><strong>non</strong></span> 
     </span>
    </p>
   </div>
   <div class='ocr_carea' id='block_1_92' title="bbox 271 4483 1846 4566">
    <p class='ocr_par' dir='ltr' id='par_1_92' title="bbox 271 4497 1846 4566">
     <span class='ocr_line' id='line_1_92' title="bbox 271 4497 1846 4566; baseline -0.002 -14"><span class='ocrx_word' id='word_1_628' title='bbox 271 4498 708 4566; x_wconf 75' lang='grc' dir='ltr'>ἀποταξαμένων</span> <span class='ocrx_word' id='word_1_629' title='bbox 736 4498 816 4566; x_wconf 85' lang='grc' dir='ltr'>τῷ</span> <span class='ocrx_word' id='word_1_630' title='bbox 857 4497 1021 4566; x_wconf 86' lang='grc' dir='ltr'>γάμῳ</span> <span class='ocrx_word' id='word_1_631' title='bbox 1085 4501 1142 4548; x_wconf 75' lang='grc' dir='ltr'><strong>εν</strong></span> <span class='ocrx_word' id='word_1_632' title='bbox 1203 4497 1389 4566; x_wconf 61' lang='grc' dir='ltr'>ἡλικίᾳ</span> <span class='ocrx_word' id='word_1_633' title='bbox 1455 4497 1846 4562; x_wconf 80' lang='grc' dir='ltr'>έξκαιδεκάτου</span> 
     </span>
    </p>
   </div>
   <div class='ocr_carea' id='block_1_93' title="bbox 1950 4483 3518 4566">
    <p class='ocr_par' dir='ltr' id='par_1_93' title="bbox 1953 4483 3518 4556">
     <span class='ocr_line' id='line_1_93' title="bbox 1953 4483 3518 4556; baseline 0.003 -20"><span class='ocrx_word' id='word_1_634' title='bbox 1953 4485 2163 4537; x_wconf 84' lang='lat' dir='ltr'><strong>admitti</strong></span> <span class='ocrx_word' id='word_1_635' title='bbox 2196 4485 2414 4538; x_wconf 86' lang='lat' dir='ltr'><strong>debere.</strong></span> <span class='ocrx_word' id='word_1_636' title='bbox 2440 4484 2631 4538; x_wconf 80' lang='lat' dir='ltr'><strong>Multas</strong></span> <span class='ocrx_word' id='word_1_637' title='bbox 2655 4484 2822 4550; x_wconf 88' lang='lat' dir='ltr'><strong>enim,</strong></span> <span class='ocrx_word' id='word_1_638' title='bbox 2883 4485 3090 4553; x_wconf 90' lang='lat' dir='ltr'><strong>inquit,</strong></span> <span class='ocrx_word' id='word_1_639' title='bbox 3141 4483 3372 4540; x_wconf 78' lang='lat' dir='ltr'><strong>offerunt</strong></span> <span class='ocrx_word' id='word_1_640' title='bbox 3425 4504 3518 4556; x_wconf 89' lang='lat' dir='ltr'><strong>pa-</strong></span> 
     </span>
    </p>
   </div>
   <div class='ocr_carea' id='block_1_94' title="bbox 277 4563 1846 4660">
    <p class='ocr_par' dir='ltr' id='par_1_94' title="bbox 277 4563 1846 4660">
     <span class='ocr_line' id='line_1_94' title="bbox 277 4563 1846 4660; baseline -0.003 -17"><span class='ocrx_word' id='word_1_641' title='bbox 277 4591 476 4660; x_wconf 81' lang='grc' dir='ltr'>χρόνου</span> <span class='ocrx_word' id='word_1_642' title='bbox 505 4563 1053 4656; x_wconf 24' lang='grc' dir='ltr'>ῆ-ὁπτακαιδεκάτονυ.</span> <span class='ocrx_word' id='word_1_643' title='bbox 1100 4563 1298 4650; x_wconf 23' lang='grc' dir='ltr'>Τάςνδδ</span> <span class='ocrx_word' id='word_1_644' title='bbox 1332 4563 1422 4638; x_wconf 66' lang='grc' dir='ltr'><strong>ἐπὶ</strong></span> <span class='ocrx_word' id='word_1_645' title='bbox 1449 4587 1634 4654; x_wconf 81' lang='grc' dir='ltr'>ἥττονι</span> <span class='ocrx_word' id='word_1_646' title='bbox 1669 4590 1846 4655; x_wconf 66' lang='grc' dir='ltr'>χρόνῳ</span> 
     </span>
    </p>
   </div>
   <div class='ocr_carea' id='block_1_95' title="bbox 1950 4563 3516 4660">
    <p class='ocr_par' dir='ltr' id='par_1_95' title="bbox 1952 4575 3516 4647">
     <span class='ocr_line' id='line_1_95' title="bbox 1952 4575 3516 4647; baseline 0.001 -19"><span class='ocrx_word' id='word_1_647' title='bbox 1952 4584 2064 4632; x_wconf 88' lang='lat' dir='ltr'><strong>tres</strong></span> <span class='ocrx_word' id='word_1_648' title='bbox 2094 4577 2254 4629; x_wconf 89' lang='lat' dir='ltr'><strong>etiam</strong></span> <span class='ocrx_word' id='word_1_649' title='bbox 2285 4575 2500 4637; x_wconf 86' lang='lat' dir='ltr'><strong>invitas,</strong></span> <span class='ocrx_word' id='word_1_650' title='bbox 2535 4586 2753 4644; x_wconf 83' lang='lat' dir='ltr'><strong>propter</strong></span> <span class='ocrx_word' id='word_1_651' title='bbox 2771 4585 3137 4644; x_wconf 87' lang='lat' dir='ltr'><strong>paupertatem</strong></span> <span class='ocrx_word' id='word_1_652' title='bbox 3164 4578 3247 4630; x_wconf 90' lang='lat' dir='ltr'><strong>vel</strong></span> <span class='ocrx_word' id='word_1_653' title='bbox 3275 4577 3516 4647; x_wconf 74' lang='lat' dir='ltr'><strong>aliquant</strong></span> 
     </span>
    </p>
   </div>
   <div class='ocr_carea' id='block_1_96' title="bbox 275 4675 1844 4752">
    <p class='ocr_par' dir='ltr' id='par_1_96' title="bbox 275 4675 1844 4752">
     <span class='ocr_line' id='line_1_96' title="bbox 275 4675 1844 4752; baseline -0.004 -17"><span class='ocrx_word' id='word_1_654' title='bbox 275 4683 574 4752; x_wconf 68' lang='grc' dir='ltr'>γινομένας</span> <span class='ocrx_word' id='word_1_655' title='bbox 602 4679 891 4750; x_wconf 84' lang='grc' dir='ltr'>ὁμολογίας</span> <span class='ocrx_word' id='word_1_656' title='bbox 921 4680 1056 4747; x_wconf 73' lang='grc' dir='ltr'>φησὶ</span> <span class='ocrx_word' id='word_1_657' title='bbox 1078 4678 1155 4746; x_wconf 78' lang='grc' dir='ltr'>μὴ</span> <span class='ocrx_word' id='word_1_658' title='bbox 1187 4675 1596 4746; x_wconf 70' lang='grc' dir='ltr'>προσδέχεσθαι,</span> <span class='ocrx_word' id='word_1_659' title='bbox 1639 4676 1844 4740; x_wconf 78' lang='grc' dir='ltr'>Πολλὰς</span> 
     </span>
    </p>
   </div>
   <div class='ocr_carea' id='block_1_97' title="bbox 277 4767 1846 4843">
    <p class='ocr_par' dir='ltr' id='par_1_97' title="bbox 277 4767 1846 4843">
     <span class='ocr_line' id='line_1_97' title="bbox 277 4767 1846 4843; baseline -0.004 -17"><span class='ocrx_word' id='word_1_660' title='bbox 277 4777 412 4843; x_wconf 75' lang='grc' dir='ltr'>γὰρ,</span> <span class='ocrx_word' id='word_1_661' title='bbox 445 4774 607 4842; x_wconf 77' lang='grc' dir='ltr'>φησὶ,</span> <span class='ocrx_word' id='word_1_662' title='bbox 635 4772 1007 4841; x_wconf 85' lang='grc' dir='ltr'>προσάγουσιν</span> <span class='ocrx_word' id='word_1_663' title='bbox 1027 4770 1076 4821; x_wconf 79' lang='lat' dir='ltr'><strong>ei</strong></span> <span class='ocrx_word' id='word_1_664' title='bbox 1099 4770 1273 4835; x_wconf 78' lang='grc' dir='ltr'>γονεῖς</span> <span class='ocrx_word' id='word_1_665' title='bbox 1291 4770 1386 4819; x_wconf 72' lang='grc' dir='ltr'>καὶ</span> <span class='ocrx_word' id='word_1_666' title='bbox 1419 4768 1493 4836; x_wconf 71' lang='grc' dir='ltr'><strong>μὴ</strong></span> <span class='ocrx_word' id='word_1_667' title='bbox 1515 4767 1846 4836; x_wconf 81' lang='grc' dir='ltr'>βουλομένας</span> 
     </span>
    </p>
   </div>
   <div class='ocr_carea' id='block_1_98' title="bbox 274 4859 1843 4933">
    <p class='ocr_par' dir='ltr' id='par_1_98' title="bbox 274 4859 1843 4933">
     <span class='ocr_line' id='line_1_98' title="bbox 274 4859 1843 4933; baseline -0.004 -16"><span class='ocrx_word' id='word_1_668' title='bbox 274 4865 346 4918; x_wconf 83' lang='grc' dir='ltr'><strong>δι’</strong></span> <span class='ocrx_word' id='word_1_669' title='bbox 369 4865 604 4933; x_wconf 78' lang='grc' dir='ltr'>ἀπορίαν</span> <span class='ocrx_word' id='word_1_670' title='bbox 626 4863 658 4932; x_wconf 77' lang='grc' dir='ltr'>ἢ</span> <span class='ocrx_word' id='word_1_671' title='bbox 679 4863 746 4915; x_wconf 82' lang='grc' dir='ltr'><strong>δι’</strong></span> <span class='ocrx_word' id='word_1_672' title='bbox 769 4862 934 4929; x_wconf 79' lang='grc' dir='ltr'>ἄλλην</span> <span class='ocrx_word' id='word_1_673' title='bbox 952 4862 1072 4912; x_wconf 84' lang='grc' dir='ltr'><strong>τινά</strong></span> <span class='ocrx_word' id='word_1_674' title='bbox 1093 4859 1486 4913; x_wconf 74' lang='grc' dir='ltr'>αἰτίαν.⁴ῐ“αὖτα</span> <span class='ocrx_word' id='word_1_675' title='bbox 1504 4859 1597 4912; x_wconf 77' lang='grc' dir='ltr'><strong>τοῦ</strong></span> <span class='ocrx_word' id='word_1_676' title='bbox 1622 4859 1843 4920; x_wconf 74' lang='grc' dir='ltr'>κανόνος</span> 
     </span>
    </p>
   </div>
   <div class='ocr_carea' id='block_1_99' title="bbox 273 4949 1843 5028">
    <p class='ocr_par' dir='ltr' id='par_1_99' title="bbox 273 4949 1843 5028">
     <span class='ocr_line' id='line_1_99' title="bbox 273 4949 1843 5028; baseline -0.006 -18"><span class='ocrx_word' id='word_1_677' title='bbox 273 4956 680 5028; x_wconf 82' lang='grc' dir='ltr'>διοριζομένου,</span> <span class='ocrx_word' id='word_1_678' title='bbox 727 4954 800 5024; x_wconf 76' lang='grc' dir='ltr'>μη</span> <span class='ocrx_word' id='word_1_679' title='bbox 845 4953 1004 5022; x_wconf 76' lang='grc' dir='ltr'>εἴπῃς</span> <span class='ocrx_word' id='word_1_680' title='bbox 1033 4949 1390 5014; x_wconf 74' lang='grc' dir='ltr'>έξακούεσθαι</span> <span class='ocrx_word' id='word_1_681' title='bbox 1429 4951 1618 5002; x_wconf 82' lang='grc' dir='ltr'>τοῦτον</span> <span class='ocrx_word' id='word_1_682' title='bbox 1647 4951 1742 5003; x_wconf 79' lang='grc' dir='ltr'>καὶ</span> <span class='ocrx_word' id='word_1_683' title='bbox 1765 4952 1843 5012; x_wconf 86' lang='grc' dir='ltr'><strong>είς</strong></span> 
     </span>
    </p>
   </div>
   <div class='ocr_carea' id='block_1_100' title="bbox 279 5039 1840 5120">
    <p class='ocr_par' dir='ltr' id='par_1_100' title="bbox 279 5039 1840 5120">
     <span class='ocr_line' id='line_1_100' title="bbox 279 5039 1840 5120; baseline -0.008 -17"><span class='ocrx_word' id='word_1_684' title='bbox 279 5046 674 5120; x_wconf 75' lang='grc' dir='ltr'>μοναζούσαςῆ</span> <span class='ocrx_word' id='word_1_685' title='bbox 709 5039 1013 5112; x_wconf 73' lang='grc' dir='ltr'>ἀσκητρίας</span> <span class='ocrx_word' id='word_1_686' title='bbox 1043 5059 1057 5073; x_wconf 77' lang='grc' dir='ltr'><strong>ο</strong></span> <span class='ocrx_word' id='word_1_687' title='bbox 1091 5041 1193 5094; x_wconf 73' lang='grc' dir='ltr'>κᾶν</span> <span class='ocrx_word' id='word_1_688' title='bbox 1222 5042 1328 5110; x_wconf 74' lang='grc' dir='ltr'>γὰρ</span> <span class='ocrx_word' id='word_1_689' title='bbox 1359 5041 1418 5092; x_wconf 75' lang='grc' dir='ltr'><strong>έν</strong></span> <span class='ocrx_word' id='word_1_690' title='bbox 1440 5041 1623 5110; x_wconf 74' lang='grc' dir='ltr'>ἥττονι</span> <span class='ocrx_word' id='word_1_691' title='bbox 1664 5040 1840 5110; x_wconf 70' lang='grc' dir='ltr'>πᾶντη</span> 
     </span>
    </p>
   </div>
   <div class='ocr_carea' id='block_1_101' title="bbox 276 5127 1840 5208">
    <p class='ocr_par' dir='ltr' id='par_1_101' title="bbox 276 5127 1840 5208">
     <span class='ocr_line' id='line_1_101' title="bbox 276 5127 1840 5208; baseline -0.006 -20"><span class='ocrx_word' id='word_1_692' title='bbox 276 5139 469 5208; x_wconf 76' lang='grc' dir='ltr'>ἡλικίᾳ</span> <span class='ocrx_word' id='word_1_693' title='bbox 491 5136 590 5206; x_wconf 78' lang='grc' dir='ltr'>τὴν</span> <span class='ocrx_word' id='word_1_694' title='bbox 613 5133 885 5201; x_wconf 81' lang='grc' dir='ltr'>κοσμικὴν</span> <span class='ocrx_word' id='word_1_695' title='bbox 909 5129 1217 5184; x_wconf 84' lang='grc' dir='ltr'>ἀπὸθωνται</span> <span class='ocrx_word' id='word_1_696' title='bbox 1238 5131 1426 5200; x_wconf 82' lang='grc' dir='ltr'>τρίχα,</span> <span class='ocrx_word' id='word_1_697' title='bbox 1446 5127 1641 5198; x_wconf 79' lang='grc' dir='ltr'>βεδαία</span> <span class='ocrx_word' id='word_1_698' title='bbox 1665 5128 1840 5192; x_wconf 66' lang='grc' dir='ltr'>ἔσται,</span> 
     </span>
    </p>
   </div>
   <div class='ocr_carea' id='block_1_102' title="bbox 279 5219 1732 5294">
    <p class='ocr_par' dir='ltr' id='par_1_102' title="bbox 279 5219 1732 5294">
     <span class='ocr_line' id='line_1_102' title="bbox 279 5219 1732 5294; baseline -0.009 -10"><span class='ocrx_word' id='word_1_699' title='bbox 279 5232 357 5294; x_wconf 81' lang='grc' dir='ltr'><strong>ὡς</strong></span> <span class='ocrx_word' id='word_1_700' title='bbox 387 5229 508 5294; x_wconf 66' lang='grc' dir='ltr'>ἐμοὶ</span> <span class='ocrx_word' id='word_1_701' title='bbox 539 5227 706 5286; x_wconf 83' lang='grc' dir='ltr'>δοκεῖ,</span> <span class='ocrx_word' id='word_1_702' title='bbox 740 5225 829 5276; x_wconf 66' lang='grc' dir='ltr'>καὶ</span> <span class='ocrx_word' id='word_1_703' title='bbox 853 5225 932 5285; x_wconf 89' lang='grc' dir='ltr'><strong>είς</strong></span> <span class='ocrx_word' id='word_1_704' title='bbox 960 5223 1018 5273; x_wconf 82' lang='grc' dir='ltr'><strong>τδ</strong></span> <span class='ocrx_word' id='word_1_705' title='bbox 1043 5221 1223 5291; x_wconf 75' lang='grc' dir='ltr'>έξῆςή</span> <span class='ocrx_word' id='word_1_706' title='bbox 1257 5220 1513 5289; x_wconf 82' lang='grc' dir='ltr'>ὁμολογία</span> <span class='ocrx_word' id='word_1_707' title='bbox 1546 5219 1732 5272; x_wconf 79' lang='grc' dir='ltr'>αὐτοῦ.</span> 
     </span>
    </p>
   </div>
   <div class='ocr_carea' id='block_1_103' title="bbox 357 5304 1842 5383">
    <p class='ocr_par' dir='ltr' id='par_1_103' title="bbox 357 5304 1842 5383">
     <span class='ocr_line' id='line_1_103' title="bbox 357 5304 1842 5383; baseline -0.009 -10"><span class='ocrx_word' id='word_1_708' title='bbox 357 5318 606 5373; x_wconf 79' lang='grc' dir='ltr'><strong>ΖΩΝᾹΡ.</strong></span> <span class='ocrx_word' id='word_1_709' title='bbox 659 5315 769 5377; x_wconf 83' lang='grc' dir='ltr'><strong>Τάς</strong></span> <span class='ocrx_word' id='word_1_710' title='bbox 815 5312 1116 5383; x_wconf 83' lang='grc' dir='ltr'>παρθενίαν</span> <span class='ocrx_word' id='word_1_711' title='bbox 1175 5311 1668 5379; x_wconf 65' lang='grc' dir='ltr'>ἐπαγγειλαμένας,</span> <span class='ocrx_word' id='word_1_712' title='bbox 1725 5304 1842 5360; x_wconf 78' lang='grc' dir='ltr'>εἶτα</span> 
     </span>
    </p>
   </div>
   <div class='ocr_carea' id='block_1_104' title="bbox 285 5398 1844 5473">
    <p class='ocr_par' dir='ltr' id='par_1_104' title="bbox 285 5398 1844 5473">
     <span class='ocr_line' id='line_1_104' title="bbox 285 5398 1844 5473; baseline -0.01 -6"><span class='ocrx_word' id='word_1_713' title='bbox 285 5398 626 5471; x_wconf 70' lang='grc' dir='ltr'>ἱκπεσούσας</span> <span class='ocrx_word' id='word_1_714' title='bbox 658 5409 753 5460; x_wconf 79' lang='grc' dir='ltr'><strong>καὶ</strong></span> <span class='ocrx_word' id='word_1_715' title='bbox 789 5406 1138 5473; x_wconf 83' lang='grc' dir='ltr'>ἀθετησάσας</span> <span class='ocrx_word' id='word_1_716' title='bbox 1169 5403 1269 5465; x_wconf 87' lang='grc' dir='ltr'><strong>τάς</strong></span> <span class='ocrx_word' id='word_1_717' title='bbox 1291 5403 1498 5455; x_wconf 74' lang='grc' dir='ltr'>ἑαυτῶν</span> <span class='ocrx_word' id='word_1_718' title='bbox 1550 5402 1844 5468; x_wconf 81' lang='grc' dir='ltr'>συνθήκας,</span> 
     </span>
    </p>
   </div>
   <div class='ocr_carea' id='block_1_105' title="bbox 281 5490 1849 5574">
    <p class='ocr_par' dir='ltr' id='par_1_105' title="bbox 281 5490 1849 5574">
     <span class='ocr_line' id='line_1_105' title="bbox 281 5490 1849 5574; baseline -0.007 -21"><span class='ocrx_word' id='word_1_719' title='bbox 281 5504 404 5574; x_wconf 74' lang='grc' dir='ltr'>ήτοι</span> <span class='ocrx_word' id='word_1_720' title='bbox 437 5499 534 5560; x_wconf 65' lang='grc' dir='ltr'><strong>τὰς</strong></span> <span class='ocrx_word' id='word_1_721' title='bbox 570 5495 912 5564; x_wconf 80' lang='grc' dir='ltr'>ὑποσχέσεις,</span> <span class='ocrx_word' id='word_1_722' title='bbox 947 5495 996 5547; x_wconf 80' lang='lat' dir='ltr'><strong>et</strong></span> <span class='ocrx_word' id='word_1_723' title='bbox 1027 5493 1125 5562; x_wconf 74' lang='grc' dir='ltr'><strong>μεν</strong></span> <span class='ocrx_word' id='word_1_724' title='bbox 1193 5492 1543 5558; x_wconf 87' lang='grc' dir='ltr'>παλαιότεροι</span> <span class='ocrx_word' id='word_1_725' title='bbox 1608 5490 1849 5560; x_wconf 83' lang='grc' dir='ltr'>Πατέρες</span> 
     </span>
    </p>
   </div>
   <div class='ocr_carea' id='block_1_106' title="bbox 281 5575 1849 5659">
    <p class='ocr_par' dir='ltr' id='par_1_106' title="bbox 281 5575 1849 5659">
     <span class='ocr_line' id='line_1_106' title="bbox 281 5575 1849 5659; baseline -0.006 -13"><span class='ocrx_word' id='word_1_726' title='bbox 281 5585 908 5659; x_wconf 77' lang='grc' dir='ltr'>συγκαταδατικώτερον</span> <span class='ocrx_word' id='word_1_727' title='bbox 1000 5585 1391 5655; x_wconf 86' lang='grc' dir='ltr'>διατιθέμενοι,</span> <span class='ocrx_word' id='word_1_728' title='bbox 1447 5585 1522 5645; x_wconf 84' lang='grc' dir='ltr'>ὠς</span> <span class='ocrx_word' id='word_1_729' title='bbox 1571 5575 1760 5644; x_wconf 73' lang='grc' dir='ltr'>οούτος</span> <span class='ocrx_word' id='word_1_730' title='bbox 1821 5584 1849 5636; x_wconf 91' lang='grc' dir='ltr'><strong>ὁ</strong></span> 
     </span>
    </p>
   </div>
   <div class='ocr_carea' id='block_1_107' title="bbox 277 5673 1846 5753">
    <p class='ocr_par' dir='ltr' id='par_1_107' title="bbox 277 5673 1846 5753">
     <span class='ocr_line' id='line_1_107' title="bbox 277 5673 1846 5753; baseline -0.008 -17"><span class='ocrx_word' id='word_1_731' title='bbox 277 5685 437 5753; x_wconf 77' lang='grc' dir='ltr'>ἀγιος</span> <span class='ocrx_word' id='word_1_732' title='bbox 477 5679 648 5746; x_wconf 77' lang='grc' dir='ltr'>λέγει,</span> <span class='ocrx_word' id='word_1_733' title='bbox 686 5678 779 5729; x_wconf 70' lang='lat' dir='ltr'><strong>tui</strong></span> <span class='ocrx_word' id='word_1_734' title='bbox 809 5675 1054 5730; x_wconf 72' lang='grc' dir='ltr'>ένίαυτὸν</span> <span class='ocrx_word' id='word_1_735' title='bbox 1099 5673 1452 5744; x_wconf 76' lang='grc' dir='ltr'>ἀφορίζεσθαι</span> <span class='ocrx_word' id='word_1_736' title='bbox 1518 5673 1846 5738; x_wconf 81' lang='grc' dir='ltr'>διετάξαντο,</span> 
     </span>
    </p>
   </div>
   <div class='ocr_carea' id='block_1_108' title="bbox 281 5757 1846 5845">
    <p class='ocr_par' dir='ltr' id='par_1_108' title="bbox 281 5757 1846 5845">
     <span class='ocr_line' id='line_1_108' title="bbox 281 5757 1846 5845; baseline -0.008 -19"><span class='ocrx_word' id='word_1_737' title='bbox 281 5777 376 5831; x_wconf 61' lang='grc' dir='ltr'>καὶ</span> <span class='ocrx_word' id='word_1_738' title='bbox 408 5771 548 5845; x_wconf 86' lang='grc' dir='ltr'>μετὰ</span> <span class='ocrx_word' id='word_1_739' title='bbox 584 5770 756 5824; x_wconf 81' lang='grc' dir='ltr'>ταῦτα</span> <span class='ocrx_word' id='word_1_740' title='bbox 776 5767 1046 5835; x_wconf 76' lang='grc' dir='ltr'>δέχεσθαι.</span> <span class='ocrx_word' id='word_1_741' title='bbox 1075 5769 1218 5820; x_wconf 69' lang='grc' dir='ltr'>κατὰ</span> <span class='ocrx_word' id='word_1_742' title='bbox 1248 5769 1374 5820; x_wconf 68' lang='grc' dir='ltr'>τοὺς</span> <span class='ocrx_word' id='word_1_743' title='bbox 1422 5765 1448 5817; x_wconf 90' lang='grc' dir='ltr'><strong>δ</strong></span> <span class='ocrx_word' id='word_1_744' title='bbox 1473 5765 1686 5835; x_wconf 72' lang='grc' dir='ltr'>γάμςυς</span> <span class='ocrx_word' id='word_1_745' title='bbox 1712 5780 1723 5791; x_wconf 85' lang='grc'><strong>·</strong></span> <span class='ocrx_word' id='word_1_746' title='bbox 1753 5757 1846 5817; x_wconf 71' lang='grc' dir='ltr'><strong>οὗ.</strong></span> 
     </span>
    </p>
   </div>
   <div class='ocr_carea' id='block_1_109' title="bbox 597 5853 1430 5928">
    <p class='ocr_par' dir='ltr' id='par_1_109' title="bbox 597 5853 1430 5928">
     <span class='ocr_line' id='line_1_109' title="bbox 597 5853 1430 5928; baseline -0.006 -5"><span class='ocrx_word' id='word_1_747' title='bbox 597 5868 864 5928; x_wconf 63' lang='lat' dir='ltr'><strong>Paeon.</strong></span> <span class='ocrx_word' id='word_1_748' title='bbox 895 5863 1013 5922; x_wconf 83' lang='lat' dir='ltr'><strong>Gu.</strong></span> <span class='ocrx_word' id='word_1_749' title='bbox 1045 5853 1430 5925; x_wconf 58' lang='lat' dir='ltr'><strong>CXXXVIII.</strong></span> 
     </span>
    </p>
   </div>
   <div class='ocr_carea' id='block_1_110' title="bbox 1955 4662 3518 4728">
    <p class='ocr_par' dir='ltr' id='par_1_110' title="bbox 1955 4662 3518 4728">
     <span class='ocr_line' id='line_1_110' title="bbox 1955 4662 3518 4728; baseline 0.001 -9"><span class='ocrx_word' id='word_1_750' title='bbox 1955 4662 2115 4720; x_wconf 77' lang='lat' dir='ltr'><strong>aliam</strong></span> <span class='ocrx_word' id='word_1_751' title='bbox 2139 4679 2383 4719; x_wconf 87' lang='lat' dir='ltr'><strong>causam.</strong></span> <span class='ocrx_word' id='word_1_752' title='bbox 2419 4664 2542 4718; x_wconf 72' lang='lat' dir='ltr'><strong>lizec</strong></span> <span class='ocrx_word' id='word_1_753' title='bbox 2570 4680 2690 4718; x_wconf 88' lang='lat' dir='ltr'><strong>eum</strong></span> <span class='ocrx_word' id='word_1_754' title='bbox 2728 4665 2979 4719; x_wconf 89' lang='lat' dir='ltr'><strong>decernat</strong></span> <span class='ocrx_word' id='word_1_755' title='bbox 3000 4681 3193 4728; x_wconf 88' lang='lat' dir='ltr'><strong>canon,</strong></span> <span class='ocrx_word' id='word_1_756' title='bbox 3225 4681 3291 4721; x_wconf 90' lang='lat' dir='ltr'><strong>ne</strong></span> <span class='ocrx_word' id='word_1_757' title='bbox 3315 4668 3518 4721; x_wconf 82' lang='lat' dir='ltr'><strong>dixcris</strong></span> 
     </span>
    </p>
   </div>
   <div class='ocr_carea' id='block_1_111' title="bbox 1953 4755 3516 4826">
    <p class='ocr_par' dir='ltr' id='par_1_111' title="bbox 1953 4755 3516 4826">
     <span class='ocr_line' id='line_1_111' title="bbox 1953 4755 3516 4826; baseline 0.004 -18"><span class='ocrx_word' id='word_1_758' title='bbox 1953 4769 2074 4808; x_wconf 85' lang='lat' dir='ltr'><strong>eum</strong></span> <span class='ocrx_word' id='word_1_759' title='bbox 2113 4755 2334 4824; x_wconf 77' lang='lat' dir='ltr'><strong>intelligi</strong></span> <span class='ocrx_word' id='word_1_760' title='bbox 2374 4755 2439 4809; x_wconf 91' lang='lat' dir='ltr'><strong>de</strong></span> <span class='ocrx_word' id='word_1_761' title='bbox 2490 4755 2814 4810; x_wconf 86' lang='lat' dir='ltr'><strong>monialibus</strong></span> <span class='ocrx_word' id='word_1_762' title='bbox 2856 4756 2939 4809; x_wconf 90' lang='lat' dir='ltr'><strong>vel</strong></span> <span class='ocrx_word' id='word_1_763' title='bbox 2983 4757 3229 4811; x_wconf 88' lang='lat' dir='ltr'><strong>ascetriis</strong></span> <span class='ocrx_word' id='word_1_764' title='bbox 3264 4760 3383 4826; x_wconf 81' lang='lat' dir='ltr'><strong>(seu</strong></span> <span class='ocrx_word' id='word_1_765' title='bbox 3429 4759 3516 4813; x_wconf 85' lang='lat' dir='ltr'><strong>di-</strong></span> 
     </span>
    </p>
   </div>
   <div class='ocr_carea' id='block_1_112' title="bbox 1953 4845 3514 4914">
    <p class='ocr_par' dir='ltr' id='par_1_112' title="bbox 1953 4845 3514 4914">
     <span class='ocr_line' id='line_1_112' title="bbox 1953 4845 3514 4914; baseline 0.004 -18"><span class='ocrx_word' id='word_1_766' title='bbox 1953 4846 2091 4897; x_wconf 77' lang='lat' dir='ltr'><strong>vina:</strong></span> <span class='ocrx_word' id='word_1_767' title='bbox 2125 4845 2457 4899; x_wconf 88' lang='lat' dir='ltr'><strong>meditationi</strong></span> <span class='ocrx_word' id='word_1_768' title='bbox 2483 4845 2674 4899; x_wconf 83' lang='lat' dir='ltr'><strong>dicatis</strong></span> <span class='ocrx_word' id='word_1_769' title='bbox 2730 4846 3073 4914; x_wconf 80' lang='lat' dir='ltr'><strong>virginibus):</strong></span> <span class='ocrx_word' id='word_1_770' title='bbox 3133 4847 3233 4901; x_wconf 89' lang='lat' dir='ltr'><strong>etsi</strong></span> <span class='ocrx_word' id='word_1_771' title='bbox 3271 4849 3412 4911; x_wconf 88' lang='lat' dir='ltr'><strong>enim</strong></span> <span class='ocrx_word' id='word_1_772' title='bbox 3462 4851 3514 4903; x_wconf 91' lang='lat' dir='ltr'><strong>in</strong></span> 
     </span>
    </p>
   </div>
   <div class='ocr_carea' id='block_1_113' title="bbox 1952 4935 3516 5006">
    <p class='ocr_par' dir='ltr' id='par_1_113' title="bbox 1952 4935 3516 5006">
     <span class='ocr_line' id='line_1_113' title="bbox 1952 4935 3516 5006; baseline 0.004 -19"><span class='ocrx_word' id='word_1_773' title='bbox 1952 4935 2144 4988; x_wconf 89' lang='lat' dir='ltr'><strong>minori</strong></span> <span class='ocrx_word' id='word_1_774' title='bbox 2175 4944 2332 4988; x_wconf 68' lang='lat' dir='ltr'><strong>atate</strong></span> <span class='ocrx_word' id='word_1_775' title='bbox 2363 4936 2568 4990; x_wconf 87' lang='lat' dir='ltr'><strong>crinem</strong></span> <span class='ocrx_word' id='word_1_776' title='bbox 2600 4937 2912 4992; x_wconf 61' lang='lat' dir='ltr'><strong>sucularem</strong></span> <span class='ocrx_word' id='word_1_777' title='bbox 2962 4937 3326 5006; x_wconf 79' lang='lat' dir='ltr'><strong>deposuerint,</strong></span> <span class='ocrx_word' id='word_1_778' title='bbox 3361 4939 3516 4994; x_wconf 87' lang='lat' dir='ltr'><strong>firma</strong></span> 
     </span>
    </p>
   </div>
   <div class='ocr_carea' id='block_1_114' title="bbox 1950 5025 3516 5106">
    <p class='ocr_par' dir='ltr' id='par_1_114' title="bbox 1950 5025 3516 5106">
     <span class='ocr_line' id='line_1_114' title="bbox 1950 5025 3516 5106; baseline 0.006 -30"><span class='ocrx_word' id='word_1_779' title='bbox 1950 5025 2078 5090; x_wconf 88' lang='lat' dir='ltr'><strong>erit,</strong></span> <span class='ocrx_word' id='word_1_780' title='bbox 2110 5034 2171 5080; x_wconf 91' lang='lat' dir='ltr'><strong>ut</strong></span> <span class='ocrx_word' id='word_1_781' title='bbox 2204 5025 2332 5080; x_wconf 81' lang='lat' dir='ltr'><strong>mihi</strong></span> <span class='ocrx_word' id='word_1_782' title='bbox 2363 5027 2595 5091; x_wconf 87' lang='lat' dir='ltr'><strong>videtur,</strong></span> <span class='ocrx_word' id='word_1_783' title='bbox 2653 5029 2719 5080; x_wconf 88' lang='lat' dir='ltr'><strong>ad</strong></span> <span class='ocrx_word' id='word_1_784' title='bbox 2754 5025 2806 5080; x_wconf 91' lang='lat' dir='ltr'><strong>id</strong></span> <span class='ocrx_word' id='word_1_785' title='bbox 2861 5027 3004 5096; x_wconf 86' lang='lat' dir='ltr'><strong>quod</strong></span> <span class='ocrx_word' id='word_1_786' title='bbox 3054 5027 3305 5098; x_wconf 82' lang='lat' dir='ltr'><strong>deinceps</strong></span> <span class='ocrx_word' id='word_1_787' title='bbox 3334 5033 3516 5106; x_wconf 55' lang='lat' dir='ltr'><strong>sequic-</strong></span> 
     </span>
    </p>
   </div>
   <div class='ocr_carea' id='block_1_115' title="bbox 1955 5112 2575 5186">
    <p class='ocr_par' dir='ltr' id='par_1_115' title="bbox 1955 5112 2575 5186">
     <span class='ocr_line' id='line_1_115' title="bbox 1955 5112 2575 5186; baseline 0.003 -20"><span class='ocrx_word' id='word_1_788' title='bbox 1955 5124 2061 5177; x_wconf 91' lang='lat' dir='ltr'><strong>tnr,</strong></span> <span class='ocrx_word' id='word_1_789' title='bbox 2089 5113 2260 5182; x_wconf 86' lang='lat' dir='ltr'><strong>ipsius</strong></span> <span class='ocrx_word' id='word_1_790' title='bbox 2287 5112 2575 5186; x_wconf 80' lang='lat' dir='ltr'><strong>professio.</strong></span> 
     </span>
    </p>
   </div>
   <div class='ocr_carea' id='block_1_116' title="bbox 2021 5310 3514 5387">
    <p class='ocr_par' dir='ltr' id='par_1_116' title="bbox 2021 5310 3514 5387">
     <span class='ocr_line' id='line_1_116' title="bbox 2021 5310 3514 5387; baseline 0.008 -24"><span class='ocrx_word' id='word_1_791' title='bbox 2021 5310 2268 5366; x_wconf 73' lang='lat' dir='ltr'><strong>ZONAR.</strong></span> <span class='ocrx_word' id='word_1_792' title='bbox 2324 5312 2456 5377; x_wconf 59' lang='lat' dir='ltr'><strong>Quae</strong></span> <span class='ocrx_word' id='word_1_793' title='bbox 2499 5313 2854 5382; x_wconf 78' lang='lat' dir='ltr'><strong>virginitatem</strong></span> <span class='ocrx_word' id='word_1_794' title='bbox 2907 5323 3031 5370; x_wconf 84' lang='lat' dir='ltr'><strong>sunt</strong></span> <span class='ocrx_word' id='word_1_795' title='bbox 3091 5317 3367 5387; x_wconf 64' lang='lat' dir='ltr'><strong>professae,</strong></span> <span class='ocrx_word' id='word_1_796' title='bbox 3419 5334 3514 5384; x_wconf 82' lang='lat' dir='ltr'><strong>p9-</strong></span> 
     </span>
    </p>
   </div>
   <div class='ocr_carea' id='block_1_117' title="bbox 1950 5403 3512 5478">
    <p class='ocr_par' dir='ltr' id='par_1_117' title="bbox 1950 5403 3512 5478">
     <span class='ocr_line' id='line_1_117' title="bbox 1950 5403 3512 5478; baseline 0.006 -23"><span class='ocrx_word' id='word_1_797' title='bbox 1950 5410 2065 5455; x_wconf 89' lang='lat' dir='ltr'><strong>stea</strong></span> <span class='ocrx_word' id='word_1_798' title='bbox 2109 5417 2241 5457; x_wconf 79' lang='lat' dir='ltr'><strong>vero</strong></span> <span class='ocrx_word' id='word_1_799' title='bbox 2263 5403 2576 5457; x_wconf 83' lang='lat' dir='ltr'><strong>exciderunt</strong></span> <span class='ocrx_word' id='word_1_800' title='bbox 2629 5416 2683 5458; x_wconf 90' lang='lat' dir='ltr'><strong>et</strong></span> <span class='ocrx_word' id='word_1_801' title='bbox 2737 5420 2831 5460; x_wconf 86' lang='lat' dir='ltr'><strong>sua</strong></span> <span class='ocrx_word' id='word_1_802' title='bbox 2873 5417 3050 5474; x_wconf 86' lang='lat' dir='ltr'><strong>pacta,</strong></span> <span class='ocrx_word' id='word_1_803' title='bbox 3096 5408 3198 5463; x_wconf 85' lang='lat' dir='ltr'><strong>hoc</strong></span> <span class='ocrx_word' id='word_1_804' title='bbox 3244 5419 3348 5476; x_wconf 89' lang='lat' dir='ltr'><strong>est,</strong></span> <span class='ocrx_word' id='word_1_805' title='bbox 3390 5426 3512 5478; x_wconf 82' lang='lat' dir='ltr'><strong>pro-</strong></span> 
     </span>
    </p>
   </div>
   <div class='ocr_carea' id='block_1_118' title="bbox 1949 5491 3512 5566">
    <p class='ocr_par' dir='ltr' id='par_1_118' title="bbox 1949 5491 3512 5566">
     <span class='ocr_line' id='line_1_118' title="bbox 1949 5491 3512 5566; baseline 0.007 -22"><span class='ocrx_word' id='word_1_806' title='bbox 1949 5491 2238 5546; x_wconf 85' lang='lat' dir='ltr'><strong>missioncs</strong></span> <span class='ocrx_word' id='word_1_807' title='bbox 2264 5491 2511 5547; x_wconf 87' lang='lat' dir='ltr'><strong>fecerunt</strong></span> <span class='ocrx_word' id='word_1_808' title='bbox 2561 5495 2767 5558; x_wconf 83' lang='lat' dir='ltr'><strong>irritas,</strong></span> <span class='ocrx_word' id='word_1_809' title='bbox 2793 5497 2996 5566; x_wconf 82' lang='lat' dir='ltr'><strong>antiqui</strong></span> <span class='ocrx_word' id='word_1_810' title='bbox 3023 5497 3210 5553; x_wconf 85' lang='lat' dir='ltr'><strong>Patres</strong></span> <span class='ocrx_word' id='word_1_811' title='bbox 3253 5499 3426 5554; x_wconf 88' lang='lat' dir='ltr'><strong>lenius</strong></span> <span class='ocrx_word' id='word_1_812' title='bbox 3451 5515 3512 5555; x_wconf 88' lang='lat' dir='ltr'><strong>se</strong></span> 
     </span>
    </p>
   </div>
   <div class='ocr_carea' id='block_1_119' title="bbox 1952 5584 3513 5658">
    <p class='ocr_par' dir='ltr' id='par_1_119' title="bbox 1952 5584 3513 5658">
     <span class='ocr_line' id='line_1_119' title="bbox 1952 5584 3513 5658; baseline 0.005 -22"><span class='ocrx_word' id='word_1_813' title='bbox 1952 5599 2015 5638; x_wconf 88' lang='lat' dir='ltr'><strong>ac</strong></span> <span class='ocrx_word' id='word_1_814' title='bbox 2042 5584 2356 5639; x_wconf 76' lang='lat' dir='ltr'><strong>clementius</strong></span> <span class='ocrx_word' id='word_1_815' title='bbox 2381 5596 2648 5654; x_wconf 86' lang='lat' dir='ltr'><strong>gerentes,</strong></span> <span class='ocrx_word' id='word_1_816' title='bbox 2681 5598 2738 5640; x_wconf 89' lang='lat' dir='ltr'><strong>ut</strong></span> <span class='ocrx_word' id='word_1_817' title='bbox 2768 5599 2992 5644; x_wconf 86' lang='lat' dir='ltr'><strong>sanctus</strong></span> <span class='ocrx_word' id='word_1_818' title='bbox 3037 5589 3122 5643; x_wconf 82' lang='lat' dir='ltr'><strong>hic</strong></span> <span class='ocrx_word' id='word_1_819' title='bbox 3165 5592 3244 5645; x_wconf 85' lang='lat' dir='ltr'><strong>vir</strong></span> <span class='ocrx_word' id='word_1_820' title='bbox 3283 5592 3380 5658; x_wconf 85' lang='lat' dir='ltr'><strong>ait,</strong></span> <span class='ocrx_word' id='word_1_821' title='bbox 3406 5607 3513 5645; x_wconf 79' lang='lat' dir='ltr'><strong>uno</strong></span> 
     </span>
    </p>
   </div>
   <div class='ocr_carea' id='block_1_120' title="bbox 1957 5674 3512 5750">
    <p class='ocr_par' dir='ltr' id='par_1_120' title="bbox 1957 5674 3512 5750">
     <span class='ocr_line' id='line_1_120' title="bbox 1957 5674 3512 5750; baseline 0.006 -23"><span class='ocrx_word' id='word_1_822' title='bbox 1957 5689 2100 5728; x_wconf 91' lang='lat' dir='ltr'><strong>anno</strong></span> <span class='ocrx_word' id='word_1_823' title='bbox 2133 5674 2518 5742; x_wconf 82' lang='lat' dir='ltr'><strong>segregandas,</strong></span> <span class='ocrx_word' id='word_1_824' title='bbox 2553 5684 2608 5730; x_wconf 89' lang='lat' dir='ltr'><strong>et</strong></span> <span class='ocrx_word' id='word_1_825' title='bbox 2653 5691 2720 5731; x_wconf 89' lang='lat' dir='ltr'><strong>eo</strong></span> <span class='ocrx_word' id='word_1_826' title='bbox 2751 5687 2945 5733; x_wconf 79' lang='lat' dir='ltr'><strong>exacto</strong></span> <span class='ocrx_word' id='word_1_827' title='bbox 2993 5695 3141 5734; x_wconf 87' lang='lat' dir='ltr'><strong>more</strong></span> <span class='ocrx_word' id='word_1_828' title='bbox 3180 5682 3512 5750; x_wconf 82' lang='lat' dir='ltr'><strong>digamornnt</strong></span> 
     </span>
    </p>
   </div>
   <div class='ocr_carea' id='block_1_121' title="bbox 1953 5764 3518 5844">
    <p class='ocr_par' dir='ltr' id='par_1_121' title="bbox 1953 5764 3518 5844">
     <span class='ocr_line' id='line_1_121' title="bbox 1953 5764 3518 5844; baseline 0.006 -25"><span class='ocrx_word' id='word_1_829' title='bbox 1953 5764 2311 5822; x_wconf 86' lang='lat' dir='ltr'><strong>admittendas</strong></span> <span class='ocrx_word' id='word_1_830' title='bbox 2346 5779 2465 5822; x_wconf 81' lang='lat' dir='ltr'><strong>esse</strong></span> <span class='ocrx_word' id='word_1_831' title='bbox 2487 5766 2864 5824; x_wconf 88' lang='lat' dir='ltr'><strong>decreverunt.</strong></span> <span class='ocrx_word' id='word_1_832' title='bbox 2898 5770 2995 5824; x_wconf 88' lang='lat' dir='ltr'><strong>llic</strong></span> <span class='ocrx_word' id='word_1_833' title='bbox 3051 5787 3176 5828; x_wconf 87' lang='lat' dir='ltr'><strong>vero</strong></span> <span class='ocrx_word' id='word_1_834' title='bbox 3223 5773 3369 5843; x_wconf 75' lang='lat' dir='ltr'><strong>ipsa!</strong></span> <span class='ocrx_word' id='word_1_835' title='bbox 3402 5791 3518 5844; x_wconf 64' lang='lat' dir='ltr'><strong>pm.</strong></span> 
     </span>
    </p>
   </div>
   <div class='ocr_carea' id='block_1_122' title="bbox 3009 5864 3084 5925">
    <p class='ocr_par' dir='ltr' id='par_1_122' title="bbox 3009 5864 3084 5925">
     <span class='ocr_line' id='line_1_122' title="bbox 3009 5864 3084 5925; baseline -0.013 0"><span class='ocrx_word' id='word_1_836' title='bbox 3009 5864 3084 5925; x_wconf 75' lang='lat'><strong>&#39;21</strong></span> 
     </span>
    </p>
   </div>
  </div>
