4124 6454
288 325 402 390 653

1217 322 1298 384 ΙΝ
1331 320 1576 382 EPIST.
1622 321 1685 381 S.
1720 318 2010 382 BASILII
2052 317 2496 382 CANONlCAM
2550 316 2627 376 ll.

3446 316 3550 378 654

290 447 390 501 τὸν
421 447 480 497 ὲν
515 441 776 511 ἁγιασμῷ
822 441 1250 511 προτιμήσασαν
1311 439 1463 509 βίονσ
1533 438 1584 490 εί
1657 434 1879 508 παραϐῇ

1992 436 2158 489 vitam
2192 435 2244 489 itt
2275 433 2637 490 sanctimonia
2675 440 2848 485 actam
2885 427 3214 498 anteposuit,
3245 428 3288 481 si
3343 430 3555 494 profes-

294 535 402 598 es;
431 533 750 606 ὁμολογίας,
785 533 881 587 καὶ
899 531 996 600 τήν
1028 533 1168 601 πρὸς
1196 531 1289 584 τὸν
1352 530 1584 600 νυμφίον
1639 529 1879 599 Χριστὸν

292 629 497 680 ῑνωσιν
524 625 810 696 ἀτιμάσει,
861 625 1078 690 ⁴ίζδοναίς
1131 623 1456 685 ἀκολάστοις
1507 621 1711 692 ἑαυτὴν
1762 620 1881 674 ἐπι-

294 717 487 782 δοῦσα,
537 717 600 769 ού
647 714 1130 785 παραδεχθήσεται
1181 713 1358 778 ἄλλως
1435 717 1502 783 τῇ
1551 713 1876 784 Ἐκκλησία,

295 809 465 875 εἰμὴ
536 804 722 875 παυθῇ
798 804 901 872 τῆς
951 805 1251 873 ἁμαρτίας,
1309 802 1404 856 καὶ
1473 803 1719 857 διαλύσει
1819 803 1881 857 τὸ

297 897 545 966 ἄθεσμον
621 900 982 952 συνοικέσιον.
1063 895 1237 950 Τοῦτο
1321 895 1430 966 γὰρ
1504 895 1878 959 διασπάσασα,

296 991 396 1040 aut
473 989 942 1057 μεταμεληθεῖσα,
1028 989 1391 1056 τον-χρόνον
1465 985 1560 1039 τοῦ
1645 986 1742 1040 ἐπὶ
1813 987 1879 1055 τῇ

305 1073 524 1149 μοιχεία
547 1079 954 1150 ἁμαρτήματος
1012 1079 1390 1149 ἐκπληρώσει,
1439 1076 1584 1132 ῶστε
1642 1078 1701 1130 ὲν
1749 1076 1884 1130 δέκα

305 1173 403 1226 καὶ
468 1173 630 1226 πέντε
669 1173 850 1226 ἔτεσιν
899 1172 1270 1242 ἀκοινώνητον
1355 1169 1528 1238 αὐτὴν
1577 1166 1719 1223 εἶναι
1775 1165 1884 1220 τῶν

302 1263 668 1331 ἀγιασμάτων
697 1279 710 1293 ⁸
742 1265 800 1317 εν
829 1263 1128 1332 τέσσαρσιν
1146 1263 1324 1316 ἔτεσιν
1347 1262 1405 1326 ἑξ
1427 1260 1607 1313 αὐτῶν
1631 1259 1740 1312 τῶν
1761 1275 1883 1310 πεν-

303 1356 598 1410 τεκαίδεκα
639 1356 773 1410 ἑτῶν
805 1355 1251 1426 προσκλαίουσαν
1286 1355 1408 1424 μὶν,
1469 1355 1527 1406 ιν
1595 1351 1760 1405 πέντε
1826 1350 1881 1404 δὲ

301 1450 415 1510 τοῖς
433 1448 812 1516 ἀκροωμένοις
844 1447 954 1500 τῶν
1003 1445 1165 1500 θείων
1216 1445 1450 1517 Γραφῶν
1513 1443 1883 1512 συνταττομέ-

1987 526 2168 581 siones
2223 541 2351 580 suas
2405 523 2758 587 transilierit,
2811 530 2868 577 et
2916 520 3230 577 unctionem
3284 535 3435 573 suam
3489 521 3556 574 ad

1988 633 2240 686 sponsam
2276 616 2592 687 neglexerit,
2622 614 2987 684 voluptatibus
3014 613 3232 667 lascivis
3257 628 3384 667 sese
3452 622 3556 665 tra-

1988 712 2139 773 dens,
2163 723 2270 764 non
2321 709 2479 762 aliter
2519 708 2574 761 iu
2647 705 2948 760 Eeclesiam
3010 703 3320 772 reclpietur,
3371 703 3476 757 nisi
3529 718 3558 755 a

1989 812 2210 874 peccato
2248 808 2446 864 cesset,
2471 807 2522 852 et
2552 798 2894 867 illegitimum
2927 795 3331 849 matrimonium
3361 794 3558 850 dissol-

1991 907 2098 948 vat.
2128 894 2276 949 Istud
2313 894 2454 949 enim
2481 892 2815 955 distraheus,
2849 899 2904 944 et
2952 889 3333 960 pmnitcntiam
3394 903 3557 956 agens

1993 999 2203 1057 tempus
2233 988 2442 1058 peccati
2484 988 2538 1040 in
2591 983 2952 1039 fornicatione
3009 982 3272 1047 explebit,
3312 988 3448 1035 adeo
3505 991 3563 1034 ιιι

1990 1085 2107 1153 ipsa
2153 1081 2466 1151 quindecim
2531 1079 2692 1132 annis
2762 1085 3230 1131 sacramentorum
3310 1089 3416 1128 n0n
3486 1076 3558 1128 sit

1987 1175 2280 1242 particeps,
2339 1181 2574 1239 quatuor
2623 1170 2853 1224 istorum
2905 1166 3214 1237 quindecim
3291 1182 3562 1221 annorum

1991 1278 2162 1318 annos
2191 1261 2420 1324 deﬂens,
2469 1263 2706 1332 quinque
2732 1270 2912 1314 autem
2951 1261 3092 1314 inter
3123 1273 3216 1314 eos
3279 1260 3370 1328 qui
3427 1259 3568 1312 divi-

1988 1371 2084 1410 nas
2107 1354 2415 1424 Scripturas
2440 1354 2686 1420 audiunt,
2714 1351 2999 1416 collocata,
3020 1359 3250 1421 quatuor
3269 1351 3563 1414 substrata,

1987 1456 2042 1502 et
2064 1446 2273 1502 duobus
2307 1448 2446 1500 inter
2487 1447 2669 1501 fideles
2718 1446 3043 1508 constituta,
3079 1453 3136 1495 et
3195 1457 3413 1511 precum
3441 1458 3566 1511 par-

302 1558 435 1603 νων,
474 1541 532 1591 ἀν
572 1540 873 1609 τέσσαρσιν
906 1542 1350 1602 ὑποπίπτουσιν,
1385 1537 1482 1591 καὶ
1533 1538 1592 1589 εν
1628 1536 1749 1589 δυσὶ
1775 1537 1885 1598 τοῖς

303 1633 525 1694 πιστοῖς
547 1630 924 1695 συνεστῶσαν,
959 1630 1183 1684 καὶτῶν
1211 1629 1393 1700 εὐχῶν
1459 1628 1830 1682 κοινωνοῦσαν
1867 1640 1880 1654 ·

1992 1541 2187 1609 ticeps,
2215 1547 2414 1608 etpost
2447 1537 2762 1607 quindecim
2791 1550 2964 1592 annos
3012 1533 3361 1604 perfectionis
3417 1550 3567 1589 com-

1992 1645 2088 1699 pos
2148 1631 2239 1682 fiat
2290 1639 2345 1684 et
2390 1630 2568 1682 divina
2643 1628 3026 1682 communione
3073 1627 3230 1696 digna
3285 1627 3566 1680 habeatur.

301 1724 400 1776 καὶ
437 1721 578 1792 μετά
603 1723 694 1775 τὸν
719 1721 1212 1776 πεντεκαιδέκατον
1247 1721 1481 1792 χρόνον,,
1525 1717 1620 1772 τοῦ
1676 1717 1879 1772 τελείου

1991 1721 2249 1789 Quamvis
2296 1722 2382 1776 hic
2417 1735 2589 1775 canon
2649 1719 2874 1790 requirit
2929 1733 3048 1774 eam
3099 1731 3260 1785 supra
3307 1715 3542 1770 sedecim

299 1815 508 1883 τυχεῖν,
548 1813 768 1882 καὶτῆς
819 1813 969 1877 θείας
1022 1813 1309 1876 κοινωνίας
1387 1811 1714 1880 ἀξιωθῆναι.
1771 1809 1879 1864 Κᾶι

2003 1814 2085 1868 vel
2117 1813 2500 1881 septemdecim
2535 1827 2705 1866 annos
2738 1825 2862 1867 esse
2910 1825 3026 1877 qure
3089 1809 3142 1862 in
3181 1809 3445 1877 virginum
3478 1823 3571 1860 or-

298 1905 328 1956 ὁ
363 1905 548 1957 κανὼν
577 1897 733 1966 οὗτος
765 1903 908 1973 ὑπὲρ
947 1904 1015 1955 τὰ
1046 1902 1245 1967 δεκαὲξ
1275 1903 1311 1974 ἢ
1333 1904 1427 1956 καὶ
1475 1900 1754 1955 δεκαεπτά
1783 1899 1879 1969 ἔτη

1985 1908 2167 1962 dinem
2213 1904 2422 1959 admitti
2449 1903 2618 1972 cupit,
2645 1912 2702 1956 ut
2747 1899 3182 1971 quandoquidem
3234 1910 3362 1952 tunc
3407 1899 3572 1952 ratio-

299 1996 512 2065 ἀπαιτῇ
547 1988 688 2047 εἶναι
713 1996 811 2064 τὴν
881 1994 1296 2066 ἑκλιπαροῦσαν
1359 1992 1776 2065 ⁸παραδεχθῆναι
1805 1993 1879 2053 ei;

1989 1997 2323 2054 cinationum
2357 1995 2430 2049 sit
2470 1995 2709 2057 domina,
2745 2001 2800 2046 et
2821 1992 3141 2061 completam
3176 1991 3363 2043 habeat
3416 1991 3574 2041 ratio-

301 2088 366 2140 τὸ
389 2086 501 2141 τῶν
535 2087 822 2157 παρθένων
855 2087 1045 2158 τάγμα
1074 2105 1089 2117 ⁶
1133 2088 1199 2142 ἶν’
1227 2086 1304 2152 ὡς
1359 2087 1658 2157 τηνικαῦτα
1727 2083 1879 2154 κυρία

1995 2106 2141 2154 ttetn,
2170 2089 2214 2143 si
2245 2089 2640 2158 promissiones
2675 2103 2800 2141 suas
2852 2085 3156 2150 violaverit,
3222 2085 3571 2138 inexorabili-

304 2172 446 2232 οὖσα
470 2179 579 2231 τῶν
609 2179 912 2248 λογισμῶν,
939 2180 1032 2233 καὶ
1054 2179 1150 2245 τὴν
1180 2178 1275 2230 τοῦ
1307 2179 1466 2246 λόγου
1497 2178 1879 2248 συμπλήρωσιι

1997 2193 2078 2236 ter
2110 2197 2301 2250 poenas
2341 2183 2471 2233 luat.
2503 2181 2568 2233 At
2620 2178 3074 2247 quadragesimus
3106 2186 3277 2231 sextae
3310 2177 3360 2229 in
3386 2175 3571 2230 Trullo

301 2269 904 2340 ἔχουσα,είάοετήσει
974 2269 1075 2332 τὰς
1135 2270 1433 2339 συνθήκας,
1491 2269 1879 2338 ἀπαραιτήτως

1996 2272 2189 2341 synodi
2222 2287 2394 2325 canon
2438 2271 2600 2324 etiam
2632 2267 2871 2338 eumqui
2929 2283 3049 2321 cum
3107 2268 3290 2324 decem
3344 2269 3416 2324 sit
3470 2285 3572 2321 an-

303 2361 575 2430 κολασθῇ.
620 2360 766 2414 Ἀλλ’
818 2356 912 2414 οὖν
971 2364 1000 2414 ὁ
1053 2360 1496 2432 τεσσαρακοστὸς
1560 2357 1739 2412 κανὼν
1785 2358 1879 2428 τῆς

1989 2379 2182 2418 uorum
2207 2364 2393 2434 iugum
2425 2363 2781 2416 monasticum
2817 2372 2900 2416 est
2927 2370 3277 2429 suscepturus
3311 2363 3566 2426 admittit,

304 2454 367 2505 ἐν
388 2453 465 2522 τῷ
491 2452 753 2524 Τρούλλῳ
783 2453 950 2523 ἕκτης
989 2455 1230 2517 συνόδου,
1269 2456 1364 2508 καὶ
1417 2454 1508 2507 τὸν
1568 2454 1700 2508 δέκα
1749 2455 1879 2507 ὲτῶν

1991 2465 2050 2509 ιιι
2099 2455 2339 2511 Ecclesia
2375 2455 2652 2522 patentior
2684 2455 2900 2519 evadat,
2962 2463 3018 2508 et
3068 2453 3302 2508 fidelium
3345 2470 3571 2524 COItgl‘e—

303 2543 458 2611 ὄντα,
534 2544 801 2615 μέλλοντα
874 2548 966 2616 τὶν
1047 2545 1338 2616 μοναδικόν
1395 2545 1556 2614 ζυγὸν
1613 2545 1890 2612 ὑπελθεῖν,

307 2613 706 2705 παραδέχεται,
739 2636 829 2689 διὰ
855 2635 914 2689 τὸ
930 2613 1060 2708 ’τὴν
1087 2637 1421 2708 Ἐκκλησίαν
1476 2613 1888 2707 κραταιοτέραν

1989 2549 2141 2618 gatio
2197 2550 2263 2602 ad
2315 2549 2695 2602 mandatorum
2750 2546 3188 2601 observationem
3243 2547 3333 2602 Dei
3397 2550 3567 2617 gratia

1997 2641 2151 2693 firma
2177 2639 2492 2707 stabilisque
2535 2638 2650 2695 fiat.

304 2726 583 2792 γενέσθαι,
614 2727 708 2780 καὶ
737 2727 798 2780 τδ
827 2725 936 2780 τῶν
967 2727 1176 2779 πιστῶν
1211 2726 1463 2798 σύστημα
1488 2729 1627 2791 πρὸς
1662 2727 1759 2799 τὴν
1780 2728 1888 2783 τῶν
1916 2729 2147 2783 ἐντολῶν
2177 2730 2411 2802 τήρησιν
2472 2731 2653 2803 χάριτι
2710 2733 2832 2802 θείᾳ
2890 2734 3088 2803 πάγιόν
3111 2751 3172 2788 τε
3226 2733 3319 2788 καί
3389 2735 3570 2801 ἀσσα-

303 2817 392 2882 λὶ,
426 2815 582 2873 εἶναι.

895 2960 1134 3014 ΚΛΝΩΝ
1159 2959 1257 3016 ιθ’.

317 3070 559 3142 Ἀνδρῶν
585 3070 642 3123 δὲ
666 3071 960 3141 ὁμολογίαν
983 3074 1083 3126 οὐκ
1110 3072 1377 3143 ἔγνωμεν,
1399 3073 1536 3145 πλήν
1565 3075 1614 3126 εί
1647 3073 1722 3145 μή
1750 3089 1894 3135 τινες

2565 2959 2794 3016 CANON
2861 2959 3002 3014 XIX.

1998 3071 2249 3126 Virorum
2281 3080 2462 3126 autem
2498 3072 2866 3140 professiones
2895 3088 3002 3126 nou
3035 3073 3283 3126 novimus
3339 3081 3566 3139 ριν-ιρι.

378 3161 609 3223 ἑαυτοὺς
632 3163 710 3230 τῷ
734 3163 980 3232 τάγματι
1004 3165 1112 3215 τῶν
1160 3164 1500 3232 μοναζόντων
1555 3164 1879 3236 ἔγκατηρίθ-

2061 3179 2222 3233 quam
2247 3165 2398 3234 siqui
2430 3179 2489 3219 se
2521 3165 2666 3233 ipsos
2685 3167 3075 3219 monachorum
3106 3166 3282 3219 ordini
3303 3180 3567 3220 annume-

380 3270 566 3323 μησαν
593 3269 609 3284 ο
635 3253 685 3305 οἳ
719 3255 861 3306 κατά
893 3255 953 3306 τὸ
986 3254 1345 3319 σιωπώμενον
1367 3254 1583 3308 δοκοῦσι
1641 3256 1881 3324 παραδέο

374 3344 566 3413 χεσθαι
603 3344 700 3414 τὴν
728 3346 989 3411 ἀγαμίαν.
1030 3346 1175 3412 Πλὴν
1204 3347 1296 3398 καὶ
1324 3341 1412 3397 ἐπ’
1435 3347 1679 3408 ἐκείνων,
1709 3347 1884 3398 ἐκεῖνο

377 3435 624 3504 ἠγοῦμαι
657 3436 1017 3506 προηγεῖσθαι
1060 3437 1383 3506 προσήκειν,
1441 3434 1754 3505 ἐρωτᾶσθαι
1789 3435 1886 3487 σε.

375 3530 504 3592 τοὺς
563 3527 660 3581 καὶ
691 3525 1065 3594 λαμὸἁνεσθαι
1092 3528 1189 3597 τὴν
1223 3525 1353 3597 παρ’
1383 3527 1561 3581 αὐτῶν
1591 3527 1884 3596 ὁμολογίαν

373 3619 604 3688 ἐναργῆ,
673 3617 814 3670 ὥστε
890 3619 1109 3672 ἐπειδὰν
1186 3617 1565 3688 μετατίθενται
1619 3621 1750 3688 πρὸς
1795 3619 1887 3670 τὸν

374 3711 712 3780 φιλόσαρκον
735 3711 830 3763 καὶ
862 3710 1112 3780 ήδονικὸν
1142 3707 1276 3778 βίον,
1312 3709 1547 3767 ὑπάγειν
1577 3708 1776 3770 αὐτοὺς
1806 3707 1886 3776 τῷ

376 3802 487 3856 τῶν
509 3802 883 3872 πορνευόντων
916 3800 1206 3870 ἐπιτιμίῳ.

377 3912 579 3966 ΒΔΔΣ.
621 3911 938 3983 Σημείωσαι
989 3912 1097 3964 ἀπὸ
1145 3910 1242 3964 τοῦ
1317 3910 1583 3981 παρόντος
1637 3911 1882 3976 κανόνος,

302 4005 578 4071 λέγοντος,
629 4003 851 4072 Ἀνδρος
890 4003 946 4056 δὲ
969 4004 1265 4072 ὁμολογίας
1292 4003 1392 4055 οὑκ
1444 4002 1713 4071 ἔγνωμεν,
1745 4003 1885 4072 πλὴν

300 4097 351 4150 εί
387 4099 464 4165 μή
487 4113 629 4158 τινες
660 4095 889 4157 ἑαυτοὺς
940 4095 1018 4164 τῷ
1080 4095 1326 4162 τάγματι
1372 4093 1482 4147 τῶν
1543 4093 1885 4162 μοναζόντων

300 4183 816 4254 ἐγκατηρίθμησαν,
847 4185 929 4236 ὅτι
963 4185 1020 4236 ιν
1052 4183 1128 4253 τῷ
1165 4182 1234 4253 ιη’
1261 4183 1445 4236 κανόνι
1475 4185 1534 4236 ού
1562 4184 1694 4254 περὶ
1720 4200 1884 4253 μονα-

301 4275 510 4340 ζόντων
543 4270 720 4341 εἶπεν,
753 4274 892 4328 ἀλλὰ
948 4276 1078 4344 περὶ
1143 4273 1430 4344 παρθένων
1470 4273 1884 4344 ἀφοριζομένων

297 4369 379 4437 τῷ
411 4366 534 4436 Θεῷ
571 4367 715 4437 μετά
746 4367 940 4419 λαῖκοῦ
992 4367 1296 4436 σχήματος.
1361 4366 1665 4433 ’Δνάγνωθι
1695 4367 1792 4434 τῆς
1825 4368 1884 4418 ιν

2058 3263 2289 3309 rarunt:
2328 3254 2419 3323 qui
2448 3255 2606 3308 tacite
2635 3255 2887 3308 videntur
2921 3255 3228 3310 cat-libatum
3259 3257 3562 3308 admittere.

2057 3345 2160 3400 Sed
2195 3346 2246 3399 in
2281 3345 2388 3401 illis
2418 3361 2632 3414 quoque
2654 3347 2908 3400 existimo
2931 3351 3239 3414 praecedere
3281 3359 3561 3416 oportere.

2063 3449 2121 3492 ut
2159 3438 2258 3506 ipsi
2303 3447 2737 3506 tnterrogentur,
2771 3445 2824 3490 et
2851 3437 3080 3492 evidens
3138 3438 3378 3502 ipsorum
3419 3441 3564 3492 acci-

2056 3529 2240 3596 piatur
2273 3527 2559 3596 professio,
2589 3536 2648 3580 ut
2695 3538 2980 3596 postquam
3013 3542 3073 3582 se
3104 3529 3169 3581 ad
3212 3529 3556 3582 libidinosam

2058 3635 2108 3678 et
2135 3622 2492 3690 voluptariam
2540 3621 2704 3674 vitam
2763 3622 3153 3686 converterint,
3216 3637 3406 3676 eorum
3469 3623 3558 3689 qui

2060 3714 2395 3769 fornicamur
2422 3711 2688 3782 puuitioni
2713 3711 3092 3782 subiiciantur.

2057 3920 2256 3976 BALS.
2293 3920 2428 3976 Nota.
2457 3936 2522 3975 ex
2567 3919 2817 3991 prmsenti
2871 3934 3083 3976 canone
3123 3920 3354 3984 dicente,
3405 3919 3563 3974 Viro-

1986 4027 2104 4066 rum
2136 4023 2313 4067 autem
2349 4011 2713 4081 professiones
2745 4025 2850 4064 tmn
2889 4011 3161 4074 novimus,
3201 4021 3559 4078 praeterquam

1987 4104 2143 4172 siqui
2174 4104 2400 4172 seipsos
2452 4105 2502 4156 in
2553 4103 2943 4158 monachorum
3001 4119 3287 4157 numerum
3357 4105 3557 4158 retule«

1989 4199 2143 4255 runt,
2167 4193 2310 4262 quod
2346 4193 2395 4244 in
2433 4207 2641 4246 canone
2670 4193 2736 4247 f8
2796 4209 2900 4247 non
2962 4193 3029 4247 de
3092 4193 3370 4247 tronatltis
3397 4232 3410 4254 ,
3466 4195 3560 4245 sed

1985 4279 2052 4334 de
2103 4281 2406 4350 virginibus
2461 4283 2566 4334 Deo
2659 4297 2778 4335 cum
2814 4281 2950 4335 laico
3012 4283 3195 4336 habitu
3261 4283 3558 4350 segregatis

1986 4371 2195 4426 locutus
2248 4383 2349 4427 est.
2408 4371 2552 4442 Lege
2611 4373 2928 4443 Garthagin.
2982 4387 3103 4442 syn.
3140 4387 3259 4426 can.
3311 4373 3364 4435 6,
3395 4373 3464 4425 ﬂ
3505 4385 3558 4426 ct

300 4459 636 4529 Καρθαγένη
661 4459 883 4512 συνόδου
916 4459 1120 4511 κανόνα
1156 4463 1232 4522 ς’,
1283 4453 1366 4526 μδ¹
1414 4458 1506 4510 καὶ
1552 4449 1704 4525 ρτὶς’.
1743 4456 1879 4518 Τοὺς

1989 4463 2112 4518 126.
2145 4462 2437 4518 Monacitos
2464 4472 2640 4516 autem
2691 4463 2842 4527 dicit,
2875 4464 3091 4517 etiamsi
3130 4463 3290 4517 tacite
3337 4463 3556 4517 videan-

301 4551 493 4621 μέντοι
524 4551 794 4620 μοναχούς
826 4565 985 4618 φησι,
1036 4548 1136 4602 κάν
1165 4550 1262 4600 καὶ
1324 4547 1523 4600 δοκῶσι
1585 4547 1878 4616 σιωπηρῶς

296 4639 696 4695 κατατίθεσθαι
723 4639 1002 4705 ἁγνεύειν,
1024 4639 1173 4709 ὅμως
1203 4638 1449 4706 ὀφείλειν
1498 4639 1593 4690 καὶ
1655 4637 1880 4700 τούτους

293 4732 633 4802 ὁρωτᾰσθαι,
675 4732 768 4783 καὶ
805 4731 1095 4799 ὁμολογεῖν
1128 4729 1376 4800 ἀγαμίαν
1428 4747 1443 4763 ο
1473 4730 1585 4793 ῖνα,
1622 4731 1718 4782 ἐὰν
1741 4729 1878 4800 ψεύο

295 4839 525 4885 σωνται,
586 4823 660 4884 ὠς
722 4820 1126 4888 πορνεύσαντες
1185 4820 1594 4891 ἲπιτιμηθῶσι.
1659 4822 1877 4878 Τούτων

294 4912 366 4984 δὴ
386 4910 563 4974 οὕτως
591 4912 846 4981 ἐχόντων,
880 4910 954 4980 μὴ
986 4908 1152 4982 εἴπῃς
1177 4907 1252 4970 ὡς
1317 4910 1365 4961 oi
1428 4909 1504 4980 μή
1552 4913 1877 4980 ποιήσαντες

300 5005 534 5074 μοναχοὶ
568 5002 826 5071 τοιαύτην
852 4998 1147 5070 ὁμολογίαν
1174 4997 1503 5069 ἀνέγκλητοι
1533 4998 1874 5072 διατηρηθή-

296 5111 508 5147 σονται.
548 5093 668 5146 Κᾶν
703 5093 810 5162 γὰρ
842 5091 916 5163 μή
946 5093 1203 5159 ἀποκαρῇ
1240 5107 1344 5155 τις,
1421 5089 1557 5144 ἀλλὰ
1641 5093 1873 5159 ρασοφο-

293 5188 467 5258 ρήσῃ,
496 5187 556 5238 ού
576 5186 865 5255 δυνήσεται
896 5183 1490 5255 μετασχηματισθῆναι
1539 5183 1633 5236 καὶ
1667 5184 1748 5246 είς
1773 5185 1874 5252 γά-

295 5297 402 5350 μον
432 5277 629 5344 ἐλθεῖν,
671 5277 808 5330 ἀλλὰ
857 5277 1006 5330 ἄκων
1073 5274 1558 5344 ἀναγκασθήσεται
1607 5275 1874 5346 ὑποστρέ-

289 5375 396 5442 ψαι
425 5373 507 5433 εἰς
540 5370 634 5422 τὸν
665 5371 966 5438 μοναχικὸν
994 5368 1130 5439 βίον,
1172 5368 1248 5428 ὼς
1290 5367 1552 5429 πολλάκις
1605 5367 1764 5420 τοῦτο
1797 5369 1874 5421 εί-

289 5479 497 5534 πομεν.
528 5462 601 5514 Τὸ
626 5461 760 5516 αὐτὸ
786 5461 842 5512 δὲ
863 5460 1013 5512 ἔσται
1051 5460 1146 5513 καὶ
1185 5461 1266 5522 είς
1316 5460 1578 5528 μοναχάς,
1610 5457 1747 5511 ἀλλά
1777 5459 1872 5512 καὶ

291 5557 372 5615 εις
403 5554 610 5612 πάντας
639 5550 768 5612 τοὺς
799 5549 891 5600 τοῦ
915 5548 1182 5619 βήματος.
1214 5547 1324 5599 Καὶ
1345 5541 1491 5600 οὗτοι
1521 5546 1628 5616 γάρ
1656 5563 1869 5614 σιωπή.

294 5645 403 5716 ρῶς
431 5640 680 5694 δοκοῦσιν
712 5639 996 5707 ὁμολογεῖν
1037 5641 1112 5708 μὴ
1145 5638 1324 5693 ὁλθεῖν
1363 5640 1445 5702 είς
1488 5638 1665 5707 γάμον
1732 5637 1869 5706 μετά

293 5737 395 5802 τὴν
427 5729 787 5804 χειροτονίαν,
819 5730 912 5782 καὶ
936 5728 1367 5800 παραραίνοντες
1387 5727 1478 5782 τὸν
1499 5727 1699 5782 κανόνα
1725 5725 1866 5779 καθ-

1987 4567 2074 4610 ιιιι·
2097 4557 2404 4609 castitatem
2433 4553 2635 4615 colere,
2670 4553 2867 4607 debere
2901 4562 3080 4608 tamen
3115 4569 3208 4609 cos
3254 4555 3414 4608 etiam
3469 4559 3556 4609 iu-

1982 4647 2269 4716 terrogari,
2329 4655 2383 4699 et
2436 4644 2740 4698 cmiibatum
2799 4645 3081 4715 profiteri:
3128 4657 3184 4699 ut
3244 4648 3287 4700 si
3344 4649 3551 4702 mentiti

1979 4737 2182 4790 fuerint
2213 4745 2271 4789 ut
2312 4735 2671 4790 fornicatores
2711 4737 3031 4804 puttiautur.
3063 4735 3174 4791 Etsi
3225 4746 3406 4792 autem
3440 4741 3554 4793 hzee

1979 4827 2052 4882 ita
2080 4841 2143 4882 se
2177 4825 2436 4890 habeant,
2467 4840 2535 4879 ne
2563 4826 2773 4883 dixeris
2807 4828 2951 4895 quod
2979 4829 3234 4882 monachi
3271 4831 3359 4897 qui
3405 4829 3547 4882 hane

1979 4916 2376 4987 professionem
2414 4931 2521 4972 non
2552 4917 2752 4982 fecere,
2787 4917 3029 4973 insontes
3084 4919 3330 4988 nullique
3376 4920 3546 4988 culpte

1977 5006 2198 5061 obnoxii
2229 5006 2616 5062 servabuntur.
2653 5006 2765 5061 Etsi
2796 5008 2942 5062 enim
3014 5024 3118 5062 non
3157 5010 3313 5062 fuerit
3359 5020 3548 5064 tonsus

1977 5096 2274 5167 quispiam,
2331 5097 2425 5152 sed
2461 5112 2586 5151 rasa
2616 5098 2932 5165 gestaverit,
2975 5112 3079 5151 non
3115 5100 3312 5167 poterit
3339 5109 3547 5154 mutare

1977 5187 2224 5243 habitum
2250 5197 2304 5243 et
2338 5189 2405 5242 ad
2443 5189 2659 5256 nuptias
2711 5190 3028 5255 convolare,
3090 5191 3183 5244 sed
3246 5191 3442 5243 invitus
3474 5193 3539 5241 ad

1975 5278 2220 5333 habitum
2280 5277 2640 5332 monasticqu
2689 5280 2891 5333 reverti
2936 5290 3198 5351 cogetur,
3251 5281 3392 5334 sicut
3441 5282 3544 5334 hoc

1974 5381 2114 5435 saepe
2147 5366 2405 5421 diximus.
2437 5365 2580 5420 Idem
2634 5367 2741 5420 erit
2801 5375 2856 5421 et
2882 5369 2947 5422 de
2997 5367 3340 5430 mOnialibus,
3379 5377 3432 5420 et
3474 5371 3541 5423 de

1975 5458 2226 5513 omnibus
2253 5457 2468 5512 clericis
2488 5457 2795 5512 tribunalis.
2827 5457 2959 5513 Nam
2991 5469 3044 5513 et
3081 5459 3111 5511 ii
3147 5473 3337 5512 omnes
3381 5460 3540 5513 tacite

1973 5547 2215 5619 profiteri
2243 5545 2497 5600 videntur
2515 5561 2572 5600 se
2606 5546 3008 5600 matrimonium
3037 5560 3140 5598 non
3162 5557 3541 5601 contracturus

1972 5646 2092 5707 post
2123 5637 2555 5691 ordinationem:
2610 5647 2665 5691 et
2723 5651 2985 5690 canonem
3055 5635 3536 5705 transgredientes,

1971 5730 2334 5798 deponuntur.
2395 5727 2586 5794 Qutth
2630 5739 2938 5784 sanctorum
3001 5727 3363 5796 apostolorum
3411 5745 3538 5786 ean.
