4124 6464
306 337 414 402 653

1228 333 1308 394 ΙΝ
1343 331 1587 393 EPIST.
1633 333 1697 392 S.
1731 329 2022 392 BASILII
2063 327 2507 392 CANONlCAM
2561 326 2639 387 ll.

3457 325 3560 387 654

307 459 402 514 τὸν
431 459 491 510 ὲν
526 453 786 524 ἁγιασμῷ
833 453 1262 524 προτιμήσασαν
1321 450 1474 520 βίονο
1545 449 1596 502 εί
1668 446 1893 519 παραϐῇ

2003 446 2170 500 vitam
2204 446 2256 500 in
2288 443 2648 500 sanctimonia
2687 451 2859 495 actam
2896 437 3225 508 anlt‘pomil,
3256 437 3299 490 si
3355 439 3567 504 profes-

310 548 412 611 τάς
441 546 761 618 ὁμολογίας,
796 545 893 599 καὶ
910 543 1008 612 τὴν
1039 544 1179 613 πρὸς
1207 543 1300 595 τὸν
1363 541 1595 611 νυμφίον
1651 539 1890 610 Χριστὸν

307 641 509 692 ῑνωσιν
535 637 822 708 ἀτιμάσει,
873 636 1089 703 ἡδοναῖς
1142 634 1468 696 ἀκολάστοις
1518 633 1722 703 ιαυτήν
1773 632 1892 686 ἐπι-

310 729 499 794 δοῦσα,
549 729 611 782 ού
659 727 1141 798 παραδεχθήσεται
1193 724 1371 789 ἄλλως
1447 728 1513 795 τῇ
1563 724 1887 795 Ἐκκλησία,

311 821 477 888 εἰμὴ
547 816 734 886 παυθῇ
809 816 912 884 τῆς
963 817 1263 885 ἁμαρτίας,
1321 814 1416 868 καὶ
1485 815 1730 868 διαλύσει
1831 813 1893 868 τὸ

311 910 557 978 ἄθεσμον
633 912 994 963 συνοικέσιον.
1075 906 1248 962 Τοῦτο
1333 906 1442 978 γὰρ
1516 905 1890 970 διασπάσασα,

310 1003 406 1053 κιὶ
485 1001 954 1069 μεταμεληθεῖσα,
1039 1000 1403 1068 τὸν-χρόνον
1477 996 1572 1050 τοῦ
1657 996 1754 1050 ἐπὶ
1825 998 1891 1066 τῇ

317 1085 536 1161 μοιχεία
560 1091 966 1162 ἁμαρτήματος
1023 1090 1402 1160 ἐκπληρώσει,
1451 1087 1596 1143 ὥστε
1654 1089 1712 1141 ὲν
1761 1087 1896 1141 δέκα

317 1185 415 1238 καὶ
480 1185 642 1238 πέντε
681 1184 861 1238 ετεσιν
910 1183 1282 1253 ἀκοινώνητον
1366 1180 1540 1250 αὐτὴν
1589 1177 1731 1234 εῖναι
1787 1176 1896 1231 τῶν

315 1275 680 1342 ἁγιασμάτων
709 1291 722 1304 ·
754 1277 812 1329 εν
841 1275 1139 1344 τέσσαρσιν
1157 1275 1336 1327 ετεσιν
1359 1273 1417 1337 ἑξ
1439 1271 1620 1324 αὐτῶν
1643 1269 1751 1322 τῶν
1773 1285 1895 1321 πεν-

315 1368 611 1422 τεκαίδεκα
651 1367 786 1422 ἑτῶν
818 1367 1263 1438 προσκλαίουσαν
1298 1366 1420 1434 μὶν,
1481 1366 1540 1417 ιν
1608 1362 1772 1416 πέντε
1838 1360 1893 1415 δὲ

315 1460 824 1528 τοῖςάκροωμένοις
856 1458 966 1511 τῶν
1015 1457 1176 1512 θείων
1228 1456 1462 1529 Γραφῶν
1524 1454 1895 1522 συνταττομέο

315 1569 448 1616 νων,
487 1553 546 1602 εν
585 1553 885 1620 τέσσαρσιν
918 1554 1362 1613 ὑποπίπτουσιν,
1397 1548 1493 1602 καὶ
1545 1549 1604 1600 ἐν
1641 1547 1761 1600 δυσὶ
1787 1548 1898 1608 τοῖς

317 1645 537 1706 πιστοῖς
559 1642 936 1706 συνεστῶσαν,
971 1642 1195 1696 καὶτῶν
1223 1640 1406 1711 εὐχῶν
1471 1638 1842 1693 κοινωνοῦσαν
1879 1650 1893 1665 °

1998 536 2180 592 siones
2235 551 2363 591 suas
2418 533 2770 597 lransilierit,
2823 540 2879 587 et
2927 530 3240 586 unctionem
3295 545 3446 582 suam
3500 529 3568 584 ad

1999 644 2253 697 sponsam
2288 627 2604 698 neglexerit,
2634 624 2998 693 voluptatibus
3025 621 3243 677 lascivis
3268 637 3395 676 sese
3464 631 3567 674 tra-

2000 723 2151 783 dens,
2175 734 2282 774 non
2333 720 2491 772 aliter
2533 718 2586 771 in
2659 714 2958 769 Eeclesiam
3021 713 3332 782 recipietur,
3383 711 3487 766 nisi
3541 727 3570 763 α

2001 822 2222 884 peccato
2261 819 2458 874 cesset,
2483 817 2534 862 et
2564 807 2905 876 illt'gititnttm
2939 804 3342 858 matrimonium
3371 803 3569 859 dissol-

2003 917 2110 959 vat.
2140 905 2288 960 Istud
2325 904 2466 958 enim
2493 902 2826 965 distrahens,
2861 909 2915 953 et
2963 898 3344 968 pmnitcntiam
3406 913 3568 965 agens

2005 1010 2216 1068 tempus
2245 998 2454 1068 peccati
2497 998 2550 1050 in
2603 993 2964 1049 fornicatione
3021 991 3284 1056 explebit,
3323 997 3460 1044 adeo
3517 1001 3575 1043 ut

2002 1095 2120 1163 ipsa
2166 1091 2478 1162 quindecim
2543 1089 2704 1142 annis
2774 1094 3242 1140 sacramentorum
3321 1099 3428 1137 non
3497 1085 3569 1138 sit

1999 1186 2294 1252 particeps,
2352 1191 2587 1248 quatuor
2636 1181 2865 1234 istorum
2917 1175 3226 1246 quindecim
3303 1191 3573 1230 annorum

2003 1288 2176 1329 annos
2203 1271 2432 1334 deﬂens.
2481 1273 2719 1343 quinque
2743 1279 2924 1324 autem
2963 1270 3103 1324 inter
3135 1283 3228 1323 eos
3291 1269 3382 1338 qui
3439 1268 3580 1321 divi-

2000 1381 2097 1421 nas
2120 1365 2428 1434 Scripturas
2452 1363 2698 1430 audiunt,
2726 1361 3010 1426 collocata,
3033 1368 3262 1430 quatuor
3281 1360 3575 1423 substrata,

2000 1467 2054 1512 et
2077 1457 2286 1511 duobus
2319 1457 2459 1510 inter
2499 1456 2682 1510 ﬁdeles
2731 1456 3055 1518 constituta,
3092 1463 3148 1505 et
3207 1467 3426 1520 precum
3453 1467 3578 1521 par-

2005 1550 2200 1619 ticeps,
2228 1556 2282 1602 et
2307 1557 2427 1619 post
2459 1547 2774 1617 quindecim
2804 1560 2976 1601 annos
3024 1542 3373 1614 perfectionis
3429 1560 3579 1598 com-

2005 1656 2100 1709 pos
2161 1641 2252 1693 tiat
2303 1649 2358 1694 et
2403 1639 2581 1693 divina
2655 1637 3038 1692 communione
3086 1637 3243 1706 digna
3297 1636 3579 1690 habeatur.

314 1737 413 1788 καὶ
449 1733 591 1805 μετὰ
615 1735 707 1786 τὸν
731 1733 1224 1788 πεντεκαιδέκατον
1259 1733 1493 1803 χρόνον,.
1537 1728 1633 1784 τοῦ
1688 1728 1893 1782 τελείου

2004 1732 2262 1800 Quamvis
2309 1732 2395 1786 hic
2429 1745 2602 1785 canon
2661 1728 2886 1800 requirit
2941 1742 3061 1783 eam
3112 1741 3272 1794 supra
3319 1725 3554 1779 sedecim

313 1828 520 1895 τυχεῖν,
561 1825 780 1894 καὶτῆς
832 1825 982 1888 Θείας
1035 1824 1322 1886 κοινωνίας
1399 1821 1726 1892 ἀξιωθῆναι.
1784 1820 1893 1874 Kit

2015 1825 2098 1879 vel
2130 1823 2513 1891 septemdecim
2548 1837 2718 1875 annos
2751 1835 2874 1876 esse
2923 1835 3039 1886 qua:
3101 1819 3155 1872 in
3193 1818 3457 1886 virginum
3491 1832 3583 1869 or-

313 1916 342 1968 ὁ
375 1918 561 1969 κανῶν
590 1909 746 1978 οὗτος
777 1914 921 1985 ὑπὲρ
960 1916 1027 1966 τὰ
1058 1913 1257 1978 δεκαὲξ
1287 1914 1323 1985 ἦ
1346 1915 1439 1967 καὶ
1487 1911 1766 1966 δεκαεπτὰ
1797 1910 1893 1980 ἐτη

1998 1918 2180 1972 dinem
2226 1913 2714 1982 admltticupil,ut
2760 1909 3196 1980 quandoquidem
3247 1919 3374 1961 tunc
3420 1908 3584 1961 ratio-

315 2008 524 2077 ἀπαιτῇ
559 2001 700 2058 εῖναι
726 2008 823 2076 τὴν
893 2006 1308 2076 ἑκλιπαροῦσαν
1372 2003 1788 2075 Μραδεχθῆναι
1818 2003 1893 2064 είς

2002 2008 2336 2064 cinationum
2370 2005 2443 2059 sit
2483 2004 2722 2066 domina,
2758 2011 2812 2056 ct
2834 2001 3154 2070 completam
3189 2000 3376 2052 habeat
3429 2000 3586 2050 ratio-

317 2099 378 2152 τὸ
401 2098 514 2152 τῶν
547 2099 834 2168 παρθένων
867 2099 1057 2169 τάγμα
1086 2115 1101 2128 ⁸
1145 2099 1212 2153 ἵν’
1240 2097 1316 2162 ὡς
1371 2097 1671 2168 τηνικαῦτα
1739 2094 1893 2165 κυρία

2008 2117 2154 2165 nem,
2183 2099 2226 2154 si
2259 2099 2653 2168 promissiones
2689 2112 2813 2150 suas
2865 2093 3169 2160 violaverit,
3235 2093 3584 2147 inexorabili-

319 2184 458 2244 οὖσα
483 2190 592 2243 τῶν
622 2189 925 2260 λογισμῶν,
951 2191 1045 2243 καλ⁵
1067 2190 1162 2256 τὴν
1193 2189 1288 2242 τοῦ
1321 2190 1479 2256 λόγου
1509 2189 1893 2258 συμπλήρωσιι

2010 2203 2092 2246 ter
2124 2207 2314 2261 poenas
2354 2193 2484 2243 luat.
2517 2191 2581 2242 At
2633 2188 3088 2257 quadragesimus
3119 2195 3290 2240 sexta:
3322 2186 3373 2238 in
3399 2184 3584 2239 Trnllo

317 2280 916 2353 εχουσα,είάθετήσει
987 2280 1087 2343 τὰς
1147 2281 1447 2350 συνθήκας,
1504 2279 1893 2349 ἀπαραιτήτως

2010 2282 2202 2352 synodi
2235 2297 2406 2335 canon
2451 2281 2613 2334 etiam
2645 2277 2884 2346 eumqui
2942 2293 3062 2331 cum
3120 2277 3303 2333 decem
3357 2277 3428 2332 sit
3483 2294 3586 2330 an-

317 2372 588 2442 κολασθῇ.
633 2371 778 2425 ’Λλλ“
831 2367 924 2425 οὖν
985 2375 1014 2425 ὁ
1065 2371 1508 2443 τεσσαρακοστὸς
1573 2368 1752 2423 κανὼν
1799 2369 1893 2438 τῆς

2003 2389 2195 2428 norum
2220 2374 2406 2444 iugum
2437 2373 2794 2426 monasticum
2831 2381 2914 2425 est
2940 2380 3290 2438 suscepturus
3324 2372 3580 2435 admittit,

319 2466 380 2516 ὲν
401 2464 478 2535 τῷ
504 2463 765 2535 Τρούλλῳ
796 2464 963 2534 ἕκτης
1002 2465 1242 2528 συνόδου,
1282 2467 1377 2519 καὶ
1431 2465 1522 2518 τὸν
1581 2465 1713 2518 δέκα
1763 2465 1893 2518 ὲτῶν

2005 2475 2063 2520 ιιι
2112 2465 2352 2520 Ecclesia
2388 2465 2665 2532 petentior
2697 2464 2913 2529 evadat,
2975 2473 3031 2518 et
3081 2463 3316 2518 fidelium
3359 2479 3584 2533 COItgrc—

316 2554 471 2622 ὅντα,
548 2556 814 2626 μέλλοντα
887 2559 978 2644 τ’»)
1060 2556 1351 2627 μοναδικόν
1408 2556 1570 2626 ζυγὸν
1627 2555 1904 2622 ὑπελθεῖν,

321 2647 719 2717 παραδέχεται,
752 2647 842 2701 διὰ
869 2647 928 2701 τὸ
956 2648 1054 2718 τήν
1101 2648 1434 2718 Ἐκκλησίαν
1498 2647 1902 2718 κραταιοτέραν

2003 2560 2154 2628 gatio
2211 2561 2276 2612 ad
2329 2559 2708 2612 mandatorum
2763 2555 3201 2610 observationem
3256 2556 3346 2611 Dei
3410 2559 3580 2626 gratia

2011 2651 2165 2704 firma
2190 2649 2505 2717 stabilisque
2549 2648 2663 2705 flat.

319 2738 596 2803 γενέσθαι,
627 2739 720 2792 καὶ
750 2739 811 2792 τὸ
839 2737 949 2791 τῶν
980 2737 1188 2790 πιστῶν
1225 2737 1476 2810 σύστημα
1502 2740 1640 2802 πρὸς
1676 2738 1773 2810 τὴν
1794 2739 1903 2794 τῶν
1930 2739 2161 2793 ἐντολῶν
2191 2741 2424 2812 τήρησιν
2485 2741 2667 2812 χάριτι
2724 2743 2846 2812 θεία
2904 2743 3102 2812 πάγιόν
3125 2760 3186 2797 τε
3239 2742 3333 2797 καὶ
3403 2744 3583 2810 degu-

317 2829 406 2894 λλ,
439 2827 595 2884 εἶναι.

908 2971 1148 3026 ΚΑΝΩΝ
1172 2969 1270 3028 ιε’.

335 3081 573 3154 ’Δνδρῶν
599 3081 656 3135 8).
679 3082 973 3152 ὁμολογίαν
998 3085 1097 3138 οὐκ
1123 3083 1391 3153 ἔγνωμεν,
1413 3083 1550 3156 πλήν
1580 3085 1628 3137 εί
1661 3083 1736 3156 μή
1764 3100 1908 3146 τινες

2577 2969 2808 3025 CANON
2874 2969 3015 3024 XIX.

2012 3081 2263 3136 Virorum
2295 3089 2476 3136 autem
2512 3082 2880 3149 professiones
2909 3097 3015 3136 non
3049 3081 3297 3135 novimus
3353 3090 3580 3148 [δι-ξηαπ·-

394 3172 623 3235 εαυτοῦς
646 3174 723 3242 τῷ
748 3175 994 3244 τάγματι
1018 3175 1127 3227 τῶν
1173 3175 1515 3244 μοναζόντων
1569 3174 1893 3246 ιγκατηρίθ-

2075 3189 2236 3243 quam
2261 3175 2412 3244 siqui
2444 3189 2503 3228 se
2535 3175 2681 3243 ipsos
2698 3176 3088 3229 monachorum
3120 3175 3296 3227 ordini
3317 3189 3581 3229 annume-

395 3281 580 3334 μησαν
607 3281 623 3296 ο
649 3265 699 3317 οἳ
732 3266 874 3318 κατά
907 3267 967 3318 τὸ
1001 3266 1359 3330 σιωπώμενον
1381 3265 1596 3318 δοκοῦσι
1655 3266 1895 3335 παραδέο

390 3355 581 3424 χεσθαι
617 3355 714 3426 τὴν
742 3358 1002 3423 ἀγαμίαν.
1044 3357 1189 3424 Πλὴν
1218 3357 1310 3409 καὶ
1338 3352 1426 3408 ἐπ’
1450 3357 1693 3419 ἐκείνων,
1723 3357 1898 3408 ἐκεῖνο

393 3445 638 3516 ήγοῦμαι
671 3447 1031 3516 προηγεῖσθαι
1074 3448 1397 3518 προσήκειν,
1456 3445 1768 3516 ἐρωτᾶσθαι
1803 3445 1900 3498 αἱ.

391 3541 518 3604 τοὺς
578 3539 674 3593 καὶ
704 3537 1079 3605 λαμϐάνεσθαι
1106 3539 1203 3608 τὴν
1238 3537 1368 3608 παρ’
1397 3537 1576 3593 αὐτῶν
1605 3538 1899 3606 ὁμολογίαν

389 3630 618 3699 ἐναργῆ,
687 3629 828 3682 ὥστε
904 3631 1123 3684 ἐπειδὰν
1200 3628 1579 3699 μετατίθενται
1633 3632 1764 3698 πρὸς
1809 3629 1901 3681 τὸν

389 3723 726 3792 φιλόσαρκον
749 3723 845 3774 καὶ
876 3721 1126 3792 ήδονικὸν
1157 3719 1291 3789 βίον,
1327 3719 1561 3778 ὑπάγειν
1592 3719 1790 3781 αὐτοὺς
1821 3717 1901 3787 τῷ

391 3814 501 3868 τῶν
523 3814 898 3884 πορνευόντων
931 3811 1220 3880 ἐπιτιμίῳ.

391 3924 593 3978 ΒΔΛΣ.
635 3923 952 3994 Σημείωσαι
1003 3923 1112 3975 ἀπὸ
1159 3921 1256 3975 τοῦ
1331 3921 1597 3992 παρόντος
1652 3921 1896 3987 κανόνος,

319 4016 592 4083 λέγοντος,
643 4015 866 4083 Ἀνδρος
904 4015 961 4067 δὲ
984 4015 1280 4083 ὁμολογίας
1307 4013 1407 4066 οὐκ
1459 4013 1728 4082 ἔγνωμεν,
1760 4013 1900 4082 πλὴν

317 4109 366 4162 εί
401 4110 478 4177 μή
501 4124 643 4169 τινες
674 4106 904 4168 ἑαυτοὺς
955 4106 1033 4175 τῷ
1095 4106 1341 4174 τάγματι
1386 4103 1497 4157 τῶν
1558 4103 1900 4172 μοναζόντων

317 4195 831 4266 ἑγκατηρίθμησαν,
862 4196 944 4248 ὃτι
978 4197 1036 4247 tv
1067 4193 1143 4264 τῷ
1179 4193 1249 4264 ιη’
1275 4193 1459 4246 κανόνι
1489 4196 1548 4246 ού
1577 4195 1708 4264 περὶ
1735 4211 1899 4264 μονα.

318 4287 525 4351 ζόντιυν
557 4282 735 4352 εἶπεν,
768 4285 907 4340 ἀλλὰ
963 4287 1094 4356 περὶ
1158 4285 1445 4355 παρθένων
1485 4285 1899 4355 ἀφοριζομένων

315 4381 394 4449 τῷ
425 4377 548 4448 Θεῷ
585 4379 730 4449 μετὰ
761 4378 956 4431 λαῖκοῦ
1008 4378 1311 4447 σχήματος.
1376 4376 1680 4444 ’Δνάγνωθι
1709 4377 1807 4445 τῆς
1840 4378 1899 4429 ιν

2073 3273 2303 3319 rarunt:
2342 3264 2433 3333 qui
2462 3264 2620 3318 tacite
2649 3264 2901 3317 videntur
2935 3264 3242 3319 cadibatum
3273 3265 3576 3318 admittere.

2071 3355 2175 3410 Sed
2208 3356 2260 3409 in
2296 3354 2402 3410 illis
2432 3370 2646 3424 quoque
2669 3356 2923 3410 existimo
2946 3360 3253 3424 praecedere
3295 3367 3575 3424 oportere.

2077 3460 2135 3502 ut
2173 3448 2273 3516 ipsi
2317 3456 2751 3515 tnterrogentur,
2786 3455 2839 3500 et
2866 3447 3094 3501 evidens
3152 3447 3392 3512 ipsorum
3433 3449 3579 3501 acci-

2071 3539 2254 3606 piatur
2287 3537 2574 3606 professio,
2604 3545 2662 3590 ut
2709 3547 2995 3606 postquam
3028 3551 3087 3591 se
3119 3538 3184 3590 ad
3226 3537 3570 3592 libidinosam

2072 3644 2122 3688 et
2150 3633 2506 3700 voluptariam
2554 3631 2718 3683 vitam
2777 3631 3167 3695 converterint,
3231 3645 3420 3685 eorum
3484 3632 3572 3698 qui

2075 3725 2409 3778 fornicantur
2437 3721 2702 3791 punitioni
2727 3720 3106 3791 subiiciantur.

2072 3930 2270 3986 BALS.
2308 3930 2442 3986 Nota
2472 3945 2536 3985 ex
2581 3929 2832 4000 prmsenti
2887 3943 3098 3985 canone
3138 3929 3368 3992 dicente,
3420 3928 3578 3983 Viro-

2001 4038 2118 4076 rum
2150 4033 2328 4077 autem
2364 4021 2728 4092 professiones
2759 4035 2865 4074 non
2904 4021 3176 4084 novimus,
3215 4030 3573 4087 praeterquam

2003 4114 2158 4182 siqui
2189 4115 2416 4182 seipsos
2467 4115 2517 4167 in
2568 4113 2958 4168 monachorum
3016 4128 3301 4167 numerum
3373 4114 3572 4167 retule-

2004 4209 2158 4265 runt,
2182 4203 2326 4272 quod
2361 4203 2410 4254 in
2449 4217 2655 4256 canone
2685 4203 2751 4257 18
2811 4218 2916 4256 non
2977 4203 3044 4256 de
3107 4202 3385 4257 nonathis
3411 4241 3424 4263 ,
3481 4203 3575 4254 sui

2000 4290 2068 4344 de
2119 4291 2422 4360 virginibus
2476 4292 2581 4344 Deo
2674 4307 2793 4345 cum
2830 4291 2966 4345 laico
3027 4292 3210 4345 habitu
3277 4291 3573 4359 segregatis

2001 4383 2210 4437 locutus
2263 4394 2364 4437 εει.
2424 4381 2567 4452 Lege
2626 4383 2944 4452 Garthagin.
2997 4396 3119 4452 syn.
3155 4396 3274 4435 can.
3326 4381 3378 4444 6,
3411 4382 3479 4434 Η
3520 4394 3573 4436 ct

317 4471 651 4542 Καρθαγένῃ
677 4471 899 4523 συνόδου
932 4470 1134 4523 κανόνα
1171 4474 1248 4533 ς’,
1298 4463 1381 4537 μδ’
1429 4469 1521 4520 καὶ
1567 4460 1718 4536 ρκςε
1757 4467 1893 4528 Τοὺς

2004 4473 2127 4528 Ηϐ.
2161 4472 2453 4528 Monacltos
2479 4482 2656 4526 autem
2707 4472 2857 4536 dicit,
2891 4473 3106 4527 etiamsi
3145 4473 3305 4526 tacite
3353 4473 3572 4526 videan-

318 4563 508 4632 μέντοι
539 4563 810 4632 μοναχούς
841 4577 1000 4629 φησι,
1052 4559 1152 4613 κᾶν
1180 4561 1278 4611 καὶ
1339 4558 1539 4611 δοκῶσι
1601 4557 1894 4627 σιωπηρῶς

314 4651 710 4706 κατατίθεσθαι
738 4650 1017 4717 ἁγνεύειν,
1039 4651 1188 4720 ὅμως
1219 4649 1464 4717 ὀφείλειν
1513 4649 1608 4701 καὶ
1671 4647 1896 4710 τούτους

310 4744 649 4814 ιρωτᾶσθαι,
691 4743 784 4794 καὶ
820 4743 1111 4810 ὁμολογεῖν
1143 4740 1392 4811 ἀγαμίαν
1443 4758 1459 4773 ·
1488 4740 1600 4804 ῖνα,
1638 4741 1733 4793 ἐὰν
1757 4740 1894 4810 ψεύ·

313 4850 540 4897 σωνται,
602 4835 676 4895 ὡς
737 4832 1142 4900 πορνεύσαντες
1202 4831 1609 4902 ΐπιτιμηθῶσι.
1675 4833 1892 4888 Τούτων

312 4924 381 4996 δὴ
402 4923 578 4985 οὕτως
606 4923 862 4992 ἑχόντων,
895 4922 970 4991 μὴ
1001 4919 1167 4993 εἴπῃς
1193 4918 1268 4982 ὡς
1333 4921 1380 4972 οῖ
1444 4920 1520 4990 μή
1568 4923 1892 4990 ποιήσαντες

318 5017 550 5086 μοναχολ⁸
583 5013 842 5082 τοιαύτην
867 5010 1162 5081 ὁμολογίαν
1189 5009 1519 5079 ἀνέγκλητοι
1549 5009 1890 5083 διατηρηθή-

315 5123 523 5159 σονται.
563 5106 684 5158 Κᾶν
718 5105 826 5173 γὰρ
858 5103 933 5174 μὴ
962 5103 1219 5170 ἁποκαρῇ
1256 5118 1360 5166 τις,
1437 5100 1573 5155 ἀλλὰ
1657 5103 1889 5170 ρασοφο-

311 5200 482 5269 ρήσῃ,
512 5198 572 5250 ού
592 5197 882 5266 δυνήσεται
913 5194 1506 5266 μετασχηματισθῆναι
1555 5193 1648 5247 καὶ
1684 5195 1764 5257 είς
1789 5195 1890 5262 γά-

313 5308 418 5362 μον
449 5289 645 5354 ἐλθεῖν,
688 5289 824 5342 ἀλλὰ
874 5289 1022 5342 ἄκων
1089 5285 1575 5355 ἀναγκασθήσεται
1624 5285 1890 5357 ὑποστρέ-

307 5386 412 5454 ψαι
440 5384 522 5444 εἰς
556 5381 650 5434 τὸν
682 5382 982 5449 μοναχικὸν
1010 5379 1146 5450 βίον,
1188 5379 1264 5439 ὡς
1306 5377 1568 5440 πολλάκις
1621 5377 1780 5431 τοῦτο
1814 5379 1890 5431 εί-

309 5491 514 5545 πομεν.
544 5473 618 5525 Τὸ
643 5473 776 5527 αὐτὸ
803 5473 858 5524 δὲ
880 5471 1029 5523 ἔσται
1066 5471 1162 5524 καὶ
1201 5472 1282 5532 είς
1333 5470 1595 5538 μοναχὰς,
1627 5467 1764 5521 άλλά
1793 5469 1888 5522 καὶ

309 5568 389 5626 είς
419 5565 628 5623 πάντας
657 5561 784 5623 τοὺς
816 5561 907 5612 τοῦ
932 5560 1198 5630 βήματος.
1231 5558 1340 5610 Καὶ
1361 5551 1507 5611 οὗτοι
1537 5557 1645 5627 γὰρ
1672 5574 1886 5624 σιωπη-

312 5657 418 5727 ρῶς
448 5651 698 5706 δοκοῦσιν
730 5650 1012 5718 ὁμολογεῖν
1053 5652 1128 5719 μὴ
1161 5649 1341 5704 ἑλθεῖν
1381 5651 1461 5712 είς
1505 5649 1682 5718 γάμον
1748 5647 1886 5716 μετὰ

312 5748 412 5813 τὴν
445 5740 805 5814 χειροτονίαν,
836 5741 929 5793 καὶ
953 5739 1384 5810 παραϐρίνοντες
1405 5738 1494 5792 τὸν
1516 5737 1716 5793 κανόνα
1743 5735 1882 5788 καθ-

2002 4579 2090 4621 ιιιι·
2113 4566 2419 4619 castitatem
2448 4563 2650 4625 colere,
2685 4563 2883 4617 debere
2917 4572 3095 4618 tamen
3131 4579 3224 4618 cos
3269 4565 3430 4618 etiam
3485 4567 3571 4618 in-

1997 4657 2285 4726 terrogari,
2345 4665 2399 4709 et
2451 4655 2756 4708 caelibatum
2814 4655 3096 4724 profiteri:
3143 4666 3199 4708 ut
3260 4657 3303 4709 si
3359 4659 3566 4710 tnent'rti

1995 4747 2197 4801 fuerint
2228 4755 2286 4800 ut
2328 4745 2687 4800 fornicatores
2727 4747 3046 4814 puniantur.
3079 4744 3189 4800 Etsi
3240 4755 3421 4800 autem
3455 4750 3569 4802 ha-e

1995 4837 2068 4892 ita
2096 4851 2158 4892 se
2192 4836 2452 4900 habeant,
2483 4849 2551 4889 ne
2579 4836 2789 4892 dixeris
2822 4837 2967 4904 quod
2995 4837 3250 4892 monachi
3287 4840 3375 4906 qui
3421 4837 3562 4891 hanc

1995 4926 2391 4997 professionem
2430 4941 2537 4982 non
2567 4927 2768 4992 fecere,
2803 4927 3044 4982 insontes
3100 4927 3346 4997 nullique
3391 4929 3561 4996 culpze

1993 5016 2214 5072 obnoxii
2245 5016 2632 5072 servabuntur.
2669 5015 2781 5070 Etsi
2812 5017 2958 5071 enim
3030 5033 3135 5072 non
3173 5019 3329 5072 fuerit
3375 5029 3564 5073 tonsus

1994 5106 2290 5177 quispiam,
2347 5107 2441 5162 sed
2477 5122 2602 5161 rasa
2633 5107 2948 5174 gestaverit,
2991 5121 3096 5161 non
3132 5109 3328 5176 poterit
3356 5117 3563 5162 mutare

1993 5197 2239 5252 habitum
2266 5206 2320 5253 et
2355 5199 2421 5252 ad
2459 5199 2675 5266 nuptias
2727 5199 3045 5264 convolare,
3107 5201 3199 5253 sed
3263 5200 3458 5252 invitus
3490 5202 3555 5249 ad

1991 5288 2236 5344 habitum
2297 5287 2657 5342 monasticum
2705 5289 2907 5342 reverti
2953 5299 3214 5360 cogetur,
3269 5289 3408 5342 sicut
3458 5291 3559 5342 hoc

1990 5391 2131 5446 sape
2163 5376 2422 5430 diximus.
2453 5374 2596 5430 Idem
2651 5377 2757 5429 erit
2817 5386 2872 5431 et
2898 5378 2963 5432 de
3013 5376 3356 5439 monialibus,
3395 5385 3448 5429 ct
3490 5379 3557 5431 de

1992 5469 2243 5523 omnibus
2269 5467 2484 5522 clericis
2505 5467 2812 5522 tribunalis.
2843 5466 2975 5522 Nam
3008 5478 3061 5522 et
3096 5469 3128 5520 ii
3163 5481 3353 5520 omnes
3397 5468 3556 5522 tacite

1989 5556 2231 5629 profiteri
2260 5556 2514 5610 videntur
2531 5571 2589 5610 se
2623 5556 3025 5610 matrimonium
3053 5569 3156 5607 non
3178 5565 3557 5610 contractnros

1988 5656 2109 5717 post
2140 5645 2572 5701 ordinationem:
2627 5656 2682 5700 et
2740 5661 3001 5700 canonem
3072 5645 3552 5714 transgredientes,

1987 5740 2350 5808 deponuntur.
2413 5737 2602 5804 Qmere
2647 5748 2956 5793 sanctorum
3017 5737 3379 5804 apostolorum
3427 5754 3555 5795 can.
