4124 6502
253 468 359 531 ίῦτ
1179 467 1260 530 lN
1299 469 1539 529 EPIST.
1586 470 1650 530 S.
1692 465 1987 527 BASlLlI
2027 463 2480 527 CANONICAM
2524 463 2604 524 II.
3395 464 3505 528 (5'8

259 581 352 649 τὴν
387 581 667 650 ὁμο).ογί-·
711 581 894 634 αὐτῶν
930 580 1171 650 φανερὰν
1221 581 1527 650 λαμσάνειν
1553 597 1568 613 ο
1634 582 1744 644 ἴνα,
1783 584 1832 635 εἰ
1863 569 1887 626 Α

1875 569 1907 625 Α
1933 572 2007 630 Ut
2039 574 2169 628 siad
2205 575 2579 643 voluptuosam
2633 581 2681 627 ct
2749 572 3022 628 carnalem
3064 573 3228 630 vitam
3289 574 3503 632 decide-

263 671 648 740 μεταπέσωσι·.
686 672 883 726 ἔκτοτε
910 673 1046 742 πρδς
1081 673 1174 725 τὸν
1223 673 1474 742 ἡδονικδν
1521 674 1614 727 καὶ
1682 675 1834 744 φιλό-

1521 674 1614 727 καῖ
1682 675 1834 744 φιλό-
1938 667 2069 731 rint,
2103 665 2490 722 fornicatorum
2524 681 2700 738 poenae
2732 665 3109 735 subjiciantnr.

256 781 465 834 σαρκον
505 763 643 834 βίον,
688 764 750 817 τὸ
804 766 912 817 τῶν
975 766 1355 838 πορνευόντων
1424 765 1703 835 ἐπιτίμιον
1752 765 1836 820 δέ-

256 849 480 914 ξωνται.

871 947 1112 1002 ΚΑΝΩΝ
1134 950 1216 1006 Κ’.

2539 952 2774 1009 CANON
2807 952 2928 1009 XX.

257 1030 427 1084 Ὅσαι
461 1035 719 1100 γυναῖκες
751 1034 808 1089 ἒν
839 1037 1052 1106 αἱρέσει
1084 1037 1244 1093 οὖσαι
1291 1043 1593 1112 παρθενίαν
1623 1044 1840 1117 ὡμολό-

1941 1041 2281 1112 Quaecunque
2309 1042 2588 1112 mulieres,
2635 1060 2760 1099 cum
2808 1054 2995 1101 essent
3058 1047 3348 1111 haeretica,
3403 1049 3502 1101 vir-

333 1139 534 1190 γησαν,
565 1118 688 1177 εἶτα
730 1126 868 1195 μετά
899 1128 1074 1182 ταῦτα
1137 1132 1316 1201 γάμον
1342 1132 1675 1202 ἀνθείλοντο,
1739 1139 1839 1209 οὐχ

2019 1135 2296 1203 ginitatem
2343 1136 2602 1204 professa:
2656 1146 2801 1201 sunt,
2849 1137 3044 1193 deinde
3091 1147 3274 1207 postea
3321 1140 3508 1192 matri-

327 1215 574 1284 ἠγοῦμαι
600 1220 798 1286 χρῆναι
834 1221 1296 1286 καταδικάζεσθαι
1322 1225 1548 1289 ταύτας.
1564 1229 1705 1282 Ὅσα
1731 1233 1840 1302 γὰρ

2017 1226 2254 1280 monium
2296 1227 2620 1292 maluerunt,
2669 1244 2773 1282 non
2834 1229 3088 1286 existimo
3131 1246 3223 1286 eas
3263 1240 3516 1300 oportere

326 1309 356 1358 ὁ
389 1308 552 1376 νόμος
586 1309 759 1375 λαλεῖ,
790 1315 902 1376 τοῖς
933 1316 991 1368 ὲν
1011 1315 1089 1384 τῷ
1117 1317 1267 1387 νόμῳ
1291 1318 1461 1376 λαλεῖ.
1497 1322 1561 1374 Αἱ
1585 1322 1642 1375 δὲ
1673 1325 1841 1393 μήπω

2019 1318 2395 1373 condemnari.
2431 1319 2778 1390 Qnmcunque
2802 1321 2946 1376 enim
2979 1322 3109 1378 dicit
3133 1323 3237 1386 lex,
3277 1324 3340 1376 iis
3361 1323 3513 1389 dicit,

328 1401 664 1457 ἐπελθοῦσαι
700 1406 794 1458 τὸν
833 1407 1001 1475 ζυγὸν
1025 1411 1120 1464 τοῦ
1150 1413 1412 1482 Χριστοῦ,
1461 1416 1586 1470 οὐδὲ
1616 1418 1716 1486 τὴν
1737 1437 1838 1471 νο-

2014 1411 2103 1477 qui
2127 1411 2338 1474 sunt,in
2373 1411 2508 1478 lege.
2534 1412 2874 1481 Quaecunque
2900 1425 3075 1468 autem
3096 1415 3282 1486 jugulo
3299 1416 3503 1470 Christi

332 1492 596 1560 μοθεσίαν
629 1495 1056 1561 ὲπιγινώσκουσι
1102 1502 1194 1555 τοῦ
1236 1505 1534 1561 Δεσπότου.
1567 1508 1734 1562 Ὥστε
1761 1508 1845 1563 δε·

2014 1503 2248 1554 nondum
2277 1503 2578 1568 subierunt,
2604 1519 2680 1558 ea:
2713 1519 2809 1558 nec
2844 1505 3051 1560 Domini
3105 1506 3250 1575 leges
3296 1515 3513 1560 norunt.

331 1583 462 1635 κται
492 1585 599 1638 είσι
639 1589 705 1657 τῇ
748 1587 1048 1664 Ἐκκλησία
1079 1595 1222 1663 μετὰ
1249 1597 1468 1652 πάντων
1497 1601 1590 1653 καὶ
1621 1601 1720 1672 τὴν
1751 1605 1843 1656 ἐπὶ

2019 1591 2192 1654 Ouare
2253 1605 2381 1648 sunt
2440 1596 2507 1648 ab
2562 1595 2802 1650 Ecclesia
2865 1612 2989 1651 cum
3041 1598 3293 1652 omnibus
3343 1599 3516 1652 susci.

330 1673 548 1736 τούτοις
579 1677 775 1744 ἄφεσιν
808 1680 1024 1751 ἔχουσιν
1051 1685 1115 1740 ὲκ
1175 1687 1274 1757 τῆς
1318 1689 1559 1754 πίστεως
1604 1693 1701 1764 τῆς
1765 1699 1844 1760 εἰς

2017 1681 2248 1751 piendaz.
2292 1694 2346 1739 et
2400 1695 2618 1756 prepter
2647 1687 2758 1743 haec
2799 1687 2999 1743 habent
3031 1690 3406 1745 remissionem
3452 1708 3519 1746 ex

318 1762 581 1831 Χριστὸν,
616 1769 708 1821 καὶ
732 1771 966 1826 καθόλου
1002 1775 1068 1829 τά
1098 1777 1156 1829 ὲν
1189 1779 1266 1849 τῷ
1309 1762 1705 1855 κατηχουμὲνιρ
1743 1787 1845 1858 βίῳ

2019 1777 2126 1835 title
2166 1778 2216 1831 in
2249 1777 2549 1845 Christum,
2576 1789 2627 1836 et
2653 1783 2876 1839 omnino
2909 1799 3029 1854 quae
3061 1785 3113 1839 in
3174 1787 3519 1842 catechume-

319 1861 612 1974 Isrdpfva
643 1865 725 1974 εἰς
756 1866 990 1932 εὐθύνας
1049 1872 1150 1924 οὐκ
1202 1873 1452 1940 ἄγονται.
1507 1877 1729 1943 Τούτοις
1789 1881 1844 1934 δὲ
1876 1920 1917 1974 Β

1890 1920 1917 1973 Β
2019 1871 2136 1925 nica
2157 1870 2260 1924 vita
2290 1871 2422 1926 nunt
2455 1872 2789 1942 injudicium
2827 1892 2931 1933 non
2965 1888 3252 1934 vocantur.
3303 1879 3518 1933 Clarum

329 1950 494 2018 δῆλον
515 1953 595 2006 ὅτι
635 1955 767 2009 ἄνευ
787 1959 1219 2034 βαπτίσματοςή
1250 1963 1547 2036 Ἐκκλησία
1579 1968 1639 2021 οὐ
1663 1985 1841 2040 παρα·
1876 1950 1917 1974 υ

1895 1950 1917 1973 ³
2019 1971 2102 2016 est
2130 1972 2308 2016 autem
2336 1963 2478 2032 quod
2515 1965 2646 2020 tales
2674 1967 2916 2023 Ecclesia
2967 1984 3070 2024 non
3105 1971 3224 2024 sine
3255 1971 3523 2039 baptismo

329 2043 572 2113 δέχεται,
603 2047 745 2103 ὥστε
769 2052 1209 2120 ἀναγκιιότατον
1250 2057 1344 2110 ἐπὶ
1375 2058 1585 2124 τούτοις
1615 2062 1681 2116 τὰ
1715 2081 1848 2136 πρε·
2022 2052 2235 2119 τοείρίιο
2291 2051 2470 2120 0⁸³³1⁸⁸
2516 2057 2884 2123 κευθτθιίθιιὶε
2939 2059 3216 2130 privilegia
3272 2071 3399 2117 5m"-
3464 2061 3515 2116 Ῐη

334 2133 498 2187 casia,
521 2137 619 2206 τῆς
651 2140 936 2206 γενέσεως.
1760 2133 1771 2136 τ

1760 2133 1771 2136 ⁷
2019 2144 2152 2212 ipsis
2187 2145 2421 2200 maxime
2454 2149 2786 2207 necessaria.

336 2227 536 2284 ΒΑΛΣ.
582 2231 670 2294 Ὧς
698 2232 897 2301 ἔοικεν,
924 2237 1202 2308 αἰρετικαὶ
1234 2246 1490 2310 γυναῖκες
1537 2246 1850 2315 ὡμολόγουν

2021 2235 2211 2291 διιδ.
2251 2235 2317 2292 Ut
2352 2249 2435 2292 est
2462 2240 2778 2306 verisimile,
2813 2241 3080 2299 haeretica;
3117 2245 3373 2301 mulieres
3419 2246 3529 2300 vir-

262 2319 614 2386 παρθενίαν,
684 2318 803 2377 εἶτα
871 2327 1129 2395 ἀνδράσιν
1234 2332 1432 2396 ἑαυτὰς
1535 2333 1847 2401 ἐξεδίδουν⁹

1953 2327 2234 2394 giuitatem
2265 2328 2687 2397 proﬁtebantur,
2752 2331 2948 2387 deinde
2995 2347 3054 2387 se
3109 2335 3241 2390 viris
3303 2344 3525 2403 nuptum

265 2413 706 2482 προσερχόμεναι
728 2415 784 2468 δὲ
812 2421 879 2488 τῇ
919 2419 1217 2493 Ἐκκλησία
1249 2423 1586 2492 ἑπετιμώντο
1606 2427 1680 2488 ώς
1719 2427 1850 2495 ψευ-

1955 2413 2186 2468 dabant:
2219 2414 2284 2468 ad
2327 2415 2626 2472 Erclesiam
2661 2427 2842 2473 autem
2866 2421 3191 2478 accedentes
3231 2422 3527 2492 reprehen-

267 2501 527 2569 σάμεναι.
595 2506 730 2574 Φησὶ
786 2507 914 2574 γοῦν
967 2510 1200 2578 όάγιος,
1263 2513 1337 2584 μὴ
1393 2517 1851 2581 καταδικάζεσοαι

1955 2504 2225 2559 «ιοιιιιιιιιιι-
2253 2512 2312 2559 ut
2343 2508 2600 2563 mentitas.
2633 2509 2774 2564 Dicit
2825 2525 2954 2582 ergo
2989 2521 3234 2580 sanctus,
3293 2528 3388 2570 eas
3422 2529 3526 2568 non

264 2594 474 2679 ταύτας
554 2599 717 2667 χάριν
783 2598 859 2656 ὧν
926 2604 1032 2672 πρὸ
1084 2606 1179 2660 τοῦ
1245 2610 1532 2663 πιστεῦσαι
1587 2611 1850 2679 ἐψεύσαν-

1954 2607 2077 2646 esse
2118 2593 2560 2652 condemnandos
2593 2599 2749 2654 deiis
2768 2614 2887 2668 quae
2927 2601 3166 2656 mentitae
3195 2612 3319 2658 sunt
3375 2614 3524 2657 ante—

262 2700 352 2738 το.
386 2675 521 2739 Εἶτα
595 2689 825 2744 καθόλου
879 2692 1064 2748 δίδωσι
1122 2697 1324 2751 κανόνα
1398 2700 1473 2769 μὴ
1525 2675 1852 2766 κολαζεσθαι

1955 2699 2114 2755 quam
2141 2686 2442 2742 crederent.
2481 2688 2687 2744 Deinde
2725 2690 2778 2743 in
2806 2705 3017 2745 summa
3049 2691 3212 2746 tradit
3235 2706 3526 2754 canonem,

266 2774 401 2837 τοὺς
459 2778 868 2845 πιστεύσαντας
950 2783 1046 2834 καὶ
1101 2783 1524 2852 βαπτισθέντας,
1599 2790 1728 2857 περὶ
1778 2784 1855 2843 ὦν

1959 2792 2063 2831 non
2097 2778 2287 2846 punire
2313 2793 2407 2836 eos
2452 2782 2544 2852 qui
2573 2783 2919 2838 crediderunt
2953 2793 3009 2838 et
3067 2784 3322 2852 baptizati
3381 2793 3527 2847 sunt,

265 2865 527 2936 ἥμαρτον
566 2871 674 2938 πρὸ
705 2871 800 2924 τοῦ
853 2872 1261 2945 βαπτίσματος.
1307 2876 1634 2944 Αἱρετιιιοὺς
1662 2879 1718 2932 δὲ
1746 2883 1854 2935 νόει

1957 2870 2023 2923 de
2058 2869 2123 2924 iis
2149 2885 2268 2939 quas
2311 2881 2436 2927 ante
2490 2871 2816 2940 baptismum
2866 2874 3281 2944 commiserunt.
3350 2876 3530 2930 Hanc-

268 2957 402 3018 τοὺς
457 2958 534 3027 μὴ
572 2959 749 3023 ἄλλως
776 2961 1124 3032 δεχομένους,
1187 2967 1238 3018 εί
1314 2968 1390 3036 μὴ
1450 2966 1850 3037 βαπτιοθῶσιν.

1959 2960 2096 3013 ticos
2155 2971 2332 3015 autem
2392 2977 2485 3016 eos
2566 2963 2825 3034 intelligo,
2879 2965 2968 3034 qui
3011 2981 3119 3021 non
3160 2966 3532 3036 suscipiuntur

270 3046 399 3098 Εἰσὶ
441 3049 550 3118 γάρ
588 3067 738 3115 τινες
765 3052 1036 3121 αἱρετικοὶ
1093 3056 1188 3108 καὶ
1248 3059 1422 3128 χωρὶς
1478 3059 1855 3130 βαπτίσματος

1959 3051 2058 3105 nisi
2097 3051 2246 3119 prius
2272 3051 2528 3121 baptizati
2566 3053 2787 3110 fuerint.
2817 3057 2955 3110 Sunt
2988 3056 3131 3112 enim
3165 3059 3382 3128 quidam
3420 3057 3533 3111 bre-

267 3140 480 3200 δεκτοὶ.
524 3142 671 3213 ἀγίῳ
699 3145 965 3216 χρίσματι
1002 3149 1152 3218 μόνῳ
1213 3149 1516 3220 χριόμενοι.
1560 3153 1671 3206 Καὶ
1724 3153 1855 3208 ἀνά-

1962 3145 2137 3208 retiei,
2185 3144 2275 3213 qui
2330 3147 2631 3202 suntetiam
2701 3148 2818 3203 sine
2871 3149 3141 3220 baptismo
3205 3150 3533 3218 suscipiendi

268 3235 446 3300 γνωθι
474 3237 568 3288 τὸν
613 3237 663 3303 ζ’
726 3239 931 3292 κανόνα
972 3241 1076 3310 τῆς
1123 3241 1389 3313 δευτέρας
1447 3244 1691 3311 συνόδου,
1761 3247 1896 3323 καις

1907 3246 2144 3324 :sancto
2175 3236 2466 3293 chrismate
2500 3238 2618 3292 solo
2675 3239 2844 3293 uncti.
2883 3239 3027 3307 Lege
3084 3249 3138 3294 et
3190 3254 3312 3295 can.
3365 3240 3395 3292 Ἰ
3447 3255 3535 3294 sc-

270 3328 481 3381 κανόνα
519 3326 586 3391 ιζ’
620 3329 729 3384 τῶν
765 3331 939 3398 ἁγίων
975 3333 1318 3388 ἀποστόλων.

1959 3329 2146 3384 condas
2173 3344 2293 3400 syn.
2319 3337 2372 3383 et
2394 3345 2518 3386 can.
2544 3330 2605 3383 l7
2636 3329 2693 3384 S.
2723 3330 3124 3400 Apostolorum.

348 3419 592 3474 ΖΩΝΑΡ.
642 3423 931 3490 Δίρετικαὶ
984 3426 1246 3490 γυναῖκες
1309 3425 1624 3496 ὡμολόγουν
1713 3448 1856 3502 παρ-

2033 3421 2285 3478 ZONAR.
2335 3423 2614 3478 llmreticte
2665 3424 2918 3479 mulieres
2993 3421 3362 3493 virginitatem
3420 3437 3535 3490 pro-

270 3511 541 3577 θενεύειν,
576 3509 694 3591 εἶτα
718 3514 976 3582 ἀνδράσιν
1029 3516 1234 3582 ἑαυτὰς
1281 3515 1571 3582 ἐξεδίδουν.
1640 3520 1856 3588 Ταύτας

1961 3513 2270 3581 ﬁtebantnr,
2308 3515 2503 3573 deinde
2545 3516 2672 3572 viris
2713 3517 2920 3584 seipsas
2961 3512 3268 3568 tradebant.
3328 3511 3456 3574 Eas,
3490 3513 3532 3565 si

272 3607 732 3675 προσερχομένας
759 3610 824 3677 τῇ
873 3607 1140 3678 καθολικῆ
1213 3611 1515 3683 Ἐκκλησία
1569 3614 1799 3686 γνώμην
1831 3619 1859 3669 ὁ

1960 3605 2026 3660 ad
2065 3604 2364 3661 Ecclesiam
2418 3607 2742 3661 catholicam
2804 3607 3124 3677 procedant,
3173 3613 3392 3659 sanctus
3452 3604 3535 3658 hic

272 3697 432 3762 ᾶγυος
460 3697 646 3751 δίδωσι
683 3699 760 3769 μὴ
784 3701 1255 3764 καταδικάζεσθαι
1279 3702 1356 3768 ὡς
1383 3703 1741 3774 ψευσαμένας
1763 3706 1857 3775 τὴν

1961 3698 2043 3751 ι-ῑι*
2079 3713 2174 3750 sua
2213 3698 2481 3752 sententia
2529 3697 2975 3767 haudquaquam,
3035 3696 3188 3766 quasi
3241 3694 3537 3765 professio-

271 3789 598 3856 ὁμολογίαν.
652 3791 794 3843 Ὀσα
847 3791 977 3861 γὰρ,
1007 3793 1199 3863 φησὶν,
1235 3794 1446 3865 δνόμος
1507 3796 1686 3860 λαλεῖ,
1729 3801 1860 3862 -τοίς

1963 3806 2085 3845 nem
2113 3790 2880 3857 fefellerint,condemnandas
2927 3804 3050 3844 esse
3086 3787 3314 3856 judicat.
3350 3786 3515 3852 Qua:-

274 3879 339 3929 ὲν
385 3877 463 3946 τῷ
494 3879 646 3948 νόμῳ
681 3878 853 3934 λαλεῖ.
886 3883 949 3934 Al
982 3883 1037 3935 δὲ
1073 3883 1150 3952 μὴ
1193 3883 1487 3951 δεξάμεναι
1547 3886 1641 3939 τὸν
1699 3889 1861 3959 ζυγὸν

1963 3897 2179 3951 cunque
2241 3883 2413 3948 enim,
2492 3883 2588 3947 ait,
2631 3882 2713 3935 lex
2760 3880 3025 3949 loquitur,
3071 3879 3137 3933 iis
3188 3877 3280 3947 qui
3322 3878 3374 3930 in
3426 3876 3540 3945 lege

276 3969 374 4022 τοῦ
406 3969 644 4038 Χριστοῦ
705 3971 826 4024 οὐδὲ
885 3972 982 4042 τὴν
1035 3973 1263 4044 ἐντολὴν
1325 3975 1541 4030 ἐκείνου
1598 3979 1860 4046 επιγινώο

1963 3985 2085 4030 sunt
2116 3975 2377 4045 loquitur.
2404 3974 2534 4041 Quae
2563 3989 2692 4028 vero
2721 3973 2922 4028 Christi
2950 3973 3138 4042 jugum
3199 3986 3305 4024 non
3357 3983 3539 4024 susce-

278 4077 500 4124 σκουσι,
533 4062 629 4116 καὶ
657 4062 842 4115 λοιπον
871 4063 1188 4116 δεκταίείσι
1237 4069 1302 4136 τῇ
1353 4068 1684 4140 Ἐκκ).ησὲᾳ’,
1727 4070 1862 4138 tius-

1962 4076 2180 4137 peruut,
2211 4066 2354 4120 illius
2399 4079 2614 4134 quoque
2649 4063 2903 4118 mandata
2956 4077 3059 4116 non
3123 4069 3440 4131 agnoscunt,
3479 4074 3540 4114 ac

280 4171 370 4206 σιν
397 4154 619 4222 ἔχουσαι
685 4157 746 4206 ὲκ
781 4154 878 4209 του
944 4157 1241 4211 πιστεῦσαι
1324 4160 1550 4229 Χριστῷ
1606 4163 1698 4214 καὶ
1766 4163 1862 4215 τοῦ

1963 4159 2218 4228 deinceps
2249 4159 2317 4212 a‘)
2338 4157 2580 4212 Ecclesia
2605 4156 2819 4210 admitti
2873 4163 3128 4226 possunt,
3183 4154 3420 4217 veniam,
3475 4169 3539 4206 ex

277 4246 527 4301 τοιούτου
560 4249 981 4319 ἁμαρτήματος.
1040 4245 1172 4303 Εἶτα
1227 4251 1459 4306 καθόλου
1513 4253 1698 4307 δίδωσι
1763 4271 1865 4308 κα-

1964 4265 2029 4305 eo
2055 4251 2198 4319 quod
2253 4250 2471 4305 Christo
2522 4248 2871 4313 crediderint,
2911 4247 2981 4302 ab
3025 4248 3125 4302 hoc
3184 4261 3396 4315 quoque
3432 4245 3541 4299 cri-

279 4340 415 4394 νόνα
455 4340 665 4393 ὃτιὸσα
713 4342 771 4392 ὲν
802 4343 1200 4413 κατηχουμὲνῳ
1265 4343 1363 4415 βίῳ
1428 4345 1722 4414 γένωνται,
1765 4347 1864 4414 οὐκ

1965 4344 2110 4398 mine
2141 4342 2474 4397 obtinentes.
2509 4338 2646 4394 Tum
2705 4340 2758 4392 in
2789 4337 3107 4393 universum
3143 4335 3382 4407 regulam
3431 4345 3540 4389 sta-

280 4432 628 4504 εύθύνονται.
655 4432 777 4485 ἀντὶ
799 4432 918 4498 τοῦ,
949 4434 1010 4484 οὐ
1053 4435 1398 4499 κολάζονται.
1466 4435 1635 4508 Πλὴν,
1705 4438 1863 4509 φησι,

1968 4435 2089 4499 luit,
2128 4449 2460 4504 quacunque
2500 4433 2758 4488 nimirum
2817 4431 2871 4486 in
2915 4427 3360 4484 catecltumenica
3434 4428 3541 4481 vita

276 4523 509 4584 τούτους
543 4524 673 4577 ἄνευ
709 4522 1088 4593 βαπτίσματος
1117 4527 1148 4593 ἡ
1192 4526 1500 4597 Ἐκκλησία
1541 4530 1600 4580 οὐ
1624 4530 1866 4598 παραδέ-

1968 4526 2402 4592 committuntur,
2438 4541 2541 4580 non
2563 4524 2740 4579 vocari
2757 4523 2810 4578 in
2827 4521 3109 4591 judicium,
3127 4520 3228 4574 hoc
3248 4529 3349 4580 est,
3374 4515 3539 4569 baud-

279 4632 441 4686 χεται
473 4629 488 4646 ⁴
525 4618 653 4670 ἐπεὶ
724 4610 818 4669 οὖν
881 4616 1260 4685 βαπτίζοντα-ι,
1295 4618 1406 4670 τῶν
1443 4621 1550 4690 πρὸ
1615 4620 1710 4672 τοῦ
1761 4621 1858 4690 βα·
1890 4619 1907 4678 l

1912 4619 1943 4677 D
1970 4635 2244 4688 quaquam
2287 4619 2490 4687 puniri.
2526 4617 2749 4680 Adhmc,
2782 4615 2978 4683 inquit,
3008 4613 3269 4684 ejusmodi
3297 4609 3540 4664 homines

279 4709 590 4775 πτὶσματος
618 4708 953 4778 σφαλμὲτων
988 4708 1210 4761 πάντων
1244 4710 1602 4780 συγχώρησιν
1644 4711 1855 4782 ἔχουσι.

1971 4709 2212 4763 Ecclesia
2242 4709 2359 4764 sine
2403 4709 2671 4779 baptismo
2697 4722 2799 4761 non
2849 4706 3086 4760 admittit
3122 4721 3137 4769 ;
3175 4703 3286 4772 78
3328 4699 3541 4770 quando

278 4796 458 4854 Τοῦτο
488 4802 598 4869 γάρ
630 4799 779 4853 ἐστιν
806 4801 834 4852 ὃ
869 4801 1096 4867 ἐπάγει,
1155 4800 1235 4854 ὅτι
1295 4803 1733 4868 ἀναγκαιότατον
1769 4805 1863 4857 ἐπὶ

1971 4815 2136 4864 porro
2160 4798 2529 4867 baptizantur,
2565 4812 2751 4853 eorum
2777 4811 2899 4866 quae
2933 4804 3058 4848 ante
3100 4793 3424 4860 baptismum
3455 4786 3540 4839 ad-

277 4892 511 4953 τούτους
541 4892 609 4944 τὰ
638 4893 906 4962 πρεσϐεῖα
946 4891 1046 4962 τῆς
1074 4893 1369 4959 γενέσεως,
1426 4892 1595 4964 ἤγουν
1653 4895 1736 4947 ὅτι
1769 4897 1860 4948 ἀνα

1972 4891 2172 4946 misere
2212 4901 2557 4962 peccatorum
2612 4888 2823 4959 penitus
2879 4886 3090 4941 veniam
3122 4890 3525 4951 consequuntur

280 4984 536 5052 αγκαίως
569 4982 756 5035 λοιπὸν
800 4984 994 5036 ἕπεται
1080 4983 1501 5053 βαπτιζομένοις
1565 4987 1750 5050 αὐτοῖς
1796 4989 1863 5041 τὰ

1973 4983 2254 5038 [locrenim
2273 4983 2539 5052 significat
2573 4984 2622 5036 id
2654 4981 2795 5050 quod
2831 4978 3072 5045 subiicit,
3121 4991 3246 5030 esse
3295 4973 3543 5026 nimirum

283 5076 556 5147 πρεσϐεῖα
587 5071 684 5144 τῆς
716 5075 985 5142 γενέσεως
1018 5091 1032 5105 ⁸
1073 5075 1135 5128 τδ
1179 5076 1461 5148 ἐξαίρετον
1513 5078 1712 5148 δηλαδὴ
1766 5082 1864 5149 τῆς

1974 5076 2027 5131 in
2083 5075 2394 5145 bujusmodi
2456 5075 2769 5129 heminibus
2827 5069 3193 5144 generationis
3264 5064 3540 5135 privilegia

279 5170 339 5219 ὲν
363 5166 442 5236 τῷ
469 5165 804 5235 βαπτίσματι
828 5167 1115 5233 γενέσεως,
1148 5167 1268 5237 ἦτοι
1303 5167 1402 5237 τῆς
1426 5169 1864 5239 ἀναγεννήσεως,

1975 5170 2206 5222 maxime
2240 5167 2568 5231 necessaria,
2600 5166 2699 5220 hoc
2729 5173 2834 5228 est,
2881 5179 3003 5217 cum
3061 5161 3162 5230 ipsi
3200 5161 3541 5230 baptizentur

279 5259 309 5312 ὃ
349 5259 504 5311 ἐστιν
541 5261 572 5327 ἡ
609 5259 970 5332 συγχώρησις
1028 5259 1138 5313 τῶν
1195 5261 1741 5330 προημαρτημένων.
1771 5247 1868 5315 Αί-

1976 5261 2285 5316 necessario
2319 5259 2569 5329 deinceps
2594 5257 2874 5324 consequi,
2919 5266 2976 5308 nt
3005 5254 3282 5324 privilegia
3320 5264 3540 5319 genuera-

285 5350 537 5417 ρετικοὺς
569 5348 601 5419 ἢ
631 5350 760 5411 τοὺς
797 5350 870 5418 μὴ
911 5347 1093 5411 ἄλλως
1129 5349 1457 5419 δεχομένους
1483 5351 1528 5402 εί
1572 5351 1646 5420 μὴ
1671 5351 1866 5420 βαπτιο

1977 5352 2136 5406 tionis
2169 5352 2483 5406 obtineant:
2521 5349 2664 5417 quod
2694 5349 2950 5403 nimirum
2988 5346 3264 5416 singulare
3306 5357 3368 5395 ac
3421 5355 3541 5408 prat-

283 5438 458 5490 σθώσι
501 5439 802 5510 νοητέον,ἦ
842 5439 970 5500 τοὺς
1001 5441 1290 5502 ἀπίστους.
1367 5442 1485 5492 Elei.
1555 5443 1660 5512 γάρ
1720 5460 1864 5504 τινες

1973 5444 2191 5510 cipnutn
2223 5450 2310 5496 est
2344 5443 2393 5493 in
2423 5439 2677 5508 baptismi
2735 5438 3107 5509 generatione,
3159 5435 3272 5489 sive
3331 5446 3543 5500 regene-

285 5532 704 5599 αίρετικοὶ,καλ
748 5532 922 5600 χωρίς
1012 5531 1390 5601 βαπτίσματος
1442 5533 1644 5600 δεκτοὶ,
1727 5536 1867 5606 ἁγίῳ

1975 5535 2204 5595 ratione,
2243 5532 2511 5587 absolutio
2545 5545 2734 5598 nempe
2762 5530 2828 5583 ab
2864 5536 3130 5582 anteacta:
3158 5526 3277 5577 vitae
3307 5522 3543 5576 delictis.

285 5621 553 5691 χρίσματι
589 5620 737 5690 μόνῳ
779 5621 1081 5690 χριόμενοι,
1138 5622 1263 5686 ώςό
1316 5624 1384 5687 ιζ’
1426 5624 1606 5679 κανὼν
1629 5627 1724 5696 τῆς
1745 5627 1863 5680 δευ-

1976 5625 2272 5680 Ηωιτιίεοδ
2295 5639 2456 5694 porro
2488 5632 2581 5678 aut
2626 5638 2720 5677 eos
2772 5621 3075 5689 intelligere
3135 5623 3366 5685 Oportet,
3418 5629 3547 5682 quos

285 5711 451 5780 τέρας
501 5711 728 5764 συνόδου
755 5711 1128 5767 διατάττεται.
1159 5715 1320 5768 Εἴποι
1373 5715 1428 5767 δέ
1453 5733 1535 5778 τις
1592 5718 1869 5771 ἐναντιοῦ-

1977 5734 2082 5772 non
2110 5718 2264 5771 aliter
2300 5717 2404 5770 nisi
2443 5716 2788 5785 baptizentur
2819 5711 3029 5767 admitti
3076 5711 3155 5763 las
3180 5718 3282 5772 est,
3312 5719 3403 5761 aut
3431 5707 3518 5759 iuli

287 5799 411 5853 σθαι
447 5802 540 5854 τὸν
573 5800 752 5870 μέγαν
787 5802 1071 5858 Βασίλειον
1101 5805 1186 5859 διὰ
1210 5805 1304 5859 τοῦ
1341 5807 1607 5876 παρόντος
1645 5810 1868 5872 κανόνος

1979 5810 2144 5864 delos.
2186 5809 2322 5864 Sunt
2350 5808 2490 5862 enim
2516 5807 2682 5876 aliqui
2733 5806 2973 5860 haeretici
3033 5803 3194 5858 etiam
3229 5803 3348 5856 sine
3376 5802 3543 5867 bapti-

286 5895 361 5963 τῷ
392 5895 636 5965 πέμπτῳ
669 5895 853 5948 κανόνι
910 5899 1008 5966 τῆς
1064 5899 1121 5953 ἐν
1160 5899 1566 5968 Νεοκαισαρεία
1625 5901 1866 5967 συνόδου,

1982 5917 2098 5958 suto
2129 5899 2446 5966 recipiendi,
2481 5909 2670 5956 sancto
2693 5897 2862 5954 solum
2894 5897 3186 5955 chrismate
3240 5890 3540 5963 ἱῐιυιιεριιέὶ,
