4124 6462
278 374 377 437 661

1202 371 1282 430 ιιι
1323 369 1572 432 EPIST.
1609 368 1672 430 S.
1708 368 2001 430 BASILII
2039 369 2489 431 CANONICAM
2531 368 2612 430 11.

3437 363 3544 426 662

271 483 390 543 τοῖς
419 481 605 545 αὐτοῖς
649 482 954 554 ἐπιτιμίοις
1034 468 1428 554 θεραπεύεται.
1502 479 1672 532 Πλέον
1702 478 1855 546 πὰρ,

1969 479 2130 533 habet
2161 492 2383 532 uxorem
2409 477 2732 548 legitimam,
2761 485 2815 530 ct
2835 473 3132 530 fornicatus
3169 481 3270 528 est.
3290 471 3538 549 Maxima

271 578 433 668 (moll,
468 575 906 644 λέγει,ὸφεὶλειν
939 577 1302 647 ἐπιτιμᾶσθαι
1351 575 1447 627 τὸν
1477 573 1668 644 ἔχοντα
1692 570 1850 640 νόμι-

1965 576 2141 621 autem
2201 581 2332 636 pars
2375 579 2546 635 parum
2607 563 2799 620 medici
2860 565 3058 620 animm
3104 562 3314 635 judicio
3375 561 3546 617 relin-

275 683 378 730 μον
406 659 640 734 γυναῖκα
674 671 771 724 καὶ
798 669 1202 739 πορνεύσαντα,
1241 667 1391 737 παρὰ
1432 667 1521 719 τὸν
1550 665 1624 736 μὴ
1657 663 1850 733 ἔχοντα
1960 659 2160 727 quitur.

272 763 517 826 γυναῖκα
547 763 642 818 καὶ
674 762 1079 834 πορνεύσαντα.
1115 764 1187 816 Τὸ
1217 763 1275 816 δὲ
1307 761 1469 815 πλέον
1527 760 1622 814 τοῦ
1705 751 1985 824 ἐπιτιμίου
2053 757 2132 818 τίς
2187 753 2286 826 τὴν
2368 756 2642 828 διάκρισιν
2693 753 2789 810 τοῦ
2845 755 3079 827 ψυχικοῦ
3153 752 3339 824 ίατροῦ
3415 751 3548 805 ἀνε-

272 854 431 921 τέθη.

349 945 810 1018 ΖΩΝΑΡ.Ἃνὴρ,
855 949 1044 1015 φησιν,
1101 947 1242 1016 ἔχων
1294 949 1556 1016 γυναῖκα,
1620 943 1717 997 ἐὰν
1777 943 1857 1004 είς

273 1038 472 1107 ἑτέραν
509 1037 731 1107 ἁμάρτῃ
760 1037 833 1107 μὴ
889 1039 1064 1109 ἄνδρα
1130 1036 1386 1108 ἔχουσαν,
1434 1038 1631 1107 πόρνος
1684 1033 1855 1095 ἐστὶν,

272 1130 393 1181 ἀλλ’
429 1130 490 1182 οὐ
524 1130 734 1199 μοιχός.
768 1130 894 1183 Ἐπὶ
924 1129 1082 1184 πλέον
1148 1130 1206 1184 δὶ
1261 1128 1408 1200 αὐτῷ
1459 1129 1520 1182 τδ
1583 1125 1860 1194 ἐπιτίμιον

271 1221 696 1290 παρατείνεται,
728 1223 897 1293 ἤγουν
931 1222 1244 1293 βαρύτερον
1301 1222 1648 1289 ἐπιτιμᾶται.
1707 1216 1860 1287 παρὰ

269 1316 367 1368 τὸν
403 1316 476 1386 μὴ
499 1316 754 1381 συζῶντα
788 1317 1012 1383 γυναικὶ
1037 1317 1134 1369 καὶ
1184 1315 1588 1384 πορνεύσαντα.
1631 1311 1722 1379 Τῷ
1761 1309 1860 1378 μὲν

271 1409 384 1477 γὰρ
415 1408 716 1477 συγγνώμη
779 1425 864 1470 τις
911 1407 1116 1461 δίδοται
1165 1406 1253 1460 διὰ
1295 1405 1396 1467 τὴν
1453 1405 1704 1474 ἀνάγκην
1756 1401 1859 1471 τῆς

272 1501 493 1568 φύσεως
516 1517 530 1532 ·
561 1503 588 1554 6
613 1500 670 1553 δὲ
698 1501 934 1568 γυναῖκα
961 1499 1102 1568 ἔχων
1168 1499 1268 1567 τῆς
1355 1496 1690 1566 συγγνώμης
1712 1490 1858 1546 ταύ-

271 1609 375 1659 της
404 1591 724 1661 ἐστέρηται,
756 1591 855 1657 τῆς
885 1591 1120 1661 φυσικῆς
1182 1590 1434 1655 ἀνάγκης
1500 1583 1858 1658 παραμυθίαν

270 1677 415 1746 εχων
444 1678 542 1747 τὴν
566 1678 803 1748 νόμιμον
830 1680 1103 1747 γαμετὴν,
1135 1678 1472 1748 ἁμαρτάνων
1493 1677 1548 1729 δὲ
1614 1677 1685 1729 δι’
1719 1676 1858 1729 ἀκο-

2035 935 2291 991 ZONAR.
2351 936 2465 1002 Vir,
2537 936 2742 1008 inquit,
2804 937 3018 993 habens
3067 953 3312 1001 uxorem,
3390 938 3432 992 si
3490 939 3544 991 in

1964 1031 2193 1084 alteram
2241 1029 2552 1097 peccaverit
2585 1045 2690 1084 non
2721 1029 3014 1084 habentem
3074 1030 3278 1090 virum,
3309 1029 3548 1084 fornica-

1963 1131 2050 1177 tor
2075 1133 2251 1185 est,at
2287 1137 2393 1177 non
2441 1123 2681 1177 adulter.
2748 1122 2997 1192 Amplius
3045 1131 3226 1176 autem
3251 1123 3323 1176 illi
3379 1123 3546 1176 multa

1964 1215 2297 1281 extenditur,
2329 1215 2432 1269 hoc
2457 1223 2560 1277 est.
2600 1214 2821 1282 gravius
2858 1214 3103 1284 punitur,
3153 1229 3312 1280 quam
3363 1215 3408 1269 is
3437 1213 3549 1286 79

1964 1303 2057 1372 qui
2085 1319 2206 1357 cum
2242 1319 2464 1358 uxorem
2498 1319 2603 1360 non
2640 1305 2836 1360 habeat
2874 1305 3198 1362 fornicatur.
3234 1303 3370 1358 lluic
3401 1306 3546 1358 enim

1967 1395 2212 1464 quaedam
2238 1396 2558 1451 conceditur
2589 1397 2747 1452 venia
2801 1398 2870 1451 ob
2911 1407 3116 1450 natura:
3141 1395 3548 1452 necessitatem.

1966 1486 2090 1555 Qui)
2111 1501 2243 1541 vero
2302 1501 2528 1542 uxorem
2583 1488 2766 1554 habet,
2818 1488 2918 1544 hac
2973 1488 3329 1543 excusatione
3372 1495 3544 1550 caret,

1965 1595 2087 1635 cum
2115 1579 2408 1648 legitimam
2441 1596 2662 1635 uxorem
2690 1581 2890 1636 habeat
2917 1581 3178 1636 naturalis
3210 1581 3552 1635 necessitatis

1964 1669 2349 1737 levamentum,
2401 1681 2565 1742 atque
2612 1675 2682 1727 ob
2730 1665 3206 1741 intemperantiam
3262 1686 3326 1726 ac
3377 1671 3556 1724 libidi-

270 1768 474 1821 λασίαν
498 1769 595 1821 καὶ
628 1768 926 1836 ἀσέλγειαν
953 1785 968 1800 ο
994 1769 1074 1822 διὸ
1102 1769 1200 1821 καὶ
1258 1769 1464 1837 μᾶλλον
1519 1767 1856 1836 ἐπιτιμᾶται

1968 1775 2088 1816 nem
2140 1772 2361 1830 peccet:
2421 1763 2646 1832 proinde
2703 1771 2758 1818 et
2819 1765 3040 1835 gravius
3102 1773 3157 1818 et
3215 1761 3553 1817 diuturniore

270 1862 370 1914 καὶ
395 1861 487 1913 ἐπὶ
520 1859 743 1913 πλείονα
771 1860 987 1930 χρόνον.
1036 1859 1181 1913 Ἀλλ’
1215 1862 1366 1929 ὅμως
1420 1861 1453 1929 ἠ
1492 1859 1630 1930 γυνὴ
1686 1859 1855 1914 αὐτοῦ

273 1952 368 2003 τὸν
400 1951 646 2005 τοιοῦτον
681 1953 742 2006 οὺ
771 1953 1204 2022 παραιτήσεται.
1237 1953 1302 2004 Ἢ
1333 1951 1391 2005 δὶ
1421 1951 1592 2022 ἄνδρα
1648 1949 1851 2021 ἔχουσα

271 2046 417 2112 γυνὴ
443 2047 541 2098 καὶ
577 2048 810 2115 μιγεῖσα
839 2046 1013 2115 ἑτέρῳ
1049 2045 1298 2114 μοιχαλίς
1327 2046 1443 2098 ἐστι
1477 2057 1491 2072 ⁸
1544 2044 1639 2097 καὶ⁵
1679 2041 1863 2112 ὸὰνὴρ

268 2138 447 2204 αὐτῆς
492 2137 760 2208 ὲξωθήσει
826 2137 1020 2206 αὐτὴν,
1077 2137 1174 2191 καὶ
1227 2137 1324 2189 οὐκ
1373 2135 1864 2206 ἀναγκασθήσεται

270 2226 689 2294 προσλαϐέσθαι
715 2229 910 2298 αὐτὴν,
937 2228 987 2281 εἰ
1033 2227 1109 2297 μὴ
1161 2226 1436 2297 βούλεται.
1499 2225 1658 2281 Οὕτω
1723 2225 1860 2297 γὰρ,

270 2318 435 2386 φησὶ,
469 2319 816 2391 κεκράτηκεν
854 2322 886 2391 ἠ
920 2321 1202 2391 συνήθεια,
1233 2320 1515 2386 κρίνεσθαι
1557 2319 1753 2375 ταῦτα.
1800 2321 1859 2374 '0

267 2409 334 2462 δὲ
357 2409 515 2478 λόγος
539 2412 691 2482 καὶὴ
753 2413 923 2475 αίτία,
951 2412 1020 2465 δι’
1062 2413 1130 2480 ἣν
1161 2410 1307 2465 οὕτω
1370 2412 1688 2480 νενόμισται
1718 2411 1863 2480 γίνε-

284 2503 438 2564 σθαι,
465 2505 567 2558 οὐκ
598 2504 821 2568 εὔκολός
855 2508 1003 2569 ἐστι,
1040 2505 1197 2574 φησὶ,
1231 2503 1515 2573 νοηθῆναι.

351 2595 573 2649 ΔΡΙΣΤ.
629 2596 837 2666 Ἀνδρα
864 2596 1278 2666 πεπορνευκότα
1324 2597 1358 2665 ἡ
1390 2595 1494 2648 ίδία
1529 2597 1860 2667 παραλήψε-

273 2705 394 2742 ται.
456 2686 799 2741 Μιανθείσαν
847 2687 903 2740 δὶ
940 2689 1176 2755 γυναῖκα
1202 2687 1394 2758 δάνὴρ
1446 2688 1860 2757 ἀποπέμπεται.

275 2780 490 2848 ῐιόρνος
561 2780 698 2849 γὰρ,
767 2780 828 2833 οὑ
883 2779 1072 2850 μοιχός
1135 2781 1304 2845 ἔστιν,
1347 2781 1375 2832 6
1425 2780 1506 2842 τις
1574 2779 1865 2852 ἐλευθέραν

276 2868 535 2923 ἑκπεσὼν
581 2869 934 2938 ὑπογύναιος.

353 2961 466 3028 Οὐχ
489 2959 563 3021 ὡς
594 2960 782 3030 μοιχὸς
812 2963 839 3014 6
863 2959 1003 3031 ἀνὴρ
1029 2959 1356 3032 κριθήσεται
1390 2962 1418 3014 6
1455 2963 1723 3016 συνοικῶν
1766 2980 1864 3031 γυ-

275 3050 454 3114 ναικὶ,
492 3053 582 3104 καὶ
633 3052 770 3122 πρὸς
825 3051 1019 3123 ἑτέραν
1051 3051 1348 3124 ἐλευθέραν
1379 3053 1563 3125 γάμου
1606 3055 1865 3127 ἁμαρτή-

1967 1866 2210 1926 tempore
2241 1856 2485 1926 punitur.
2516 1855 2632 1910 Non
2661 1867 2844 1912 tamen
2895 1856 3204 1923 huiusmodi
3275 1857 3550 1912 botninctu

1964 1957 2104 1998 uxor
2128 1944 2297 2014 ipsius
2327 1943 2649 2014 repudiabit.
2683 1942 2875 1998 Mulier
2903 1955 3081 1998 autem
3113 1944 3287 1998 virum
3323 1945 3550 2010 habens,

1967 2034 2013 2089 si
2042 2035 2197 2090 alteri
2247 2037 2695 2098 eommiseeatur,
2739 2036 2982 2090 adultera
3027 2048 3158 2104 est;
3207 2053 3436 2108 eamque
3470 2038 3555 2093 vir

1965 2142 2096 2183 suus
2141 2127 2394 2196 expellet,
2434 2143 2531 2183 nec
2569 2126 2674 2182 sibi
2734 2143 2948 2182 rursum
3009 2129 3280 2184 aseisrcre
3330 2138 3553 2197 cogetur

1966 2219 2068 2274 nisi
2100 2219 2252 2274 velit.
2315 2219 2390 2274 Ita
2448 2234 2702 2289 namque,
2759 2220 2857 2284 ait,
2920 2220 3155 2276 obtinuit
3216 2223 3554 2279 consuetudo

1969 2311 2068 2366 ista
2103 2309 2412 2377 diiudicari.
2447 2309 2730 2365 Rationem
2763 2326 2890 2366 vero
2914 2321 2970 2365 et
3014 2327 3265 2377 causam,
3299 2312 3367 2368 ob
3385 2329 3550 2383 quam

1967 2402 2039 2456 ita
2087 2401 2202 2456 fleri
2259 2412 2581 2459 consuetum
2625 2409 2732 2470 est,
2794 2401 2940 2458 haud
2984 2401 3166 2468 facile,
3227 2403 3322 2470 ait,
3387 2402 3554 2460 fuerit

1968 2493 2241 2563 indagare.

2036 2583 2266 2640 ARIST.
2301 2582 2493 2639 Virum
2524 2585 2615 2653 qui
2670 2584 2970 2640 fornicatus
2994 2594 3079 2640 est
3136 2600 3276 2639 uxor
3326 2588 3546 2655 propria

1966 2673 2232 2742 recipiet:
2281 2675 2620 2746 inquinatam
2685 2692 2816 2732 vero
2883 2676 3150 2732 adulterio
3198 2691 3421 2730 uxorem
3470 2677 3554 2730 vir

1967 2767 2222 2822 dimittet.
2247 2766 2571 2824 Fornicator
2599 2769 2749 2824 enim
2776 2785 2880 2825 non
2907 2769 3119 2825 adulter
3143 2777 3246 2834 est,
3272 2769 3362 2839 qui
3395 2769 3549 2824 uxori

1964 2859 2184 2932 junctus
2214 2875 2336 2915 cum
2372 2861 2546 2918 soluta
2577 2878 2692 2918 rem
2721 2863 2997 2920 habuerit.

2041 2951 2134 3007 Vir
2185 2953 2278 3024 qui
2327 2969 2450 3009 eum
2495 2955 2723 3011 muliere
2771 2955 3050 3012 coltahitat
3100 2965 3154 3009 et
3212 2955 3262 3008 in
3323 2954 3481 3008 aliam
3518 2969 3548 3006 a

1967 3048 2310 3103 matrimonio
2332 3047 2558 3104 liberam
2583 3059 2862 3118 peccatum
2900 3047 3142 3114 almisit,
3191 3049 3405 3103 adulter
3437 3062 3546 3101 non

279 3157 407 3203 σας.
439 3141 552 3194 ἀλλ’
611 3119 688 3205 ὡς
716 3119 935 3212 πόρνοςί
981 3143 1073 3195 καὶ
1108 3141 1198 3196 διὰ
1238 3119 1401 3198 τοῦτο.
1433 3119 1554 3198 οὐδὲ
1585 3119 1696 3208 τοίς
1730 3119 1860 3214 ’μοι-

1969 3139 2370 3208 dijudicabitur,
2401 3142 2494 3196 sed
2527 3140 2844 3196 fornicator.
2879 3140 2944 3195 Et
2998 3140 3119 3195 ideo
3152 3155 3252 3196 nec
3303 3140 3548 3196 adulterii

277 3232 434 3300 χεία;
496 3232 792 3302 ἐπιτιμίοις
839 3233 1300 3304 ὐποῦληθήσεται·
1357 3237 1519 3290 πλέον
1569 3237 1625 3288 δὲ
1660 3237 1860 3308 πόρνου

278 3325 767 3394 ὶπιτιμηθήσεται.
849 3325 1022 3378 Τοῦτο
1085 3327 1141 3380 δὲ
1198 3326 1289 3379 διὰ
1356 3328 1454 3397 τὴν
1507 3327 1862 3396 κρατήσασαν

280 3416 595 3484 συνήθειαν.
620 3417 732 3487 Τὴν
762 3417 859 3486 μὲν
889 3418 998 3486 γὰρ
1032 3419 1266 3484 γυναῖκα
1294 3418 1466 3487 ἑτέρῳ
1512 3419 1670 3488 ἀνδρὶ
1697 3436 1862 3487 μιανο

280 3490 472 3559 θεῖσαν
511 3507 661 3576 παρὰ
699 3507 790 3559 τοῦ
833 3507 1026 3575 ἀνδρὸς
1053 3507 1223 3578 αὐτῆς
1251 3508 1578 3579 προστάττει
1629 3509 1865 3562 ἀποδιώ-

281 3600 502 3653 κεσθαι·
558 3599 649 3651 τὸν
707 3600 763 3652 δὲ
821 3600 987 3669 ἄνδρα
1058 3601 1390 3670 πορνεύοντα
1442 3601 1546 3654 ὑπὸ
1591 3601 1691 3671 τῆς
1727 3602 1865 3665 ἰδίας

279 3691 542 3760 γυναικὸς
571 3689 781 3743 κελεύει
828 3688 903 3762 μὴ
936 3690 1293 3758 ἀπολύεσθαι,
1353 3692 1490 3748 ἀλλὰ
1564 3693 1868 3766 παραδέχε-

283 3782 409 3836 σθαι
443 3783 629 3836 αὐτόν.

881 3875 1116 3927 ΚΛΝΩΝ
1144 3876 1269 3930 KB'.

282 3964 429 4028 Τοὺς
485 3966 543 4031 ἐξ
598 3965 858 4036 ἁρπαγῆς
904 3966 980 4036 (9)
1036 3968 1260 4038 ἔχοντας
1308 3973 1594 4037 γυναῖκας,
1656 3972 1704 4024 εἰ
1768 3972 1866 4037 μὲν

357 4058 538 4121 ἄλλοις
597 4061 1200 4131 προμεμνηστευμένας
1250 4060 1357 4116 εἶεν
1389 4065 1759 4137 ἀφῃρημένοι,
1805 4067 1867 4120 οὐ

359 4149 627 4219 πρότερον
688 4149 794 4220 χρὴ
863 4151 1294 4222 παραδέχεσθαι,
1366 4154 1533 4225 πρινὴ
1577 4156 1867 4226 ἀφελέσθαι

359 4239 565 4300 αὐτῶν,
593 4240 688 4293 καὶ
722 4240 810 4293 ἐπ’
839 4241 1059 4311 ἐξουσία
1089 4241 1198 4295 τῶν
1246 4242 1480 4314 ὲξαρχῆς
1520 4263 1863 4317 μεμνηστευ.

356 4331 789 4400 μένωνποιῆσαι,
824 4333 935 4384 εἴτε
975 4333 1247 4402 βούλοιντο
1283 4335 1465 4389 λαῦδῐν
1525 4338 1712 4403 αὑτὰς,
1757 4339 1867 4394 εἴτε

356 4423 686 4492 ἀποστῆναι’
735 4427 783 4477 εί
816 4425 872 4478 δὲ
928 4425 1297 4495 σχολάζουσαν
1347 4445 1434 4490 τις
1484 4428 1645 4500 λάϐῃ,
1707 4432 1871 4501 ἀφαι-

360 4515 575 4584 ρεῖσθαι
607 4517 708 4585 μὲν
741 4517 843 4582 δεῖ,
879 4519 972 4569 καὶ
1024 4521 1137 4582 τοῖς
1193 4519 1415 4583 οίκείοις
1471 4521 1872 4594 ἀποκαθιστᾷν,

363 4607 681 4674 ἐπιτρέπειν
727 4605 782 4658 δὲ
807 4608 874 4676 τῇ
904 4607 1098 4680 γνώμῃ
1125 4607 1235 4662 τῶν
1272 4609 1512 4675 οἰκείων,
1557 4612 1664 4665 εἴτε
1700 4617 1875 4679 γονεῖς

361 4691 491 4756 εἷεν,
541 4695 653 4752 εἴτε
692 4695 935 4764 ἀδελφοὶ,
997 4697 1107 4750 εἴτε
1176 4699 1481 4752 οίτινεσοῦν
1532 4702 1876 4771 προεστῶτες

355 4788 455 4848 τῆς
511 4787 700 4857 κόρηςο
751 4785 854 4840 κᾶν
910 4785 1009 4856 μὲν
1052 4787 1282 4842 ἕλωνται
1344 4791 1480 4862 αὐτῇ
1519 4793 1872 4862 παραδοῦναι,

359 4875 612 4930 ἵστασθαι
649 4877 706 4928 τὸ
735 4878 1096 4937 συνοικέσιον.
1154 4879 1250 4930 ἐὰν
1274 4880 1331 4932 δὲ
1385 4881 1748 4949 ἀνανεύσωσι,
1802 4884 1874 4953 μὴ

361 4967 666 5035 βιάζεσθαι.
695 4969 797 5021 Τὸν
830 4969 1016 5038 μέντοι
1074 4971 1135 5022 ἐκ
1161 4969 1426 5041 διαφορᾶς
1466 4972 1576 5024 εἴτε
1617 4970 1877 5042 λαθραίας

368 5061 481 5112 εἴτε
546 5060 858 5131 βιαιοτέρας
891 5064 1126 5129 γυναῖκα
1158 5061 1350 5130 ἔχοντα
1393 5064 1608 5134 ἀνάγκη
1663 5066 1731 5118 τὰ
1779 5067 1878 5133 τῆς

365 5151 627 5220 πορνείας
662 5153 959 5219 ἐπιγνῶναι
979 5152 1252 5222 ἐπιτίμιαο
1306 5153 1422 5206 ἐστι
1454 5154 1511 5206 δὲ
1544 5157 1600 5206 ὲν
1647 5155 1878 5225 τέσσαρ-

365 5261 452 5297 σιν
515 5244 692 5297 ἕτεσιν
737 5244 1021 5316 ὡρισμένη
1051 5247 1164 5307 τοῖς
1202 5246 1591 5316 πορνεύσουσιν
1621 5247 1878 5313 ἐπιτίμηο

1966 3230 2143 3300 ptenis
2171 3231 2508 3301 subjicietur,
2561 3234 2655 3288 sed
2712 3233 2995 3306 plusquam
3044 3234 3334 3289 fornicator
3361 3232 3553 3302 punie-

1972 3332 2079 3378 tur.
2111 3321 2223 3381 lioc
2256 3335 2435 3382 autem
2464 3327 2516 3380 fit
2554 3328 2623 3381 ob
2656 3329 3106 3384 consuetudinem
3141 3344 3260 3397 qum.
3292 3327 3546 3382 obtinuit.

1972 3413 2249 3470 Mulierem
2299 3416 2442 3471 enim
2479 3416 2548 3472 ab
2597 3418 2704 3474 alio
2733 3420 2849 3473 viro
2897 3419 3154 3486 pollutam
3221 3434 3246 3471 a
3282 3417 3399 3474 viro
3453 3432 3553 3472 suo

1970 3504 2161 3573 expelli
2196 3507 2433 3562 mandat.
2461 3510 2529 3563 At
2557 3509 2731 3562 virum
2761 3508 3117 3564 fornieautem
3156 3508 3224 3563 ab
3259 3523 3426 3564 uxore
3453 3523 3551 3564 sua

1974 3611 2077 3650 non
2107 3596 2326 3665 dimitti,
2363 3600 2454 3655 sed
2485 3599 2705 3655 retineri
2730 3597 2888 3670 jubet

2526 3863 2752 3920 CANON
2819 3865 2988 3922 XXII.

1976 3962 2080 4016 Eos
2111 3962 2197 4029 qui
2229 3976 2292 4016 ex
2343 3968 2493 4028 raptu
2535 3961 2733 4015 habent
2765 3962 3043 4025 mulieres,
3093 3962 3140 4015 si
3173 3962 3292 4017 aliis
3321 3962 3542 4033 quidem

2045 4051 2341 4122 desponsas
2382 4051 2742 4119 abripuerint,
2772 4067 2877 4105 non
2934 4053 3086 4122 prius
3110 4064 3322 4120 oportet
3354 4055 3554 4108 admit-

2043 4152 2181 4209 tere,
2215 4158 2375 4214 quam
2431 4144 2497 4196 ab
2547 4144 2627 4198 eis
2658 4143 2850 4198 ablati:
2906 4145 3038 4209 sint,
3068 4154 3122 4199 et
3157 4145 3226 4198 sit
3258 4146 3307 4199 in
3359 4161 3548 4201 eorum

2045 4243 2311 4303 potestate
2341 4235 2538 4304 quibus
2569 4234 2853 4303 desponsa:
2886 4233 3119 4300 fuerant,
3147 4252 3213 4289 au
3243 4251 3337 4291 eas
3387 4238 3552 4291 velint

2045 4328 2316 4397 accipere,
2347 4342 2414 4381 an
2443 4327 2724 4383 desistere.
2779 4327 2836 4382 Si
2866 4327 2988 4397 quis
3033 4337 3213 4382 autem
3267 4340 3551 4384 vacantem

2043 4419 2334 4488 acceperit,
2388 4417 2605 4473 auferre
2665 4419 2880 4488 quidem
2929 4428 3141 4490 oportet
3197 4431 3252 4475 et
3314 4421 3428 4476 suis
3468 4438 3554 4477 re-

2045 4513 2296 4577 stituere,
2329 4511 2540 4566 illorum
2600 4519 2777 4566 autem
2866 4513 3150 4568 sententia:
3214 4516 3549 4583 permittere,

2042 4605 2153 4660 sive
2200 4605 2304 4659 sint
2334 4612 2607 4673 parentes,
2658 4604 2774 4658 sive
2841 4603 3034 4659 fratres
3056 4644 3070 4670 ,
3102 4609 3216 4661 sive
3244 4608 3554 4676 quicunque

2037 4697 2128 4751 alii
2164 4695 2358 4766 virgini
2391 4695 2616 4766 praesint
2651 4712 2664 4749 :
2697 4703 2752 4748 et
2781 4696 2825 4750 si
2857 4695 2905 4750 ei
2938 4696 3157 4763 quidem
3192 4697 3411 4751 tradere
3451 4714 3550 4750 vo-

2045 4787 2267 4853 luerint,
2303 4787 2712 4841 matrimonium
2746 4787 3116 4852 constituere;
3141 4787 3220 4841 sin
3250 4797 3430 4843 autem
3462 4805 3521 4843 rc

2045 4877 2287 4940 nuerint,
2325 4891 2430 4930 non
2457 4877 2596 4945 cogi.
2635 4874 2697 4928 Ei
2731 4889 2910 4933 autem
2943 4882 3037 4948 qui
3071 4879 3351 4932 mulierem
3385 4879 3467 4933 vel
3499 4880 3551 4937 vl

2044 4970 2130 5024 vel
2163 4970 2297 5024 clam
2328 4984 2358 5022 a
2390 4982 2446 5023 se
2480 4967 2726 5022 vitiatam
2762 4969 2942 5034 habet,
2975 4986 3194 5026 necesse
3244 4982 3325 5026 est
3375 4971 3549 5026 forni-

2041 5063 2271 5118 cationis
2306 5076 2492 5130 pteuas
2522 5059 2838 5130 imponere;
2894 5072 2974 5117 est
3025 5073 3202 5120 autem
3231 5067 3281 5120 in
3315 5075 3540 5136 quotum

2045 5155 2199 5208 annis
2220 5155 2540 5224 praefinitum
2576 5154 2997 5212 fornicatoribus
3015 5158 3352 5227 supplicium.
3376 5159 3551 5229 Opor-

2043 5257 2117 5301 tet
2166 5257 2343 5302 autem
2376 5262 2469 5302 eos
2501 5263 2643 5302 anno
2699 5248 2877 5318 primo
2910 5264 2937 5301 ιι
2972 5250 3221 5319 precibus
3272 5253 3466 5321 expelli
3497 5262 3552 5309 et

1521 5385 1709 5448 Guill.
1744 5388 2072 5468 Beveregii
2108 5395 2291 5450 notae.

365 5508 441 5575 t9)
473 5509 618 5573 Τοὺς
659 5509 728 5572 ἐξ
762 5509 1056 5577 ἁρπαγῆς.
1106 5508 1438 5563 Scholiastes
1477 5509 1861 5579 Harmeuopuli

290 5579 362 5631 ad
416 5583 564 5630 hunc
615 5595 881 5632 canonem
910 5581 1020 5632 haec
1046 5580 1322 5640 observat,
1367 5582 1428 5631 ὐ
1474 5581 1747 5642 πολιτικὸς
1781 5583 1864 5632 νό-

293 5665 398 5716 μος
432 5648 639 5716 σφόδρα
677 5648 923 5711 κολάζων
952 5651 1042 5702 τὸν
1074 5650 1399 5716 ἁρπάσαντα
1445 5654 1701 5715 γυ.αἶκα,
1739 5651 1861 5702 οὐδὲ

294 5718 709 5798 συζεύγνυσθαι
748 5718 896 5786 αὐτῷ
955 5719 1049 5788 τὴν
1099 5720 1445 5798 ἀριιτσῦεῖσῆν
1480 5724 1856 5798 ,παραχωρεῖο

1183 5805 1339 5841 τουτο

293 5787 402 5841 κᾶν
456 5790 505 5842 οἱ
564 5789 698 5850 αὑτῆ
750 5787 1121 5852 προσήκοντες
1183 5787 1339 5841 τοῦτο
1403 5789 1717 5851 βούλωνται.
1759 5789 1860 5842 I.c.t;

1975 5513 2142 5564 civilis
2181 5512 2373 5565 acriter
2410 5530 2526 5566 eum
2549 5512 2790 5580 puniens,
2813 5514 2904 5580 qui
2941 5514 3208 5566 mulierem
3244 5517 3443 5580 rapuit.
3483 5529 3548 5568 tu

1972 5585 2199 5645 quidem.
2228 5594 2282 5634 ut
2307 5594 2455 5646 rapta
2477 5585 2812 5636 matrimonio
2835 5584 2930 5650 ipsi
2949 5583 3228 5650 jungatur,
3253 5585 3505 5651 permittit
3534 5599 3554 5645 τ

1975 5652 2089 5703 licet
2137 5653 2189 5703 id
2249 5655 2524 5719 propinqui
2556 5653 2789 5707 mulieris
2829 5654 2999 5708 t‘cliul.
3038 5655 3366 5723 llartttcnop.
3402 5652 3561 5724 Ερέι..

1975 5739 2092 5775 mu.
2131 5732 2262 5776 sect.
2295 5722 2345 5776 5.
2376 5723 2457 5776 tit.
2497 5723 2548 5776 ὖ.

1975 5739 2092 5775 mn.
2131 5732 2262 5777 sccl.
2295 5732 2345 5780 5.
2376 5733 2457 5776 ιιι.
2497 5732 2548 5777 ὖ.
