4124 6516
220 364 326 431 67:}

1144 362 1228 424 IN
1257 364 1516 425 -ΕΡΙΞΤ⁸
1555 366 1611 425 S.
1653 365 1942 426 BASILII
1985 365 2430 426 CANONICAM
2473 367 2553 429 II.

3372 368 3475 431 δτι

294 477 541 534 ΖΩΝΑΡ.
577 476 704 530 Ἐάν
738 494 818 539 τις
865 473 1130 543 παρθένον
1167 474 1544 542 ἁμνήστευτον
1579 473 1798 544 φθείρῃ,

1978 465 2231 528 ΖΟΝΑῐι.
2265 475 2322 530 Si
2363 475 2484 544 quis
2517 473 2778 542 virginem
2815 473 2916 528 sibi
2957 489 3061 528 non
3094 473 3475 545 despoosatam

220 575 314 623 καὶ
339 573 476 624 κατᾶ
507 572 605 641 τὴν
640 569 848 640 φθορὰν
880 568 953 630 ὡς
992 565 1212 635 συζύγῳ
1242 566 1388 636 αὐτῇ
1444 565 1668 634 χρῆται,
1721 563 1800 632 τῷ

225 666 329 733 μὲν
390 665 488 733 τῆς
548 664 755 733 φθορᾶς
834 658 1092 728 ἐπιτιμίῳ
1152 658 1525 722 ὑποκείσεται,
1585 655 1681 726 τὴν
1745 655 1802 708 δὲ

224 758 466 822 γυναῖκα
496 757 595 808 οὐκ
623 750 1057 822 ἀφαιρεθήσεται
1081 764 1093 778 ⁸
1131 749 1372 819 δηλονότι
1397 750 1491 800 ἐὰν
1543 750 1594 800 οί
1627 749 1803 815 γονεῖς

228 846 433 914 αὐτῆς,
467 839 548 906 οἷς
581 840 877 905 ὑπεξουσία
917 842 1056 904 ἐστὶ,
1085 839 1495 907 καταδέχωνται
1547 839 1647 906 τὴν
1685 841 1801 907 μετ’

228 938 448 989 ἐκείνου
479 935 794 1002 συνοίκησιν
816 931 911 984 τοῦ
939 931 1183 999 γυναίου.
1219 931 1277 984 Ei
1326 930 1434 999 γὰρ
1484 930 1683 984 ἐκεῖνοι
1742 930 1801 982 οὐ

229 1028 540 1097 βούλονται.
585 1025 679 1078 καὶ
723 1023 1123 1094 κολασθήσεται
1180 1021 1321 1075 κατὰ
1379 1021 1469 1072 τῖν
1527 1018 1805 1072 πολιτικὸν

228 1120 420 1187 νόμον,
447 1120 494 1168 ει
527 1116 797 1183 παρθένος
831 1110 899 1185 ἦν
937 1115 969 1183 ἡ
999 1115 1292 1184 φθαρεῖσα.

290 1208 516 1262 ΔΡΙΣΤ.
562 1209 660 1271 ’ος
710 1207 824 1276 ἔχει
852 1209 951 1276 τὴν
987 1205 1054 1276 ἢν
1084 1205 1328 1274 ἔφθειρε,
1356 1202 1805 1272 συγχωρούμενος

224 1301 402 1371 ἔχειν,
434 1301 496 1353 τὸ
532 1301 806 1370 ἐπιτίμιον
836 1298 1127 1366 γνώσεται.

303 1394 497 1455 Ὅστις
524 1391 776 1462 βούλεται
804 1395 1039 1460 γυναῖκα
1066 1391 1229 1460 ἔχειν,
1263 1391 1333 1460 ἢν
1368 1392 1472 1462 πρὸ
1502 1394 1595 1446 τοῦ
1625 1395 1808 1463 γάμου

227 1481 537 1549 διέφθειρε,
574 1483 1072 1552 συγχωρηθήσεται
1113 1481 1368 1550 κατέχειν
1415 1485 1621 1553 αὑτήν·
1663 1486 1723 1539 τὸ
1752 1487 1809 1539 δὲ

227 1569 327 1621 ἐπὶ
363 1572 431 1640 τῇ
459 1570 639 1640 φθορᾷ
672 1571 947 1638 ἐπιτίμιον
982 1569 1186 1620 εἴσεται
1210 1569 1267 1619 ὲν
1309 1569 1604 1640 τέσσαρσιν
1629 1576 1811 1629 ὲνιαυο

229 1662 393 1722 τοῖςο
463 1660 644 1724 καθὼς
729 1661 787 1712 ἐν
855 1659 931 1729 τῷ
1015 1656 1248 1727 εἰκοστῷ
1315 1659 1556 1732 δευτέρῳ
1625 1668 1811 1722 κανόνι

231 1751 474 1821 ἐτράφη-

777 1842 1014 1898 ΚΑΝΩΝ
1051 1845 1193 1914 Kq'.

247 1931 315 1983 Ἠ
350 1933 574 2001 πορνεία
609 1948 784 2002 γαμος
809 1935 907 1987 οὐκ
938 1935 1110 2002 ἔστιν,
1147 1939 1263 1992 ἀλλ’
1290 1940 1414 1994 οὐδὲ
1438 1942 1618 2009 γάμου
1647 1943 1810 2013 ἀρχή.

309 2022 476 2074 ’Ὥστε
508 2024 601 2077 ἐὰν
697 2025 922 2077 δυνατὸν
955 2029 1079 2092 τοὺς
1128 2032 1268 2084 κατὰ
1301 2033 1560 2101 πορνείαν
1609 2049 1815 2085 συναπ-

307 2113 577 2182 τομένους
659 2115 1020 2185 χωρίζεσθαι,
1096 2121 1258 2174 τοῦτο
1339 2122 1665 2188 κράτιστον·
1720 2124 1816 2175 ἐὰν

305 2204 363 2257 δὲ
426 2205 732 2276 στέργωσιν
782 2209 844 2261 ὲκ
911 2210 1111 2272 παντὸς
1182 2211 1387 2281 τρόπου
1441 2213 1498 2264 τὸ
1574 2214 1818 2266 συνοικέο

316 2311 454 2358 σιον,
509 2299 569 2347 τὸ
615 2295 722 2365 ’μὲν
769 2297 865 2366 τῆς
921 2299 1178 2367 πορνείας
1232 2301 1508 2368 ἐπιτίμιον
1554 2300 1820 2370 γνωριζέ-

308 2402 516 2450 τωσαν,
573 2385 922 2454 ἀφιέσθωσαν
976 2387 1052 2455 δὲ,
1099 2388 1183 2441 ἵνα
1245 2389 1320 2460 μὴ
1369 2390 1550 2460 χεῖρόν
1615 2407 1671 2443 τι
1727 2391 1819 2458 γέ-

313 2492 493 2545 νηταα

309 2567 510 2620 ΒΑΛΣ.
555 2566 736 2619 Είπὼν
759 2567 786 2620 ό
835 2568 992 2636 ἅγιος
1019 2571 1069 2622 τί
1108 2570 1316 2638 ὀφείλει
1345 2570 1594 2638 γίνεσθαι
1623 2573 1702 2636 εἰς
1728 2571 1818 2623 τὸν

242 2659 551 2728 φθείραντα
584 2659 878 2728 παρθένον,
914 2662 1118 2730 ἀρτίως
1158 2662 1428 2715 ὕποτυποῖ
1459 2665 1553 2714 καὶ
1584 2664 1652 2714 τα
1687 2665 1816 2732 περὶ

238 2750 355 2804 τῶν
387 2751 750 2805 ουνελθὸντων
780 2755 1075 2823 πορνικῶςο
1108 2753 1199 2807 καί
1235 2772 1402 2824 φησιν
1424 2757 1558 2826 aur;
1591 2757 1820 2826 πορνεία

239 2839 372 2892 οὔτε
402 2842 577 2912 γάμος
639 2842 936 2910 λογίζεται,
987 2843 1112 2896 οὔτε
1162 2845 1342 2914 γάμου
1384 2847 1629 2915 ἀφορμὴ,
1677 2847 1818 2900 ὥστε

240 2931 660 2996 ἀναγκάζεσθαι
695 2933 923 3002 θάτερον
974 2933 1049 3002 τῷ
1101 2935 1274 3004 ἑτέρῳ
1324 2936 1690 2988 συνάπτεσθαι
1721 2953 1823 3002 γα-

245 3017 449 3084 μικὼς.
492 3019 654 3071 Ἀλλὰ
687 3019 908 3086 ἄριστον
936 3022 1034 3089 μέν
1070 3024 1183 3074 ἐστι
1212 3023 1544 3092 χωρίζεσθαι
1595 3025 1816 3089 αὐτοὺς,

1841 1822 1888 1879 Β

1909 567 2231 634 corruperit,
2259 582 2428 635 eaque
2480 573 2601 635 post
2654 576 2895 635 stuprum
2962 567 3167 619 illatum
3224 578 3476 636 tauquam

1909 655 2140 725 conjuge
2170 658 2372 724 utitur;
2407 657 2580 726 stupri
2608 656 2822 723 quidem
2855 657 3028 723 paruis
3054 657 3157 711 erit
3188 656 3480 722 obnoxitn,

1911 759 2017 798 non
2079 754 2257 800 tamen
2303 748 2372 801 ab
2411 763 2476 801 eo
2524 747 2715 800 mulier
2769 747 3089 802 auferetur:
3131 750 3174 802 si
3229 750 3483 804 videlicet

1909 835 2078 903 ipsius
2115 848 2389 906 parentes,
2424 852 2653 905 quorum
2686 839 2769 891 illa
2797 850 2872 894 est
2908 839 2960 891 in
3000 846 3287 907 potestate,
3323 840 3478 893 fetui-

1912 939 2033 978 nam
2067 943 2186 980 cum
2222 928 2313 980 illo
2354 931 2636 983 traducere
2661 930 2823 982 vitant
2859 931 3062 982 sinunt.
3097 929 3305 984 Etenim
3334 932 3377 984 si
3405 933 3481 986 illi

1914 1015 2104 1082 nolint,
2135 1019 2389 1086 punietur
2420 1029 2675 1086 praeterea
2703 1021 2937 1074 civilium
2975 1020 3148 1090 legum
3175 1024 3411 1086 decreto.
3439 1023 3484 1078 si

1912 1108 2060 1177 virgo
2092 1119 2231 1173 erat,
2269 1125 2386 1175 qua!
2410 1121 2661 1180 corrupta
2701 1111 2820 1167 fuit.

1992 1203 2220 1259 ARIST.
2251 1206 2352 1272 Qui
2385 1221 2505 1259 eam
2538 1207 2697 1260 habet
2741 1222 2901 1276 quam
2941 1211 3207 1278 corrupit,
3247 1211 3483 1280 permis-

1817 1356 1822 1360 .
1913 1316 2006 1356 sus
2030 1299 2230 1352 habere
2270 1312 2438 1366 pinnae
2468 1297 2810 1365 subjiciatur.

1985 1393 2307 1459 Quicunque
2362 1389 2644 1443 mulierem
2679 1404 2839 1456 quam
2898 1399 3024 1442 ante
3078 1391 3482 1446 matrimonium

1917 1483 2148 1548 vitiavit,
2193 1478 2393 1538 habere
2425 1486 2593 1550 cupit,
2651 1482 2698 1535 ei
2755 1482 2913 1534 istam
2973 1482 3210 1534 detinere
3266 1485 3486 1550 permil-

1916 1587 2079 1633 tctttr.
2143 1574 2212 1628 Αι
2271 1574 2441 1643 stupri
2493 1571 2812 1641 supplicium
2879 1582 2960 1626 est
3019 1583 3254 1642 quatuor
3304 1575 3482 1638 annis,

1917 1667 2372 1736 quemadmodum
2408 1665 2461 1718 in
2510 1663 2772 1718 vicesimo
2808 1665 3052 1719 secundo
3090 1678 3297 1718 canone
3349 1666 3487 1720 scri-

1920 1767 2068 1826 ptum
2100 1766 2201 1812 ε›ι.

2471 1845 2700 1901 ΟΑΝΟΝ
2745 1845 2936 1900 XXVI.

1918 1934 2226 1989 Fornicatio
2256 1950 2359 1988 non
2391 1944 2472 1989 est
2524 1934 2958 1998 matrimonium,
2990 1931 3084 1987 sed
3119 1947 3215 1987 nec
3268 1933 3482 1986 initium

1982 2028 2341 2082 matrimonii.
2370 2025 2548 2091 Quare
2569 2025 2612 2078 si
2643 2026 2757 2080 fieri
2791 2026 2980 2096 possit,
3003 2033 3058 2078 ut
3087 2027 3176 2095 qui
3201 2042 3293 2094 per
3318 2025 3487 2080 forni-

1986 2121 2256 2175 cationem
2300 2117 2578 2187 c0ttjuncli
2623 2127 2745 2171 sunt
2779 2128 3120 2186 separentur,
3158 2118 3208 2169 id
3256 2127 3338 2171 cst
3373 2134 3488 2170 mc-

1988 2210 2094 2264 lius
2125 2227 2138 2263 :
2173 2210 2254 2262 sin
2285 2219 2462 2262 autem
2490 2209 2566 2262 eis
2602 2208 2824 2262 omnino
2877 2207 3083 2277 placeat
3134 2209 3484 2272 consortium,

1989 2301 2360 2355 fcrnicationis
2393 2299 2607 2367 quidem
2644 2313 2860 2368 pmuam
2897 2305 3233 2376 agnoscant;
3285 2314 3351 2353 ne
3401 2315 3489 2354 se-

1991 2400 2248 2461 parentur
2277 2401 2483 2454 autem,
2513 2406 2583 2445 ne
2613 2391 2740 2459 Quid
2771 2389 3008 2444 deterius
3040 2388 3271 2444 accidat.

1994 2569 2191 2626 BALS.
2227 2569 2522 2639 Postquam
2555 2569 2694 2623 dixit
2746 2577 2965 2623 sant-tus
3015 2567 3143 2637 quid
3200 2568 3281 2623 eis
3330 2569 3490 2625 debet

1923 2662 2058 2726 fieri,
2086 2661 2174 2730 qui
2212 2660 2472 2729 virginem
2512 2668 2780 2727 stuprattt,
2804 2674 2940 2712 nunc
2959 2659 3200 2712 decernit
3221 2661 3286 2712 de
3309 2659 3374 2713 iis
3397 2662 3489 2728 qui

1921 2754 1974 2808 iu
2013 2753 2417 2806 fornicationem
2444 2750 2724 2815 coierunt;
2767 2762 2822 2803 et
2852 2751 3004 2811 dicit,
3033 2748 3175 2816 quod
3203 2749 3491 2804 fornicatio

1921 2859 2018 2901 nec
2042 2843 2443 2896 matrimonium
2473 2841 2725 2904 habetur,
2759 2856 2859 2894 nec
2881 2841 3219 2894 matrimonii
3247 2843 3486 2904 occasio,

1922 2945 1977 2988 ιιι
1997 2933 2132 2987 alter
2152 2933 2309 2987 alteri
2339 2932 2932 3002 necessariojungatttr,
2958 2931 3048 2984 sed
3072 2931 3333 2996 οριίιιιιιιιι
3363 2932 3489 3001 qni-

1922 3025 2042 3078 dem
2078 3031 2158 3078 est
2181 3039 2275 3078 cos
2295 3025 2561 3092 separari,
2589 3037 2696 3075 non
2733 3037 2878 3090 perm
2908 3022 2967 3073 tti
2991 3021 3196 3076 scilicet
3223 3022 3363 3076 inter
3394 3039 3490 3078 eos

242 3110 420 3178 ἤγουν
450 3109 524 3180 μὴ
569 3112 1136 3181 παραχωρεῖσθαιτὴν
1167 3113 1334 3182 μέσον
1363 3114 1541 3171 αὐτῶν
1569 3115 1815 3182 γαμικὴν

1923 3114 2256 3168 intercedere
2276 3113 2723 3166 ntatrimonialem
2747 3112 3209 3180 conjunctionem,
3235 3115 3490 3180 quoniam

243 3203 572 3268 συνάφειαν,
605 3204 682 3254 ὅτι
712 3203 980 3272 ἔκθεσμος
1011 3204 1105 3254 καλ⁵
1129 3204 1634 3272 κατάκριτόςιὲστιν
1667 3205 1694 3255 ό
1720 3205 1813 3257 τοῦ

237 3294 489 3344 τοιούτου
517 3292 696 3360 γάμου
729 3292 1012 3360 θεμέλιος·
1049 3293 1096 3344 εί
1129 3292 1184 3345 δὲ
1221 3293 1543 3361 στέργουσιν
1575 3295 1818 3362 ἀπαραι-

237 3385 430 3453 τήτως
473 3386 564 3435 καὶ
616 3385 785 3451 ἄμφω
838 3385 940 3454 τὴν
1004 3383 1328 3452 συμϐίωσιν,
1367 3385 1458 3453 μὴν
1501 3386 1817 3455 ἀνεχόμενοι

239 3475 342 3526 τοῦ
381 3475 474 3526 ἀπ’
509 3475 754 3544 ἀλλήλων
791 3475 1094 3544 χιυρισμοῦ,
1128 3475 1576 3544 ὲπιτιμάσθωσαν
1604 3477 1701 3545 μὲν
1743 3477 1818 3538 ὡς

240 3567 674 3635 πορνεύσαντες,
756 3566 1303 3635 παραχωρείσθωσαν
1381 3566 1438 3618 δὲ
1527 3570 1816 3631 συνοικεῖν,

242 3658 337 3709 ἵνα
361 3659 434 3726 μὴ
465 3658 644 3726 χεῖρόν
677 3675 728 3708 τι
761 3659 1003 3725 γένηται,
1031 3658 1217 3726 mea»),
1255 3657 1337 3707 ἵνα
1365 3657 1437 3725 μὴ
1469 3657 1818 3723 διαζυγέντες

243 3749 418 3800 πάλιν
448 3747 622 3817 λάθρα
656 3747 1021 3817 πορνεύσωσι,
1048 3747 1364 3809 τουτέστιν,
1393 3746 1478 3796 ἵνα
1507 3747 1579 3814 μὴ
1611 3746 1818 3812 ἑτέροις

243 3838 622 3905 συναφθέντες
666 3839 982 3905 προσώποις
1013 3839 1112 3889 οὐκ
1146 3837 1471 3906 ἐπιμείνωσι
1499 3835 1573 3902 τῷ
1601 3836 1817 3905 νομίμῳ

241 3931 436 3996 γάμῳ,
468 3929 601 3980 ἀλλὰ
637 3928 882 3996 μοιχείαν
905 3927 1276 3996 ἐργάσωνται,
1308 3925 1339 3994 ἢ
1394 3925 1480 3977 ῖνα
1508 3924 1582 3993 μὴ
1609 3923 1812 3976 κωλυό-

249 4034 412 4084 μενοι
467 4017 910 4085 διαχειρίσωνται
951 4015 1180 4076 ἑαυτοὺς
1236 4014 1324 4066 διὰ
1377 4013 1434 4064 τὸ
1476 4011 1571 4064 τοῦ
1620 4011 1818 4081 ἔρωτος

241 4107 499 4169 διακαὲς.
536 4107 720 4160 Ταῦτα
754 4107 807 4159 δὲ
837 4107 1019 4175 χώραν
1055 4101 1219 4174 εἶχον,
1243 4105 1318 4167 ὠς
1337 4103 1461 4172 ἐμοὶ⁵
1490 4103 1656 4166 δοκεῖ,
1684 4103 1814 4154 ὅταν

247 4198 564 4250 συναικέσει
615 4198 748 4268 μόνῃ
782 4199 809 4250 ό
844 4199 1020 4263 γάμος
1081 4195 1408 4254 συνίστατο,
1471 4192 1530 4244 οὐ
1585 4192 1689 4260 μὴν
1728 4193 1820 4244 καὶ

247 4289 496 4357 σήμερον
523 4329 534 4350 ,
566 4291 694 4340 ὅταν
725 4274 814 4340 διὰ
854 4286 1149 4356 ἱερολογίας
1179 4285 1272 4336 καὶ
1294 4283 1442 4344 θείας
1465 4281 1820 4351 μεταλήψεως

241 4381 344 4428 τοῦ
409 4377 659 4445 σώματος
701 4379 795 4429 καὶ
840 4377 1069 4446 αἵματος
1131 4374 1226 4426 τοῦ
1279 4372 1512 4442 Χριστοῦ
1567 4374 1593 4424 ό
1644 4371 1820 4439 γάμος

1924 3205 2187 3258 nefarium
2211 3213 2294 3257 est
2318 3212 2372 3256 et
2409 3201 2778 3254 damnandum
2813 3201 3004 3254 harum
3036 3202 3342 3268 nuptiarum
3370 3203 3493 3256 fun-

1923 3296 2241 3349 damentum
2279 3309 2292 3345 :
2336 3291 2415 3345 sin
2473 3303 2652 3345 autem
2686 3292 2764 3344 eis
2803 3291 2874 3344 ita
2918 3292 3131 3359 placeat
3164 3293 3284 3345 vita:
3313 3294 3489 3346 socie-

1927 3395 2029 3448 tas,
2063 3394 2121 3437 ut
2155 3399 2182 3436 ιι
2227 3399 2285 3438 sc
2317 3383 2549 3437 invicem
2582 3384 2860 3437 discedere
2895 3384 2996 3437 sibi
3041 3393 3316 3452 nequeant
3369 3399 3493 3454 per-

1925 3475 2177 3538 suadere,
2211 3475 2503 3544 puniantur
2562 3475 2778 3542 quidem
2830 3484 2886 3526 ut
2957 3475 3349 3539 fornicatores;
3411 3477 3492 3529 eis

1926 3577 2108 3620 autem
2145 3566 2304 3618 simul
2337 3565 2583 3618 habitare
2608 3566 2969 3632 permittatur,
3004 3583 3068 3619 ne
3095 3569 3220 3632 qttid
3254 3568 3491 3620 deterius

1924 3657 2156 3719 accidat,
2324 3671 2390 3708 ne
2417 3656 2624 3709 sc'licet
2677 3655 2909 3722 St'parali
2961 3671 3148 3710 rursus
3181 3656 3486 3710 (‘izlllcuilllll

1925 3746 2279 3808 fornicentur,
2313 3746 2413 3799 hoc
2445 3756 2550 3812 est,
2585 3761 2649 3799 ne
2682 3746 2801 3798 aliis
2844 3747 3088 3813 personis
3125 3749 3397 3815 conjuncti
3435 3751 3487 3802 in

1925 3836 2165 3906 legitimo
2195 3837 2540 3891 matrimonio
2574 3852 2680 3889 non
2713 3846 3088 3905 permaneant,
3139 3840 3231 3891 sed
3281 3839 3491 3890 adulte-

1927 3928 2066 3982 riutn
2112 3927 2476 3992 committant,
2513 3927 2592 3981 vel
2639 3942 2706 3980 ne
2768 3927 3021 3995 prohibiti
3075 3929 3173 3979 sibi
3221 3927 3488 3982 violentas

1928 4031 2120 4071 manus
2153 4016 2387 4069 inferant
2417 4024 2634 4085 propter
2660 4018 2862 4070 amoris
2891 3999 3309 4072 vehementiam.
3360 4016 3482 4071 ιιωο

1927 4117 2129 4170 autem,
2165 4117 2221 4157 ut
2254 4106 2380 4158 mihi
2413 4105 2682 4169 videntur,
2715 4105 2889 4159 locum
2918 4105 3245 4170 habuerunt,
3271 4109 3489 4176 quando

1927 4195 2043 4250 solo
2097 4197 2360 4248 'c0nsensu
2408 4195 2833 4248 contrahebatur
2889 4190 3316 4260 matrimonium,
3383 4213 3488 4250 non

1927 4295 2103 4339 autem
2128 4285 2289 4338 etiam
2334 4284 2491 4343 hodie
2519 4288 2734 4354 quando
2767 4301 2862 4352 per
2914 4300 3128 4338 sacrum
3174 4286 3404 4341 officium
3437 4299 3491 4343 et

1927 4377 2165 4431 divinam
2194 4375 2437 4444 corporis
2471 4385 2523 4430 et
2549 4376 2832 4445 sanguinis
2865 4376 3068 4430 Christi
3120 4380 3491 4448 participatio-

246 4467 594 4519 συνίσταται.
634 4467 755 4530 Πῶς
787 4468 894 4534 γὰρ
920 4469 967 4519 οἱ
1001 4464 1423 4534 ἐπιτιμηθέντες
1452 4463 1540 4514 διὰ
1569 4462 1666 4530 τὴν
1688 4478 1815 4530 πορι

1927 4482 2048 4520 nem
2084 4468 2480 4519 matrimonium
2534 4468 2900 4521 constituitur.
2940 4467 3219 4532 Quomodo
3251 4471 3394 4523 enim
3427 4473 3487 4535 ii,

245 4559 428 4620 νείαν,
467 4559 560 4609 καὶ
611 4559 719 4610 τῶν
764 4558 1122 4625 ἁγιασμάτων
1161 4556 1235 4625 μὴ
1279 4553 1815 4623 μεταλαμϐανονῖες,

244 4647 513 4716 γαμικῶς
556 4648 807 4716 ἀλλήλοις
842 4646 1172 4699 συνέλθωσιν
1205 4661 1218 4707 ;
1257 4645 1317 4696 Εί
1357 4645 1412 4695 δὲ
1459 4645 1644 4712 εἴπῃς,
1682 4643 1820 4711 μετὰ

243 4742 313 4788 τὸ
347 4737 739 4806 ἐπι-τιμηθῆναι
758 4737 882 4798 τοὺς
907 4733 1315 4803 πορνεύσαντας
1342 4734 1433 4784 ἐπὶ
1466 4734 1563 4804 ὅλῃ
1586 4733 1818 4801 τριετίᾳ,

247 4830 332 4898 μὴ
401 4830 718 4897 πορνεῦσαι,
795 4829 897 4879 οὐκ
959 4825 1335 4896 ὲμποδισθήσῃ
1417 4826 1820 4893 παραχωρῆσαι

243 4920 480 4979 τούτους
518 4921 653 4987 μετὰ
711 4919 807 4988 τὴν
860 4921 1106 4985 τριετίαν
1156 4916 1405 4984 νομίμως
1457 4913 1819 4983 συναφθῆναι.

252 5010 648 5078 Ἐρωτήσειδέ
691 5027 810 5072 τις,
840 5008 938 5061 Διὰ
982 5009 1033 5059 τί
1060 5007 1157 5075 τὴν
1204 5007 1302 5076 μὲν
1358 5004 1626 5074 παρθένον
1683 5006 1823 5075 μετὰ

238 5105 356 5164 τὴν
392 5102 600 5169 φθορὰν
625 5102 964 5168 διορίζεταιό
990 5101 1144 5173 ἅγιος
1172 5098 1417 5167 νομίμως
1445 5096 1822 5150 συνάπτεσθαι

240 5193 330 5260 τῷ
350 5191 564 5259 φθορεῖ,
591 5191 712 5253 τοὺς
741 5191 795 5242 δὲ
821 5189 1223 5260 πορνεύσαντας
1247 5189 1487 5249 εὐκόλως
1528 5186 1821 5257 μίγνυσθαι

237 5283 517 5352 γαμικῶς
565 5284 625 5335 οὐ
662 5285 1010 5352 παραχωρεῖ,
1072 5281 1206 5333 ἀλλὰ
1265 5281 1403 5349 μετὰ
1457 5280 1817 5345 διαστίξεωςς

239 5376 450 5434 Λύσις.
503 5375 616 5441 Τὴν
650 5375 747 5441 μὲν
780 5373 1046 5444 παρθένον
1086 5373 1216 5433 ἴσως
1266 5372 1405 5440 μετὰ
1451 5371 1547 5438 τὴν
1607 5369 1815 5438 φθορὰν

237 5466 431 5525 οὐδεὶς
472 5462 806 5530 αίρετίσεται
852 5463 989 5532 πρὸς
1021 5463 1198 5528 γάμον
1248 5459 1456 5519 λαϐεῖν,
1508 5460 1602 5510 καὶ
1658 5460 1706 5510 εἰ
1747 5457 1821 5526 μὴ

237 5553 637 5626 παραχωρηθῇ
670 5552 746 5622 τῷ
793 5553 984 5621 φθορεῖ
1035 5546 1375 5620 γαμηθῆναι,
1410 5549 1822 5619 περιλειφθήσε-

233 5667 341 5703 ται
384 5648 589 5714 ἄτιμος
642 5645 737 5696 καὶ
785 5644 970 5705 ἐλέους
1000 5645 1146 5707 ἀξίω
1186 5643 1304 5712 ἡδὲ
1350 5642 1710 5710 πορνευθεῖσα
1759 5638 1818 5692 οὗ

234 5736 557 5810 ζημιοίται
580 5733 857 5800 τοσοίτον,
885 5736 975 5786 ἐὰν
1000 5735 1073 5804 μὴ
1095 5735 1320 5802 γαμηθῇ
1357 5732 1432 5800 τῷ
1462 5732 1816 5800 πορνεύσαντι

1926 4557 2122 4624 quibus
2154 4555 2520 4609 fornicationis
2550 4568 2706 4621 paena
2738 4556 2978 4625 injuncta
3011 4567 3137 4622 est”
3163 4572 3261 4611 nec
3312 4575 3510 4634 sacra-~

1928 4661 2229 4700 mentorum
2262 4645 2409 4699 fuere
2445 4646 2758 4714 participes,
2789 4648 2925 4700 inter
2947 4662 3005 4700 se
3024 4651 3494 4704 matrintonulitcr

1928 4738 2320 4792 convenerint?
2363 4735 2515 4802 Quod
2575 4737 2622 4790 si
2656 4734 2885 4799 dixeris,
2931 4748 3217 4807 postquam
3280 4742 3346 4794 iis
3400 4747 3490 4811 qui

1928 4831 2175 4884 fornicati
2212 4840 2337 4884 sunt
2372 4843 2526 4897 paena
2561 4829 2799 4894 injuncta
2851 4829 3014 4883 fuerit
3070 4840 3180 4884 toto
3237 4831 3488 4897 triennio,

1930 4937 1996 4976 ne
2022 4921 2381 4981 fornicentur.
2427 4934 2530 4972 non
2585 4920 2891 4988 prohiberis
2935 4921 3012 4973 eis
3067 4923 3388 4988 concedere,
3435 4934 3493 4977 ιιι

1931 5022 2053 5082 post
2089 5012 2376 5065 triennium
2425 5011 2665 5079 legitimo
2697 5011 3040 5065 matrimonio
3072 5013 3488 5079 conjungantur.

1927 5101 2348 5172 Inurrogaverit
2397 5112 2575 5155 autem
2603 5101 2890 5170 quiSpiam,
2923 5100 3032 5154 Cur
3064 5102 3322 5171 virginem
3373 5106 3490 5172 qni-

1929 5208 2049 5247 dem
2087 5202 2205 5260 post
2239 5201 2483 5258 stuprum
2518 5191 2760 5244 decernit
2792 5202 3012 5244 sanctus
3043 5191 3329 5259 stupratori
3360 5193 3484 5261 legi-

1931 5283 2060 5338 time
2088 5282 2357 5350 conjungi,
2381 5296 2474 5335 eos
2502 5291 2682 5334 autem
2721 5281 2809 5348 qui
2853 5281 3104 5333 fornicati
3136 5291 3263 5334 sunt
3299 5284 3487 5335 matri-

1933 5375 2114 5428 monio
2149 5373 2304 5426 facile
2332 5370 2577 5442 conjungi
2616 5387 2722 5426 non
2779 5371 2926 5433 sinit,
2985 5371 3086 5424 nisi
3138 5385 3258 5426 cum
3295 5372 3482 5425 distin-

1927 5465 2124 5518 ctione.
2174 5462 2402 5516 Solulio.
2449 5459 2722 5530 Virginem
2770 5459 2982 5529 quidem
3016 5471 3136 5528 post
3187 5461 3234 5515 ei
3269 5462 3486 5517 allatum

1929 5564 2174 5621 stuprum
2205 5567 2361 5605 nemo
2390 5551 2623 5606 fortasse
2658 5550 2796 5605 volet
2828 5551 2880 5604 in
2914 5552 3315 5605 matrimonium
3344 5555 3489 5606 acci-

1930 5658 2077 5712 pore,
2105 5649 2158 5695 et
2189 5641 2287 5694 nisi
2324 5642 2396 5694 illi
2427 5641 2770 5710 permittatur
2787 5642 2833 5693 ei
2853 5642 2942 5710 qui
2971 5643 3233 5711 stupravit
3263 5644 3484 5703 nubere,

1929 5731 2191 5785 dedecore
2223 5730 2412 5783 affecta
2460 5745 2522 5784 ac
2579 5729 2900 5784 miserabilis
2949 5730 3302 5798 relinquetur.
3361 5731 3488 5796 Qua:
