4124 6452
214 390 322 456 677

1143 379 1224 438 IN
1265 377 1508 437 EPIST.
1541 374 1596 431 S.
1637 375 1919 434 lMSiLli
1958 375 2405 440 CANUNICAM
2446 379 2526 441 ίῐ.

3363 378 3467 444 6'78

294 504 592 577 τραύματα
612 493 994 554 ἀνακόλουθον.
1015 491 1250 560 Εὖλογία
1279 491 1385 559 γὰρ
1406 486 1679 555 ἁγιασμοῦ
1706 503 1798 554 με-

1976 489 2132 544 debet
2159 491 2377 545 vulncra
2410 503 2621 549 curare.
2654 503 2757 543 non
2783 497 2865 544 est
2892 497 3337 544 consentaneum.
3367 490 3468 545 Be-

291 595 517 651 ταδοσίς
559 594 730 644 ἐστιν.
782 587 840 640 '0
899 587 954 639 δὲ
988 586 1144 637 τοὶτο
1201 581 1274 651 μὴ
1307 582 1442 650 ἔχων
1475 580 1562 632 διὰ
1611 579 1672 630 τὸ
1702 579 1794 643 τῆς

293 689 526 756 ἀγνοίας
551 683 924 753 παράπτωμα,
943 677 1057 741 πῶς
1086 676 1257 744 ἑτέρῳ
1282 673 1614 742 μεταδώσεις
1645 672 1797 739 Μήτε

291 769 483 836 τοίνυν
543 776 780 846 δημοσίᾳ
836 773 971 843 μήτε
1032 770 1136 839 ἰδία
1187 766 1497 832 εὐλογείτω,
1553 765 1686 833 μήτε
1740 762 1801 813 τὸ

299 873 465 940 σῶμα
500 868 593 921 τοῦ
631 862 872 935 Χριστοῦ
903 859 1265 928 κατανεμέτω
1295 857 1489 924 ἑτέρῳ,
1544 856 1681 922 μήτε
1743 868 1797 902 τι

297 966 431 1020 ἄλλο
484 957 889 1026 λειτουργείτω,
945 953 1078 1006 ἀλλὰ
1135 947 1474 1018 ἀρκούμενος
1521 947 1586 1013 τῇ
1633 959 1796 1009 προε-

297 1057 449 1128 δρίᾳ,
501 1049 885 1122 προσκλαιέτω
915 1047 1121 1113 ἑτέροις
1161 1043 1252 1093 καί
1282 1038 1358 1108 τῷ
1416 1037 1628 1105 Κυρίῳι
1669 1051 1798 1100 συγο

299 1145 619 1218 χωρηθῆναι
690 1141 839 1208 αὐτῷ
901 1137 961 1189 τὸ
1026 1137 1091 1188 ἐκ
1163 1132 1264 1202 τῆς
1328 1132 1548 1197 ἀγνοίας
1620 1129 1802 1198 ἁμαρ·

294 1255 472 1306 τημα.

297 1327 497 1380 ΒΑΛΣ.
531 1324 624 1385 Εἰς
663 1322 790 1392 τρία
825 1317 1162 1389 διαιροῖνται
1193 1316 1241 1369 οί
1283 1313 1650 1383 κεκωλυμένοι
1706 1312 1804 1380 γά-

233 1436 350 1488 μοι,
388 1421 465 1478 εις
497 1417 757 1484 νεφάριον
787 1417 877 1465 τὸν
904 1405 1198 1478 λεγόμενον
1234 1407 1573 1475 παράνομον,
1606 1405 1678 1466 ὡς
1714 1405 1802 1456 ὅτε

225 1509 376 1580 λάϐῃ
443 1524 528 1570 τις
578 1507 659 1567 εις
720 1504 899 1571 γάμον
962 1501 1059 1568 τὴν
1115 1497 1605 1566 ὲπιτροπευθεῖσαν
1651 1495 1802 1564 παρᾶ

225 1603 422 1655 τούτου
451 1600 482 1668 ἦ
517 1597 612 1650 τοῦ
646 1595 853 1663 πατρὸς
912 1591 1098 1651 αὑτοῦ,
1137 1590 1169 1658 ἦ
1219 1590 1320 1656 τὴν
1353 1588 1520 1640 οὖσαν
1555 1587 1658 1639 ὑπδ
1706 1587 1803 1655 τὴν

229 1690 616 1762 πρακτορικὴν
656 1686 909 1750 ἐξουσίαν
943 1682 1136 1734 τούτου
1173 1680 1204 1748 ἦ
1241 1679 1334 1730 τοῦ
1361 1678 1567 1746 πατρὸς
1596 1675 1759 1728 αὐτοῦ
1784 1687 1800 1704 ⁶

227 1787 310 1845 εις
341 1782 634 1850 δαμνᾶτον,
669 1777 759 1829 τὸν
805 1775 1097 1842 λεγόμενον
1148 1772 1503 1836 κατάκριτον,
1562 1769 1620 1828 ὅς
1657 1770 1801 1818 ἐστιν

227 1879 257 1929 6
294 1875 434 1944 μετὰ
471 1867 775 1941 μοναχῆςῆ
832 1866 1024 1937 ἑτέρας
1074 1860 1500 1928 ἀνατεθειμένης
1557 1857 1636 1927 τῷ
1683 1856 1801 1926 Θεῷ

227 1967 449 2036 γάμος·
483 1964 578 2015 καὶ
617 1961 697 2023 εἰς
720 1959 810 2011 τὸν
860 1959 1131 2024 ῐγκεστον,
1171 1953 1264 2005 τὸν
1298 1952 1392 2004 καὶ
1435 1950 1693 2017 ἀθέμιτον
1718 1951 1804 2000 λε·-

228 2060 493 2128 γόμενον,
557 2054 800 2122 δηλονότι
835 2051 926 2102 τὸν
960 2049 1099 2117 μιτὰ
1137 2044 1468 2112 συγγενικοῦ
1510 2041 1739 2110 προσώπ
1772 2058 1800 2092 υ

227 2147 624 2213 κεκιιιλυμένου
656 2141 960 2210 προϐάντα.
1010 2137 1167 2198 Τινὲς
1198 2135 1330 2202 γοῦν
1382 2135 1572 2203 ἱερέως
1617 2134 1675 2184 ἑν
1705 2133 1803 2197 ἀγ-

231 2239 358 2307 νοίᾳ
398 2238 576 2304 γάμον
606 2232 870 2300 ἀθέμιτον
903 2227 1356 2290 συναλλάξαντος,
1389 2227 1484 2277 καὶ
1526 2224 1616 2276 διὰ
1642 2223 1804 2275 τοῦτο

227 2330 610 2396 διαζυγέντος,
645 2327 738 2376 καὶ
773 2321 1100 2391 καθαιρέσει
1129 2319 1518 2378 ὑποπεσόντος,
1551 2313 1804 2384 ἠρώτησέ

227 2437 322 2482 τις
364 2421 453 2471 τὸν
481 2417 635 2484 ἅγιον
665 2416 712 2467 εἰ
742 2412 949 2480 ὀφείλει
978 2413 1004 2464 6
1029 2409 1270 2471 τοιοῦτος
1298 2409 1477 2477 ἱερεὺς
1510 2407 1649 2476 μετὰ
1703 2406 1804 2473 τὴν

230 2510 563 2578 καθαίρεσιν
591 2504 870 2575 ίερατικόν
895 2521 947 2555 τι
974 2502 1237 2570 ἐνεργεῖν.
1279 2498 1506 2565 Ἔλεγον
1529 2497 1634 2565 γάρ
1661 2513 1804 2559 τινες

229 2599 337 2663 ὡς,
361 2597 484 2651 ἐπεὶ
511 2601 568 2649 ὲν
593 2594 789 2664 ἀγνοίᾳ
823 2591 1129 2651 ὠλίσθησεν
1155 2591 1183 2642 6
1219 2583 1425 2656 ἱερεὺς,
1463 2589 1561 2654 οὐχ
1604 2588 1807 2639 ὑποπεο

235 2691 418 2742 σεῖται
447 2688 809 2756 καθαιρέσει*
848 2689 895 2738 εί
927 2683 981 2736 δὲ
1014 2680 1344 2751 καθαιρεθῇ,
1375 2678 1484 2732 τῶν
1509 2677 1610 2746 μὲν
1651 2677 1804 2738 ἐντὸς

231 2781 336 2834 τοῦ
369 2779 613 2849 βήματος
641 2776 937 2846 ἐνεργειῶν
975 2773 1372 2842 κωλυθήσεται,
1405 2770 1514 2822 τῶν
1548 2769 1605 2822 δὲ
1647 2769 1806 2831 ἐκτὸς

231 2874 339 2925 οὐκ
372 2871 851 2940 ὲμποδισθήσιται.
882 2866 1019 2936 φησι
1052 2863 1235 2917 τοίνυν
1262 2863 1290 2915 6
1354 2861 1510 2929 ἅγιος
1563 2859 1806 2926 ὀφείλειν

235 2963 430 3014 τοῦτον
487 2956 896 3028 καθαιρεῖσθαι,
961 2955 1056 3008 καὶ
1129 2951 1268 3022 μετὰ
1317 2951 1414 3020 τὴν
1487 2949 1806 3019 καθαίρεσιν

233 3052 408 3120 τιμῆς
444 3052 540 3120 μὲν
564 3051 730 3120 μόνης
758 3049 1030 3117 μετέχειν,
1065 3047 1184 3116 ἦτοι
1244 3041 1619 3111 πγκαθῆσθαι
1668 3039 1807 3108 μετὰ

233 3160 350 3195 των
379 3141 795 3212 πρεσϐυτέρων,
824 3139 934 3191 τῶν
983 3138 1037 3190 δὲ
1073 3135 1274 3188 λοιπῶν
1313 3134 1608 3204 ίερατικῶν
1655 3135 1807 3199 ἐνερ-

238 3236 414 3303 γειῶν
436 3233 761 3303 ἀπέχεσθαι..
793 3234 959 3303 ἤγουν
988 3232 1124 3299 μήτε
1151 3227 1316 3296 εὐχὴν
1337 3225 1516 3292 λέγειν
1546 3225 1803 3294 δημοσίᾳ,

236 3327 525 3381 τουτέστιν
557 3326 614 3376 ὲν
649 3321 943 3392 ἐκκλησίᾳ,
986 3322 1123 3390 μήτε
1158 3320 1286 3389 ίδίτι,
1335 3318 1610 3370 τουτέστιν
1653 3316 1808 3376 ἐκτὸς

235 3419 339 3487 τῆς
365 3417 659 3485 ἐκκλησίας
679 3432 692 3445 ·
721 3415 854 3468 ἀλλὰ
879 3413 1013 3483 μηδὲ
1043 3413 1110 3465 τὰ
1145 3415 1270 3478 Ξγια
1309 3407 1805 3478 μεταχειρίζεσθαι,

239 3510 338 3562 καὶ
384 3510 595 3578 ἑτέροις
634 3507 979 3576 μεταδιδόναι
1005 3503 1204 3564 αὐτῶν,
1249 3501 1374 3570 μήτ’
1414 3500 1542 3552 ἄλλο
1563 3516 1614 3550 τι
1661 3500 1808 3566 ἱερα-

236 3601 394 3653 τικὺν
418 3602 678 3670 ἐνεργεῖν.
697 3598 1011 3669 ’Δρκεῖσθαι
1035 3596 1089 3648 δὲ
1110 3598 1175 3663 τῇ
1209 3597 1344 3662 τιμῇ
1378 3592 1474 3660 τῆς
1495 3589 1805 3659 προεδρίας,

237 3694 307 3761 τῇ
346 3693 764 3762 φιλοτιμηθείη]
822 3690 970 3759 αὑτῴ
996 3691 1080 3741 διὰ
1111 3687 1210 3755 τὴν
1242 3686 1486 3754 ἄγνοιαν.
1553 3682 1808 3752 Εὐλογεῖν

246 3784 433 3852 μέντοι
468 3784 690 3852 ἐτέρους
715 3783 807 3835 τὸν
846 3780 1085 3832 τοιοῦτον
1118 3779 1176 3830 οὐ
1202 3778 1284 3828 δεῖ
1309 3792 1323 3807 ο
1389 3777 1416 3845 ἡ
1454 3774 1562 3842 γὰρ
1593 3772 1809 3838 εὐλογία

247 3876 535 3944 μετάδοσις
569 3872 844 3942 ἁγιασμοῦ
887 3875 1051 3924 ἐστιν.
1091 3871 1148 3926 Ὀ
1173 3870 1228 3921 δὲ
1257 3867 1330 3937 μὴ
1355 3867 1492 3937 ἔχων
1514 3863 1805 3932 ἁγιασμὸν,

245 3961 353 4014 κᾶν
379 3961 447 4013 δι’
481 3961 705 4028 ἄγνοιαν
764 3960 1067 4029 καθῃρέθη,
1111 3957 1228 4018 πῶς
1271 3958 1461 4010 τούτου
1515 3952 1808 4023 μεταδώσει

245 4053 423 4121 ἑτέρῳ
456 4071 470 4117 ;
507 4051 809 4121 Συγγνώμη
842 4051 897 4102 δὲ
937 4050 1139 4103 δίδοται
1181 4048 1349 4116 αὐτῷ,
1406 4049 1466 4098 οὑ
1522 4046 1678 4114 μόνον
1721 4043 1808 4096 διὰ

245 4144 344 4196 τοῦ
377 4141 758 4210 συγκαθῆσθαι
814 4141 950 4210 μετὰ
992 4140 1101 4192 τῶν
1146 4140 1357 4208 ἱερέων,
1391 4136 1526 4188 ὀλλά
1579 4137 1675 4186 καὶ
1722 4133 1809 4185 διὰ

246 4233 345 4286 τοῦ
384 4234 459 4302 μὴ
486 4233 847 4302 τιμωρεῖσθαι
872 4231 1239 4299 ἀλλοτρόπως.
1279 4227 1340 4278 Εἰ
1383 4227 1489 4296 γὰρ
1515 4228 1571 4276 ὲν
1601 4225 1804 4292 simiam

242 4327 440 4381 ἒάϐεν
498 4331 576 4390 εἰς
631 4329 866 4394 γυναῖκα
899 4326 997 4394 τὴν
1041 4325 1444 4394 ἀφιερωθεῖσαν
1474 4319 1552 4388 τῷ
1586 4319 1724 4388 Θεῷ,
1773 4319 1804 4387 ἢ

245 4419 351 4489 τὴν
389 4421 626 4487 συγγενῆ
661 4417 850 4482 αὑτοῦ,
888 4418 980 4469 καὶ
1023 4415 1390 4484 ἁλλοτρόπως,
1451 4411 1806 4489 χρηματικῶς

1975 580 2212 633 ιιειιίριίο
2264 591 2346 634 est
2397 579 2846 634 sanctiﬁcationis
2886 579 3344 646 communicatio;
3377 581 3470 649 qui

1971 680 2151 724 autem
2184 685 2300 724 eam
2323 687 2426 725 non
2458 671 2616 724 habet
2645 680 2865 740 propter
2889 670 3205 738 ignorantia:
3235 671 3465 741 lapsum,

1970 765 2241 829 quoan
2289 762 2408 817 aliis
2451 761 2908 823 ccutmunieabit‘l
2943 759 3054 815 Nec
3080 777 3210 832 ergo
3260 763 3469 831 publice

1973 868 2071 906 uec
2125 853 2371 918 privatim
2406 851 2705 914 hencdicat,
2735 867 2832 906 uec
2876 849 3076 906 Christi
3110 865 3302 921 corpus
3347 855 3469 910 aliis

1974 945 2262 1011 impertiat,
2295 959 2390 998 nec
2426 945 2637 1008 aliquod
2679 943 2823 996 aliud
2857 958 3070 996 sacrum
3109 943 3469 996 ministerium

1971 1036 2149 1097 obeat,
2197 1037 2288 1090 sed
2344 1037 2482 1101 quod
2532 1035 2819 1103 praesideat
2878 1045 3186 1096 contentus,
3244 1037 3364 1088 aliis
3414 1044 3470 1090 et

1972 1124 2201 1178 Domino
2226 1124 2438 1188 deﬂeat,
2462 1136 2516 1178 ut
2547 1126 2648 1180 sibi
2681 1126 2995 1194 ignorantia:
3027 1133 3304 1193 peccatum
3337 1139 3468 1178 con-

1973 1219 2218 1270 donetur.

1978 1331 2168 1385 BALS.
2205 1331 2494 1386 Proltibizm
2523 1332 2721 1400 nuptia:
2746 1331 3007 1386 trifariam
3039 1332 3389 1386 dividuntur:
3415 1333 3467 1384 in

1905 1421 2160 1484 nefarias,
2218 1435 2337 1487 quae
2384 1433 2580 1489 praeter
2630 1420 2774 1487 leges
2826 1421 3099 1484 dicuntur,
3158 1433 3213 1474 ut
3259 1422 3302 1476 si
3349 1421 3470 1488 quis

1901 1528 2019 1566 eam
2050 1511 2202 1579 cujus
2235 1511 2450 1564 tutelam
2480 1511 2638 1578 gerit,
2675 1511 2756 1562 vel
2791 1511 2902 1574 ipse
2954 1512 3032 1563 vel
3082 1521 3234 1580 pater
3279 1513 3470 1579 ipsius,

1903 1619 2124 1657 uxorem
2154 1603 2333 1665 ducat,
2370 1601 2452 1654 vel
2495 1615 2610 1654 eam
2638 1615 2757 1667 qua:
2787 1611 2867 1654 est
2903 1601 2954 1653 in
3002 1604 3144 1670 ejus,
3183 1601 3264 1654 vel
3303 1601 3472 1668 patris

1901 1697 2018 1761 ejus
2050 1694 2266 1748 tutelari
2308 1701 2613 1762 potestate;
2670 1693 2721 1744 in
2756 1692 3038 1747 damnatas
3074 1708 3168 1746 seu
3214 1693 3470 1744 condem-

1906 1797 2080 1848 natus,
2129 1797 2183 1838 ut
2235 1785 2278 1838 si
2321 1785 2408 1836 ﬁat
2455 1784 2854 1836 matrimoniqu
2904 1797 3025 1835 cum
3081 1782 3340 1836 monacha
3390 1781 3471 1834 vel

1905 1878 2004 1931 aiia
2043 1877 2153 1930 Deo
2181 1877 2470 1930 dedicata:
2503 1875 2633 1927 etin
2691 1875 2946 1936 incestas,
2999 1888 3120 1941 qme
3168 1872 3257 1926 hic
3305 1874 3467 1925 etiam

1904 1966 2127 2022 nefaria:
2154 1967 2425 2028 dicuntur,
2473 1975 2524 2016 ut
2558 1963 2601 2016 si
2637 1965 2756 2031 quis
2781 1979 2900 2016 eum
2933 1963 3336 2032 consitnguinea
3372 1978 3465 2014 sua

1906 2061 1958 2113 in
1999 2059 2168 2128 gradu
2202 2057 2472 2124 prohibito
2501 2057 2853 2108 contraxerit.
2890 2056 3024 2108 Cum
3077 2069 3207 2123 ergo
3248 2055 3466 2123 quidam

1904 2146 2157 2203 sacerdos
2189 2143 2451 2198 nefarium
2510 2159 2604 2212 per
2649 2143 3009 2211 ignorantiam
3062 2141 3466 2195 matrimonium

1904 2241 2286 2302 contraxisset,
2320 2247 2372 2290 et
2402 2244 2683 2303 propterea
2728 2234 2959 2287 solutum
2993 2243 3154 2294 esset,
3184 2242 3239 2287 et
3272 2235 3382 2301 ipse
3413 2233 3464 2285 in

1903 2331 2295 2400 depositioncm
2326 2327 2628 2389 incidisset,
2653 2325 3007 2394 interrogavit
3047 2323 3309 2392 quispiam
3342 2337 3468 2375 san-

1905 2431 2072 2486 ctnm,
2111 2437 2177 2473 an
2214 2420 2256 2473 is
2280 2419 2534 2474 sacerdos
2566 2416 2754 2469 debeat
2792 2425 2910 2483 post
2950 2413 3333 2482 depositiouem
3380 2426 3466 2465 sa-

1905 2512 2175 2569 cerdotale
2203 2510 2476 2580 quidpiam
2517 2520 2795 2560 exercere.
2839 2504 3094 2558 Dicebant
3141 2504 3282 2556 enim
3332 2517 3468 2554 non-

1907 2605 2060 2666 nulli,
2123 2603 2269 2672 quod
2332 2600 2585 2667 quoniam
2652 2595 2904 2648 sacerdos
2962 2609 3057 2663 per
3111 2591 3464 2661 ignorantiam

1908 2696 2094 2764 lapsus
2127 2701 2290 2752 esset.
2331 2706 2431 2743 non
2463 2689 2781 2757 subjicietur
2830 2684 3152 2754 depositioni
3193 2700 3206 2737 :
3239 2683 3322 2738 sin
3366 2698 3467 2734 au-

1910 2798 2015 2842 lem
2067 2785 2230 2839 fuerit
2263 2781 2561 2851 depositus,
2611 2780 2677 2832 ab
2727 2776 3028 2830 actionibus
3076 2774 3288 2843 quidem
3347 2786 3468 2840 qua:

1910 2882 2043 2935 liunt
2080 2879 2218 2929 intra
2248 2872 2478 2927 tribunal
2511 2870 2809 2933 arcebitur,
2857 2868 2950 2921 sed
2997 2879 3103 2920 non
3142 2864 3207 2917 ab
3237 2862 3466 2916 actioni-

1911 2973 2009 3024 bus
2044 2983 2161 3036 quae
2197 2973 2324 3018 sunt
2371 2971 2520 3014 extra
2555 2959 2813 3014 tribunal.
2865 2957 2998 3011 Dicit
3047 2969 3178 3023 ergo
3227 2962 3468 3014 sanctus,

1908 3079 2030 3116 eum
2067 3059 2264 3110 debere
2299 3054 2510 3120 depOni,
2535 3060 2586 3105 et
2619 3061 2736 3119 post
2760 3046 3146 3117 depositione“)
3190 3058 3309 3096 eum
3338 3043 3466 3110 qui-

1835 3149 1878 3207 C
1912 3156 2031 3206 dem
2068 3164 2189 3204 esse
2225 3146 2389 3199 solius
2422 3143 2638 3195 honoris
2672 3139 3013 3208 participem,
3049 3143 3108 3188 ut
3150 3131 3359 3188 scilicet
3384 3147 3470 3182 se-

1911 3245 2040 3298 deat
2071 3255 2193 3293 cum
2232 3233 2592 3306 presbyteris,
2625 3247 2652 3283 a
2689 3228 2911 3294 reliquis
2942 3235 3118 3277 autem
3153 3224 3467 3277 sacerdom-

1910 3337 2050 3388 linus
2080 3326 2383 3385 actionibus
2418 3323 2701 3381 abstineat,
2740 3327 2795 3369 ut
2826 3317 3034 3371 scilicet
3059 3328 3236 3380 neque
3262 3312 3466 3366 oratio—

1911 3441 2029 3477 nem
2068 3423 2208 3474 dicat
2239 3416 2449 3488 publice
2480 3427 2574 3466 Seu
2606 3411 2656 3462 in
2693 3407 2942 3467 ecclesia,
2981 3419 3077 3457 nec
3108 3403 3379 3472 privatim,
3414 3400 3466 3453 id

1909 3524 1990 3572 est
2026 3524 2174 3567 extra
2203 3507 2484 3562 ecclesiam
2517 3520 2530 3555 :
2571 3502 2660 3554 sed
2695 3511 2866 3566 neque
2901 3505 3086 3550 sancta
3127 3500 3336 3551 tractet,
3371 3505 3470 3543 ucc

1910 3608 2020 3674 ipsa
2043 3603 2161 3655 aliis
2186 3595 2568 3657 communicet,
2602 3604 2699 3643 nec
2732 3586 2930 3654 aliquid
2962 3583 3102 3637 aliud
3135 3579 3471 3636 sacerdotale

1907 3669 2174 3748 exerceat.
2207 3688 2287 3740 Sit
2313 3696 2489 3737 autem
2525 3688 2807 3734 contentus
2840 3674 3097 3728 sessionis
3127 3675 3347 3733 lmnore,
3378 3669 3468 3738 qui

1907 3782 1982 3835 illi
2010 3787 2228 3850 propter
2260 3769 2610 3842 ignorantiam
2664 3778 2953 3818 concessus
2994 3770 3094 3816 est.
3147 3759 3330 3812 Talem
3379 3772 3473 3810 au.

1909 3847 2020 3924 tem
2047 3868 2164 3920 aliis
2197 3861 2516 3916 benedicere
2546 3870 2649 3909 non
2684 3861 2919 3920 oportet.
2967 3847 3281 3903 Benedictio
3323 3849 3468 3899 enim

1906 3968 1989 4014 est
2021 3949 2463 4009 sanctiﬁcationis
2495 3944 2804 4012 impertitio.
2837 3939 2936 4006 Qui
2972 3947 3145 3993 autem
3175 3951 3279 3990 non
3311 3936 3473 3988 habet

1906 4044 2414 4102 snttcliiicatinnem,
2440 4036 2652 4090 etiamsi
2683 4048 2777 4100 per
2813 4030 3170 4101 ignorantiam
3192 4026 3472 4096 depositus

1907 4142 1996 4200 sit,
2043 4133 2309 4204 quomodo
2336 4141 2453 4179 eam
2491 4125 2608 4177 aliis
2636 4119 2950 4188 impertiet?
2988 4117 3152 4172 Venia
3185 4128 3365 4170 autem
3418 4113 3470 4168 ei

1907 4229 2086 4288 datur,
2130 4237 2233 4275 non
2262 4220 2432 4274 solum
2461 4212 2600 4283 quod
2662 4215 2847 4265 sedeat
2897 4225 3018 4262 cum
3069 4207 3470 4270 sacerdotibus,

1907 4320 2000 4373 sed
2019 4305 2080 4370 et
2105 4314 2243 4381 quod
2276 4326 2378 4362 non
2410 4306 2518 4362 alio
2547 4304 2702 4357 modo
2724 4302 2996 4370 puniatur.
3033 4298 3088 4353 Si
3121 4299 3262 4351 enim
3291 4298 3473 4352 sciens

1909 4411 2021 4464 Deo
2072 4415 2442 4459 consecratam
2492 4397 2785 4455 l’errrinam,
2833 4391 2914 4443 vel
2963 4406 3111 4444 suam
3161 4399 3500 4458 cognatam,.

239 4477 520 4577 διγλονὸτι.⁷
555 4477 647 4560 καὶ
694 4477 1138 4576 ὲγκλῆματικῶς,
1171 4477 1237 4558 αν
1290 4477 1597 4568 ὲκολάνσθήί
1646 4501 1804 4554 ἅτινα

1908 4511 2130 4554 uxorem
2189 4491 2506 4558 accepisset,
2555 4485 2662 4540 alio
2711 4483 2872 4535 etiam
2932 4481 3111 4544 modo,
3164 4477 3474 4547 pecuniaria

240 4601 349 4664 0:37.
386 4599 687 4664 ἐπάγονται
724 4590 872 4665 αὑτῷ
943 4597 1032 4649 διὰ
1084 4596 1183 4663 τὴν
1222 4596 1463 4660 ἄγνοιαν.
1513 4591 1621 4642 Καὶ
1672 4590 1804 4642 ἀνά-

243 4687 421 4755 γνωθι
456 4688 545 4738 τὸν
587 4692 668 4750 ις’
697 4686 871 4738 τίτλον
904 4685 996 4737 τοῦ
1021 4683 1105 4753 κη’
1139 4684 1341 4752 βιϐλίου
1373 4699 1386 4713 υ
1437 4683 1574 4749 μετὰ
1625 4680 1804 4747 μέντοι

242 4779 308 4829 τὸ
335 4779 711 4845 ἀπαγορεῦσαι
761 4775 908 4844 αὑτῳ
966 4776 1146 4825 πᾶσαν
1184 4771 1465 4840 ἱερατικὴν
1505 4769 1801 4835 ἐνέργειαν.

246 4870 420 4938 φησιν
450 4871 478 4920 6
501 4869 675 4934 ἆγιος,
710 4864 1088 4933 προσκλαιέτω
1130 4864 1336 4930 ἑτέροις
1366 4859 1462 4911 καὶ
1479 4857 1554 4923 τῷ
1585 4857 1801 4925 Κυρίῳο

241 4958 326 5025 τῷ
351 4959 448 5024 μὲν
471 4955 681 5024 Κυρίῳ,
710 4955 782 5017 ὡς
807 4953 1088 5020 δυναμένῳ
1118 4951 1337 5017 ἀφιέναι
1409 4946 1804 5016 ἁμαρτήματα,

245 5051 366 5109 τοῖς
392 5048 449 5099 δὲ
477 5047 708 5113 ἑτέροις,
736 5045 824 5097 ἴνα
873 5046 1117 5096 κάκεῖνοι
1155 5041 1296 5110 ὑπὲρ
1357 5037 1522 5092 αὐτοῦ
1582 5037 1804 5089 δέωνται

246 5138 332 5206 τῷ
362 5138 548 5205 Κυρίῳ
589 5135 1010 5204 συγχωρηθῆναι
1040 5133 1210 5201 τούτῳ
1230 5133 1288 5182 τὸ
1315 5132 1410 5182 Ἐκ
1446 5127 1540 5180 τοῦ
1567 5125 1805 5192 ἀθέσμου

249 5227 438 5294 γάμου
468 5229 753 5292 ἀνόμημα.
808 5222 1104 5291 Ἐρωτήσει
1135 5221 1189 5272 δέ
1235 5236 1338 5281 τις,
1395 5217 1469 5278 ὼς
1511 5215 1604 5266 Ἐκ
1640 5210 1807 5281 τρ.ὦν

247 5319 468 5387 τρόπων
504 5298 880 5382 κολαζομένων
909 5312 1016 5364 τῶν
1065 5311 1321 5379 ἀθέσμων
1353 5308 1565 5374 γάμων,
1612 5302 1802 5355 καθαι-

253 5407 546 5478 ρεθήσεται
595 5405 687 5456 καὶ
717 5406 744 5456 6
775 5404 1003 5472 ποιήσας
1049 5404 1364 5470 παράνομον
1402 5398 1602 5465 γάμον,
1638 5394 1804 5464 ἤγουν

250 5497 350 5546 καὶ
376 5497 403 5545 6
428 5494 526 5560 τήν
556 5508 686 5543 ποτε
720 5491 852 5559 παρ’
905 5487 1072 5540 αὐτοῦ
1118 5485 1624 5555 ὲπιτροπευθεῖσαν,
1650 5481 1681 5549 ἢ
1710 5477 1804 5546 τοῦ

251 5587 496 5652 πατέρος
523 5583 710 5643 αὐτοῦ,
762 5583 840 5641 tl;
870 5580 1045 5647 γάμον
1081 5578 1383 5646 ὰγόμενοςς
1425 5575 1612 5632 Λύσις.
1655 5571 1806 5623 Ἐπεὶ

248 5680 324 5740 ὡς
358 5676 673 5746 παράνομος
709 5673 800 5725 καὶ
832 5674 859 5724 6
902 5669 1139 5731 τοιοῦτος
1172 5667 1349 5734 γάμος
1395 5666 1714 5728 διασπᾶται,
1747 5662 1807 5727 ἐξ

251 5771 503 5834 aegrae;
539 5766 678 5828 μετὰ
711 5763 766 5814 τὸ
793 5761 1064 5828 διαζὺγιον
1098 5759 1194 5810 καὶ
1215 5752 1366 5819 οὗτος
1398 5756 1474 5818 ὡς
1503 5756 1805 5826 πορνεύσας

1912 4588 2120 4644 scilicet
2172 4593 2225 4635 et
2265 4579 2511 4635 criminal
2541 4587 2621 4631 ινι·
2667 4574 2936 4645 punietur,
2995 4587 3113 4639 Qua:
3156 4569 3370 4637 quidem
3421 4581 3471 4620 et

1913 4687 2128 4744 propter
2160 4669 2515 4739 ignorantiam
2555 4683 2658 4719 non
2707 4659 3044 4728 inﬂigttntur.
3085 4655 3224 4724 Lege
3259 4656 3341 4708 tit.
3381 4655 3471 4720 i6,

1914 4765 2006 4818 lib.
2043 4777 2230 4816 xxvrtt.
2260 4760 2547 4826 Postquam
2581 4764 2756 4806 autem
2789 4758 3008 4806 sanctus
3035 4747 3082 4799 ei
3119 4745 3260 4797 ontni
3288 4759 3470 4796 sacer-

1914 4855 2076 4908 dotali
2107 4852 2317 4904 actione
2349 4847 2740 4903 iuterdixisset,
2793 4840 3012 4900 [lc-ﬂeat,
3049 4835 3240 4906 inquit,
3273 4834 3389 4886 aliis
3419 4841 3473 4886 et

1913 4945 2187 4998 Domino:
2229 4939 2452 4992 Domino
2509 4935 2726 5005 quidem
2784 4941 2843 4986 ut
2885 4933 2977 5000 qui
3033 4939 3205 4995 potest
3255 4937 3469 4996 poet-ala

1914 5033 2230 5094 remittere;
2263 5027 2404 5091 aliis,
2467 5034 2523 5077 ut
2565 5022 2637 5074 illi
2686 5036 2782 5089 pro
2833 5034 2897 5072 eo
2947 5029 3133 5088 rogent
3190 5017 3470 5068 Dominum

1913 5125 2216 5179 condonare
2242 5121 2289 5174 ei
2335 5118 2584 5172 delictum
2614 5114 2820 5168 nefario
2850 5113 3192 5165 matritttonio
3217 5111 3470 5164 contulis-

1913 5228 2052 5268 sum.
2089 5209 2313 5280 lia-gabit
2345 5219 2520 5262 autem
2567 5206 2854 5274 quispiam,
2909 5219 3028 5256 eum
3071 5201 3240 5255 tribus
3299 5202 3472 5253 modis

1913 5306 2202 5375 puniantur
2232 5300 2451 5355 nefarias
2485 5299 2702 5366 nuptiae,
2759 5301 3125 5364 deponelurne
3175 5291 3467 5359 quispiam,

1912 5397 2002 5466 qui
2044 5405 2228 5449 contra
2271 5393 2412 5459 leges
2445 5389 2846 5443 matrimonium
2883 5383 3237 5446 contraxerit,
3288 5391 3472 5449 utpote

1915 5489 1958 5541 is
1984 5485 2071 5554 qui
2095 5499 2235 5545 eam.
2273 5481 2426 5550 cujus
2457 5481 2567 5548 ipse
2589 5479 2669 5532 vel
2695 5487 2840 5543 pater
2861 5475 2975 5543 ejus
3006 5483 3148 5526 tutor
3168 5472 3285 5535 fuit,
3319 5470 3472 5522 duxit

1913 5580 1966 5634 itt
2001 5573 2434 5630 matrimonium?
2473 5571 2701 5625 Snlutio.
2739 5566 3000 5632 Quoniam
3049 5566 3148 5616 hoc
3193 5562 3472 5615 matrimo-

1915 5671 2063 5723 nium
2097 5678 2154 5719 ut
2184 5665 2390 5733 legibus
2421 5662 2754 5716 contrarium
2785 5656 3114 5716 dissolvitur,
3141 5655 3226 5707 hic
3254 5665 3470 5720 quoque

1917 5768 2033 5825 pOSt
2065 5754 2379 5814 divortium,
2434 5761 2485 5803 ut
2532 5749 2621 5818 qui
2681 5745 2976 5799 fornicatus
3029 5745 3120 5809 sit,
3159 5742 3468 5796 necessario
