4124 6460
283 406 391 467 σει

1214 407 1294 466 IN
1324 405 1567 464 EPIST.
1611 406 1667 464 S.
1716 404 1996 464 BASILII
2057 402 2501 464 CANONICAM
2559 406 2636 465 II.

3435 414 3541 471 (582

279 523 345 574 τὸ
369 521 468 572 τοῦ
533 522 711 586 γάμου
745 520 1006 587 ἄθεσμονο
1043 521 1142 588 τῆς
1192 522 1290 590 μὲν
1329 522 1496 590 τιμῆς
1541 523 1710 590 μόνης
1771 522 1861 573 καὶ

1972 519 2572 590 agnoscitiliegitimum
2610 521 2944 592 conjugium.
2978 521 3160 579 Solius
3195 525 3409 594 quidem
3446 525 3542 582 ho-

287 612 596 680 προεδρὶας
626 610 735 662 τῶν
768 613 961 680 ἱερέων
994 612 1236 680 μεθέξει,
1264 615 1362 680 τῆς
1422 615 1476 664 δὲ
1518 612 1865 681 λειτουργίας

281 703 612 755 παντάπασι
682 701 1082 770 κωλυθήσεται⁸
1158 703 1388 772 ἀρκετὸν
1467 703 1574 771 γὰρ
1644 702 1864 772 αὑτῴή

281 788 596 857 συγγνώμη
650 790 737 840 διὰ
785 788 883 858 τὴν
946 791 1190 853 ἄγνοιαν·
1247 791 1307 842 τὸ
1366 790 1422 842 δὲ
1484 791 1578 842 καὶ
1645 790 1866 858 ἐτέρους

282 883 538 948 εὐλογεῖν
602 882 695 932 τὸν
757 882 1043 948 ὀφείλοντα
1099 882 1209 934 τῶν
1257 884 1475 935 οἰκείων
1534 883 1864 951 τραυμάτων

278 974 533 1027 τίθεσθαι
573 974 828 1040 πρόνοιαν
862 975 1249 1028 ἀνακόλουθον.
1303 975 1546 1040 Εὑλογία
1570 975 1672 1040 γὰρ
1693 973 1865 1042 μετά-

279 1069 433 1128 δοαίς
461 1069 606 1117 ἐστιν
631 1065 933 1137 ἁ·(ιασμοῦ.
989 1067 1048 1120 Ὀ
1074 1068 1130 1120 δὲ
1154 1067 1345 1120 τοῦτον
1378 1066 1452 1135 μὴ
1494 1066 1632 1134 ἔχων
1689 1066 1778 1119 διὰ
1805 1067 1866 1118 τὸ

285 1162 356 1211 ἐκ
404 1160 498 1226 τῆς
558 1159 783 1227 ἀγνοίας
836 1161 1198 1230 παράπτωμα
1256 1161 1369 1221 πῶς
1429 1158 1635 1226 ἑτέροις
1697 1175 1864 1226 μετα-

278 1249 448 1302 δώσει
481 1265 496 1314 ;

863 1343 1103 1396 ΚΑΝΩΝ
1141 1344 1242 1395 ΚΗ
1266 1384 1279 1397 .

281 1435 523 1488 Κάκείνό
545 1453 608 1503 γε
643 1435 752 1505 μὴν
793 1436 1001 1503 γελοῖόν
1039 1453 1129 1504 μοι
1172 1438 1478 1506 κατεφάνη,
1505 1438 1565 1490 τδ
1601 1437 1866 1502 εὔξασθαί

371 1543 496 1575 τινα
535 1525 694 1577 ὑείων
731 1524 1032 1594 ἀπέχεσθαι
1089 1525 1291 1592 κρεῶν.
1321 1526 1482 1576 Ὥστε
1527 1525 1865 1589 καταξίωσον

367 1614 642 1666 διδάσκειν
674 1617 892 1677 αὐτοὺς,
921 1615 1028 1666 τῶν
1047 1615 1388 1666 ἀπαιδεύτων
1417 1616 1739 1684 προσευχῶν
1771 1614 1867 1667 καὶ

361 1703 714 1770 ἐπαγγελιῶν
745 1705 1074 1771 ἀπέχεσθαι,
1106 1705 1206 1772 τὴν
1260 1704 1444 1772 μέντοι
1478 1706 1674 1774 χρῆσιν
1709 1705 1864 1758 ἀδιά-

359 1813 525 1864 φορον
604 1789 743 1847 εἶναι
813 1797 1182 1866 συγχώρησον.
1266 1796 1430 1848 Οὐδὲν
1489 1798 1592 1866 γὰρ
1656 1800 1866 1867 κτίσμα

364 1885 502 1939 Θεοῦ
548 1886 852 1955 ἀπόϐλητον
914 1887 1034 1954 μετ’
1093 1887 1449 1956 εὐχαριστίας
1517 1887 1944 1958 >.αμ6ανόμε-Β

365 1995 476 2028 νον.
517 1978 680 2028 Ὥστε
732 1977 927 2047 ἡεὺχὴ
961 1979 1386 2045 καταγέλαστος,
1442 1979 1540 2048 οὐχ
1583 1982 1614 2046 ὴ
1686 1981 1865 2051 ἀποχὴ

360 2068 662 2132 ἀναγκαία.

859 2162 1100 2214 ΚΑΝΩΝ
1151 2163 1278 2220 KG'.

286 2250 597 2319 ’Δρχοντας
627 2252 809 2320 μέντοι
839 2253 1062 2321 ὀμνύειν
1112 2256 1205 2306 ἐπὶ
1254 2255 1332 2323 τῷ
1363 2259 1687 2308 κακοποιεῖν
1739 2252 1868 2319 τοῦς

359 2343 703 2408 ἀρχομένους
765 2345 860 2393 καὶ
909 2347 1052 2397 πάνυ
1113 2345 1518 2412 θεραπεύεσθαι
1574 2351 1865 2416 προσήκει.

361 2431 648 2497 Θεραπεία
681 2433 736 2483 δὲ
766 2433 972 2484 τούτων
1001 2435 1172 2503 διττή.
1209 2437 1324 2488 Μία
1385 2437 1508 2505 μὲν,
1546 2439 1620 2506 μὴ
1646 2438 1868 2506 ὀμνύειν

359 2520 563 2580 αὐτοὺς
595 2519 939 2573 διδάσκεσθαι
974 2525 1300 2592 προχείρως,
1329 2525 1492 2594 ἑτέρα
1528 2525 1603 2588 δὲ,
1643 2527 1718 2594 μὴ
1751 2528 1870 2578 ὲπι-

358 2611 544 2679 μένειν
574 2614 630 2661 ὲν
696 2615 815 2674 ταῖς
851 2617 1116 2682 πονηραῖς
1167 2616 1438 2683 κρίσεσιν.
1514 2618 1675 2668 ’Ὥστε
1723 2619 1870 2688 ὅρκῳ

361 2701 700 2771 προληφοθείς
733 2721 811 2764 τις
839 2706 920 2764 είς
967 2707 1307 2758 κακοποιΐαν
1364 2708 1576 2776 ἐτέρου,
1613 2709 1709 2775 τὴν
1769 2708 1869 2776 μὲν

365 2794 460 2844 ἐπὶ
486 2796 551 2860 τῇ
589 2795 890 2863 προπετείᾳ
940 2795 1035 2846 τοῦ
1071 2797 1238 2864 ὅρκου
1324 2799 1613 2866 μετάνοιαν
1673 2800 1871 2851 ἐπιδει-

381 2881 619 2943 κνύσθω,
676 2883 750 2950 μὴ
807 2885 990 2950 μέντοι
1041 2888 1391 2954 προσχήματι
1424 2887 1706 2950 εύλαόεἰας
1772 2887 1869 2958 τὴν

357 2975 624 3042 πονηρίαν
676 2976 868 3027 ἑαυτοῦ
909 2976 1241 3044 βεδαιούτω’
1300 2981 1420 3032 οὐδὲ
1472 2983 1581 3052 γὰρ
1647 2981 1866 3051 Ἡρώδῃ

368 3068 706 3134 συνήνεγκεν
748 3068 1140 3137 εὑορκήσαντι,
1176 3070 1255 3132 ὃς,
1299 3071 1387 3122 ἵνα
1437 3074 1512 3140 μὴ
1562 3075 1867 3144 ἐπιορκήσῃ

358 3159 541 3226 δῆθεν,
572 3160 760 3225 φονεὺς
795 3160 1014 3224 ἐγένετο
1058 3162 1153 3212 τοῦ
1201 3165 1513 3233 προφήτου.
1548 3165 1732 3228 "Arreti
1767 3167 1869 3233 μὲν

362 3254 391 3302 ὀ
423 3251 584 3318 ὅρκος
619 3245 1037 3319 ἀπηγόρευται·
1095 3253 1276 3323 πολλῷ
1312 3256 1367 3306 δέ
1428 3273 1531 3309 που
1579 3257 1728 3317 εἰκὸς
1776 3258 1865 3309 τὸν
1893 3234 1939 3295 c

363 3341 462 3394 ἐπὶ
487 3340 640 3409 κακῴ
664 3344 952 3407 γινόμενον
981 3345 1438 3412 κατακρίνεσθαι.
1492 3349 1654 3397 Ὥστε
1702 3365 1866 3415 μετα-

364 3434 592 3498 φρονεῐν
622 3432 728 3500 χρὴ
760 3431 853 3482 τὸν
908 3431 1202 3499 ὀμνύοντα,
1240 3436 1365 3504 οὐχὶ
1405 3437 1732 3500 σπουδάζειν
1781 3439 1866 3510 βε-

365 3521 558 3572 ϐαιοῦν
590 3521 754 3574 αὑτοῦ
782 3523 842 3574 τὸ
879 3524 1099 3576 ἀνόσιον
1124 3539 1139 3555 ο
1181 3525 1436 3589 ἐξέτασον
1491 3529 1601 3594 γὰρ
1654 3513 1864 3581 πλατύ-

356 3628 518 3681 τερον
544 3614 640 3682 τὴν
668 3615 923 3667 ἀτοπίαν.
956 3615 1125 3678 Εἴτις
1146 3617 1400 3686 ὀμόσειεν
1431 3618 1714 3688 ἑξορύξειν
1736 3623 1862 3684 τοὺς

361 3702 683 3772 ὀφθαλμοὺς
713 3705 808 3756 τοῦ
840 3706 1095 3774 ἀδελφοῦ.
1125 3711 1173 3760 εἰ
1209 3710 1373 3762 καλὸν
1399 3714 1460 3764 τὸ
1492 3712 1740 3766 τοιοῦτον
1782 3717 1862 3775 εἰς

354 3793 520 3862 ἔργον
574 3796 760 3864 autcf);
828 3797 892 3849 Εἰ
929 3814 1012 3859 τις
1053 3801 1355 3867 φονεύσειν,
1389 3804 1443 3854 εί
1493 3821 1575 3866 τις
1625 3805 1758 3868 ὅλως
1794 3806 1861 3858 δι’

356 3886 524 3953 ὅρκου
574 3887 796 3957 ἐντολὴν
826 3889 948 3940 τινὰ
1004 3892 1452 3962 παραδήσεσθαι;
1490 3898 1702 3965 Ὠμοσα
1754 3898 1862 3966 γὰρ

353 3978 452 4029 καὶ
485 3975 692 4045 ἔστησα
714 3979 833 4046 οὐχὶ
864 3979 963 4047 τὴν
999 3981 1298 4050 ἁμαρτίαν,
1328 3984 1466 4037 ἀλλὰ
1497 3984 1591 4036 τοῦ
1625 3984 1861 4052 φυλάξαι

361 4070 433 4119 τὰ
462 4069 709 4135 κρίματα
727 4069 824 4136 τῆς
860 4069 1235 4142 δικαιοσύνης.
1266 4073 1479 4144 ’Ὠσπερ
1519 4076 1574 4127 δὲ
1602 4078 1698 4146 τὴν
1717 4080 1863 4129 ὲντο-

354 4157 458 4227 λὴν
493 4157 848 4227 ἀμεταθέτοις
907 4160 1140 4228 κρίμασι
1195 4167 1438 4234 προσῆκε
1487 4168 1857 4236 βεὸαιοῦσθαι,

358 4247 508 4301 οὕτω
529 4249 626 4318 τὴν
653 4252 931 4321 ἁμαρτίαν
962 4259 1233 4317 παντοίως
1264 4260 1496 4329 καθήκει
1522 4263 1860 4332 ἁκυρούσθαι

355 4339 455 4392 καὶ
483 4341 866 4405 ἀφανίζεσθαι.

356 4431 556 4482 ΒΔΛΣ.
590 4434 652 4483 Οί
686 4435 951 4502 παρόντες
977 4435 1070 4488 δύο
1112 4440 1336 4501 κανόνες
1393 4444 1860 4512 παρακελεύονται

1979 613 2126 663 noris
2157 621 2212 664 et
2240 612 2602 680 praesidentia:
2654 615 2999 669 sacerdotum
3033 617 3303 685 particeps
3341 616 3469 683 erit,
3514 634 3545 672 ι

1979 703 2278 758 ministerio
2304 715 2483 758 autem
2511 706 2759 762 obeundo
2789 708 3102 762 omnimodo
3151 709 3543 775 prohibebitur.

1964 790 2108 845 'Nam
2144 794 2300 848 venia
2334 795 2403 848 ob
2430 795 2791 864 ignorantiam
2824 797 2871 852 ei
2904 798 3178 853 sufﬁciens
3219 807 3320 854 est.
3349 801 3454 855 Sed
3490 811 3545 855 ιιι

1977 885 2023 935 is
2056 898 2215 952 quem
2249 899 2468 938 suorum
2501 886 2784 941 vulnerum
2814 903 3000 942 curam
3029 898 3241 958 oportet
3263 886 3470 960 gerere,
3492 899 3547 947 et

1977 974 2097 1027 aliis
2131 975 2438 1040 benedicat,
2485 992 2590 1031 non
2620 987 2704 1032 est
2729 989 3177 1034 consentaneum.
3235 982 3549 1037 Benedictio

1976 1065 2118 1116 cnim
2171 1067 2619 1121 sanctiﬁcationis
2646 1079 2729 1123 est
2771 1071 3212 1126 coummniCatio.
3271 1073 3374 1138 Qui
3428 1089 3548 1130 eam

1976 1161 2156 1206 autem
2190 1169 2294 1207 non
2327 1156 2488 1210 liabet
2510 1157 2582 1211 ob
2621 1159 2940 1227 ignorantiae
2993 1160 3225 1230 lapsura,
3278 1165 3549 1230 quomodo

1975 1244 2096 1299 aliis
2146 1249 2614 1303 communicabit?

2505 1341 2737 1396 CANON
2780 1342 3022 1398 XXVIII.

1979 1423 2112 1479 Illud
2141 1429 2361 1496 quidem
2398 1432 2530 1486 mihi
2567 1434 2741 1486 visum
2773 1443 2856 1488 est
2886 1435 3193 1502 ridiculum,
3231 1452 3424 1492 vovere
3446 1439 3545 1492 aii-

2049 1533 2206 1584 quem
2240 1521 2551 1575 acarnibus
2600 1524 2777 1578 suillis
2836 1526 3134 1581 abstinuere.
3189 1526 3547 1592 Quamobrem

2045 1608 2269 1675 dignare
2295 1625 2389 1664 eos
2414 1612 2624 1677 docere,
2660 1623 2720 1666 ut
2753 1613 2823 1668 ab
2857 1613 3055 1682 ineptis
3080 1616 3213 1669 votis
3243 1625 3294 1669 et
3321 1619 3536 1684 promis-

2045 1701 2121 1754 sis
2148 1702 2480 1769 abstineant,
2520 1720 2676 1758 usum
2712 1707 2928 1774 quidem
2979 1723 3102 1763 esse
3153 1708 3546 1764 indidere-tem

2044 1793 2319 1860 permitte.
2349 1793 2504 1848 Nulla
2531 1797 2676 1850 enim
2706 1796 2799 1851 Dei
2829 1807 3082 1853 creatura
3115 1809 3198 1853 est
3233 1801 3545 1869 rejicienda,

2048 1883 2092 1936 si
2156 1899 2280 1938 cum
2359 1889 2660 1954 gratiarum
2720 1889 2933 1945 actione
2995 1891 3310 1961 accipiatur.
3364 1893 3546 1959 Quare

2043 1986 2230 2031 votum
2291 1988 2374 2032 est
2417 1980 2734 2044 ridiculum.
2779 1999 2884 2037 non
2923 1985 3254 2040 abstinentia
3295 2001 3546 2041 necessa-

2045 2068 2146 2122 ria.

2529 2163 2758 2218 CANON
2793 2163 2990 2219 XXIX.

1968 2249 2121 2313 Quod
2154 2251 2427 2320 principes
2461 2254 2676 2323 quidem
2715 2256 2921 2322 jurcnt,
2950 2270 3010 2310 se
3034 2254 3292 2324 subjectis
3323 2257 3549 2312 malefa-

2043 2352 2250 2406 cturos,
2289 2359 2481 2410 magna
2524 2345 2790 2398 medicina
2822 2361 2956 2415 opus
2986 2348 3167 2403 habet.
3221 2347 3421 2403 Medela
3456 2366 3549 2418 au-

2046 2444 2149 2485 tem
2185 2447 2372 2486 eorum
2401 2443 2484 2488 est
2512 2435 2708 2503 duplex
2741 2455 2754 2490 :
2789 2453 2893 2491 una
2941 2439 3180 2507 quidem,
3213 2451 3271 2494 ut
3323 2441 3422 2510 ipsi
3454 2444 3548 2495 do-

2045 2535 2274 2578 ceantur
2303 2542 2406 2580 non
2444 2527 2603 2582 facile
2631 2529 2855 2596 jurare;
2891 2531 3059 2584 altera
3121 2544 3326 2598 autem,
3371 2548 3439 2588 ne
3494 2535 3545 2588 in

2050 2615 2448 2684 malisjudiciis
2479 2620 2790 2687 persistant.
2823 2611 3006 2686 Quare
3027 2625 3117 2692 qui
3150 2641 3209 2680 se
3239 2626 3393 2681 alteri
3432 2645 3549 2683 ma—

2047 2707 2369 2762 lefacturum
2397 2710 2582 2777 jurare
2617 2713 2955 2782 anticipavit,
2992 2718 3132 2785 quod
3158 2720 3222 2771 ad
3251 2719 3545 2788 jurandmn

2044 2799 2269 2852 nimium
2327 2800 2502 2854 facilis
2561 2801 2746 2868 fuerit,
2807 2819 2865 2860 se
2919 2808 3181 2875 pmnitere
3246 2812 3543 2867 ostendat:

2038 2889 2149 2957 87
2176 2905 2282 2942 non
2318 2902 2500 2945 autem
2529 2893 2752 2960 pietatis
2789 2907 3055 2964 praetequ
3088 2913 3240 2951 suam
3277 2902 3541 2968 improbi-

2044 2989 2205 3034 tatem
2238 2985 2543 3039 conlirniet.
2575 2983 2766 3054 Neque
2791 2988 2934 3042 enim
2973 2988 3168 3045 Herodi
3197 2993 3383 3056 iurare
3415 3009 3545 3063 pro-

2043 3070 2162 3135 fuit,
2199 3074 2316 3141 qui,
2344 3091 2410 3129 ne
2440 3077 2730 3146 pejeraret,
2756 3081 3070 3150 prophetam
3096 3084 3320 3138 occidit.
3354 3083 3544 3157 Jusju-

2044 3164 2273 3218 randum
2320 3167 2463 3221 enim
2522 3171 2745 3224 omnino
2801 3181 2886 3226 est
2946 3175 3276 3236 prohibitum
3323 3177 3544 3231 :mnlto

2042 3264 2221 3307 autem
2254 3257 2423 3324 magis
2461 3271 2892 3314 consentaneum
2945 3274 3030 3315 est
3079 3263 3212 3316 illud
3260 3281 3382 3319 esse
3414 3283 3545 3320 con-

2043 3345 2383 3408 demnatum,
2444 3350 2590 3415 quod
2637 3359 2863 3416 propter
2916 3351 3112 3405 malum
3165 3354 3404 3422 jnralum
3435 3369 3540 3412 est.

2039 3435 2219 3497 Quare
2255 3451 2377 3489 eum
2414 3438 2504 3505 qui
2557 3438 2790 3505 juravit,
2824 3443 3109 3509 paenitere,
3149 3462 3254 3500 non
3289 3449 3538 3517 inipicta~

2044 3535 2148 3578 tem
2181 3526 2296 3593 ejus
2327 3530 2652 3583 conﬁrmare
2681 3534 2900 3586 studere
2929 3547 3161 3600 oportet.
3218 3536 3349 3606 Ejus
3393 3543 3536 3594 enim

2041 3611 2435 3673 absurditatem
2464 3620 2637 3676 fusius
2665 3623 2975 3693 exquirere.
3011 3624 3066 3680 Si
3099 3630 3221 3696 quis
3253 3648 3311 3684 se
3355 3631 3540 3688 fratris

2038 3709 2225 3763 oculos
2262 3711 2583 3765 eﬂ‘ossurum
2627 3713 2915 3780 juravcrit,
2949 3717 3072 3771 eine
3126 3721 3409 3777 honestum
3458 3737 3541 3778 est

2039 3805 2142 3858 hoc
2167 3804 2232 3856 ad
2262 3804 2515 3858 eﬂectum
2558 3805 2870 3861 deducere?
2904 3806 2958 3862 Si
2988 3813 3111 3877 quis
3137 3826 3194 3865 se
3221 3813 3542 3869 interirein-

2040 3912 2178 3957 rum,
2208 3897 2251 3948 si
2285 3897 2405 3964 quis
2444 3897 2667 3953 omnino
2688 3896 2956 3966 iuraverit
2986 3903 3295 3956 mandatum
3320 3906 3536 3970 aliquod

2039 3989 2548 4055 transgressurum?
2579 3987 2764 4044 Juravi
2789 3991 2933 4044 enim
2971 4002 3024 4046 et
3055 3996 3219 4047 statui
3269 4012 3371 4048 non
3406 4014 3531 4064 pec-

2037 4087 2238 4142 catum,
2275 4080 2367 4132 sed
2394 4093 2612 4134 servare
2635 4081 2840 4149 judicia
2867 4083 3090 4150 justitizc
3115 4094 3236 4140 tuae.
3267 4085 3538 4152 Quemad-

2035 4169 2251 4224 modum
2286 4180 2464 4224 autem
2504 4170 2814 4224 mandatum
2853 4180 2938 4225 est
2970 4173 3400 4230 immutabilibns
3452 4178 3534 4246 jn-

2032 4263 2189 4317 diciis
2215 4264 2670 4325 continuandum,
2699 4263 2772 4316 ita
2806 4278 3084 4330 peccatum
3113 4267 3338 4322 omnino
3383 4270 3536 4324 infir-

2035 4366 2186 4404 mare
2206 4362 2259 4405 et
2288 4351 2470 4405 delere
2497 4360 2729 4420 oportet.

2034 4441 2229 4496 BALS.
2271 4443 2573 4498 Praesentes
2606 4444 2713 4498 duo
2740 4458 2978 4498 canones
3023 4445 3218 4513 jubent
3269 4448 3533 4506 inﬁrmari

278 4520 601 4573 ἀθετεῖσθαι
651 4523 775 4586 τοὺς
828 4527 1158 4594 γενομένους
1229 4531 1426 4599 ὅρκους
1476 4537 1628 4602 παρά
1693 4554 1856 4590 τινων

1960 4531 2262 4600 juramenta
2295 4548 2324 4587 a
2356 4535 2676 4602 quibusdam
2714 4535 2875 4597 facta,
2911 4547 2968 4589 ut
2998 4538 3124 4592 mali
3152 4540 3354 4608 aliquid
3395 4543 3487 4597 fiat
3511 4585 3528 4608 ,

277 4613 451 4680 χάριν
489 4611 579 4664 τοῦ
607 4613 861 4679 γενέσθαι
919 4619 1090 4669 κακόν
1117 4636 1190 4684 τι,
1221 4620 1251 4688 ἢ
1289 4624 1382 4674 καὶ
1413 4625 1651 4689 γέλωτος
1681 4629 1852 4692 ἄξιον·

275 4701 421 4768 φασὶ
457 4702 567 4770 γὰρ
597 4705 688 4754 τὸν
727 4704 1031 4774 εὐξάμενον
1067 4707 1186 4775 ἦτοι
1231 4710 1508 4778 ὀμόσαντα
1543 4716 1618 4783 μὴ
1657 4719 1854 4784 φαγεῖν

273 4789 452 4856 κρέας
478 4791 708 4856 χοίρειον
735 4832 748 4855 ,
781 4793 813 4861 ἢ
867 4796 1367 4866 κακοποιῆσαιτοὺς
1408 4803 1498 4853 ὑπ’
1533 4804 1693 4857 αὑτὸν
1711 4805 1856 4858 διδα-

278 4876 520 4929 σκεσθαι
546 4877 654 4929 τῶν
698 4880 1002 4947 ἀλογίστων
1052 4888 1315 4940 τοιούτων
1377 4891 1472 4942 καὶ
1512 4893 1854 4948 ἀπαιδεύτων

272 4969 462 5038 ὅρκων
518 4972 839 5038 ἀπέχεσθαι,
903 4978 997 5027 καὶ
1043 4974 1133 5031 δτι
1188 4982 1446 5049 καθάπαξ
1505 4986 1565 5036 τὸ
1630 4987 1852 5056 ὀμνύειν

271 5062 734 5129 ἀπηγορευμένον
768 5059 946 5117 ’ἐστίν’
985 5069 1378 5142 ἐπιχωρείσθαι
1421 5077 1476 5129 δὲ
1515 5080 1576 5130 τὸ
1609 5082 1848 5148 χοίρειον

271 5152 452 5217 κρέας
482 5150 710 5216 ἐσθίειν,
744 5157 838 5204 καὶ
867 5158 1238 5224 παραϐαίνειν
1278 5164 1368 5215 τὸν
1393 5165 1577 5234 ὅρκον,
1630 5171 1725 5219 καὶ
1771 5170 1847 5238 μὴ

271 5245 457 5293 ποιεῖν
515 5243 574 5293 τὸ
630 5246 799 5297 κακὸν
859 5251 1132 5316 προφάσει
1192 5255 1282 5306 τοῦ
1352 5257 1425 5326 μὴ
1497 5262 1844 5329 ὲπιῖρκῆσαι.

283 5332 600 5399 Ἐχρήσατο
660 5334 715 5385 δὲ
774 5340 865 5389 καὶ
928 5343 1462 5414 παραδείγματιτῴ
1503 5349 1716 5421 Ἡρώδῃ
1768 5352 1846 5421 τῷ

269 5421 542 5488 ὀμόσαντι
586 5425 843 5489 φονεῦσαι
877 5430 970 5482 τὸν
1027 5433 1359 5504 Βαπτιστὴν,
1394 5439 1488 5489 καὶ
1521 5440 1608 5493 διὰ
1668 5446 1728 5495 τὸ
1767 5446 1843 5514 μὴ

267 5513 602 5582 ἐπιορκῆσαι
635 5520 923 5587 ποιήσαντι
957 5525 1138 5591 φόνον.
1177 5528 1324 5581 Ἔδει
1364 5531 1490 5600 γὰρ,
1526 5534 1712 5604 φησιν,
1749 5513 1844 5588 ab;

266 5603 366 5655 τὸν
411 5609 847 5675 μεταφρονῆσαι,
902 5614 1072 5683 ἤγουν
1144 5622 1489 5687 μεταγνῶναι
1526 5629 1620 5677 καὶ
1672 5645 1841 5681 κατα-

265 5694 551 5788 φρονῆσαι
584 5695 678 5788 τοῦ
726 5700 914 5754 ἀδίκου
946 5706 1132 5775 ὅρκου,
1167 5710 1283 5763 ἀλλ’
1312 5713 1431 5783 οὐχὶ
1456 5715 1548 5767 διὰ
1579 5719 1674 5786 τῆς
1705 5723 1840 5788 πρά-

265 5783 408 5847 ξεως
442 5783 751 5851 βεϐαιῶσαι
783 5791 844 5842 τὸ
885 5795 1118 5849 ἀνόσιον.
1165 5803 1461 5866 ’Λνάγνωθι
1495 5809 1556 5858 τὸ
1612 5816 1681 5878 ιη’
1707 5828 1833 5878 κερ.

469 5875 743 5938 ΡΑτιιοί..
786 5887 896 5946 ΟΒ..
933 5889 1316 5954 CXXXVIII.

1960 4624 2040 4674 vel
2065 4624 2224 4676 etiam
2255 4625 2528 4692 quidpiam
2560 4626 2863 4680 ridiculum.
2908 4626 3048 4681 Dicit
3083 4632 3225 4683 enim
3270 4647 3392 4685 eum
3434 4637 3527 4702 qui

1958 4713 2102 4767 vovit
2138 4714 2215 4767 vel
2257 4715 2460 4783 juravit
2509 4730 2565 4768 se
2612 4730 2834 4770 carnem
2880 4719 3091 4773 suillam
3124 4735 3230 4776 non
3285 4738 3532 4780 comesu-

1959 4820 2096 4869 rum,
2129 4805 2210 4859 vel
2261 4806 2362 4859 sibi
2420 4808 2677 4876 subjectis
2724 4808 3136 4865 malefacturum
3229 4815 3530 4870 docendum

1956 4911 2075 4951 esse
2117 4912 2146 4950 a
2173 4898 2356 4953 stultis
2386 4899 2696 4966 huiusmodi
2731 4909 2784 4956 et
2809 4902 3005 4968 ineptis
3033 4908 3390 4961 sacramentis
3429 4909 3529 4962 ab-

1954 4992 2175 5054 stinere,
2205 5001 2256 5042 et
2283 4994 2423 5059 quod
2447 4992 2634 5058 jnrare
2657 4994 2877 5048 omnino
2898 5002 2985 5048 est
3017 4996 3368 5064 prohibitum;
3406 4999 3528 5052 licet

1952 5096 2079 5133 vero
2096 5094 2309 5133 carnem
2341 5080 2549 5133 suillam
2567 5083 2872 5144 comedere.
2890 5093 2942 5137 et
2955 5084 3322 5153 juramentum
3346 5099 3495 5143 trans
3509 5117 3526 5128 -

1951 5173 2122 5240 gredi,
2146 5181 2198 5224 et
2233 5172 2432 5224 malum
2467 5188 2569 5226 non
2606 5171 2785 5228 facere
2827 5176 2930 5228 sub
2961 5185 3218 5241 praetextu
3258 5194 3324 5232 ne
3375 5178 3524 5247 peje-

1953 5273 2120 5317 retur.
2170 5260 2314 5316 Usus
2363 5270 2447 5316 est
2497 5271 2678 5316 autem
2731 5264 2978 5334 exemplo
3026 5280 3240 5334 quoque
3275 5267 3524 5331 Herodis,

1950 5357 2038 5424 qui
2067 5355 2326 5422 jnraverit
2356 5368 2416 5408 se
2447 5355 2743 5422 Baptistam
2777 5357 3205 5420 interfecturum,
3245 5368 3296 5410 et
3338 5374 3402 5410 ne
3430 5375 3526 5427 pc-

1945 5449 2148 5516 jeraret
2171 5447 2369 5501 eadem
2399 5447 2688 5500 commisit.
2722 5446 3017 5514 Oportebat
3062 5447 3203 5503 enim
3232 5487 3248 5511 ,
3298 5450 3476 5516 inquit
3506 5489 3520 5510 ,

1947 5541 2122 5608 ipsum
2155 5538 2493 5607 resipiscere,
2533 5554 2628 5593 seu
2662 5554 2917 5594 revocare
2956 5548 3010 5593 et
3054 5548 3400 5595 contemnere
3432 5541 3520 5592 in-

1941 5637 2142 5702 justum
2173 5633 2548 5705 jusjurandum
2573 5676 2587 5701 ,
2623 5636 2718 5689 sed
2753 5651 2856 5689 non
2901 5649 2996 5702 per
3030 5636 3295 5688 actionem
3331 5635 3516 5702 impie-

1945 5735 2109 5779 tatem
2144 5729 2486 5782 couiirmare.
2529 5726 2670 5797 Lege
2707 5741 2827 5795 cap.
2871 5724 2956 5790 l8,
3005 5723 3086 5779 tit.
3124 5726 3206 5790 15,
3242 5733 3525 5795 ργαιεθιιιξε

1942 5832 2144 5886 operis,
2169 5830 2223 5873 et
2249 5834 2369 5890 qua:
2400 5820 2544 5875 ineo
2566 5827 2712 5875 sunt.
2741 5817 2874 5872 Cum
2905 5827 3084 5872 autem
3113 5833 3234 5874 can.
3264 5817 3330 5870 10
3349 5819 3520 5873 sancti

3015 5909 3089 5969 9?.
