4124 6454
179 388 298 452 685

1128 393 1210 453 IN
1258 389 1496 455 EPIST.
1542 395 1600 457 S.
1642 395 1931 455 BASILII
1976 394 2411 456 CANONICAM
2456 395 2541 454 Il.

3310 396 3414 450 lilill

178 500 297 568 χρὴ
332 498 427 551 τὶν
479 497 718 551 τοιοῦτον
778 500 1182 571 προτιμηθῆναι
1249 503 1345 555 τοῦ
1404 505 1613 574 Κυρίου
1668 504 1753 556 καί

1861 520 1889 556 a
1919 520 1977 557 se
2008 504 2312 557 voluntarie
2347 509 2654 571 susceptum
2700 507 3096 555 contemnatur.
3147 498 3206 551 Et
3256 498 3419 551 nobili

180 588 333 640 Θεοῦ
367 588 548 659 ἡμῶν.
581 590 642 642 El
668 591 776 661 γάρ
832 591 881 643 oi
936 594 1287 647 ἀποστολικοὶ
1335 597 1558 658 κανόνες
1600 595 1761 649 noli.

178 677 350 740 ζουσι
381 680 477 732 τὸν
507 681 563 732 ὲν
588 680 664 749 τῷ
690 681 916 750 τυχόντι
945 682 1230 752 Σαϐϐάτῳ,
1265 686 1296 753 ἢ
1330 687 1584 757 κυριακῇ
1604 704 1763 755 γονυ-

178 769 485 823 κλινούντα
518 770 550 839 ἢ
583 771 936 838 νηστεύοντα,
964 772 1144 842 πολλῷ
1171 774 1335 826 πλέον
1362 775 1758 846 κολασθήσεται

179 860 211 909 ό
253 860 538 927 νηστεύων
559 860 700 913 κατά
731 860 829 931 τὴν
856 862 1269 930 Πασχάλιοντού
1295 866 1533 934 Χριστοῦ
1566 862 1760 935 ἑορτὴν

183 949 287 1002 διὰ
331 950 391 1003 τὸ
426 949 501 1019 μὴ
546 951 929 1020 παροραθῆναι
967 951 1058 1005 τὸν
1093 936 1432 1023 αὐθαίρετον
1456 957 1619 1025 ὅρκον
1656 956 1756 1010 αὐ-

178 1039 308 1091 τοῦ.
351 1038 460 1091 Καὶ
490 1038 800 1109 ἐξεχώρησε
846 1040 925 1109 τῷ
955 1042 1169 1110 εὐγενεῖ
1197 1044 1373 1113 κυρίῳ
1421 1048 1638 1113 φαγεῖν.
1698 1045 1757 1095 Ὀ

178 1127 355 1189 αὐτὸς
374 1128 431 1180 δὲ
468 1132 815 1200 πατριάρχης
865 1133 956 1183 καὶ
986 1132 1077 1185 τὸν
1132 1134 1350 1203 Τζήταν
1379 1134 1473 1187 τὸν
1503 1136 1759 1206 εὐνοῦχον

177 1216 472 1285 ὀμόσαντα
519 1221 599 1281 είς
637 1220 1005 1290 προσκύνησιν
1058 1223 1312 1277 ἀπελθεῖν
1349 1226 1459 1278 τῶν
1488 1227 1545 1278 εν
1586 1227 1751 1295 Ἰερο·

183 1306 453 1375 σολύμοις
483 1310 654 1377 ἀγίων
690 1314 891 1373 τόπων,
920 1312 1016 1365 καὶ
1059 1315 1135 1385 μὴ
1164 1315 1493 1383 ἀπελθόντα,
1553 1316 1757 1386 thaps-

175 1400 592 1467 ταμεληθέντα,
636 1401 934 1466 συνοδικῶς
957 1406 1021 1457 ὲκ
1059 1384 1155 1474 τῆς
1178 1406 1468 1477 ἐπιορκίας
1491 1384 1755 1471 ἀπέλυσε,

171 1486 270 1539 διὰ
353 1491 577 1558 μετρίου
635 1492 917 1561 ἐπιτιμίου
977 1493 1324 1563 θεραπεύσας
1387 1495 1570 1549 αὐτόν.
1623 1494 1755 1548 Ἀπδ

176 1581 367 1647 μέντοι
399 1582 506 1634 τῶν
532 1585 795 1652 ῥημάτων
846 1584 943 1635 τοῦ
989 1585 1215 1646 κανόνος
1260 1582 1432 1647 οὕτως
1490 1584 1752 1653 ἐχόντων.

1857 596 2079 650 domino
2109 595 2362 648 carnibus
2388 593 2526 647 vesci
2560 592 2823 659 permisit.
2859 590 3000 644 idem
3038 599 3215 643 autem
3248 589 3419 655 patri-

1860 687 2019 740 arclia
2052 683 2259 739 Tzitam
2301 698 2410 750 quo
2437 685 2744 738 eunuchum
2777 681 2840 734 ad
2882 688 3188 736 sanctorum
3232 680 3420 733 lliero-

1858 777 2079 846 solymis
2110 777 2348 830 locorum
2378 775 2749 830 adorationem
2793 774 2874 827 ire
2902 786 2958 825 se
2987 772 3294 839 jurazncuto
3324 770 3419 824 obs

1858 867 2107 919 strictum
2135 874 2189 919 et
2218 880 2321 919 non
2354 862 2674 934 profectum,
2700 870 2755 914 ut
2780 862 2868 930 qui
2900 861 3211 930 poenitentia
3231 861 3421 913 ductus

1863 962 2028 1021 esset,
2101 957 2430 1025 synodaliter
2480 969 2510 1007 a
2566 954 2802 1021 perjurio
2853 952 3103 1011 absolvit,
3165 952 3419 1006 mediocii

1866 1061 2025 1116 paena
2062 1047 2311 1113 imposita
2349 1059 2413 1098 ac
2438 1045 2762 1099 medicinam
2797 1042 3078 1097 exhibens.
3129 1039 3200 1094 Ex
3243 1042 3422 1095 verbis

1866 1143 2047 1189 autem
2083 1135 2325 1199 canonis,
2362 1149 2477 1201 quae
2506 1135 2579 1187 ita
2610 1148 2669 1188 se
2701 1132 2899 1186 habent
2922 1149 2945 1184 :.
2968 1128 3122 1183 Nulla
3151 1131 3290 1184 enim
3327 1130 3420 1184 Dei

1865 1234 2115 1277 creatura
2152 1233 2236 1276 est
2281 1222 2575 1289 rejicienda
2612 1223 2657 1275 si
2700 1237 2822 1277 cum
2872 1221 3165 1289 gratiarum
3212 1221 3455 1295 actione“

1863 1314 2179 1382 accipiatur,
2213 1329 2278 1367 ne
2305 1314 2507 1368 dixeris
2539 1314 2857 1397 nobisﬁcsse
2894 1311 3209 1380 permissmn
3244 1296 3423 1363 omni-

1861 1403 1964 1457 bus
1994 1404 2178 1459 bestiis
2202 1406 2365 1469 vesci;
2392 1408 2484 1458 sed
2512 1405 2598 1458 dic
2626 1393 2884 1458 rationem
2907 1402 2974 1457 de
3000 1401 3106 1455 illis
3132 1402 3418 1463 disserere,

1862 1509 1981 1563 quae
2027 1494 2095 1547 ab
2142 1493 2458 1547 nrtliodoxis
2525 1497 2755 1548 eduntur
2810 1508 2875 1545 ex
2936 1492 3324 1545 consuetudine
3369 1504 3423 1543 ut

1860 1586 2229 1642 ecclesiastica
2270 1585 2577 1639 traditione.

174 1669 353 1721 Οὐδὲν
381 1671 489 1740 γὰρ
508 1672 715 1741 κτίσμα
737 1670 871 1725 Θεοῦ
923 1669 1255 1739 ἀπόϐλητον,
1301 1673 1418 1741 μετ’
1468 1672 1818 1744 εὐχαριστίας
1856 1674 2286 1742 λαμϐανόμενον,
2363 1673 2437 1745 μὴ
2494 1672 2654 1744 εἴπῃς
2727 1674 2800 1737 ὡς
2858 1674 3073 1743 ἐνεδόθη
3127 1676 3301 1727 πάντα
3354 1672 3419 1726 τὰ

173 1766 359 1835 κτήνη
421 1768 626 1819 ἐσθίειν
699 1768 879 1836 ἡμᾶς’
952 1765 1090 1818 ἀλλά
1157 1765 1281 1831 λέγε
1338 1767 1467 1834 περὶ
1524 1769 1751 1825 ὶκείνων
1827 1766 2170 1843 διαλέγεσθαι
2214 1767 2305 1819 τὸν
2390 1768 2594 1821 κανόνα
2667 1766 2777 1820 τῶν
2851 1768 3182 1836 ἐσθιομένων
3272 1771 3421 1835 παρα

173 1859 482 1929 όροοδόξων
541 1859 649 1911 ἀπὸ
699 1858 989 1928 συνηθείας
1038 1856 1134 1909 καὶ
1166 1857 1524 1928 παραδόσεως
1553 1857 2035 1927 ὲκκλησιαστικῆς.
2990 1886 2991 1889 η

251 1954 504 2007 ΖΩΝᾹΡ.
555 1951 769 2017 Ιίὐξατό
826 1969 911 2015 τις
975 1954 1051 2020 μὴ
1100 1955 1295 2019 φαγεῖν
1342 1951 1551 2022 χοίρεια
1597 1954 1753 2023 κρέα.

1936 1950 2187 2008 ZONAR.
2226 1951 2282 2005 lu
2307 1968 2430 2009 can.
2460 1953 2573 2008 98.‘
2605 1953 2761 2009 Vovit
2808 1954 3075 2023 quispiam
3133 1970 3191 2009 se
3236 1954 3419 2008 suillas

175 2046 463 2110 Εὐξασθαι
515 2045 625 2113 γὰρ
672 2044 737 2094 τὸ
783 2042 1217 2111 ἐπαγγείλασθαι
1268 2044 1363 2096 καὶ
1417 2044 1752 2114 ὑποσχέσθαι

173 2136 373 2189 ἐστίν·
414 2136 496 2198 ’ὡς
541 2135 621 2200 τὸ,
676 2131 956 2199 Εῠξασθε
994 2134 1096 2187 καί
1124 2134 1401 2189 ἀπόδοτε.
1468 2136 1753 2205 Ἦρωτήθη

172 2225 278 2282 οὖν
312 2230 340 2281 ό
404 2228 579 2295 ἂγιος,
641 2230 690 2283 εί
744 2226 922 2292 ἔξεστι
980 2227 1301 2299 παραϐῆναι
1346 2228 1443 2297 τὴν
1496 2228 1755 2296 τοιαύτην

174 2319 350 2389 εὐχὴν
374 2318 468 2371 τὸν
488 2318 699 2386 ταύτην
731 2318 1051 2387 εὐξάμενον·
1084 2320 1179 2372 καὶ
1208 2318 1485 2390 ἀπεκρίθη
1515 2319 1753 2387 γέλωτος

176 2410 333 2475 ἀξιον
362 2408 511 2478 αὐτῷ
535 2409 711 2461 δοκεῖν
738 2410 801 2461 τὸ
833 2411 1086 2479 πρᾶγμα.
1116 2409 1305 2472 Ὥστε,
1333 2411 1492 2477 φησι,
1510 2408 1752 2480 χρῆσθαι

180 2490 439 2570 μὲνῆτοι
480 2499 686 2551 ζισθίειν
715 2500 786 2551 τὰ
811 2497 934 2551 ὐεια
962 2499 1127 2570 κρέα,
1158 2498 1451 2568 ἐπίτρεψον
1484 2501 1563 2569 τῷ
1594 2501 1754 2566 εὐξα-

179 2593 336 2663 μένῳ
360 2591 460 2659 τὴν
491 2588 672 2641 αὐτῶν
696 2590 928 2659 ἀποχήν.
962 2590 1186 2655 Δίδαξον
1211 2590 1269 2641 δὲ
1292 2589 1603 2658 ἀπέχεσθαι
1647 2590 1754 2641 τῶν

177 2681 535 2754 ἀπαιδεύτων
566 2679 913 2748 προσευχῶν,
946 2679 1067 2749 ἦτοι
1101 2678 1211 2731 τῶν
1250 2678 1554 2745 ἀλογίστων
1584 2680 1755 2746 ὲπαγ-

179 2770 413 2840 γελιῶν,
444 2771 540 2822 καὶ
571 2769 647 2839 μὴ
680 2768 1011 2839 προχείρους
1044 2762 1186 2821 εἶναι
1232 2768 1312 2831 είς
1354 2766 1609 2829 τοιαύτας
1666 2768 1755 2819 εὐ-

173 2866 306 2934 χὰς.
366 2863 535 2914 Οὐδὲν
605 2861 714 2929 γὰρ
781 2860 986 2929 κτίσμα
1051 2858 1189 2914 Θεοῦ
1256 2858 1565 2949 ἀπόϐλητον
1637 2861 1753 2929 μετ’

175 2953 544 3023 εὐχαριστίας
596 2950 1034 3020 λαμϐανόμενον.
1067 2951 1177 3003 Καὶ
1227 2950 1372 3015 ἐπεὶ,
1409 2948 1563 3018 φησὶ,
1595 2948 1753 3001 τοῦτο

175 3046 360 3106 οὔτως
412 3044 551 3111 ἔχει,
609 3042 641 3107 ἡ
687 3040 822 3109 εὐχὴ
890 3039 1314 3107 καταγέλαστος.
1378 3037 1647 3107 Τοιαύτης
1697 3037 1754 3090 δὲ

175 3133 284 3201 τῆς
317 3132 486 3201 εὐχῆς
517 3129 704 3198 οὔσης,
735 3129 835 3182 οὐκ
873 3129 1143 3197 ἀναγκαία
1171 3130 1202 3198 ἡ
1243 3128 1351 3181 τῶν
1390 3125 1549 3180 ὐείων
1575 3128 1753 3198 κρεῶν

176 3225 387 3295 ἀποχὴ.

246 3398 473 3453 ΔΡΙΣΤ.
514 3400 656 3451 Καν.
694 3403 803 3468 κη’.
842 3398 902 3450 ὐ
935 3396 1112 3467 κρεῶν
1157 3397 1368 3467 ἀποχὴν
1397 3397 1556 3450 ὑείων
1587 3398 1750 3451 ἑπευ-

181 3490 421 3559 ξάμενος
457 3488 695 3553 γελοῖος·
728 3488 788 3539 οὐ
823 3486 1041 3549 δεκτιος
1100 3486 1180 3549 δὲ,
1245 3491 1295 3539 εί
1350 3487 1745 3557 μεταλήψοιτο.

250 3668 476 3733 Ηῦξατό
505 3684 588 3732 τις
616 3666 918 3738 ἀπέχεσθαι
977 3668 1231 3739 χοιρείων
1282 3669 1483 3739 κρεῶν.
1535 3669 1753 3732 Γελοῖος

179 3757 363 3825 οὗτος,
394 3761 471 3822 ὼς
500 3760 801 3813 ἀπαίδευτα
830 3761 1256 3830 προσευχόμενος
1288 3762 1382 3814 καὶ
1417 3763 1751 3829 ἐπαγγελλό-

184 3869 376 3921 μενος.
442 3851 609 3903 Οὐδὲν
656 3853 766 3919 γὰρ
809 3852 1013 3920 κτίσμα
1066 3853 1203 3904 Θεοῦ
1259 3852 1581 3922 ἀπόϐλητον,
1634 3856 1751 3924 μετ’

177 3941 540 4012 εὐχαριστίας
576 3942 1149 4011 μεταλαμϐανόμενον.
1185 3942 1277 3994 Δεῖ
1305 3938 1435 4009 γοῦν
1464 3958 1755 4014 συγχωρη-

180 4033 355 4101 θῆναι
384 4031 533 4099 αὐτῷ
564 4031 661 4100 τὴν
685 4032 988 4101 μετάληψιν
1016 4032 1125 4083 τῶν
1161 4032 1359 4102 κρεῶν,
1403 4028 1478 4087 ὧν
1525 4036 1753 4103 ἀπέχειν

180 4118 489 4187 ἔπηύξατο,
520 4119 839 4189 διδαχθῆναι
866 4120 923 4171 δὲ
953 4119 1030 4189 μὴ
1061 4121 1425 4183 ἀπαιδεύτους
1452 4123 1590 4192 πρὸς
1619 4124 1752 4178 Θεὸν

182 4206 527 4276 ἀπαγγελίας
550 4210 845 4264 ποιεῖσθαι.

262 4299 515 4354 ΖΩΝΑΡ.
577 4299 708 4353 Ἐἀν
764 4300 971 4371 ἄρχων,
1020 4302 1209 4372 φησιν,
1266 4303 1441 4377 ὀμόσῃ
1504 4307 1753 4360 κακῶσαι

179 4390 316 4451 τοὺς
334 4388 674 4458 ιὐπίνχεῖρα,
701 4388 781 4440 δεῖ
808 4391 900 4441 τὸν
928 4391 1172 4447 τοιοῦτον
1210 4392 1427 4460 πρῶτον
1470 4394 1568 4459 μὲν
1603 4395 1753 4449 διδά-

183 4480 420 4533 σκεσθαι
452 4479 525 4548 μὴ
555 4478 771 4547 ἕτοιμον
804 4475 942 4531 εἶναι
972 4481 1107 4548 πρὸς
1145 4483 1362 4549 ὅρκους·
1389 4484 1436 4534 εί
1460 4485 1515 4535 δὲ
1542 4486 1751 4555 ἀπροσ-

181 4567 363 4632 όκτως
395 4569 604 4635 ὀμόσει,
639 4567 715 4637 μὴ
742 4568 971 4637 φυλάξαι
1005 4570 1099 4621 τὸν
1126 4570 1286 4638 ὅρκον
1323 4575 1415 4626 ἐπὶ
1459 4576 1752 4647 κακοποιία

187 4657 424 4726 ἑτέρων,
457 4656 593 4710 ἀλλά
612 4657 907 4725 μετάνοιαν
935 4658 1341 4716 ἐπιδείκνυσθαι
1373 4665 1460 4719 διὰ
1491 4666 1590 4737 τὴν
1620 4685 1753 4739 προ-

185 4748 422 4800 πέτσιαν
452 4747 548 4799 τοῦ
584 4745 776 4817 ὅρκου.
805 4747 897 4815 Μὴ
941 4750 1382 4818 σχηματίζεσθαι
1406 4754 1463 4806 δὲ
1493 4755 1589 4808 καὶ
1615 4756 1750 4809 urvo—

182 4835 482 4905 κρίνεσθαι
500 4837 582 4888 ὅτι
621 4836 930 4890 εὐλαϐεῖται
949 4839 1039 4893 τὸν
1070 4841 1255 4909 ὅρκον,
1282 4842 1403 4895 ἀντί
1432 4843 1548 4908 τοῦ,
1579 4845 1752 4916 δειλιᾴ

182 4929 281 4981 καὶ
319 4926 565 4995 φοϐεῖται
595 4927 696 4996 τὴν
737 4928 1044 4997 ἐπιορκίαν
1078 4931 1172 4982 καὶ
1204 4929 1453 4999 βεϐαιοῦν
1472 4925 1569 5004 τὴν
1624 4937 1752 4989 ἑαυ-

181 5016 278 5069 τοῦ
322 5013 544 5079 κακίαν,
573 5015 744 5084 ἡγουν
798 5014 869 5067 δι’
913 5016 1177 5086 ἀπήνειαν
1237 5018 1485 5083 κολάζειν
1530 5022 1746 5087 ἄλλους,

193 5108 283 5160 ἴνα
311 5108 389 5175 μὴ
428 5104 555 5175 δοκῇ
586 5106 902 5176 παραϐῆναι
930 5107 1023 5162 τὸν
1050 5109 1232 5179 ὅρκον.
1266 5111 1375 5163 Καὶ
1405 5114 1498 5165 ἐπὶ
1541 5115 1751 5179 τούτοις

186 5198 315 5265 ἄγει
369 5195 509 5263 προς
572 5194 925 5265 παράδειγμα
981 5197 1072 5250 τὸν
1130 5200 1439 5270 τετράρχην
1503 5202 1751 5273 Ἡρώδην

186 5282 368 5350 λέγων
408 5283 494 5333 ὅτι
521 5282 786 5351 συνέφερε
819 5283 897 5352 τῷ
931 5282 1146 5357 Ἡρώδῃ
1177 5284 1253 5356 μὴ
1292 5288 1753 5358 εὐορκῆσαι,ἀντὶ

185 5374 283 5424 τοῦ
321 5370 399 5440 μὴ
442 5368 501 5421 εὖ
533 5368 847 5439 διατεθῆναι
871 5370 1009 5440 πρὸς
1057 5371 1147 5425 τδν
1172 5374 1332 5442 ὅρκον
1365 5376 1460 5427 καὶ
1515 5378 1750 5444 φυλάξαι

191 5462 381 5524 αὐτὸν,
431 5460 530 5512 καὶ
566 5458 829 5528 φονεῦσαι
858 5461 949 5516 τὸν
973 5462 1307 5534 Βαπτιστήν.
1341 5466 1452 5519 Καὶ
1482 5469 1590 5529 πᾶς
1622 5469 1742 5538 μὲν,

191 5552 385 5621 φησιν,
410 5551 577 5619 ὅρκος
605 5548 883 5619 καθάπαξ,
912 5550 1081 5621 ἤγουν
1118 5554 1506 5626 ἀπαραιτήτως
1526 5558 1745 5623 τελείως

260 5728 281 5762 ⁸
305 5726 456 5785 Psal.
505 5743 670 5796 uxv,
702 5729 791 5787 12.

1856 2058 2048 2098 carnes
2072 2058 2178 2098 non
2205 2058 2444 2098 esurum.
2479 2043 2575 2097 Est
2611 2058 2844 2112 namque
2873 2058 3068 2098 vovere
3106 2043 3243 2098 idem
3277 2049 3420 2114 quod

1856 2134 2235 2204 promittercet
2252 2132 2512 2202 polliceri,
2531 2132 2684 2203 juxta
2713 2134 2842 2188 illud
2863 2150 2876 2185 :
2894 2128 3080 2188 Vovete
3102 2144 3151 2188 et
3173 2137 3419 2189 reddite‘.

1857 2224 2096 2296 Rogatus
2117 2235 2201 2279 est
2227 2224 2393 2295 igitur
2418 2224 2506 2278 hic
2530 2231 2748 2280 sanctus
2771 2224 2874 2287 vir,
2900 2235 3078 2279 utrum
3100 2225 3170 2288 ci,
3191 2226 3282 2295 qui
3317 2226 3420 2281 hoc

1854 2330 1914 2371 se
1940 2324 2063 2370 voto
2087 2315 2397 2378 obstrinxit,
2425 2314 2553 2369 illud
2578 2314 2851 2369 transilire
2876 2313 2959 2369 fas
2985 2313 3148 2369 foret.
3177 2315 3423 2385 Respon-

1855 2406 2040 2475 ditque
2079 2406 2362 2482 ridiculum
2393 2406 2494 2460 sibi
2520 2407 2800 2475 negotium
2830 2406 3021 2463 videri.
3055 2406 3303 2475 Proinde,
3342 2412 3423 2465 in-

1855 2495 1992 2564 quit,
2026 2497 2104 2549 uti
2146 2495 2365 2563 quidem
2396 2494 2592 2557 suillis,
2640 2498 2741 2549 bon
2770 2505 2877 2561 est,
2909 2499 3195 2553 comedere
3233 2501 3421 2556 suillas

1856 2602 2047 2643 carnes
2070 2586 2347 2657 permittas
2370 2601 2516 2651 eum,
2536 2586 2627 2656 qui
2656 2586 2961 2655 hujusmodi
2981 2595 3124 2645 vovit
3146 2594 3424 2648 abstinen-

1858 2680 2009 2734 tiam.
2035 2679 2238 2733 Doceas
2267 2692 2452 2748 porro,
2479 2686 2536 2731 ut
2554 2692 2613 2732 se
2637 2680 2705 2732 ab
2737 2680 2932 2747 ineptis
2962 2679 3227 2748 ejusmodi
3256 2685 3420 2748 votis,

1856 2772 1957 2825 hoc
1990 2781 2093 2835 est,
2131 2771 2558 2838 imprudentibus
2585 2771 2866 2838 promissis
2891 2774 3222 2837 contineant,
3245 2791 3424 2843 neque

1855 2862 1923 2914 ad
1960 2861 2222 2931 ejusmodi
2278 2869 2397 2915 vota
2431 2859 2542 2914 sint
2574 2859 2780 2915 faciles.
2812 2859 2964 2915 Nulla
2994 2862 3136 2916 enim
3175 2876 3420 2919 creatura
3497 2918 3500 2922 Α

1858 2949 1949 3003 Dei
1982 2958 2064 3004 est
2096 2949 2409 3015 rejicienda,
2439 2949 2535 3002 sed
2563 2962 2683 3002 cum
2740 2948 3034 3015 gratiarum
3082 2953 3294 3006 actione
3333 2968 3424 3007 ac-

1855 3041 2108 3107 cipiatur.
2138 3040 2290 3105 Quod
2324 3053 2447 3092 cum
2478 3018 2559 3104 se,
2585 3040 2681 3103 ait,
2723 3040 2793 3091 ita
2821 3040 3037 3103 habeat,
3065 3050 3148 3094 est
3171 3052 3420 3112 prepter-

1855 3146 1919 3185 ea
1957 3130 2239 3184 ridiculum
2270 3139 2477 3182 votmn.
2538 3128 2673 3182 Cum
2720 3142 2849 3181 vero
2888 3130 3189 3197 lmjnsmodi
3218 3136 3288 3187 sit
3332 3150 3423 3188 vo-

1856 3228 1993 3284 tum,
2024 3235 2134 3274 non
2164 3229 2245 3272 est
2295 3218 2598 3272 necessaria
2639 3219 2710 3272 ab
2748 3218 3011 3287 ejusmodi
3042 3222 3212 3277 suillis
3251 3226 3423 3279 carui-

1779 3280 1827 3343 c
1858 3312 1957 3365 bus
1990 3310 2335 3365 abstinentia.

1925 3399 2151 3454 ARlS'l‘.
2183 3398 2318 3456 Can.
2347 3399 2436 3454 28.
2465 3399 2564 3465 Qui
2595 3413 2623 3451 a
2653 3399 2823 3453 suillis
2849 3400 3103 3455 carnibus
3136 3403 3413 3458 abstinen-

1855 3493 1984 3546 tiam
2026 3492 2199 3556 vovit,
2240 3491 2534 3557 ridiculus;
2566 3504 2743 3559 neque
2777 3505 2907 3545 vero
2937 3491 3314 3561 suscipiendus
3340 3505 3424 3550 est

1855 3583 1958 3638 nisi
1994 3584 2061 3638 iis
2094 3593 2299 3637 utatur.

1944 3674 2181 3730 Vovebat
2209 3674 2422 3742 quidam
2464 3688 2493 3726 a
2521 3672 2776 3729 carnibus
2815 3673 3050 3743 porcinis
3097 3675 3369 3730 abstinere
3403 3693 3416 3729 :

1861 3766 2122 3820 ridiculus
2172 3772 2257 3817 est
2282 3762 2373 3815 ille
2412 3770 2469 3815 ut
2509 3763 2684 3831 inepta
2718 3778 2915 3817 voveus
2969 3774 3023 3817 et
3072 3769 3419 3834 promittens.

1854 3854 2009 3927 Eolla
2041 3856 2181 3907 enim
2220 3854 2307 3907 Dei
2343 3861 2592 3907 creatura
2645 3863 2727 3906 est
2782 3854 3108 3920 rejicienda,
3156 3858 3247 3910 sed
3297 3873 3419 3912 cum

1855 3946 2153 4014 gratiarum
2191 3942 2407 3997 actione
2455 3943 2738 3994 sumenda.
2768 3940 2993 4011 Oportet
3050 3944 3229 4013 itaque
3269 3958 3327 4001 ut
3370 3950 3421 4003 ei

1853 4036 2197 4106 permittatur
2224 4037 2290 4089 de
2318 4034 2572 4088 carnibus
2602 4033 2929 4101 participare
2956 4048 2985 4085 a
3021 4036 3218 4103 quibus
3250 4039 3421 4093 alisti-

1855 4130 1988 4180 nere
2022 4126 2188 4187 vovit,
2215 4123 2507 4178 edoceatur
2537 4132 2718 4175 autem
2751 4137 2819 4175 ne
2846 4123 3057 4191 ineptas
3086 4123 3194 4179 Deo
3221 4126 3423 4195 profes-

1853 4217 2038 4270 siones
2078 4214 2259 4268 faciat.

1926 4302 2176 4358 ZONAR.
2214 4302 2268 4358 ln
2295 4319 2417 4359 can.
2457 4304 2550 4360 99.
2579 4302 2635 4357 Si
2663 4302 2931 4373 princeps,
2961 4304 3155 4374 inquit,
3186 4305 3330 4374 juret
3361 4323 3419 4361 se

1856 4396 1997 4451 nialo
2021 4394 2342 4448 all‘ecturum
2370 4395 2635 4458 subditos,
2653 4393 2918 4462 ejusmodi
2948 4395 3177 4462 primum
3201 4396 3417 4463 quidem

1855 4485 2068 4539 edoceri
2097 4494 2333 4553 oportet,
2352 4500 2419 4540 ne
2451 4485 2523 4540 sit
2548 4482 2724 4538 facilis
2755 4485 2819 4536 ad
2843 4483 3166 4552 jurandum.
3199 4484 3256 4538 Si
3287 4502 3418 4540 vero

1785 4610 1828 4663 υ
1860 4581 2062 4628 temere
2102 4573 2269 4642 juret,
2319 4587 2385 4627 ne
2436 4570 2815 4640 jusjurandum
2869 4581 3048 4625 servet
3096 4572 3148 4624 in
3188 4572 3417 4626 aliorqu

1859 4663 2155 4730 perniciem
2202 4670 2520 4729 conceptum
2549 4699 2566 4724 ,
2609 4662 2703 4714 sed
2756 4662 3129 4730 paenitentiam
3171 4665 3421 4719 ostendat

1856 4758 1927 4811 ob
1958 4756 2286 4825 praecipitem
2312 4754 2667 4825 jurisjurandi
2686 4752 2984 4807 licentiam.
3016 4753 3286 4808 Caeterum
3320 4772 3417 4809 ne-

1854 4864 2122 4918 quaquam
2158 4861 2216 4901 se
2269 4844 2646 4915 jusjurandum
2698 4842 2937 4898 revereri
2993 4851 3279 4913 praetextat
3326 4855 3419 4897 aut

1848 4938 2037 5006 fingat,
2068 4937 2168 4991 hoc
2197 4944 2302 4999 est,
2333 4933 2623 5005 perjurium
2669 4948 2790 4987 sese
2836 4942 3077 4987 metuere
3121 4947 3184 4987 ac
3232 4936 3417 4988 formi-

1848 5029 1976 5081 dare
2009 5046 2023 5083 :
2058 5042 2157 5081 nec
2184 5041 2335 5080 suam
2370 5016 2650 5080 coulirmet
2682 5024 3081 5092 improbitatem
3130 5040 3225 5093 per
3255 5028 3413 5080 steri-

1858 5118 1987 5170 tiam
2019 5116 2268 5170 videlicet
2314 5115 2367 5168 in
2411 5114 2531 5167 aliis
2571 5112 2879 5182 puniendis,
2933 5128 3001 5166 ne
3040 5112 3412 5183 jusjurandum

1852 5207 2082 5261 violasse
2110 5204 2468 5271 existimetur.
2500 5202 2635 5256 Tum
2672 5204 2737 5257 ad
2772 5202 2885 5257 haec
2908 5204 3207 5270 exemplum
3241 5203 3413 5258 Hero-

1855 5297 1936 5350 dis
1975 5296 2259 5349 tetrarchae
2301 5292 2527 5361 profert,
2559 5294 2746 5347 dicens
2793 5292 2923 5347 utile
2969 5291 3207 5347 futurum
3244 5292 3411 5347 fuisse

1853 5378 2048 5438 Herodi
2079 5385 2122 5438 si
2160 5399 2263 5437 non
2294 5385 2429 5437 bene
2460 5385 2713 5448 jurassm,
2740 5382 2841 5435 hoc
2865 5391 2981 5445 est,
3028 5381 3075 5435 si
3121 5396 3225 5435 non
3276 5381 3411 5435 bene

1854 5488 1979 5542 erga
2023 5473 2396 5543 jusjurandum
2453 5470 2642 5526 fuisset
2687 5469 2933 5537 affectus,
2962 5471 3243 5539 ipsumque
3289 5486 3407 5525 ser-

1859 5564 2030 5617 vaudo
2061 5561 2350 5633 Baptistam
2383 5560 2770 5618 interfecisset.
2800 5562 2877 5615 Ac
2902 5559 3046 5615 omni
3076 5561 3293 5629 quidem
3322 5561 3408 5631 ju-
