4124 6450
705 397 808 460 687

1947 383 2228 442 TllEOD.
2270 382 2360 440 BA
2372 383 2668 443 LSAMON

3849 374 3954 435 [SS3

706 510 998 582 risjurandi
1029 522 1201 579 genus
1244 502 1490 566 omnino,
1543 501 1644 555 huc
1675 507 1757 552 est
1780 537 1795 561 ,
1829 499 1943 551 sine
1970 496 2076 552 ullo
2105 496 2270 564 tergi-

2385 497 2792 566 ἀπηγόρευται·
2827 493 2988 546 πλέον
3021 492 3078 546 δὲ
3135 491 3408 560 ἐνδέχεται
3472 484 3959 554 ἀπηγορευομένον

711 603 1018 658 versatione
1052 598 1288 670 perfecte
1317 595 1544 650 vetitum
1579 600 1696 653 est,
1756 590 1925 642 multo
1950 603 2079 641 vero
2109 587 2277 656 magis

707 693 1054 760 consequitur
1087 689 1218 744 illud
1268 687 1491 741 vetitum
1543 698 1663 738 esse
1705 696 1766 734 ac
1800 684 2108 733 damnatum
2135 679 2276 746 quod

711 788 781 841 oh
839 785 1037 838 malum
1091 779 1503 850 perpetrandum
1560 775 1843 828 emittitur.
1901 770 2135 824 Proinde
2187 768 2277 836 qui

706 878 967 948 ejusmodi
1023 889 1081 929 se
1132 872 1480 943 jurejurando
1532 866 1821 922 obstrinxit
1881 866 2089 918 diversa
2142 861 2277 913 inire

705 970 932 1024 consilia
956 1007 971 1032 ,
1009 968 1112 1022 hoc
1149 973 1256 1029 est,
1296 961 1617 1017 sententiam
1656 968 1862 1012 mutare
1917 964 1969 1008 et
1992 952 2278 1024 _contraria

707 1061 933 1124 sentire,
957 1060 1070 1113 sive
1097 1059 1356 1128 poenitere
1383 1060 1614 1123 oportet.
1644 1049 1848 1104 Jnravit
1879 1047 2143 1128 siquidem
2177 1044 2278 1098 ali-

705 1154 830 1222 quis
877 1168 937 1207 se
987 1126 1296 1218 quempiam
1347 1143 1782 1205 interfeCturum,
1831 1126 2043 1193 divera
2112 1137 2278 1207 igitur

705 1247 844 1299 inire
871 1243 1113 1306 consilia,
1160 1242 1262 1293 hoc
1313 1249 1428 1302 est,
1479 1236 1623 1288 aliud
1660 1233 1861 1288 sentire
1899 1247 1961 1285 ac
1995 1229 2278 1299 poenitere,

703 1352 774 1392 ne
803 1336 1007 1391 scilicet
1053 1331 1374 1394 interlieiat;
1404 1344 1508 1382 non
1537 1337 1718 1380 autem
1756 1325 2087 1394 impietatem
2117 1321 2279 1374 rebus

704 1430 836 1496 ipsis
867 1425 1191 1481 confirmare
1237 1430 1469 1491 Oportet.
1499 1419 1555 1472 Si
1582 1418 1702 1486 quis
1743 1416 1909 1476 enim,
1946 1413 2142 1480 inquit,
2168 1409 2280 1480 89

707 1521 860 1572 fratri
892 1533 950 1571 se
1003 1516 1189 1570 oculos
1215 1511 1538 1568 elfossurum
1575 1509 1771 1577 juravit
1796 1547 1810 1572 ,
1860 1503 2277 1560 examinandum

705 1618 806 1670 est,
847 1616 1024 1660 utrum
1057 1605 1128 1657 sit
1165 1603 1378 1663 melius,
1400 1597 1776 1668 jusjurandum
1809 1605 2181 1658 contemnere,
2211 1605 2278 1644 an

709 1699 904 1751 malum
945 1695 1222 1765 perlicere.
1273 1694 1350 1748 Ac
1377 1693 1420 1746 si
1457 1692 1578 1758 quis
1610 1704 1667 1744 se
1699 1689 2011 1742 mandatum
2056 1682 2276 1752 aliquod

705 1789 1026 1842 violaturum
1048 1787 1268 1855 juravit,
1300 1783 1490 1837 melius
1517 1783 1676 1834 fuerit
1695 1780 2094 1848 jusjurandum,
2118 1789 2278 1844 Quam

2387 588 2529 643 εἶναι
2555 589 2649 642 καὶ
2682 587 3156 656 κατακεκριμένον
3174 585 3263 637 τὸν
3289 582 3381 634 ἐπὶ
3410 577 3570 647 κακῷ
3601 577 3956 646 ὀμνυόμενον.

2387 683 2552 735 Ὥστε
2579 681 2670 732 τὸν
2697 679 2938 731 τοιοῦτον
2968 680 3130 745 ὅρκον
3159 675 3436 745 ὀμόσαντα
3477 671 3846 742 μεταφρονεῖν
3865 668 3957 726 δεῖ,

2385 776 2510 828 ἀντὶ
2563 771 2686 834 τοῦ,
2727 769 3224 837 μεταϐουλεύεσθαι
3275 768 3366 819 καὶ
3402 763 3666 817 τάναντὶα
3717 761 3958 828 φρονεῖν,

2386 865 2418 934 ἢ
2454 867 2758 934 μετανοεῖν.
2799 864 3005 931 Ὠμοσε
3056 860 3162 930 γάρ
3215 876 3297 921 τις
3332 858 3699 909 ἀποκτεῖναν
3740 854 3822 905 δεῖ
3875 847 3962 902 οὖν

2390 955 2820 1024 μεταφρονῆσαι,
2858 954 3027 1023 ήγουν
3057 951 3220 1020 ἔτερα
3239 948 3510 1019 φρονῆσαι
3539 948 3635 998 καὶ
3681 943 3962 1014 μεταγνῶ-

2386 1064 2498 1110 ναι,
2529 1046 2730 1115 δηλαδὴ
2755 1046 2828 1114 μὴ
2864 1043 3163 1113 φονεῦσαί·
3200 1041 3315 1094 ἀλλ’
3333 1042 3453 1109 οὐχι
3477 1041 3565 1092 διὰ
3588 1039 3685 1105 τῆς
3711 1039 3960 1106 πράξεως

2389 1137 2688 1206 βεϐαιῶσαι
2727 1136 2888 1188 δεῖτὸ
2916 1137 3150 1188 ἀνόσιον.
3186 1135 3246 1186 Εἰ
3286 1136 3393 1202 γάρ
3451 1149 3556 1192 τις,
3589 1132 3782 1197 φησιν,
3821 1127 3960 1196 ὦμο-

2388 1244 2481 1280 σεν
2525 1225 2778 1295 ἐξορύξαι
2830 1228 2955 1286 τοὺς
2985 1224 3298 1294 ὀφθαλμοὺς
3328 1221 3421 1274 τοῦ
3476 1219 3736 1289 ἀδελφοῦ,
3780 1219 3960 1281 ἐξετα-

2389 1319 2544 1372 στέον
2572 1319 2623 1370 τι
2654 1319 2764 1386 ἄρα
2798 1317 3027 1386 βέλτιον,
3053 1318 3304 1384 παριδεῖν
3330 1315 3420 1367 τὸν
3447 1315 3610 1382 ὅρκον
3635 1312 3668 1380 ἢ
3701 1309 3962 1379 skins-1

2385 1411 2445 1462 τὸ
2476 1409 2643 1462 κακὸν
2675 1409 2930 1475 ἀγαγεῖν.
2970 1411 3078 1460 Καὶ
3112 1412 3160 1462 εί
3191 1409 3373 1478 ὤμοσέ
3401 1425 3486 1468 τις
3520 1405 3750 1474 ἐντολὴν
3783 1421 3959 1471 παρα-

2387 1503 2572 1572 ϐῆναι,
2597 1503 2714 1554 ἐστι
2737 1504 3014 1571 κρεῖσσον,
3039 1501 3358 1572 παραϐῆναι
3380 1501 3470 1553 τὸν
3494 1501 3681 1565 ὅρκον,
3709 1500 3744 1568 ἢ
3763 1499 3858 1567 τὴν
3885 1499 3966 1549 ὲν-

2387 1596 2574 1664 το).ήν.
2617 1595 3023 1663 Ὠμοσα,γὰρ,
3050 1595 3216 1661 φησὶν
3249 1593 3434 1659 Δαϐὶδ,
3468 1592 3566 1644 καὶ
3601 1593 3847 1659 ἐστησα
3867 1588 3963 1642 τοῦ

2385 1679 2772 1749 φυλάξασθαι
2807 1683 2878 1734 τὰ
2911 1683 3168 1750 κρίματα
3228 1680 3336 1748 τῆς
3388 1682 3792 1748 δικαιοσύνης
3825 1695 3964 1740 σου,

2387 1773 2510 1841 οὐχὶ
2529 1773 2627 1843 τὴν
2660 1773 2958 1842 ἁμαρτίαν.

704 1882 1013 1933 mandatum
1048 1878 1267 1931 violare.
1297 1875 1486 1928 Juravi
1515 1873 1804 1942 siquidem,
1868 1870 2041 1939 inquit
2085 1868 2273 1930 David,
2315 1877 2372 1922 et
2413 1867 2578 1920 statui
2609 1870 2873 1921 custodire
2915 1867 3125 1935 judicia
3150 1866 3380 1934 justitim
3439 1878 3566 1928 tum,
3629 1880 3740 1919 non
3788 1875 3964 1918 autem

706 1981 1016 2043 peccatum.

771 2060 1002 2115 ΑιιιτιΤ.
1029 2062 1159 2115 Can.
1193 2061 1282 2116 29.
1329 2059 1383 2112 Si
1423 2058 1741 2125 simpliciter
1773 2057 1961 2125 jurare
1998 2056 2068 2108 sit
2111 2053 2278 2106 inter-

2447 2044 2840 2099 ΑΡΙΣΤ.Καν.
2877 2045 2979 2096 κθ’.
3043 2043 3103 2095 El
3162 2045 3538 2112 ἀπηγόρευται
3602 2043 3662 2093 τὸ
3724 2042 3963 2107 ὀμνύειν,

704 2153 926 2213 dietum,
959 2151 1126 2203 multo
1155 2150 1322 2216 magis
1351 2149 1415 2200 ad
1441 2147 1638 2199 malum
1671 2143 2114 2213 perpetrandum,
2143 2141 2278 2194 adeo

707 2257 909 2298 utnon
965 2243 1136 2294 solum
1187 2256 1320 2307 Opus
1367 2238 1700 2306 prohibebis,
1764 2251 1952 2287 verum
1999 2243 2050 2288 et
2102 2233 2278 2299 ipsum

707 2321 848 2404 quod
880 2342 1146 2393 emetant,
1196 2331 1586 2397 juramentnm.
1639 2326 1807 2394 Hujus
1857 2334 2036 2378 autem
2076 2322 2278 2376 medela

705 2430 757 2480 in
793 2425 988 2492 duplici
1041 2424 1291 2477 consistit
1348 2421 1749 2483 admonitione;
1810 2433 1914 2470 non
1963 2416 2171 2486 jurare,
2225 2423 2278 2467 et

704 2517 841 2588 quod
876 2516 1106 2581 speciem
1138 2513 1306 2567 refert
1335 2512 1628 2579 juramenti
1655 2511 1970 2573 reprimere.
1999 2507 2148 2572 Quod
2181 2521 2277 2559 au-

707 2621 812 2662 tem
839 2607 1078 2674 juratum
1107 2614 1189 2657 est
1219 2614 1549 2670 perpetrare,
1578 2600 1870 2652 absurdum
1903 2609 2006 2652 est.

777 2697 1122 2764 Magistratus
1147 2692 1406 2758 subjectis
1457 2691 1828 2744 inalefaeiendi
1858 2700 2176 2758 praetextum
2211 2703 2275 2740 ne

703 2790 986 2844 inveniant
1015 2787 1403 2854 juramenlum.
1425 2781 1563 2848 Quid
1601 2785 1768 2846 enim,
1792 2781 2276 2851 juravitqniSpiam

705 2893 802 2932 eos
849 2880 940 2944 qui
979 2875 1078 2928 sub
1135 2873 1304 2940 ipsius
1344 2873 1453 2926 sint
1497 2883 1764 2941 potestate
1812 2875 2000 2926 morbo
2040 2871 2273 2933 allicere,

705 2981 760 3022 et
794 2970 892 3021 sub
928 2967 1142 3036 pietatis
1186 2963 1368 3017 habitu
1401 2962 1729 3030 impietatem
1777 2976 1927 3014 suam
1956 2963 2278 3012 confirmare

705 3061 895 3112 vellet?
955 3056 1230 3123 Duplicem
1289 3055 1471 3123 itaque
1524 3053 1784 3106 medelam
1846 3052 1936 3106 tali
1995 3051 2276 3112 adhibeas,

707 3164 816 3202 uno
851 3149 1068 3217 quidem
1097 3146 1255 3199 modo
1285 3160 1406 3198 eum
1443 3143 1670 3198 edoceas
1718 3157 1818 3196 non
1870 3141 2028 3194 facile
2070 3142 2274 3208 jurare,

705 3243 810 3294 alio
862 3249 1038 3292 autem
1097 3239 1150 3289 in
1205 3237 1360 3289 malis
1409 3237 1734 3304 jnramentis
1788 3248 1891 3285 non
1963 3232 2274 3299 persismre.

703 3332 891 3397 Neque
921 3329 1063 3382 enim
1094 3326 1292 3381 Herodi
1325 3324 1513 3391 jnrarc
1565 3323 1804 3392 profuit;
1844 3339 1964 3375 nam
2010 3338 2073 3374 ne
2124 3323 2274 3390 peju-

2380 2136 2440 2188 τὸ
2490 2137 2580 2187 ἐπὶ
2653 2135 2731 2204 τῷ
2782 2134 3031 2185 κακῶσαι
3089 2135 3287 2202 μᾶλλον
3327 2150 3340 2163 ·
3382 2133 3520 2184 ὧττε
3573 2133 3648 2200 μὴ
3715 2135 3874 2200 μόνοι
3907 2136 3967 2184 τὸ

2384 2230 2542 2298 ἔργον
2617 2227 2890 2296 κωλύσῃς,
2943 2225 3081 2279 ἀλλὰ
3140 2230 3230 2278 καὶ
3275 2227 3435 2278 αὑτὸν
3489 2227 3549 2278 ὃν
3601 2225 3968 2294 ἁπερεύγεται

2382 2320 2570 2388 ὅρκον.
2606 2318 2889 2387 Θεραπεία
2958 2318 3013 2369 δὲ
3080 2318 3276 2370 τούτου
3303 2318 3453 2387 διττὴ
3512 2318 3768 2368 νουθεσία
3804 2335 3818 2347 ·
3875 2317 3967 2368 τοῦ

2388 2411 2462 2479 μὴ
2498 2410 2745 2478 ὀμνύειν,
2781 2410 2876 2462 καὶ
2935 2411 3171 2473 κώλυσις
3219 2410 3312 2462 τοῦ
3375 2413 3731 2480 προσχήματι
3786 2412 3963 2477 ὅρκου.

2383 2502 2650 2570 Πράττειν
2685 2502 2744 2553 τὸ
2773 2501 2968 2570 ὀμοθὲν
3003 2503 3222 2555 ἄτοπον.

2433 2685 2524 2755 Μὴ
2586 2687 2858 2753 πρόφασιν
2881 2686 2975 2738 τοῦ
3010 2689 3326 2739 κακοποιεῖν
3358 2690 3482 2750 τοὺς
3511 2691 3848 2758 ἀρχομένους
3878 2694 3965 2744 εύ-

2383 2774 2716 2840 ρισκέτωσαν
2741 2775 2831 2826 τὸν
2863 2775 3025 2843 ὅρκον
3053 2778 3100 2826 οἱ
3129 2777 3408 2843 ἄρχοντες.
3431 2779 3496 2828 Τί
3522 2781 3650 2848 γὰρ,
3685 2781 3862 2851 ὤμοσέ
3887 2800 3965 2845 τ;ς

2383 2865 2636 2916 κακῶσαί
2665 2883 2787 2916 τινα
2812 2867 2918 2917 τῶν
2979 2867 3083 2918 ὑπὸ
3120 2871 3298 2935 χεῖρα,
3330 2872 3424 2922 καὶ
3475 2875 3833 2942 προσχήματι
3879 2878 3965 2927 5'3-

2381 2954 2602 3017 λαϐεἰας
2635 2958 2735 3025 τὴν
2767 2957 3036 3027 πονηρίαν
3098 2961 3263 3012 αὑτοῦ
3325 2962 3577 3030 βούλεται
3635 2965 3960 3034 βεϐαιῶσαις

2382 3048 2731 3117 Θεράπευσον
2757 3051 2886 3116 γοῦν
2918 3053 3009 3102 τὸν
3041 3056 3280 3105 τοιοῦτον
3328 3057 3523 3119 διττῶς
3552 3077 3564 3087 ·
3592 3061 3717 3112 καθ’
3748 3061 3840 3112 ἕνα
3872 3062 3963 3131 μὲν

2381 3143 2583 3209 τρόπον
2607 3142 2816 3204 δίδαξον
2869 3143 3031 3195 αὑτὸν
3079 3144 3154 3214 μὴ
3190 3147 3412 3214 ὀμνύειν
3468 3154 3776 3222 προχεῖρως
3804 3171 3816 3184 ·
3850 3155 3963 3206 καθ’

2383 3233 2570 3299 ἕτερον
2603 3231 2655 3281 δὲ
2683 3231 2758 3300 μὴ
2788 3233 3068 3299 ἐπιμένειν
3101 3236 3159 3285 ὲν
3215 3241 3334 3299 ταῖς
3365 3241 3500 3308 πρὸς
3532 3243 3592 3292 τὸ
3612 3245 3784 3296 κακὸν
3815 3247 3963 3317 εὐορ-

2383 3322 2566 3384 κίαις*
2619 3324 2700 3374 ὅτι
2756 3324 2891 3390 μηδὲ
2966 3324 3186 3398 Ἡρώδῃ
3243 3332 3510 3400 συνέφερε
3548 3334 3912 3405 εὐορκήσαντι
3946 3352 3959 3365 ⁶

713 3431 881 3483 raret,
915 3419 1226 3487 prophetam
1253 3415 1469 3470 occidit.
1507 3414 1798 3468 Illiusmodi
1827 3415 1969 3465 enim
2000 3412 2270 3480 jusjuran-

2386 3412 2473 3462 διὰ
2506 3412 2611 3480 γὰρ
2641 3411 2701 3463 τὸ
2735 3385 2831 3479 μὴ-
2869 3385 3225 3484 ἐπιορκῆσαι,
3296 3385 3493 3485 φονεύς
3571 3385 3814 3490 ἐγένετο

705 3516 830 3566 dum
867 3515 1024 3564 debet
1054 3508 1321 3577 quispiam
1373 3506 1691 3560 inviolatum
1735 3519 1976 3567 servare,
2029 3502 2168 3571 quod
2210 3503 2277 3554 ad

701 3602 929 3670 justitia:
965 3600 1163 3653 divinae
1205 3597 1412 3666 judicio
1472 3597 1805 3650 observanda
1844 3595 2076 3663 juravit.
2135 3595 2276 3646 Istud

709 3701 914 3754 autem,
937 3689 1077 3757 quod
1110 3688 1163 3740 in
1195 3695 1471 3755 peccatum
1501 3685 1670 3736 fertur
1695 3696 1746 3736 et
1783 3683 2005 3749 alicujus
2026 3687 2278 3734 damnum

694 3781 852 3836 οιιιιιὶ
888 3780 1043 3834 modo
1075 3778 1352 3833 infirmare
1383 3785 1437 3829 et
1465 3775 1645 3829 delere
1676 3781 1910 3842 Oportet.

1293 3951 1519 4009 CANON
1553 3951 1722 4006 XXX.

713 4056 788 4111 De
815 4055 900 4109 his
925 4053 1019 4123 qui
1053 4051 1292 4120 rapiunt,
1324 4064 1590 4102 canonem
1622 4049 1834 4116 quidem
1868 4049 2143 4116 antiquum
2174 4064 2280 4101 non

784 4147 1064 4209 habemus,
1107 4145 1199 4196 sed
1254 4141 1528 4209 propriam
1565 4142 1890 4194 sententiam
1934 4141 2279 4208 protulimus,

780 4252 837 4293 nt
875 4238 976 4306 ipsi
1008 4246 1062 4289 et
1107 4235 1200 4302 qui
1228 4246 1349 4286 eum
1380 4233 1460 4284 eis
1496 4232 1733 4298 rapiunt,
1769 4231 1942 4283 tribus
1975 4233 2131 4283 annis
2173 4233 2282 4284 sint

781 4342 933 4383 extra
981 4325 1276 4378 orationes.
1309 4320 1461 4385 Quod
1507 4331 1685 4372 autem
1725 4319 1992 4372 violenter
2042 4336 2145 4372 non
2189 4321 2281 4383 sit,

787 4419 911 4472 nulli
944 4425 1026 4468 est
1066 4427 1240 4480 pinnae
1271 4411 1586 4475 obnoxium,
1622 4412 1837 4477 quando
1880 4426 1980 4463 nec
2035 4419 2278 4479 stuprum

786 4526 882 4562 nec
922 4509 1120 4559 furtum
1169 4519 1280 4556 rem
1332 4500 1669 4569 tirzncesserit
1702 4518 1715 4553 :
1753 4511 1835 4552 est
1889 4511 2067 4554 autem
2121 4501 2279 4554 vidua

783 4601 864 4654 sui
910 4599 1066 4665 juris,
1109 4605 1156 4648 el
1213 4595 1266 4646 in
1323 4593 1439 4656 ejus
1486 4598 1569 4644 est
1601 4601 1869 4658 potestate
1899 4595 2070 4658 sequi.
2105 4593 2283 4657 Quare

787 4707 892 4744 non
925 4700 1006 4740 est
1047 4687 1201 4739 nobis
1227 4682 1518 4752 figurarum
1543 4694 1606 4733 ac
1636 4692 1991 4749 przetextuum
2019 4684 2124 4735 ulla
2152 4699 2278 4735 cura
2314 4712 2357 4765 ο

803 4779 1038 4834 :erenda.

803 4801 1038 4834 ereiiuu.

782 4801 973 4926 EALS.
1029 4868 1083 4922 In
1121 4882 1241 4919 can.
1306 4865 1375 4919 67
1441 4867 1756 4934 apostolico,
1804 4866 1854 4917 in
1889 4865 2148 4918 Chalced.
2183 4865 2275 4928 27,

714 4969 764 5020 in
798 4962 987 5034 synodi
1029 4963 1079 5014 in
1111 4958 1294 5012 Trullo
1327 4957 1416 5020 92,
1458 4967 1512 5010 et
1549 4959 1598 5009 in
1632 4961 1916 5024 praesentis
1970 4957 2147 5010 sancti
2183 4957 2275 5019 2‘2,

715 5057 881 5108 multa
918 5051 1235 5117 scripsimus
1271 5052 1335 5101 de
1371 5050 1433 5101 iis
1465 5049 1552 5116 qui
1587 5049 1799 5115 rapiunt
1832 5049 2107 5109 mulieres,
2136 5049 2282 5102 etde

717 5149 782 5198 iis
831 5144 921 5210 qni
974 5141 1077 5192 illis
1134 5139 1500 5191 consentiunt.
1561 5138 1628 5190 Et
1685 5141 1799 5206 lege
1831 5150 1996 5202 ea,et
2035 5155 2155 5207 cap.
2185 5139 2275 5203 50,

717 5237 850 5288 tituli
902 5236 934 5288 9
970 5234 1249 5302 pra-sentis
1297 5233 1474 5298 operis
1527 5247 1542 5283 :
1596 5247 1831 5300 praesivns
1886 5244 2062 5284 autem
2100 5247 2272 5286 canon

721 5325 964 5378 decernit
1023 5330 1262 5388 raptores
1314 5331 1365 5372 et
1431 5321 1520 5387 qui
1587 5321 1686 5376 illis
1736 5323 2096 5384 consentiunt,
2153 5337 2274 5375 esse

715 5415 948 5470 triennio
986 5423 1136 5466 extra
1168 5411 1459 5474 orationes,
1509 5419 1654 5463 stare
1698 5412 1900 5465 scilicet
1929 5428 2046 5464 eum
2085 5413 2151 5465 iis
2181 5414 2269 5481 qui

717 5505 941 5556 audiunt
993 5510 1260 5567 oportere.
1322 5500 1414 5550 Sin
1473 5511 1673 5562 autem,
1728 5502 1921 5568 inquit,
1966 5503 2159 5556 mulier
2188 5518 2273 5555 se-

718 5605 892 5662 ipsain
947 5605 1044 5644 sua
1093 5602 1282 5656 spome
1346 5589 1641 5651 tradiderit,
1701 5589 1820 5642 cum
1865 5606 1963 5644 nec
2005 5603 2273 5658 stuprum,

719 5699 814 5737 nec
862 5683 1084 5744 furtum,
1116 5682 1215 5733 hoe
1243 5688 1326 5733 est
1362 5678 1730 5733 clandesdnus
1771 5683 2087 5737 concubitus
2137 5699 2278 5752 pra:-

714 5774 1007 5838 eessisset,
1079 5773 1200 5824 nulli
1258 5782 1338 5828 est
1399 5771 1609 5827 crimini
1679 5773 1940 5827 obnoxius
1998 5779 2084 5844 qui
2149 5791 2272 5828 eam

2385 3507 2686 3571 προφήτου.
2733 3504 2971 3556 Ἐκεῖνον
3002 3506 3110 3573 γάρ
3149 3524 3234 3570 τις
3259 3511 3353 3561 τὸν
3385 3513 3552 3580 ὅρκον
3587 3516 3798 3583 ὀφείλει
3831 3521 3962 3585 dupe.

2384 3597 2686 3665 τάτρεπτον
2728 3596 3041 3664 φυλάττειν,
3080 3598 3137 3650 ὃν
3169 3601 3384 3668 ὤμοσεν
3457 3608 3550 3657 ἐπὶ
3597 3611 3676 3676 τῷ
3736 3613 3960 3678 φυλάξαι

2383 3692 2451 3740 τὰ
2479 3693 2724 3758 κρίματα
2751 3691 2849 3758 τῆς
2883 3691 2976 3742 τοῦ
3007 3691 3144 3744 Θεοῦ
3187 3694 3545 3768 δικαιοσύνης
3577 3717 3591 3731 ο
3635 3704 3729 3753 τὸν
3787 3705 3844 3756 δὲ
3874 3710 3960 3757 ἐπὶ

2383 3790 2445 3854 τῇ
2477 3785 2723 3856 ἁμαρτία
2751 3786 3054 3852 προϐάντα,
3084 3791 3175 3840 καὶ
3214 3791 3460 3844 κακώσει
3488 3795 3638 3859 τινὸς
3699 3802 3959 3862 παντοίως

2387 3875 2725 3944 ἀκυροῦσθαι
2763 3877 3058 3945 προσήκει,
3090 3879 3184 3930 καὶ
3211 3882 3602 3948 ἀφανίζεσθαι.

3013 3973 3256 4025 ΚΑΝΩΝ
3288 3978 3367 4027 Λ’.

2383 4059 2521 4127 Περὶ
2572 4061 2684 4111 τῶν
2758 4063 3120 4130 ἁρπαζόντων
3195 4069 3396 4121 κανόνα
3441 4069 3543 4137 μὲν
3585 4071 3818 4125 παλαιὸν
3867 4076 3959 4126 οὐκ

2456 4148 2676 4218 ἔχομεν,
2759 4153 2895 4204 ἰδίαν
2981 4153 3036 4206 δὲ
3061 4156 3288 4226 γνώμην
3365 4160 3773 4228 ἐποιησάμεθα,
3841 4165 3958 4233 τρία

2450 4242 2543 4311 ἐτη
2578 4245 2672 4296 καὶ
2699 4247 2896 4309 αὐτοὺς
2937 4251 3030 4300 καὶ
3088 4253 3214 4313 τοὺς
3275 4255 3728 4320 συναρπάζοντας
3784 4260 3958 4318 αὐτοῖς

2453 4333 2557 4396 ἔξω
2580 4336 2685 4387 τῶν
2726 4338 2899 4406 εὐχῶν
2928 4341 3195 4405 γίνεσθαι.
3233 4343 3304 4394 Τὸ
3334 4344 3389 4395 δὲ
3417 4345 3491 4415 μὴ
3525 4346 3720 4415 βιαίως
3743 4351 3957 4418 γινόμε-

2456 4442 2547 4477 νον
2576 4427 2872 4480 ἀνεύθυνόν
2898 4433 3014 4482 ἔστι
3033 4473 3047 4494 ,
3074 4433 3202 4485 ὅταν
3235 4435 3309 4505 μὴ
3333 4437 3506 4507 φθορὰ
3537 4435 3594 4512 ᾖ,
3626 4443 3762 4508 μηδὲ
3791 4443 3957 4512 κλοπὴ

2455 4517 2734 4587 ἡγουμένη
2768 4520 2859 4572 τοῦ
2889 4523 3216 4592 πράγματος
3239 4543 3251 4555 ·
3286 4528 3614 4590 αύτεξουσία
3645 4532 3701 4584 δὲ
3735 4536 3767 4601 ὴ
3798 4540 3954 4603 χήρα,

2457 4609 2550 4659 καὶ
2575 4611 2661 4660 ἐπ’
2693 4610 2828 4681 αὐτῇ
2879 4613 2938 4664 τὸ
2985 4615 3369 4683 ἀκολουθῆσαι.
3403 4617 3567 4671 Ὥστε
3597 4622 3708 4674 τῶν
3754 4628 3954 4693 σχημά-

2460 4717 2569 4752 των
2596 4700 2726 4770 ἠμῖν
2749 4704 2808 4754 ού
2830 4706 3200 4771 φροντιστέον.

2450 4878 2647 4931 ΒΑΛΣ.
2685 4879 2782 4940 Εἰς
2836 4879 2926 4930 τὸν
2957 4879 3040 4944 ξζθ
3069 4885 3431 4940 ἀποστολικδν
3463 4895 3688 4957 κανόνα,
3751 4899 3830 4960 εἰς
3871 4901 3957 4952 τὸν

2383 4967 2463 5029 κζ’
2499 4968 2597 5032 τῆς
2655 4970 2712 5018 ὲν
2761 4969 3105 5038 Χαλκηδόνι,
3170 4977 3242 5037 είς
3311 4981 3401 5032 τὸν
3461 4980 3545 5049 ιβ’
3609 4986 3707 5052 τῆς
3763 4990 3821 5039 ὲν
3885 4991 3957 5052 τῷ

2383 5056 2658 5126 Τρούλλῳ,
2694 5061 2789 5112 καὶ
2818 5063 2896 5123 εἰς
2931 5063 3019 5114 τὸν
3055 5065 3138 5132 κβ(
3161 5068 3254 5118 τοῦ
3300 5073 3574 5138 παρόντος
3621 5079 3804 5144 ἁγίου,
3845 5045 3954 5133 διά.ζ

2387 5163 2528 5214 (popa.
2583 5148 2917 5216 γεγράφαμεν
2969 5152 3097 5222 περὶ
3165 5156 3275 5207 τῶν
3343 5160 3704 5227 ἁρπαζόντων
3769 5172 3952 5234 γυναῖ·

2384 5251 2504 5296 κας,
2564 5239 2654 5287 καὶ
2709 5240 2835 5306 περὶ
2894 5242 3002 5292 τῶν
3072 5251 3480 5317 συναιρομένων
3571 5256 3783 5317 αὐτοῖς.
3842 5261 3947 5311 Καὶ

2383 5328 2658 5393 ἀνάγνωθι
2693 5329 2892 5393 ταῦτα,
2921 5331 3018 5384 καὶ
3045 5335 3105 5385 τὸ
3137 5335 3180 5388 λ’
3214 5355 3336 5408 κεφ.
3382 5343 3474 5392 τοῦ
3543 5344 3589 5395 θ’
3623 5347 3803 5399 τίτὶου
3861 5350 3951 5400 τοῦ

2385 5421 2650 5489 παρόντος
2681 5423 3087 5493 συντάγματος.
3133 5429 3193 5480 '0
3220 5431 3275 5482 δὲ
3332 5433 3526 5500 παρὼν
3585 5439 3770 5489 κανὼν
3796 5443 3954 5505 διορί-

2384 5511 2536 5574 ζεται
2567 5515 2659 5566 ἐπὶ
2693 5517 2937 5583 τριετίαν
2974 5521 3100 5582 τοὺς
3133 5522 3390 5589 ἅρπαγας
3428 5529 3522 5576 καὶ
3552 5532 3680 5588 τοὺς
3714 5547 3949 5600 συναιροο

2389 5603 2585 5670 μένους
2617 5604 2798 5666 αὐτοῖς
2832 5609 3076 5674 γίνεσθαι
3103 5611 3209 5673 ἔξω
3242 5614 3351 5664 τῶν
3379 5617 3577 5683 εὐχῶν,
3608 5621 3777 5689 ἡγοιν
3806 5626 3949 5676 ἵστα-

2389 5692 2513 5741 σθαι
2542 5692 2678 5757 μετὰ
2713 5695 2819 5744 τῶν
2860 5696 3249 5766 ἀκροωμένων.
3317 5703 3378 5755 Ei
3420 5705 3477 5754 δὲ
3531 5707 3737 5761 ἑκοῦσα
3798 5713 3946 5779 γυνὴ,

2390 5783 2542 5847 φησι,
2580 5783 2746 5851 ἐπιδῷ
2776 5785 3033 5837 ἐπιδοῦσα
3084 5789 3280 5859 ἑαυτὴν
3337 5792 3410 5860 μὴ
3467 5802 3944 5870 προηγησαμένης.
