4124 6460
178 372 290 432 689

1119 379 1204 441 IN
1231 381 1473 446 EPIST.
1509 388 1570 445 ε.
1607 386 1893 446 BASILII
1939 389 2382 452 CANONICAM
2425 389 2506 452 Ῑῐ.

3320 391 3425 454 (93

173 485 416 552 φθορᾶς,
483 485 614 556 μηδέ
665 485 892 557 κλοπῆς,
951 490 1122 561 ῆγουν
1215 494 1486 564 λαθραίας
1537 499 1758 567 μίξεως,

1866 503 2096 570 accepit.
2137 501 2400 557 Similiter
2429 502 2560 556 nulli
2595 517 2809 572 quoque
2838 517 3010 574 pana:
3035 513 3115 559 est
3151 501 3422 567 subjectus

174 574 484 638 ἁνεύθυνός
519 577 670 629 ἐστιν
700 578 730 630 6
771 578 976 648 ταύτην
1004 577 1211 638 λαϐὼν.
1229 583 1504 650 Ὡσαύτως
1529 590 1756 643 άνεὺθυο

171 666 266 727 νός
301 668 423 720 ἐστι
475 668 573 722 καὶ
655 668 685 720 6
745 670 924 740 χήραν
952 672 1307 740 αὑτεξουσίαν
1330 684 1760 750 τοιοντοτρὸπως

174 758 610 826 ἁναλαδόμενος.
639 759 714 812 Τὸ
739 760 818 836 δὲ,
843 763 965 817 Τῶν
1019 766 1319 835 σχημάτων
1341 771 1474 839 ἡμῖν
1510 775 1570 825 οὑ
1598 791 1761 843 φρον-

169 850 418 908 τιστέον.
464 849 706 904 τοιοῦτόν
757 854 945 906 ἐστιν’
991 853 1118 910 Ἐὰν
1153 858 1317 929 γυνὴ,
1375 863 1561 930 φησὶν,
1630 864 1760 928 ἴσως

169 941 474 1011 αἰδουμένη
506 943 787 998 ἐπιδοῦναι
817 947 1020 1016 ἑαυτὴν
1053 949 1131 1016 τῷ
1168 952 1374 1024 ἐραστῇ
1414 955 1444 1023 ἢ
1478 955 1558 1025 τῷ
1613 959 1756 1026 ἐρω-

176 1033 335 1101 μένῳ
364 1038 645 1103 χαμερπεϊ
667 1035 780 1088 ὄντι
820 1039 1230 1107 ἐσχηματίσατο
1255 1043 1598 1114 ἁρπαγῆναι,
1624 1047 1760 1114 πρὸς

174 1125 451 1192 ἀλήθειαν
481 1127 753 1190 ἑκουσίως
785 1129 933 1198 αὐτῷ
977 1132 1369 1202 ἠκολούθησεν,
1438 1139 1499 1190 οὑ
1537 1140 1760 1206 φροντί-

177 1219 354 1285 ζομεν
381 1217 487 1270 τοῦ
545 1221 964 1290 σχηματισμοῦ,
1029 1225 1197 1295 ῆγουν
1233 1228 1333 1296 τῆς
1392 1230 1756 1298 ὑποκρίσεως,

176 1308 324 1362 ἀλλὰ
348 1314 412 1380 τῇ
441 1310 668 1383 ἀληθείᾳ
697 1318 1059 1386 προσέχομεν.
1101 1321 1210 1373 Καὶ
1236 1323 1510 1390 ἀνάγνωθι
1553 1324 1644 1377 τὸν
1679 1323 1759 1391 νγ¹

178 1400 415 1465 κανόνα,
447 1405 809 1476 συντρέχοντα
832 1411 894 1480 τῇ
933 1411 1157 1484 τοιαύτῃ
1183 1415 1467 1486 ἑρμηνείᾳ.
1487 1417 1559 1469 Τὸ
1576 1417 1760 1486 μέντοι

179 1493 487 1546 ἀνεύθυνον
553 1493 697 1549 εἶναι
773 1499 866 1550 τὸν
918 1501 1248 1570 ἁρπάσαντα
1322 1510 1560 1572 γυναῖκα
1621 1509 1761 1563 κατὰ

177 1584 406 1652 θέλησιν
437 1587 626 1660 αὑτῆς,
654 1590 734 1651 είς
764 1592 822 1642 τὸ
849 1589 920 1662 μὴ
953 1594 1347 1665 ἐπιτιμηθῆναι
1375 1597 1564 1652 τοῦτον
1595 1600 1758 1654 ἐκλα-

177 1677 302 1728 ϐοὖ.
353 1679 410 1732 '0
465 1681 572 1751 γὰρ
624 1683 883 1754 ἁρπαγὴν
925 1687 1285 1753 αὑτεξουσίας
1345 1691 1376 1760 ἢ
1436 1692 1761 1758 ὑπεξουσίας

178 1772 453 1835 γυναικὸς
496 1776 893 1844 ποιησάμενος,
943 1780 1054 1830 είτε
1093 1782 1236 1833 κατά
1293 1781 1514 1851 θέλησιν
1559 1784 1756 1853 αὑτῆς,

174 1860 212 1928 ἢ
245 1863 340 1912 καὶ
369 1863 513 1915 κατὰ
548 1865 719 1932 μόνην
751 1868 963 1919 οίκείαν
996 1869 1276 1940 βούλησιν,
1310 1872 1388 1942 τῷ
1419 1875 1553 1944 περὶ
1583 1876 1762 1945 ἁρπα-

175 1952 286 2019 γῆς
314 1954 465 2022 νόμῳ
486 1957 732 2024 ἐνέχεται
774 1961 854 2020 εἰς
878 1959 1162 2029 ἐκδίκησιν
1205 1963 1305 2031 τῆς
1368 1965 1597 2030 ἀταξίας
1650 1965 1758 2020 τῶν

179 2042 399 2094 πολλῶν
451 2046 547 2096 καὶ
606 2047 909 2118 άναστολὴν
955 2051 1062 2102 τῶν
1130 2051 1379 2107 λοιπῶνο
1430 2055 1612 2120 καθὼς
1635 2057 1760 2110 τοῦ-

179 2151 241 2186 το
305 2138 442 2205 φησὶ
491 2137 552 2189 τὸ
587 2137 637 2191 α’
685 2155 814 2208 κεφ.
883 2143 977 2194 τοῦ
1035 2144 1116 2214 νη⁰
1173 2145 1356 2199 τίτλον
1413 2149 1506 2200 τοῦ
1577 2150 1622 2214 ξ’
1673 2150 1760 2220 βι-

177 2226 333 2279 ϐλίου
378 2229 506 2299 περὶ
535 2230 596 2282 τὸ
635 2231 788 2294 τέλος
841 2232 984 2286 οὕτω
1039 2234 1200 2302 λέγον
1233 2254 1248 2268 ·
1290 2239 1354 2290 Al
1393 2238 1450 2291 δὲ
1497 2241 1759 2310 τιμωρίαι

177 2317 284 2388 τῆς
315 2319 618 2385 διατάξεως
649 2325 821 2376 πᾶσαι
863 2325 1113 2380 ἔστωσαν
1145 2331 1268 2380 κατ’
1295 2331 1476 2383 αὑτῶν
1522 2332 1633 2388 τῶν
1655 2334 1759 2402 ἀρ·

175 2412 481 2465 πασάντων
517 2415 611 2466 καὶ
636 2413 1022 2485 βοηθησάντων
1055 2421 1241 2482 αὑτοῖς
1307 2422 1366 2473 ἐν
1407 2425 1473 2493 τῇ
1508 2423 1760 2496 ἁρπαγῇ.

175 2504 244 2555 Ol
274 2503 460 2570 μέντοι
485 2507 792 2570 συνειδότες
825 2510 920 2560 καὶ
961 2509 1434 2580 ὑπηρετήσαντες,
1465 2517 1560 2568 καὶ
1630 2517 1760 2570 ὑπο·

175 2597 468 2665 δεξάμενοι
500 2599 532 2668 ἢ
561 2599 680 2651 οἵαν
695 2600 757 2669 δὴ
787 2618 909 2653 τινα
943 2604 1177 2672 σπουδὴν
1201 2605 1384 2668 αὑτοῖς
1413 2609 1763 2674 συνενεγκόν-

177 2706 296 2754 τες,
322 2691 388 2759 τῇ
417 2691 686 2761 εἰρημένῃ
721 2692 967 2763 τιμωρίᾳ
1003 2693 1440 2759 ὑποκείσθωσαν,
1493 2698 1601 2750 εἴτε
1633 2699 1760 2768 βου-

180 2787 432 2854 λομένων
461 2786 568 2838 τῶν
622 2789 902 2855 γυναικῶν
926 2788 1036 2840 εἴτε
1078 2791 1173 2842 καί⁵
1209 2790 1282 2860 μὴ
1323 2789 1667 2857 βουλομένων
1725 2795 1758 2862 ἡ

182 2877 415 2947 ἁρπαγὴ
451 2879 668 2945 γέγονε.
700 2879 871 2932 Τοῦτο
902 2880 958 2932 δὲ
988 2881 1182 2950 ἐκρίθη
1219 2882 1362 2934 οὕτω
1430 2883 1528 2935 καὶ
1587 2885 1667 2946 είς
1701 2884 1762 2936 τὸ

185 2969 471 3038 βασιλικὸν
497 2969 652 3038 βῆμα
689 2971 784 3022 ἐπὶ
817 2973 881 3039 τῇ
907 2971 1163 3024 ὑποθέσει
1207 2971 1301 3023 τοῦ
1335 2971 1441 3042 Σὴθ
1473 2973 1762 3041 ἁρπάσαν-

181 3078 277 3123 τος
317 3061 418 3130 τὴν
453 3061 733 3128 θυγατέρα
765 3062 861 3113 τοῦ
905 3063 1288 3129 νεοφωτίστου.
1355 3064 1416 3114 El
1467 3064 1524 3116 δὲ
1589 3063 1763 3124 θέλεις

182 3154 364 3204 εἰπεῖν
388 3152 461 3222 μὴ
513 3153 768 3219 γενέσθαι
809 3155 888 3214 εἰς
925 3154 1024 3222 τὴν
1110 3159 1350 3220 γυναῖκα
1401 3156 1468 3223 τῇ
1528 3153 1833 3243 ἀληθείας

1863 595 1954 660 qui
1991 593 2231 658 viduam,
2279 608 2399 662 qua:
2433 593 2516 647 sui
2553 603 2637 646 est
2684 593 2846 662 juris,
2876 595 2976 648 hoc
3008 593 3163 647 modo
3197 591 3414 657 reccpit.

1863 684 1997 738 Illud
2022 695 2224 746 autem,
2248 684 2365 738 Non
2387 692 2464 739 est
2493 684 2650 738 nobis
2671 683 2962 754 ﬁgurarum
2991 691 3045 737 et
3069 693 3418 750 prmtextuttnt

1864 775 1968 828 ulla
2002 791 2129 829 cura
2161 777 2415 844 gerenda,
2445 784 2529 830 εει
2549 774 2950 843 hujusmodi.Si
2982 775 3197 838 mulier,
3228 774 3422 844 inquit,

1861 863 2094 919 fortasse
2149 865 2474 919 erubescens
2527 881 2582 919 se
2631 866 2854 919 amatori
2899 866 2979 919 vel
3020 875 3223 924 amato,
3282 867 3421 930 quod

1863 955 2028 1010 homo
2055 956 2299 1023 abjectus
2324 959 2413 1020 sit,
2452 957 2685 1021 tradere,
2717 956 2930 1010 ﬁnxerit
2956 971 3018 1010 se
3051 964 3252 1023 raptam
3281 969 3421 1012 esse.

1861 1061 1982 1100 eum
2035 1057 2210 1103 tamen
2246 1063 2341 1102 sua
2381 1058 2573 1117 sponte
2623 1058 2805 1102 secuta
2857 1057 2961 1111 est,
3004 1047 3186 1116 figurae
3241 1062 3422 1099 revera

1863 1151 1954 1190 seu
1985 1137 2348 1192 simulationis
2381 1139 2582 1193 nullam
2608 1154 2789 1192 curam
2822 1139 3057 1208 gerimus
3083 1137 3178 1192 sed
3211 1137 3424 1190 veritati

1863 1231 2213 1286 attendimus.
2259 1230 2324 1284 Et
2359 1231 2476 1300 lege
2512 1247 2634 1286 can.
2683 1233 2771 1295 5'5,
2815 1232 2941 1286 huic
2995 1229 3426 1296 interpretationi

1861 1321 2308 1375 consentientem.
2378 1320 2508 1374 Eunt
2565 1333 2784 1385 autem,
2847 1322 2938 1390 qui
3002 1320 3273 1373 mulierem
3331 1335 3424 1371 sua

1863 1421 2056 1479 sponte
2107 1414 2303 1481 rapuit,
2377 1429 2481 1466 non
2537 1429 2656 1468 esse
2718 1415 2932 1468 crimini
2991 1412 3302 1471 obnoxium,
3348 1392 3423 1462 ita

1861 1503 2046 1572 accipe
2077 1511 2137 1555 ut
2182 1504 2229 1557 ei
2289 1503 2430 1555 nulla
2467 1519 2620 1571 pinna
2671 1507 2929 1557 canonica
2993 1506 3059 1558 sit
3112 1502 3420 1568 infligenda.

1863 1593 1964 1660 Qui
2025 1595 2171 1648 enim
2226 1595 2527 1657 mulierem,
2589 1610 2709 1664 quae
2755 1605 2836 1650 est
2866 1598 2942 1648 sui
2971 1596 3131 1664 juris.
3171 1594 3251 1647 vel
3305 1607 3421 1658 qua:

1867 1686 2095 1741 alterius
2150 1687 2403 1758 potestati
2439 1687 2744 1756 subjicitur,
2776 1703 2871 1740 seu
2906 1688 3182 1740 voluntate
3232 1685 3419 1752 ipsius.

1864 1792 1956 1833 seu
1988 1777 2203 1848 pr0pria
2239 1777 2353 1832 sola
2381 1777 2658 1832 voluntate
2688 1778 2885 1845 rapuit,
2916 1784 3095 1842 raptus
3132 1775 3246 1842 lege
3273 1785 3420 1824 tene-

1866 1881 1952 1924 tur
1983 1872 2048 1926 ad
2079 1870 2371 1925 multorum
2415 1869 2754 1925 insolentiam
2785 1867 3180 1925 vindicandam,
3212 1875 3266 1917 et
3293 1863 3420 1916 reli-

1863 1979 2089 2034 quorum
2117 1963 2578 2032 comprimendam
2608 1979 2623 2016 :
2656 1962 2794 2016 sicut
2818 1961 2921 2015 hoc
2955 1961 3083 2013 dicit
3112 1959 3268 2028 prim.
3293 1971 3413 2023 cap.

1868 2057 2008 2112 tituli
2045 2057 2134 2118 58.
2165 2058 2258 2112 lib.
2292 2072 2381 2121 Lit,
2404 2056 2546 2125 quod
2575 2055 2714 2109 circa
2751 2054 2908 2108 finem
2931 2053 3007 2108 sic
3033 2052 3197 2106 dicit:
3226 2047 3418 2102 Omnia

1864 2158 2046 2204 autem
2101 2148 2504 2203 constitutionis
2547 2145 2804 2217 supplicia
2859 2146 2969 2198 sint
3020 2144 3277 2198 adversus
3325 2153 3419 2192 eos

1867 2242 1957 2310 qui
1994 2251 2311 2310 rapuerunt,
2350 2250 2405 2294 et
2453 2239 2542 2308 qui
2600 2238 2679 2291 eis
2703 2239 2755 2290 in
2790 2247 2940 2304 raptu
2972 2249 3123 2301 opem
3161 2232 3414 2286 tulerunt.

1865 2332 1966 2398 Qui
1989 2331 2207 2386 consilii
2243 2331 2456 2400 quidem
2487 2330 2721 2392 fuerunt,
2750 2338 2805 2380 et
2833 2340 2993 2395 Opera
3041 2339 3136 2377 sua
3168 2324 3420 2391 juverunt

1864 2433 1918 2478 et
1970 2433 2346 2492 susceperunt,
2399 2421 2482 2477 vel
2536 2419 2830 2488 quamlibet
2859 2433 3011 2488 Opem
3064 2418 3130 2469 iis
3163 2416 3414 2475 tulerunt,

1865 2508 2022 2570 dieue
2046 2529 2218 2582 poena
2240 2511 2614 2580 subiiciantur,
2638 2523 2732 2562 seu
2763 2506 3067 2561 volentibus
3108 2520 3198 2558 seu
3239 2504 3420 2556 nolen-

1869 2605 2012 2659 tibus
2046 2604 2362 2658 mulieribus
2396 2610 2581 2670 raptus
2627 2599 2803 2654 factus
2851 2598 2941 2653 sit.
2995 2595 3107 2649 Hoc
3134 2605 3308 2646 autem
3364 2592 3416 2644 in

1865 2697 2215 2766 imperatorio
2245 2695 2354 2764 90
2386 2707 2597 2763 quoque
2627 2689 2876 2744 tribunali
2902 2689 2979 2742 sic
3002 2687 3293 2754 judicatum
3335 2691 3418 2737 est

1865 2788 1919 2842 in
1950 2802 2110 2842 causa
2155 2785 2419 2854 Seth,qui
2450 2794 2704 2852 rapuerat
2730 2783 2887 2837 tiliam
2911 2779 3027 2845 ejus
3053 2779 3142 2846 qui
3173 2785 3420 2829 reccntcr

1865 2880 2041 2934 fuerat
2087 2877 2436 2930 i’lluminatus.
2477 2875 2572 2928 Sin
2622 2881 2800 2927 autem
2840 2869 2971 2923 velis
2995 2868 3192 2927 dicere,
3224 2865 3274 2917 iu
3301 2881 3420 2917 mu—

1863 2972 2048 3026 lierem
2071 2985 2179 3022 non
2215 2982 2398 3021 revera
2420 2966 2623 3020 factum
2655 2978 2777 3018 esse
2805 2971 3038 3030 raptum.
3069 2958 3159 3011 sed
3217 2971 3310 3023 per
3349 2955 3424 3006 si-

1867 3058 2237 3118 mulationem,
2297 3064 2358 3108 ut
2414 3055 2665 3124 superius
2710 3053 2908 3105 dictum
2955 3059 3071 3110 est;
3121 3061 3220 3100 nec
3251 3058 3424 3113 paena:

1867 3147 2142 3202 canonica:
2168 3147 2344 3200 locum
2384 3145 2680 3206 habebunt,
2711 3157 2810 3197 nec
2843 3142 2988 3211 leges
3031 3153 3151 3208 quae
3181 3144 3422 3204 raptores

183 3243 468 3314 ἁρπαγὴν,
501 3244 637 3297 ἀλλᾶ
696 3245 841 3297 κατὰ
898 3245 1285 3314 προσποίησιν,
1331 3245 1516 3308 καθὼς
1560 3245 1760 3298 ἄνωθεν

1865 3240 2135 3308 puniunt:
2194 3237 2286 3291 sed
2338 3237 2510 3290 solum
2565 3235 2778 3288 actione
2822 3232 3142 3300 injuriarum
3179 3227 3422 3297 patribus

183 3337 441 3404 εἴπομεν,
510 3335 636 3388 οὔτε
668 3336 735 3388 τὰ
763 3336 1022 3404 ἐπιτίμια
1050 3336 1232 3399 ἕξουσι
1291 3335 1500 3406 χώραν,
1532 3336 1655 3389 οὔτε
1711 3339 1760 3390 οἱ

1867 3329 2218 3388 tenebuntur,
2247 3326 2338 3392 qui
2362 3341 2452 3380 eas
2481 3333 2739 3392 ceperunt
2767 3338 2885 3391 quae
2935 3331 3092 3376 erant
3137 3320 3233 3373 sub
3276 3327 3424 3386 pote-

182 3431 340 3495 νόμοι
384 3431 434 3481 οί
459 3428 780 3490 κολάζοντες
815 3428 939 3488 τοὺς
968 3428 1228 3495 ἅρπαγας
1251 3444 1266 3458 ο
1303 3429 1438 3497 μόνῃ
1452 3429 1506 3480 δὲ
1539 3432 1605 3497 τῇ
1636 3429 1760 3497 περὶ

1865 3426 2020 3480 state,
2063 3417 2195 3469 adeo
2220 3425 2274 3468 ut
2303 3425 2356 3468 et
2381 3416 2781 3469 matrimonium
2804 3415 2947 3482 quod
2980 3414 3119 3465 inter
3138 3427 3229 3466 eas
3260 3412 3425 3464 inter-

184 3519 402 3588 ὕϐρεως
451 3521 644 3584 ἀγωγῇ
679 3518 853 3586 ένοχοι
882 3518 1097 3568 ἔσονται
1133 3520 1246 3580 τοίς
1296 3519 1536 3586 πατράσι
1565 3521 1614 3571 οί
1665 3520 1760 3574 λα-

1865 3511 2048 3574 cessit,
2080 3521 2277 3577 praeter
2303 3524 2486 3562 eorum
2529 3501 2862 3560 voluntate’m
2913 3508 3014 3558 sub
3063 3519 3288 3572 quorum
3325 3519 3422 3570 po-

186 3611 380 3672 ϐὁντες
407 3611 506 3672 τὰς
532 3609 878 3673 ὑπεξουσίας,
903 3610 1156 3662 τοσοῦτον
1183 3609 1265 3663 ὅτι
1293 3611 1385 3662 καὶ
1419 3612 1447 3662 6
1470 3611 1760 3680 γενόμενος

1865 3609 2057 3654 testate
2101 3607 2246 3658 sunt.
2284 3598 2354 3652 sit
2388 3597 2769 3662 separandum.
2815 3594 2956 3664 Lege
2991 3610 3112 3650 can.
3171 3594 3238 3648 38
3269 3593 3425 3658 hujus

181 3705 367 3771 γάμος
402 3703 566 3765 μέσον
593 3700 800 3753 τούτων
827 3700 976 3770 παρά
1001 3701 1232 3770 γνώμην
1260 3701 1366 3753 τῶν
1401 3703 1633 3770 ἐχόντων
1661 3703 1760 3754 αὑ-

1865 3690 2061 3751 saucti,
2100 3690 2160 3743 ιι
2215 3699 2268 3743 ει
2313 3689 2404 3744 42.
2455 3689 2689 3742 Sanctus
2747 3697 2923 3741 autem
2988 3696 3133 3740 rccle
3183 3685 3427 3739 meminit

181 3796 284 3856 τὰς
319 3793 645 3857 ὑπεξουσίας
679 3792 1171 3860 διασπασθήσεται.
1207 3793 1317 3846 Καὶ
1366 3793 1643 3860 ἀνάγνωθι
1670 3792 1760 3844 τδν

1865 3783 2028 3848 stupri
2046 3791 2094 3836 et
2112 3781 2260 3835 furti.
2287 3782 2538 3850 Stuprum
2561 3780 2702 3834 enim
2733 3780 2791 3834 fit
2813 3779 3024 3849 proprie
3047 3779 3100 3832 in
3118 3778 3373 3846 virginem
3401 3792 3416 3840 ;

178 3879 267 3949 λη’
297 3882 503 3933 κανόνα
536 3879 630 3931 τοῦ
659 3878 816 3945 ἁγίου
868 3878 1085 3944 τούτου,
1119 3882 1211 3932 τὸν
1247 3878 1340 3946 μα’
1367 3881 1461 3932 καὶ
1529 3881 1621 3932 τὸν
1651 3877 1762 3949 μβ’.

180 3969 389 4030 Καλῶς
421 3969 475 4020 δὲ
536 3966 783 4036 ἐμνήσθη
809 3968 835 4018 6
858 3966 1014 4033 ἆγιος
1045 3967 1252 4035 φθορᾶς
1281 3969 1374 4021 καὶ
1410 3967 1638 4035 κλοπῆς.
1695 3968 1758 4022 Ἡ

186 4058 291 4124 μὲν
338 4055 448 4124 γὰρ
506 4055 680 4123 φθορά
709 4051 913 4121 κυρίως
949 4051 1160 4119 γίνεται
1224 4055 1303 4116 είς
1334 4053 1433 4125 τὴν
1466 4054 1758 4124 παρθένον*

179 4147 214 4212 ἠ
256 4145 316 4198 δὲ
392 4141 728 4217 κλεψιγαμία
785 4142 865 4202 είς
961 4140 1037 4210 μὴ
1103 4134 1732 4211 τοιαύτην’ἐλευθέραν.

1865 3873 2064 3927 furtum
2115 3882 2320 3934 autem,
2366 3886 2458 3927 seu
2506 3871 2732 3924 furtivus
2760 3869 3075 3925 concubitus
3108 3868 3159 3920 in
3193 3867 3416 3919 liberam

1869 3977 1989 4033 quae
2011 3977 2118 4016 non
2151 3971 2232 4015 est
2265 3960 2599 4028 hujusmodi.
2655 3959 2948 4015 Amborum
2978 3964 3156 4011 autem
3186 3955 3428 4008 meminit

1868 4053 2012 4120 quod
2048 4053 2213 4107 etiam
2233 4052 2434 4119 absque
2459 4065 2525 4105 eo
2540 4050 2680 4118 quod
2713 4049 2804 4105 ﬂet
2832 4058 3038 4118 raptus,
3067 4054 3124 4102 et
3152 4055 3426 4114 stuprator

1865 4153 1919 4199 et
1949 4144 2244 4197 fornicator
2265 4143 2583 4211 puniuntur.

191 4235 476 4306 Ἐμνήσθη
530 4235 588 4287 δέ
641 4234 751 4286 τῶν
800 4232 912 4296 δύο,
944 4232 1025 4287 ὅτι
1085 4233 1182 4286 καὶ
1235 4233 1354 4302 δίχα
1408 4233 1502 4286 τοῦ
1533 4232 1787 4301 γενέσθαι
1819 4235 2099 4306 ἁρπαγὴν,
2131 4234 2226 4286 καὶ
2253 4234 2282 4286 6
2312 4232 2544 4303 φθορεὺς
2571 4231 2666 4285 καὶ
2723 4232 2753 4284 6
2805 4232 3000 4302 πόρνος
3044 4230 3420 4301 ἐπιτιμῶνται.

255 4401 508 4457 ΖΩΝΔΡ.
540 4402 677 4464 Τοὺς
724 4403 1072 4472 ἁρπάζοντας
1125 4404 1415 4469 γυναῖκας,
1489 4405 1585 4456 καὶ
1635 4407 1760 4468 τοὺς

1939 4404 2191 4462 ZONAR.
2257 4405 2355 4472 Qui
2415 4403 2671 4460 mulieres
2731 4404 2968 4473 rapiunt,
3023 4405 3224 4475 quique
3283 4406 3427 4476 ipsos

184 4495 591 4564 συνεργοῦντας
636 4497 821 4555 αὐτοῖς
857 4494 949 4546 ἐπὶ
999 4495 1243 4563 τριετίαν
1318 4496 1344 4545 ὁ
1397 4495 1552 4561 ἇγιος
1602 4490 1764 4559 οὗτος

181 4592 392 4658 ὥρισεν
443 4589 547 4653 ἔξω
593 4587 704 4638 τῶν
734 4588 905 4654 εὐχῶν
963 4587 1250 4653 γίνεσθαιθ
1290 4588 1463 4657 ἤγουν
1537 4590 1597 4640 ἐν
1679 4589 1759 4658 τῷ

183 4679 416 4749 προνάῳ
446 4677 699 4730 ἵστασθαι
735 4676 873 4744 μετὰ
921 4676 1030 4728 τῶν
1115 4676 1172 4726 ἐν
1220 4677 1503 4745 ἀκροάσει.
1589 4678 1650 4729 Ei
1696 4678 1759 4729 δὲ

185 4770 395 4824 ἑκοῦσα
419 4769 555 4838 γυνὴ
588 4769 755 4836 ἐπιδῶ
775 4769 976 4836 ἐαυτὴν
1011 4767 1084 4836 μὴ
1120 4770 1594 4838 προηγησαμένης
1627 4768 1756 4836 φθο-

188 4863 315 4931 ρᾶς,
352 4859 488 4927 μηδὲ
521 4859 750 4926 κλοπῆς,
780 4859 900 4911 ἀντὶ
934 4859 1028 4910 τοῦ
1086 4858 1354 4928 λαθραίας
1412 4859 1630 4926 μίξεως,
1666 4861 1759 4911 ἀν-

185 4952 419 5012 εύθυνός
455 4953 603 5001 ἐστιν
625 4952 653 5002 6
681 4950 884 5017 ταύτην
909 4948 1108 5010 λαϐὼν,
1139 4944 1229 5003 οἷα
1264 4949 1397 5019 μηδέ
1452 4951 1572 5018 βίας
1599 4967 1766 5018 μεσο-

186 5042 534 5108 λασησάσης,
562 5042 609 5093 εί
643 5040 780 5101 τέως
814 5038 1137 5103 αὑτεξουσία
1163 5037 1230 5110 ἦν
1259 5043 1290 5110 ὴ
1315 5041 1473 5110 γυνή.
1541 5041 1604 5092 Et
1655 5041 1764 5110 γάρ

187 5131 493 5195 ὑπεξουσία
521 5127 609 5199 ἦν,
643 5132 770 5183 ἄνευ
805 5130 898 5181 τοῦ
929 5131 1144 5200 ἔχοντος
1202 5131 1375 5197 αὑτὴν
1431 5131 1761 5195 ὑπεξουσίαν

188 5220 450 5275 ἐπιδοῦσα
487 5221 686 5288 ἑαυτὴν
718 5220 872 5290 ἀνδρὶ
902 5219 964 5274 οὑ
1008 5220 1280 5287 λογίζεται
1326 5221 1501 5288 γάμον
1568 5221 1763 5273 συναλ-

186 5313 436 5365 λάσσειν.
466 5311 527 5362 Εἰ
557 5312 666 5379 γὰρ
696 5311 946 5378 βούλεται
975 5314 1002 5364 ὁ
1036 5311 1175 5378 έχων
1209 5311 1536 5374 ὑπεξουσίαν
1585 5313 1756 5376 αὑτὴν

186 5405 485 5456 διασπάσει
519 5404 578 5452 τὸ
608 5403 969 5465 συνοικέσιον,
1001 5402 1076 5464 ὡς
1103 5403 1130 5452 6
1166 5401 1246 5472 λη’
1273 5401 1448 5454 κανὼν
1488 5403 1759 5471 περιέχει,

189 5497 284 5549 καὶ
320 5495 347 5545 6
377 5499 466 5561 μα’
499 5495 592 5546 καὶ
621 5495 649 5545 6
677 5491 788 5562 μβ’.
821 5495 984 5545 Ὅθεν
1020 5495 1204 5562 φησιν,
1268 5496 1362 5546 ἐὰν
1435 5495 1760 5558 αὑτεξουσία.

193 5586 340 5654 χήρα
367 5579 425 5656 ᾖ,
465 5585 558 5634 καὶ
593 5583 681 5634 ἐπ’
720 5584 854 5651 αὐτῇ
891 5585 1090 5648 κεῖται,
1121 5585 1287 5653 ἤγουν
1319 5585 1412 5636 ἐπὶ
1443 5587 1507 5652 τῇ
1543 5584 1758 5650 θελήσει

194 5675 373 5740 αὑτῆς
425 5675 486 5725 τὸ
509 5674 872 5738 ἀκολουθῆσαι
931 5674 1108 5742 ἀνδρὶ,
1139 5676 1166 5724 6
1197 5675 1398 5743 ταύτην
1433 5673 1612 5726 λαϐὼν
1657 5676 1759 5727 οὐκ

188 5765 499 5818 εὐθύνεται.
535 5763 606 5816 Τὸ
638 5764 714 5825 δὲ,
745 5764 865 5816 Τῶν
900 5765 1191 5832 σχημάτων
1248 5765 1377 5834 ἡμῖν
1426 5765 1485 5817 οὑ
1541 5780 1759 5831 φροντι-

1869 4499 2070 4553 auxilio
2092 4498 2299 4567 juvant,
2330 4496 2564 4550 triennio
2598 4495 2687 4551 hic
2714 4496 2798 4550 vir
2821 4507 3042 4551 sanctus
3067 4505 3215 4551 extra
3241 4512 3429 4566 preca-

1871 4594 2043 4646 tiones
2075 4605 2195 4644 csse
2222 4589 2502 4644 decernit:
2538 4589 2640 4642 hoc
2678 4595 2762 4641 est
2793 4588 2844 4641 in
2875 4588 3139 4643 vestibulo
3164 4589 3306 4643 inter
3333 4606 3431 4643 au-

1871 4685 2080 4738 dientes
2109 4681 2435 4738 consistere.
2471 4679 2624 4746 Quod
2657 4680 2703 4734 si
2741 4681 2934 4734 mulier
2963 4681 3150 4734 volens
3196 4683 3426 4751 seipsam

1870 4777 2069 4838 tradat,
2100 4774 2392 4828 dummodo
2424 4771 2626 4827 nullum
2660 4771 3000 4840 praeesserit
3033 4781 3304 4840 stuprum,
3337 4789 3430 4828 ne-

1867 4883 1971 4937 que
1998 4867 2222 4930 furtum,
2261 4867 2362 4922 hoc
2390 4875 2473 4920 est
2499 4864 2706 4919 occulta
2735 4863 3064 4924 commistio.
3097 4865 3222 4919 nulli
3255 4881 3427 4933 paenae

1869 4960 1971 5012 erit
2005 4958 2274 5012 obnoxius
2295 4956 2386 5026 qui
2433 4956 2570 5009 hanc
2595 4955 2887 5023 acceperit,
2910 4955 3105 5024 quippe.
3131 4969 3252 5008 cum
3284 4955 3426 5008 nulla

1868 5045 1952 5098 vis
1981 5043 2373 5107 intercesserit,
2402 5045 2563 5096 modo
2594 5052 2770 5095 tamen
2807 5043 2888 5095 sui
2913 5041 3052 5111 juris
3089 5041 3228 5096 foret
3277 5043 3426 5097 femi-

1869 5150 1959 5188 ua.
2017 5134 2072 5189 Si
2117 5149 2349 5202 namque
2380 5135 2481 5188 sub
2536 5132 2760 5188 alterius
2801 5145 2944 5188 esset
2973 5142 3256 5200 potestate,
3282 5149 3344 5187 ac
3371 5150 3428 5188 se

1869 5227 2074 5294 absque
2107 5224 2224 5292 ejus
2250 5225 2504 5279 facultate
2555 5224 2638 5278 cui
2687 5223 2897 5279 subdita
2944 5235 3024 5278 est
3073 5225 3188 5278 viro
3241 5226 3423 5284 tradit.

1866 5314 2160 5367 conciliare
2191 5313 2599 5367 matrimonium
2628 5314 3040 5382 haudquaquam
3067 5315 3422 5369 existimatur.

1865 5403 1922 5457 Si
1957 5418 2189 5470 namque
2219 5403 2346 5455 velit
2377 5404 2461 5456 ille
2497 5405 2652 5471 cujus
2690 5404 2790 5457 sub
2816 5413 3082 5469 potestate
3102 5412 3201 5466 est.
3233 5406 3425 5459 dissol-

1865 5504 1951 5547 γει
1981 5495 2214 5560 nuptias,
2245 5503 2301 5546 ut
2328 5509 2446 5548 can.
2469 5494 2560 5557 58,
2591 5495 2652 5548 41
2685 5503 2736 5545 ει
2758 5492 2847 5556 42,
2870 5493 3200 5549 decernitur.
3238 5496 3425 5549 Proin-

1865 5587 1928 5638 de
1955 5585 2050 5648 ait,
2078 5585 2124 5638 si
2163 5586 2242 5640 sui
2269 5586 2408 5654 juris
2455 5586 2608 5638 vidua
2645 5585 2824 5648 fuerit,
2870 5595 2924 5638 et
2955 5587 3002 5638 in
3046 5587 3157 5653 ipsa
3191 5588 3422 5654 positum

1866 5687 1965 5739 est,
2006 5676 2260 5728 nimirum
2297 5677 2364 5729 ab
2387 5676 2530 5730 illius
2555 5675 2785 5730 arbitrio
2821 5679 3020 5743 pendet
3054 5679 3204 5744 sequi
3227 5681 3420 5741 virum,

1862 5764 1950 5830 qui
1987 5764 2124 5818 hanc
2155 5765 2362 5833 accepit
2389 5764 2517 5819 nulli
2551 5780 2721 5834 pmnre
2749 5766 3012 5822 obnoxius
3033 5777 3136 5822 cst.
3162 5767 3293 5822 Illud
3327 5784 3421 5823 vc-
