4124 6458
694 403 796 465 687

1934 389 2214 450 TilEOD.
2257 389 2656 450 BALSAMON

3839 382 3948 444 {333

694 515 985 586 risjurandi
1017 527 1188 584 genus
1231 508 1477 572 omnino,
1531 507 1632 561 hoc
1662 514 1744 558 cst
1768 543 1782 567 ,
1816 505 1930 557 sine
1957 503 2063 558 ullo
2092 503 2258 571 tergi-

2367 505 2778 573 ἀπηγόρευται·
2813 501 2974 554 πλέον
3009 501 3064 553 δὲ
3122 499 3395 568 ἐνδέχεται
3459 493 3953 562 ἀπαγορευομένων

698 607 1005 664 versatione
1039 603 1276 675 perfecte
1303 601 1531 655 vetitum
1567 606 1682 659 est,
1742 597 1912 649 multo
1937 610 2066 648 vero
2095 594 2264 663 magis

695 698 1041 766 consequitur
1074 695 1204 749 illud
1254 692 1478 747 vetitum
1529 703 1650 743 esse
1692 702 1754 740 ac
1787 690 2095 740 damnatum
2122 686 2263 753 quod

697 792 768 846 ob
826 789 1024 843 malum
1077 785 1490 855 perpetrandum
1547 781 1830 834 emittitur.
1887 776 2121 830 Proinde
2173 775 2263 843 qui

692 883 954 954 ejusmodi
1009 895 1068 934 se
1119 878 1466 949 jurejurando
1519 871 1808 928 obstrinxit
1868 872 2076 924 diversa
2128 867 2263 920 inire

691 974 918 1029 consilia
943 1012 958 1037 ,
995 973 1098 1026 hoc
1136 979 1243 1034 est,
1283 967 1604 1023 sententiam
1642 974 1848 1018 mutare
1904 971 1956 1015 et
1978 959 2264 1030 .contraria

693 1066 919 1130 sentire,
944 1065 1056 1118 sive
1083 1064 1343 1133 poenitere
1370 1066 1601 1129 oportet.
1630 1055 1834 1110 .luravit
1865 1053 2129 1122 siquidem
2163 1051 2264 1105 ali-

692 1159 816 1227 quis
863 1173 923 1212 se
973 1155 1282 1223 quempiam
1333 1149 1768 1212 interfecturum,
1817 1133 2029 1200 diversa
2099 1144 2264 1214 igitur

690 1251 830 1304 inire
857 1247 1099 1312 consilia,
1147 1248 1248 1299 hoc
1299 1255 1414 1308 est,
1465 1242 1609 1294 aliud
1645 1240 1848 1295 sentire
1885 1253 1947 1292 ac
1980 1236 2264 1306 poenitere,

689 1357 760 1398 ne
789 1342 993 1396 scilicet
1039 1337 1360 1400 interliciat;
1390 1350 1493 1388 non
1523 1343 1703 1386 autem
1741 1332 2072 1400 impietatem
2102 1329 2265 1380 rebus

690 1435 822 1501 ipsis
853 1431 1176 1486 conﬁrmare
1223 1435 1455 1496 oportet.
1485 1425 1540 1478 Si
1568 1424 1688 1492 quis
1729 1423 1894 1484 enim,
1931 1420 2128 1488 inquit,
2153 1415 2266 1487 89

691 1525 845 1577 fratri
878 1539 936 1576 se
989 1521 1175 1574 oculos
1201 1517 1523 1573 eiiossnrum
1561 1515 1796 1583 juravit,
1845 1509 2263 1566 examinandum

691 1623 792 1676 est,
832 1622 1009 1664 ttlrum
1042 1610 1113 1662 sit
1151 1609 1363 1669 melius,
1385 1604 1761 1674 jusjurandum
1794 1611 2166 1665 contemnere,
2196 1612 2263 1651 an

694 1705 888 1756 malum
929 1700 1208 1771 perlicere.
1258 1699 1335 1754 Ac
1363 1698 1405 1751 si
1443 1698 1562 1765 quis
1595 1710 1652 1750 se
1685 1695 1995 1748 mandatum
2042 1689 2260 1759 aliquod

690 1795 1012 1846 violaturum
1033 1793 1254 1860 juravit,
1285 1789 1475 1843 melius
1502 1787 2079 1854 fueritjusjurandum,
2103 1797 2262 1851 quam

2373 595 2516 650 εῖναι
2542 596 2636 650 καὶ
2669 595 3143 664 κατακεκριμένον
3161 593 3250 645 τὸν
3277 591 3368 642 ἐπὶ
3397 586 3556 655 κακῷ
3588 585 3949 655 ὀμνυόμενον.

2373 690 2538 742 Ὥστε
2566 689 2658 740 τὸν
2683 687 2924 739 τοιοῦτον
2955 688 3118 753 ὅρκον
3146 684 3423 753 ὀμόσαντα
3463 679 3834 750 μεταφρονεῖν
3852 676 3950 735 δεῖ,

2371 783 2496 835 ἀντὶ
2549 779 2672 841 τοῦ,
2713 777 3211 844 μεταϐουλεύεσθαι
3261 775 3352 828 καὶ
3389 772 3652 826 τάναντία
3703 771 3951 838 φρονεῖν,

2372 872 2404 941 ἢ
2440 875 2745 941 μετανοεὶν.
2785 872 2992 939 Ὠμοσε
3042 868 3148 938 γάρ
3201 885 3283 930 τις
3319 867 3686 917 ἀποκτεῖναν
3725 863 3809 914 δεῖ
3862 856 3954 912 οὖν

2376 963 2806 1032 μεταφρονῆσαι,
2845 963 3013 1030 ηγουν
3044 959 3206 1028 ἕτερα
3225 956 3497 1027 φρονῆσαι
3525 957 3620 1007 καὶ
3664 953 3954 1024 μεταγνῶ-

2372 1071 2484 1117 ναι,
2515 1054 2716 1122 δηλαδὴ
2740 1054 2813 1122 μὴ
2849 1051 3149 1121 φονεῦσαί·
3186 1050 3302 1103 ἁλλ’
3320 1050 3440 1118 οὐχ).
3463 1050 3551 1100 δια
3574 1049 3670 1114 τῆς
3696 1047 3952 1116 πράξεως

2375 1144 2674 1213 βεϐαιῶσαι
2713 1144 2874 1196 δεῖτὸ
2902 1146 3135 1197 ἀνόσιον.
3171 1143 3232 1194 Εἰ
3271 1145 3379 1211 γάρ
3437 1159 3542 1201 τις,
3575 1140 3766 1206 φησὶν,
3805 1136 3952 1206 ὤμου

2374 1251 2466 1288 σεν
2511 1233 2764 1302 ἐξορύξαι
2815 1236 2941 1294 τοὺς
2971 1233 3283 1302 ὀφθαλμοὺς
3314 1230 3407 1283 τοῦ
3462 1229 3718 1298 ἀδελφοῦ,
3763 1228 3951 1290 ἐξεταο

2375 1327 2530 1379 στέον
2558 1327 2609 1377 τί
2640 1327 2749 1394 ἄρα
2784 1325 3012 1393 βέλτιον,
3038 1326 3289 1392 παριδεῖν
3315 1325 3405 1376 τὸν
3433 1323 3596 1391 ὅρκον
3619 1321 3652 1389 ἢ
3686 1321 3767 1374 είς
3791 1319 3953 1388 ἔργον

2371 1418 2430 1469 τὸ
2461 1416 2629 1470 κακὸν
2661 1417 2916 1483 ἀγαγεῖν.
2955 1418 3063 1468 Καὶ
3097 1420 3145 1469 εί
3176 1416 3359 1486 ὤμοσέ
3387 1433 3472 1477 τις
3506 1414 3732 1483 ἐντολὴν
3766 1430 3949 1481 παρα-

2373 1510 2558 1580 ϐῆναι,
2582 1510 2700 1562 ἐστι
2722 1511 3000 1578 κρεῖσσον,
3024 1510 3343 1580 παραϐῆναι
3365 1509 3456 1562 τὸν
3479 1509 3664 1574 ὅρκον,
3693 1508 3843 1577 ῆτὴν
3872 1509 3956 1558 ὲν-

2372 1603 2559 1672 τολήν.
2602 1603 3008 1672 Ὠμοσα,γὰρ,
3035 1603 3200 1670 φησὶν
3234 1602 3419 1669 Δαδὶδ,
3453 1601 3551 1653 καὶ
3585 1602 3831 1668 Eat-nea
3852 1597 3954 1651 τοῦ

2370 1687 2756 1756 φυλάξασθαι
2792 1691 2863 1742 τὰ
2896 1691 3152 1759 κρίματα
3213 1689 3321 1756 τῆς
3373 1690 3776 1757 δικαιοσύνης
3810 1703 3954 1750 σου,

2371 1780 2494 1848 οὐχὶ
2514 1779 2612 1851 τὴν
2645 1781 2943 1849 ἁμαρτίαν.

689 1887 998 1938 mandatum
1033 1883 1252 1936 violare.
1282 1881 1471 1944 Juravi
1500 1878 1789 1948 siquidem,
1853 1877 2026 1945 inquit
2069 1875 2258 1937 David,
2300 1883 2356 1930 et
2398 1875 2562 1927 statui
2593 1877 2858 1928 custodire
2899 1875 3110 1944 judicia
3135 1874 3364 1943 justitiw
3423 1886 3550 1938 tum,
3612 1889 3722 1928 non
3771 1882 3954 1927 autem

691 1986 1001 2048 peccatum.

756 2065 987 2120 AlilsT.
1013 2067 1144 2120 Can.
1178 2067 1266 2121 ‘29.
1313 2065 1367 2118 Si
1409 2064 1726 2131 simpliciter
1757 2063 1945 2131 jurare
1983 2063 2053 2114 sit
2095 2061 2261 2113 inter-

2432 2051 2824 2107 ΑΡΙΣΤ.Καν.
2862 2053 2964 2104 κθ’.
3027 2051 3088 2103 Et
3146 2054 3522 2121 ἀπηγόρευται
3585 2052 3644 2102 τδ
3706 2051 3953 2116 ὀμνύειν,

689 2158 910 2219 dietum,
944 2157 1111 2208 multo
1139 2155 1306 2221 magis
1336 2155 1399 2206 ad
1425 2154 1623 2204 malum
1656 2149 2098 2219 perpetrandum,
2127 2148 2263 2201 adeo

692 2261 748 2303 ιιι
786 2265 894 2302 non
950 2248 1120 2300 solum
1171 2261 1305 2312 Opus
1352 2244 1684 2311 prohibebis,
1749 2257 1936 2293 verum
1983 2250 2034 2294 et
2087 2240 2263 2305 ipsum

691 2342 832 2409 quod
863 2347 1131 2397 eructant,
1180 2336 1570 2402 juramentnm.
1623 2331 1791 2400 Hujus
1841 2341 2020 2384 autem
2061 2329 2262 2383 medela

690 2435 741 2485 in
777 2430 974 2498 duplici
1026 2429 1275 2481 consistit
1331 2426 1733 2490 admonitione;
1793 2439 1898 2476 non
1946 2423 2155 2491 jurare,
2209 2429 2263 2474 et

688 2522 825 2593 quod
860 2521 1090 2586 Speciem
1122 2518 1289 2572 refert
1319 2518 1612 2585 jurameuti
1638 2517 1954 2579 reprimere.
1983 2514 2132 2578 Quod
2165 2527 2261 2565 au-

691 2627 796 2667 tem
823 2613 1061 2679 jnratum
1091 2618 1173 2662 est
1202 2619 1532 2676 perpetrare,
1561 2607 1854 2658 absurdum
1887 2616 1989 2659 cst.

760 2702 1105 2769 Magistratus
1130 2698 1389 2765 subjectis
1441 2697 1812 2750 malefaciendi
1841 2706 2159 2764 prmtextum
2194 2709 2259 2746 ne

686 2794 969 2850 inveniant
998 2791 1386 2859 juramentum.
1409 2787 1546 2854 Quid
1585 2791 1751 2852 enim,
1775 2788 2260 2858 juravitquiSpiam

689 2897 786 2936 eos
833 2885 924 2950 qui
962 2880 1061 2932 sub
1118 2879 1287 2945 ipsius
1327 2879 1437 2933 sint
1481 2889 1747 2947 potestate
1795 2882 1984 2932 morbo
2023 2878 2257 2939 allicere,

688 2985 744 3027 et
778 2975 875 3026 sub
911 2972 1126 3040 pictatis
1169 2969 1351 3022 habitu
1384 2968 1712 3036 impietatem
1761 2982 1910 3020 suam
1939 2969 2261 3019 conﬁrmare

688 3065 878 3117 vellet?
938 3062 1213 3128 Duplicem
1272 3060 1454 3128 itaque
1507 3058 1767 3112 medelam
1829 3058 1919 3112 tali
1977 3057 2258 3119 adhibeas,

691 3169 799 3207 uno
834 3154 1050 3222 quidem
1080 3152 1238 3204 modo
1267 3165 1388 3204 eum
1426 3149 1653 3203 edoceas
1701 3163 1801 3202 non
1852 3148 2011 3201 facile
2053 3148 2256 3214 jurare,

689 3248 793 3298 alio
844 3255 1022 3296 autem
1079 3243 1132 3295 in
1188 3242 1342 3295 malis
1391 3242 1717 3310 juramentis
1771 3254 1874 3291 non
1946 3239 2256 3306 persistere.

687 3337 874 3402 Neque
903 3334 1045 3387 enim
1076 3332 1275 3387 Herodi
1307 3330 1495 3396 jttrare
1547 3329 1788 3397 profuit;
1826 3345 1946 3381 nam
1992 3345 2056 3381 ne
2106 3330 2257 3396 peju-

2364 2143 2424 2195 τὸ
2475 2145 2564 2194 ἐπὶ
2638 2142 2716 2212 τῷ
2766 2142 3015 2193 κακῶσαι
3073 2143 3272 2210 μᾶλλον
3312 2158 3324 2172 ο
3366 2141 3506 2192 ὥστε
3556 2143 3630 2210 μὴ
3697 2144 3862 2209 μόνον
3899 2145 3957 2194 τί)

2368 2237 2527 2305 ἔργον
2601 2234 2874 2304 κωλύσῃς,
2927 2234 3065 2287 ἀλλὰ
3123 2238 3213 2286 καὶ
3259 2236 3420 2287 αὑτὸν
3473 2235 3532 2287 ὃν
3585 2234 3958 2304 ἁπερεύγεται

2366 2327 2554 2396 ὅρκον.
2590 2326 2872 2395 Θεραπεία
2942 2326 2997 2377 δὲ
3065 2326 3261 2379 τούτου
3286 2327 3437 2396 διττὴ
3496 2328 3751 2377 νουθεσία
3789 2344 3803 2357 ·
3865 2326 3958 2378 τοῦ

2372 2418 2446 2486 μὴ
2482 2417 2729 2486 ὀμνύειν,
2765 2419 2860 2470 καὶ
2919 2419 3155 2482 κώλυσις
3203 2419 3296 2472 τοῦ
3358 2422 3712 2489 προσχήματι
3769 2421 3953 2487 ὅρκου.

2367 2509 2634 2577 Πράττειν
2669 2509 2728 2560 τὸ
2757 2509 2952 2577 ὀμοθὲν
2987 2511 3204 2564 ἄτοπον.

2417 2692 2507 2762 Μὴ
2570 2694 2842 2761 πρόφασιν
2865 2694 2958 2746 τοῦ
2993 2697 3309 2748 κακοποιεῖν
3340 2698 3465 2758 τοὺς
3493 2700 3836 2768 ἀρχομένους
3867 2703 3954 2753 εὑ,

2366 2781 2700 2847 ρισκὲτωσαν
2725 2783 2814 2834 τὸν
2847 2783 3008 2851 ὅρκον
3037 2786 3083 2834 οἱ
3113 2785 3390 2851 ἄρχοντες.
3415 2787 3480 2837 Τί
3504 2790 3630 2856 γὰρ,
3666 2789 3851 2859 ὤμοσέ
3877 2809 3954 2854 τ.ς

2366 2871 2618 2924 κακῶσαί
2649 2891 2770 2924 τινα
2795 2875 2902 2925 τῶν
2962 2875 3066 2926 ὑπὸ
3103 2879 3281 2943 χεῖρα,
3312 2881 3406 2930 καὶ
3457 2884 3819 2950 προσχήματι
3867 2886 3953 2936 εὑ-

2364 2961 2586 3024 ).α6είας
2618 2965 2718 3032 τὴν
2751 2965 3019 3034 πονηρίαν
3081 2969 3245 3020 αὑτοῦ
3307 2971 3558 3038 βούλεται
3614 2974 3948 3042 βεδαιώσαις

2365 3055 2714 3124 Θεράπευσον
2740 3059 2869 3124 γοῦν
2901 3060 2992 3110 τὸν
3024 3064 3263 3113 τοιοῦτον
3310 3065 3505 3128 διττῶς
3532 3085 3545 3096 ·
3573 3069 3698 3121 καθ’
3729 3070 3826 3122 ἕνα
3861 3072 3952 3141 μὲν

2364 3150 2566 3216 τρόπον
2589 3149 2799 3212 δίδαξον
2851 3151 3014 3202 αὑτὸν
3061 3152 3137 3222 μὴ
3173 3155 3395 3221 ὀμνύειν
3450 3162 3759 3230 προχείρως
3789 3181 3802 3193 ο
3836 3164 3952 3216 καθ’

2365 3240 2552 3306 ἕτερον
2585 3239 2638 3288 δὲ
2665 3239 2741 3308 μὴ
2771 3241 3050 3307 ἐπιμένειν
3083 3244 3141 3293 ἐν
3197 3249 3315 3307 ταῖς
3346 3249 3482 3317 πρὸς
3513 3251 3573 3301 τὸ
3592 3253 3768 3304 κακὸν
3802 3257 3951 3326 εὐορ-

2366 3329 2548 3391 κίαις·
2602 3331 2682 3382 ὅτι
2739 3331 2874 3398 μηδὲ
2949 3332 3168 3406 Ἡρώδῃ
3225 3339 3490 3408 συνέφερε
3529 3343 3947 3413 εὐορκήσαντι’

695 3436 864 3488 raret,
898 3425 1208 3492 prophetam
1235 3421 1451 3475 occidit.
1489 3420 1780 3474 illiusmodi
1809 3420 1951 3472 enim
1982 3419 2252 3486 jusjuran-

2368 3419 2456 3470 διὰ
2489 3420 2594 3488 γὰρ
2623 3419 2684 3470 τὸ
2717 3391 2814 3487 μὴ⁷
2852 3391 3207 3491 ἐπιορκῆσαι,
3278 3391 3474 3493 φονευς

687 3521 813 3571 dum
850 3519 1006 3569 debet
1036 3514 1303 3582 quispiam
1356 3512 1673 3565 inviolatum
1717 3525 1958 3573 scrvare,
2010 3509 2150 3577 quod
2193 3509 2260 3561 ad

684 3607 912 3674 justitizn
948 3604 1146 3658 divinae
1187 3602 1394 3671 judicio
1454 3602 1787 3656 observanda
1827 3602 2058 3670 'juravit.
2117 3601 2259 3653 Istud

691 3706 897 3758 autem,
919 3693 1060 3762 quod
1093 3693 1144 3745 in
1177 3701 1454 3760 peccatum
1483 3691 1652 3742 fertur
1677 3702 1728 3742 et
1765 3690 1987 3755 alicujus
2007 3692 2259 3742 damnum

676 3785 834 3840 «omni
870 3784 1025 3838 modo
1057 3783 1333 3837 infirmare
1365 3790 1419 3834 et
1447 3780 1628 3834 delere
1658 3788 1892 3848 oportet.

1275 3957 1501 4014 CANON
1533 3957 1703 4012 XXX.

696 4060 771 4115 De
797 4059 882 4114 his
907 4057 1001 4127 qui
1035 4057 1274 4124 rapiunt,
1306 4070 1572 4108 canoncm
1603 4056 1816 4122 quidem
1849 4055 2125 4123 antiquum
2155 4071 2261 4108 non

765 4151 1046 4213 habemus,
1089 4150 1181 4200 sed
1235 4147 1509 4214 propriam
1547 4148 1872 4200 sententiam
1915 4147 2260 4214 protulimus,

760 4256 818 4297 nt
857 4241 957 4310 ipsi
990 4251 1044 4294 et
1089 4240 1181 4307 qui
1210 4252 1330 4290 cum
1362 4238 1442 4290 eis
1477 4239 1714 4304 rapiunt,
1750 4237 1923 4290 tribus
1955 4239 2112 4289 annis
2155 4239 2262 4290 sint

763 4345 914 4388 extra
963 4329 1258 4383 orationes.
1291 4325 1443 4390 Quod
1489 4336 1666 4378 autem
1707 4326 1972 4379 violenter
2023 4342 2126 4378 non
2171 4327 2262 4389 sit,

768 4423 893 4476 nulli
926 4430 1007 4473 est
1047 4433 1220 4486 preme
1252 4417 1568 4480 obnoxium,
1603 4419 1818 4483 quando
1861 4432 1961 4469 nec
2015 4426 2258 4485 stuprum

768 4530 863 4567 nec
902 4513 1101 4563 furtum
1150 4518 1261 4561 rent
1313 4506 1695 4575 praecesserit:
1733 4517 1816 4559 est
1869 4518 2047 4560 autem
2101 4508 2259 4560 vidua

764 4606 845 4658 sui
891 4603 1047 4670 juris,
1090 4610 1136 4652 et
1194 4600 1246 4650 in
1305 4598 1420 4661 ejus
1467 4603 1550 4649 est
1582 4607 1849 4664 potestate
1879 4601 2050 4664 sequi.
2085 4599 2263 4663 Quare

767 4710 872 4749 non
906 4703 987 4745 est
1028 4691 1182 4743 nobis
1208 4687 1498 4756 ﬁgurarum
1524 4700 1587 4738 ac
1617 4697 1972 4754 praetexuntur
2000 4690 2105 4742 ulla
2132 4705 2258 4742 cura
2294 4719 2338 4772 ο

764 4784 1019 4853 gerenda.

762 4875 953 4930 BALS.
1010 4873 1064 4926 In
1102 4886 1221 4924 can.
1286 4870 1355 4924 67
1421 4871 1736 4939 apostolico,
1784 4872 1834 4923 in
1870 4870 2128 4924 Chalced.
2163 4871 2255 4934 ‘27,

693 4973 744 5024 in
777 4966 967 5038 synodi
1010 4967 1059 5018 in
1091 4963 1275 5018 Trulio
1307 4963 1396 5026 92,
1438 4973 1491 5016 et
1529 4965 1578 5015 in
1612 4966 1896 5030 prresentis
1951 4963 2126 5016 sancti
2163 4963 2255 5026 22,

695 5061 860 5111 multa
897 5056 1216 5122 scripsimus
1251 5057 1315 5107 de
1350 5056 1413 5106 iis
1445 5055 1533 5122 qui
1567 5055 1779 5121 rapiunt
1813 5055 2088 5116 mulieres,
2117 5055 2262 5108 etde

696 5153 762 5203 iis
811 5149 900 5216 qui
954 5146 1057 5197 illis
1115 5145 1480 5197 consentiunt.
1541 5144 1609 5197 Et
1666 5147 1780 5212 lege
1812 5157 1976 5209 ea,ct
2015 5161 2135 5214 cap.
2165 5145 2255 5209 50,

697 5243 830 5294 tituli
882 5241 913 5293 9
949 5239 1230 5307 praisentis
1277 5239 1453 5304 operis
1508 5253 1522 5289 :
1577 5253 1811 5305 praesms
1867 5251 2042 5291 autem
2079 5255 2251 5293 canon

699 5331 943 5383 decernit
1002 5337 1242 5394 raptores
1294 5337 1346 5378 et
1411 5327 1499 5393 qni
1565 5327 1668 5380 illis
1716 5329 2076 5391 consentiunt,
2133 5343 2253 5382 esse

695 5420 927 5474 triennio
964 5429 1116 5472 extra
1147 5417 1438 5480 orationes,
1488 5426 1634 5470 stare
1679 5418 1880 5470 SciiiCCI
1908 5435 2026 5471 cum
2064 5419 2130 5472 iis
2161 5421 2249 5488 qui

696 5510 920 5562 audiunt
971 5518 1239 5574 oportere.
1301 5505 1393 5556 Sin
1452 5517 1652 5569 autem,
1708 5507 1902 5574 inquit,
1946 5509 2138 5562 mulier
2167 5525 2252 5562 se—

697 5610 870 5667 tpsaui
926 5611 1022 5650 Sua
1071 5610 1260 5662 spome
1325 5596 1621 5658 tradiderit,
1680 5594 1801 5648 cum
1846 5611 1944 5650 nec
1985 5609 2252 5665 stuprum,

697 5705 792 5742 nec
842 5688 1063 5751 furtum,
1094 5689 1194 5740 hoc
1222 5695 1304 5740 est
1340 5685 1709 5739 clandestinus
1750 5688 2067 5743 concubitus
2116 5706 2255 5759 prm-

693 5780 986 5843 ccssissel,
1057 5780 1179 5831 nulli
1237 5788 1316 5834 cet
1378 5778 1589 5833 crimini
1658 5780 1920 5834 obnoxius
1978 5784 2063 5849 qui
2129 5799 2250 5834 eam

2368 3514 2668 3578 προφήτου.
2716 3512 2952 3563 Ἐκεῖνον
2983 3514 3092 3581 γάρ
3131 3531 3215 3578 τις
3241 3519 3334 3569 τὸν
3366 3521 3532 3588 ὅρκον
3567 3524 3780 3591 ὀφείλει
3815 3530 3952 3594 ἁμε.

2367 3604 2669 3673 τάτρεπτον
2709 3604 3023 3672 φυλάττειν,
3062 3607 3119 3658 δν
3150 3609 3365 3677 ὤμοσεν
3438 3617 3530 3665 ἐπὶ
3577 3618 3655 3685 τῷ
3714 3621 3951 3687 φυλάξαι

2365 3698 2433 3747 τὰ
2461 3699 2706 3765 κρίματα
2733 3698 2831 3766 τῆς
2864 3699 2958 3749 τοῦ
2989 3699 3126 3752 Θεοῦ
3169 3702 3525 3776 δικαιοσύνης
3557 3726 3571 3739 ·
3615 3713 3708 3762 τὸν
3769 3715 3828 3765 δὲ
3860 3719 3950 3767 ἐπὶ

2365 3797 2427 3861 τῇ
2458 3793 2705 3862 ἁμαρτίᾳ
2733 3793 3036 3860 προϐάντα,
3066 3799 3156 3848 καὶ
3195 3799 3441 3853 κακώσει
3469 3804 3616 3867 τινὸς
3677 3811 3951 3872 παντοίως

2368 3882 2706 3951 ἁκυροῦσθαι
2745 3884 3040 3953 προσήκει,
3071 3887 3165 3938 καὶ
3193 3889 3582 3956 ἀφανίζεσθαι.

2994 3981 3236 4034 ΚΑΝΩΝ
3269 3985 3348 4035 Λ’.

2363 4065 2502 4134 Περὶ
2553 4068 2665 4119 τῶν
2739 4070 3101 4138 ἁρπαζόντων
3176 4077 3377 4129 κανόνα
3422 4077 3522 4145 μὲν
3565 4079 3800 4135 παλαιὸν
3852 4086 3950 4136 οὐκ

2437 4155 2657 4225 ἔχομεν,
2741 4161 2876 4212 ἰδίαν
2961 4162 3017 4213 δὲ
3042 4163 3269 4234 γνώμην
3346 4168 3752 4237 ἐποιησάμεθα,
3824 4175 3948 4243 τρία

2431 4249 2524 4318 ἔτη
2559 4253 2653 4303 καὶ
2680 4254 2877 4316 αὐτοὺς
2918 4259 3011 4308 καὶ
3069 4261 3195 4320 τοὺς
3256 4263 3706 4328 συναρπάζοντας
3763 4269 3949 4328 αὐτοῖς

2434 4340 2538 4403 ἔξω
2561 4343 2666 4394 τῶν
2706 4345 2880 4413 εὐχῶν
2909 4349 3176 4412 γίνεσθαι.
3213 4351 3284 4402 Τὸ
3315 4351 3370 4403 δὲ
3397 4353 3472 4422 μὴ
3505 4355 3698 4422 βιαίως
3721 4361 3947 4428 γινόμε-

2437 4449 2528 4484 νον
2556 4433 2852 4488 ἀνεύθυνόν
2878 4439 3028 4502 ἐστι,
3055 4441 3182 4494 ὅταν
3216 4443 3290 4513 μὴ
3313 4445 3486 4516 φθορὰ
3517 4443 3573 4520 ᾖ,
3604 4450 3740 4516 μηδὲ
3770 4452 3946 4522 κλοπὴ

2435 4524 2715 4594 ἡγουμένη
2748 4527 2839 4579 τοῦ
2870 4531 3196 4600 πράγματος
3219 4551 3230 4563 ·
3265 4536 3592 4599 αὑτεξουσία
3622 4540 3678 4592 δὲ
3711 4544 3744 4609 ἠ
3777 4548 3944 4612 χήρα,

2438 4617 2530 4666 καὶ
2556 4617 2641 4668 ἐπ’
2673 4617 2809 4688 αὐτῇ
2859 4621 2919 4672 τὸ
2966 4623 3349 4691 ἀκολουθῆσαι.
3384 4626 3546 4679 Ὥστε
3575 4630 3685 4682 τῶν
3731 4637 3942 4702 σχημά·

2441 4724 2549 4758 των
2576 4707 2706 4776 ἡμῖν
2730 4711 2788 4761 οὐ
2809 4714 3180 4778 φροντιστέον.

2431 4885 2626 4938 ΒΑΛΣ.
2665 4886 2762 4947 Εἰς
2816 4886 2907 4938 τὸν
2937 4887 3020 4952 ξζ¹
3049 4892 3410 4948 ἀποστολικὸν
3443 4903 3665 4965 κανόνα,
3727 4908 3810 4969 είς
3856 4910 3945 4962 τόν

2363 4974 2443 5068 κζ’
2635 4977 2691 5026 ὲν
2740 4977 3086 5046 Χαλκηδόνι,
3150 4985 3221 5046 είς
3291 4989 3381 5040 τὸν
3439 4988 3522 5057 ιβ’
3586 4993 3684 5060 τῆς
3740 4998 3800 5048 ὲν
3868 5001 3945 5068 τῷ

2362 5063 2638 5134 Τροὺ).λῳ,
2674 5069 2768 5119 καὶ
2797 5071 2877 5130 εἰς
2910 5071 3000 5122 τὸν
3034 5073 3118 5141 κβ¹
3140 5076 3234 5126 τοῦ
3279 5081 3552 5147 παρόντος
3598 5086 3783 5152 ἁγίου,
3826 5063 3942 5143 δειὶζ

2367 5170 2508 5221 φορα
2563 5155 2897 5224 ξέγράψαμεν
2949 5160 3077 5230 περὶ
3144 5164 3253 5215 τῶν
3321 5168 3680 5235 ἁρπαζόντων
3746 5183 3939 5242 γυναῖ‹

2364 5259 2484 5305 κας,
2544 5246 2633 5294 καὶ
2689 5248 2815 5313 περὶ
2875 5250 2982 5300 τῶν
3052 5259 3458 5324 σνναιρομένων
3547 5264 3761 5325 αὐτοῖς.
3825 5271 3932 5321 Καὶ

2363 5335 2638 5400 ἀνάγνωθι
2673 5337 2872 5401 ταῦτα,
2901 5339 2996 5392 καὶ
3023 5343 3084 5392 τὸ
3115 5343 3158 5393 λ’
3192 5363 3315 5416 mago.
3360 5351 3452 5400 τοῦ
3521 5353 3566 5403 6'
3599 5355 3783 5408 τίτλου
3846 5360 3936 5410 τοῖο

2363 5427 2630 5495 παρόντος
2660 5431 3065 5499 συντάγματος.
3112 5436 3172 5487 '0
3198 5437 3253 5489 δὲ
3311 5441 3503 5508 παρὼν
3561 5447 3748 5498 κανὼν
3775 5451 3939 5501 διορί-

2363 5517 2516 5580 ζεται
2546 5521 2638 5571 ἐπὶ
2671 5523 2916 5588 τριετίαν
2953 5526 3079 5588 τοὺς
3111 5528 3369 5596 ἅρπαγας
3406 5537 3498 5584 καὶ
3529 5539 3656 5596 τοὺς
3690 5556 3937 5596 συναιοο·

2367 5608 2564 5676 μένους
2595 5610 2777 5672 αὐτοῖς
2810 5615 3054 5680 γίνεσθαι
3083 5619 3188 5681 ἔξω
3221 5621 3330 5672 τῶν
3358 5625 3554 5692 εὐχῶν,
3584 5629 3755 5697 ἡγοιν
3787 5593 3936 5685 ἵστα-

2367 5698 2491 5748 σθαι
2520 5699 2656 5764 μετὰ
2691 5701 2798 5751 τών
2839 5703 3228 5774 ἀκροωμένων.
3295 5712 3356 5764 Et
3398 5713 3455 5763 δὲ
3508 5715 3713 5769 ἑκοῦσα
3779 5725 3933 5791 γυνὴ,

2368 5789 2520 5854 φησὶ,
2559 5790 2724 5859 ἐπιδῷ
2755 5793 3013 5846 ἐπιδοῦσα
3063 5798 3259 5868 ἑαυτὴν
3315 5801 3388 5869 μὴ
3444 5789 3932 5881 προηγησαμένηέ,
