4124 6464
191 380 298 438 θὲθ

1126 385 1210 447 ΙΝ
1237 387 1480 452 EPIST.
1515 392 1578 451 S.
1614 391 1899 452 BASILII
1946 393 2388 457 CANONICAM
2431 393 2512 456 II.

3326 394 3431 458 C93

186 492 422 559 φθορᾶς,
490 493 622 562 μηδὲ
671 492 898 563 κλοπῆς,
958 495 1128 566 ἧγουν
1221 500 1492 570 λαθραίας
1543 504 1764 572 μίξεως,

1874 508 2102 574 accepit.
2143 506 2406 562 Similiter
2435 507 2566 560 nulli
2602 521 2816 576 quoque
2845 521 3016 578 petite
3042 517 3122 562 est
3157 505 3429 570 subjectus

187 581 490 644 ἁνεὺθυνὸς
526 584 678 635 ἐστιν
706 583 736 636 6
778 583 983 654 ταύτην
1011 583 1218 644 λαδών.
1236 589 1511 656 Ὡσαύτως
1536 595 1763 649 άνεὺθυο

184 673 274 734 v6;
309 675 430 727 ἐστι
482 675 580 729 καὶ⁵
663 675 692 726 6
753 676 930 746 χήραν
959 677 1314 746 αὑτεξουσίαν
1337 689 1766 755 τοιοντοτρόπως

187 765 618 832 ἀναλαϐόμενος.
647 765 721 818 Τὸ
746 766 824 842 δὲ,
850 768 972 822 Τῶν
1026 772 1326 841 σχημάτων
1348 777 1481 844 ἡμῖν
1517 779 1577 830 οὑ
1605 796 1768 848 φρον-

183 857 425 915 τιστέον.
471 855 713 911 τοιοῦτόν
765 860 952 912 ἐστιν’
999 859 1125 915 Ἐὰν
1161 864 1324 935 γυνὴ,
1382 869 1568 935 φησὶν,
1637 869 1767 933 ἴσως

182 948 481 1018 αἰδουμένη
513 949 794 1004 ἐπιδοῦναι
824 952 1028 1022 ἑαυτὴν
1061 954 1138 1022 τῷ
1175 958 1381 1029 ἐραστῇ
1421 961 1451 1028 ἢ
1486 961 1565 1030 τῷ
1621 964 1763 1032 ὲρω-

188 1040 342 1108 μένῳ
371 1044 652 1110 χαμερπεῐ
675 1041 787 1094 ὄντι
827 1045 1237 1113 έσχηματίσατο
1263 1048 1606 1119 άρπαγῆναι,
1631 1052 1767 1119 πρὸς

185 1131 459 1199 ἀλήθειαν
489 1134 761 1196 ἑκουσίως
792 1135 940 1204 αὑτῷ
985 1137 1377 1208 ἠκολούθησεν,
1445 1143 1506 1195 οὑ
1544 1145 1768 1212 φροντί-

188 1226 361 1292 ζομεν
389 1223 495 1276 τοῦ
552 1227 971 1296 σχηματισμοῦ,
1036 1231 1204 1301 ῆγουν
1241 1233 1340 1301 τῆς
1399 1235 1763 1303 ὑποκρίσεως,

187 1315 332 1369 ἀλλὰ
355 1320 420 1386 τῇ
449 1317 676 1390 ἀληθείᾳ
705 1325 1066 1392 προσέχομεν.
1107 1327 1218 1378 Καὶ
1243 1328 1518 1395 ἀνάγνωθι
1561 1329 1652 1382 τὸν
1686 1328 1766 1396 νγ¹

189 1408 423 1472 κανόνα,
455 1411 816 1483 συντρέχοντα
839 1418 902 1486 τῇ
940 1416 1165 1490 τοιαύτῃ
1190 1421 1475 1492 ἑρμηνείᾳ.
1495 1422 1567 1474 Τὸ
1584 1422 1768 1491 μέντοι

190 1500 494 1553 ἀνεύθυνον
560 1499 704 1556 εἶναι
781 1505 873 1556 τὸν
925 1507 1256 1576 ἁρπάσαντα
1329 1515 1568 1577 γυναῖκα
1629 1514 1770 1568 κατὰ

188 1590 414 1659 θέλησιν
444 1594 633 1667 αὑτῆς,
662 1597 742 1657 είς
772 1598 830 1648 τὸ
856 1595 928 1668 μὴ
961 1600 1355 1671 ὲπιτιμηθῆναι
1384 1603 1572 1657 τοῦτον
1603 1605 1766 1659 ἐκλα-

187 1683 310 1736 ϐοῦ.
361 1686 418 1738 Ὀ
474 1688 580 1758 γὰρ
633 1689 891 1760 ἁρπαγὴν
933 1693 1293 1759 αὑτεξουσίας
1353 1696 1384 1766 ἢ
1444 1697 1769 1763 ὑπεξουσίας

188 1779 462 1842 γυναικὸς
503 1783 900 1850 ποιησάμενος,
951 1785 1062 1836 είτε
1101 1787 1243 1839 κατὰ
1301 1787 1522 1857 θέλησιν
1567 1790 1764 1858 αὐτῆς,

185 1867 220 1935 ἢ
255 1869 348 1918 καὶ
378 1869 521 1921 κατὰ
557 1871 727 1938 μόνην
759 1874 971 1925 οίκείαν
1004 1875 1284 1946 βούλησιν,
1318 1877 1396 1948 τῷ
1428 1880 1561 1949 περὶ
1592 1881 1771 1950 ἁρπα-

185 1959 294 2025 γῆς
323 1960 474 2028 νόμῳ
495 1963 740 2030 ἐνέχεται
782 1967 862 2026 εἱς
886 1965 1170 2034 ἐκδίκησιν
1213 1969 1314 2037 τῆς
1377 1970 1606 2036 ἀταξίας
1658 1970 1767 2025 τῶν

188 2048 408 2101 πολλῶν
460 2053 555 2103 καὶ
614 2053 917 2124 άναστολὴν
964 2057 1070 2108 τῶν
1138 2057 1345 2112 λοιπῶν
1374 2077 1388 2091 ·
1439 2060 1620 2125 καθὼς
1643 2061 1769 2116 τοῦ-

188 2159 249 2192 το
315 2145 451 2212 φησι
500 2144 560 2196 τὸ
595 2143 645 2198 α’
695 2162 822 2214 κεφ.
892 2149 986 2199 τοῦ
1043 2149 1124 2220 νη⁹
1181 2151 1364 2205 τίτλον
1422 2154 1515 2206 τοῦ
1586 2155 1631 2219 ξ’
1681 2155 1768 2225 βι-

185 2233 342 2285 6).ίου
387 2235 514 2305 περὶ
543 2236 604 2289 τὸ
643 2238 796 2300 τέλος
850 2238 993 2291 οὑτω
1047 2240 1208 2308 λέγον
1242 2259 1256 2274 ο
1299 2245 1363 2296 Δί
1402 2243 1458 2296 δὲ
1506 2246 1768 2315 τιμωρίαι

186 2328 293 2395 τῆς
324 2326 626 2392 διατάξεως
657 2331 830 2382 πᾶσαι
871 2331 1122 2386 ἔστωσαν
1154 2336 1278 2386 κατ’
1304 2336 1486 2388 αὑτῶν
1531 2337 1642 2393 τῶν
1665 2339 1768 2408 άρο

184 2419 490 2471 πασάντων
525 2421 620 2472 καὶ
645 2420 1031 2491 βοηθησάντων
1063 2426 1250 2488 αὑτοῖς
1315 2427 1375 2478 έν
1416 2430 1482 2498 τῇ
1517 2428 1770 2502 ἁρπαγῇ.

183 2511 251 2562 OE
283 2511 469 2578 μέντοι
494 2513 801 2576 συνειδότες
834 2516 929 2566 καὶ
969 2515 1443 2586 ὑπηρετήσαντες,
1473 2522 1569 2574 καὶ
1639 2523 1769 2576 ὑποη

183 2603 478 2672 δεξάμενοι
509 2606 541 2674 ἢ
570 2606 689 2657 οἵαν
705 2607 766 2676 δή
797 2623 918 2659 τινα
953 2610 1186 2677 σπουδὴν
1211 2611 1393 2674 αὑτοῖς
1423 2615 1772 2679 συνενεγκόν-

184 2712 306 2760 τες,
332 2698 397 2766 τῇ
426 2697 695 2768 εἰρημένῃ
730 2699 976 2768 τιμωρίᾳ
1012 2699 1449 2764 ὑποκείσθωσαν,
1501 2704 1610 2755 εἴτε
1642 2704 1769 2773 βου-

186 2793 442 2860 λομένων
470 2792 577 2844 τῶν
631 2795 911 2861 γυναικῶν
935 2794 1046 2846 εῐτε
1088 2797 1182 2847 καὶ
1218 2797 1291 2865 μὴ
1333 2795 1676 2862 βουλομένων
1734 2799 1767 2867 ἡ

188 2883 424 2953 ἁρπαγὴ
459 2885 678 2952 γέγονε.
709 2885 880 2938 Τοῦτο
911 2886 968 2938 δὲ
998 2887 1192 2955 ἐκρίθη
1229 2887 1372 2940 οὕτω
1441 2888 1537 2940 καὶ
1596 2890 1676 2951 είς
1710 2889 1770 2942 τὸ

191 2975 480 3045 βασιλικὸν
507 2975 662 3044 βῆμα
698 2977 793 3028 ἐπὶ
827 2979 891 3045 τῇ
917 2976 1174 3029 ὑποθέσει
1217 2977 1311 3029 τοὺ
1345 2977 1450 3046 Σὴθ
1483 2979 1771 3046 ἁρπάσαν-

188 3085 290 3129 τος
328 3067 428 3136 τὴν
463 3067 743 3134 θυγατέρα
774 3067 871 3120 τοῦ
914 3069 1298 3135 νεοφωτίστου.
1366 3069 1426 3120 El
1477 3069 1533 3121 δὲ
1598 3068 1773 3129 θέλεις

187 3160 374 3211 είπεῖν
397 3159 471 3228 μὴ
522 3159 777 3225 γενέσθαι
818 3161 896 3220 είς
935 3160 1034 3228 τὴν
1120 3164 1360 3226 γυναῖκα
1411 3162 1477 3228 τῇ
1537 3157 1842 3248 ἀληθείας

189 3249 478 3321 ἁρπαγὴν,
511 3251 647 3303 ἀλλὰ
706 3251 851 3303 κατὰ
908 3252 1295 3320 προσποίησιν,
1341 3251 1526 3314 καθὼς
1570 3250 1775 3304 ἀνωθεν

189 3344 450 3411 εἴπομεν,
519 3342 646 3394 οὔτε
678 3343 745 3394 τὰ
773 3342 1033 3410 ἐπιτίμια
1060 3342 1242 3404 ἕξουσι
1301 3341 1509 3410 χώραν,
1542 3341 1665 3394 οὔτε
1721 3345 1772 3395 οί

189 3437 351 3502 νόμοι
395 3437 444 3487 οἱ
469 3434 791 3496 κολάζοντες
826 3434 950 3494 τοὺς
979 3434 1238 3500 ἅρπαγας
1262 3450 1276 3464 ·
1313 3434 1516 3502 μόνῃδὲ
1549 3437 1615 3502 τῇ
1646 3434 1774 3502 περὶ

190 3526 412 3595 ὕϐρεως
461 3527 654 3591 ἀγωγῇ
689 3524 863 3593 ἔνοχοι
893 3524 1107 3574 ἔσονται
1143 3525 1257 3585 τοῖς
1306 3524 1547 3592 πατράσι
1575 3526 1624 3577 οἱ
1675 3525 1774 3579 λα-

194 3618 390 3678 ϐόντες
417 3616 516 3678 τὰς
542 3616 888 3679 ὑπεξουσίας,
913 3615 1167 3668 τοσοῦτον
1194 3615 1275 3668 ὅτι
1302 3616 1395 3668 καὶ
1430 3617 1458 3668 6
1480 3617 1771 3686 γενόμενος

189 3711 376 3777 γάμος
413 3710 576 3772 μέσον
604 3707 810 3760 τούτων
837 3706 987 3775 παρὰ
1012 3707 1242 3775 γνώμην
1270 3707 1376 3758 τῶν
1411 3708 1644 3776 ἐχόντων
1672 3708 1771 3759 αὑ-

189 3803 296 3862 τάς
329 3799 656 3864 ὑπεξουσίας
690 3798 1181 3866 διασπασθήσεται.
1217 3799 1328 3851 Καὶ
1377 3798 1654 3866 ἀνάγνωθι
1681 3798 1774 3850 τὸν

187 3887 280 3955 λη’
309 3889 514 3940 κανόνα
547 3885 641 3938 τοῦ
669 3884 827 3951 ἁγίου
879 3883 1095 3950 τούτου,
1130 3887 1221 3937 τὸν
1258 3884 1352 3952 μα’
1378 3886 1472 3938 καὶ
1540 3886 1632 3938 τὸν
1662 3884 1772 3954 μβ’.

190 3976 399 4038 Καλῶς
431 3976 486 4027 δὲ
547 3971 794 4042 ἐμνήσθη
821 3974 846 4025 6
869 3972 1026 4039 ἅγιος
1056 3973 1263 4041 φθορᾶς
1292 3975 1386 4026 καὶ
1421 3973 1649 4040 κλοπῆς.
1706 3973 1768 4027 Ἠ

196 4065 302 4132 μὲν
348 4062 458 4131 γάρ
517 4061 691 4130 φθορά
721 4057 924 4127 κυρίως
961 4058 1170 4125 γίνεται
1235 4060 1314 4122 είς
1345 4059 1444 4130 τὴν
1477 4060 1768 4129 παρθένον·

188 4155 225 4220 ἡ
269 4152 326 4204 δὲ
403 4147 739 4223 κλεψιγαμία
797 4147 876 4208 είς
972 4146 1048 4216 μὴ
1114 4140 1742 4216 τοιαύτην’ὲλευθέραν.

1869 600 1960 665 qui
1998 597 2237 662 viduam,
2285 612 2405 666 qua:
2439 597 2522 652 sui
2560 607 2643 651 est
2691 597 2852 666 juris,
2882 599 2983 651 boe
3014 597 3170 650 modo
3203 595 3422 661 recepit.

1869 689 2004 744 Illud
2029 700 2230 751 autem,
2255 688 2371 743 Non
2393 697 2471 742 est
2499 689 2657 743 nobis
2677 688 2968 758 figurarum
2997 695 3051 740 et
3075 696 3424 754 praetextuum

1871 780 1975 833 ulla
2008 795 2136 834 cura
2168 781 2422 849 gerenda,
2451 788 2535 834 est
2555 778 2957 847 hujusmodi.Si
2989 778 3204 841 mulier,
3235 777 3428 847 inquit,

1868 868 2100 924 fortasse
2155 869 2480 924 erubescens
2533 885 2588 924 se
2637 870 2861 923 amatori
2905 869 2986 923 vel
3026 878 3230 928 amato,
3289 871 3428 933 quod

1871 961 2034 1014 homo
2062 961 2306 1028 abjectus
2331 964 2420 1025 sit,
2458 962 2692 1025 tradere,
2723 960 2937 1014 tinxerit
2963 975 3024 1014 se
3057 968 3259 1026 raptam
3289 972 3428 1016 esse.

1868 1067 1989 1106 eum
2042 1062 2216 1108 tamen
2253 1067 2347 1106 sua
2388 1062 2579 1121 sponte
2629 1061 2811 1107 secuta
2864 1060 2968 1114 est,
3011 1051 3193 1120 figurae
3248 1065 3429 1102 revera

1870 1155 1962 1194 seu
1992 1142 2354 1196 simulationis
2387 1143 2590 1196 nullam
2615 1158 2796 1196 curam
2829 1143 3064 1212 gerimus
3091 1141 3184 1195 sed
3219 1140 3431 1194 veritati

1871 1236 2220 1290 attendimus.
2267 1234 2331 1288 Et
2366 1235 2484 1304 lege
2519 1252 2641 1289 can.
2690 1238 2778 1299 5'5,
2823 1236 2948 1290 huic
3002 1233 3432 1300 interpretationi

1869 1325 2316 1380 consentientem.
2384 1325 2515 1378 Eum
2572 1337 2791 1389 autent,
2854 1326 2946 1395 qui
3008 1324 3280 1376 mulierem
3338 1338 3430 1374 sua

1871 1425 2064 1483 sponte
2114 1419 2310 1486 rapuit,
2385 1433 2489 1471 non
2543 1433 2664 1472 esse
2725 1419 2939 1472 crimini
2998 1416 3309 1474 obnoxium,
3355 1395 3430 1466 ita

1869 1507 2054 1577 accipe
2085 1517 2144 1560 ut
2189 1509 2237 1562 ei
2297 1508 2437 1560 nulla
2475 1523 2627 1576 paena
2678 1511 2936 1562 canonica
3000 1511 3067 1562 sit
3119 1505 3428 1572 intligeuda.

1871 1598 1972 1665 Qui
2033 1600 2179 1652 enim
2234 1599 2535 1662 mulierem,
2597 1615 2716 1668 quas
2763 1610 2844 1654 est
2873 1601 2950 1652 sui
2979 1600 3139 1668 juris.
3178 1598 3258 1650 vel
3313 1611 3428 1662 qua:

1875 1691 2102 1746 alterius
2157 1691 2410 1762 potestati
2447 1692 2752 1760 subjicitur,
2783 1707 2879 1744 seu
2914 1692 3190 1744 voluntate
3240 1688 3426 1756 ipsius.

1872 1797 1964 1838 seu
1996 1782 2211 1852 pr0pria
2247 1782 2361 1836 sola
2388 1781 2665 1836 voluntate
2696 1781 2893 1849 rapuit,
2923 1787 3103 1846 raptus
3139 1778 3254 1846 lege
3281 1789 3428 1828 lette-

1874 1886 1960 1929 tur
1991 1876 2056 1930 ad
2087 1874 2380 1929 multorum
2423 1873 2762 1930 insolentiam
2792 1871 3187 1930 vindicandam,
3220 1878 3274 1921 et
3301 1867 3428 1920 reli-

1872 1984 2097 2040 quorum
2125 1967 2586 2036 comprimendam
2616 1983 2630 2020 :
2663 1966 2802 2020 sicut
2826 1965 2929 2019 hoc
2963 1965 3092 2017 dicit
3120 1963 3276 2030 prim.
3301 1975 3421 2026 cap.

1876 2062 2017 2117 tituli
2053 2062 2142 2122 58.
2174 2062 2266 2117 lib.
2300 2076 2390 2125 ιι,
2412 2060 2555 2130 quod
2583 2059 2723 2114 circa
2758 2058 2916 2111 finem
2939 2057 3015 2111 sic
3041 2055 3205 2110 dicit:
3235 2051 3426 2106 Omnia

1873 2162 2054 2209 autem
2109 2152 2512 2208 constitutionis
2555 2149 2813 2221 supplicia
2868 2150 2977 2203 sint
3028 2148 3286 2202 adversus
3333 2157 3427 2196 eos

1876 2246 1966 2315 qui
2003 2254 2319 2314 rapuerunt,
2359 2254 2414 2298 et
2461 2243 2550 2313 qui
2608 2242 2763 2295 eisin
2798 2251 2948 2308 raptu
2980 2252 3132 2305 Opem
3170 2235 3422 2289 tulerunt.

1874 2336 1975 2403 Qui
1997 2336 2216 2390 consilii
2252 2335 2465 2404 quidem
2495 2334 2729 2396 fuerunt,
2759 2342 2812 2384 et
2841 2345 3002 2399 Opera
3050 2343 3144 2381 sua
3177 2328 3429 2395 juverunt

1873 2438 1928 2484 et
1979 2437 2355 2497 susceperunt,
2407 2425 2490 2480 vel
2544 2423 2838 2492 quamlibet
2867 2437 3020 2492 opem
3073 2422 3139 2473 iis
3172 2420 3423 2478 tulerunt,

1873 2513 2031 2574 diette
2055 2533 2226 2587 pinnae
2249 2515 2622 2584 subjiciantur,
2647 2526 2740 2566 seu
2771 2510 3076 2564 volentibus
3117 2523 3207 2562 seu
3248 2506 3429 2560 nolen-

1878 2609 2021 2664 tibus
2055 2609 2371 2662 mulieribus
2405 2614 2590 2674 raptus
2635 2603 2812 2658 factus
2859 2602 2951 2657 sit.
3004 2599 3115 2652 Hoc
3143 2608 3318 2650 autem
3373 2595 3425 2647 iu

1875 2701 2224 2770 imperatorio
2254 2699 2363 2768 90
2395 2711 2606 2768 quoque
2635 2693 2886 2748 tribunali
2911 2693 2988 2746 sic
3011 2690 3302 2758 judicatum
3345 2694 3428 2740 est

1875 2793 1929 2847 in
1960 2807 2120 2847 causa
2164 2789 2318 2856 Sctb,
2339 2790 2428 2858 qui
2458 2797 2713 2856 rapuerat
2739 2787 2896 2840 tiliam
2921 2783 3036 2850 eius
3063 2782 3151 2850 qui
3181 2788 3429 2832 recenter

1875 2885 2050 2939 fuerat
2096 2881 2444 2935 illuminatus.
2486 2879 2581 2932 Sin
2632 2885 2809 2931 autem
2849 2873 2980 2927 velis
3005 2872 3202 2930 dicere,
3233 2869 3283 2920 iu
3310 2884 3429 2920 mu-

1873 2977 2058 3032 lierem
2080 2989 2188 3027 non
2224 2987 2407 3026 revera
2429 2971 2632 3023 factum
2665 2982 2787 3022 esse
2815 2975 3048 3034 raptum,
3079 2961 3168 3015 sed
3227 2974 3320 3026 per
3358 2959 3433 3009 si-

1877 3063 2247 3123 mulationem,
2307 3068 2367 3112 ut
2423 3060 2675 3129 superius
2719 3057 2918 3110 dictum
2965 3063 3081 3114 est;
3131 3065 3229 3103 nec
3260 3062 3434 3116 paena:

1876 3152 2151 3207 canonica:
2178 3151 2354 3205 locum
2393 3149 2690 3210 habebunt,
2721 3161 2820 3201 nec
2853 3146 2998 3215 leges
3041 3157 3160 3211 quae
3191 3147 3431 3207 raptores

1875 3245 2146 3313 puniunt:
2204 3242 2296 3296 sed
2348 3241 2520 3295 solum
2575 3239 2788 3293 actione
2832 3235 3151 3304 injuriarum
3188 3230 3432 3300 patribus

1877 3334 2229 3393 tenebuntur,
2257 3330 2348 3397 qui
2371 3345 2462 3384 eas
2491 3337 2748 3397 ceperunt
2777 3342 2894 3395 quae
2944 3335 3102 3380 erant
3146 3323 3242 3376 sub
3286 3329 3434 3389 pote-

1869 3431 2031 3485 state,
2073 3422 2205 3475 adeo
2230 3430 2284 3472 ut
2313 3431 2366 3473 et
2391 3421 2791 3473 matrimonium
2814 3419 2957 3486 quod
2989 3418 3129 3468 inter
3147 3430 3239 3469 eas
3269 3416 3434 3467 inter-

1868 3516 2058 3579 cessit,
2090 3526 2287 3583 prazter
2313 3528 2497 3566 eorum
2539 3505 2871 3565 voluntate'm
2923 3511 3024 3561 sub
3073 3522 3299 3576 quorum
3335 3521 3431 3573 po-

1874 3615 2067 3660 testate
2111 3613 2256 3663 sunt,
2295 3603 2364 3656 sit
2399 3601 2780 3666 separandum.
2825 3598 2966 3668 Lege
3001 3614 3122 3653 can.
3181 3597 3248 3651 38
3279 3596 3435 3661 hujus

1875 3696 2071 3756 sancti,
2111 3695 2171 3748 41
2225 3704 2278 3748 et
2323 3693 2414 3748 ιε.
2465 3692 2699 3746 Sanctus
2757 3701 2933 3744 autem
2998 3699 3144 3743 recte
3194 3688 3437 3742 meminit

1870 3788 2038 3854 stupri
2056 3796 2104 3841 et
2122 3786 2270 3840 furti.
2297 3787 2549 3855 Stuprum
2571 3784 2713 3838 enim
2744 3784 2802 3837 fit
2823 3783 3034 3852 proprie
3058 3783 3111 3835 in
3128 3781 3383 3849 virginem
3412 3795 3427 3842 ;

1876 3878 2075 3932 furtum
2126 3887 2331 3939 autem.
2376 3891 2468 3932 seu
2517 3875 2743 3929 furtivus
2771 3873 3086 3928 concubitus
3119 3872 3170 3924 in
3203 3871 3426 3922 liberam

1881 3983 2000 4038 qua
2021 3982 2129 4021 non
2161 3975 2243 4020 est
2276 3965 2610 4033 bujusmodi.
2666 3963 2958 4019 Amborum
2989 3967 3167 4014 autem
3197 3957 3439 4011 meminit

1879 4059 2023 4126 quod
2059 4059 2224 4112 etiam
2245 4057 2446 4124 absque
2471 4070 2536 4110 eo
2551 4053 2692 4123 quod
2725 4053 2816 4109 fiet
2843 4061 3050 4122 raptus,
3078 4057 3134 4105 et
3163 4058 3436 4118 smprator

1876 4159 1930 4204 et.
1960 4149 2255 4202 fornicator
2276 4148 2594 4216 puniuntur.

201 4241 487 4313 Ἐμνήσθη
541 4241 600 4294 δὲ
651 4241 762 4292 τῶν
811 4238 924 4303 δύο,
955 4238 1036 4293 ὅτι
1096 4239 1194 4292 καὶ
1246 4238 1366 4307 δίχα
1419 4238 1514 4292 τοῦ
1545 4237 1797 4322 γενέσθαι
1830 4240 2110 4310 ἁρπαγὴν,
2142 4239 2238 4292 καὶ
2265 4239 2294 4291 6
2323 4237 2556 4308 φθορεὺς
2582 4235 2677 4290 καὶ
2735 4236 2764 4288 6
2817 4236 3011 4306 πόρνος
3056 4233 3431 4304 ὲπιτιμῶνται.

267 4408 518 4464 ΖΩΝΑΡ.
551 4409 689 4471 Τοὺς
735 4409 1084 4479 ἁρπάζοντας
1137 4411 1426 4475 γυναῖκας,
1501 4410 1596 4462 καὶ
1646 4411 1770 4473 τοὺς

1951 4410 2203 4467 ZONAR.
2268 4410 2366 4477 Qui
2426 4409 2682 4465 mulieres
2742 4409 2980 4477 rapiunt,
3034 4409 3235 4479 quique
3294 4409 3438 4479 ipsos

194 4502 602 4571 συνεργοῦντας
648 4504 833 4562 αὑτοῖς
869 4500 961 4552 ἐπὶ
1011 4502 1255 4569 τριετίαν
1329 4502 1356 4551 6
1408 4501 1563 4567 ᾰγιος
1614 4495 1776 4565 οὗτος

191 4599 404 4665 ὥρισεν
455 4596 558 4660 ἔξω
605 4595 715 4645 τῶν
746 4594 916 4660 εὐχῶν
975 4593 1262 4659 γίνεσθαι⁶
1302 4595 1475 4663 ἤγουν
1549 4595 1609 4646 έν
1691 4595 1770 4664 τῷ

193 4685 428 4756 προνάῳ
458 4683 711 4737 ἵστασθαι
747 4683 885 4750 μετὰ
933 4683 1042 4733 τῶν
1126 4682 1184 4732 ὲν
1232 4683 1515 4751 ἀκροάσει.
1601 4683 1662 4734 Εἰ
1706 4683 1771 4734 δὲ

194 4777 408 4831 ἑκοῦσα
431 4776 566 4844 γυνὴ
599 4775 767 4842 ἐπιδῷ
787 4774 989 4842 ἑαυτὴν
1022 4773 1097 4842 μὴ
1132 4775 1607 4843 προηγησαμένης
1639 4773 1768 4842 φθο-

198 4869 328 4939 ρᾶς,
365 4867 500 4935 μηδὲ
532 4867 763 4932 κλοπῆς,
792 4866 912 4917 ἀντὶ
945 4865 1040 4916 τοῦ
1098 4864 1366 4934 λαθραίας
1424 4865 1642 4931 μίξεως,
1678 4866 1772 4917 άν-

195 4959 432 5019 εὑθυνός
467 4959 615 5008 ἐστιν
637 4959 665 5008 6
693 4956 896 5023 ταύτην
921 4954 1120 5016 λαϐὼν,
1153 4950 1241 5008 οἶα
1276 4955 1409 5024 μηδὲ
1465 4957 1584 5023 βίας
1611 4973 1778 5023 μεσο-

195 5048 546 5116 λαὸησάσης,
573 5050 621 5099 εί
654 5047 792 5108 τέως
825 5044 1148 5109 αὑτεξουσία
1175 5043 1243 5116 ἦν
1271 5048 1303 5116 η
1327 5047 1485 5115 γυνή.
1554 5046 1616 5098 El
1667 5047 1777 5116 γὰρ

196 5138 504 5202 ὑπεξουσία
532 5134 620 5206 ἧν,
655 5139 782 5190 άνευ
817 5136 910 5188 τοῦ
941 5137 1156 5206 ἔχοντος
1215 5137 1388 5202 αὐτὴν
1444 5137 1774 5201 ὑπεξουσίαν

197 5227 463 5283 ἐπιδοῦσα
498 5228 698 5296 ἑαυτὴν
730 5227 884 5296 ἀνδρὶ
915 5225 976 5280 οὑ
1020 5226 1293 5293 λογίζεται
1338 5227 1514 5294 γάμον
1581 5227 1776 5278 συναλ-

195 5321 448 5373 λάσσειν.
478 5319 538 5370 Ei
569 5319 678 5387 γὰρ
708 5317 958 5386 βούλεται
987 5320 1015 5370 6
1049 5317 1188 5385 ἔχων
1222 5317 1550 5380 ὑπεξουσίαν
1597 5319 1768 5381 αὐτὴν

195 5413 497 5464 διασπάσει
530 5412 590 5460 τὸ
620 5410 981 5472 συνοικέσιον,
1014 5409 1089 5471 ὡς
1115 5409 1143 5459 6
1179 5407 1259 5479 λη’
1285 5407 1461 5461 κανῶν
1501 5409 1772 5477 περιέχει,

198 5505 297 5557 καὶ
334 5502 359 5552 6
390 5507 478 5569 μα’
510 5502 605 5553 καὶ
633 5502 661 5552 6
689 5499 800 5568 μβ’.
833 5502 997 5552 Ὅθεν
1033 5501 1217 5569 φησὶν,
1281 5502 1375 5552 ἐὰν
1447 5500 1772 5564 αὑτεξουσία

202 5586 437 5663 χήρα
477 5592 570 5641 καὶ
605 5590 694 5641 ἐπ’
732 5591 867 5659 αὑτῇ
904 5593 1103 5655 κεῖται,
1134 5591 1300 5659 ἤγουν
1331 5592 1424 5642 ἐπὶ
1456 5593 1520 5658 τῇ
1555 5589 1772 5656 θελήσει

206 5683 386 5748 αὐτῆς
437 5682 498 5732 τὸ
521 5681 885 5745 ἀκολουθῆσαι
944 5681 1120 5749 ἀνδρὶ,
1153 5683 1179 5732 6
1210 5681 1412 5748 ταύτην
1446 5679 1626 5732 λαϐὼν
1671 5682 1772 5732 οὐκ

199 5773 511 5827 εὐθύνεται.
547 5771 618 5822 Τὸ
651 5771 726 5833 δὲ,
758 5771 877 5823 Τῶν
913 5771 1204 5839 σχημάτων
1261 5771 1390 5840 ἡμῖν
1439 5771 1498 5823 οὑ
1554 5786 1772 5837 φροντι-

1881 4504 2082 4558 auxilio
2103 4504 2311 4572 juvant,
2341 4501 2576 4555 triennio
2609 4500 2699 4555 hic
2726 4500 2810 4554 vir
2832 4511 3054 4555 sanctus
3079 4509 3226 4555 extra
3253 4515 3440 4570 preca-

1883 4599 2055 4652 tiones
2087 4611 2207 4650 csse
2233 4594 2513 4649 decernit:
2549 4594 2651 4647 hoc
2689 4599 2774 4646 est
2805 4593 2856 4645 in
2886 4592 3151 4646 vestibulo
3175 4593 3317 4647 inter
3344 4608 3442 4646 au-

1883 4690 2092 4743 dientes
2120 4687 2447 4743 consistere.
2483 4684 2636 4751 Quod
2669 4685 2714 4739 si
2753 4685 2946 4738 mulier
2975 4684 3162 4738 volens
3207 4686 3438 4754 seipsam

1882 4782 2081 4843 tradat,
2112 4779 2404 4833 dummodo
2436 4777 2638 4832 nullum
2672 4775 3012 4845 praeesserit
3044 4785 3316 4844 stuprum,
3348 4792 3442 4831 ne-

1879 4889 1983 4943 que
2010 4873 2234 4936 furtum,
2273 4872 2374 4926 boc
2401 4879 2485 4925 est
2511 4869 2717 4925 occulta
2747 4868 3077 4928 commistio,
3109 4869 3234 4922 nulli
3267 4884 3439 4937 ρωηαι

1881 4965 1983 5017 erit
2017 4964 2286 5017 obnoxius
2307 4961 2398 5031 qui
2445 4961 2582 5014 lianc
2607 4960 2898 5028 acceperit,
2921 4959 3117 5028 quippe
3143 4973 3263 5011 cum
3296 4959 3438 5012 nulla

1880 5050 1965 5103 vis
1992 5047 2385 5112 intercesserit,
2414 5049 2575 5101 modo
2607 5057 2783 5099 tamen
2819 5047 2900 5099 sui
2925 5046 3064 5115 juris
3101 5045 3240 5099 foret
3290 5047 3438 5101 femi-

1881 5155 1971 5193 na.
2029 5138 2085 5194 Si
2130 5154 2362 5206 namque
2393 5139 2494 5192 sub
2548 5137 2773 5192 alterius
2813 5149 2956 5192 esset
2985 5145 3268 5205 potestate,
3294 5153 3356 5192 ac
3383 5154 3441 5192 se

1882 5232 2086 5299 absque
2119 5229 2236 5298 ejus
2263 5229 2517 5284 facultate
2567 5229 2651 5283 cui
2699 5227 2909 5283 subdita
2956 5239 3036 5282 est
3086 5229 3201 5282 viro
3254 5230 3436 5287 tradit.

1878 5318 2172 5372 conciliare
2203 5318 2612 5372 matrimonium
2640 5318 3052 5386 haudquaquam
3079 5319 3435 5373 existimatur.

1877 5409 1934 5462 Si
1969 5423 2201 5475 namque
2231 5407 2358 5460 velit
2389 5407 2474 5460 ille
2511 5409 2665 5474 cujus
2703 5409 2803 5461 sub
2828 5417 3094 5472 potestate
3114 5416 3213 5469 est,
3245 5409 3438 5462 dissol-

1878 5508 1964 5552 vet
1993 5499 2227 5566 nuptias,
2258 5507 2314 5550 ut
2340 5513 2458 5552 can.
2482 5498 2572 5562 58,
2605 5500 2665 5552 Η
2697 5508 2749 5549 et
2771 5496 2860 5560 Ω,
2883 5497 3213 5553 decernitur.
3251 5499 3437 5553 Proin-

1877 5592 1942 5643 de
1968 5591 2063 5653 ait,
2091 5589 2138 5643 si
2176 5591 2255 5644 sui
2282 5591 2421 5658 juris
2468 5591 2620 5642 vidua
2658 5589 2836 5651 fuerit,
2883 5600 2936 5642 et
2967 5591 3015 5642 in
3059 5591 3169 5657 ipsa
3203 5592 3435 5658 positum

1878 5691 1978 5744 est,
2019 5680 2272 5733 nimirum
2310 5680 2544 5735 abillins
2567 5680 2798 5734 arbitrio
2834 5683 3033 5747 pendet
3066 5683 3433 5748 sequiviruni,

1875 5769 1963 5834 qui
2000 5769 2138 5823 hanc
2169 5770 2375 5838 accepit
2402 5769 2530 5824 nulli
2565 5785 2734 5839 pinnae
2761 5771 3024 5827 obnoxius
3047 5780 3149 5826 est.
3175 5771 3306 5826 Illud
3341 5788 3434 5828 vc-
