4124 6458
216 353 321 412 697

217 477 450 523 σαντος,
490 462 758 530 ἀζήτητον
808 466 918 518 ἐστι

215 545 332 620 εἶχε
391 551 524 620 πρὸς
580 554 758 619 ἰσχύος
809 555 1142 623 ζωογονῆσαι
1199 560 1258 610 τὸ
1309 561 1524 629 βρέφος,
1583 565 1672 616 δὰ
1724 569 1784 618 τὸ

213 640 470 693 ἕλκεσθαι
505 644 662 710 τυχὸν
695 645 797 696 ὑπὸ
828 646 1095 715 πολεμίων
1127 648 1202 712 ὡς
1234 652 1599 720 αἰχμάλωτος,
1630 656 1778 707 0566-

212 733 319 794 λως
362 733 774 803 κολασθήσεται.
816 738 924 789 Καὶ
971 740 1280 806 ἀνάγνωσον
1327 746 1416 796 τὸν
1464 747 1538 813 νβ’
1585 747 1782 799 κανόνα

210 821 306 872 τοῦ
362 825 518 890 ἁγίου
576 826 785 889 τούτου,
838 829 1207 897 ἑρμηνεύοντα
1262 833 1354 884 καὶ
1405 835 1493 884 τὸν
1541 836 1782 902 παρόντα

211 916 434 968 κανόνα.
471 918 602 984 Περὶ
641 917 818 984 μέντοι
854 919 946 971 τοῦ
989 920 1348 984 κολάζεσθαι,
1389 924 1495 976 εἴτε
1536 928 1629 975 καὶ
1668 927 1775 993 μὴ,

208 1008 307 1064 τὰς
346 1006 697 1073 ἑκτιθεμένας
746 1008 812 1059 τὰ
844 1009 1017 1060 οἰκεῖα
1067 1009 1237 1078 βρέφη
1290 1014 1368 1072 είς
1412 1011 1508 1074 τὰς
1543 1013 1780 1079 εἰσόδους

207 1092 316 1142 τῶν
345 1092 505 1145 θείων
526 1095 668 1146 ναῶν
693 1094 845 1162 λόγος
875 1097 1090 1162 ἐγένετο
1111 1098 1384 1166 διαφόρως
1412 1102 1504 1152 ἐπὶ
1532 1103 1783 1154 συνελεύ-

208 1199 290 1234 σει
328 1184 576 1253 συνοδικῇ
607 1201 620 1214 ο
655 1185 744 1237 καὶ
777 1186 970 1255 ἧρεσεν
1001 1187 1074 1250 ὡς
1109 1189 1430 1257 φονευτρίας
1455 1189 1656 1254 ταύτας
1686 1210 1764 1245 κο.

203 1275 484 1342 λάξεσθαι,
520 1277 624 1328 xiv
670 1281 820 1347 παρά
851 1296 1011 1331 τινων
1046 1279 1112 1332 τὰ
1147 1280 1320 1350 βρέφη
1348 1282 1775 1352 ζωογονηθῶσιν.

214 1366 515 1431 Ἀνὶιγνωθι
555 1367 649 1417 καὶ
685 1368 878 1434 κεφάλ.
922 1367 964 1420 δ’
1009 1369 1101 1422 τοῦ
1151 1368 1203 1434 ς’
1229 1371 1407 1423 τίτλου
1439 1371 1530 1424 τοῦ
1569 1373 1650 1426 λα’
1690 1373 1776 1442 βι-

203 1457 352 1508 ελὲου
386 1457 524 1509 οὕτω
562 1457 717 1524 λέγον
738 1476 750 1488 ο
782 1459 997 1510 Φονεύει
1040 1461 1102 1513 τὸ
1125 1461 1438 1530 τικτόμενον
1469 1464 1529 1515 οὐ
1561 1463 1720 1532 μόνος
1750 1465 1778 1516 ό

203 1547 429 1613 πνίγων,
462 1547 597 1599 ἀλλὰ
627 1549 718 1601 καὶ
745 1548 772 1598 ὁ
804 1549 1030 1618 ῥίπτων,
1059 1551 1154 1603 καὶ
1183 1554 1210 1603 ό
1251 1553 1324 1621 μὴ
1351 1553 1584 1622 τρέφων,
1618 1556 1713 1608 καὶ
1747 1557 1777 1609 ὁ

202 1637 544 1705 ἑνδημοσίοις
580 1638 766 1701 τόποις
805 1640 1150 1709 ἐκτιθέμενος
1190 1644 1281 1693 ἐπὶ
1316 1644 1677 1714 ἐλεημοσύνη,
1707 1648 1774 1718 ἢν

201 1726 365 1787 αὐτὸς
399 1728 498 1779 οὐκ
541 1727 719 1796 ἔσχεν.
785 1730 1079 1796 Ἀνάγνωθι
1113 1731 1208 1786 καὶ
1242 1733 1332 1786 τὸν
1364 1733 1408 1802 β’
1435 1735 1557 1787 ὅλον
1598 1736 1774 1789 τίτλον

202 1820 294 1869 τοῦ
328 1817 412 1884 λγ⁹
445 1818 650 1886 βιϐλίου
677 1819 1045 1894 διοριζόμενον
1075 1827 1198 1886 τοὺς
1228 1827 1630 1895 ὲκτιθεμένους,
1665 1829 1769 1880 κᾶν
1801 1822 1843 1877 Β

203 1906 379 1958 δοῦλοι
411 1901 544 1960 ὦσιν
566 1947 580 1970 ,
606 1909 938 1963 ἀπεντεῦθεν
966 1912 1402 1984 ἐλευθεροῦσθαι.
1432 1915 1771 1979 Κολάζεσθαι

201 1996 389 2063 μέντοι
415 1995 617 2065 ὀφείλει
642 1999 674 2066 ἡ
701 1999 922 2069 τοιαύτη
951 2001 1086 2071 γυνη
1116 2003 1222 2056 ἀπὸ
1250 2003 1486 2073 μεγάλης
1517 2006 1773 2074 ἀμελείας

201 2087 442 2147 ἐοικυίας
472 2085 624 2156 δόλῳ,
651 2090 749 2156 τῆς
775 2091 868 2141 καὶ
894 2090 1192 2162 λεγομένης
1221 2095 1370 2163 παρά
1394 2095 1502 2146 τῶν
1525 2111 1770 2164 νομομα-

200 2169 312 2228 θῶν
351 2175 520 2246 λάτης
558 2177 819 2248 κούλπης.
854 2181 1025 2250 Τυχδν
1053 2183 1159 2252 γὰρ
1185 2183 1317 2236 οὖσα
1351 2184 1613 2254 ἐπιμελὴς
1643 2186 1775 2254 περὶ

205 2266 271 2320 εὰ
297 2269 494 2334 οἰκεῖα,
526 2270 651 2338 περὶ
681 2271 780 2335 τὴν
811 2270 904 2323 τοῦ
939 2273 1170 2351 βρέφους
1202 2275 1530 2345 ζωογόνησιν
1561 2277 1771 2347 διετέθη

202 2361 704 2429 καταφρονητικῶς.
757 2362 910 2415 Ἐπεί
945 2363 1027 2416 τοί
1067 2381 1128 2433 γε
1176 2366 1270 2418 ἐὰν
1324 2369 1453 2436 περὶ
1489 2370 1556 2420 τὰ
1599 2368 1776 2422 οἰκεῖα

205 2450 424 2519 τοιαύτη
448 2447 515 2520 ἦν
539 2453 768 2521 ἀμελὴς,
795 2453 826 2522 ἢ
855 2453 930 2515 ὡς
958 2454 1091 2507 οὖσα
1114 2457 1360 2526 εὐγενὴς,
1390 2458 1484 2510 καὶ
1511 2459 1584 2528 μὴ
1608 2460 1774 2512 εἰδυῖα

201 2541 300 2610 τὴν
332 2540 594 2611 βρεφικὴν
622 2545 959 2612 ἐπιμέλειαν,
992 2545 1023 2616 ἢ
1056 2545 1130 2608 ὡς
1160 2547 1301 2599 κατὰ
1331 2547 1490 2616 φύσιν
1521 2551 1776 2617 ἀνεπιτη-

197 2631 318 2684 δεία
351 2631 517 2694 οὖσα,
548 2635 640 2686 καὶ
674 2635 870 2705 συνέϐη
918 2639 1344 2706 τοιουτοτρόπως
1376 2642 1435 2692 τὸ
1468 2640 1665 2710 βρέφος
1699 2642 1773 2711 μὴ

198 2719 629 2792 ζωογονηθῆναι,
668 2725 728 2777 οὐ
759 2725 1172 2797 κολασθήσεται,
1202 2729 1275 2791 ὠς
1311 2725 1487 2797 οἶμαι.

273 2813 522 2868 ΖΩΝΑΡ.
595 2815 722 2868 Ἐὰν
779 2816 918 2887 γυνὴ
973 2817 1166 2884 ἔγκυος
1224 2819 1481 2874 όδεύουσα.
1541 2822 1774 2894 ὼδι·ιήσῃ

200 2905 297 2957 καὶ
327 2904 461 2974 τέκῃ
493 2907 550 2957 tv
579 2907 643 2974 τῇ
674 2905 798 2975 ὁδῷ,
829 2907 1099 2977 δυναμένη
1133 2909 1468 2976 ζωογονῆσαι
1499 2914 1589 2964 καὶ
1620 2929 1775 2983 περι-

201 2997 379 3048 σῶσαι
413 2997 474 3048 τὸ
506 2997 767 3066 γεννηθὲν
795 2999 1196 3068 καταφρονήσει
1220 3001 1404 3065 αὑτοῦ,
1443 3005 1536 3054 καὶ
1577 3005 1774 3073 ἀφήσει

1170 363 1247 421 ΙΝ
1280 363 1519 425 EPlST.
1552 365 1607 424 S.
1656 366 1936 427 BASlLll
1975 368 2415 426 CANONKEAM
2457 366 2540 425 II.

961 469 1045 519 κατ
1091 470 1471 538 ἀναμφῐῦολον.
1521 474 1644 527 Ἐὰν
1683 477 1770 528 οὖν

1888 482 2114 532 versiam
2139 491 2191 531 et
2223 478 2348 531 nulli
2380 479 2591 546 penitus
2653 475 2888 530 dubium.
2944 471 3037 527 Sin
3101 485 3278 524 autem
3336 488 3440 526 non

3335 360 3441 420 698

1892 571 2048 624 fuerit
2079 574 2127 621 iu
2161 571 2274 634 ejus
2307 579 2565 634 potestate
2597 568 2855 622 infantem
2879 567 3057 618 vivum
3093 566 3267 630 tueri,
3298 566 3440 632 quod

1889 665 1954 716 ab
1989 663 2229 715 hostibus
2257 660 2394 714 forte
2420 672 2475 710 ιιι
2501 660 2705 726 captiva
2741 658 3064 716 traheretur,
3096 657 3318 709 minime
3343 671 3442 720 pu-

1887 757 2082 807 nietur.
2116 755 2170 807 Et
2209 755 2320 821 lege
2359 767 2618 805 canouem
2649 750 2716 804 52
2751 749 2907 816 hujus
2938 748 3106 800 sancti
3128 784 3144 805 .
3174 747 3262 814 qui
3306 761 3444 814 prai-

1886 857 2089 899 sentem
2121 847 2279 898 etiam
2308 859 2564 898 canonem
2597 843 2996 909 interpretatur.
3029 839 3107 890 An
3140 849 3318 889 autem
3357 852 3440 889 es-

1883 946 2001 992 sent
2042 937 2355 1002 puniendm,
2403 948 2524 1003 qua
2564 934 2806 1000 proprios
2850 930 2985 982 filios
3039 929 3090 981 in
3141 930 3437 980 divinorum

1883 1025 2198 1092 templorum
2233 1023 2466 1077 aditibus
2498 1031 2793 1088 expOnunt,
2827 1033 3027 1080 annon,
3087 1018 3139 1069 in
3195 1013 3437 1084 synodali

1881 1113 2260 1183 congressione
2289 1111 2434 1164 varie
2463 1110 2815 1175 disceptatum
2862 1114 2942 1158 e~t
2971 1120 2984 1167 ;
3017 1113 3066 1156 et
3119 1102 3314 1170 plarnit
3347 1115 3440 1154 eas

1879 1214 1937 1258 ut
1988 1202 2285 1257 homicidas
2334 1200 2554 1268 puniri,
2609 1198 2711 1252 etsi
2771 1197 3002 1250 infantes
3054 1196 3119 1246 ab
3173 1193 3441 1261 aliquibus

1879 1297 2192 1346 educentur.
2228 1289 2363 1358 Lege
2396 1301 2449 1342 et
2505 1304 2625 1356 cap.
2657 1288 2690 1341 4
2714 1326 2728 1347 ,
2780 1287 2858 1339 tit.
2889 1285 2922 1338 6
2947 1325 2960 1346 ,
2999 1284 3090 1336 lib.
3127 1299 3251 1336 xxxi
3298 1284 3438 1350 quod

1883 1386 1959 1438 sic.
1991 1385 2117 1437 dicit
2166 1382 2418 1437 :Occidit
2468 1381 2631 1435 fetum
2683 1394 2788 1433 non
2837 1377 3006 1430 solum
3059 1376 3146 1440 qui
3194 1372 3438 1434 suﬂ‘ocat,

1877 1477 1968 1531 sed
2006 1477 2166 1528 etiam
2196 1474 2286 1542 qui
2320 1472 2521 1538 adjicit,
2555 1481 2609 1526 et
2637 1485 2742 1524 non
2769 1470 2954 1533 nutrit,
2979 1476 3030 1519 et
3061 1466 3150 1530 qui
3184 1466 3233 1518 in
3267 1464 3442 1533 publi-

1878 1568 1956 1621 cis
1984 1566 2116 1620 locis
2145 1566 2365 1634 exponit
2393 1563 2457 1616 ad
2493 1559 2941 1624 miscricordiam,
2980 1572 3142 1623 quam
3188 1555 3301 1622 ipse
3332 1568 3437 1608 non

1877 1658 2078 1714 habuit.
2115 1657 2253 1726 Lege
2282 1656 2390 1725 93
2412 1665 2466 1710 et
2501 1663 2667 1708 totum
2699 1653 2782 1707 tit.
2825 1651 2896 1716 2,
2954 1649 3045 1704 lib.
3102 1661 3270 1700 xxqu
3295 1685 3312 1713 ,
3346 1645 3440 1713 qui

1876 1751 2112 1806 decernit
2137 1763 2230 1802 eos
2255 1748 2345 1803 oui
2374 1755 2733 1816 exponuntur,
2767 1741 2977 1798 etiamsi
3027 1739 3166 1794 servi
3198 1739 3306 1792 sint
3330 1777 3346 1801 ,
3373 1751 3438 1791 eo

1874 1844 1986 1910 ipso
2017 1843 2211 1895 liberos
2237 1838 2394 1893 efﬁci.
2431 1838 2599 1892 Debet
2628 1845 2802 1891 tamen
2851 1833 3028 1903 puniri
3083 1832 3272 1885 mulier
3311 1844 3440 1897 pro-

1873 1946 1990 2003 pter
2026 1948 2269 2002 magnam
2300 1931 2700 1999 negligentiam,
2722 1943 2840 1997 quae
2865 1926 2989 1980 dolo
3029 1924 3393 1993 aqniparatur
3421 1938 3436 1976 :

1874 2041 1993 2092 qu:e
2037 2025 2252 2092 quidem
2317 2037 2345 2074 ιι
2386 2021 2711 2089 jnrisperitis
2759 2019 2866 2071 lata
2905 2015 3057 2081 culpa
3116 2015 3438 2068 nominatur.

1872 2108 2034 2162 Forte
2063 2109 2203 2162 enim
2231 2123 2351 2162 cum
2385 2118 2528 2162 esset
2559 2105 2755 2174 alioqui
2817 2109 2870 2156 in
2922 2103 3082 2156 rebus
3130 2100 3443 2156 domesticis

1875 2201 2097 2268 diligens
2132 2208 2187 2252 et
2217 2199 2468 2260 sollicita,
2496 2198 2548 2250 in
2578 2195 2857 2252 educando
2884 2193 3085 2246 infante
3119 2191 3219 2246 fuit
3273 2192 3440 2261 negli-

1875 2305 2022 2358 gens.
2056 2288 2187 2342 Nam
2221 2291 2264 2341 si
2298 2289 2348 2342 in
2378 2288 2692 2342 domesticis
2728 2288 2888 2339 rebus
2914 2286 3034 2338 talis
3078 2293 3220 2340 esset
3278 2282 3437 2351 neglio

1874 2396 2026 2447 gens,
2058 2381 2135 2432 vel
2169 2389 2223 2432 nt
2261 2394 2380 2446 qum
2410 2386 2552 2430 esset
2585 2377 2746 2430 nobili
2775 2376 2893 2428 loco
2935 2384 3082 2435 nata,
3114 2388 3214 2426 nec
3269 2373 3433 2425 sciret

1874 2473 2140 2542 quomodo
2171 2470 2430 2523 infantum
2462 2476 2603 2522 esset
2639 2467 2876 2520 habenda
2906 2481 3057 2524 cura.
3108 2462 3189 2517 vel
3240 2463 3438 2531 alioqu

1877 2573 2062 2615 natura
2097 2561 2160 2612 ad
2187 2561 2300 2612 hate
2357 2573 2462 2612 non
2514 2568 2658 2626 apta,
2707 2565 2760 2609 et
2805 2556 3028 2621 contigit
3075 2553 3333 2607 infantem
3375 2568 3437 2607 ea

1876 2651 2084 2704 ratione
2119 2649 2294 2702 vivum
2328 2663 2432 2701 non
2464 2647 2693 2711 servari,
2732 2645 2870 2699 haud
2903 2644 3172 2713 punietur,
3202 2655 3259 2696 ut
3289 2653 3439 2715 puto.

1945 2823 2192 2880 ZONAB.
2239 2823 2294 2878 Si
2327 2822 2520 2877 mulier
2563 2820 2777 2889 gravida
2831 2820 2933 2874 iter
2984 2820 3184 2874 faciens
3239 2827 3440 2874 tentata

1880 2917 2149 2968 doloribus
2177 2915 2354 2983 pariat
2379 2914 2431 2967 in
2460 2915 2569 2976 via,
2601 2927 2832 2982 cumque
2880 2913 3060 2965 vivum
3107 2927 3171 2966 ac
3227 2911 3436 2965 incolu-

1877 3024 2014 3061 mem
2053 3009 2216 3062 fetum
2260 3020 2476 3062 servare
2499 3015 2700 3074 posset,
2724 3005 2871 3059 illum
2902 3003 3216 3072 neglexerit,
3251 3001 3433 3055 omni-

197 3087 620 3156 ἀνεπιμέλητον,
646 3089 721 3152 ὡς
742 3089 1044 3156 φονεύσασα
1057 3090 1186 3142 αὐτὸ
1213 3091 1451 3161 κρίνεται
1473 3111 1487 3124 ο
1510 3093 1610 3147 κᾶν
1636 3094 1763 3159 ἴσως

1874 3113 1973 3165 que
1999 3097 2140 3151 illius
2167 3097 2368 3164 abiecta
2400 3111 2528 3150 cura
2560 3095 2876 3158 deseruerit,
2917 3107 2978 3146 ac
3023 3093 3067 3145 si
3117 3093 3291 3158 ipsum
3341 3092 3430 3145 in-

197 3180 259 3231 τδ
293 3179 491 3248 βρέφος
524 3179 705 3248 ἕτερός
735 3196 820 3244 τις
849 3181 1021 3251 εὑρὼν
1059 3183 1354 3252 ἀνέληται,
1385 3185 1479 3236 καὶ
1508 3186 1770 3256 ἐπιμελη-

1878 3189 2192 3251 terfecisset,
2262 3188 2654 3242 condemnatur
2696 3203 2710 3240 :
2745 3185 2952 3238 etiamsi
2993 3183 3131 3237 forte
3177 3182 3435 3236 infantem

198 3270 435 3338 σάμενος
468 3270 801 3341 ζωογονήσῃ.
836 3272 898 3324 Εἰ
939 3273 993 3324 δὲ
1038 3275 1297 3329 ἀδύνατόν
1325 3279 1440 3329 ἐστι
1481 3281 1771 3347 περιποιή-

198 3359 403 3412 σασθαι
436 3359 625 3423 τοῦτο,
657 3362 820 3430 τυχὸν
853 3361 958 3431 γὰρ
987 3365 1324 3433 αἰχμάλωτος
1363 3369 1525 3438 ἤγετο
1546 3406 1561 3430 ,
1593 3369 1686 3421 καὶ
1715 3372 1771 3424 ἐν

197 3453 262 3519 τῇ
307 3449 414 3518 ὁδῷ
451 3448 710 3520 ετεκεν,ῆ
761 3450 1051 3520 πολεμίους
1096 3456 1315 3524 ἔφευγε,
1361 3458 1455 3511 καὶ
1496 3459 1771 3528 φεύγουσα

197 3543 502 3610 ἀπεκύησε.
551 3543 646 3596 καὶ
688 3543 789 3596 οὐκ
829 3544 1060 3614 ἠδύνατο
1094 3549 1187 3599 καὶ⁵
1229 3550 1430 3620 ἑαυτὴν
1470 3552 1772 3620 περισῶσαι

199 3633 294 3684 καὶ
349 3633 410 3684 τὸ
465 3632 687 3701 τεχθὲν,
754 3634 1018 3704 κρυϐεἴσα
1069 3636 1176 3705 γὰρ
1236 3637 1363 3701 ἴσως
1420 3643 1768 3712 κανεμηνύθη

196 3725 264 3781 ἂν
311 3724 418 3777 ὑπο
467 3725 560 3779 τοῦ
613 3725 846 3796 βρέφους
897 3728 1450 3803 κλαυθμυριζομένου.
1522 3751 1770 3802 συγγνω-

198 3817 485 3886 σθήσεται.

282 3994 526 4049 ἈΡΙΣΤ.
573 3993 640 4047 Ἡ
678 3993 930 4066 κυήσασα
973 3999 1030 4049 ἐν
1066 3998 1188 4070 ὁδῷ,
1229 4002 1322 4053 καὶ
1357 4004 1449 4054 τοῦ
1492 4004 1772 4072 τεχθέντος

192 4088 544 4156 ἀμελήσασα,
570 4088 879 4154 φονεύτρια.
911 4088 1138 4155 Σαφής.

801 4178 1036 4230 ΚΑΝΩΝ
1054 4181 1173 4236 AA'.

196 4271 313 4331 Τὰς
372 4268 752 4337 μοιχευθείσας
781 4272 1046 4336 γυναῖκας
1065 4310 1080 4335 ,
1111 4272 1206 4323 καὶ
1241 4272 1664 4344 ἐξαγορευούσας
1694 4281 1762 4333 δι’

266 4359 556 4414 εὐλάσειαν
611 4360 643 4429 ἢ
683 4359 931 4413 ὁπωσοῦν
982 4361 1373 4429 ἐλεγχομένας,
1421 4366 1762 4435 δημοσιεύειν

1873 3281 2008 3335 alius
2034 3279 2292 3347 quispiam
2324 3278 2598 3332 inventum
2650 3274 2928 3331 sustulerit
2956 3314 2971 3337 ,
3007 3289 3242 3338 curaque
3292 3274 3437 3328 adhi-

1872 3374 1979 3426 bita
2013 3369 2335 3424 incolumem
2363 3367 2718 3421 conservarit.
2754 3366 3018 3419 Caeterum
3052 3364 3096 3416 si
3139 3363 3286 3416 illum
3320 3377 3434 3416 ser-

1873 3477 2000 3519 vare
2031 3460 2174 3514 haud
2208 3458 2347 3528 potis
2375 3466 2528 3519 erat;
2563 3455 2704 3511 forte
2731 3469 2960 3522 namque
2993 3468 3113 3506 cum
3143 3453 3436 3506 abducere-

1875 3563 1959 3605 tur
1995 3551 2225 3617 captiva,
2253 3549 2308 3602 in
2342 3549 2534 3601 itinere
2567 3549 2792 3617 peperit,
2829 3554 2921 3600 aut
2949 3546 3133 3598 hostes
3178 3542 3430 3612 fugiebat,

1873 3655 2030 3709 atque
2054 3645 2105 3695 iu
2142 3641 2260 3710 fuga
2288 3638 2454 3692 edidit
2481 3645 2712 3705 partum,
2742 3651 2838 3689 nec
2865 3650 2966 3687 una
3003 3635 3233 3702 seipsam
3267 3632 3427 3688 simul

1872 3745 1924 3790 et
1959 3733 2119 3786 fetum
2152 3744 2369 3784 servare
2422 3728 2631 3797 potuit;
2682 3726 2943 3794 siquidem
2988 3725 3216 3780 fortasse
3259 3723 3432 3778 lateus

1873 3824 2093 3881 infantis
2147 3821 2352 3891 ejulatu
2409 3822 2617 3888 prodita
2677 3819 2906 3884 fuisset,
2969 3818 3175 3871 veniam
3239 3830 3432 3871 conse-

1873 3929 2085 3986 quetur.

1945 4006 2167 4060 ARIST.
2202 4006 2330 4071 Quae
2366 4005 2416 4059 in
2449 4005 2530 4057 via
2558 4004 2782 4073 peperit,
2822 4009 2876 4058 et
2925 4001 3090 4056 fetum
3146 3999 3425 4068 neglexit,

1874 4098 2144 4152 homicidii
2201 4113 2289 4151 rea
2317 4107 2416 4152 est.
2471 4095 2810 4161 Perspicuus.

2404 4183 2628 4240 CANON
2658 4181 2894 4237 XXXIV.

1873 4280 2150 4334 Adnlterio
2203 4279 2433 4345 pollutas
2484 4278 2735 4333 mulieres
2771 4288 2821 4331 et
2853 4274 3174 4331 confitentes
3201 4275 3268 4328 ob
3296 4275 3412 4342 pie.

1946 4380 2107 4423 tatem
2157 4369 2241 4423 vel
2305 4370 2784 4439 quomodocunqne
2841 4367 3113 4420 convictas
3143 4364 3422 4434 publicare

270 4451 374 4518 μὲν
408 4450 684 4503 ἐκώλυσαν
715 4453 764 4502 οί
812 4452 1054 4521 Πατέρες
1085 4454 1272 4521 ἡμῶν,
1307 4455 1394 4508 ίνα
1423 4457 1498 4525 μὴ
1528 4457 1760 4516 θανάτου

1939 4461 2154 4528 quidem
2206 4457 2392 4515 Patres
2450 4457 2617 4513 nostri
2645 4455 3056 4525 prohibuerunt,
3081 4468 3148 4506 ne
3167 4450 3428 4505 convictis

271 4543 455 4595 αἰτίαν
488 4543 857 4611 παράσχωμεν
886 4542 1282 4611 ὲλεγχθείσαιςο
1313 4547 1561 4602 ἵστασθαι
1583 4551 1637 4605 δὲ
1674 4556 1770 4605 αὑ-

267 4635 366 4694 τὰς
397 4635 524 4686 ἄνευ
549 4634 828 4688 κοινωνίας
853 4636 1190 4702 προσέταξαν
1221 4640 1378 4706 μέχρι
1398 4639 1491 4691 τοῦ
1519 4644 1769 4714 συμπλη-

268 4721 499 4788 ροῦσθαι
529 4724 618 4774 τὸν
649 4724 837 4792 χρόνον
871 4725 970 4792 τῆς
1004 4725 1310 4792 μετανοίας.

267 4813 466 4865 ΒΔΛΣ.
502 4812 566 4865 Ol
603 4816 778 4884 μοιχοὶ⁵
811 4815 950 4868 κατὰ
996 4817 1085 4869 τὸν
1114 4824 1193 4886 νη’
1229 4821 1424 4874 κανόνα
1457 4823 1514 4873 ἐν
1544 4822 1585 4876 δ’
1611 4823 1755 4878 ἔτεσι

195 4903 334 4970 μετὰ
376 4902 488 4953 τῶν
535 4905 968 4969 προσκλαιόντων
1004 4907 1267 4969 τστανται,
1318 4912 1374 4961 ὲν
1417 4912 1575 4963 πέντε
1617 4915 1755 4980 μετὰ

189 4993 305 5045 τῶν
337 4991 724 5060 ἀκροωμένων.
757 4994 813 5044 ὲν
833 4995 876 5045 δ’
904 4994 1039 5062 μετὰ
1067 4996 1171 5046 τῶν
1199 4997 1630 5065 ὑποπιπτόντων,
1660 5006 1754 5055 καὶ

189 5098 248 5132 εν
276 5082 404 5133 δυσὶ
435 5081 572 5147 μετὰ
591 5079 700 5131 τῶν
730 5081 1075 5135 συνεστώτων
1103 5085 1269 5151 χωρὶς
1297 5090 1596 5144 κοτνωνίαε.
1617 5091 1753 5160 Φησὶ

189 5169 325 5235 γοῦν
353 5172 382 5221 ό
405 5171 579 5236 ἅγιος·
603 5170 663 5222 El
686 5172 820 5239 γυνή
843 5187 925 5233 τις
941 5172 1278 5242 μοιχευθεῖσα
1300 5175 1753 5248 ἐξομολογήσηται

186 5262 251 5311 τὸ
292 5261 659 5330 ἁρμάρτημα.
703 5261 735 5331 ἢ
783 5262 1027 5315 ὁπωσοῦν
1064 5264 1314 5334 ἐλεγχθῇ,
1354 5267 1413 5316 οὐ
1451 5268 1554 5337 χρὴ
1591 5270 1758 5340 δημο-

187 5351 398 5403 σιεύειν
433 5350 624 5419 αὐτὴν,
647 5352 817 5419 ἤγουν
849 5355 1001 5420 ίστᾷν
1029 5355 1108 5416 είς
1140 5357 1265 5418 τοὺς
1292 5356 1491 5420 τόπους
1519 5359 1628 5411 τῶν
1659 5366 1754 5432 ρη-

184 5441 395 5495 θέντων
421 5440 710 5508 ἐπιτιμίων
730 5456 746 5472 '
777 5444 805 5494 ό
829 5442 937 5512 γὰρ
962 5443 1102 5510 ὁρῶν
1129 5445 1295 5515 αὐτὴν
1321 5445 1424 5510 ἔξω
1459 5449 1564 5500 τῶν
1593 5451 1748 5505 θείων

184 5529 498 5601 περισόλων
524 5530 624 5598 τῆς
647 5531 935 5601 ἐκκλησίας
965 5537 1276 5604 ἱσταμένην,
1303 5537 1338 5606 ἢ
1365 5540 1456 5589 καὶ
1478 5541 1615 5608 μετὰ
1642 5543 1748 5596 τῶν

183 5619 621 5689 κατηχουμένων
662 5617 922 5685 ἐξιοῦσαν,
979 5625 1302 5694 κοτανοήσει
1347 5626 1562 5690 πάντως
1604 5631 1744 5683 κατὰ

182 5710 411 5773 πρώτην
443 5709 571 5771 ὅφιν
596 5710 682 5763 διὰ
712 5715 948 5779 μοιχείας
971 5715 1214 5780 ἔγκλημα
1239 5718 1622 5780 ἐπιτιμηθῆναι
1652 5723 1746 5774 αὖ-

1939 4549 2126 4604 mortis
2197 4563 2417 4602 causam
2503 4548 2871 4616 praebeamus;
2929 4558 3021 4598 eas
3068 4552 3245 4596 autem
3278 4551 3425 4594 stare

1933 4641 2050 4695 sine
2102 4637 2476 4693 communione
2534 4637 2851 4706 jusserunt,
2893 4637 3064 4689 donec
3111 4633 3425 4702 impleretur

1938 4742 2143 4796 tempus
2168 4728 2511 4796 pmnitentiae.

1938 4817 2130 4873 BALS.
2169 4817 2413 4870 Adulteri
2445 4817 2737 4872 secundum
2767 4831 2888 4871 can.
2929 4817 2997 4872 58
3022 4824 3166 4871 stant
3192 4825 3424 4883 quatuor

1866 4911 2020 4965 annis
2049 4925 2168 4964 cum
2198 4909 2532 4972 dedentibus,
2551 4909 2788 4978 quinque
2814 4923 2934 4962 cum
2964 4907 3417 4970 auscultantibus,

1865 5011 2094 5069 quatuor
2125 5015 2243 5054 curn
2273 5000 2594 5064 substratis.
2632 5011 2686 5054 et
2730 5001 2935 5054 duobus
2982 5016 3102 5053 cum
3151 5000 3419 5054 stantibus

1860 5093 2059 5160 absque
2087 5090 2479 5145 communione.
2519 5089 2659 5144 Dicit
2696 5088 2824 5160 ergo
2866 5098 3124 5153 sanctus,
3190 5090 3234 5144 si
3290 5105 3412 5157 qua:

1853 5181 2147 5234 adulterata
2205 5180 2395 5234 mulier
2443 5190 2720 5248 peccatum
2782 5181 3028 5236 confessa
3088 5180 3271 5241 fuerit,
3332 5178 3412 5231 vel

1851 5270 2325 5339 quomodocunqne
2360 5271 2602 5324 convicta
2640 5272 2732 5336 sit,
2765 5287 2868 5326 non
2896 5281 3106 5340 Oportet
3158 5287 3273 5324 eam
3314 5285 3409 5338 pu-

1858 5360 2079 5422 blicare,
2115 5359 2168 5413 id
2201 5368 2284 5413 est
2307 5374 2423 5413 eam
2453 5360 2507 5415 in
2533 5360 2791 5415 dictarunt
2830 5375 3107 5429 ptrnarum
3137 5362 3265 5414 locis
3295 5371 3409 5413 sta-

1862 5462 2029 5511 tuere.
2064 5450 2164 5515 Qui
2190 5450 2331 5504 enim
2361 5465 2478 5504 eam
2508 5451 2698 5505 viderit
2726 5465 2875 5508 extra
2915 5455 3124 5507 divinos
3168 5451 3408 5507 ecclesiae

1859 5541 2090 5594 ambitus
2119 5550 2366 5608 stantem,
2402 5540 2480 5595 vel
2509 5543 2668 5595 etiam
2696 5559 2813 5598 cum
2856 5543 3258 5598 catechuineuis
3311 5559 3405 5596 ex-

1852 5641 2085 5697 euntem,
2126 5637 2296 5703 primo
2323 5647 2541 5705 aspectu
2585 5637 2803 5691 omnino
2841 5637 3141 5707 intelliget,
3187 5646 3404 5706 propter

1855 5723 2099 5778 adulterii
2142 5725 2341 5779 crimen
2369 5741 2485 5781 eam
2515 5727 2586 5780 illi
2610 5741 2725 5782 esse
2757 5741 2966 5806 poenam
3002 5730 3318 5790 iniunctam,
3349 5739 3404 5781 et
