4124 6470
657 329 766 392 69‘.)

1919 331 2196 395 THEOD.
2236 334 2325 392 BA
2339 334 2649 399 LSAMON

3844 338 3947 397 700

657 445 753 497 ﬁet
788 443 1000 513 punitio
1031 458 1192 499 causa
1229 445 1420 500 mortis
1457 485 1469 508 ,
1502 444 1618 498 viro
1665 443 1783 513 ejus
1832 454 1956 513 post
2010 444 2245 497 futurum

2360 450 2477 515 τὴν,
2507 451 2599 502 καὶ
2637 452 2923 520 γενήσεται
2954 451 2985 521 ἠ
3024 448 3339 518 ιπιτίμησις
3376 449 3525 501 αίτία
3567 447 3805 499 θανάτου
3827 486 3839 509 ,
3872 448 3948 509 ὡς

657 534 801 591 forte
833 536 1060 591 reditum
1094 551 1251 590 suum
1292 553 1405 593 rem
1440 538 1510 593 ita
1538 552 1598 591 se
1652 539 1852 592 habere
1906 537 2247 590 animadver-

658 640 824 685 tcnte.
858 628 1194 683 Permittitur
1220 645 1348 699 ergo
1410 630 1717 685 consistere
1750 638 1804 685 ct
1832 646 1954 684 cum
2004 629 2249 684 ﬁdelibus

654 722 1013 790 comprecari,
1056 737 1084 775 a
1142 731 1611 777 sacramentorum
1660 731 1838 775 autem
1868 721 2249 776 communione

654 814 953 876 abstinere,
1014 812 1188 866 donec
1242 813 1575 878 paenitentia:
1642 821 1856 881 tempus
1918 813 2246 879 completum

656 906 837 962 fuerit.
871 908 984 962 "ac
1031 918 1207 960 autem
1240 908 1580 961 humanitate
1606 906 1658 959 in
1699 905 1951 960 mulieres
1974 907 2048 959 uti
2085 921 2249 974 opor-

657 1009 772 1052 tere
806 1008 1026 1052 sanctus
1058 998 1321 1062 deﬁnivit,
1360 1008 1586 1067 propter
1632 1010 1752 1050 eam
1798 1012 1955 1063 quam
2016 997 2250 1051 diximus

656 1092 942 1143 rationem.
972 1091 1082 1143 Viri
1122 1091 1266 1142 enim
1316 1089 1653 1143 adulterium
1696 1090 2019 1142 conﬁtentes
2066 1088 2248 1141 immi-

650 1183 999 1237 sericorditer
1028 1183 1187 1236 dictis
1218 1182 1391 1249 pretiis
1424 1182 1788 1250 subjiciuntur
1818 1222 1832 1245 ,
1867 1182 1991 1247 quia
2025 1180 2091 1234 de
2144 1179 2248 1233 illis

652 1290 760 1327 non
791 1284 873 1328 est
906 1274 1028 1328 talis
1062 1275 1243 1338 timor,
1270 1274 1444 1341 qualis
1473 1274 1540 1326 de
1577 1272 1899 1327 mulieribus
1936 1274 2113 1325 dictus
2138 1279 2244 1335 est,

651 1371 741 1434 qui
776 1378 1175 1434 pnesumuutnr
1200 1380 1320 1419 esse
1358 1366 1519 1418 etiam
1556 1364 1677 1416 aliis
1710 1363 1943 1417 fortasse
2002 1362 2246 1415 crimini-

652 1459 753 1511 bus
784 1456 1014 1517 obnoxii.
1050 1468 1104 1509 et
1130 1457 1253 1525 jure
1282 1456 1478 1524 puniri.
1511 1455 1643 1507 lllud
1688 1464 1891 1517 autem,
1940 1452 2246 1518 Quomodo-

653 1563 863 1615 cunque
886 1548 1130 1603 convinci
1166 1548 1453 1611 mulir-res,
1490 1562 1593 1597 non
1656 1546 1819 1598 debes
1869 1545 2120 1611 accipere
2178 1543 2245 1598 de

650 1643 903 1695 onmibus
932 1653 1055 1693 uota
1094 1641 1435 1707 probatione,
1469 1640 1559 1692 sed
1594 1641 1660 1691 de
1693 1638 1937 1690 mulieris
1963 1638 2247 1691 conscien-

654 1728 743 1781 ti:e
779 1727 1115 1792 prohatione.
1153 1730 1253 1779 hoc
1288 1734 1391 1786 est,
1427 1724 1541 1777 sive
1574 1723 1763 1776 mulier
1792 1736 1889 1775 sua
1909 1721 2022 1775 sola
2054 1730 2244 1789 sponte

653 1818 897 1873 confessa
931 1820 1025 1882 sit,
1063 1818 1141 1886 vel
1170 1817 1416 1871 utetiam
1466 1832 1493 1869 a
1546 1815 1787 1883 pariendi
1828 1813 2071 1882 periculo
2114 1827 2242 1867 coa-

655 1920 765 1975 cta,
796 1911 877 1963 vel
909 1909 1229 1985 aliquo'alio
1267 1909 1444 1971 modo,
1478 1906 1781 1961 clanculum
1810 1914 1864 1959 et
1892 1919 1996 1959 non
2024 1904 2238 1972 publice

655 2002 888 2067 seipsam
929 2000 1318 2064 condemnans,
1347 2004 1401 2051 et
1427 1996 1810 2051 enuntiaverit.
1868 1994 1923 2049 Si
1962 1995 2107 2047 enim
2142 1994 2228 2047 di-

655 2093 806 2148 xeris
837 2090 1047 2157 publice
1078 2090 1275 2143 laetam
1309 2104 1428 2143 esse
1456 2086 1832 2158 probationem
1863 2128 1877 2149 ,
1902 2096 1959 2139 et
1985 2086 2147 2139 veluti
2182 2085 2233 2139 iu

656 2186 992 2253 triumphum
1027 2198 1147 2237 esse
1174 2182 1390 2235 ductum
1421 2180 1746 2235 adulterium
1778 2217 1793 2242 ,
1846 2188 1995 2232 recte
2050 2192 2243 2232 omnes

654 2289 829 2341 meum
858 2275 908 2327 iu
939 2288 1058 2326 eam
1095 2282 1476 2341 congerentur.
1513 2269 1701 2338 Neque
1748 2270 1891 2324 enim
1948 2284 2124 2325 canon
2187 2270 2241 2323 in

653 2380 721 2419 eo
744 2365 921 2419 locum
956 2364 1141 2426 habet,
1168 2361 1424 2430 quoniam
1454 2361 1619 2415 semel
1661 2360 1929 2427 publicata
1955 2370 2037 2413 est
2058 2399 2071 2419 .
2103 2368 2156 2413 et
2177 2372 2241 2411 ex

653 2459 759 2512 viri
793 2457 969 2511 reditu
1003 2456 1144 2508 nulla
1188 2455 1352 2509 crdis
1409 2453 1646 2519 suspicio
1701 2453 1980 2505 suboritur
2026 2462 2246 2518 propter

653 2563 942 2620 ptenarum
973 2546 1457 2601 denuntiationem.
1487 2544 1564 2596 Ex
1594 2556 1659 2597 eo
1692 2551 1869 2594 autem
1918 2541 2059 2609 qund
2117 2542 2245 2595 dicit

668 2650 926 2693 sanctus:
964 2636 1041 2691 Ne
1072 2639 1262 2690 demus
1310 2635 1571 2690 convictis
1614 2632 1928 2688 mulieribus
1978 2634 2091 2687 sive
2150 2649 2246 2700 per

656 2747 848 2801 pmnas
900 2731 1015 2785 noti
1063 2730 1306 2784 criminis
1333 2742 1554 2782 causam
1610 2729 1839 2790 mortis,
1889 2741 1988 2780 nec
2040 2725 2243 2780 dixeris

654 2815 876 2877 concedi
910 2822 1119 2876 maritis
1141 2820 1415 2873 adulteras
1462 2832 1589 2872 suas
1624 2818 1878 2873 mulieres
1910 2816 2239 2871 interﬁcere.

658 2916 714 2969 In
746 2916 861 2967 sola
890 2916 1031 2966 cnim
1063 2900 1276 2980 propria
1308 2915 1490 2968 dumo.
1526 2909 1577 2961 in
1610 2908 1729 2977 ipso
1758 2908 1900 2961 facto
1933 2908 2242 2975 deprehen-

656 3023 777 3063 sum
806 3014 980 3072 potest
1010 3004 1233 3056 maritus
1283 3002 1585 3055 adulterum
1648 2998 1900 3053 occidere
1933 3036 1950 3062 ,
2010 3005 2067 3052 et
2118 3012 2242 3053 eum

2357 540 2451 591 καὶ
2482 540 2573 593 τοῦ
2601 542 2789 611 ἀνδρὸς
2814 543 3004 609 αὐτῆς,
3040 542 3175 611 μετὰ
3204 542 3301 610 τὴν
3335 543 3463 602 ἴσως
3497 540 3800 607 γενομένην
3828 538 3951 590 τού-

2357 646 2449 681 του
2485 633 2767 697 ἐπάνοδον,
2798 633 2971 697 οὕτως
3004 635 3166 704 ἔχειν.
3196 634 3263 687 τά
3297 634 3388 685 τοῦ
3424 634 3751 702 πράγματος
3784 648 3950 682 κατα-

2366 724 2680 792 νοήσαντος.
2759 728 3175 797 Παραχωρείται
3239 726 3368 793 γοῦν
3438 725 3791 777 συνίστασθαι
3857 726 3950 775 καὶ

2359 815 2709 884 συνεύχεσθαι
2742 820 2853 881 τοῖς
2884 822 3112 881 πιστοῖς,
3142 818 3239 887 τῆς
3261 818 3313 871 δὲ
3340 817 3624 878 κοινωνίας
3650 817 3759 867 τῶν
3789 816 3950 879 άγιαυ

2358 905 2581 970 σμάτων
2617 907 2906 969 κωλύεται,
2937 909 3129 976 μέχρις
3159 906 3224 960 ἂν
3255 907 3283 957 ὁ
3313 906 3499 975 χρόνος
3530 905 3625 972 τῆς
3660 904 3947 969 μετανοίας

2357 994 2693 1064 ἑκμετρηθῇ.
2725 995 2836 1065 Τὴν
2885 999 3139 1064 τοιαύτην
3165 996 3221 1049 δὲ
3252 994 3662 1063 φιλανθρωπίαν
3714 997 3795 1056 είς
3846 995 3948 1053 τὰς

2356 1088 2618 1149 γυναῖκας
2647 1086 2937 1156 διωρίσατο
2965 1087 2992 1138 ό
3012 1086 3165 1154 ἅγιος
3187 1086 3432 1153 γίνεσθαι
3457 1084 3523 1137 δι’
3551 1085 3610 1138 ὃν
3636 1085 3941 1153 εἰρήκαμεν

2356 1175 2632 1243 λογισμόν.
2688 1178 2750 1230 Ol
2795 1176 2903 1245 7&9
2943 1177 3133 1248 ἄνδρες
3171 1176 3652 1245 ἐξομολογούμενοι
3700 1175 3948 1242 μοιχείαν

2355 1266 2691 1337 ἁσυμπαθῶς
2727 1270 3041 1322 ὑπόκεινται
3071 1274 3179 1332 τοῖς
3214 1270 3586 1341 διαληφθεῖσιν
3618 1266 3943 1333 ἐπιτιμίοις,

2354 1359 2434 1412 ὃτι
2463 1361 2582 1413 οὐδὲ
2613 1359 2806 1414 ὕπεστι
2835 1363 2997 1431 φόδος
3026 1362 3265 1423 τοιοῦτος
3288 1364 3341 1414 ἓν
3370 1364 3572 1423 αὐτοῖς.
3602 1354 3714 1422 οἷος
3741 1360 3820 1419 είς
3849 1356 3950 1418 τὰς

2355 1454 2619 1517 γυναῖκας
2660 1452 2889 1523 ὲρρήθη,
2934 1454 3073 1519 μετὰ
3119 1454 3385 1523 πρόληψιν
3432 1449 3549 1505 οὖσι
3592 1450 3689 1504 καὶ
3737 1450 3950 1513 ἑτέροις

2354 1540 2695 1608 ἐγκλήμασιν
2732 1542 2860 1604 ἴσως
2896 1544 3117 1612 ἐνόχοις,
3157 1546 3250 1596 καὶ
3288 1544 3449 1607 ἀξίως
3488 1542 3946 1610 ἐπιτιμωμένοις.

2354 1630 2427 1682 Τὸ
2479 1632 2685 1698 μέντοι,
2722 1633 3003 1686 Ὀπωσοῢν
3031 1635 3464 1704 ἑλέγχεσθαιτὰς
3504 1637 3791 1701 γυναῖκας,
3843 1633 3949 1684 οὐκ

2352 1723 2588 1791 ὀφείλεις
2632 1724 2965 1778 ἐκλαόέσθαι
2998 1728 3077 1789 εἰς
3116 1726 3495 1793 πασίγνωστον
3538 1727 3779 1795 ἔλεγχον,
3825 1724 3948 1776 ἀλλ’

2347 1817 2429 1877 είς
2474 1815 2695 1885 ἔλεγχον
2728 1816 2821 1869 τοῦ
2856 1819 3153 1880 συνειδότος
3194 1822 3293 1886 τῆς
3338 1820 3617 1885 γυναικδς,
3653 1815 3941 1871 τουτέστιν

2347 1905 2458 1957 εἶτε
2493 1906 2631 1957 κατὰ
2658 1907 2824 1974 μόνην
2848 1907 3055 1959 οἰκείαν
3090 1910 3411 1978 προαίρεσιν
3441 1910 3473 1978 η
3510 1910 3647 1977 γυνὴ
3682 1909 3945 1976 ἐξομολο-

2345 1995 2599 2063 γήσεται,
2647 1996 2756 2048 εἴτε
2806 1998 2900 2048 καί⁵
2945 1997 3020 2059 ὼς
3068 1998 3485 2068 ἀναγκαζομένη
3538 2002 3642 2051 ὑπὸ
3691 2000 3943 2052 κινδύνου

2345 2085 2440 2138 τοῦ
2481 2089 2543 2139 εκ
2572 2086 2667 2140 τοῦ
2696 2091 2894 2151 τεκεῖν,
2919 2089 2951 2158 ἢ
2988 2090 3083 2142 καὶ⁵
3114 2090 3288 2152 ἄλλως
3319 2107 3436 2152 πως
3467 2090 3716 2159 κρυφίως
3744 2093 3838 2143 καὶ
3867 2091 3946 2161 μὴ

2346 2182 2580 2251 δημοσίᾳ
2624 2181 3114 2249 καταγινώσκουσα
3163 2182 3361 2250 ἑαυτῆς
3397 2182 3840 2251 ἐξαγορεύσεται.
3878 2185 3945 2236 Εί

2355 2273 2464 2341 γὰρ
2494 2274 2585 2325 τὸν
2617 2272 2838 2342 ἔλεγχον
2867 2272 3029 2343 εἴπῃς
3051 2272 3287 2342 δημοσίᾳ
3316 2272 3584 2342 γενέσθαι,
3616 2274 3713 2326 καὶ
3745 2275 3947 2344 θριαμ-

2349 2365 2607 2435 6ευθῆναι
2657 2366 2755 2435 τὴν
2798 2366 3063 2434 μοιχείαν,
3110 2365 3290 2429 καλῶς
3338 2368 3515 2419 πάντα
3566 2368 3635 2420 τὰ
3687 2367 3945 2438 ἐπιτίμια

2355 2458 2492 2525 αὐτῇ
2528 2456 3099 2527 ἐπιφορτισθησονται.
3134 2456 3267 2511 Οὐδὲ
3300 2456 3406 2527 γὰρ
3438 2458 3619 2525 ἔχουσι
3656 2456 3847 2526 χώραν
3878 2458 3971 2509 τὰ-

2349 2548 2443 2600 τοῦ
2477 2550 2697 2612 κανόνος
2738 2549 2817 2611 είς
2846 2547 3075 2617 ταύτην,
3108 2548 3196 2601 διὰ
3225 2552 3285 2600 τὸ
3312 2549 3461 2613 ἅπαξ
3486 2548 3941 2618 δημοσιευθῆναι,

2348 2640 2440 2690 καὶ
2478 2640 2541 2691 ὲκ
2592 2639 2693 2707 τῆς
2731 2640 2993 2692 ἐπανόδου
3040 2637 3131 2692 τοῦ
3174 2640 3365 2708 ἀνδρὸς
3408 2640 3637 2693 θάνατον
3689 2640 3766 2709 μὴ
3817 2641 3951 2693 iam

2353 2729 2647 2781 πτεύεσοαι
2705 2730 2814 2783 ἀπὸ
2866 2731 2963 2798 τῆς
3017 2730 3125 2784 τῶν
3171 2731 3465 2798 ἐπιτιμίων
3508 2733 3946 2801 προσαγγελίας.

2358 2819 2453 2870 Ἐκ
2493 2819 2585 2872 τοῦ
2636 2820 2813 2887 λέγειν
2844 2821 2899 2873 at
2927 2822 3017 2873 τὸν
3044 2821 3198 2889 ἅγιον
3240 2822 3329 2874 ίνα
3363 2822 3435 2891 μὴ
3466 2823 3732 2889 δώσωμεν
3765 2825 3949 2877 αίτίαν

2352 2910 2583 2963 Θανάτου
2608 2911 2749 2963 κατὰ
2768 2912 2876 2964 τῶν
2904 2912 3177 2979 γυναικῶν
3208 2912 3567 2983 ὲλεγχθεισῶν
3594 2916 3714 2983 ἢτοι
3749 2916 3953 2984 θριαμ-

2350 3002 2645 3055 ϐευθεισῶν
2695 3004 2782 3056 διὰ
2821 3004 2928 3057 τῶν
2978 3006 3295 3075 ἐπιτιμίων,
3340 3008 3413 3077 μὴ
3458 3008 3617 3079 εἴπης
3663 3009 3951 3080 ἑνδοθῆναι

657 3098 935 3154 scenicum
967 3098 1049 3149 vel
1084 3095 1270 3160 alium,
1309 3092 1399 3161 qui
1436 3091 1505 3144 sit
1548 3090 1787 3144 infamis.
1839 3088 1908 3142 Et
2126 3088 2241 3157 lege

2353 3096 2460 3155 τοῖς
2510 3092 2768 3163 ἀνδράσιν
2811 3096 3056 3161 φονεύειν
3100 3098 3199 3161 τὰς
3253 3100 3633 3169 μοιχευθεῖσας
3678 3104 3952 3167 γυναῖκας

655 3206 779 3259 cap.
819 3190 907 3251 ‘26,
948 3190 1028 3242 tit.
1063 3186 1153 3248 37,
1184 3186 1274 3239 lib.
1314 3201 1401 3246 ιτ,
1426 3182 1514 3248 27,
1553 3182 1622 3236 49
1648 3191 1702 3236 et
1746 3182 1846 3235 alia
1878 3181 2081 3249 capita.
2132 3179 2237 3235 Sed

2353 3186 2546 3241 αὐτῶν.
2589 3185 2679 3239 Ἐν
2712 3186 2860 3257 μόνῳ
2891 3188 2999 3258 γὰρ
3030 3190 3109 3259 τῷ
3150 3162 3265 3261 ίδίιρ
3316 3162 3449 3260 aliter)
3500 3195 3585 3245 ἐπ’
3636 3162 3951 3265 αύτοφώρῷ

657 3282 841 3347 accipe
872 3282 1089 3333 verbum
1126 3279 1319 3339 sancti,
1357 3291 1421 3329 ne
1458 3274 1592 3328 ﬁant
1646 3286 1821 3344 pmna
1857 3274 2035 3341 magni
2086 3288 2244 3326 scan-

658 3372 764 3427 din
796 3388 972 3425 causte
1007 3372 1149 3423 inter
1180 3370 1431 3421 maritum
1461 3376 1514 3421 et
1540 3380 1784 3426 uxorem.
1810 3374 1863 3419 et
1904 3364 2045 3419 forte
2078 3366 2241 3420 etiam

660 3474 719 3517 ut
748 3462 1005 3530 procedat
1031 3461 1099 3514 ad
1124 3460 1383 3527 injustam
1416 3459 1563 3512 illius
1600 3459 1824 3510 caedem.

2342 3276 2565 3332 δύναται
2618 3277 2863 3346 φονεύειν
2914 3279 3005 3331 τὸν
3062 3282 3252 3351 μοιχὸν
3309 3286 3337 3337 ό
3393 3281 3555 3351 ἀνὴρ,
3608 3284 3703 3337 καὶ
3754 3283 3949 3335 τοῦτον

2348 3370 2605 3440 σκηνικδν
2652 3370 2685 3438 ἢ
2724 3370 2907 3439 ἕτερον
2954 3370 3149 3439 ἄτιμον
3194 3374 3346 3429 ὄντα.
3402 3374 3513 3427 Καὶ
3558 3376 3839 3443 ἀνάγνωθι
3885 3376 3949 3426 τὸ

2345 3458 2438 3524 κς·’
2490 3478 2615 3528 κεφ.
2650 3460 2755 3513 Τοῦ
2793 3461 2869 3525 λζ’
2916 3461 3094 3513 τίτλον
3126 3461 3217 3514 τοῦ
3255 3462 3295 3527 ξ’
3342 3463 3569 3533 βιϐλίου,
3619 3467 3681 3519 τὸ
3736 3466 3843 3530 κζ’,
3890 3471 3953 3522 τὸ

663 3554 773 3629 μου,
833 3554 925 3629 καί⁸
969 3554 1130 3620 ἔτερα
1177 3568 1303 3619 κεφ.
1368 3549 1529 3602 ’Λλλὰ
1575 3548 1805 3601 ὲκλαϐοὖ
1852 3549 1912 3603 τὸ
1970 3551 2119 3620 ῥῆμα
2163 3547 2251 3601 τοῦ
2284 3551 2441 3618 ἁγίου
2469 3553 2549 3615 είς
2579 3553 2639 3606 τὸ
2678 3552 2752 3624 μὴ
2786 3552 3043 3621 γενέσθαι
3072 3554 3140 3607 τὰ
3194 3555 3441 3622 ιπιτίμια
3497 3557 3645 3609 αίτια
3704 3558 3948 3626 μεγάλου

663 3628 965 3695 σκανδάλου
997 3642 1163 3711 μέσον
1202 3640 1295 3695 τοῦ
1329 3641 1521 3711 ἀνδρὸς
1554 3641 1647 3693 καὶ
1674 3641 1773 3709 τῆς
1802 3640 2081 3709 γυναικὸς,
2120 3642 2250 3703 ἴσως
2271 3641 2327 3695 δὲ
2362 3644 2633 3714 προϐῆναι
2656 3647 2749 3698 καὶ
2771 3645 2930 3714 φόνον
2953 3644 3135 3700 ἄδικον
3167 3646 3286 3699 κατ’
3316 3646 3513 3714 αὐτῆς.

738 3733 990 3789 ΖΟΝΑΒ.
1028 3733 1084 3788 Sl
1127 3735 1358 3800 mulier,
1406 3734 1618 3803 inquit,
1673 3732 1973 3787 adulterata
2035 3731 2199 3785 fuerit
2232 3772 2245 3796 ,

669 3827 987 3895 crimenque
1016 3827 1337 3881 conﬁteatur
1366 3870 1380 3891 ,
1428 3840 1665 3892 cavens,
1716 3826 1817 3880 hoc
1864 3835 1945 3880 est
2003 3833 2249 3880 metuens

661 3918 900 3976 futurum
928 3916 1209 3985 judicium,
1246 3916 1327 3969 vel
1368 3918 1525 3972 aliter
1558 3917 1803 3971 convicta
1845 3917 2007 3971 fuerit
2033 3956 2048 3981 ,
2075 3917 2240 3971 veluti

659 4008 806 4077 quod
838 4007 1161 4061 intumuerit
1190 4008 1361 4073 alvus,
1403 4016 1497 4061 aut
1524 4008 1676 4062 edito
1710 4017 1886 4077 partu,
1921 4008 2047 4062 dum
2082 4008 2243 4077 longo

662 4098 921 4166 temporis
953 4097 1245 4155 intervallo
1271 4098 1441 4167 ipsius
1482 4097 1567 4151 vir
1601 4100 1999 4169 peregrinatur,
2041 4098 2238 4168 ipsam,

661 4190 760 4253 ait,
788 4204 891 4243 non
916 4199 1126 4258 oportet
1150 4190 1447 4259 publicare,
1468 4190 1572 4245 hoc
1595 4199 1701 4255 est,
1724 4206 2061 4260 nequaquam
2085 4206 2247 4259 opor-

664 4291 746 4335 tet
774 4281 944 4349 ipsam
996 4282 1050 4336 ln
1100 4281 1235 4336 locis
1266 4281 1448 4336 multa
1482 4280 1693 4336 luendae
1721 4321 1736 4344 ,
1769 4282 1948 4337 ﬂentis
1974 4282 2247 4347 videlicet,

2428 3738 2677 3792 ΖΩΝΛΡ.
2730 3738 2857 3792 Ἐὰν
2892 3739 3028 3809 γυνὴ
3053 3778 3067 3800 ,
3104 3740 3267 3809 φησὶ,
3306 3738 3593 3808 μοιχευθῇ,
3626 3739 3724 3791 καὶ
3755 3740 3954 3808 ἐξομο-

2356 3827 2657 3899 λογήσηται
2681 3830 2742 3881 τὸ
2776 3831 3082 3902 ἁμάρτημα
3115 3830 3487 3899 εὐλαϐουμένη
3509 3870 3523 3893 ,
3558 3829 3682 3881 ἀντὶ
3716 3830 3813 3882 τοῦ
3845 3831 3957 3882 δει-

2353 3916 2523 3972 λιῶσα
2545 3920 2643 3987 τὴν
2670 3918 2967 3989 μέλλουσαν
2990 3918 3192 3987 κρίσιν,
3216 3920 3249 3989 ἢ
3272 3918 3503 3987 ἐλεγχθῇ
3532 3918 3733 3980 ἄλλως,
3769 3912 3851 3977 οἷς
3887 3919 3950 3980 ἑξ

2351 4009 2517 4077 δγκου
2550 4011 2651 4079 τῆς
2673 4010 2929 4081 γαστρὸς,
2963 4010 2994 4079 ἢ
3026 4012 3089 4063 ἑκ
3119 4011 3365 4075 τοκετοῦ,
3390 4010 3687 4077 γενομένου
3722 4012 3781 4062 ὲν
3813 4012 3955 4061 ἀπο-

2353 4100 2527 4172 δημίᾳ
2558 4103 2746 4173 μακρᾷ
2785 4102 2879 4155 τοῦ
2913 4102 3104 4172 ἀνδρὸς
3134 4102 3326 4169 αὐτῆς,
3362 4102 3422 4153 ού
3456 4101 3559 4171 χρὴ
3596 4101 3954 4169 δημοσιεύειν

2353 4195 2557 4265 αὐτήν·
2607 4195 2778 4265 ήγουν
2813 4196 2875 4248 οὐ
2904 4194 3007 4263 χρὴ
3057 4195 3211 4264 ίστᾷν
3249 4194 3421 4263 αὐτὴν
3453 4197 3530 4254 είς
3582 4194 3714 4255 τοὺς
3749 4195 3955 4253 τόπους

2355 4287 2466 4339 τῶν
2500 4285 2815 4356 ιπιτιμίων,
2849 4286 2940 4337 τδν
2961 4283 3055 4339 τοῦ
3093 4284 3518 4352 προσκλαίοντος
3555 4284 3828 4351 δηλονότι,
3858 4286 3955 4335 τὸν

662 4372 973 4436 audientis,
1004 4385 1057 4427 et
1082 4375 1337 4429 substrati
1372 4373 1660 4429 collocare.
1712 4372 1807 4427 Est
1862 4374 1965 4427 hoc
2018 4388 2245 4443 namque

2357 4379 2452 4434 τοῦ
2494 4376 2985 4447 ἀκροωμένου,τδν
3026 4374 3119 4428 τοῦ
3167 4375 3587 4435 ὑποπίπτοντας.
3629 4374 3807 4427 Τοῦτο
3845 4374 3959 4443 γὰρ

662 4466 870 4522 crimen
914 4463 1182 4533 publicum
1231 4465 1465 4521 eﬁlcere.
1514 4465 1617 4533 Qui
1673 4464 1817 4519 enim
1880 4465 2049 4533 ipsam
2100 4474 2252 4521 extra

662 4556 924 4610 ambitum
958 4555 1210 4611 Ecclesiae
1239 4558 1458 4621 viderit,
1494 4564 1587 4610 aut
1617 4556 1669 4609 in
1699 4554 1992 4618 vestibulo,
2019 4565 2110 4609 aut
2130 4570 2251 4610 cum

664 4647 1073 4703 catechumenis
1118 4656 1454 4715 exeuntem,
1505 4657 1764 4716 agnoscet
1836 4646 2025 4716 procul
2085 4646 2250 4701 dubio

664 4736 836 4805 ipsam
876 4749 1148 4803 peccasse,
1184 4752 1248 4792 ac
1278 4752 1388 4806 prae
1426 4737 1547 4790 aliis
1594 4737 1912 4791 criminibus
1954 4736 2056 4804 ipsi
2100 4735 2254 4789 adul-

666 4830 864 4883 terium
922 4830 1288 4898 appingetur,
1339 4829 1551 4896 ipsique
1609 4829 1800 4883 mortis
1858 4842 2079 4883 causam
2138 4826 2253 4880 haec

668 4917 836 4971 multa
859 4917 1193 4971 conciliabit.
1228 4916 1286 4969 Si
1319 4930 1556 4987 namque
1609 4916 1662 4970 id
1695 4918 1774 4969 vir
1827 4917 1946 4985 ejus
1983 4930 2255 4987 cognove-

667 5009 761 5071 rit,
798 5009 939 5063 forte
972 5009 1143 5078 ipsam
1168 5008 1462 5064 interﬁciet
1494 5008 1689 5076 :juxta
1722 5008 1851 5062 illud
1902 5007 2209 5063 Solomonis
2238 5048 2252 5071 ,

670 5098 868 5154 Plenus
900 5101 1011 5153 zelo
1064 5100 1271 5154 animus
1307 5102 1402 5155 viri
1435 5102 1601 5166 ipsius
1652 5102 1691 5151 ‘.
1740 5099 1889 5153 Hanc
1942 5102 2127 5170 itaque
2178 5102 2249 5153 ob

670 5204 913 5257 causam,
944 5192 1245 5247 consistere
1283 5192 1502 5261 quidem
1533 5207 1656 5247 cum
1692 5193 1937 5247 ﬁdelibus
1966 5230 1982 5256 ,
2027 5208 2089 5247 ac
2145 5206 2251 5247 una

668 5281 877 5350 precari
910 5283 1259 5351 permittitur,
1288 5297 1473 5338 verum
1492 5298 1523 5337 a
1550 5298 1825 5339 sacrorum
1852 5283 2245 5354 mysteriorum

671 5372 1087 5437 communione,
1133 5376 1312 5442 quoad
1368 5375 1640 5445 expletum
1699 5374 1864 5431 fuerit
1912 5374 2245 5443 poenitentiae

675 5468 905 5528 tempus.
938 5472 1176 5518 arcetur.

746 5546 977 5607 ARIST.
1010 5550 1262 5610 Mulieres
1294 5555 1563 5613 adulterio
1588 5556 1821 5626 pollutas
1847 5598 1860 5625 ,
1892 5567 1947 5615 et
1974 5557 2251 5614 convictas

754 5728 773 5760 ’
810 5727 971 5785 Prov.
1003 5744 1075 5787 vt.
1108 5730 1198 5787 34.

2363 4465 2711 4534 δημοσιεύειν
2743 4465 2859 4516 ἐστὶ
2891 4464 2951 4516 τὸ
2984 4464 3310 4532 ἁμάρτημα.
3356 4462 3415 4514 ’0
3451 4463 3559 4529 7&9
3598 4460 3745 4529 δρῶν
3779 4463 3960 4531 αὑτὴδ

2360 4556 2467 4622 [Eua
2493 4554 2601 4609 τῶν
2631 4554 2931 4624 περιϐόλων
2957 4552 3055 4623 τῆς
3088 4552 3409 4619 ἐκκλησίας,
3446 4552 3479 4619 ἢ
3512 4553 3568 4603 ὲν
3593 4550 3673 4619 τῷ
3702 4553 3957 4622 προνάῳ,

2360 4648 2394 4716 ἡ
2429 4646 2568 4715 μετὰ
2594 4644 2703 4697 τῶν
2736 4643 3162 4712 κατηχουμένων
3192 4640 3445 4705 ἐξιοῦσαν
3465 4680 3479 4703 ,
3509 4640 3786 4707 γνώσεται
3821 4646 3962 4697 πάν-

2358 4756 2465 4798 τως
2495 4735 2813 4807 άμαρτῆσαι
2844 4735 3014 4804 αὑτήν
3037 4748 3053 4765 ο
3082 4734 3179 4786 καὶ
3209 4732 3316 4803 πρὸ
3353 4733 3459 4784 τῶν
3491 4732 3666 4784 ἄλλων
3697 4734 3963 4803 ἁμαρτηο

2362 4828 2549 4896 μάτων
2577 4827 2637 4877 τὸ
2662 4824 2762 4892 τῆς
2793 4822 3038 4893 μοιχείας
3066 4823 3207 4891 αὐτῇ
3233 4820 3709 4890 προσαφθήσεται,
3738 4823 3840 4874 ναὶ
3862 4840 3962 4890 7s:-

2359 4919 2642 4986 νησεταιή
2693 4917 3010 4985 ἐπιτίμησις
3056 4915 3193 4984 αὐτῇ
3238 4914 3388 4966 αίτία
3428 4912 3685 4970 θανάτου.
3737 4914 3805 4966 Et
3845 4916 3963 4985 γὰρ

2358 5006 2472 5075 γνῷ
2517 5005 2678 5059 τοῦτο
2720 5008 2748 5057 ό
2789 5008 2926 5075 ἀνήρ
2965 5004 3157 5072 αὐτῆς,
3206 5004 3335 5065 ῐσως
3404 5003 3701 5055 ἀποκτενεῖ
3748 5005 3960 5072 αὑτήν.

2355 5098 2513 5157 Κατὰ
2556 5098 2666 5167 7&9
2717 5098 2806 5149 τὸν
2856 5095 3197 5165 Σολομῶντα,
3249 5092 3487 5157 Μεστός
3532 5092 3716 5157 ζήλου
3762 5098 3963 5163 θυμός

2355 5189 2576 5257 ἀνδρὸς
2605 5188 2818 5255 αὐτῆς.
2854 5190 2951 5241 Διὰ
3000 5186 3159 5241 τοῦτο
3204 5187 3616 5254 παραχωρεῖ-ραι
3659 5185 3762 5254 μὲν
3800 5189 3962 5238 συνί-

2358 5282 2589 5334 στασθαι
2650 5284 2743 5333 καὶ
2807 5279 3162 5348 συνεύχεσθαι
3227 5280 3341 5335 τοῖς
3412 5278 3663 5337 πιστοῖς,
3724 5277 3829 5345 τῆς
3893 5280 3961 5332 δὲ

2357 5372 2645 5437 κοινωνίας
2689 5374 2795 5426 τῶν
2840 5373 3199 5441 ἁγιασμάτων
3240 5367 3531 5429 κωλύεται,
3582 5366 3783 5436 μέχρις
3826 5368 3895 5421 ἂν
3927 5372 3959 5422 ὁ

2360 5466 2555 5535 χρόνος
2586 5464 2686 5532 τῆς
2721 5459 3029 5534 μετανοίας
3048 5459 3391 5530 ὲκμετρηθῇ.

2440 5551 2631 5607 ἈΡΙΣ.
2678 5555 3125 5623 ’Ᾱδημοσιεύτους
3155 5555 3253 5625 μὲν
3284 5556 3382 5619 τὰς
3411 5554 3821 5625 μοιχευθείσας,
3857 5548 3964 5606 καὶ
