4124 6464
554 361 663 429 763

1788 358 2066 423 TllEOD.
2112 351 2200 414 DA
2217 353 2341 416 LSA
2352 358 2456 419 ΜΟ
2469 361 2510 418 Ν

3693 355 3804 419 ’104

559 474 794 544 pericula
827 473 988 527 vitam
1015 483 1192 540 agant.
1231 471 1397 528 Venia
1429 488 1589 542 porro
1620 474 1710 527 illa
1751 473 1934 533 fuerit.
1963 479 2018 522 ut
2050 468 2116 521 de

2249 469 2313 516 :1".
2344 468 2557 535 σφαγὰς
2580 466 2671 519 καὶ
2702 465 2979 531 κινδύνους
3004 465 3460 536 ἀναστρέφεσθαι.
3480 467 3542 520 'll
3575 467 3631 519 δὲ
3669 484 3805 532 συγ-

559 578 801 632 tempore
834 577 1009 632 parum
1043 564 1730 632 persolveudaa.coustituto
1762 565 1963 632 aliquid
1993 562 2125 630 ipsis

2249 557 2416 625 ’νώμη
2462 558 2544 628 εῐη
2606 558 2671 611 ἂν
2724 559 2784 610 τὸ
2851 557 2939 610 τὸν
2972 558 3159 628 χρόνον
3199 557 3292 611 τοῦ
3338 555 3617 624 ἑπιτιμίου
3673 556 3805 618 ίσως

557 635 895 704 detrahatur.

630 739 856 795 ARIST.
919 741 1144 796 Militum
1192 758 1390 798 uxores
1437 758 1554 814 qum
1617 759 1681 800 eo
1714 745 1856 814 quod
1889 745 1986 798 viri
2043 742 2126 797 sui

561 849 828 900 nusquam
873 844 1168 902 appareant
1203 837 1323 890 aliis
1346 837 1664 905 junguntur,
1698 847 1821 892 sunt
1866 837 2021 890 venia
2044 835 2125 887 di-

2239 654 2264 703 ἑ
2277 651 2598 704 λαττοῦσθαι
2641 651 2850 714 αὐταῖς.

2294 743 2518 796 ΑΡΙΣΤ.
2580 743 2650 796 Al
2701 743 3082 811 στρατιώτιδες
3117 745 3172 797 αί
3201 744 3288 796 διὰ
3314 743 3409 813 τὴν
3437 743 3545 795 τῶν
3592 740 3814 809 ἀνδρῶν

2229 835 2491 902 ἀφάνειαν
2511 836 2690 898 ἀλλοις
2718 835 3075 904 ζευγνύμεναι
3091 836 3561 904 συγγνωστότεραι
3580 835 3686 886 τῶν
3706 831 3806 883 ἀλ.-

557 927 775 993 gniores
808 927 948 987 aliis,
996 943 1115 996 qua)
1179 939 1396 996 prOpter
1431 944 1616 983 eorum
1665 931 2127 1003 peregrinationes

2249 945 2362 990 tow,
2388 927 2443 980 αί
2465 928 2552 981 διά
2575 929 2673 988 τὰς
2694 930 3000 1008 ἀποδημίας
3019 930 3080 982 οὐ
3111 945 3180 981 πε
3189 948 3240 1000 ρι
3249 932 3519 1000 μένουσιν.

558 1037 664 1073 limi
689 1007 1027 1084 exspectanti.

635 1111 820 1163 Eidem
896 1110 1267 1166 fornicationis
1337 1113 1603 1182 supplicio
1665 1113 2029 1182 subjiciuntur
2077 1120 2132 1166 et

2282 1104 2370 1175 Τῷ
2403 1107 2554 1179 αὐτῷ
2609 1109 2707 1176 τῆς
2741 1109 2990 1178 μοιχείας
3018 1109 3279 1180 ἐπιτιμίῳ
3337 1111 3652 1163 ὑπόκεινται
3712 1112 3808 1167 καὶ

561 1202 734 1255 amba:
767 1203 848 1255 liae
890 1204 1163 1264 mulieres,
1194 1214 1249 1256 et
1271 1219 1388 1268 qua:
1412 1205 1508 1258 viri
1550 1220 1578 1257 a
1609 1205 1796 1258 militia
1826 1204 2130 1258 communis

2249 1194 2540 1262 ιμφότεραι
2575 1195 2992 1266 αίγυναῖκες,¹ίι
3043 1214 3102 1249 τε
3135 1195 3228 1248 τοῦ
3288 1197 3658 1267 ἀστρατεύτου
3712 1199 3808 1249 καὶ

561 1301 616 1342 et
653 1295 1045 1358 peregrinantis
1077 1309 1215 1348 uxor
1244 1304 1350 1358 est,
1383 1304 1435 1349 et
1486 1296 1796 1364 priusquam
1851 1295 2014 1347 certis
2048 1310 2135 1348 ar-

563 1387 835 1452 gumentis
881 1389 1235 1440 coidirmetur
1271 1402 1416 1440 mors
1449 1388 1610 1452 illius,
1652 1388 1738 1441 alii
1769 1389 2035 1456 nupserit,
2080 1395 2133 1440 et

565 1490 684 1541 qua:
714 1473 899 1527 militis
928 1485 1010 1530 est
1048 1491 1206 1538 uxor,
1241 1477 1284 1529 si
1317 1487 1368 1531 et
1401 1477 1490 1530 illa
1520 1489 1807 1546 antequam
1844 1479 1942 1531 viri
1967 1478 2134 1545 ipsius

569 1575 800 1619 mortem
836 1576 1088 1618 accurate
1111 1566 1318 1631 didicit,
1349 1569 1435 1621 alii
1468 1569 2134 1640 coujur:getur.Quomodo

540 1667 743 1717 ,autem
807 1657 1037 1708 militum
1102 1672 1298 1711 uxores
1352 1674 1472 1712 cum
1523 1664 1632 1714 vita
1690 1663 1969 1715 defunctos
2016 1677 2135 1716 esse

567 1747 791 1800 maritos
823 1761 948 1800 suos
983 1747 1270 1800 didicerint
1304 1762 1533 1803 mortem
1566 1767 1748 1804 corum
1813 1753 2135 1819 investigare

569 1839 786 1898 debent,
831 1840 1121 1893 ceulesima
1158 1842 1364 1895 decima
1421 1845 1647 1912 septima
1693 1845 1982 1900 Justiniani
2041 1861 2137 1899 no-

569 1927 705 1978 vella
742 1931 954 1991 statuit,
996 1931 1046 1984 in
1080 1933 1309 1999 septimo
1339 1936 1491 1988 titulo
1529 1937 1770 1990 vicesimi
1812 1939 1984 1991 octavi
2015 1937 2138 1991 libri

569 2011 925 2072 {Basilicarum
962 2023 1157 2086 pnsiia.
1192 2025 1358 2093 Cujus
1387 2028 1469 2080 vis
1493 2037 1545 2081 et
1596 2029 1650 2080 in
1697 2043 1818 2082 can.
1857 2029 1919 2082 91
1974 2041 2142 2085 sexta:

567 2123 623 2161 ιιι
658 2107 848 2159 Trullo
885 2112 1072 2178 synodi
1113 2113 1317 2183 scripta
1374 2127 1475 2172 est.
1529 2117 1770 2173 Praesens
1827 2131 2004 2174 autem
2047 2137 2140 2174 ca-

571 2211 673 2248 non
709 2199 940 2251 militum
993 2218 1190 2257 uxores
1247 2206 1579 2275 indulgentia
1634 2212 1809 2278 aliqua
1867 2212 2137 2282 dignatur,

569 2289 852 2354 plusquam
885 2309 1081 2348 uxores
1129 2297 1285 2350 aliter
1331 2302 1817 2369 peregrinantium,
1863 2306 1907 2358 si
1954 2307 2017 2359 ad
2051 2322 2140 2360 se-

569 2381 774 2433 cundas
805 2385 1022 2451 nuptias
1065 2389 1332 2451 venerint,
1363 2390 1498 2444 viris
1529 2393 1643 2447 suis
1676 2409 1779 2448 non
1828 2399 2140 2464 apparenti-

565 2471 668 2524 bus
688 2475 942 2540 quoniam
971 2476 1245 2546 istipotius
1268 2497 1433 2550 prope
1456 2493 1682 2537 mortem
1709 2497 1852 2550 sunt,
1879 2498 1932 2541 et
1954 2503 2138 2542 eorum

570 2561 811 2614 absentia
844 2577 1091 2632 magnam
1121 2567 1214 2622 dat
1243 2571 1609 2639 suspicionem
1638 2577 1778 2644 quod
1807 2576 1891 2632 vel
1943 2578 2140 2632 mortui

565 2649 674 2702 sint
695 2651 779 2706 vel
807 2651 1102 2708 interiecti.

1063 2836 1294 2892 CANON
1349 2839 1617 2896 XXXVII.

575 2921 675 2988 Qui
709 2933 993 2995 postquam
1022 2928 1195 2983 aliena
1232 2932 1280 2984 ei
1316 2931 1492 2985 ablata
1526 2933 1689 2989 fuerit
1712 2951 1936 2991 uxorem
1967 2938 2142 3002 duxit,

646 3016 700 3070 in
726 3019 898 3084 prima
918 3021 1130 3088 quidem
1159 3023 1408 3079 adulterii
1436 3028 1802 3096 accusabitur,
1831 3030 1886 3086 in
1903 3034 2141 3087 secunda

646 3123 774 3160 vero
803 3127 924 3164 reus
949 3129 1051 3166 non
1086 3126 1296 3184 agetur.

644 3196 842 3254 BALS.
902 3203 1146 3256 Alieuaui
1204 3207 1291 3259 hic
1328 3208 1459 3263 dicit
1492 3225 1691 3277 canon,
1736 3229 1855 3281 qum
1906 3215 2143 3282 legitime

573 3292 780 3356 nupsit,
819 3292 900 3345 vel
923 3293 1189 3359 desponsa
1225 3296 1321 3349 fuit
1344 3301 1524 3354 alicui.
1549 3302 1604 3355 Si
1636 3305 1759 3372 quis
1791 3320 1918 3374 ergo
1938 3308 2145 3361 adulte-

575 3380 713 3432 rium
771 3383 1145 3446 commiserit,
1193 3386 1372 3441 aliena
1424 3389 1478 3441 in
1539 3407 1689 3444 suam
1759 3395 2142 3461 proprietatem

577 3487 857 3542 usurpata,
895 3475 1009 3543 lege
1034 3479 1220 3545 utique
1249 3482 1602 3547 matrimonii,
1630 3495 1682 3538 et
1714 3487 1781 3538 ab
1827 3502 1887 3539 ea
1927 3503 2145 3553 separa-

577 3573 665 3616 tus
719 3565 879 3619 fuerit
918 3582 1038 3620 cum
1091 3569 1331 3636 legitima
1395 3573 1886 3640 condemnatioue,
1945 3580 2147 3646 aliique

577 3657 900 3723 conjunctus
934 3677 947 3711 :
986 3675 1082 3727 pro
1113 3661 1380 3718 adulterio
1413 3666 1628 3731 quidem
1660 3669 1955 3721 secundum
1985 3686 2148 3726 rano-

579 3763 674 3799 ues
705 3749 974 3815 punietur,
1021 3750 1074 3803 iu
1115 3755 1352 3807 secunda
1401 3766 1577 3809 autem
1611 3771 1800 3820 us0re,
1828 3775 1946 3826 qua:
1987 3770 2069 3812 est
2118 3777 2144 3812 a

577 3838 696 3888 viro
749 3840 937 3903 libera,
975 3855 1099 3895 reus
1145 3858 1250 3896 nou
1301 3845 1497 3913 agitur.
1552 3846 1678 3900 Hatc
1733 3858 1911 3901 autem
1954 3859 2078 3902 sunt
2117 3866 2144 3902 a

579 3939 763 3981 sancto
780 3931 1074 3984 constituta
1108 3943 1327 4001 propter
1370 3951 1464 3991 eos
1491 3937 1586 4006 qui
1623 3938 1875 3993 dicebant
1915 3957 2018 3992 non
2055 3943 2148 3996 de-

578 4019 706 4072 bere
740 4022 1045 4077 adulterum
1077 4027 1327 4080 secundae
1359 4028 1515 4082 uxori
1552 4029 1830 4098 conjungi,
1863 4039 1920 4082 ut
1967 4033 2055 4098 qui
2096 4034 2146 4084 in

581 4110 866 4176 capitalem
938 4113 1449 4170 condemnationem
1515 4119 1833 4182 incidisset,
1909 4131 1964 4173 ct
2043 4137 2146 4174 non

581 4209 766 4266 posset
804 4201 920 4270 lege
967 4206 1136 4259 veteri
1186 4210 1509 4262 contrahere
1534 4248 1550 4272 ,
1596 4226 1718 4278 quae
1756 4213 2150 4266 observabatur

584 4301 829 4360 tempore
863 4294 1069 4360 Basilii,
1117 4298 1327 4353 scilicet
1367 4311 1496 4354 ante
1545 4303 1999 4370 repurgationem.
2038 4304 2150 4358 Etsi

583 4384 726 4436 enim
758 4384 810 4437 iu
841 4385 1069 4453 capitale
1122 4389 1444 4456 supplicium
1484 4392 1755 4461 quispiam
1793 4394 1990 4448 incidat
2031 4411 2151 4461 pro-

585 4485 706 4542 pter
747 4474 1094 4542 adulterium,
1128 4493 1232 4532 non
1271 4490 1352 4532 est
1385 4489 1560 4534 tamen
1583 4483 1981 4537 matrimonium
2022 4500 2154 4536 con-

588 4566 803 4619 trahere
849 4567 1178 4634 prohibitus,
1211 4578 1266 4623 et
1308 4571 1430 4624 ideo
1469 4572 1538 4626 de
1576 4587 1641 4626 eo
1685 4589 1791 4628 non
1851 4575 2104 4642 punietur
2138 4594 2151 4628 :

584 4657 758 4710 multo
789 4670 971 4710 autem
1007 4659 1179 4726 magis
1223 4659 1270 4713 is
1307 4660 1469 4714 hodie
1503 4677 1717 4728 pmnam
1779 4678 1886 4716 non
1931 4664 2151 4724 subibit.

587 4753 871 4814 propterea
901 4747 1043 4814 quod
1089 4748 1319 4814 capitale
1363 4750 1688 4818 supplicium
1727 4751 2000 4804 sublatum
2048 4763 2152 4818 est,

583 4842 640 4886 et
665 4835 886 4901 punitur
910 4837 1120 4890 adulter
1160 4839 1271 4892 sola
1298 4843 1505 4894 narium
1531 4842 1870 4894 abscissioue
1893 4851 1948 4895 et
1983 4843 2152 4896 liono-

586 4940 780 4979 norum
805 4926 1095 4981 ablatione.
1119 4929 1184 4982 Et
1211 4930 1327 4996 lege
1347 4945 1468 4999 cap.
1503 4930 1591 4996 82,
1616 4931 1698 4983 tit.
1723 4933 1811 4997 57,
1850 4932 1944 4986 lib.
1989 4947 2078 4995 ιι,
2103 4943 2157 4986 et

587 5017 861 5071 Novellam
898 5019 968 5071 52
1006 5020 1350 5086 imperatoris
1401 5021 1604 5075 domini
1652 5021 1847 5077 Leonis
1909 5023 2155 5077 Philoso-

589 5106 702 5172 plii.
741 5105 864 5159 Haec
905 5118 1084 5160 autem
1120 5109 1292 5161 locum
1333 5109 1623 5170 habebant.
1659 5121 1716 5162 ut
1750 5111 1881 5163 milii
1918 5111 2174 5173 videturr

585 5199 804 5264 quando
827 5197 939 5250 sola
963 5197 1243 5253 aliectioue
1260 5200 1693 5255 constituebatur
1713 5204 2113 5256 matrimonium
2138 5219 2152 5255 :

586 5288 698 5358 96
739 5303 881 5342 nunc
929 5301 1107 5344 autem
1159 5293 1375 5360 quando
1433 5307 1554 5346 cum
1605 5309 1762 5349 sacra
1807 5297 2056 5350 oratione
2100 5305 2155 5349 et

589 5390 776 5434 sancto
822 5380 1118 5435 ministerio
1174 5383 1469 5450 procedunt
1531 5386 1728 5454 nuptias
1768 5397 1822 5441 et
1857 5392 2152 5459 sponsalia,

589 5471 799 5525 adulter
843 5472 1054 5527 mulieri
1109 5490 1212 5528 non
1266 5477 1421 5531 aliter
1471 5479 1850 5549 conjungetur,
1896 5497 2058 5549 quam
2108 5486 2152 5539 si

590 5560 838 5614 adulterii
873 5561 1048 5628 ptnnis
1090 5561 1253 5616 fuerit
1301 5563 1580 5631 liberatus,
1617 5583 1738 5637 quae
1811 5570 2153 5626 declarantur

593 5651 645 5705 in
676 5668 795 5705 can.
833 5652 900 5706 58
929 5655 1207 5722 praesentis
1233 5659 1428 5711 sancti.

2163 1790 2209 1848 Β

2234 1284 2519 1354 ἀποδήμου
2537 1288 2712 1348 δντος,
2743 1287 2836 1338 καὶ
2873 1286 2980 1354 πρὸ
3037 1286 3132 1339 τοῦ
3181 1287 3668 1356 πληροφορηθῆναι
3715 1289 3810 1338 τὸν

2235 1375 2461 1430 θάνατον
2481 1378 2667 1436 αὑτοῦ.
2689 1380 2858 1449 ἑτέρῳ
2883 1381 3214 1448 γαμηθεῖσα,
3235 1381 3328 1431 καὶ
3357 1382 3388 1449 ἡ
3415 1380 3508 1432 τοῦ
3536 1381 3812 1449 στρατιώ-

2236 1483 2345 1529 του,
2377 1468 2469 1519 ἐὰν
2496 1469 2587 1519 καὶ
2616 1469 2774 1534 αὑτὴ,
2816 1469 2919 1536 πρὸ
2944 1468 3037 1520 τοῦ
3091 1470 3278 1537 μαθεῖν
3309 1467 3551 1537 ἀκριϐῶς
3579 1471 3645 1520 τὰ
3675 1468 3807 1536 περὶ

2237 1557 2330 1609 τοῦ
2364 1557 2595 1612 θανάτου
2613 1559 2705 1611 τοῦ
2743 1561 2933 1630 ἀνδρὸς
2962 1561 3153 1628 αὐτῆς,
3177 1561 3346 1629 ἑτέρῳ
3373 1561 3636 1629 συναφθῇο
3663 1561 3811 1622 ὅπως

2237 1649 2292 1701 δὲ
2347 1651 2403 1702 αί
2464 1653 2862 1720 στρατιώτιδες,
2919 1652 3184 1720 μαθοῦσαι
3243 1655 3366 1716 τοὺς
3401 1654 3560 1714 ἰδίους
3615 1652 3812 1720 ἀνδρας

2243 1743 2713 1812 τετελευτηκέναι,
2734 1745 3038 1812 ὀφείλουσιν
3062 1747 3288 1815 ὲρευνᾷν
3315 1745 3550 1816 περ).τοῦ
3580 1745 3811 1798 θανάτου

2245 1834 2444 1897 αὐτῶν,
2474 1837 2506 1902 ἡ
2565 1836 2995 1898 ’1ουστινιάνειος
3039 1839 3306 1904 ἑκατοστὴ
3374 1837 3812 1904 ἑπτακαιδεκάτη

2242 1925 2428 1992 Νεαρὰ
2451 1925 2839 1992 διαλαμϐάνει,
2896 1927 2928 1994 ὴ
2984 1927 3041 1978 ἑν
3098 1926 3176 1995 τῷ
3232 1927 3445 1995 ἑϐδόμῳ
3503 1925 3668 1995 τίτλῳ
3717 1925 3812 1978 τοῦ

2243 2015 2495 2067 είκοστοῦ
2533 2017 2722 2082 ὀγδόου
2766 2017 2975 2086 βιϐλίου
3024 2018 3133 2070 τῶν
3183 2017 3482 2087 βασιλικῶν
3540 2016 3770 2085 κειμένη
3798 2031 3814 2046 ο

2241 2101 2306 2176 ἦς
2336 2109 2368 2177 ἠ
2397 2109 2626 2174 δύναμις
2660 2125 2752 2161 και
2786 2111 2841 2159 ἑν
2867 2108 2944 2177 τῷ
2978 2107 3344 2177 ἑννενηκοστῷ
3397 2106 3598 2176 πρώτῳ
3629 2107 3816 2159 κανόνι

2244 2199 2464 2266 ἐγράφη
2497 2199 2598 2266 τῆς
2633 2200 2691 2250 ἑν
2710 2199 2787 2268 τῷ
2822 2197 3080 2267 Τρούλλῳ
3128 2198 3294 2266 ἕκτης
3349 2198 3590 2250 συνόδου.
3652 2196 3710 2247 '0
3761 2196 3820 2246 δὲ

2243 2290 2436 2359 παρὼν
2465 2288 2648 2342 κανὼν
2677 2288 3005 2357 συγγνώμης
3023 2289 3168 2351 τινος
3189 2289 3333 2350 ἀξιοῖ
3368 2290 3471 2350 τὰς
3492 2288 3601 2340 τῶν
3646 2305 3818 2355 στρα-

2243 2380 2454 2432 τιωτῶν
2490 2383 2756 2445 γυναῖκας
2787 2381 2937 2448 παρά
2998 2380 3096 2439 τὰς
3144 2383 3412 2446 γυναῖκας
3478 2381 3584 2432 τῶν
3642 2379 3821 2440 ἄλλως

2243 2473 2692 2541 ἀποδημούντων,
2719 2473 2876 2539 εἴπερ
2903 2473 3036 2542 προς
3065 2473 3318 2541 δεύτερον
3350 2476 3528 2539 γάμον
3584 2473 3816 2530 ἔλθοιεν,

2243 2564 2350 2615 τῶν
2377 2564 2587 2630 ἀνδρῶν
2620 2565 2800 2616 αὑτῶν
2841 2564 3310 2630 ἀφαντὼθέντωνο
3366 2563 3457 2614 διὰ
3510 2563 3569 2614 τδ
3617 2562 3822 2630 μᾶλλον

2244 2654 2379 2720 πρὸς
2433 2653 2665 2704 θάνατον
2692 2648 2834 2704 εἶναι
2909 2651 3131 2713 αὐτοὺς,
3183 2655 3272 2703 καὶ
3333 2651 3572 2718 μδτάλην
3617 2651 3822 2703 διδόναι

2245 2742 2499 2792 ὑπόνοιαν
2519 2743 2617 2811 τὴν
2634 2743 2666 2791 ἀ
2681 2742 2918 2808 ράνειαν,
2935 2740 3009 2801 ὡς
3025 2740 3368 2807 τεθνήκασιν,
3394 2740 3424 2808 ἢ
3446 2740 3815 2808 ἀνῃρέθησαν.

2815 2832 3053 2884 ΚΑΝΩΝ
3083 2833 3205 2885 AZ'.

2246 2925 2488 2978 Μετάτὺ
2545 2923 2913 2993 ἀφαιρεθῆναι
2947 2925 3042 2992 τὴν
3123 2922 3409 2992 ἀλλοτρίαν
3467 2925 3493 2974 ὀ
3537 2924 3820 2992 γαμήσας,

2297 3018 2392 3068 ἐπὶ
2455 3016 2552 3084 μὲν
2580 3021 2646 3084 τῇ
2682 3017 2895 3085 πρώτῃ,
2933 3016 3181 3082 μοιχείας
3211 3014 3624 3084 ἐγκληθήσεται
3667 3031 3680 3046 ’
3721 3014 3824 3065 ἐπὶ

2165 3115 2214 3179 C
2296 3110 2353 3162 δὲ
2403 3112 2470 3177 τῇ
2511 3111 2738 3177 δευτέρᾳ
2771 3107 3060 3168 ἀνεύθυνος
3092 3108 3266 3158 ἔσται.

2314 3199 2514 3255 ΒΑΛΣ.
2587 3198 2896 3266 Ἀλλοτρίαν
2977 3197 3210 3250 ἐνταῦθα
3291 3198 3438 3263 λέγει
3521 3200 3549 3248 ὀ
3637 3195 3824 3249 κανὼν

2245 3293 2342 3360 τὴν
2423 3291 2668 3361 νομίμως
2741 3290 3082 3358 γαμηθεῖσαν
3153 3291 3329 3357 ἢκαὶ
3391 3290 3827 3356 μνηστευθεῐσάν

2246 3400 2373 3436 τινι.
2451 3381 2518 3434 El’
2594 3397 2679 3443 τις
2785 3380 2916 3447 γοῦν
3011 3382 3308 3448 μοιχεύσει,
3401 3381 3828 3448 ίδιοποιούμενος

2250 3474 2349 3541 τὴν
2427 3473 2718 3543 ἀλλοτρίαν
2783 3473 2922 3526 κατὰ
2969 3473 3133 3541 νόμον
3196 3472 3358 3540 δῆθεν
3445 3476 3643 3541 γάμου,
3730 3476 3826 3525 καὶ

2248 3567 2417 3634 αὐτὴν
2473 3567 2570 3634 μὲν
2639 3566 2907 3634 ἀφαιρεθῇ
2962 3567 3100 3627 μετά
3190 3566 3483 3630 καταδίκης
3563 3566 3823 3632 νομίμου,

2252 3658 2414 3726 ἑτέρᾳ
2490 3656 2543 3706 δὲ
2609 3654 2932 3723 συζευχθῇ·
2983 3654 3141 3722 χάριν
3213 3655 3309 3720 μὲν
3387 3659 3481 3720 τῆς
3577 3655 3827 3722 μοιχείας

2251 3746 2392 3811 κατὰ
2418 3743 2542 3804 τοὺς
2575 3743 2808 3803 κανόνας
2833 3741 3318 3809 ἐπιτιμηθὴσεται,
3372 3743 3463 3792 ἐπὶ
3491 3741 3545 3792 δὲ
3576 3744 3639 3810 τῇ
3703 3741 3826 3793 δευο

2249 3838 2382 3905 τέρα
2432 3838 2669 3903 γαμετῇ.
2715 3833 2976 3902 ἐλευθέρᾳ
3044 3831 3175 3901 οὔσῃ
3252 3832 3463 3898 ἀνδρὸς,
3517 3831 3617 3882 οὐκ
3670 3832 3827 3882 ἔσται

2251 3929 2565 3988 ὑπεύθυνος.
2617 3925 2940 3996 Ὠρίσθησαν
2969 3924 3219 3976 δὲταῦτα
3249 3925 3399 3989 παρὰ
3438 3922 3532 3974 τοῦ
3563 3923 3829 3988 ἀγίουδιὲ

2250 4024 2372 4082 τοὺς
2397 4020 2655 4085 λέγοντας
2689 4019 2762 4083 μὴ
2793 4016 3029 4082 ὀφείλειν
3053 4016 3368 4082 τὸνδιοιχόν
3395 4015 3624 4082 δευτέρᾳ
3658 4015 3828 4066 συνάο

2252 4129 2347 4163 πτε
2359 4111 2482 4162 σθαι
2501 4109 2740 4173 γυναικὶ,
2760 4109 2835 4170 ὡς
2847 4107 3116 4174 κεφαλικῇ
3139 4105 3406 4175 καταδίκῃ
3421 4106 3824 4170 ὑποπίπτοντα,

2255 4204 2347 4254 καὶ
2377 4203 2450 4270 μὴ
2477 4202 2780 4268 δυνάμενον
2831 4199 3224 4252 συναλλάττειν
3273 4199 3416 4250 γατά
3462 4200 3552 4250 τὸν
3593 4197 3830 4251 παλαιὸν

2253 4296 2418 4362 νόμον
2459 4295 2549 4347 τὸν
2576 4293 2884 4356 κρατοῦντα
2926 4295 2984 4344 ἑν
3033 4294 3154 4350 ταῖς
3191 4291 3431 4359 ἡμέραις
3487 4292 3583 4342 τοῦ
3665 4293 3827 4358 ἁγίου

2257 4379 2566 4442 Βασίλείου,
2608 4383 2854 4442 δηλονότι
2905 4383 3014 4448 πρὸ
3063 4381 3162 4447 τῆς
3209 4381 3660 4452 ἀνακαθάρσεως.
3709 4382 3831 4435 Κάν

2258 4476 2365 4543 γάρ
2400 4474 2668 4542 κεφάλικῇ
2729 4472 2972 4542 τιμωρία
3005 4473 3290 4523 ὑπόκειταί
3321 4489 3404 4534 τις
3444 4473 3532 4524 διὰ
3553 4473 3650 4540 τὴν
3704 4491 3826 4542 μοι·

2257 4567 2430 4634 χείαν,
2460 4566 2601 4618 ἀλλά
2634 4567 2812 4632 γάμον
2839 4564 3226 4616 συναλλάττειν
3253 4566 3314 4616 ού
3365 4564 3700 4626 κεκώλυται,
3735 4566 3833 4618 καὶ

2256 4659 2344 4710 διὰ
2379 4656 2538 4707 τοῦτο
2573 4655 2670 4706 οὐκ
2701 4653 3163 4722 ἑπιτιμηθήσεται
3203 4655 3361 4722 χάριν
3379 4653 3568 4704 τούτου
3603 4668 3618 4683 ο
3648 4653 3833 4721 πολλῷ

2255 4751 2310 4802 δὲ
2341 4751 2503 4802 πλέον
2545 4750 2605 4800 οὐ
2647 4747 3050 4816 κολασθήσεται
3083 4747 3326 4812 σήμερον
3379 4748 3406 4797 ὀ
3445 4744 3718 4808 τοιοῦτος,
3744 4746 3830 4796 ὄτι

2257 4841 2528 4909 κεφαλικὴ
2610 4839 2847 4908 τιμωρία
2908 4836 3237 4907 περιῃρέθη,
3309 4839 3405 4888 καὶ
3474 4837 3833 4901 κολάζεταιό

2262 4934 2445 5002 μοιχὸς
2489 4933 2624 5000 μόνῃ
2675 4930 2838 4999 ῥινῶν
2875 4931 3081 4996 ἐκτομῇ
3126 4930 3220 4980 καὶ
3276 4929 3614 4998 πραγμάτων
3666 4929 3838 4995 ἀφαι-

2261 5025 2427 5092 ρέσει.
2498 5024 2609 5074 Καὶ
2641 5019 2918 5085 ἀνάγνωθι
2952 5020 3014 5072 τὸ
3049 5019 3137 5085 πβ⁶
3167 5035 3292 5084 κεφ.
3329 5018 3422 5070 τοῦ
3479 5018 3556 5081 λζ’
3589 5018 3696 5071 τίτ.
3733 5018 3830 5071 τοῦ

2261 5113 2300 5178 ξ’
2348 5115 2510 5184 βιϐλ.,
2537 5115 2629 5167 καὶ
2672 5111 2752 5180 λβ¹
2772 5111 2868 5180 τὴν
2925 5111 3144 5178 Νεαρὰν
3175 5109 3267 5161 τοῦ
3300 5108 3564 5177 βασιλέως
3636 5109 3830 5177 κυρίου
3861 5125 3869 5134 ’

2258 5209 2484 5268 Λέοντος
2507 5205 2599 5256 τοῦ
2629 5205 2950 5272 Φιλοσόφου.
2988 5202 3173 5254 Ταῦτα
3206 5201 3260 5252 δὲ
3284 5201 3466 5270 χώραν
3526 5197 3694 5269 εἶχον,
3751 5201 3832 5264 ὡς

2256 5299 2380 5368 ἐμοὶ
2409 5297 2574 5358 δοκεῖ,
2598 5297 2686 5347 ὅτε
2731 5294 2864 5364 μόνῃ
2926 5292 3166 5345 διαθέσει
3235 5293 3526 5343 συνίστατο
3578 5291 3828 5358 ὀγάμος.

2268 5391 2497 5459 Ἀρτίως
2523 5389 2632 5455 γάρ
2665 5387 2789 5438 ἑπεὶ
2819 5385 2959 5454 μετὰ
2985 5382 3289 5452 ἱερολογίας
3316 5385 3365 5434 οί
3417 5384 3586 5450 γάμοι
3616 5385 3712 5434 καὶ
3772 5383 3829 5434 αἱ

2259 5485 2548 5554 μνηστεῖαι
2581 5478 2990 5550 προϐαίνουσιν,
3017 5477 3194 5537 άλλως
3227 5475 3448 5542 γυναικὶ
3498 5473 3527 5524 ὀ
3551 5473 3739 5542 μοιχὸς
3765 5475 3829 5526 οὐ

2259 5573 2712 5642 συζευχθὴσεται,
2754 5571 2800 5621 εί
2828 5567 2902 5637 μὴ
2925 5567 3034 5622 ἀπὸ
3063 5567 3170 5619 τῶν
3227 5563 3517 5633 ἐπιτιμίων
3555 5565 3652 5633 τῆς
3709 5580 3831 5628 μοι-

2259 5664 2414 5730 χείας
2439 5661 2708 5726 ἀπολυθῇ,
2747 5657 2854 5710 τῶν
2876 5654 3222 5726 δηλουμένων
3268 5653 3349 5714 είς
3370 5651 3462 5704 τὸν
3521 5648 3598 5720 νη’
3629 5652 3830 5703 κανόνα

2253 5770 2285 5805 τ
2305 5754 2348 5805 ,ὖ
2377 5753 2638 5820 παρόντος
2669 5748 2846 5818 ἀγίου.
