  <div class='ocr_page' id='page_1' title='image "/cluster/home/n/w/nwhite01/storage/ocr_20150623/138/uva.x030486987/408.png"; bbox 0 0 4124 6462; ppageno 0'>
   <div class='ocr_carea' id='block_1_1' title="bbox 320 408 434 470">
    <p class='ocr_par' dir='ltr' id='par_1_1' title="bbox 320 408 434 470">
     <span class='ocr_line' id='line_1_1' title="bbox 320 408 434 470; baseline 0.009 -1"><span class='ocrx_word' id='word_1_1' title='bbox 320 408 434 470; x_wconf 69' lang='lat'><strong>705</strong></span> 
     </span>
    </p>
   </div>
   <div class='ocr_carea' id='block_1_2' title="bbox 1266 408 2623 476">
    <p class='ocr_par' dir='ltr' id='par_1_2' title="bbox 1266 408 2623 476">
     <span class='ocr_line' id='line_1_2' title="bbox 1266 408 2623 476; baseline 0.006 -8"><span class='ocrx_word' id='word_1_2' title='bbox 1266 408 1347 471; x_wconf 82' lang='lat' dir='ltr'><strong>IN</strong></span> <span class='ocrx_word' id='word_1_3' title='bbox 1388 410 1629 472; x_wconf 83' lang='lat' dir='ltr'><strong>EPIST.</strong></span> <span class='ocrx_word' id='word_1_4' title='bbox 1656 412 1713 475; x_wconf 93' lang='lat' dir='ltr'><strong>S.</strong></span> <span class='ocrx_word' id='word_1_5' title='bbox 1750 413 2034 473; x_wconf 82' lang='lat' dir='ltr'><strong>BASILII</strong></span> <span class='ocrx_word' id='word_1_6' title='bbox 2066 413 2504 476; x_wconf 61' lang='lat' dir='ltr'><strong>CANONNIAM</strong></span> <span class='ocrx_word' id='word_1_7' title='bbox 2541 418 2623 476; x_wconf 90' lang='lat' dir='ltr'><strong>Il.</strong></span> 
     </span>
    </p>
   </div>
   <div class='ocr_carea' id='block_1_3' title="bbox 3460 425 3569 485">
    <p class='ocr_par' dir='ltr' id='par_1_3' title="bbox 3460 425 3569 485">
     <span class='ocr_line' id='line_1_3' title="bbox 3460 425 3569 485; baseline 0.009 -1"><span class='ocrx_word' id='word_1_8' title='bbox 3460 425 3569 485; x_wconf 75' lang='lat'><strong>700</strong></span> 
     </span>
    </p>
   </div>
   <div class='ocr_carea' id='block_1_4' title="bbox 393 518 1893 597">
    <p class='ocr_par' dir='ltr' id='par_1_4' title="bbox 393 518 1893 592">
     <span class='ocr_line' id='line_1_4' title="bbox 393 518 1893 592; baseline -0.001 -17"><span class='ocrx_word' id='word_1_9' title='bbox 393 520 640 575; x_wconf 74' lang='grc' dir='ltr'><strong>ΖΩΝΛΡ.</strong></span> <span class='ocrx_word' id='word_1_10' title='bbox 691 519 816 574; x_wconf 78' lang='grc' dir='ltr'>Ἐάν</span> <span class='ocrx_word' id='word_1_11' title='bbox 846 537 925 583; x_wconf 83' lang='grc' dir='ltr'><strong>τις</strong></span> <span class='ocrx_word' id='word_1_12' title='bbox 960 518 1202 591; x_wconf 70' lang='grc' dir='ltr'>μνηστὴν</span> <span class='ocrx_word' id='word_1_13' title='bbox 1231 521 1375 583; x_wconf 70' lang='grc' dir='ltr'>τινος</span> <span class='ocrx_word' id='word_1_14' title='bbox 1402 522 1435 592; x_wconf 84' lang='grc' dir='ltr'>ἢ</span> <span class='ocrx_word' id='word_1_15' title='bbox 1460 525 1696 589; x_wconf 62' lang='grc' dir='ltr'>γυναῖκα</span> <span class='ocrx_word' id='word_1_16' title='bbox 1723 522 1893 577; x_wconf 67' lang='grc' dir='ltr'>λασὼι</span> 
     </span>
    </p>
   </div>
   <div class='ocr_carea' id='block_1_5' title="bbox 1995 518 3571 597">
    <p class='ocr_par' dir='ltr' id='par_1_5' title="bbox 2080 521 3571 597">
     <span class='ocr_line' id='line_1_5' title="bbox 2080 521 3571 597; baseline 0.006 -21"><span class='ocrx_word' id='word_1_17' title='bbox 2080 521 2336 580; x_wconf 79' lang='lat' dir='ltr'><strong>ZONAR.</strong></span> <span class='ocrx_word' id='word_1_18' title='bbox 2369 524 2427 580; x_wconf 87' lang='lat' dir='ltr'><strong>SI</strong></span> <span class='ocrx_word' id='word_1_19' title='bbox 2457 526 2579 593; x_wconf 84' lang='lat' dir='ltr'><strong>quis</strong></span> <span class='ocrx_word' id='word_1_20' title='bbox 2605 523 2835 595; x_wconf 78' lang='lat' dir='ltr'><strong>alicujus</strong></span> <span class='ocrx_word' id='word_1_21' title='bbox 2870 541 3120 597; x_wconf 77' lang='lat' dir='ltr'><strong>sponsam</strong></span> <span class='ocrx_word' id='word_1_22' title='bbox 3157 538 3215 581; x_wconf 91' lang='lat' dir='ltr'><strong>nt</strong></span> <span class='ocrx_word' id='word_1_23' title='bbox 3246 543 3469 585; x_wconf 73' lang='lat' dir='ltr'><strong>uxorem</strong></span> <span class='ocrx_word' id='word_1_24' title='bbox 3519 533 3571 585; x_wconf 85' lang='lat' dir='ltr'><strong>in</strong></span> 
     </span>
    </p>
   </div>
   <div class='ocr_carea' id='block_1_6' title="bbox 319 609 1904 686">
    <p class='ocr_par' dir='ltr' id='par_1_6' title="bbox 319 609 1904 686">
     <span class='ocr_line' id='line_1_6' title="bbox 319 609 1904 686; baseline 0.001 -18"><span class='ocrx_word' id='word_1_25' title='bbox 319 609 491 683; x_wconf 71' lang='grc' dir='ltr'>εἶχεν,</span> <span class='ocrx_word' id='word_1_26' title='bbox 515 611 635 668; x_wconf 80' lang='grc' dir='ltr'>εἶτα</span> <span class='ocrx_word' id='word_1_27' title='bbox 673 613 928 683; x_wconf 77' lang='grc' dir='ltr'><strong>ἀφῃρέθη</strong></span> <span class='ocrx_word' id='word_1_28' title='bbox 959 613 1149 683; x_wconf 82' lang='grc' dir='ltr'>αὐτὴν,</span> <span class='ocrx_word' id='word_1_29' title='bbox 1182 614 1277 666; x_wconf 74' lang='grc' dir='ltr'>καὶ</span> <span class='ocrx_word' id='word_1_30' title='bbox 1306 615 1633 683; x_wconf 53' lang='grc' dir='ltr'>ἀφαιρεθεὶς</span> <span class='ocrx_word' id='word_1_31' title='bbox 1685 616 1904 686; x_wconf 82' lang='grc' dir='ltr'>ἐκείνην</span> 
     </span>
    </p>
   </div>
   <div class='ocr_carea' id='block_1_7' title="bbox 320 703 1906 777">
    <p class='ocr_par' dir='ltr' id='par_1_7' title="bbox 320 703 1906 777">
     <span class='ocr_line' id='line_1_7' title="bbox 320 703 1906 777; baseline 0.001 -19"><span class='ocrx_word' id='word_1_32' title='bbox 320 706 489 775; x_wconf 65' lang='grc' dir='ltr'><strong>ἑτέρᾳ⁵</strong></span> <span class='ocrx_word' id='word_1_33' title='bbox 516 704 797 775; x_wconf 79' lang='grc' dir='ltr'>συνῴκησε</span> <span class='ocrx_word' id='word_1_34' title='bbox 834 705 1047 774; x_wconf 77' lang='grc' dir='ltr'><strong>γαμετῇ</strong></span> <span class='ocrx_word' id='word_1_35' title='bbox 1078 721 1093 735; x_wconf 87' lang='grc'><strong>·</strong></span> <span class='ocrx_word' id='word_1_36' title='bbox 1124 703 1215 756; x_wconf 77' lang='grc' dir='ltr'>διὰ</span> <span class='ocrx_word' id='word_1_37' title='bbox 1252 705 1353 773; x_wconf 85' lang='grc' dir='ltr'><strong>μέν</strong></span> <span class='ocrx_word' id='word_1_38' title='bbox 1376 704 1475 776; x_wconf 80' lang='grc' dir='ltr'>τὴν</span> <span class='ocrx_word' id='word_1_39' title='bbox 1537 707 1618 769; x_wconf 87' lang='grc' dir='ltr'><strong>είς</strong></span> <span class='ocrx_word' id='word_1_40' title='bbox 1686 708 1906 777; x_wconf 88' lang='grc' dir='ltr'>ἐκείνην</span> 
     </span>
    </p>
   </div>
   <div class='ocr_carea' id='block_1_8' title="bbox 320 791 1904 868">
    <p class='ocr_par' dir='ltr' id='par_1_8' title="bbox 320 791 1904 868">
     <span class='ocr_line' id='line_1_8' title="bbox 320 791 1904 868; baseline 0.001 -19"><span class='ocrx_word' id='word_1_41' title='bbox 320 791 710 866; x_wconf 68' lang='grc' dir='ltr'><strong>πλημμέλειαν</strong></span> <span class='ocrx_word' id='word_1_42' title='bbox 737 799 816 857; x_wconf 81' lang='grc' dir='ltr'>ὡς</span> <span class='ocrx_word' id='word_1_43' title='bbox 880 796 1064 865; x_wconf 83' lang='grc' dir='ltr'>μοιχὸς</span> <span class='ocrx_word' id='word_1_44' title='bbox 1105 796 1583 867; x_wconf 83' lang='grc' dir='ltr'>ἐπιτιμηθήσεται,</span> <span class='ocrx_word' id='word_1_45' title='bbox 1632 799 1725 851; x_wconf 76' lang='grc' dir='ltr'>ἐπὶ</span> <span class='ocrx_word' id='word_1_46' title='bbox 1753 799 1808 851; x_wconf 81' lang='grc' dir='ltr'><strong>δὲ</strong></span> <span class='ocrx_word' id='word_1_47' title='bbox 1838 801 1904 868; x_wconf 78' lang='grc' dir='ltr'>τῇ</span> 
     </span>
    </p>
   </div>
   <div class='ocr_carea' id='block_1_9' title="bbox 321 887 1906 960">
    <p class='ocr_par' dir='ltr' id='par_1_9' title="bbox 321 887 1906 960">
     <span class='ocr_line' id='line_1_9' title="bbox 321 887 1906 960; baseline 0.002 -20"><span class='ocrx_word' id='word_1_48' title='bbox 321 888 557 956; x_wconf 69' lang='grc' dir='ltr'>δευτέρᾳ</span> <span class='ocrx_word' id='word_1_49' title='bbox 590 889 841 958; x_wconf 78' lang='grc' dir='ltr'>ιγαμετῇ,</span> <span class='ocrx_word' id='word_1_50' title='bbox 868 888 1127 959; x_wconf 77' lang='grc' dir='ltr'>ἐλευθέρᾳ</span> <span class='ocrx_word' id='word_1_51' title='bbox 1172 887 1306 957; x_wconf 75' lang='grc' dir='ltr'>οὔσῃ</span> <span class='ocrx_word' id='word_1_52' title='bbox 1363 891 1578 960; x_wconf 80' lang='grc' dir='ltr'>ἀνδρὸς,</span> <span class='ocrx_word' id='word_1_53' title='bbox 1624 890 1723 945; x_wconf 80' lang='grc' dir='ltr'>οὐκ</span> <span class='ocrx_word' id='word_1_54' title='bbox 1752 892 1906 943; x_wconf 78' lang='grc' dir='ltr'>ἐσται</span> 
     </span>
    </p>
   </div>
   <div class='ocr_carea' id='block_1_10' title="bbox 322 979 657 1043">
    <p class='ocr_par' dir='ltr' id='par_1_10' title="bbox 322 979 657 1043">
     <span class='ocr_line' id='line_1_10' title="bbox 322 979 657 1043; baseline 0.015 -12"><span class='ocrx_word' id='word_1_55' title='bbox 322 979 657 1043; x_wconf 76' lang='grc' dir='ltr'>ὑπεύθυνος.</span> 
     </span>
    </p>
   </div>
   <div class='ocr_carea' id='block_1_11' title="bbox 386 1069 1907 1141">
    <p class='ocr_par' dir='ltr' id='par_1_11' title="bbox 386 1069 1907 1141">
     <span class='ocr_line' id='line_1_11' title="bbox 386 1069 1907 1141; baseline -0.003 -16"><span class='ocrx_word' id='word_1_56' title='bbox 386 1069 614 1125; x_wconf 80' lang='grc' dir='ltr'><strong>ΑΡΙΣΤ.</strong></span> <span class='ocrx_word' id='word_1_57' title='bbox 666 1071 725 1124; x_wconf 85' lang='grc' dir='ltr'>Ὀ</span> <span class='ocrx_word' id='word_1_58' title='bbox 755 1071 859 1140; x_wconf 79' lang='grc' dir='ltr'>τὴν</span> <span class='ocrx_word' id='word_1_59' title='bbox 888 1070 1174 1141; x_wconf 75' lang='grc' dir='ltr'><strong>ἀλλοτρίαν</strong></span> <span class='ocrx_word' id='word_1_60' title='bbox 1204 1071 1383 1140; x_wconf 80' lang='grc' dir='ltr'>ἀφεὶς,</span> <span class='ocrx_word' id='word_1_61' title='bbox 1420 1072 1513 1123; x_wconf 66' lang='grc' dir='ltr'>καὶ</span> <span class='ocrx_word' id='word_1_62' title='bbox 1552 1072 1734 1123; x_wconf 79' lang='grc' dir='ltr'>λαϐὼν</span> <span class='ocrx_word' id='word_1_63' title='bbox 1756 1071 1907 1125; x_wconf 86' lang='grc' dir='ltr'>ἐλευ.</span> 
     </span>
    </p>
   </div>
   <div class='ocr_carea' id='block_1_12' title="bbox 323 1162 1904 1234">
    <p class='ocr_par' dir='ltr' id='par_1_12' title="bbox 323 1162 1904 1234">
     <span class='ocr_line' id='line_1_12' title="bbox 323 1162 1904 1234; baseline 0 -17"><span class='ocrx_word' id='word_1_64' title='bbox 323 1163 516 1234; x_wconf 78' lang='grc' dir='ltr'>θέραν,</span> <span class='ocrx_word' id='word_1_65' title='bbox 553 1163 909 1233; x_wconf 84' lang='grc' dir='ltr'>ἐπιτιμητέος</span> <span class='ocrx_word' id='word_1_66' title='bbox 945 1164 1042 1232; x_wconf 74' lang='grc' dir='ltr'>μὲν</span> <span class='ocrx_word' id='word_1_67' title='bbox 1074 1163 1161 1215; x_wconf 81' lang='grc' dir='ltr'><strong>διὰ</strong></span> <span class='ocrx_word' id='word_1_68' title='bbox 1221 1164 1320 1229; x_wconf 83' lang='grc' dir='ltr'>τὴν</span> <span class='ocrx_word' id='word_1_69' title='bbox 1354 1162 1579 1233; x_wconf 86' lang='grc' dir='ltr'>πρώτην</span> <span class='ocrx_word' id='word_1_70' title='bbox 1608 1179 1623 1194; x_wconf 75' lang='grc' dir='ltr'><strong>ο</strong></span> <span class='ocrx_word' id='word_1_71' title='bbox 1680 1166 1773 1215; x_wconf 71' lang='grc' dir='ltr'>ἐπὶ</span> <span class='ocrx_word' id='word_1_72' title='bbox 1846 1164 1904 1217; x_wconf 74' lang='grc' dir='ltr'><strong>δέ</strong></span> 
     </span>
    </p>
   </div>
   <div class='ocr_carea' id='block_1_13' title="bbox 317 1256 1021 1326">
    <p class='ocr_par' dir='ltr' id='par_1_13' title="bbox 317 1256 1021 1326">
     <span class='ocr_line' id='line_1_13' title="bbox 317 1256 1021 1326; baseline 0.004 -19"><span class='ocrx_word' id='word_1_73' title='bbox 317 1260 386 1325; x_wconf 73' lang='grc' dir='ltr'>τῇ</span> <span class='ocrx_word' id='word_1_74' title='bbox 422 1256 543 1307; x_wconf 84' lang='grc' dir='ltr'>δευτ</span> <span class='ocrx_word' id='word_1_75' title='bbox 555 1256 675 1326; x_wconf 68' lang='grc' dir='ltr'>έρᾳ,</span> <span class='ocrx_word' id='word_1_76' title='bbox 709 1257 1021 1319; x_wconf 71' lang='grc' dir='ltr'>ἀνεύθυνος.</span> 
     </span>
    </p>
   </div>
   <div class='ocr_carea' id='block_1_14' title="bbox 399 1343 1887 1416">
    <p class='ocr_par' dir='ltr' id='par_1_14' title="bbox 399 1343 1887 1416">
     <span class='ocr_line' id='line_1_14' title="bbox 399 1343 1887 1416; baseline 0.001 -20"><span class='ocrx_word' id='word_1_77' title='bbox 399 1345 468 1397; x_wconf 74' lang='lat' dir='ltr'><strong>EI</strong></span> <span class='ocrx_word' id='word_1_78' title='bbox 494 1361 580 1406; x_wconf 87' lang='grc' dir='ltr'><strong>τις</strong></span> <span class='ocrx_word' id='word_1_79' title='bbox 639 1349 873 1412; x_wconf 86' lang='grc' dir='ltr'>γυναῖκα</span> <span class='ocrx_word' id='word_1_80' title='bbox 923 1346 1062 1416; x_wconf 80' lang='grc' dir='ltr'>λάϐῃ</span> <span class='ocrx_word' id='word_1_81' title='bbox 1109 1346 1241 1414; x_wconf 67' lang='grc' dir='ltr'>παρ’</span> <span class='ocrx_word' id='word_1_82' title='bbox 1304 1343 1469 1398; x_wconf 84' lang='grc' dir='ltr'>ἀλλου</span> <span class='ocrx_word' id='word_1_83' title='bbox 1518 1344 1887 1398; x_wconf 78' lang='grc' dir='ltr'>ἀπολυθεῖσαν</span> 
     </span>
    </p>
   </div>
   <div class='ocr_carea' id='block_1_15' title="bbox 320 1430 1903 1507">
    <p class='ocr_par' dir='ltr' id='par_1_15' title="bbox 320 1430 1903 1507">
     <span class='ocr_line' id='line_1_15' title="bbox 320 1430 1903 1507; baseline 0.001 -20"><span class='ocrx_word' id='word_1_84' title='bbox 320 1430 444 1487; x_wconf 75' lang='grc' dir='ltr'>εἷτα</span> <span class='ocrx_word' id='word_1_85' title='bbox 474 1434 683 1503; x_wconf 87' lang='grc' dir='ltr'>ταύτην</span> <span class='ocrx_word' id='word_1_86' title='bbox 734 1436 917 1504; x_wconf 75' lang='grc' dir='ltr'>ἀφεὶς,</span> <span class='ocrx_word' id='word_1_87' title='bbox 974 1437 1139 1506; x_wconf 82' lang='grc' dir='ltr'>ἐτέρᾳ</span> <span class='ocrx_word' id='word_1_88' title='bbox 1184 1435 1447 1507; x_wconf 74' lang='grc' dir='ltr'><strong>ἐλευθέρᾳ</strong></span> <span class='ocrx_word' id='word_1_89' title='bbox 1501 1438 1749 1505; x_wconf 81' lang='grc' dir='ltr'>νομίμως</span> <span class='ocrx_word' id='word_1_90' title='bbox 1804 1454 1903 1488; x_wconf 84' lang='grc' dir='ltr'>συ·</span> 
     </span>
    </p>
   </div>
   <div class='ocr_carea' id='block_1_16' title="bbox 316 1526 1900 1599">
    <p class='ocr_par' dir='ltr' id='par_1_16' title="bbox 316 1526 1900 1599">
     <span class='ocr_line' id='line_1_16' title="bbox 316 1526 1900 1599; baseline 0.002 -20"><span class='ocrx_word' id='word_1_91' title='bbox 316 1526 519 1597; x_wconf 77' lang='grc' dir='ltr'>ζευχθῇ</span> <span class='ocrx_word' id='word_1_92' title='bbox 542 1542 560 1559; x_wconf 81' lang='grc'><strong>’</strong></span> <span class='ocrx_word' id='word_1_93' title='bbox 592 1528 685 1580; x_wconf 77' lang='grc' dir='ltr'>ἐπὶ</span> <span class='ocrx_word' id='word_1_94' title='bbox 727 1529 826 1597; x_wconf 73' lang='grc' dir='ltr'>μὲν</span> <span class='ocrx_word' id='word_1_95' title='bbox 853 1530 917 1597; x_wconf 81' lang='grc' dir='ltr'><strong>τῇ</strong></span> <span class='ocrx_word' id='word_1_96' title='bbox 947 1528 1135 1598; x_wconf 80' lang='grc' dir='ltr'><strong>πρώτῃ</strong></span> <span class='ocrx_word' id='word_1_97' title='bbox 1170 1528 1248 1599; x_wconf 84' lang='grc' dir='ltr'>τῷ</span> <span class='ocrx_word' id='word_1_98' title='bbox 1267 1529 1367 1597; x_wconf 85' lang='grc' dir='ltr'>τῆς</span> <span class='ocrx_word' id='word_1_99' title='bbox 1427 1530 1674 1599; x_wconf 76' lang='grc' dir='ltr'><strong>μοιχείας</strong></span> <span class='ocrx_word' id='word_1_100' title='bbox 1726 1533 1900 1582; x_wconf 83' lang='grc' dir='ltr'>ἐπιτι-</span> 
     </span>
    </p>
   </div>
   <div class='ocr_carea' id='block_1_17' title="bbox 321 1618 1902 1690">
    <p class='ocr_par' dir='ltr' id='par_1_17' title="bbox 321 1618 1902 1690">
     <span class='ocr_line' id='line_1_17' title="bbox 321 1618 1902 1690; baseline 0.005 -26"><span class='ocrx_word' id='word_1_101' title='bbox 321 1618 431 1685; x_wconf 78' lang='grc' dir='ltr'>μίῳ</span> <span class='ocrx_word' id='word_1_102' title='bbox 483 1620 632 1670; x_wconf 76' lang='grc' dir='ltr'>ἐστὶν</span> <span class='ocrx_word' id='word_1_103' title='bbox 664 1618 990 1682; x_wconf 83' lang='grc' dir='ltr'>ὑπεύθυνος,</span> <span class='ocrx_word' id='word_1_104' title='bbox 1046 1620 1186 1672; x_wconf 81' lang='grc' dir='ltr'>διότι</span> <span class='ocrx_word' id='word_1_105' title='bbox 1258 1622 1356 1673; x_wconf 80' lang='grc' dir='ltr'>καὶ</span> <span class='ocrx_word' id='word_1_106' title='bbox 1409 1621 1438 1671; x_wconf 82' lang='grc' dir='ltr'>ὀ</span> <span class='ocrx_word' id='word_1_107' title='bbox 1488 1620 1902 1690; x_wconf 76' lang='grc' dir='ltr'><strong>ἀπολελυμένην</strong></span> 
     </span>
    </p>
   </div>
   <div class='ocr_carea' id='block_1_18' title="bbox 317 1708 1899 1781">
    <p class='ocr_par' dir='ltr' id='par_1_18' title="bbox 317 1708 1899 1781">
     <span class='ocr_line' id='line_1_18' title="bbox 317 1708 1899 1781; baseline 0.004 -22"><span class='ocrx_word' id='word_1_108' title='bbox 317 1708 577 1777; x_wconf 80' lang='grc' dir='ltr'><strong>γαμήσας</strong></span> <span class='ocrx_word' id='word_1_109' title='bbox 603 1709 895 1778; x_wconf 81' lang='grc' dir='ltr'>μοιχᾶται·</span> <span class='ocrx_word' id='word_1_110' title='bbox 916 1710 1008 1762; x_wconf 81' lang='grc' dir='ltr'>ἐπὶ</span> <span class='ocrx_word' id='word_1_111' title='bbox 1041 1710 1095 1761; x_wconf 80' lang='grc' dir='ltr'><strong>δὲ</strong></span> <span class='ocrx_word' id='word_1_112' title='bbox 1117 1713 1181 1780; x_wconf 79' lang='grc' dir='ltr'>τῇ</span> <span class='ocrx_word' id='word_1_113' title='bbox 1201 1710 1425 1781; x_wconf 72' lang='grc' dir='ltr'>δευτέρᾳ</span> <span class='ocrx_word' id='word_1_114' title='bbox 1443 1710 1735 1774; x_wconf 82' lang='grc' dir='ltr'>ἀνεύθυνός</span> <span class='ocrx_word' id='word_1_115' title='bbox 1764 1714 1899 1766; x_wconf 85' lang='grc' dir='ltr'>ἐστι.</span> 
     </span>
    </p>
   </div>
   <div class='ocr_carea' id='block_1_19' title="bbox 924 1801 1324 1857">
    <p class='ocr_par' dir='ltr' id='par_1_19' title="bbox 924 1801 1324 1857">
     <span class='ocr_line' id='line_1_19' title="bbox 924 1801 1324 1857; baseline 0.003 -1"><span class='ocrx_word' id='word_1_116' title='bbox 924 1802 1167 1856; x_wconf 77' lang='grc' dir='ltr'><strong>ΚΑΝΩΝ</strong></span> <span class='ocrx_word' id='word_1_117' title='bbox 1193 1801 1324 1857; x_wconf 82' lang='lat' dir='ltr'><strong>AH&#39;.</strong></span> 
     </span>
    </p>
   </div>
   <div class='ocr_carea' id='block_1_20' title="bbox 2012 617 3574 689">
    <p class='ocr_par' dir='ltr' id='par_1_20' title="bbox 2012 617 3574 689">
     <span class='ocr_line' id='line_1_20' title="bbox 2012 617 3574 689; baseline 0.006 -21"><span class='ocrx_word' id='word_1_118' title='bbox 2012 617 2411 669; x_wconf 91' lang='lat' dir='ltr'><strong>matrimonium</strong></span> <span class='ocrx_word' id='word_1_119' title='bbox 2446 618 2681 681; x_wconf 77' lang='lat' dir='ltr'><strong>duxerit,</strong></span> <span class='ocrx_word' id='word_1_120' title='bbox 2714 631 2833 688; x_wconf 66' lang='lat' dir='ltr'><strong>quae</strong></span> <span class='ocrx_word' id='word_1_121' title='bbox 2850 629 3029 688; x_wconf 84' lang='lat' dir='ltr'><strong>postea</strong></span> <span class='ocrx_word' id='word_1_122' title='bbox 3052 620 3121 674; x_wconf 89' lang='lat' dir='ltr'><strong>ab</strong></span> <span class='ocrx_word' id='word_1_123' title='bbox 3141 620 3234 677; x_wconf 90' lang='lat' dir='ltr'><strong>illo</strong></span> <span class='ocrx_word' id='word_1_124' title='bbox 3263 621 3439 677; x_wconf 86' lang='lat' dir='ltr'><strong>ablata</strong></span> <span class='ocrx_word' id='word_1_125' title='bbox 3470 633 3574 689; x_wconf 84' lang='lat' dir='ltr'><strong>est,</strong></span> 
     </span>
    </p>
   </div>
   <div class='ocr_carea' id='block_1_21' title="bbox 2012 709 3564 778">
    <p class='ocr_par' dir='ltr' id='par_1_21' title="bbox 2012 709 3564 778">
     <span class='ocr_line' id='line_1_21' title="bbox 2012 709 3564 778; baseline 0.005 -17"><span class='ocrx_word' id='word_1_126' title='bbox 2012 723 2244 774; x_wconf 63' lang='lat' dir='ltr'><strong>musque</strong></span> <span class='ocrx_word' id='word_1_127' title='bbox 2276 710 2457 763; x_wconf 81' lang='lat' dir='ltr'><strong>ablata</strong></span> <span class='ocrx_word' id='word_1_128' title='bbox 2496 709 2607 772; x_wconf 85' lang='lat' dir='ltr'><strong>illa,</strong></span> <span class='ocrx_word' id='word_1_129' title='bbox 2644 712 2867 765; x_wconf 90' lang='lat' dir='ltr'><strong>alteram</strong></span> <span class='ocrx_word' id='word_1_130' title='bbox 2896 710 3052 766; x_wconf 84' lang='lat' dir='ltr'><strong>duxit</strong></span> <span class='ocrx_word' id='word_1_131' title='bbox 3082 728 3341 778; x_wconf 76' lang='lat' dir='ltr'><strong>uxorem;</strong></span> <span class='ocrx_word' id='word_1_132' title='bbox 3373 720 3443 768; x_wconf 90' lang='lat' dir='ltr'><strong>ob</strong></span> <span class='ocrx_word' id='word_1_133' title='bbox 3483 714 3564 768; x_wconf 85' lang='lat' dir='ltr'><strong>ad-</strong></span> 
     </span>
    </p>
   </div>
   <div class='ocr_carea' id='block_1_22' title="bbox 2012 802 3571 875">
    <p class='ocr_par' dir='ltr' id='par_1_22' title="bbox 2012 802 3571 875">
     <span class='ocr_line' id='line_1_22' title="bbox 2012 802 3571 875; baseline 0.004 -21"><span class='ocrx_word' id='word_1_134' title='bbox 2012 802 2234 855; x_wconf 84' lang='lat' dir='ltr'><strong>missum</strong></span> <span class='ocrx_word' id='word_1_135' title='bbox 2291 803 2510 872; x_wconf 79' lang='lat' dir='ltr'><strong>quidem</strong></span> <span class='ocrx_word' id='word_1_136' title='bbox 2555 805 2605 856; x_wconf 89' lang='lat' dir='ltr'><strong>in</strong></span> <span class='ocrx_word' id='word_1_137' title='bbox 2652 819 2771 858; x_wconf 86' lang='lat' dir='ltr'><strong>eam</strong></span> <span class='ocrx_word' id='word_1_138' title='bbox 2822 814 3101 874; x_wconf 84' lang='lat' dir='ltr'><strong>peccatum</strong></span> <span class='ocrx_word' id='word_1_139' title='bbox 3144 817 3201 859; x_wconf 92' lang='lat' dir='ltr'><strong>ut</strong></span> <span class='ocrx_word' id='word_1_140' title='bbox 3243 807 3452 860; x_wconf 80' lang='lat' dir='ltr'><strong>adulter</strong></span> <span class='ocrx_word' id='word_1_141' title='bbox 3483 824 3571 875; x_wconf 89' lang='lat' dir='ltr'><strong>ptt-</strong></span> 
     </span>
    </p>
   </div>
   <div class='ocr_carea' id='block_1_23' title="bbox 2012 890 3579 965">
    <p class='ocr_par' dir='ltr' id='par_1_23' title="bbox 2012 890 3579 965">
     <span class='ocr_line' id='line_1_23' title="bbox 2012 890 3579 965; baseline 0.006 -22"><span class='ocrx_word' id='word_1_142' title='bbox 2012 890 2214 955; x_wconf 88' lang='lat' dir='ltr'><strong>nietur,</strong></span> <span class='ocrx_word' id='word_1_143' title='bbox 2250 897 2318 945; x_wconf 86' lang='lat' dir='ltr'><strong>ob</strong></span> <span class='ocrx_word' id='word_1_144' title='bbox 2343 896 2635 947; x_wconf 88' lang='lat' dir='ltr'><strong>secundam</strong></span> <span class='ocrx_word' id='word_1_145' title='bbox 2663 910 2793 949; x_wconf 75' lang='lat' dir='ltr'><strong>vero</strong></span> <span class='ocrx_word' id='word_1_146' title='bbox 2817 911 3040 951; x_wconf 79' lang='lat' dir='ltr'><strong>uxorem</strong></span> <span class='ocrx_word' id='word_1_147' title='bbox 3065 915 3181 965; x_wconf 68' lang='lat' dir='ltr'><strong>«pta-</strong></span> <span class='ocrx_word' id='word_1_148' title='bbox 3205 912 3235 950; x_wconf 85' lang='lat' dir='ltr'><strong>a</strong></span> <span class='ocrx_word' id='word_1_149' title='bbox 3267 900 3384 952; x_wconf 83' lang='lat' dir='ltr'><strong>viro</strong></span> <span class='ocrx_word' id='word_1_150' title='bbox 3417 899 3579 952; x_wconf 73' lang='lat' dir='ltr'><strong>libera</strong></span> 
     </span>
    </p>
   </div>
   <div class='ocr_carea' id='block_1_24' title="bbox 2011 982 2935 1050">
    <p class='ocr_par' dir='ltr' id='par_1_24' title="bbox 2011 982 2935 1050">
     <span class='ocr_line' id='line_1_24' title="bbox 2011 982 2935 1050; baseline 0.006 -15"><span class='ocrx_word' id='word_1_151' title='bbox 2011 991 2114 1043; x_wconf 79' lang='lat' dir='ltr'><strong>est,</strong></span> <span class='ocrx_word' id='word_1_152' title='bbox 2152 982 2287 1035; x_wconf 85' lang='lat' dir='ltr'><strong>nulli</strong></span> <span class='ocrx_word' id='word_1_153' title='bbox 2314 984 2616 1050; x_wconf 64' lang='lat' dir='ltr'><strong>erit-pusum</strong></span> <span class='ocrx_word' id='word_1_154' title='bbox 2648 985 2935 1041; x_wconf 83' lang='lat' dir='ltr'><strong>obnoxius.</strong></span> 
     </span>
    </p>
   </div>
   <div class='ocr_carea' id='block_1_25' title="bbox 2077 1072 3580 1149">
    <p class='ocr_par' dir='ltr' id='par_1_25' title="bbox 2077 1072 3580 1149">
     <span class='ocr_line' id='line_1_25' title="bbox 2077 1072 3580 1149; baseline 0.004 -24"><span class='ocrx_word' id='word_1_155' title='bbox 2077 1072 2305 1127; x_wconf 72' lang='lat' dir='ltr'><strong>AlilST.</strong></span> <span class='ocrx_word' id='word_1_156' title='bbox 2344 1074 2444 1141; x_wconf 84' lang='lat' dir='ltr'><strong>Qui</strong></span> <span class='ocrx_word' id='word_1_157' title='bbox 2474 1077 2708 1130; x_wconf 84' lang='lat' dir='ltr'><strong>alienam</strong></span> <span class='ocrx_word' id='word_1_158' title='bbox 2745 1078 2974 1143; x_wconf 89' lang='lat' dir='ltr'><strong>dimisit,</strong></span> <span class='ocrx_word' id='word_1_159' title='bbox 3004 1089 3057 1132; x_wconf 90' lang='lat' dir='ltr'><strong>et</strong></span> <span class='ocrx_word' id='word_1_160' title='bbox 3096 1080 3298 1149; x_wconf 87' lang='lat' dir='ltr'><strong>accepit</strong></span> <span class='ocrx_word' id='word_1_161' title='bbox 3336 1079 3580 1141; x_wconf 88' lang='lat' dir='ltr'><strong>liberam,</strong></span> 
     </span>
    </p>
   </div>
   <div class='ocr_carea' id='block_1_26' title="bbox 2007 1167 3586 1241">
    <p class='ocr_par' dir='ltr' id='par_1_26' title="bbox 2007 1167 3586 1241">
     <span class='ocr_line' id='line_1_26' title="bbox 2007 1167 3586 1241; baseline 0.004 -22"><span class='ocrx_word' id='word_1_162' title='bbox 2007 1167 2384 1235; x_wconf 71' lang='lat' dir='ltr'><strong>corripiendus</strong></span> <span class='ocrx_word' id='word_1_163' title='bbox 2419 1169 2640 1237; x_wconf 86' lang='lat' dir='ltr'><strong>quidem</strong></span> <span class='ocrx_word' id='word_1_164' title='bbox 2675 1180 2727 1222; x_wconf 91' lang='lat' dir='ltr'><strong>et</strong></span> <span class='ocrx_word' id='word_1_165' title='bbox 2759 1180 2977 1240; x_wconf 75' lang='lat' dir='ltr'><strong>propter</strong></span> <span class='ocrx_word' id='word_1_166' title='bbox 3022 1175 3247 1241; x_wconf 82' lang='lat' dir='ltr'><strong>primam</strong></span> <span class='ocrx_word' id='word_1_167' title='bbox 3270 1213 3286 1238; x_wconf 95' lang='lat'><strong>,</strong></span> <span class='ocrx_word' id='word_1_168' title='bbox 3339 1173 3432 1226; x_wconf 87' lang='lat' dir='ltr'><strong>sed</strong></span> <span class='ocrx_word' id='word_1_169' title='bbox 3462 1187 3586 1241; x_wconf 82' lang='lat' dir='ltr'><strong>pro-</strong></span> 
     </span>
    </p>
   </div>
   <div class='ocr_carea' id='block_1_27' title="bbox 2010 1262 2799 1329">
    <p class='ocr_par' dir='ltr' id='par_1_27' title="bbox 2010 1262 2799 1329">
     <span class='ocr_line' id='line_1_27' title="bbox 2010 1262 2799 1329; baseline 0.004 -17"><span class='ocrx_word' id='word_1_170' title='bbox 2010 1269 2129 1329; x_wconf 85' lang='lat' dir='ltr'><strong>pter</strong></span> <span class='ocrx_word' id='word_1_171' title='bbox 2155 1262 2444 1315; x_wconf 81' lang='lat' dir='ltr'><strong>secundam</strong></span> <span class='ocrx_word' id='word_1_172' title='bbox 2475 1263 2661 1315; x_wconf 87' lang='lat' dir='ltr'><strong>insons</strong></span> <span class='ocrx_word' id='word_1_173' title='bbox 2694 1272 2799 1315; x_wconf 91' lang='lat' dir='ltr'><strong>est.</strong></span> 
     </span>
    </p>
   </div>
   <div class='ocr_carea' id='block_1_28' title="bbox 2081 1347 3584 1422">
    <p class='ocr_par' dir='ltr' id='par_1_28' title="bbox 2081 1347 3584 1422">
     <span class='ocr_line' id='line_1_28' title="bbox 2081 1347 3584 1422; baseline 0.005 -19"><span class='ocrx_word' id='word_1_174' title='bbox 2081 1347 2136 1403; x_wconf 91' lang='lat' dir='ltr'><strong>Si</strong></span> <span class='ocrx_word' id='word_1_175' title='bbox 2158 1350 2279 1418; x_wconf 81' lang='lat' dir='ltr'><strong>quis</strong></span> <span class='ocrx_word' id='word_1_176' title='bbox 2312 1366 2537 1405; x_wconf 82' lang='lat' dir='ltr'><strong>uxorem</strong></span> <span class='ocrx_word' id='word_1_177' title='bbox 2566 1352 2785 1406; x_wconf 81' lang='lat' dir='ltr'><strong>duxerit</strong></span> <span class='ocrx_word' id='word_1_178' title='bbox 2820 1355 2889 1406; x_wconf 86' lang='lat' dir='ltr'><strong>ab</strong></span> <span class='ocrx_word' id='word_1_179' title='bbox 2920 1353 3029 1407; x_wconf 90' lang='lat' dir='ltr'><strong>alio</strong></span> <span class='ocrx_word' id='word_1_180' title='bbox 3062 1354 3366 1418; x_wconf 75' lang='lat' dir='ltr'><strong>dimissam,</strong></span> <span class='ocrx_word' id='word_1_181' title='bbox 3397 1366 3584 1422; x_wconf 88' lang='lat' dir='ltr'><strong>postea</strong></span> 
     </span>
    </p>
   </div>
   <div class='ocr_carea' id='block_1_29' title="bbox 2005 1443 3581 1513">
    <p class='ocr_par' dir='ltr' id='par_1_29' title="bbox 2005 1443 3581 1513">
     <span class='ocr_line' id='line_1_29' title="bbox 2005 1443 3581 1513; baseline 0.001 -18"><span class='ocrx_word' id='word_1_182' title='bbox 2005 1456 2124 1495; x_wconf 81' lang='lat' dir='ltr'><strong>eam</strong></span> <span class='ocrx_word' id='word_1_183' title='bbox 2178 1443 2476 1508; x_wconf 86' lang='lat' dir='ltr'><strong>dimittens,</strong></span> <span class='ocrx_word' id='word_1_184' title='bbox 2518 1443 2609 1496; x_wconf 83' lang='lat' dir='ltr'><strong>alii</strong></span> <span class='ocrx_word' id='word_1_185' title='bbox 2645 1444 2832 1497; x_wconf 68' lang='lat' dir='ltr'><strong>libet-a3</strong></span> <span class='ocrx_word' id='word_1_186' title='bbox 2890 1444 3129 1513; x_wconf 80' lang='lat' dir='ltr'><strong>legitime</strong></span> <span class='ocrx_word' id='word_1_187' title='bbox 3199 1445 3581 1513; x_wconf 71' lang='lat' dir='ltr'><strong>coniungatur,</strong></span> 
     </span>
    </p>
   </div>
   <div class='ocr_carea' id='block_1_30' title="bbox 2006 1534 3583 1605">
    <p class='ocr_par' dir='ltr' id='par_1_30' title="bbox 2006 1534 3583 1605">
     <span class='ocr_line' id='line_1_30' title="bbox 2006 1534 3583 1605; baseline 0.002 -19"><span class='ocrx_word' id='word_1_188' title='bbox 2006 1535 2469 1603; x_wconf 87' lang='lat' dir='ltr'><strong>propterprimam</strong></span> <span class='ocrx_word' id='word_1_189' title='bbox 2488 1535 2739 1588; x_wconf 87' lang='lat' dir='ltr'><strong>adulterii</strong></span> <span class='ocrx_word' id='word_1_190' title='bbox 2759 1536 3023 1604; x_wconf 81' lang='lat' dir='ltr'><strong>supplicio</strong></span> <span class='ocrx_word' id='word_1_191' title='bbox 3040 1534 3308 1590; x_wconf 76' lang='lat' dir='ltr'><strong>obnoxius</strong></span> <span class='ocrx_word' id='word_1_192' title='bbox 3327 1544 3431 1597; x_wconf 88' lang='lat' dir='ltr'><strong>est,</strong></span> <span class='ocrx_word' id='word_1_193' title='bbox 3456 1538 3583 1605; x_wconf 79' lang='lat' dir='ltr'><strong>quia</strong></span> 
     </span>
    </p>
   </div>
   <div class='ocr_carea' id='block_1_31' title="bbox 2006 1625 3582 1694">
    <p class='ocr_par' dir='ltr' id='par_1_31' title="bbox 2006 1625 3582 1694">
     <span class='ocr_line' id='line_1_31' title="bbox 2006 1625 3582 1694; baseline 0.002 -17"><span class='ocrx_word' id='word_1_194' title='bbox 2006 1633 2054 1677; x_wconf 89' lang='lat' dir='ltr'><strong>ct</strong></span> <span class='ocrx_word' id='word_1_195' title='bbox 2080 1625 2171 1693; x_wconf 85' lang='lat' dir='ltr'><strong>qui</strong></span> <span class='ocrx_word' id='word_1_196' title='bbox 2204 1626 2480 1679; x_wconf 86' lang='lat' dir='ltr'><strong>dimissam</strong></span> <span class='ocrx_word' id='word_1_197' title='bbox 2517 1626 2694 1690; x_wconf 84' lang='lat' dir='ltr'><strong>duxit,</strong></span> <span class='ocrx_word' id='word_1_198' title='bbox 2722 1627 3096 1692; x_wconf 75' lang='lat' dir='ltr'><strong>adulteratur;</strong></span> <span class='ocrx_word' id='word_1_199' title='bbox 3128 1635 3182 1680; x_wconf 92' lang='lat' dir='ltr'><strong>et</strong></span> <span class='ocrx_word' id='word_1_200' title='bbox 3226 1634 3447 1694; x_wconf 85' lang='lat' dir='ltr'><strong>prepter</strong></span> <span class='ocrx_word' id='word_1_201' title='bbox 3491 1641 3582 1680; x_wconf 87' lang='lat' dir='ltr'><strong>se-</strong></span> 
     </span>
    </p>
   </div>
   <div class='ocr_carea' id='block_1_32' title="bbox 2005 1715 2717 1778">
    <p class='ocr_par' dir='ltr' id='par_1_32' title="bbox 2005 1715 2717 1778">
     <span class='ocr_line' id='line_1_32' title="bbox 2005 1715 2717 1778; baseline -0.001 -8"><span class='ocrx_word' id='word_1_202' title='bbox 2005 1715 2268 1778; x_wconf 85' lang='lat' dir='ltr'><strong>cundam,</strong></span> <span class='ocrx_word' id='word_1_203' title='bbox 2292 1717 2524 1770; x_wconf 82' lang='lat' dir='ltr'><strong>crimine</strong></span> <span class='ocrx_word' id='word_1_204' title='bbox 2543 1726 2717 1770; x_wconf 84' lang='lat' dir='ltr'><strong>vacat.</strong></span> 
     </span>
    </p>
   </div>
   <div class='ocr_carea' id='block_1_33' title="bbox 2521 1806 3075 1865">
    <p class='ocr_par' dir='ltr' id='par_1_33' title="bbox 2521 1806 3075 1865">
     <span class='ocr_line' id='line_1_33' title="bbox 2521 1806 3075 1865; baseline 0.011 -6"><span class='ocrx_word' id='word_1_205' title='bbox 2521 1806 2753 1862; x_wconf 83' lang='lat' dir='ltr'><strong>CANON</strong></span> <span class='ocrx_word' id='word_1_206' title='bbox 2788 1806 3075 1865; x_wconf 77' lang='lat' dir='ltr'><strong>XXXVIII.</strong></span> 
     </span>
    </p>
   </div>
   <div class='ocr_carea' id='block_1_34' title="bbox 316 1872 1893 1969">
    <p class='ocr_par' dir='ltr' id='par_1_34' title="bbox 316 1893 1893 1967">
     <span class='ocr_line' id='line_1_34' title="bbox 316 1893 1893 1967; baseline 0.003 -20"><span class='ocrx_word' id='word_1_207' title='bbox 316 1893 385 1947; x_wconf 80' lang='grc' dir='ltr'>Δί</span> <span class='ocrx_word' id='word_1_208' title='bbox 441 1893 601 1965; x_wconf 83' lang='grc' dir='ltr'>κόραι</span> <span class='ocrx_word' id='word_1_209' title='bbox 641 1896 875 1964; x_wconf 75' lang='grc' dir='ltr'>αίπαρὰ</span> <span class='ocrx_word' id='word_1_210' title='bbox 896 1896 1127 1964; x_wconf 80' lang='grc' dir='ltr'>γνώμην</span> <span class='ocrx_word' id='word_1_211' title='bbox 1150 1899 1246 1949; x_wconf 78' lang='grc' dir='ltr'>τοῦ</span> <span class='ocrx_word' id='word_1_212' title='bbox 1301 1896 1545 1964; x_wconf 79' lang='grc' dir='ltr'>πατέρος</span> <span class='ocrx_word' id='word_1_213' title='bbox 1603 1898 1893 1967; x_wconf 77' lang='grc' dir='ltr'>ἀκολουθή-</span> 
     </span>
    </p>
   </div>
   <div class='ocr_carea' id='block_1_35' title="bbox 1995 1872 3579 1969">
    <p class='ocr_par' dir='ltr' id='par_1_35' title="bbox 2006 1896 3579 1969">
     <span class='ocr_line' id='line_1_35' title="bbox 2006 1896 3579 1969; baseline 0.003 -20"><span class='ocrx_word' id='word_1_214' title='bbox 2006 1896 2224 1961; x_wconf 70' lang='grc' dir='ltr'>Ρυθιιτο,</span> <span class='ocrx_word' id='word_1_215' title='bbox 2274 1912 2393 1967; x_wconf 67' lang='grc' dir='ltr'>ηοω</span> <span class='ocrx_word' id='word_1_216' title='bbox 2460 1910 2655 1967; x_wconf 85' lang='lat' dir='ltr'><strong>praeter</strong></span> <span class='ocrx_word' id='word_1_217' title='bbox 2700 1902 2870 1969; x_wconf 88' lang='lat' dir='ltr'><strong>patris</strong></span> <span class='ocrx_word' id='word_1_218' title='bbox 2925 1900 3251 1956; x_wconf 80' lang='lat' dir='ltr'><strong>sententiam</strong></span> <span class='ocrx_word' id='word_1_219' title='bbox 3310 1910 3579 1954; x_wconf 81' lang='lat' dir='ltr'><strong>amatores</strong></span> 
     </span>
    </p>
   </div>
   <div class='ocr_carea' id='block_1_36' title="bbox 400 1987 1901 2060">
    <p class='ocr_par' dir='ltr' id='par_1_36' title="bbox 400 1987 1901 2060">
     <span class='ocr_line' id='line_1_36' title="bbox 400 1987 1901 2060; baseline 0.002 -19"><span class='ocrx_word' id='word_1_220' title='bbox 400 2005 565 2041; x_wconf 86' lang='grc' dir='ltr'>σασαι</span> <span class='ocrx_word' id='word_1_221' title='bbox 606 1987 953 2060; x_wconf 85' lang='grc' dir='ltr'>πορνεύουσι.</span> <span class='ocrx_word' id='word_1_222' title='bbox 990 1988 1397 2055; x_wconf 79' lang='grc' dir='ltr'>Διαλλαγέντων</span> <span class='ocrx_word' id='word_1_223' title='bbox 1450 1988 1507 2041; x_wconf 80' lang='grc' dir='ltr'><strong>δὲ</strong></span> <span class='ocrx_word' id='word_1_224' title='bbox 1545 1988 1656 2041; x_wconf 82' lang='grc' dir='ltr'><strong>τῶν</strong></span> <span class='ocrx_word' id='word_1_225' title='bbox 1700 1992 1901 2057; x_wconf 78' lang='grc' dir='ltr'>γονέων</span> 
     </span>
    </p>
   </div>
   <div class='ocr_carea' id='block_1_37' title="bbox 386 2080 1903 2149">
    <p class='ocr_par' dir='ltr' id='par_1_37' title="bbox 386 2080 1903 2149">
     <span class='ocr_line' id='line_1_37' title="bbox 386 2080 1903 2149; baseline 0.001 -16"><span class='ocrx_word' id='word_1_226' title='bbox 386 2080 539 2133; x_wconf 77' lang='grc' dir='ltr'>δοκεῖ</span> <span class='ocrx_word' id='word_1_227' title='bbox 570 2080 874 2149; x_wconf 82' lang='grc' dir='ltr'>θεραπείαν</span> <span class='ocrx_word' id='word_1_228' title='bbox 910 2082 1213 2146; x_wconf 73' lang='grc' dir='ltr'>λαμϐάνειν</span> <span class='ocrx_word' id='word_1_229' title='bbox 1248 2080 1309 2131; x_wconf 81' lang='grc' dir='ltr'>τὸ</span> <span class='ocrx_word' id='word_1_230' title='bbox 1358 2082 1610 2149; x_wconf 79' lang='grc' dir='ltr'>πρᾶγμα.</span> <span class='ocrx_word' id='word_1_231' title='bbox 1666 2082 1779 2134; x_wconf 80' lang='grc' dir='ltr'><strong>Οὐκ</strong></span> <span class='ocrx_word' id='word_1_232' title='bbox 1811 2084 1903 2136; x_wconf 83' lang='grc' dir='ltr'><strong>εὑ-</strong></span> 
     </span>
    </p>
   </div>
   <div class='ocr_carea' id='block_1_38' title="bbox 383 2152 1900 2242">
    <p class='ocr_par' dir='ltr' id='par_1_38' title="bbox 383 2152 1900 2242">
     <span class='ocr_line' id='line_1_38' title="bbox 383 2152 1900 2242; baseline 0.003 -20"><span class='ocrx_word' id='word_1_233' title='bbox 383 2171 482 2234; x_wconf 78' lang='grc' dir='ltr'>θὺς</span> <span class='ocrx_word' id='word_1_234' title='bbox 510 2173 566 2225; x_wconf 87' lang='grc' dir='ltr'>δὲ</span> <span class='ocrx_word' id='word_1_235' title='bbox 602 2175 683 2235; x_wconf 84' lang='grc' dir='ltr'><strong>είς</strong></span> <span class='ocrx_word' id='word_1_236' title='bbox 728 2173 829 2242; x_wconf 83' lang='grc' dir='ltr'>τὴν</span> <span class='ocrx_word' id='word_1_237' title='bbox 886 2152 1178 2226; x_wconf 74' lang='grc' dir='ltr'>κοινωνίαν</span> <span class='ocrx_word' id='word_1_238' title='bbox 1228 2172 1725 2237; x_wconf 85' lang='grc' dir='ltr'>ἀποκαθίστανται,</span> <span class='ocrx_word' id='word_1_239' title='bbox 1781 2173 1900 2227; x_wconf 88' lang='grc' dir='ltr'>ἀλλ’</span> 
     </span>
    </p>
   </div>
   <div class='ocr_carea' id='block_1_39' title="bbox 369 2263 1187 2334">
    <p class='ocr_par' dir='ltr' id='par_1_39' title="bbox 369 2263 1187 2334">
     <span class='ocr_line' id='line_1_39' title="bbox 369 2263 1187 2334; baseline 0 -19"><span class='ocrx_word' id='word_1_240' title='bbox 369 2263 880 2334; x_wconf 81' lang='grc' dir='ltr'>ἐπιτιμηθὴσωνται</span> <span class='ocrx_word' id='word_1_241' title='bbox 905 2264 1030 2333; x_wconf 89' lang='grc' dir='ltr'>τρία</span> <span class='ocrx_word' id='word_1_242' title='bbox 1069 2264 1187 2333; x_wconf 78' lang='grc' dir='ltr'>ἐτη.</span> 
     </span>
    </p>
   </div>
   <div class='ocr_carea' id='block_1_40' title="bbox 381 2352 1900 2423">
    <p class='ocr_par' dir='ltr' id='par_1_40' title="bbox 381 2352 1900 2423">
     <span class='ocr_line' id='line_1_40' title="bbox 381 2352 1900 2423; baseline 0.003 -20"><span class='ocrx_word' id='word_1_243' title='bbox 381 2353 584 2407; x_wconf 82' lang='grc' dir='ltr'><strong>ΒΑΔΣ.</strong></span> <span class='ocrx_word' id='word_1_244' title='bbox 627 2355 812 2423; x_wconf 75' lang='grc' dir='ltr'>Κόρας</span> <span class='ocrx_word' id='word_1_245' title='bbox 836 2353 1072 2406; x_wconf 77' lang='grc' dir='ltr'>ἐνταῦθα</span> <span class='ocrx_word' id='word_1_246' title='bbox 1127 2353 1155 2404; x_wconf 83' lang='grc' dir='ltr'><strong>ὁ</strong></span> <span class='ocrx_word' id='word_1_247' title='bbox 1200 2352 1355 2417; x_wconf 78' lang='grc' dir='ltr'>ἅγιος</span> <span class='ocrx_word' id='word_1_248' title='bbox 1404 2354 1504 2416; x_wconf 85' lang='grc' dir='ltr'><strong>τάς</strong></span> <span class='ocrx_word' id='word_1_249' title='bbox 1572 2353 1900 2419; x_wconf 82' lang='grc' dir='ltr'>ὑπεξουσίας</span> 
     </span>
    </p>
   </div>
   <div class='ocr_carea' id='block_1_41' title="bbox 308 2442 1899 2515">
    <p class='ocr_par' dir='ltr' id='par_1_41' title="bbox 308 2442 1899 2515">
     <span class='ocr_line' id='line_1_41' title="bbox 308 2442 1899 2515; baseline 0.002 -20"><span class='ocrx_word' id='word_1_250' title='bbox 308 2442 596 2513; x_wconf 74' lang='grc' dir='ltr'>ὀνομάζει.</span> <span class='ocrx_word' id='word_1_251' title='bbox 624 2446 763 2513; x_wconf 76' lang='grc' dir='ltr'>Φησὶ</span> <span class='ocrx_word' id='word_1_252' title='bbox 798 2444 932 2512; x_wconf 84' lang='grc' dir='ltr'>γοῦν</span> <span class='ocrx_word' id='word_1_253' title='bbox 958 2445 1056 2509; x_wconf 86' lang='grc' dir='ltr'><strong>ώς,</strong></span> <span class='ocrx_word' id='word_1_254' title='bbox 1086 2444 1181 2497; x_wconf 80' lang='grc' dir='ltr'><strong>ἐάν</strong></span> <span class='ocrx_word' id='word_1_255' title='bbox 1203 2460 1348 2507; x_wconf 87' lang='grc' dir='ltr'>τινες</span> <span class='ocrx_word' id='word_1_256' title='bbox 1381 2445 1541 2515; x_wconf 87' lang='grc' dir='ltr'>κόραι</span> <span class='ocrx_word' id='word_1_257' title='bbox 1565 2446 1899 2499; x_wconf 85' lang='grc' dir='ltr'>ἐκδώσουσιν</span> 
     </span>
    </p>
   </div>
   <div class='ocr_carea' id='block_1_42' title="bbox 310 2536 1899 2609">
    <p class='ocr_par' dir='ltr' id='par_1_42' title="bbox 310 2536 1899 2609">
     <span class='ocr_line' id='line_1_42' title="bbox 310 2536 1899 2609; baseline 0.003 -21"><span class='ocrx_word' id='word_1_258' title='bbox 310 2536 519 2599; x_wconf 70' lang='grc' dir='ltr'>ἐαυτάς</span> <span class='ocrx_word' id='word_1_259' title='bbox 548 2539 662 2599; x_wconf 80' lang='grc' dir='ltr'>τοῖς</span> <span class='ocrx_word' id='word_1_260' title='bbox 716 2540 979 2606; x_wconf 77' lang='grc' dir='ltr'>ἐρασταῖς</span> <span class='ocrx_word' id='word_1_261' title='bbox 1042 2537 1249 2591; x_wconf 86' lang='grc' dir='ltr'>τούτων</span> <span class='ocrx_word' id='word_1_262' title='bbox 1301 2538 1457 2606; x_wconf 86' lang='grc' dir='ltr'><strong>παρά</strong></span> <span class='ocrx_word' id='word_1_263' title='bbox 1516 2538 1743 2609; x_wconf 82' lang='grc' dir='ltr'>γνώμην</span> <span class='ocrx_word' id='word_1_264' title='bbox 1790 2540 1899 2593; x_wconf 80' lang='grc' dir='ltr'>τῶν</span> 
     </span>
    </p>
   </div>
   <div class='ocr_carea' id='block_1_43' title="bbox 299 2628 1900 2700">
    <p class='ocr_par' dir='ltr' id='par_1_43' title="bbox 299 2628 1900 2700">
     <span class='ocr_line' id='line_1_43' title="bbox 299 2628 1900 2700; baseline 0.003 -22"><span class='ocrx_word' id='word_1_265' title='bbox 299 2629 573 2699; x_wconf 77' lang='grc' dir='ltr'>ιπατέρων</span> <span class='ocrx_word' id='word_1_266' title='bbox 594 2630 796 2694; x_wconf 79' lang='grc' dir='ltr'>αὐτῶν,</span> <span class='ocrx_word' id='word_1_267' title='bbox 826 2632 922 2682; x_wconf 75' lang='grc' dir='ltr'>καὶ</span> <span class='ocrx_word' id='word_1_268' title='bbox 947 2628 1235 2699; x_wconf 82' lang='grc' dir='ltr'>φθαρῶσιν</span> <span class='ocrx_word' id='word_1_269' title='bbox 1253 2630 1347 2681; x_wconf 81' lang='grc' dir='ltr'>ὑπ’</span> <span class='ocrx_word' id='word_1_270' title='bbox 1377 2631 1629 2695; x_wconf 86' lang='grc' dir='ltr'>ἐκείνων,</span> <span class='ocrx_word' id='word_1_271' title='bbox 1665 2633 1768 2686; x_wconf 78' lang='grc' dir='ltr'>κᾶν</span> <span class='ocrx_word' id='word_1_272' title='bbox 1801 2650 1900 2700; x_wconf 88' lang='grc' dir='ltr'>γα-</span> 
     </span>
    </p>
   </div>
   <div class='ocr_carea' id='block_1_44' title="bbox 314 2719 1895 2791">
    <p class='ocr_par' dir='ltr' id='par_1_44' title="bbox 314 2719 1895 2791">
     <span class='ocr_line' id='line_1_44' title="bbox 314 2719 1895 2791; baseline 0.003 -20"><span class='ocrx_word' id='word_1_273' title='bbox 314 2719 496 2789; x_wconf 83' lang='grc' dir='ltr'>μικῶς</span> <span class='ocrx_word' id='word_1_274' title='bbox 525 2721 717 2786; x_wconf 77' lang='grc' dir='ltr'>δόξωσι</span> <span class='ocrx_word' id='word_1_275' title='bbox 748 2721 1116 2790; x_wconf 81' lang='grc' dir='ltr'>συναφθῆναι,</span> <span class='ocrx_word' id='word_1_276' title='bbox 1153 2720 1504 2791; x_wconf 81' lang='grc' dir='ltr'>πορνεύουσι,</span> <span class='ocrx_word' id='word_1_277' title='bbox 1550 2720 1638 2775; x_wconf 82' lang='grc' dir='ltr'>διὰ</span> <span class='ocrx_word' id='word_1_278' title='bbox 1668 2722 1729 2773; x_wconf 80' lang='grc' dir='ltr'>τὸ</span> <span class='ocrx_word' id='word_1_279' title='bbox 1754 2721 1895 2775; x_wconf 76' lang='grc' dir='ltr'>εἶναι</span> 
     </span>
    </p>
   </div>
   <div class='ocr_carea' id='block_1_45' title="bbox 306 2812 1898 2883">
    <p class='ocr_par' dir='ltr' id='par_1_45' title="bbox 306 2812 1898 2883">
     <span class='ocr_line' id='line_1_45' title="bbox 306 2812 1898 2883; baseline 0 -18"><span class='ocrx_word' id='word_1_280' title='bbox 306 2812 694 2867; x_wconf 77' lang='grc' dir='ltr'>ἀνυπόστατον</span> <span class='ocrx_word' id='word_1_281' title='bbox 715 2814 806 2866; x_wconf 78' lang='grc' dir='ltr'>τὸν</span> <span class='ocrx_word' id='word_1_282' title='bbox 838 2815 1132 2883; x_wconf 81' lang='grc' dir='ltr'>γενόμενον</span> <span class='ocrx_word' id='word_1_283' title='bbox 1190 2813 1370 2883; x_wconf 83' lang='grc' dir='ltr'>γάμον</span> <span class='ocrx_word' id='word_1_284' title='bbox 1415 2815 1516 2883; x_wconf 74' lang='grc' dir='ltr'>τῆς</span> <span class='ocrx_word' id='word_1_285' title='bbox 1574 2813 1898 2877; x_wconf 79' lang='grc' dir='ltr'>ὑπεξουσίας</span> 
     </span>
    </p>
   </div>
   <div class='ocr_carea' id='block_1_46' title="bbox 306 2903 1900 2977">
    <p class='ocr_par' dir='ltr' id='par_1_46' title="bbox 306 2903 1900 2977">
     <span class='ocr_line' id='line_1_46' title="bbox 306 2903 1900 2977; baseline 0.001 -20"><span class='ocrx_word' id='word_1_286' title='bbox 306 2903 442 2973; x_wconf 82' lang='grc' dir='ltr'>δίχα</span> <span class='ocrx_word' id='word_1_287' title='bbox 473 2904 702 2972; x_wconf 82' lang='grc' dir='ltr'>γνώμης</span> <span class='ocrx_word' id='word_1_288' title='bbox 739 2905 831 2957; x_wconf 81' lang='grc' dir='ltr'>τοῦ</span> <span class='ocrx_word' id='word_1_289' title='bbox 858 2906 1099 2975; x_wconf 82' lang='grc' dir='ltr'>πατέρος</span> <span class='ocrx_word' id='word_1_290' title='bbox 1130 2908 1320 2977; x_wconf 81' lang='grc' dir='ltr'>αὐτῆς.</span> <span class='ocrx_word' id='word_1_291' title='bbox 1361 2905 1488 2959; x_wconf 67' lang='grc' dir='ltr'>Ἐάν</span> <span class='ocrx_word' id='word_1_292' title='bbox 1526 2907 1580 2958; x_wconf 82' lang='grc' dir='ltr'><strong>δὲ</strong></span> <span class='ocrx_word' id='word_1_293' title='bbox 1627 2905 1900 2958; x_wconf 83' lang='grc' dir='ltr'>καταλλα-</span> 
     </span>
    </p>
   </div>
   <div class='ocr_carea' id='block_1_47' title="bbox 308 2996 1898 3065">
    <p class='ocr_par' dir='ltr' id='par_1_47' title="bbox 308 2996 1898 3065">
     <span class='ocr_line' id='line_1_47' title="bbox 308 2996 1898 3065; baseline 0.003 -19"><span class='ocrx_word' id='word_1_294' title='bbox 308 2996 457 3061; x_wconf 85' lang='grc' dir='ltr'><strong>γῶσι</strong></span> <span class='ocrx_word' id='word_1_295' title='bbox 513 2996 743 3059; x_wconf 77' lang='grc' dir='ltr'>ταύταις</span> <span class='ocrx_word' id='word_1_296' title='bbox 771 2998 820 3050; x_wconf 81' lang='grc' dir='ltr'>οἱ</span> <span class='ocrx_word' id='word_1_297' title='bbox 848 3002 1026 3065; x_wconf 82' lang='grc' dir='ltr'>γονεῖς</span> <span class='ocrx_word' id='word_1_298' title='bbox 1055 3000 1258 3059; x_wconf 67' lang='grc' dir='ltr'>αὐτῶν.</span> <span class='ocrx_word' id='word_1_299' title='bbox 1293 3000 1387 3051; x_wconf 84' lang='grc' dir='ltr'>καὶ</span> <span class='ocrx_word' id='word_1_300' title='bbox 1416 2997 1688 3065; x_wconf 80' lang='grc' dir='ltr'>θελήσωσι</span> <span class='ocrx_word' id='word_1_301' title='bbox 1724 3016 1898 3051; x_wconf 79' lang='grc' dir='ltr'>συνοι·</span> 
     </span>
    </p>
   </div>
   <div class='ocr_carea' id='block_1_48' title="bbox 305 3087 1894 3157">
    <p class='ocr_par' dir='ltr' id='par_1_48' title="bbox 305 3087 1894 3157">
     <span class='ocr_line' id='line_1_48' title="bbox 305 3087 1894 3157; baseline 0.001 -16"><span class='ocrx_word' id='word_1_302' title='bbox 305 3090 434 3141; x_wconf 81' lang='grc' dir='ltr'>κεῖν</span> <span class='ocrx_word' id='word_1_303' title='bbox 458 3087 663 3150; x_wconf 85' lang='grc' dir='ltr'>ταύτας</span> <span class='ocrx_word' id='word_1_304' title='bbox 695 3090 806 3151; x_wconf 81' lang='grc' dir='ltr'>τοῖς</span> <span class='ocrx_word' id='word_1_305' title='bbox 834 3092 1119 3157; x_wconf 75' lang='grc' dir='ltr'>ἐρασταῖς,</span> <span class='ocrx_word' id='word_1_306' title='bbox 1154 3091 1307 3143; x_wconf 85' lang='grc' dir='ltr'><strong>δοκεί</strong></span> <span class='ocrx_word' id='word_1_307' title='bbox 1386 3090 1795 3156; x_wconf 79' lang='grc' dir='ltr'>θεραπεύεσθαι</span> <span class='ocrx_word' id='word_1_308' title='bbox 1834 3092 1894 3143; x_wconf 79' lang='grc' dir='ltr'>τὸ</span> 
     </span>
    </p>
   </div>
   <div class='ocr_carea' id='block_1_49' title="bbox 306 3181 1966 3279">
    <p class='ocr_par' dir='ltr' id='par_1_49' title="bbox 306 3181 1966 3279">
     <span class='ocr_line' id='line_1_49' title="bbox 306 3181 1966 3279; baseline 0.002 -48"><span class='ocrx_word' id='word_1_309' title='bbox 306 3182 568 3249; x_wconf 83' lang='grc' dir='ltr'>πρᾶγμα.</span> <span class='ocrx_word' id='word_1_310' title='bbox 606 3181 678 3233; x_wconf 77' lang='grc' dir='ltr'>Τὸ</span> <span class='ocrx_word' id='word_1_311' title='bbox 711 3181 819 3251; x_wconf 80' lang='grc' dir='ltr'><strong>γὰρ</strong></span> <span class='ocrx_word' id='word_1_312' title='bbox 850 3182 910 3245; x_wconf 79' lang='grc' dir='ltr'>ἐξ</span> <span class='ocrx_word' id='word_1_313' title='bbox 942 3183 1119 3252; x_wconf 77' lang='grc' dir='ltr'>ἀρχῆς</span> <span class='ocrx_word' id='word_1_314' title='bbox 1149 3183 1337 3245; x_wconf 79' lang='grc' dir='ltr'>κακῶς</span> <span class='ocrx_word' id='word_1_315' title='bbox 1383 3182 1628 3248; x_wconf 82' lang='grc' dir='ltr'>γεγονὸς,</span> <span class='ocrx_word' id='word_1_316' title='bbox 1678 3184 1712 3252; x_wconf 82' lang='grc' dir='ltr'>ὴ</span> <span class='ocrx_word' id='word_1_317' title='bbox 1756 3186 1893 3249; x_wconf 78' lang='grc' dir='ltr'>μετὰ</span> <span class='ocrx_word' id='word_1_318' title='bbox 1924 3223 1966 3279; x_wconf 77' lang='lat' dir='ltr'><strong>C</strong></span> 
     </span>
    </p>
   </div>
   <div class='ocr_carea' id='block_1_50' title="bbox 304 3270 1895 3340">
    <p class='ocr_par' dir='ltr' id='par_1_50' title="bbox 304 3270 1895 3340">
     <span class='ocr_line' id='line_1_50' title="bbox 304 3270 1895 3340; baseline 0.004 -21"><span class='ocrx_word' id='word_1_319' title='bbox 304 3270 490 3321; x_wconf 81' lang='grc' dir='ltr'>ταῦτα</span> <span class='ocrx_word' id='word_1_320' title='bbox 519 3272 827 3333; x_wconf 86' lang='grc' dir='ltr'>συναίνεσις</span> <span class='ocrx_word' id='word_1_321' title='bbox 860 3277 971 3326; x_wconf 86' lang='grc' dir='ltr'>τῶν</span> <span class='ocrx_word' id='word_1_322' title='bbox 1051 3274 1260 3340; x_wconf 82' lang='grc' dir='ltr'>γονέων</span> <span class='ocrx_word' id='word_1_323' title='bbox 1324 3274 1473 3325; x_wconf 79' lang='grc' dir='ltr'>δοκεῖ</span> <span class='ocrx_word' id='word_1_324' title='bbox 1550 3273 1895 3339; x_wconf 79' lang='grc' dir='ltr'>θεραπεύειν,</span> 
     </span>
    </p>
   </div>
   <div class='ocr_carea' id='block_1_51' title="bbox 306 3360 1897 3435">
    <p class='ocr_par' dir='ltr' id='par_1_51' title="bbox 306 3360 1897 3435">
     <span class='ocr_line' id='line_1_51' title="bbox 306 3360 1897 3435; baseline 0.003 -22"><span class='ocrx_word' id='word_1_325' title='bbox 306 3360 455 3413; x_wconf 80' lang='grc' dir='ltr'>ὥστε</span> <span class='ocrx_word' id='word_1_326' title='bbox 490 3363 588 3429; x_wconf 72' lang='grc' dir='ltr'>τὴν</span> <span class='ocrx_word' id='word_1_327' title='bbox 616 3365 872 3433; x_wconf 77' lang='grc' dir='ltr'>πορνείαν</span> <span class='ocrx_word' id='word_1_328' title='bbox 898 3367 977 3427; x_wconf 83' lang='grc' dir='ltr'><strong>εἰς</strong></span> <span class='ocrx_word' id='word_1_329' title='bbox 1003 3364 1182 3434; x_wconf 83' lang='grc' dir='ltr'>γάμον</span> <span class='ocrx_word' id='word_1_330' title='bbox 1207 3365 1562 3435; x_wconf 76' lang='grc' dir='ltr'>μετάγεσθαι.</span> <span class='ocrx_word' id='word_1_331' title='bbox 1598 3365 1746 3434; x_wconf 78' lang='grc' dir='ltr'>Πλὴν</span> <span class='ocrx_word' id='word_1_332' title='bbox 1799 3367 1897 3417; x_wconf 77' lang='grc' dir='ltr'>οὐκ</span> 
     </span>
    </p>
   </div>
   <div class='ocr_carea' id='block_1_52' title="bbox 305 3452 1897 3525">
    <p class='ocr_par' dir='ltr' id='par_1_52' title="bbox 305 3452 1897 3525">
     <span class='ocr_line' id='line_1_52' title="bbox 305 3452 1897 3525; baseline 0.003 -21"><span class='ocrx_word' id='word_1_333' title='bbox 305 3452 479 3515; x_wconf 70' lang='grc' dir='ltr'>εὐθὺς</span> <span class='ocrx_word' id='word_1_334' title='bbox 519 3453 686 3523; x_wconf 62' lang='lat' dir='ltr'><strong>eam,</strong></span> <span class='ocrx_word' id='word_1_335' title='bbox 722 3458 871 3506; x_wconf 88' lang='grc' dir='ltr'>ἐστιν</span> <span class='ocrx_word' id='word_1_336' title='bbox 899 3458 931 3523; x_wconf 81' lang='grc' dir='ltr'>ἡ</span> <span class='ocrx_word' id='word_1_337' title='bbox 966 3455 1193 3525; x_wconf 85' lang='grc' dir='ltr'>τοιαύτη</span> <span class='ocrx_word' id='word_1_338' title='bbox 1221 3459 1303 3519; x_wconf 87' lang='grc' dir='ltr'><strong>είς</strong></span> <span class='ocrx_word' id='word_1_339' title='bbox 1371 3460 1681 3517; x_wconf 83' lang='grc' dir='ltr'>κοινωνίαν,</span> <span class='ocrx_word' id='word_1_340' title='bbox 1761 3456 1897 3508; x_wconf 82' lang='grc' dir='ltr'>ἀλλά</span> 
     </span>
    </p>
   </div>
   <div class='ocr_carea' id='block_1_53' title="bbox 308 3544 1897 3617">
    <p class='ocr_par' dir='ltr' id='par_1_53' title="bbox 308 3544 1897 3617">
     <span class='ocr_line' id='line_1_53' title="bbox 308 3544 1897 3617; baseline 0.003 -22"><span class='ocrx_word' id='word_1_341' title='bbox 308 3545 456 3612; x_wconf 84' lang='grc' dir='ltr'><strong>μετά</strong></span> <span class='ocrx_word' id='word_1_342' title='bbox 504 3551 555 3611; x_wconf 88' lang='grc' dir='ltr'>γ’</span> <span class='ocrx_word' id='word_1_343' title='bbox 614 3544 730 3613; x_wconf 79' lang='grc' dir='ltr'>ἐτη.</span> <span class='ocrx_word' id='word_1_344' title='bbox 793 3546 1058 3599; x_wconf 76' lang='grc' dir='ltr'>Ἐνταῦθα</span> <span class='ocrx_word' id='word_1_345' title='bbox 1134 3547 1191 3599; x_wconf 79' lang='grc' dir='ltr'><strong>δὲ</strong></span> <span class='ocrx_word' id='word_1_346' title='bbox 1270 3548 1345 3617; x_wconf 79' lang='grc' dir='ltr'><strong>μὴ</strong></span> <span class='ocrx_word' id='word_1_347' title='bbox 1416 3546 1719 3616; x_wconf 81' lang='grc' dir='ltr'>θεματίσῃς</span> <span class='ocrx_word' id='word_1_348' title='bbox 1798 3549 1897 3616; x_wconf 88' lang='grc' dir='ltr'>ἀρ-</span> 
     </span>
    </p>
   </div>
   <div class='ocr_carea' id='block_1_54' title="bbox 304 3634 1896 3709">
    <p class='ocr_par' dir='ltr' id='par_1_54' title="bbox 304 3634 1896 3709">
     <span class='ocr_line' id='line_1_54' title="bbox 304 3634 1896 3709; baseline 0.001 -23"><span class='ocrx_word' id='word_1_349' title='bbox 304 3634 497 3702; x_wconf 78' lang='grc' dir='ltr'>παγὴν</span> <span class='ocrx_word' id='word_1_350' title='bbox 532 3635 785 3701; x_wconf 87' lang='grc' dir='ltr'>γενέσθαι</span> <span class='ocrx_word' id='word_1_351' title='bbox 840 3636 931 3687; x_wconf 77' lang='grc' dir='ltr'><strong>ἐπὶ</strong></span> <span class='ocrx_word' id='word_1_352' title='bbox 984 3638 1051 3705; x_wconf 81' lang='grc' dir='ltr'>τῇ</span> <span class='ocrx_word' id='word_1_353' title='bbox 1113 3638 1272 3709; x_wconf 77' lang='grc' dir='ltr'>κόρῃ.</span> <span class='ocrx_word' id='word_1_354' title='bbox 1326 3636 1566 3706; x_wconf 86' lang='grc' dir='ltr'>Ἐμαθες</span> <span class='ocrx_word' id='word_1_355' title='bbox 1616 3642 1726 3707; x_wconf 83' lang='grc' dir='ltr'><strong>γάρ</strong></span> <span class='ocrx_word' id='word_1_356' title='bbox 1790 3636 1896 3688; x_wconf 78' lang='grc' dir='ltr'>ἀπὸ</span> 
     </span>
    </p>
   </div>
   <div class='ocr_carea' id='block_1_55' title="bbox 298 3724 1892 3799">
    <p class='ocr_par' dir='ltr' id='par_1_55' title="bbox 298 3724 1892 3799">
     <span class='ocr_line' id='line_1_55' title="bbox 298 3724 1892 3799; baseline 0.002 -19"><span class='ocrx_word' id='word_1_357' title='bbox 298 3724 404 3780; x_wconf 77' lang='grc' dir='ltr'><strong>τοῦ</strong></span> <span class='ocrx_word' id='word_1_358' title='bbox 453 3725 498 3778; x_wconf 86' lang='grc' dir='ltr'>λ’</span> <span class='ocrx_word' id='word_1_359' title='bbox 574 3728 798 3791; x_wconf 77' lang='grc' dir='ltr'>κανόνος</span> <span class='ocrx_word' id='word_1_360' title='bbox 870 3730 966 3781; x_wconf 75' lang='grc' dir='ltr'>καὶ</span> <span class='ocrx_word' id='word_1_361' title='bbox 1044 3728 1105 3793; x_wconf 78' lang='grc' dir='ltr'>ἐξ</span> <span class='ocrx_word' id='word_1_362' title='bbox 1177 3730 1381 3798; x_wconf 77' lang='grc' dir='ltr'>ἐτέρων</span> <span class='ocrx_word' id='word_1_363' title='bbox 1455 3731 1577 3792; x_wconf 83' lang='grc' dir='ltr'>ὅτι,</span> <span class='ocrx_word' id='word_1_364' title='bbox 1629 3731 1892 3799; x_wconf 81' lang='grc' dir='ltr'>ἁρπαγῆς</span> 
     </span>
    </p>
   </div>
   <div class='ocr_carea' id='block_1_56' title="bbox 301 3823 1892 3897">
    <p class='ocr_par' dir='ltr' id='par_1_56' title="bbox 301 3823 1892 3897">
     <span class='ocr_line' id='line_1_56' title="bbox 301 3823 1892 3897; baseline 0.002 -23"><span class='ocrx_word' id='word_1_365' title='bbox 301 3823 610 3894; x_wconf 76' lang='grc' dir='ltr'>γενομένης</span> <span class='ocrx_word' id='word_1_366' title='bbox 662 3825 771 3877; x_wconf 83' lang='grc' dir='ltr'>εῐτε</span> <span class='ocrx_word' id='word_1_367' title='bbox 835 3826 971 3895; x_wconf 75' lang='grc' dir='ltr'>μετὰ</span> <span class='ocrx_word' id='word_1_368' title='bbox 1026 3825 1253 3895; x_wconf 84' lang='grc' dir='ltr'>γνώμης</span> <span class='ocrx_word' id='word_1_369' title='bbox 1306 3826 1406 3897; x_wconf 86' lang='grc' dir='ltr'>τῆς</span> <span class='ocrx_word' id='word_1_370' title='bbox 1469 3827 1725 3893; x_wconf 76' lang='grc' dir='ltr'>γυναικὸς</span> <span class='ocrx_word' id='word_1_371' title='bbox 1784 3826 1892 3878; x_wconf 83' lang='grc' dir='ltr'>είτε</span> 
     </span>
    </p>
   </div>
   <div class='ocr_carea' id='block_1_57' title="bbox 306 3911 1893 3985">
    <p class='ocr_par' dir='ltr' id='par_1_57' title="bbox 306 3911 1893 3985">
     <span class='ocr_line' id='line_1_57' title="bbox 306 3911 1893 3985; baseline 0.001 -20"><span class='ocrx_word' id='word_1_372' title='bbox 306 3911 410 3965; x_wconf 77' lang='grc' dir='ltr'>καὶ</span> <span class='ocrx_word' id='word_1_373' title='bbox 432 3915 606 3982; x_wconf 80' lang='grc' dir='ltr'>χωρὶς</span> <span class='ocrx_word' id='word_1_374' title='bbox 630 3913 857 3984; x_wconf 83' lang='grc' dir='ltr'>γνώμης</span> <span class='ocrx_word' id='word_1_375' title='bbox 886 3915 1122 3985; x_wconf 81' lang='grc' dir='ltr'>ἐκείνης,</span> <span class='ocrx_word' id='word_1_376' title='bbox 1177 3918 1356 3985; x_wconf 78' lang='grc' dir='ltr'>γάμος</span> <span class='ocrx_word' id='word_1_377' title='bbox 1437 3917 1499 3969; x_wconf 83' lang='grc' dir='ltr'>οὐ</span> <span class='ocrx_word' id='word_1_378' title='bbox 1554 3915 1893 3980; x_wconf 85' lang='grc' dir='ltr'>συνίσταται,</span> 
     </span>
    </p>
   </div>
   <div class='ocr_carea' id='block_1_58' title="bbox 301 4003 1885 4077">
    <p class='ocr_par' dir='ltr' id='par_1_58' title="bbox 301 4003 1885 4077">
     <span class='ocr_line' id='line_1_58' title="bbox 301 4003 1885 4077; baseline 0.001 -19"><span class='ocrx_word' id='word_1_379' title='bbox 301 4003 412 4058; x_wconf 75' lang='grc' dir='ltr'>κᾶν</span> <span class='ocrx_word' id='word_1_380' title='bbox 456 4008 508 4058; x_wconf 85' lang='grc' dir='ltr'><strong>οί</strong></span> <span class='ocrx_word' id='word_1_381' title='bbox 552 4006 770 4077; x_wconf 69' lang='grc' dir='ltr'>ἔχοντες</span> <span class='ocrx_word' id='word_1_382' title='bbox 840 4006 1040 4069; x_wconf 78' lang='grc' dir='ltr'>αὐτοὺς</span> <span class='ocrx_word' id='word_1_383' title='bbox 1105 4006 1461 4069; x_wconf 76' lang='grc' dir='ltr'>ὑπεξουσίους</span> <span class='ocrx_word' id='word_1_384' title='bbox 1537 4005 1885 4060; x_wconf 87' lang='grc' dir='ltr'>συναινῶσιν.</span> 
     </span>
    </p>
   </div>
   <div class='ocr_carea' id='block_1_59' title="bbox 315 4095 1877 4168">
    <p class='ocr_par' dir='ltr' id='par_1_59' title="bbox 315 4095 1877 4168">
     <span class='ocr_line' id='line_1_59' title="bbox 315 4095 1877 4168; baseline -0.001 -18"><span class='ocrx_word' id='word_1_385' title='bbox 315 4095 487 4150; x_wconf 83' lang='grc' dir='ltr'><strong>Ἀλλά</strong></span> <span class='ocrx_word' id='word_1_386' title='bbox 515 4096 810 4165; x_wconf 84' lang='grc' dir='ltr'>θεμάτισον</span> <span class='ocrx_word' id='word_1_387' title='bbox 839 4098 964 4168; x_wconf 80' lang='grc' dir='ltr'>δίχα</span> <span class='ocrx_word' id='word_1_388' title='bbox 996 4099 1254 4167; x_wconf 71' lang='grc' dir='ltr'>ἁρπαγῆς</span> <span class='ocrx_word' id='word_1_389' title='bbox 1331 4096 1701 4164; x_wconf 85' lang='grc' dir='ltr'>ἀκολουθῆσαι</span> <span class='ocrx_word' id='word_1_390' title='bbox 1778 4100 1877 4165; x_wconf 78' lang='grc' dir='ltr'>τὴν</span> 
     </span>
    </p>
   </div>
   <div class='ocr_carea' id='block_1_60' title="bbox 303 4186 1889 4257">
    <p class='ocr_par' dir='ltr' id='par_1_60' title="bbox 303 4186 1889 4257">
     <span class='ocr_line' id='line_1_60' title="bbox 303 4186 1889 4257; baseline -0.001 -18"><span class='ocrx_word' id='word_1_391' title='bbox 303 4186 641 4250; x_wconf 81' lang='grc' dir='ltr'>ὐπεξουσίαν</span> <span class='ocrx_word' id='word_1_392' title='bbox 672 4187 748 4256; x_wconf 84' lang='grc' dir='ltr'>τῷ</span> <span class='ocrx_word' id='word_1_393' title='bbox 776 4188 1001 4255; x_wconf 74' lang='grc' dir='ltr'><strong>φθορεῖ⁸</strong></span> <span class='ocrx_word' id='word_1_394' title='bbox 1038 4188 1130 4240; x_wconf 84' lang='grc' dir='ltr'><strong>διὰ</strong></span> <span class='ocrx_word' id='word_1_395' title='bbox 1176 4189 1287 4256; x_wconf 85' lang='grc' dir='ltr'>γὰρ</span> <span class='ocrx_word' id='word_1_396' title='bbox 1341 4187 1497 4241; x_wconf 84' lang='grc' dir='ltr'>τοῦτο</span> <span class='ocrx_word' id='word_1_397' title='bbox 1527 4190 1622 4240; x_wconf 78' lang='grc' dir='ltr'>καὶ</span> <span class='ocrx_word' id='word_1_398' title='bbox 1661 4188 1697 4257; x_wconf 75' lang='grc' dir='ltr'>ἡ</span> <span class='ocrx_word' id='word_1_399' title='bbox 1751 4186 1889 4256; x_wconf 76' lang='grc' dir='ltr'>μετὰ</span> 
     </span>
    </p>
   </div>
   <div class='ocr_carea' id='block_1_61' title="bbox 302 4274 1887 4345">
    <p class='ocr_par' dir='ltr' id='par_1_61' title="bbox 302 4274 1887 4345">
     <span class='ocr_line' id='line_1_61' title="bbox 302 4274 1887 4345; baseline -0.001 -17"><span class='ocrx_word' id='word_1_400' title='bbox 302 4275 484 4330; x_wconf 79' lang='grc' dir='ltr'>ταῦτα</span> <span class='ocrx_word' id='word_1_401' title='bbox 507 4276 814 4339; x_wconf 88' lang='grc' dir='ltr'>συναίνεσις</span> <span class='ocrx_word' id='word_1_402' title='bbox 846 4280 995 4329; x_wconf 83' lang='grc' dir='ltr'>ποιεῖ</span> <span class='ocrx_word' id='word_1_403' title='bbox 1022 4276 1320 4329; x_wconf 86' lang='grc' dir='ltr'>ἀνεύθυνον</span> <span class='ocrx_word' id='word_1_404' title='bbox 1347 4278 1440 4329; x_wconf 81' lang='grc' dir='ltr'>τὸν</span> <span class='ocrx_word' id='word_1_405' title='bbox 1482 4274 1887 4345; x_wconf 83' lang='grc' dir='ltr'>γάμον.Ταῦτα</span> 
     </span>
    </p>
   </div>
   <div class='ocr_carea' id='block_1_62' title="bbox 302 4363 1885 4437">
    <p class='ocr_par' dir='ltr' id='par_1_62' title="bbox 302 4363 1885 4437">
     <span class='ocr_line' id='line_1_62' title="bbox 302 4363 1885 4437; baseline -0.001 -17"><span class='ocrx_word' id='word_1_406' title='bbox 302 4367 487 4434; x_wconf 77' lang='grc' dir='ltr'>δὲ,ώς</span> <span class='ocrx_word' id='word_1_407' title='bbox 514 4371 636 4437; x_wconf 69' lang='grc' dir='ltr'>ἐμοὶ</span> <span class='ocrx_word' id='word_1_408' title='bbox 689 4368 857 4431; x_wconf 80' lang='grc' dir='ltr'>δοκεῖ,</span> <span class='ocrx_word' id='word_1_409' title='bbox 909 4367 1097 4437; x_wconf 83' lang='grc' dir='ltr'>χώραν</span> <span class='ocrx_word' id='word_1_410' title='bbox 1156 4363 1328 4437; x_wconf 77' lang='grc' dir='ltr'>εἶχον,</span> <span class='ocrx_word' id='word_1_411' title='bbox 1393 4367 1525 4420; x_wconf 80' lang='grc' dir='ltr'>ὅταν</span> <span class='ocrx_word' id='word_1_412' title='bbox 1576 4369 1885 4421; x_wconf 85' lang='grc' dir='ltr'>συναινέσει</span> 
     </span>
    </p>
   </div>
   <div class='ocr_carea' id='block_1_63' title="bbox 307 4458 1885 4530">
    <p class='ocr_par' dir='ltr' id='par_1_63' title="bbox 307 4458 1885 4530">
     <span class='ocr_line' id='line_1_63' title="bbox 307 4458 1885 4530; baseline 0.001 -20"><span class='ocrx_word' id='word_1_413' title='bbox 307 4460 451 4530; x_wconf 77' lang='grc' dir='ltr'>μόνῃ</span> <span class='ocrx_word' id='word_1_414' title='bbox 485 4458 801 4512; x_wconf 84' lang='grc' dir='ltr'>συνίσταται</span> <span class='ocrx_word' id='word_1_415' title='bbox 833 4461 861 4511; x_wconf 80' lang='grc' dir='ltr'><strong>ό</strong></span> <span class='ocrx_word' id='word_1_416' title='bbox 898 4459 1098 4528; x_wconf 79' lang='grc' dir='ltr'>γάμος.</span> <span class='ocrx_word' id='word_1_417' title='bbox 1122 4460 1370 4529; x_wconf 78' lang='grc' dir='ltr'>Σήμερον</span> <span class='ocrx_word' id='word_1_418' title='bbox 1394 4459 1516 4510; x_wconf 77' lang='grc' dir='ltr'>ἐπεὶ</span> <span class='ocrx_word' id='word_1_419' title='bbox 1573 4462 1711 4527; x_wconf 85' lang='grc' dir='ltr'><strong>μετά</strong></span> <span class='ocrx_word' id='word_1_420' title='bbox 1743 4461 1885 4528; x_wconf 89' lang='grc' dir='ltr'>ίερο-</span> 
     </span>
    </p>
   </div>
   <div class='ocr_carea' id='block_1_64' title="bbox 2074 1992 3573 2057">
    <p class='ocr_par' dir='ltr' id='par_1_64' title="bbox 2074 1992 3573 2057">
     <span class='ocr_line' id='line_1_64' title="bbox 2074 1992 3573 2057; baseline -0.001 -13"><span class='ocrx_word' id='word_1_421' title='bbox 2074 2001 2274 2044; x_wconf 77' lang='lat' dir='ltr'><strong>secutae</strong></span> <span class='ocrx_word' id='word_1_422' title='bbox 2301 2000 2449 2051; x_wconf 86' lang='lat' dir='ltr'><strong>sunt,</strong></span> <span class='ocrx_word' id='word_1_423' title='bbox 2480 1992 2819 2045; x_wconf 81' lang='lat' dir='ltr'><strong>lcrnicantur</strong></span> <span class='ocrx_word' id='word_1_424' title='bbox 2850 2010 2863 2046; x_wconf 89' lang='lat'><strong>:</strong></span> <span class='ocrx_word' id='word_1_425' title='bbox 2896 1993 3265 2047; x_wconf 82' lang='lat' dir='ltr'><strong>reconciliatis</strong></span> <span class='ocrx_word' id='word_1_426' title='bbox 3317 2006 3446 2046; x_wconf 71' lang='lat' dir='ltr'><strong>vero</strong></span> <span class='ocrx_word' id='word_1_427' title='bbox 3488 2006 3573 2057; x_wconf 86' lang='lat' dir='ltr'><strong>pa-</strong></span> 
     </span>
    </p>
   </div>
   <div class='ocr_carea' id='block_1_65' title="bbox 2075 2083 3577 2152">
    <p class='ocr_par' dir='ltr' id='par_1_65' title="bbox 2075 2083 3577 2152">
     <span class='ocr_line' id='line_1_65' title="bbox 2075 2083 3577 2152; baseline 0 -17"><span class='ocrx_word' id='word_1_428' title='bbox 2075 2084 2344 2147; x_wconf 86' lang='lat' dir='ltr'><strong>rentibus,</strong></span> <span class='ocrx_word' id='word_1_429' title='bbox 2383 2083 2592 2136; x_wconf 85' lang='lat' dir='ltr'><strong>videtur</strong></span> <span class='ocrx_word' id='word_1_430' title='bbox 2634 2098 2718 2136; x_wconf 91' lang='lat' dir='ltr'><strong>res</strong></span> <span class='ocrx_word' id='word_1_431' title='bbox 2767 2087 3065 2138; x_wconf 83' lang='lat' dir='ltr'><strong>remedium</strong></span> <span class='ocrx_word' id='word_1_432' title='bbox 3123 2086 3405 2152; x_wconf 88' lang='lat' dir='ltr'><strong>accipere;</strong></span> <span class='ocrx_word' id='word_1_433' title='bbox 3471 2098 3577 2137; x_wconf 90' lang='lat' dir='ltr'><strong>non</strong></span> 
     </span>
    </p>
   </div>
   <div class='ocr_carea' id='block_1_66' title="bbox 2075 2176 3578 2241">
    <p class='ocr_par' dir='ltr' id='par_1_66' title="bbox 2075 2176 3578 2241">
     <span class='ocr_line' id='line_1_66' title="bbox 2075 2176 3578 2241; baseline 0.003 -19"><span class='ocrx_word' id='word_1_434' title='bbox 2075 2176 2325 2241; x_wconf 76' lang='lat' dir='ltr'><strong>protinus</strong></span> <span class='ocrx_word' id='word_1_435' title='bbox 2372 2184 2552 2229; x_wconf 90' lang='lat' dir='ltr'><strong>autem</strong></span> <span class='ocrx_word' id='word_1_436' title='bbox 2595 2177 2661 2228; x_wconf 88' lang='lat' dir='ltr'><strong>ad</strong></span> <span class='ocrx_word' id='word_1_437' title='bbox 2705 2179 3142 2231; x_wconf 86' lang='lat' dir='ltr'><strong>communionem</strong></span> <span class='ocrx_word' id='word_1_438' title='bbox 3194 2178 3578 2238; x_wconf 88' lang='lat' dir='ltr'><strong>restituentur,</strong></span> 
     </span>
    </p>
   </div>
   <div class='ocr_carea' id='block_1_67' title="bbox 2073 2267 2766 2335">
    <p class='ocr_par' dir='ltr' id='par_1_67' title="bbox 2073 2267 2766 2335">
     <span class='ocr_line' id='line_1_67' title="bbox 2073 2267 2766 2335; baseline 0 -15"><span class='ocrx_word' id='word_1_439' title='bbox 2073 2268 2165 2320; x_wconf 85' lang='lat' dir='ltr'><strong>sed</strong></span> <span class='ocrx_word' id='word_1_440' title='bbox 2192 2269 2428 2320; x_wconf 85' lang='lat' dir='ltr'><strong>triennio</strong></span> <span class='ocrx_word' id='word_1_441' title='bbox 2452 2267 2766 2335; x_wconf 87' lang='lat' dir='ltr'><strong>punientur.</strong></span> 
     </span>
    </p>
   </div>
   <div class='ocr_carea' id='block_1_68' title="bbox 2076 2351 3578 2424">
    <p class='ocr_par' dir='ltr' id='par_1_68' title="bbox 2076 2351 3578 2424">
     <span class='ocr_line' id='line_1_68' title="bbox 2076 2351 3578 2424; baseline 0.003 -20"><span class='ocrx_word' id='word_1_442' title='bbox 2076 2351 2270 2405; x_wconf 74' lang='lat' dir='ltr'><strong>BALS.</strong></span> <span class='ocrx_word' id='word_1_443' title='bbox 2301 2352 2519 2407; x_wconf 83' lang='lat' dir='ltr'><strong>Pucllas</strong></span> <span class='ocrx_word' id='word_1_444' title='bbox 2542 2353 2629 2408; x_wconf 86' lang='lat' dir='ltr'><strong>hic</strong></span> <span class='ocrx_word' id='word_1_445' title='bbox 2660 2362 2881 2407; x_wconf 73' lang='lat' dir='ltr'><strong>Sanctus</strong></span> <span class='ocrx_word' id='word_1_446' title='bbox 2904 2367 3022 2416; x_wconf 88' lang='lat' dir='ltr'><strong>eas,</strong></span> <span class='ocrx_word' id='word_1_447' title='bbox 3057 2369 3177 2422; x_wconf 64' lang='lat' dir='ltr'><strong>qua:</strong></span> <span class='ocrx_word' id='word_1_448' title='bbox 3209 2364 3335 2408; x_wconf 88' lang='lat' dir='ltr'><strong>sunt</strong></span> <span class='ocrx_word' id='word_1_449' title='bbox 3387 2353 3439 2407; x_wconf 88' lang='lat' dir='ltr'><strong>in</strong></span> <span class='ocrx_word' id='word_1_450' title='bbox 3479 2370 3578 2424; x_wconf 80' lang='lat' dir='ltr'><strong>po-</strong></span> 
     </span>
    </p>
   </div>
   <div class='ocr_carea' id='block_1_69' title="bbox 2005 2444 3580 2515">
    <p class='ocr_par' dir='ltr' id='par_1_69' title="bbox 2005 2444 3580 2515">
     <span class='ocr_line' id='line_1_69' title="bbox 2005 2444 3580 2515; baseline 0 -15"><span class='ocrx_word' id='word_1_451' title='bbox 2005 2456 2198 2500; x_wconf 75' lang='lat' dir='ltr'><strong>testate</strong></span> <span class='ocrx_word' id='word_1_452' title='bbox 2251 2445 2506 2515; x_wconf 78' lang='lat' dir='ltr'><strong>appellat.</strong></span> <span class='ocrx_word' id='word_1_453' title='bbox 2560 2444 2701 2497; x_wconf 86' lang='lat' dir='ltr'><strong>Dicit</strong></span> <span class='ocrx_word' id='word_1_454' title='bbox 2733 2460 2884 2514; x_wconf 84' lang='lat' dir='ltr'><strong>ergo,</strong></span> <span class='ocrx_word' id='word_1_455' title='bbox 2918 2448 3060 2513; x_wconf 90' lang='lat' dir='ltr'><strong>quod</strong></span> <span class='ocrx_word' id='word_1_456' title='bbox 3110 2446 3154 2500; x_wconf 85' lang='lat' dir='ltr'><strong>si</strong></span> <span class='ocrx_word' id='word_1_457' title='bbox 3218 2461 3337 2514; x_wconf 70' lang='lat' dir='ltr'><strong>quae</strong></span> <span class='ocrx_word' id='word_1_458' title='bbox 3388 2446 3580 2514; x_wconf 77' lang='lat' dir='ltr'><strong>puellte</strong></span> 
     </span>
    </p>
   </div>
   <div class='ocr_carea' id='block_1_70' title="bbox 2005 2536 3580 2605">
    <p class='ocr_par' dir='ltr' id='par_1_70' title="bbox 2005 2536 3580 2605">
     <span class='ocr_line' id='line_1_70' title="bbox 2005 2536 3580 2605; baseline 0 -16"><span class='ocrx_word' id='word_1_459' title='bbox 2005 2539 2222 2589; x_wconf 80' lang='lat' dir='ltr'><strong>tradunt</strong></span> <span class='ocrx_word' id='word_1_460' title='bbox 2253 2539 2462 2604; x_wconf 86' lang='lat' dir='ltr'><strong>seipsas</strong></span> <span class='ocrx_word' id='word_1_461' title='bbox 2480 2536 2594 2589; x_wconf 87' lang='lat' dir='ltr'><strong>suis</strong></span> <span class='ocrx_word' id='word_1_462' title='bbox 2626 2539 2965 2589; x_wconf 87' lang='lat' dir='ltr'><strong>amatoribus</strong></span> <span class='ocrx_word' id='word_1_463' title='bbox 2995 2548 3194 2604; x_wconf 71' lang='lat' dir='ltr'><strong>praeter</strong></span> <span class='ocrx_word' id='word_1_464' title='bbox 3228 2553 3446 2592; x_wconf 89' lang='lat' dir='ltr'><strong>suorum</strong></span> <span class='ocrx_word' id='word_1_465' title='bbox 3484 2552 3580 2605; x_wconf 86' lang='lat' dir='ltr'><strong>pa-</strong></span> 
     </span>
    </p>
   </div>
   <div class='ocr_carea' id='block_1_71' title="bbox 2003 2627 3574 2696">
    <p class='ocr_par' dir='ltr' id='par_1_71' title="bbox 2003 2627 3574 2696">
     <span class='ocr_line' id='line_1_71' title="bbox 2003 2627 3574 2696; baseline 0 -15"><span class='ocrx_word' id='word_1_466' title='bbox 2003 2639 2142 2682; x_wconf 90' lang='lat' dir='ltr'><strong>trum</strong></span> <span class='ocrx_word' id='word_1_467' title='bbox 2173 2630 2519 2690; x_wconf 86' lang='lat' dir='ltr'><strong>sententiam,</strong></span> <span class='ocrx_word' id='word_1_468' title='bbox 2546 2637 2600 2679; x_wconf 90' lang='lat' dir='ltr'><strong>et</strong></span> <span class='ocrx_word' id='word_1_469' title='bbox 2645 2628 2711 2680; x_wconf 85' lang='lat' dir='ltr'><strong>ab</strong></span> <span class='ocrx_word' id='word_1_470' title='bbox 2741 2627 2845 2680; x_wconf 88' lang='lat' dir='ltr'><strong>illis</strong></span> <span class='ocrx_word' id='word_1_471' title='bbox 2880 2638 3318 2696; x_wconf 86' lang='lat' dir='ltr'><strong>corrumpantur,</strong></span> <span class='ocrx_word' id='word_1_472' title='bbox 3358 2628 3574 2681; x_wconf 86' lang='lat' dir='ltr'><strong>etiamsi</strong></span> 
     </span>
    </p>
   </div>
   <div class='ocr_carea' id='block_1_72' title="bbox 2002 2718 3577 2788">
    <p class='ocr_par' dir='ltr' id='par_1_72' title="bbox 2002 2718 3577 2788">
     <span class='ocr_line' id='line_1_72' title="bbox 2002 2718 3577 2788; baseline 0 -16"><span class='ocrx_word' id='word_1_473' title='bbox 2002 2720 2351 2772; x_wconf 88' lang='lat' dir='ltr'><strong>matrimonio</strong></span> <span class='ocrx_word' id='word_1_474' title='bbox 2389 2718 2679 2772; x_wconf 65' lang='lat' dir='ltr'><strong>videantur</strong></span> <span class='ocrx_word' id='word_1_475' title='bbox 2704 2720 3036 2788; x_wconf 68' lang='lat' dir='ltr'><strong>conjunctae,</strong></span> <span class='ocrx_word' id='word_1_476' title='bbox 3083 2719 3459 2778; x_wconf 80' lang='lat' dir='ltr'><strong>fornicamur;</strong></span> <span class='ocrx_word' id='word_1_477' title='bbox 3509 2734 3577 2774; x_wconf 90' lang='lat' dir='ltr'><strong>eo</strong></span> 
     </span>
    </p>
   </div>
   <div class='ocr_carea' id='block_1_73' title="bbox 2000 2808 3579 2879">
    <p class='ocr_par' dir='ltr' id='par_1_73' title="bbox 2000 2808 3579 2879">
     <span class='ocr_line' id='line_1_73' title="bbox 2000 2808 3579 2879; baseline 0.002 -20"><span class='ocrx_word' id='word_1_478' title='bbox 2000 2813 2140 2879; x_wconf 81' lang='lat' dir='ltr'><strong>quod</strong></span> <span class='ocrx_word' id='word_1_479' title='bbox 2192 2808 2598 2862; x_wconf 86' lang='lat' dir='ltr'><strong>matrimonium</strong></span> <span class='ocrx_word' id='word_1_480' title='bbox 2653 2808 2802 2877; x_wconf 81' lang='lat' dir='ltr'><strong>ejtts,</strong></span> <span class='ocrx_word' id='word_1_481' title='bbox 2846 2824 2963 2879; x_wconf 68' lang='lat' dir='ltr'><strong>quae</strong></span> <span class='ocrx_word' id='word_1_482' title='bbox 2994 2820 3097 2872; x_wconf 86' lang='lat' dir='ltr'><strong>est,</strong></span> <span class='ocrx_word' id='word_1_483' title='bbox 3145 2810 3198 2863; x_wconf 89' lang='lat' dir='ltr'><strong>in</strong></span> <span class='ocrx_word' id='word_1_484' title='bbox 3257 2810 3420 2863; x_wconf 91' lang='lat' dir='ltr'><strong>tutela</strong></span> <span class='ocrx_word' id='word_1_485' title='bbox 3459 2812 3579 2862; x_wconf 85' lang='lat' dir='ltr'><strong>sine</strong></span> 
     </span>
    </p>
   </div>
   <div class='ocr_carea' id='block_1_74' title="bbox 1999 2902 3573 2972">
    <p class='ocr_par' dir='ltr' id='par_1_74' title="bbox 1999 2902 3573 2972">
     <span class='ocr_line' id='line_1_74' title="bbox 1999 2902 3573 2972; baseline 0.004 -21"><span class='ocrx_word' id='word_1_486' title='bbox 1999 2906 2166 2971; x_wconf 80' lang='lat' dir='ltr'><strong>patris</strong></span> <span class='ocrx_word' id='word_1_487' title='bbox 2209 2902 2485 2955; x_wconf 80' lang='lat' dir='ltr'><strong>voluntate</strong></span> <span class='ocrx_word' id='word_1_488' title='bbox 2521 2903 2823 2956; x_wconf 88' lang='lat' dir='ltr'><strong>consistere</strong></span> <span class='ocrx_word' id='word_1_489' title='bbox 2868 2905 3076 2971; x_wconf 90' lang='lat' dir='ltr'><strong>nequit.</strong></span> <span class='ocrx_word' id='word_1_490' title='bbox 3125 2903 3219 2956; x_wconf 87' lang='lat' dir='ltr'><strong>Sin</strong></span> <span class='ocrx_word' id='word_1_491' title='bbox 3246 2913 3426 2958; x_wconf 88' lang='lat' dir='ltr'><strong>autem</strong></span> <span class='ocrx_word' id='word_1_492' title='bbox 3476 2922 3573 2972; x_wconf 86' lang='lat' dir='ltr'><strong>pa-</strong></span> 
     </span>
    </p>
   </div>
   <div class='ocr_carea' id='block_1_75' title="bbox 2000 2991 3568 3060">
    <p class='ocr_par' dir='ltr' id='par_1_75' title="bbox 2000 2991 3568 3060">
     <span class='ocr_line' id='line_1_75' title="bbox 2000 2991 3568 3060; baseline 0.002 -16"><span class='ocrx_word' id='word_1_493' title='bbox 2000 3004 2180 3044; x_wconf 87' lang='lat' dir='ltr'><strong>rentes</strong></span> <span class='ocrx_word' id='word_1_494' title='bbox 2215 2991 2451 3059; x_wconf 81' lang='lat' dir='ltr'><strong>ipsarum</strong></span> <span class='ocrx_word' id='word_1_495' title='bbox 2489 2992 2567 3045; x_wconf 89' lang='lat' dir='ltr'><strong>eis</strong></span> <span class='ocrx_word' id='word_1_496' title='bbox 2610 2993 2948 3047; x_wconf 75' lang='lat' dir='ltr'><strong>reconciliati</strong></span> <span class='ocrx_word' id='word_1_497' title='bbox 2992 2993 3219 3060; x_wconf 76' lang='lat' dir='ltr'><strong>fuerint,</strong></span> <span class='ocrx_word' id='word_1_498' title='bbox 3244 3004 3297 3047; x_wconf 90' lang='lat' dir='ltr'><strong>et</strong></span> <span class='ocrx_word' id='word_1_499' title='bbox 3321 3011 3414 3048; x_wconf 82' lang='lat' dir='ltr'><strong>eas</strong></span> <span class='ocrx_word' id='word_1_500' title='bbox 3444 3011 3568 3049; x_wconf 88' lang='lat' dir='ltr'><strong>cum</strong></span> 
     </span>
    </p>
   </div>
   <div class='ocr_carea' id='block_1_76' title="bbox 2000 3082 3577 3148">
    <p class='ocr_par' dir='ltr' id='par_1_76' title="bbox 2000 3082 3577 3148">
     <span class='ocr_line' id='line_1_76' title="bbox 2000 3082 3577 3148; baseline 0.004 -13"><span class='ocrx_word' id='word_1_501' title='bbox 2000 3084 2330 3136; x_wconf 77' lang='lat' dir='ltr'><strong>amatoribus</strong></span> <span class='ocrx_word' id='word_1_502' title='bbox 2372 3082 2686 3135; x_wconf 81' lang='lat' dir='ltr'><strong>cohabitare</strong></span> <span class='ocrx_word' id='word_1_503' title='bbox 2734 3085 3045 3148; x_wconf 84' lang='lat' dir='ltr'><strong>voluerunt,</strong></span> <span class='ocrx_word' id='word_1_504' title='bbox 3094 3086 3169 3137; x_wconf 86' lang='lat' dir='ltr'><strong>rei</strong></span> <span class='ocrx_word' id='word_1_505' title='bbox 3219 3085 3316 3139; x_wconf 86' lang='lat' dir='ltr'><strong>hac</strong></span> <span class='ocrx_word' id='word_1_506' title='bbox 3366 3090 3577 3141; x_wconf 84' lang='lat' dir='ltr'><strong>ratione</strong></span> 
     </span>
    </p>
   </div>
   <div class='ocr_carea' id='block_1_77' title="bbox 2002 3172 3576 3240">
    <p class='ocr_par' dir='ltr' id='par_1_77' title="bbox 2002 3172 3576 3240">
     <span class='ocr_line' id='line_1_77' title="bbox 2002 3172 3576 3240; baseline 0.004 -18"><span class='ocrx_word' id='word_1_507' title='bbox 2002 3176 2213 3227; x_wconf 78' lang='lat' dir='ltr'><strong>videtur</strong></span> <span class='ocrx_word' id='word_1_508' title='bbox 2260 3173 2558 3227; x_wconf 85' lang='lat' dir='ltr'><strong>remedium</strong></span> <span class='ocrx_word' id='word_1_509' title='bbox 2617 3172 2821 3227; x_wconf 80' lang='lat' dir='ltr'><strong>aIl‘erri.</strong></span> <span class='ocrx_word' id='word_1_510' title='bbox 2875 3174 3030 3240; x_wconf 88' lang='lat' dir='ltr'><strong>Quod</strong></span> <span class='ocrx_word' id='word_1_511' title='bbox 3088 3176 3236 3228; x_wconf 83' lang='lat' dir='ltr'><strong>enim</strong></span> <span class='ocrx_word' id='word_1_512' title='bbox 3289 3177 3356 3229; x_wconf 89' lang='lat' dir='ltr'><strong>ab</strong></span> <span class='ocrx_word' id='word_1_513' title='bbox 3418 3176 3576 3232; x_wconf 83' lang='lat' dir='ltr'><strong>initio</strong></span> 
     </span>
    </p>
   </div>
   <div class='ocr_carea' id='block_1_78' title="bbox 2003 3265 3575 3335">
    <p class='ocr_par' dir='ltr' id='par_1_78' title="bbox 2003 3265 3575 3335">
     <span class='ocr_line' id='line_1_78' title="bbox 2003 3265 3575 3335; baseline 0.003 -20"><span class='ocrx_word' id='word_1_514' title='bbox 2003 3266 2143 3317; x_wconf 81' lang='lat' dir='ltr'><strong>male</strong></span> <span class='ocrx_word' id='word_1_515' title='bbox 2182 3265 2378 3317; x_wconf 71' lang='lat' dir='ltr'><strong>factum</strong></span> <span class='ocrx_word' id='word_1_516' title='bbox 2407 3271 2511 3327; x_wconf 79' lang='lat' dir='ltr'><strong>est,</strong></span> <span class='ocrx_word' id='word_1_517' title='bbox 2543 3273 2826 3331; x_wconf 85' lang='lat' dir='ltr'><strong>parentum</strong></span> <span class='ocrx_word' id='word_1_518' title='bbox 2861 3277 3047 3333; x_wconf 80' lang='lat' dir='ltr'><strong>postea</strong></span> <span class='ocrx_word' id='word_1_519' title='bbox 3076 3279 3380 3320; x_wconf 79' lang='lat' dir='ltr'><strong>consensus</strong></span> <span class='ocrx_word' id='word_1_520' title='bbox 3415 3281 3575 3335; x_wconf 86' lang='lat' dir='ltr'><strong>repa-</strong></span> 
     </span>
    </p>
   </div>
   <div class='ocr_carea' id='block_1_79' title="bbox 1998 3355 3576 3416">
    <p class='ocr_par' dir='ltr' id='par_1_79' title="bbox 1998 3355 3576 3416">
     <span class='ocr_line' id='line_1_79' title="bbox 1998 3355 3576 3416; baseline 0.001 -9"><span class='ocrx_word' id='word_1_521' title='bbox 1998 3371 2120 3407; x_wconf 87' lang='lat' dir='ltr'><strong>rare</strong></span> <span class='ocrx_word' id='word_1_522' title='bbox 2144 3356 2377 3416; x_wconf 80' lang='lat' dir='ltr'><strong>videtur,</strong></span> <span class='ocrx_word' id='word_1_523' title='bbox 2411 3364 2468 3406; x_wconf 91' lang='lat' dir='ltr'><strong>ut</strong></span> <span class='ocrx_word' id='word_1_524' title='bbox 2509 3355 2797 3407; x_wconf 85' lang='lat' dir='ltr'><strong>l&#39;ornicatio</strong></span> <span class='ocrx_word' id='word_1_525' title='bbox 2849 3355 2900 3407; x_wconf 88' lang='lat' dir='ltr'><strong>in</strong></span> <span class='ocrx_word' id='word_1_526' title='bbox 2946 3356 3349 3409; x_wconf 86' lang='lat' dir='ltr'><strong>matrimonium</strong></span> <span class='ocrx_word' id='word_1_527' title='bbox 3403 3356 3576 3408; x_wconf 74' lang='lat' dir='ltr'><strong>dedu-</strong></span> 
     </span>
    </p>
   </div>
   <div class='ocr_carea' id='block_1_80' title="bbox 1998 3445 3576 3501">
    <p class='ocr_par' dir='ltr' id='par_1_80' title="bbox 1998 3445 3576 3501">
     <span class='ocr_line' id='line_1_80' title="bbox 1998 3445 3576 3501; baseline 0.001 -2"><span class='ocrx_word' id='word_1_528' title='bbox 1998 3455 2171 3501; x_wconf 82' lang='lat' dir='ltr'><strong>catur.</strong></span> <span class='ocrx_word' id='word_1_529' title='bbox 2194 3445 2262 3498; x_wconf 82' lang='lat' dir='ltr'><strong>At</strong></span> <span class='ocrx_word' id='word_1_530' title='bbox 2286 3446 2408 3499; x_wconf 85' lang='lat' dir='ltr'><strong>talis</strong></span> <span class='ocrx_word' id='word_1_531' title='bbox 2437 3460 2540 3499; x_wconf 88' lang='lat' dir='ltr'><strong>non</strong></span> <span class='ocrx_word' id='word_1_532' title='bbox 2566 3456 2647 3499; x_wconf 85' lang='lat' dir='ltr'><strong>est</strong></span> <span class='ocrx_word' id='word_1_533' title='bbox 2676 3446 2856 3500; x_wconf 89' lang='lat' dir='ltr'><strong>statim</strong></span> <span class='ocrx_word' id='word_1_534' title='bbox 2886 3446 2952 3499; x_wconf 86' lang='lat' dir='ltr'><strong>ad</strong></span> <span class='ocrx_word' id='word_1_535' title='bbox 2971 3448 3405 3500; x_wconf 88' lang='lat' dir='ltr'><strong>communionem</strong></span> <span class='ocrx_word' id='word_1_536' title='bbox 3432 3448 3576 3501; x_wconf 83' lang='lat' dir='ltr'><strong>reci-</strong></span> 
     </span>
    </p>
   </div>
   <div class='ocr_carea' id='block_1_81' title="bbox 1996 3534 3576 3605">
    <p class='ocr_par' dir='ltr' id='par_1_81' title="bbox 1996 3534 3576 3605">
     <span class='ocr_line' id='line_1_81' title="bbox 1996 3534 3576 3605; baseline 0.002 -17"><span class='ocrx_word' id='word_1_537' title='bbox 1996 3537 2217 3605; x_wconf 88' lang='lat' dir='ltr'><strong>pienda,</strong></span> <span class='ocrx_word' id='word_1_538' title='bbox 2261 3538 2355 3591; x_wconf 88' lang='lat' dir='ltr'><strong>sed</strong></span> <span class='ocrx_word' id='word_1_539' title='bbox 2383 3536 2600 3589; x_wconf 89' lang='lat' dir='ltr'><strong>demum</strong></span> <span class='ocrx_word' id='word_1_540' title='bbox 2633 3547 2759 3604; x_wconf 89' lang='lat' dir='ltr'><strong>post</strong></span> <span class='ocrx_word' id='word_1_541' title='bbox 2800 3548 2909 3589; x_wconf 88' lang='lat' dir='ltr'><strong>tres</strong></span> <span class='ocrx_word' id='word_1_542' title='bbox 2938 3550 3131 3589; x_wconf 85' lang='lat' dir='ltr'><strong>annos.</strong></span> <span class='ocrx_word' id='word_1_543' title='bbox 3166 3534 3262 3589; x_wconf 89' lang='lat' dir='ltr'><strong>Hic</strong></span> <span class='ocrx_word' id='word_1_544' title='bbox 3285 3545 3464 3589; x_wconf 91' lang='lat' dir='ltr'><strong>autem</strong></span> <span class='ocrx_word' id='word_1_545' title='bbox 3507 3552 3576 3591; x_wconf 88' lang='lat' dir='ltr'><strong>tte</strong></span> 
     </span>
    </p>
   </div>
   <div class='ocr_carea' id='block_1_82' title="bbox 1995 3627 3577 3697">
    <p class='ocr_par' dir='ltr' id='par_1_82' title="bbox 1995 3627 3577 3697">
     <span class='ocr_line' id='line_1_82' title="bbox 1995 3627 3577 3697; baseline 0.003 -18"><span class='ocrx_word' id='word_1_546' title='bbox 1995 3629 2238 3696; x_wconf 83' lang='lat' dir='ltr'><strong>posueris</strong></span> <span class='ocrx_word' id='word_1_547' title='bbox 2304 3635 2511 3696; x_wconf 84' lang='lat' dir='ltr'><strong>raptam</strong></span> <span class='ocrx_word' id='word_1_548' title='bbox 2591 3627 2760 3682; x_wconf 81' lang='lat' dir='ltr'><strong>fuisse</strong></span> <span class='ocrx_word' id='word_1_549' title='bbox 2822 3628 3072 3697; x_wconf 81' lang='lat' dir='ltr'><strong>puellam.</strong></span> <span class='ocrx_word' id='word_1_550' title='bbox 3153 3627 3225 3681; x_wconf 83' lang='lat' dir='ltr'><strong>Ex</strong></span> <span class='ocrx_word' id='word_1_551' title='bbox 3300 3628 3577 3683; x_wconf 86' lang='lat' dir='ltr'><strong>tricesimo</strong></span> 
     </span>
    </p>
   </div>
   <div class='ocr_carea' id='block_1_83' title="bbox 1995 3716 3573 3789">
    <p class='ocr_par' dir='ltr' id='par_1_83' title="bbox 1995 3716 3573 3789">
     <span class='ocr_line' id='line_1_83' title="bbox 1995 3716 3573 3789; baseline 0.001 -18"><span class='ocrx_word' id='word_1_552' title='bbox 1995 3719 2138 3771; x_wconf 89' lang='lat' dir='ltr'><strong>enim</strong></span> <span class='ocrx_word' id='word_1_553' title='bbox 2187 3733 2307 3770; x_wconf 78' lang='lat' dir='ltr'><strong>can.</strong></span> <span class='ocrx_word' id='word_1_554' title='bbox 2356 3727 2410 3771; x_wconf 92' lang='lat' dir='ltr'><strong>et</strong></span> <span class='ocrx_word' id='word_1_555' title='bbox 2458 3733 2525 3771; x_wconf 80' lang='lat' dir='ltr'><strong>ex</strong></span> <span class='ocrx_word' id='word_1_556' title='bbox 2592 3718 2714 3772; x_wconf 87' lang='lat' dir='ltr'><strong>aliis</strong></span> <span class='ocrx_word' id='word_1_557' title='bbox 2771 3716 3053 3781; x_wconf 74' lang='lat' dir='ltr'><strong>didiciSti,</strong></span> <span class='ocrx_word' id='word_1_558' title='bbox 3098 3718 3239 3785; x_wconf 86' lang='lat' dir='ltr'><strong>quod</strong></span> <span class='ocrx_word' id='word_1_559' title='bbox 3292 3720 3337 3773; x_wconf 83' lang='lat' dir='ltr'><strong>si</strong></span> <span class='ocrx_word' id='word_1_560' title='bbox 3387 3729 3573 3789; x_wconf 88' lang='lat' dir='ltr'><strong>raptus</strong></span> 
     </span>
    </p>
   </div>
   <div class='ocr_carea' id='block_1_84' title="bbox 1991 3808 3570 3871">
    <p class='ocr_par' dir='ltr' id='par_1_84' title="bbox 1991 3808 3570 3871">
     <span class='ocr_line' id='line_1_84' title="bbox 1991 3808 3570 3871; baseline 0.002 -9"><span class='ocrx_word' id='word_1_561' title='bbox 1991 3808 2168 3862; x_wconf 86' lang='lat' dir='ltr'><strong>Iactus</strong></span> <span class='ocrx_word' id='word_1_562' title='bbox 2200 3808 2380 3870; x_wconf 78' lang='lat' dir='ltr'><strong>fuerit,</strong></span> <span class='ocrx_word' id='word_1_563' title='bbox 2424 3808 2537 3862; x_wconf 87' lang='lat' dir='ltr'><strong>sive</strong></span> <span class='ocrx_word' id='word_1_564' title='bbox 2565 3823 2685 3861; x_wconf 89' lang='lat' dir='ltr'><strong>cum</strong></span> <span class='ocrx_word' id='word_1_565' title='bbox 2736 3808 2977 3862; x_wconf 90' lang='lat' dir='ltr'><strong>mulieris</strong></span> <span class='ocrx_word' id='word_1_566' title='bbox 3007 3810 3302 3871; x_wconf 83' lang='lat' dir='ltr'><strong>voluntate.</strong></span> <span class='ocrx_word' id='word_1_567' title='bbox 3349 3811 3464 3864; x_wconf 74' lang='lat' dir='ltr'><strong>sive</strong></span> <span class='ocrx_word' id='word_1_568' title='bbox 3505 3826 3570 3865; x_wconf 77' lang='lat' dir='ltr'><strong>ea</strong></span> 
     </span>
    </p>
   </div>
   <div class='ocr_carea' id='block_1_85' title="bbox 1992 3899 3568 3969">
    <p class='ocr_par' dir='ltr' id='par_1_85' title="bbox 1992 3899 3568 3969">
     <span class='ocr_line' id='line_1_85' title="bbox 1992 3899 3568 3969; baseline -0.001 -15"><span class='ocrx_word' id='word_1_569' title='bbox 1992 3899 2230 3965; x_wconf 88' lang='lat' dir='ltr'><strong>nolente,</strong></span> <span class='ocrx_word' id='word_1_570' title='bbox 2271 3915 2377 3953; x_wconf 89' lang='lat' dir='ltr'><strong>non</strong></span> <span class='ocrx_word' id='word_1_571' title='bbox 2430 3899 2678 3953; x_wconf 89' lang='lat' dir='ltr'><strong>consistit</strong></span> <span class='ocrx_word' id='word_1_572' title='bbox 2740 3900 3144 3953; x_wconf 88' lang='lat' dir='ltr'><strong>matrimonium</strong></span> <span class='ocrx_word' id='word_1_573' title='bbox 3190 3899 3407 3954; x_wconf 85' lang='lat' dir='ltr'><strong>etiamsi</strong></span> <span class='ocrx_word' id='word_1_574' title='bbox 3474 3901 3568 3969; x_wconf 88' lang='lat' dir='ltr'><strong>qui</strong></span> 
     </span>
    </p>
   </div>
   <div class='ocr_carea' id='block_1_86' title="bbox 1993 3989 3568 4058">
    <p class='ocr_par' dir='ltr' id='par_1_86' title="bbox 1993 3989 3568 4058">
     <span class='ocr_line' id='line_1_86' title="bbox 1993 3989 3568 4058; baseline -0.001 -14"><span class='ocrx_word' id='word_1_575' title='bbox 1993 3991 2191 4045; x_wconf 81' lang='lat' dir='ltr'><strong>habent</strong></span> <span class='ocrx_word' id='word_1_576' title='bbox 2227 3990 2277 4042; x_wconf 91' lang='lat' dir='ltr'><strong>in</strong></span> <span class='ocrx_word' id='word_1_577' title='bbox 2302 3996 2569 4058; x_wconf 84' lang='lat' dir='ltr'><strong>potestate</strong></span> <span class='ocrx_word' id='word_1_578' title='bbox 2591 3992 2958 4043; x_wconf 88' lang='lat' dir='ltr'><strong>consentlaut.</strong></span> <span class='ocrx_word' id='word_1_579' title='bbox 2987 3989 3090 4042; x_wconf 89' lang='lat' dir='ltr'><strong>Sed</strong></span> <span class='ocrx_word' id='word_1_580' title='bbox 3121 4004 3257 4058; x_wconf 89' lang='lat' dir='ltr'><strong>pone</strong></span> <span class='ocrx_word' id='word_1_581' title='bbox 3280 4003 3422 4053; x_wconf 89' lang='lat' dir='ltr'><strong>eam,</strong></span> <span class='ocrx_word' id='word_1_582' title='bbox 3447 4005 3568 4058; x_wconf 64' lang='lat' dir='ltr'><strong>quas</strong></span> 
     </span>
    </p>
   </div>
   <div class='ocr_carea' id='block_1_87' title="bbox 1992 4082 3567 4150">
    <p class='ocr_par' dir='ltr' id='par_1_87' title="bbox 1992 4082 3567 4150">
     <span class='ocr_line' id='line_1_87' title="bbox 1992 4082 3567 4150; baseline -0.001 -17"><span class='ocrx_word' id='word_1_583' title='bbox 1992 4082 2161 4137; x_wconf 83' lang='lat' dir='ltr'><strong>estin</strong></span> <span class='ocrx_word' id='word_1_584' title='bbox 2201 4088 2472 4150; x_wconf 87' lang='lat' dir='ltr'><strong>potestate</strong></span> <span class='ocrx_word' id='word_1_585' title='bbox 2502 4094 2606 4132; x_wconf 89' lang='lat' dir='ltr'><strong>non</strong></span> <span class='ocrx_word' id='word_1_586' title='bbox 2641 4090 2848 4149; x_wconf 82' lang='lat' dir='ltr'><strong>raptam</strong></span> <span class='ocrx_word' id='word_1_587' title='bbox 2901 4089 3267 4147; x_wconf 87' lang='lat' dir='ltr'><strong>stupratorem</strong></span> <span class='ocrx_word' id='word_1_588' title='bbox 3323 4090 3567 4133; x_wconf 83' lang='lat' dir='ltr'><strong>secutam</strong></span> 
     </span>
    </p>
   </div>
   <div class='ocr_carea' id='block_1_88' title="bbox 1989 4169 3574 4243">
    <p class='ocr_par' dir='ltr' id='par_1_88' title="bbox 1989 4169 3574 4243">
     <span class='ocr_line' id='line_1_88' title="bbox 1989 4169 3574 4243; baseline -0.003 -15"><span class='ocrx_word' id='word_1_589' title='bbox 1989 4174 2188 4236; x_wconf 77' lang='lat' dir='ltr'><strong>fuisse;</strong></span> <span class='ocrx_word' id='word_1_590' title='bbox 2225 4183 2506 4241; x_wconf 87' lang='lat' dir='ltr'><strong>propterea</strong></span> <span class='ocrx_word' id='word_1_591' title='bbox 2531 4173 2673 4225; x_wconf 92' lang='lat' dir='ltr'><strong>enim</strong></span> <span class='ocrx_word' id='word_1_592' title='bbox 2696 4186 2935 4243; x_wconf 83' lang='lat' dir='ltr'><strong>sequens</strong></span> <span class='ocrx_word' id='word_1_593' title='bbox 2957 4183 3257 4225; x_wconf 84' lang='lat' dir='ltr'><strong>consensus</strong></span> <span class='ocrx_word' id='word_1_594' title='bbox 3283 4169 3432 4234; x_wconf 79' lang='lat' dir='ltr'><strong>facit,</strong></span> <span class='ocrx_word' id='word_1_595' title='bbox 3460 4179 3574 4224; x_wconf 81' lang='lat' dir='ltr'><strong>uta</strong></span> 
     </span>
    </p>
   </div>
   <div class='ocr_carea' id='block_1_89' title="bbox 1990 4262 3572 4335">
    <p class='ocr_par' dir='ltr' id='par_1_89' title="bbox 1990 4262 3572 4335">
     <span class='ocr_line' id='line_1_89' title="bbox 1990 4262 3572 4335; baseline -0.001 -16"><span class='ocrx_word' id='word_1_596' title='bbox 1990 4267 2146 4333; x_wconf 91' lang='lat' dir='ltr'><strong>culpa</strong></span> <span class='ocrx_word' id='word_1_597' title='bbox 2196 4276 2462 4318; x_wconf 90' lang='lat' dir='ltr'><strong>remotum</strong></span> <span class='ocrx_word' id='word_1_598' title='bbox 2494 4266 2565 4319; x_wconf 87' lang='lat' dir='ltr'><strong>sit</strong></span> <span class='ocrx_word' id='word_1_599' title='bbox 2593 4265 2927 4335; x_wconf 75' lang='lat' dir='ltr'><strong>coniugium.</strong></span> <span class='ocrx_word' id='word_1_600' title='bbox 2962 4262 3087 4317; x_wconf 64' lang='lat' dir='ltr'><strong>Haec</strong></span> <span class='ocrx_word' id='word_1_601' title='bbox 3118 4273 3324 4324; x_wconf 85' lang='lat' dir='ltr'><strong>autem,</strong></span> <span class='ocrx_word' id='word_1_602' title='bbox 3357 4270 3415 4315; x_wconf 89' lang='lat' dir='ltr'><strong>ut</strong></span> <span class='ocrx_word' id='word_1_603' title='bbox 3438 4263 3572 4317; x_wconf 85' lang='lat' dir='ltr'><strong>mihi</strong></span> 
     </span>
    </p>
   </div>
   <div class='ocr_carea' id='block_1_90' title="bbox 1990 4351 3572 4425">
    <p class='ocr_par' dir='ltr' id='par_1_90' title="bbox 1990 4351 3572 4425">
     <span class='ocr_line' id='line_1_90' title="bbox 1990 4351 3572 4425; baseline 0.002 -17"><span class='ocrx_word' id='word_1_604' title='bbox 1990 4355 2223 4415; x_wconf 71' lang='lat' dir='ltr'><strong>videtur.</strong></span> <span class='ocrx_word' id='word_1_605' title='bbox 2249 4354 2425 4410; x_wconf 91' lang='lat' dir='ltr'><strong>locum</strong></span> <span class='ocrx_word' id='word_1_606' title='bbox 2468 4355 2766 4419; x_wconf 86' lang='lat' dir='ltr'><strong>habebant,</strong></span> <span class='ocrx_word' id='word_1_607' title='bbox 2789 4354 3003 4425; x_wconf 87' lang='lat' dir='ltr'><strong>quando</strong></span> <span class='ocrx_word' id='word_1_608' title='bbox 3024 4351 3141 4408; x_wconf 87' lang='lat' dir='ltr'><strong>solo</strong></span> <span class='ocrx_word' id='word_1_609' title='bbox 3160 4365 3424 4408; x_wconf 87' lang='lat' dir='ltr'><strong>consensu</strong></span> <span class='ocrx_word' id='word_1_610' title='bbox 3444 4365 3572 4411; x_wconf 76' lang='lat' dir='ltr'><strong>con-</strong></span> 
     </span>
    </p>
   </div>
   <div class='ocr_carea' id='block_1_91' title="bbox 1990 4446 3567 4519">
    <p class='ocr_par' dir='ltr' id='par_1_91' title="bbox 1990 4446 3567 4519">
     <span class='ocr_line' id='line_1_91' title="bbox 1990 4446 3567 4519; baseline -0.001 -16"><span class='ocrx_word' id='word_1_611' title='bbox 1990 4447 2213 4503; x_wconf 85' lang='lat' dir='ltr'><strong>sistebat</strong></span> <span class='ocrx_word' id='word_1_612' title='bbox 2246 4449 2672 4505; x_wconf 84' lang='lat' dir='ltr'><strong>matrimonium.</strong></span> <span class='ocrx_word' id='word_1_613' title='bbox 2699 4446 2868 4505; x_wconf 84' lang='lat' dir='ltr'><strong>llodie</strong></span> <span class='ocrx_word' id='word_1_614' title='bbox 2897 4463 3048 4515; x_wconf 88' lang='lat' dir='ltr'><strong>vero,</strong></span> <span class='ocrx_word' id='word_1_615' title='bbox 3079 4446 3331 4519; x_wconf 82' lang='lat' dir='ltr'><strong>quoniam</strong></span> <span class='ocrx_word' id='word_1_616' title='bbox 3363 4448 3421 4503; x_wconf 87' lang='lat' dir='ltr'><strong>lit</strong></span> <span class='ocrx_word' id='word_1_617' title='bbox 3442 4464 3567 4503; x_wconf 88' lang='lat' dir='ltr'><strong>cum</strong></span> 
     </span>
    </p>
   </div>
   <div class='ocr_carea' id='block_1_92' title="bbox 300 4543 1893 4625">
    <p class='ocr_par' dir='ltr' id='par_1_92' title="bbox 300 4551 1885 4625">
     <span class='ocr_line' id='line_1_92' title="bbox 300 4551 1885 4625; baseline 0.001 -23"><span class='ocrx_word' id='word_1_618' title='bbox 300 4551 497 4618; x_wconf 84' lang='grc' dir='ltr'>λογίας</span> <span class='ocrx_word' id='word_1_619' title='bbox 524 4551 759 4619; x_wconf 88' lang='grc' dir='ltr'>γίνεται,</span> <span class='ocrx_word' id='word_1_620' title='bbox 791 4552 897 4605; x_wconf 83' lang='grc' dir='ltr'>κᾶν</span> <span class='ocrx_word' id='word_1_621' title='bbox 931 4555 1320 4605; x_wconf 81' lang='grc' dir='ltr'>συναινέσωσιν</span> <span class='ocrx_word' id='word_1_622' title='bbox 1379 4554 1425 4605; x_wconf 76' lang='lat' dir='ltr'><strong>cl</strong></span> <span class='ocrx_word' id='word_1_623' title='bbox 1450 4555 1647 4619; x_wconf 81' lang='grc' dir='ltr'>γονεῖς,</span> <span class='ocrx_word' id='word_1_624' title='bbox 1706 4554 1885 4625; x_wconf 82' lang='grc' dir='ltr'>γάμος</span> 
     </span>
    </p>
   </div>
   <div class='ocr_carea' id='block_1_93' title="bbox 1995 4543 3571 4625">
    <p class='ocr_par' dir='ltr' id='par_1_93' title="bbox 1995 4543 3571 4609">
     <span class='ocr_line' id='line_1_93' title="bbox 1995 4543 3571 4609; baseline 0.001 -12"><span class='ocrx_word' id='word_1_625' title='bbox 1995 4556 2149 4597; x_wconf 82' lang='lat' dir='ltr'><strong>sacra</strong></span> <span class='ocrx_word' id='word_1_626' title='bbox 2218 4543 2627 4604; x_wconf 86' lang='lat' dir='ltr'><strong>benedictione,</strong></span> <span class='ocrx_word' id='word_1_627' title='bbox 2692 4543 2910 4598; x_wconf 88' lang='lat' dir='ltr'><strong>etiamsi</strong></span> <span class='ocrx_word' id='word_1_628' title='bbox 2971 4554 3230 4609; x_wconf 88' lang='lat' dir='ltr'><strong>parentes</strong></span> <span class='ocrx_word' id='word_1_629' title='bbox 3272 4556 3571 4598; x_wconf 84' lang='lat' dir='ltr'><strong>consense-</strong></span> 
     </span>
    </p>
   </div>
   <div class='ocr_carea' id='block_1_94' title="bbox 307 4640 1887 4714">
    <p class='ocr_par' dir='ltr' id='par_1_94' title="bbox 307 4640 1887 4714">
     <span class='ocr_line' id='line_1_94' title="bbox 307 4640 1887 4714; baseline 0.003 -22"><span class='ocrx_word' id='word_1_630' title='bbox 307 4641 451 4708; x_wconf 77' lang='grc' dir='ltr'><strong>μετά</strong></span> <span class='ocrx_word' id='word_1_631' title='bbox 480 4640 781 4709; x_wconf 77' lang='grc' dir='ltr'>ίερολογίας</span> <span class='ocrx_word' id='word_1_632' title='bbox 805 4644 866 4695; x_wconf 88' lang='grc' dir='ltr'>οὺ</span> <span class='ocrx_word' id='word_1_633' title='bbox 901 4643 1135 4711; x_wconf 87' lang='grc' dir='ltr'>γίνεται,</span> <span class='ocrx_word' id='word_1_634' title='bbox 1159 4645 1206 4696; x_wconf 84' lang='grc' dir='ltr'><strong>εί</strong></span> <span class='ocrx_word' id='word_1_635' title='bbox 1273 4643 1348 4713; x_wconf 82' lang='grc' dir='ltr'>μὴ</span> <span class='ocrx_word' id='word_1_636' title='bbox 1436 4641 1770 4714; x_wconf 83' lang='grc' dir='ltr'>πληρωθῶσι</span> <span class='ocrx_word' id='word_1_637' title='bbox 1818 4644 1887 4698; x_wconf 79' lang='grc' dir='ltr'><strong>τά</strong></span> 
     </span>
    </p>
   </div>
   <div class='ocr_carea' id='block_1_95' title="bbox 303 4730 1886 4804">
    <p class='ocr_par' dir='ltr' id='par_1_95' title="bbox 303 4730 1886 4804">
     <span class='ocr_line' id='line_1_95' title="bbox 303 4730 1886 4804; baseline 0.003 -20"><span class='ocrx_word' id='word_1_638' title='bbox 303 4730 405 4785; x_wconf 82' lang='grc' dir='ltr'>τοῦ</span> <span class='ocrx_word' id='word_1_639' title='bbox 502 4735 781 4803; x_wconf 80' lang='grc' dir='ltr'>ἐπιτιμίου</span> <span class='ocrx_word' id='word_1_640' title='bbox 850 4741 900 4802; x_wconf 88' lang='grc' dir='ltr'>γ’</span> <span class='ocrx_word' id='word_1_641' title='bbox 960 4734 1055 4804; x_wconf 79' lang='grc' dir='ltr'>ἔτη</span> <span class='ocrx_word' id='word_1_642' title='bbox 1127 4735 1159 4804; x_wconf 80' lang='grc' dir='ltr'>ἢ</span> <span class='ocrx_word' id='word_1_643' title='bbox 1228 4734 1380 4804; x_wconf 81' lang='grc' dir='ltr'>παρὰ</span> <span class='ocrx_word' id='word_1_644' title='bbox 1462 4733 1555 4787; x_wconf 78' lang='grc' dir='ltr'>τοῦ</span> <span class='ocrx_word' id='word_1_645' title='bbox 1654 4737 1886 4788; x_wconf 80' lang='grc' dir='ltr'>ἐπισκό-</span> 
     </span>
    </p>
   </div>
   <div class='ocr_carea' id='block_1_96' title="bbox 301 4825 1884 4897">
    <p class='ocr_par' dir='ltr' id='par_1_96' title="bbox 301 4825 1884 4897">
     <span class='ocr_line' id='line_1_96' title="bbox 301 4825 1884 4897; baseline 0.001 -20"><span class='ocrx_word' id='word_1_646' title='bbox 301 4842 410 4877; x_wconf 86' lang='grc' dir='ltr'>που</span> <span class='ocrx_word' id='word_1_647' title='bbox 472 4827 610 4892; x_wconf 81' lang='grc' dir='ltr'><strong>μετά</strong></span> <span class='ocrx_word' id='word_1_648' title='bbox 659 4827 758 4892; x_wconf 71' lang='grc' dir='ltr'>τὴν</span> <span class='ocrx_word' id='word_1_649' title='bbox 802 4825 1008 4878; x_wconf 80' lang='grc' dir='ltr'>οἰκείαν</span> <span class='ocrx_word' id='word_1_650' title='bbox 1089 4827 1368 4895; x_wconf 72' lang='grc' dir='ltr'>ἐπίκρισιν</span> <span class='ocrx_word' id='word_1_651' title='bbox 1461 4827 1884 4897; x_wconf 85' lang='grc' dir='ltr'>στενοχωρηθῶ-</span> 
     </span>
    </p>
   </div>
   <div class='ocr_carea' id='block_1_97' title="bbox 306 4915 1882 4989">
    <p class='ocr_par' dir='ltr' id='par_1_97' title="bbox 306 4915 1882 4989">
     <span class='ocr_line' id='line_1_97' title="bbox 306 4915 1882 4989; baseline 0.001 -20"><span class='ocrx_word' id='word_1_652' title='bbox 306 4933 420 4970; x_wconf 89' lang='grc' dir='ltr'>σιν.</span> <span class='ocrx_word' id='word_1_653' title='bbox 455 4915 781 4986; x_wconf 83' lang='grc' dir='ltr'>Ἱερολογίας</span> <span class='ocrx_word' id='word_1_654' title='bbox 849 4919 907 4989; x_wconf 66' lang='lat' dir='ltr'><strong>gs</strong></span> <span class='ocrx_word' id='word_1_655' title='bbox 980 4919 1372 4979; x_wconf 86' lang='grc' dir='ltr'>ἀνυποστάτως</span> <span class='ocrx_word' id='word_1_656' title='bbox 1455 4920 1758 4988; x_wconf 84' lang='grc' dir='ltr'>γενομένης</span> <span class='ocrx_word' id='word_1_657' title='bbox 1791 4921 1882 4971; x_wconf 77' lang='grc' dir='ltr'>ἐπὶ</span> 
     </span>
    </p>
   </div>
   <div class='ocr_carea' id='block_1_98' title="bbox 305 5009 1887 5090">
    <p class='ocr_par' dir='ltr' id='par_1_98' title="bbox 305 5009 1887 5090">
     <span class='ocr_line' id='line_1_98' title="bbox 305 5009 1887 5090; baseline 0.001 -28"><span class='ocrx_word' id='word_1_658' title='bbox 305 5009 497 5081; x_wconf 84' lang='grc' dir='ltr'>ἁνήϐῳ</span> <span class='ocrx_word' id='word_1_659' title='bbox 523 5010 679 5080; x_wconf 77' lang='grc' dir='ltr'>κόρῃ,</span> <span class='ocrx_word' id='word_1_660' title='bbox 721 5012 815 5062; x_wconf 73' lang='grc' dir='ltr'>καὶ</span> <span class='ocrx_word' id='word_1_661' title='bbox 847 5012 986 5080; x_wconf 85' lang='grc' dir='ltr'><strong>μετά</strong></span> <span class='ocrx_word' id='word_1_662' title='bbox 1034 5012 1207 5063; x_wconf 76' lang='grc' dir='ltr'>ταῦτα</span> <span class='ocrx_word' id='word_1_663' title='bbox 1251 5013 1361 5064; x_wconf 78' lang='grc' dir='ltr'>τῶν</span> <span class='ocrx_word' id='word_1_664' title='bbox 1394 5011 1650 5079; x_wconf 83' lang='grc' dir='ltr'>γαμικῶς</span> <span class='ocrx_word' id='word_1_665' title='bbox 1685 5013 1887 5090; x_wconf 70' lang='grc' dir='ltr'>ἱερολο-</span> 
     </span>
    </p>
   </div>
   <div class='ocr_carea' id='block_1_99' title="bbox 306 5100 1885 5173">
    <p class='ocr_par' dir='ltr' id='par_1_99' title="bbox 306 5100 1885 5173">
     <span class='ocr_line' id='line_1_99' title="bbox 306 5100 1885 5173; baseline 0.004 -22"><span class='ocrx_word' id='word_1_666' title='bbox 306 5100 593 5170; x_wconf 84' lang='grc' dir='ltr'>γηθέντων</span> <span class='ocrx_word' id='word_1_667' title='bbox 633 5103 988 5171; x_wconf 86' lang='grc' dir='ltr'>στοιχούντων</span> <span class='ocrx_word' id='word_1_668' title='bbox 1038 5104 1114 5173; x_wconf 84' lang='grc' dir='ltr'>τῷ</span> <span class='ocrx_word' id='word_1_669' title='bbox 1155 5102 1335 5171; x_wconf 79' lang='grc' dir='ltr'>γάμῳ,</span> <span class='ocrx_word' id='word_1_670' title='bbox 1370 5100 1705 5172; x_wconf 79' lang='grc' dir='ltr'>συνεζητήθη</span> <span class='ocrx_word' id='word_1_671' title='bbox 1747 5103 1885 5157; x_wconf 81' lang='grc' dir='ltr'><strong>είτά</strong></span> 
     </span>
    </p>
   </div>
   <div class='ocr_carea' id='block_1_100' title="bbox 300 5193 1881 5264">
    <p class='ocr_par' dir='ltr' id='par_1_100' title="bbox 300 5193 1881 5264">
     <span class='ocr_line' id='line_1_100' title="bbox 300 5193 1881 5264; baseline 0.002 -20"><span class='ocrx_word' id='word_1_672' title='bbox 300 5194 599 5261; x_wconf 78' lang='grc' dir='ltr'>τικτόμενα</span> <span class='ocrx_word' id='word_1_673' title='bbox 648 5193 706 5258; x_wconf 80' lang='grc' dir='ltr'>ἐξ</span> <span class='ocrx_word' id='word_1_674' title='bbox 736 5194 914 5245; x_wconf 81' lang='grc' dir='ltr'>αὐτῶν</span> <span class='ocrx_word' id='word_1_675' title='bbox 966 5195 1166 5264; x_wconf 77' lang='grc' dir='ltr'>γνήσιά</span> <span class='ocrx_word' id='word_1_676' title='bbox 1190 5197 1301 5246; x_wconf 77' lang='grc' dir='ltr'>εἰσι</span> <span class='ocrx_word' id='word_1_677' title='bbox 1328 5195 1422 5248; x_wconf 76' lang='grc' dir='ltr'>καὶ</span> <span class='ocrx_word' id='word_1_678' title='bbox 1453 5196 1686 5264; x_wconf 90' lang='grc' dir='ltr'>νόμιμα.</span> <span class='ocrx_word' id='word_1_679' title='bbox 1722 5196 1881 5247; x_wconf 81' lang='grc' dir='ltr'>Ἐλε-</span> 
     </span>
    </p>
   </div>
   <div class='ocr_carea' id='block_1_101' title="bbox 242 5284 1884 5359">
    <p class='ocr_par' dir='ltr' id='par_1_101' title="bbox 242 5284 1884 5359">
     <span class='ocr_line' id='line_1_101' title="bbox 242 5284 1884 5359; baseline 0.004 -26"><span class='ocrx_word' id='word_1_680' title='bbox 242 5323 249 5333; x_wconf 84' lang='grc'><strong><em>,</em></strong></span> <span class='ocrx_word' id='word_1_681' title='bbox 304 5294 405 5352; x_wconf 81' lang='grc' dir='ltr'><strong>γον</strong></span> <span class='ocrx_word' id='word_1_682' title='bbox 449 5286 556 5354; x_wconf 87' lang='grc' dir='ltr'><strong>γάρ</strong></span> <span class='ocrx_word' id='word_1_683' title='bbox 588 5301 729 5349; x_wconf 89' lang='grc' dir='ltr'>τινες</span> <span class='ocrx_word' id='word_1_684' title='bbox 766 5285 862 5350; x_wconf 83' lang='grc' dir='ltr'>ὡς,</span> <span class='ocrx_word' id='word_1_685' title='bbox 909 5287 1031 5338; x_wconf 83' lang='grc' dir='ltr'>ἐπεὶ</span> <span class='ocrx_word' id='word_1_686' title='bbox 1088 5287 1325 5357; x_wconf 83' lang='grc' dir='ltr'>ἀρχῆθεν</span> <span class='ocrx_word' id='word_1_687' title='bbox 1386 5288 1753 5350; x_wconf 81' lang='grc' dir='ltr'>ἀνυπόστατος</span> <span class='ocrx_word' id='word_1_688' title='bbox 1812 5284 1884 5359; x_wconf 76' lang='grc' dir='ltr'>ἦν</span> 
     </span>
    </p>
   </div>
   <div class='ocr_carea' id='block_1_102' title="bbox 304 5376 1879 5449">
    <p class='ocr_par' dir='ltr' id='par_1_102' title="bbox 304 5376 1879 5449">
     <span class='ocr_line' id='line_1_102' title="bbox 304 5376 1879 5449; baseline 0.006 -22"><span class='ocrx_word' id='word_1_689' title='bbox 304 5376 487 5444; x_wconf 85' lang='grc' dir='ltr'>γάμος</span> <span class='ocrx_word' id='word_1_690' title='bbox 511 5376 597 5429; x_wconf 84' lang='grc' dir='ltr'>διά</span> <span class='ocrx_word' id='word_1_691' title='bbox 619 5376 718 5446; x_wconf 82' lang='grc' dir='ltr'>τὴν</span> <span class='ocrx_word' id='word_1_692' title='bbox 745 5378 1055 5448; x_wconf 87' lang='grc' dir='ltr'>ἀνηϐότητα</span> <span class='ocrx_word' id='word_1_693' title='bbox 1082 5380 1177 5449; x_wconf 82' lang='grc' dir='ltr'>τῆς</span> <span class='ocrx_word' id='word_1_694' title='bbox 1237 5381 1423 5449; x_wconf 78' lang='grc' dir='ltr'>κόρης,</span> <span class='ocrx_word' id='word_1_695' title='bbox 1446 5379 1512 5433; x_wconf 83' lang='grc' dir='ltr'><strong>τά</strong></span> <span class='ocrx_word' id='word_1_696' title='bbox 1540 5379 1595 5431; x_wconf 85' lang='grc' dir='ltr'><strong>δὲ</strong></span> <span class='ocrx_word' id='word_1_697' title='bbox 1618 5380 1674 5443; x_wconf 77' lang='grc' dir='ltr'>ἐξ</span> <span class='ocrx_word' id='word_1_698' title='bbox 1705 5382 1879 5449; x_wconf 83' lang='grc' dir='ltr'>ἀρχῆς</span> 
     </span>
    </p>
   </div>
   <div class='ocr_carea' id='block_1_103' title="bbox 302 5469 1880 5541">
    <p class='ocr_par' dir='ltr' id='par_1_103' title="bbox 302 5469 1880 5541">
     <span class='ocr_line' id='line_1_103' title="bbox 302 5469 1880 5541; baseline 0.002 -19"><span class='ocrx_word' id='word_1_699' title='bbox 302 5469 657 5522; x_wconf 80' lang='grc' dir='ltr'>ἀνυπόστατα</span> <span class='ocrx_word' id='word_1_700' title='bbox 686 5472 871 5523; x_wconf 83' lang='grc' dir='ltr'>ἐκτῶν</span> <span class='ocrx_word' id='word_1_701' title='bbox 926 5474 1063 5541; x_wconf 83' lang='grc' dir='ltr'><strong>μετά</strong></span> <span class='ocrx_word' id='word_1_702' title='bbox 1108 5471 1281 5525; x_wconf 76' lang='grc' dir='ltr'>ταῦτα</span> <span class='ocrx_word' id='word_1_703' title='bbox 1324 5472 1740 5538; x_wconf 84' lang='grc' dir='ltr'>συμϐαινόντων</span> <span class='ocrx_word' id='word_1_704' title='bbox 1780 5474 1880 5525; x_wconf 80' lang='grc' dir='ltr'>καὶ</span> 
     </span>
    </p>
   </div>
   <div class='ocr_carea' id='block_1_104' title="bbox 306 5556 1878 5631">
    <p class='ocr_par' dir='ltr' id='par_1_104' title="bbox 306 5556 1878 5631">
     <span class='ocr_line' id='line_1_104' title="bbox 306 5556 1878 5631; baseline 0.001 -21"><span class='ocrx_word' id='word_1_705' title='bbox 306 5556 658 5627; x_wconf 74' lang='grc' dir='ltr'>βεϐαιοῦνται</span> <span class='ocrx_word' id='word_1_706' title='bbox 684 5558 865 5622; x_wconf 88' lang='grc' dir='ltr'>καθώς</span> <span class='ocrx_word' id='word_1_707' title='bbox 894 5561 923 5613; x_wconf 84' lang='grc' dir='ltr'><strong>ό</strong></span> <span class='ocrx_word' id='word_1_708' title='bbox 949 5562 1110 5629; x_wconf 87' lang='grc' dir='ltr'>νόμος</span> <span class='ocrx_word' id='word_1_709' title='bbox 1131 5561 1311 5629; x_wconf 68' lang='grc' dir='ltr'>φησιν,</span> <span class='ocrx_word' id='word_1_710' title='bbox 1347 5560 1404 5624; x_wconf 78' lang='grc' dir='ltr'>ἐξ</span> <span class='ocrx_word' id='word_1_711' title='bbox 1424 5560 1689 5627; x_wconf 86' lang='grc' dir='ltr'>ἀνάγκης,</span> <span class='ocrx_word' id='word_1_712' title='bbox 1715 5562 1761 5612; x_wconf 85' lang='grc' dir='ltr'><strong>εί</strong></span> <span class='ocrx_word' id='word_1_713' title='bbox 1801 5562 1878 5631; x_wconf 78' lang='grc' dir='ltr'><strong>μὴ</strong></span> 
     </span>
    </p>
   </div>
   <div class='ocr_carea' id='block_1_105' title="bbox 302 5646 1881 5719">
    <p class='ocr_par' dir='ltr' id='par_1_105' title="bbox 302 5646 1881 5719">
     <span class='ocr_line' id='line_1_105' title="bbox 302 5646 1881 5719; baseline -0.001 -18"><span class='ocrx_word' id='word_1_714' title='bbox 302 5648 535 5716; x_wconf 85' lang='grc' dir='ltr'>γένηται</span> <span class='ocrx_word' id='word_1_715' title='bbox 572 5646 804 5717; x_wconf 86' lang='grc' dir='ltr'>δευτέρα</span> <span class='ocrx_word' id='word_1_716' title='bbox 859 5649 1148 5719; x_wconf 85' lang='grc' dir='ltr'>ίερολογία,</span> <span class='ocrx_word' id='word_1_717' title='bbox 1183 5648 1303 5701; x_wconf 79' lang='grc' dir='ltr'>οὐδὲ</span> <span class='ocrx_word' id='word_1_718' title='bbox 1367 5648 1609 5715; x_wconf 88' lang='grc' dir='ltr'>νομίμως</span> <span class='ocrx_word' id='word_1_719' title='bbox 1658 5648 1881 5711; x_wconf 82' lang='grc' dir='ltr'>τούτους</span> 
     </span>
    </p>
   </div>
   <div class='ocr_carea' id='block_1_106' title="bbox 304 5739 1874 5806">
    <p class='ocr_par' dir='ltr' id='par_1_106' title="bbox 304 5739 1874 5806">
     <span class='ocr_line' id='line_1_106' title="bbox 304 5739 1874 5806; baseline 0 -13"><span class='ocrx_word' id='word_1_720' title='bbox 304 5739 684 5795; x_wconf 79' lang='grc' dir='ltr'>συνάπτεσθαι</span> <span class='ocrx_word' id='word_1_721' title='bbox 708 5742 854 5793; x_wconf 79' lang='grc' dir='ltr'>εἶποι</span> <span class='ocrx_word' id='word_1_722' title='bbox 880 5758 988 5805; x_wconf 86' lang='grc' dir='ltr'>τις.</span> <span class='ocrx_word' id='word_1_723' title='bbox 1024 5742 1097 5794; x_wconf 85' lang='grc' dir='ltr'>Τὸ</span> <span class='ocrx_word' id='word_1_724' title='bbox 1126 5741 1257 5793; x_wconf 73' lang='grc' dir='ltr'>αὐτὸ</span> <span class='ocrx_word' id='word_1_725' title='bbox 1309 5741 1365 5792; x_wconf 79' lang='grc' dir='ltr'>δὲ</span> <span class='ocrx_word' id='word_1_726' title='bbox 1418 5739 1605 5805; x_wconf 76' lang='grc' dir='ltr'>ελεγον</span> <span class='ocrx_word' id='word_1_727' title='bbox 1639 5739 1874 5806; x_wconf 69' lang='grc' dir='ltr'>ὀφείλειν</span> 
     </span>
    </p>
   </div>
   <div class='ocr_carea' id='block_1_107' title="bbox 300 5828 1875 5901">
    <p class='ocr_par' dir='ltr' id='par_1_107' title="bbox 300 5828 1875 5901">
     <span class='ocr_line' id='line_1_107' title="bbox 300 5828 1875 5901; baseline -0.003 -17"><span class='ocrx_word' id='word_1_728' title='bbox 300 5830 567 5901; x_wconf 80' lang='grc' dir='ltr'>γενέσθαι</span> <span class='ocrx_word' id='word_1_729' title='bbox 609 5832 704 5888; x_wconf 68' lang='grc' dir='ltr'>καὶ</span> <span class='ocrx_word' id='word_1_730' title='bbox 725 5834 802 5895; x_wconf 82' lang='grc' dir='ltr'><strong>είς</strong></span> <span class='ocrx_word' id='word_1_731' title='bbox 830 5831 927 5901; x_wconf 77' lang='grc' dir='ltr'>τὴν</span> <span class='ocrx_word' id='word_1_732' title='bbox 961 5831 1288 5896; x_wconf 75' lang='grc' dir='ltr'>ὑπεξουσίαν</span> <span class='ocrx_word' id='word_1_733' title='bbox 1314 5829 1413 5897; x_wconf 78' lang='grc' dir='ltr'>τὴν</span> <span class='ocrx_word' id='word_1_734' title='bbox 1450 5829 1599 5897; x_wconf 62' lang='grc' dir='ltr'>ταρὰ</span> <span class='ocrx_word' id='word_1_735' title='bbox 1648 5828 1875 5897; x_wconf 56' lang='grc' dir='ltr'>γιώμη)</span> 
     </span>
    </p>
   </div>
   <div class='ocr_carea' id='block_1_108' title="bbox 1990 4636 3580 4703">
    <p class='ocr_par' dir='ltr' id='par_1_108' title="bbox 1990 4636 3580 4703">
     <span class='ocr_line' id='line_1_108' title="bbox 1990 4636 3580 4703; baseline -0.001 -11"><span class='ocrx_word' id='word_1_736' title='bbox 1990 4638 2145 4703; x_wconf 89' lang='lat' dir='ltr'><strong>rint,</strong></span> <span class='ocrx_word' id='word_1_737' title='bbox 2194 4653 2305 4692; x_wconf 89' lang='lat' dir='ltr'><strong>non</strong></span> <span class='ocrx_word' id='word_1_738' title='bbox 2370 4639 2459 4693; x_wconf 74' lang='lat' dir='ltr'><strong>lict</strong></span> <span class='ocrx_word' id='word_1_739' title='bbox 2509 4636 2919 4691; x_wconf 88' lang='lat' dir='ltr'><strong>matrimonium</strong></span> <span class='ocrx_word' id='word_1_740' title='bbox 2980 4652 3104 4697; x_wconf 87' lang='lat' dir='ltr'><strong>cum</strong></span> <span class='ocrx_word' id='word_1_741' title='bbox 3176 4654 3335 4696; x_wconf 83' lang='lat' dir='ltr'><strong>sacra</strong></span> <span class='ocrx_word' id='word_1_742' title='bbox 3403 4642 3580 4699; x_wconf 58' lang='lat' dir='ltr'><strong>bene.</strong></span> 
     </span>
    </p>
   </div>
   <div class='ocr_carea' id='block_1_109' title="bbox 1992 4728 3571 4800">
    <p class='ocr_par' dir='ltr' id='par_1_109' title="bbox 1992 4728 3571 4800">
     <span class='ocr_line' id='line_1_109' title="bbox 1992 4728 3571 4800; baseline 0.003 -17"><span class='ocrx_word' id='word_1_743' title='bbox 1992 4728 2228 4783; x_wconf 90' lang='lat' dir='ltr'><strong>dictione</strong></span> <span class='ocrx_word' id='word_1_744' title='bbox 2288 4729 2387 4782; x_wconf 88' lang='lat' dir='ltr'><strong>ulsi</strong></span> <span class='ocrx_word' id='word_1_745' title='bbox 2450 4736 2559 4782; x_wconf 89' lang='lat' dir='ltr'><strong>tres</strong></span> <span class='ocrx_word' id='word_1_746' title='bbox 2613 4729 2947 4798; x_wconf 74' lang='lat' dir='ltr'><strong>ptenitentite</strong></span> <span class='ocrx_word' id='word_1_747' title='bbox 3007 4730 3132 4785; x_wconf 83' lang='lat' dir='ltr'><strong>anni</strong></span> <span class='ocrx_word' id='word_1_748' title='bbox 3178 4734 3385 4800; x_wconf 85' lang='lat' dir='ltr'><strong>expleti</strong></span> <span class='ocrx_word' id='word_1_749' title='bbox 3448 4737 3571 4789; x_wconf 88' lang='lat' dir='ltr'><strong>lue-</strong></span> 
     </span>
    </p>
   </div>
   <div class='ocr_carea' id='block_1_110' title="bbox 1991 4821 3575 4891">
    <p class='ocr_par' dir='ltr' id='par_1_110' title="bbox 1991 4821 3575 4891">
     <span class='ocr_line' id='line_1_110' title="bbox 1991 4821 3575 4891; baseline 0.003 -16"><span class='ocrx_word' id='word_1_750' title='bbox 1991 4823 2138 4885; x_wconf 90' lang='lat' dir='ltr'><strong>rint,</strong></span> <span class='ocrx_word' id='word_1_751' title='bbox 2196 4821 2277 4875; x_wconf 84' lang='lat' dir='ltr'><strong>vel</strong></span> <span class='ocrx_word' id='word_1_752' title='bbox 2316 4822 2384 4875; x_wconf 88' lang='lat' dir='ltr'><strong>ab</strong></span> <span class='ocrx_word' id='word_1_753' title='bbox 2435 4823 2694 4890; x_wconf 87' lang='lat' dir='ltr'><strong>episcopo</strong></span> <span class='ocrx_word' id='word_1_754' title='bbox 2741 4836 2840 4891; x_wconf 87' lang='lat' dir='ltr'><strong>pro</strong></span> <span class='ocrx_word' id='word_1_755' title='bbox 2889 4837 2990 4875; x_wconf 86' lang='lat' dir='ltr'><strong>suo</strong></span> <span class='ocrx_word' id='word_1_756' title='bbox 3033 4824 3295 4878; x_wconf 88' lang='lat' dir='ltr'><strong>arbitratu</strong></span> <span class='ocrx_word' id='word_1_757' title='bbox 3334 4826 3399 4879; x_wconf 87' lang='lat' dir='ltr'><strong>ad</strong></span> <span class='ocrx_word' id='word_1_758' title='bbox 3435 4834 3575 4881; x_wconf 84' lang='lat' dir='ltr'><strong>tem-</strong></span> 
     </span>
    </p>
   </div>
   <div class='ocr_carea' id='block_1_111' title="bbox 1990 4912 3568 4983">
    <p class='ocr_par' dir='ltr' id='par_1_111' title="bbox 1990 4912 3568 4983">
     <span class='ocr_line' id='line_1_111' title="bbox 1990 4912 3568 4983; baseline 0.002 -17"><span class='ocrx_word' id='word_1_759' title='bbox 1990 4930 2091 4983; x_wconf 90' lang='lat' dir='ltr'><strong>pus</strong></span> <span class='ocrx_word' id='word_1_760' title='bbox 2158 4915 2373 4968; x_wconf 82' lang='lat' dir='ltr'><strong>brevius</strong></span> <span class='ocrx_word' id='word_1_761' title='bbox 2449 4912 2653 4967; x_wconf 86' lang='lat' dir='ltr'><strong>redacti</strong></span> <span class='ocrx_word' id='word_1_762' title='bbox 2731 4916 2861 4968; x_wconf 80' lang='lat' dir='ltr'><strong>sint.</strong></span> <span class='ocrx_word' id='word_1_763' title='bbox 2906 4913 3041 4969; x_wconf 84' lang='lat' dir='ltr'><strong>Cum</strong></span> <span class='ocrx_word' id='word_1_764' title='bbox 3106 4926 3285 4969; x_wconf 88' lang='lat' dir='ltr'><strong>autem</strong></span> <span class='ocrx_word' id='word_1_765' title='bbox 3339 4917 3568 4969; x_wconf 83' lang='lat' dir='ltr'><strong>benedi-</strong></span> 
     </span>
    </p>
   </div>
   <div class='ocr_carea' id='block_1_112' title="bbox 1988 5003 3573 5083">
    <p class='ocr_par' dir='ltr' id='par_1_112' title="bbox 1988 5003 3573 5083">
     <span class='ocr_line' id='line_1_112' title="bbox 1988 5003 3573 5083; baseline 0.001 -23"><span class='ocrx_word' id='word_1_766' title='bbox 1988 5008 2118 5069; x_wconf 88' lang='lat' dir='ltr'><strong>ctio,</strong></span> <span class='ocrx_word' id='word_1_767' title='bbox 2144 5020 2264 5073; x_wconf 76' lang='lat' dir='ltr'><strong>qua:</strong></span> <span class='ocrx_word' id='word_1_768' title='bbox 2292 5003 2593 5059; x_wconf 81' lang='lat' dir='ltr'><strong>consistere</strong></span> <span class='ocrx_word' id='word_1_769' title='bbox 2619 5018 2723 5057; x_wconf 91' lang='lat' dir='ltr'><strong>non</strong></span> <span class='ocrx_word' id='word_1_770' title='bbox 2749 5015 2959 5083; x_wconf 79' lang='lat' dir='ltr'><strong>poterat</strong></span> <span class='ocrx_word' id='word_1_771' title='bbox 2984 5006 3034 5057; x_wconf 91' lang='lat' dir='ltr'><strong>in</strong></span> <span class='ocrx_word' id='word_1_772' title='bbox 3057 5006 3334 5074; x_wconf 85' lang='lat' dir='ltr'><strong>impubere</strong></span> <span class='ocrx_word' id='word_1_773' title='bbox 3359 5006 3533 5074; x_wconf 88' lang='lat' dir='ltr'><strong>puella</strong></span> <span class='ocrx_word' id='word_1_774' title='bbox 3550 5047 3573 5073; x_wconf 84' lang='lat'><strong>,</strong></span> 
     </span>
    </p>
   </div>
   <div class='ocr_carea' id='block_1_113' title="bbox 1988 5097 3568 5167">
    <p class='ocr_par' dir='ltr' id='par_1_113' title="bbox 1988 5097 3568 5167">
     <span class='ocr_line' id='line_1_113' title="bbox 1988 5097 3568 5167; baseline 0.002 -16"><span class='ocrx_word' id='word_1_775' title='bbox 1988 5101 2131 5153; x_wconf 82' lang='lat' dir='ltr'><strong>Iacta</strong></span> <span class='ocrx_word' id='word_1_776' title='bbox 2187 5106 2349 5163; x_wconf 87' lang='lat' dir='ltr'><strong>esset,</strong></span> <span class='ocrx_word' id='word_1_777' title='bbox 2396 5106 2451 5150; x_wconf 89' lang='lat' dir='ltr'><strong>et</strong></span> <span class='ocrx_word' id='word_1_778' title='bbox 2493 5107 2675 5163; x_wconf 83' lang='lat' dir='ltr'><strong>postea</strong></span> <span class='ocrx_word' id='word_1_779' title='bbox 2716 5097 2811 5167; x_wconf 81' lang='lat' dir='ltr'><strong>qui</strong></span> <span class='ocrx_word' id='word_1_780' title='bbox 2871 5098 3347 5151; x_wconf 81' lang='lat' dir='ltr'><strong>matrimonialiter</strong></span> <span class='ocrx_word' id='word_1_781' title='bbox 3405 5100 3568 5154; x_wconf 80' lang='lat' dir='ltr'><strong>bene-</strong></span> 
     </span>
    </p>
   </div>
   <div class='ocr_carea' id='block_1_114' title="bbox 1988 5186 3568 5259">
    <p class='ocr_par' dir='ltr' id='par_1_114' title="bbox 1988 5186 3568 5259">
     <span class='ocr_line' id='line_1_114' title="bbox 1988 5186 3568 5259; baseline 0.001 -15"><span class='ocrx_word' id='word_1_782' title='bbox 1988 5190 2117 5244; x_wconf 88' lang='lat' dir='ltr'><strong>dicti</strong></span> <span class='ocrx_word' id='word_1_783' title='bbox 2151 5186 2500 5242; x_wconf 88' lang='lat' dir='ltr'><strong>matrimonio</strong></span> <span class='ocrx_word' id='word_1_784' title='bbox 2550 5203 2764 5259; x_wconf 87' lang='lat' dir='ltr'><strong>quoque</strong></span> <span class='ocrx_word' id='word_1_785' title='bbox 2787 5188 2962 5257; x_wconf 89' lang='lat' dir='ltr'><strong>juncti</strong></span> <span class='ocrx_word' id='word_1_786' title='bbox 3002 5188 3132 5253; x_wconf 88' lang='lat' dir='ltr'><strong>sint,</strong></span> <span class='ocrx_word' id='word_1_787' title='bbox 3167 5191 3450 5258; x_wconf 59' lang='lat' dir='ltr'><strong>quaesitum</strong></span> <span class='ocrx_word' id='word_1_788' title='bbox 3480 5200 3568 5245; x_wconf 87' lang='lat' dir='ltr'><strong>est</strong></span> 
     </span>
    </p>
   </div>
   <div class='ocr_carea' id='block_1_115' title="bbox 1984 5278 3559 5351">
    <p class='ocr_par' dir='ltr' id='par_1_115' title="bbox 1984 5278 3559 5351">
     <span class='ocr_line' id='line_1_115' title="bbox 1984 5278 3559 5351; baseline -0.001 -14"><span class='ocrx_word' id='word_1_789' title='bbox 1984 5298 2055 5337; x_wconf 81' lang='lat' dir='ltr'><strong>an</strong></span> <span class='ocrx_word' id='word_1_790' title='bbox 2094 5283 2183 5348; x_wconf 77' lang='lat' dir='ltr'><strong>qui</strong></span> <span class='ocrx_word' id='word_1_791' title='bbox 2212 5296 2277 5333; x_wconf 82' lang='lat' dir='ltr'><strong>ex</strong></span> <span class='ocrx_word' id='word_1_792' title='bbox 2312 5278 2389 5334; x_wconf 88' lang='lat' dir='ltr'><strong>eis</strong></span> <span class='ocrx_word' id='word_1_793' title='bbox 2426 5289 2727 5333; x_wconf 79' lang='lat' dir='ltr'><strong>ItaSCllﬂllll‘</strong></span> <span class='ocrx_word' id='word_1_794' title='bbox 2775 5280 2883 5333; x_wconf 89' lang='lat' dir='ltr'><strong>sint</strong></span> <span class='ocrx_word' id='word_1_795' title='bbox 2919 5282 3160 5347; x_wconf 91' lang='lat' dir='ltr'><strong>germani</strong></span> <span class='ocrx_word' id='word_1_796' title='bbox 3212 5296 3272 5335; x_wconf 87' lang='lat' dir='ltr'><strong>ac</strong></span> <span class='ocrx_word' id='word_1_797' title='bbox 3314 5282 3559 5351; x_wconf 83' lang='lat' dir='ltr'><strong>legitimi.</strong></span> 
     </span>
    </p>
   </div>
   <div class='ocr_carea' id='block_1_116' title="bbox 1984 5372 3564 5441">
    <p class='ocr_par' dir='ltr' id='par_1_116' title="bbox 1984 5372 3564 5441">
     <span class='ocr_line' id='line_1_116' title="bbox 1984 5372 3564 5441; baseline -0.004 -10"><span class='ocrx_word' id='word_1_798' title='bbox 1984 5376 2248 5431; x_wconf 87' lang='lat' dir='ltr'><strong>Dicebant</strong></span> <span class='ocrx_word' id='word_1_799' title='bbox 2300 5373 2445 5425; x_wconf 89' lang='lat' dir='ltr'><strong>enim</strong></span> <span class='ocrx_word' id='word_1_800' title='bbox 2490 5372 2731 5425; x_wconf 88' lang='lat' dir='ltr'><strong>nonnulli</strong></span> <span class='ocrx_word' id='word_1_801' title='bbox 2763 5375 2929 5440; x_wconf 86' lang='lat' dir='ltr'><strong>quod,</strong></span> <span class='ocrx_word' id='word_1_802' title='bbox 2985 5373 3238 5441; x_wconf 80' lang='lat' dir='ltr'><strong>quoniam</strong></span> <span class='ocrx_word' id='word_1_803' title='bbox 3283 5374 3564 5427; x_wconf 79' lang='lat' dir='ltr'><strong>matrimo-</strong></span> 
     </span>
    </p>
   </div>
   <div class='ocr_carea' id='block_1_117' title="bbox 1983 5464 3558 5533">
    <p class='ocr_par' dir='ltr' id='par_1_117' title="bbox 1983 5464 3558 5533">
     <span class='ocr_line' id='line_1_117' title="bbox 1983 5464 3558 5533; baseline -0.004 -10"><span class='ocrx_word' id='word_1_804' title='bbox 1983 5470 2133 5524; x_wconf 84' lang='lat' dir='ltr'><strong>nium</strong></span> <span class='ocrx_word' id='word_1_805' title='bbox 2171 5466 2235 5517; x_wconf 86' lang='lat' dir='ltr'><strong>ab</strong></span> <span class='ocrx_word' id='word_1_806' title='bbox 2270 5464 2421 5516; x_wconf 88' lang='lat' dir='ltr'><strong>initio</strong></span> <span class='ocrx_word' id='word_1_807' title='bbox 2464 5479 2565 5514; x_wconf 85' lang='lat' dir='ltr'><strong>non</strong></span> <span class='ocrx_word' id='word_1_808' title='bbox 2591 5464 2930 5516; x_wconf 70' lang='lat' dir='ltr'><strong>cmrsistebat</strong></span> <span class='ocrx_word' id='word_1_809' title='bbox 2970 5474 3187 5532; x_wconf 78' lang='lat' dir='ltr'><strong>propter</strong></span> <span class='ocrx_word' id='word_1_810' title='bbox 3225 5466 3413 5533; x_wconf 68' lang='lat' dir='ltr'><strong>puellae</strong></span> <span class='ocrx_word' id='word_1_811' title='bbox 3457 5467 3558 5518; x_wconf 87' lang='lat' dir='ltr'><strong>itu-</strong></span> 
     </span>
    </p>
   </div>
   <div class='ocr_carea' id='block_1_118' title="bbox 1982 5552 3557 5627">
    <p class='ocr_par' dir='ltr' id='par_1_118' title="bbox 1982 5552 3557 5627">
     <span class='ocr_line' id='line_1_118' title="bbox 1982 5552 3557 5627; baseline -0.001 -17"><span class='ocrx_word' id='word_1_812' title='bbox 1982 5560 2319 5627; x_wconf 85' lang='lat' dir='ltr'><strong>pubertatem</strong></span> <span class='ocrx_word' id='word_1_813' title='bbox 2348 5552 2492 5623; x_wconf 63' lang='lat' dir='ltr'><strong>(Quae</strong></span> <span class='ocrx_word' id='word_1_814' title='bbox 2536 5563 2717 5607; x_wconf 78' lang='lat' dir='ltr'><strong>autem</strong></span> <span class='ocrx_word' id='word_1_815' title='bbox 2754 5553 2823 5605; x_wconf 84' lang='lat' dir='ltr'><strong>al)</strong></span> <span class='ocrx_word' id='word_1_816' title='bbox 2867 5554 3023 5607; x_wconf 85' lang='lat' dir='ltr'><strong>initio</strong></span> <span class='ocrx_word' id='word_1_817' title='bbox 3057 5571 3160 5608; x_wconf 90' lang='lat' dir='ltr'><strong>non</strong></span> <span class='ocrx_word' id='word_1_818' title='bbox 3208 5559 3557 5619; x_wconf 65' lang='lat' dir='ltr'><strong>consistunt,</strong></span> 
     </span>
    </p>
   </div>
   <div class='ocr_carea' id='block_1_119' title="bbox 1978 5647 3559 5717">
    <p class='ocr_par' dir='ltr' id='par_1_119' title="bbox 1978 5647 3559 5717">
     <span class='ocr_line' id='line_1_119' title="bbox 1978 5647 3559 5717; baseline 0.002 -21"><span class='ocrx_word' id='word_1_819' title='bbox 1978 5667 2044 5705; x_wconf 75' lang='lat' dir='ltr'><strong>ex</strong></span> <span class='ocrx_word' id='word_1_820' title='bbox 2079 5652 2144 5704; x_wconf 84' lang='lat' dir='ltr'><strong>iis</strong></span> <span class='ocrx_word' id='word_1_821' title='bbox 2171 5662 2290 5717; x_wconf 66' lang='lat' dir='ltr'><strong>qua:</strong></span> <span class='ocrx_word' id='word_1_822' title='bbox 2315 5657 2495 5714; x_wconf 82' lang='lat' dir='ltr'><strong>postea</strong></span> <span class='ocrx_word' id='word_1_823' title='bbox 2529 5649 2783 5699; x_wconf 78' lang='lat' dir='ltr'><strong>eveniunt</strong></span> <span class='ocrx_word' id='word_1_824' title='bbox 2804 5659 2907 5697; x_wconf 88' lang='lat' dir='ltr'><strong>non</strong></span> <span class='ocrx_word' id='word_1_825' title='bbox 2927 5647 3341 5709; x_wconf 80' lang='lat' dir='ltr'><strong>conﬁrmantur,</strong></span> <span class='ocrx_word' id='word_1_826' title='bbox 3368 5662 3559 5713; x_wconf 77' lang='lat' dir='ltr'><strong>quem-</strong></span> 
     </span>
    </p>
   </div>
   <div class='ocr_carea' id='block_1_120' title="bbox 1980 5735 3551 5804">
    <p class='ocr_par' dir='ltr' id='par_1_120' title="bbox 1980 5735 3551 5804">
     <span class='ocr_line' id='line_1_120' title="bbox 1980 5735 3551 5804; baseline -0.006 -9"><span class='ocrx_word' id='word_1_827' title='bbox 1980 5742 2272 5795; x_wconf 82' lang='lat' dir='ltr'><strong>admodum</strong></span> <span class='ocrx_word' id='word_1_828' title='bbox 2330 5737 2409 5790; x_wconf 76' lang='lat' dir='ltr'><strong>lcx</strong></span> <span class='ocrx_word' id='word_1_829' title='bbox 2462 5736 2613 5804; x_wconf 88' lang='lat' dir='ltr'><strong>dicit)</strong></span> <span class='ocrx_word' id='word_1_830' title='bbox 2680 5737 3007 5793; x_wconf 88' lang='lat' dir='ltr'><strong>necessario.</strong></span> <span class='ocrx_word' id='word_1_831' title='bbox 3043 5736 3142 5787; x_wconf 84' lang='lat' dir='ltr'><strong>nisi</strong></span> <span class='ocrx_word' id='word_1_832' title='bbox 3181 5735 3269 5787; x_wconf 83' lang='lat' dir='ltr'><strong>ﬁat</strong></span> <span class='ocrx_word' id='word_1_833' title='bbox 3318 5738 3551 5788; x_wconf 77' lang='lat' dir='ltr'><strong>secunda</strong></span> 
     </span>
    </p>
   </div>
   <div class='ocr_carea' id='block_1_121' title="bbox 1979 5827 3555 5897">
    <p class='ocr_par' dir='ltr' id='par_1_121' title="bbox 1979 5827 3555 5897">
     <span class='ocr_line' id='line_1_121' title="bbox 1979 5827 3555 5897; baseline -0.004 -10"><span class='ocrx_word' id='word_1_834' title='bbox 1979 5832 2325 5893; x_wconf 74' lang='lat' dir='ltr'><strong>bettediCt&#39;tt,</strong></span> <span class='ocrx_word' id='word_1_835' title='bbox 2379 5844 2474 5882; x_wconf 77' lang='lat' dir='ltr'><strong>nec</strong></span> <span class='ocrx_word' id='word_1_836' title='bbox 2534 5843 2629 5883; x_wconf 77' lang='lat' dir='ltr'><strong>eos</strong></span> <span class='ocrx_word' id='word_1_837' title='bbox 2676 5827 2909 5897; x_wconf 78' lang='lat' dir='ltr'><strong>legitime</strong></span> <span class='ocrx_word' id='word_1_838' title='bbox 2963 5828 3175 5894; x_wconf 70' lang='lat' dir='ltr'><strong>quidm:</strong></span> <span class='ocrx_word' id='word_1_839' title='bbox 3238 5828 3555 5892; x_wconf 75' lang='lat' dir='ltr'><strong>cuujthtos</strong></span> 
     </span>
    </p>
   </div>
  </div>
