4096 6456
677 373 779 436 711

1928 381 2183 440 THEOD
2240 381 2326 440 ΒΑ
2341 385 2639 446 LSAMON

3810 398 3920 456 712

679 495 908 540 nentur:
949 486 1216 553 posterior
1264 494 1441 538 autem
1498 484 1779 539 convictus
1818 501 1973 554 poena
2014 489 2238 541 carebit.

2349 508 2542 554 στατος
2558 500 2732 562 γάμος
2757 495 2851 562 τῆς
2875 496 3068 562 δούλης
3090 496 3356 566 στηριχθῇ
3385 498 3417 566 ἢ
3443 497 3581 565 μετά
3599 498 3920 567 ἐλευθερίαν

682 576 744 627 Et
769 576 879 627 haec
911 573 1123 640 quidem
1149 575 1362 642 quando
1410 573 1616 627 ancilla:
1647 576 2072 640 matrimonium,
2098 579 2240 642 quod

677 668 980 719 consistere
1015 681 1100 715 no.
1204 679 1250 710 ,:.
1285 684 1342 729 μ,
1373 663 1536 718 fuerit
1561 666 1968 728 confirmatum,
2013 669 2092 721 vel
2125 679 2242 735 post

676 760 790 825 ejus
823 757 1147 821 libertatem,
1181 762 1257 812 vel
1292 766 1411 826 post
1467 759 1816 812 manifestum
1868 761 2070 814 domini
2118 777 2244 814 cou-

678 863 922 911 sensum,
981 862 1138 917 quem
1194 849 1357 902 etiam
1422 849 1580 910 tacita
1637 850 1860 905 libertas
1934 855 2244 905 necessario

677 940 1052 1006 consequitur.
1086 939 1221 1004 Quid
1268 939 1492 992 autem?
1540 940 1755 1002 ancilla,
1797 957 1915 1010 quae
1963 957 2086 997 vere
2133 960 2244 995 tna-

680 1028 930 1081 trirlonio
961 1027 1247 1094 conjuncta
1279 1036 1364 1081 est
1384 1028 1605 1080 domino
1634 1031 1840 1082 sciente
1867 1041 1922 1084 et
1964 1047 2068 1085 non
2109 1048 2242 1085 con—

679 1115 1002 1182 tradicente,
1060 1125 1118 1170 ut
1166 1115 1488 1168 foruicatrix
1548 1118 1920 1184 reputabitur,
1981 1133 2045 1172 eo
2105 1121 2242 1189 quod

681 1205 930 1259 dominus
975 1222 1079 1260 non
1113 1223 1155 1255 υέ
1223 1206 1466 1267 ~~=serit,
1519 1210 1741 1258 annon?
1802 1207 1913 1262 Sol.
1977 1224 2096 1278 cap.
2151 1210 2242 1272 ιγ,

681 1300 763 1351 tit.
802 1298 856 1361 4,
889 1297 981 1352 lib.
1022 1314 1168 1351 xxx“
1234 1315 1344 1350 “ac
1393 1297 1524 1349 dicit
1567 1313 1844 1364 expresse.
1889 1300 1942 1352 Si
1992 1302 2113 1369 quis
2143 1317 2244 1354 an-

678 1389 852 1440 cillam
883 1404 1034 1442 suam
1072 1400 1295 1456 nuptum
1346 1387 1566 1450 locavit,
1601 1389 1691 1454 qui
1751 1398 1927 1442 autem
1965 1389 2098 1443 liber
2140 1401 2240 1453 est,

675 1488 729 1533 et
759 1479 952 1532 locanti
987 1479 1086 1532 fide
1113 1480 1260 1542 data,
1315 1494 1432 1532 eam
1477 1481 1708 1547 accepit,
1769 1493 1822 1534 et
1866 1482 2004 1535 forte
2067 1481 2230 1536 etiam

678 1570 952 1625 dotalibus
986 1571 1246 1622 confectis
1280 1571 1679 1632 instrumentis,
1721 1572 1806 1625 vel
1854 1588 1959 1626 non
1983 1571 2245 1626 confectis

677 1658 915 1725 quidem,
952 1658 1045 1711 sed
1081 1657 1196 1724 ejus
1255 1670 1434 1712 tamen
1479 1661 1759 1715 voluntate
1799 1678 1911 1716 rem
1965 1664 2242 1717 tractavit.

675 1764 782 1801 non
809 1742 1008 1815 justum
1036 1748 1195 1802 fuerit
1229 1749 1364 1803 tales
1389 1765 1492 1803 non
1521 1753 1844 1805 conlirmare
1886 1763 2120 1822 nuptias,
2151 1761 2243 1806 sed

674 1839 836 1890 etiam
875 1838 1092 1891 tacitam
1142 1837 1471 1900 libertatem,
1519 1840 1634 1892 sive
1684 1841 1822 1903 viro,
1872 1843 1984 1894 sive
2033 1841 2243 1895 mulieri
2281 1824 2320 1878 Β

675 1926 1001 1982 convenire:
1030 1936 1082 1978 et
1115 1941 1239 1977 cum
1273 1924 1377 1978 tale
1410 1927 1539 1993 quid
1581 1943 1610 1980 a
1654 1928 1872 1981 domino
1925 1930 2121 1981 factum
2149 1928 2242 1994 sit,

675 2032 796 2068 eum
852 2031 1080 2083 eamque
1129 2015 1473 2069 decernimus
1509 2017 1576 2070 ad
1640 2018 2020 2086 ingenuitatem
2054 2021 2240 2088 arripi,

677 2121 897 2174 remque
922 2117 1174 2173 tanquam
1244 2107 1295 2158 in
1358 2107 1540 2160 liberis
1590 2121 1641 2160 et
1702 2111 1947 2178 ingenuis
1990 2112 2241 2177 judicari.

678 2196 734 2247 Si
777 2206 956 2248 autem
981 2194 1094 2262 ipse
1129 2193 1345 2260 quidem
1377 2193 1688 2246 alterutrius
1713 2211 1956 2262 personae
1984 2198 2243 2251 dominus

677 2285 1082 2340 matrimonium
1116 2298 1220 2336 non
1283 2283 1650 2346 constituerit,
1717 2299 1835 2338 cum
1901 2302 2026 2340 vero
2081 2289 2246 2343 sciret

677 2379 822 2444 quod
858 2378 1017 2430 ﬁebat
1067 2377 1114 2427 ‘e
1142 2374 1408 2427 industria
1455 2375 1672 2438 celavit,
1729 2385 1784 2428 ut
1832 2377 2091 2433 adversus
2121 2395 2249 2432 con-

673 2468 983 2536 junctorum
1077 2464 1386 2516 tlterutrum
1432 2465 1701 2533 negotium
1741 2475 1926 2532 postea
1970 2471 2246 2522 consarci-

677 2567 876 2619 naret,
936 2555 1197 2622 ejusmodi
1265 2553 1482 2621 quidem
1540 2555 1909 2617 maleﬁcium,
1976 2559 2242 2627 siquidem

680 2648 826 2702 clare
882 2653 1158 2698 ostensum
1204 2643 1386 2708 fuerit,
1423 2646 1701 2712 punimus,
1751 2657 1804 2700 et
1860 2650 1939 2703 eis
1985 2653 2078 2718 qui
2138 2661 2244 2704 tam

681 2736 985 2804 improbum
1021 2735 1308 2789 consilium
1343 2745 1625 2802 ceperunt,
1688 2739 1982 2792 dominium
2044 2741 2245 2796 auferi-

681 2842 818 2888 mus,
841 2836 896 2878 et
926 2827 1025 2878 ltoc
1056 2827 1128 2878 sit
1154 2839 1342 2877 rursus
1370 2839 1587 2893 quoque
1647 2832 2066 2894 matrimonium,
2125 2847 2247 2898 pro-

683 2916 808 2970 inde
837 2930 901 2969 ac
940 2915 982 2968 si
1010 2915 1056 2970 is
1103 2916 1463 2970 consensisset
1491 2917 1568 2970 ab
1602 2917 1756 2972 initio
1781 2921 1869 2986 qui
1917 2924 2244 2988 possidebat.

677 3009 748 3059 At
799 2996 885 3060 ille
923 3008 1134 3074 quidem
1160 3021 1189 3058 a
1221 3008 1463 3059 dontinio
1508 3009 1764 3062 excidat:
1822 3027 2008 3066 rursus
2062 3025 2242 3068 autem

679 3112 870 3150 servus
894 3098 958 3149 ad
1001 3097 1388 3166 ingenuitatem
1443 3100 1700 3164 rapiatur.
1753 3102 1884 3154 Cum
1943 3104 2042 3158 Itoc
2073 3106 2246 3174 itaque

687 3187 889 3250 evenit,
923 3185 1005 3238 vel
1041 3186 1081 3237 si
1120 3186 1416 3247 consensit,
1446 3188 1528 3238 vel
1562 3188 1604 3240 si
1660 3188 1902 3257 improbe
1934 3192 2102 3258 gessit
2151 3195 2245 3244 do-

681 3275 881 3337 minus,
925 3272 1128 3326 clarum
1163 3282 1261 3336 est,
1297 3273 1438 3341 quod
1480 3276 1570 3341 qui
1631 3288 1696 3327 ex
1757 3278 1839 3330 liis
1892 3281 2248 3332 matrimuniis

683 3367 793 3418 nati
824 3375 968 3427 sunt,
1001 3374 1157 3417 erunt
1187 3380 1251 3416 ex
1295 3365 1396 3416 hac
1442 3374 1624 3419 nostra
1659 3366 1774 3435 lege
1807 3367 1958 3421 liberi
1996 3381 2048 3421 et
2102 3374 2249 3438 inge-

681 3453 794 3506 nui.
858 3453 922 3506 Et
977 3454 1228 3519 quoniam
1284 3467 1348 3505 ex
1394 3452 1495 3506 hoc
1531 3462 1771 3522 apparet,
1834 3459 1898 3509 ad
1951 3458 2247 3513 libertatem

679 3545 844 3613 arripi
877 3547 1149 3606 ancillam,
1182 3560 1300 3609 qua:
1327 3560 1446 3597 cum
1478 3545 1681 3599 domini
1738 3551 2021 3602 tolerantia
2063 3557 2243 3620 nupsit

679 3635 866 3696 libero,
919 3637 1007 3702 qui
1038 3635 1310 3703 conjuncti
1346 3645 1474 3687 sunt
1508 3636 1650 3689 nulla
1693 3651 1848 3704 pinna
1891 3639 2001 3709 99
2066 3644 2244 3696 affecti

679 3729 1164 3780 conservabuntur.
1193 3726 1344 3791 Quod
1379 3728 1521 3778 enim
1563 3728 1628 3780 ad
1659 3738 1894 3783 veterem
1939 3735 2108 3800 legem
2167 3746 2248 3786 at-

681 3815 836 3877 tinet,
874 3831 988 3882 qua:
1023 3817 1420 3868 matrimonium
1458 3818 1571 3870 solo
1603 3833 1867 3872 consensu
1914 3821 2030 3876 ﬁeri
2062 3835 2248 3877 decer-

679 3907 779 3966 nit,
811 3903 1074 3971 ejusmodi
1115 3919 1326 3969 quoque
1355 3916 1635 3973 peractum
1701 3917 1782 3960 est
1843 3915 2244 3966 matrimonium

679 4007 776 4060 per
842 3993 1060 4044 tacitum
1113 3992 1313 4044 domini
1357 4007 1703 4047 consensum.
1771 3993 1836 4049 Si
1886 4001 2004 4065 quis
2069 4011 2246 4053 autem

676 4082 902 4142 dixerit,
931 4084 1070 4148 quod
1099 4097 1218 4134 cum
1252 4097 1354 4134 non
1391 4081 1528 4136 facta
1567 4085 1635 4136 sit
1666 4085 1986 4149 benedictio,
2041 4100 2096 4143 ut
2139 4090 2243 4144 ho-

687 4173 777 4226 die
833 4174 1150 4226 observatur
1176 4212 1190 4234 ,
1227 4173 1260 4225 ii
1297 4185 1487 4241 paruas
1547 4188 1652 4226 non
1699 4174 1952 4243 eﬂ’ugient
1983 4219 1997 4240 ,
2033 4184 2248 4235 etiamsi

675 4264 1026 4319 matrimOnio
1049 4262 1316 4329 conjuncti
1376 4264 1504 4326 sint,
1543 4263 1762 4319 domino
1795 4267 2010 4324 vidente
2055 4282 2108 4326 et
2145 4291 2251 4342 pa-

678 4363 865 4422 tiente,
923 4358 1105 4410 audiet
1137 4357 1299 4424 quod,
1340 4370 1598 4422 quantum
1631 4358 1822 4412 attinet
1866 4363 1930 4412 ad
1973 4375 2248 4429 puellarum

677 4452 961 4513 rationem,
993 4449 1160 4516 magis
1202 4445 1576 4500 consideratur
1606 4446 1845 4516 affectio,
1873 4465 2032 4518 quam
2061 4453 2251 4508 Novel-
2280 4484 2334 4544 Β
2358 4445 2552 4552 ξκρίδε

677 4559 850 4616 [nam
883 4537 1330 4608 cons.§tutionum
1366 4553 1632 4594 summum
1661 4538 1772 4608 jus.

745 4665 996 4723 ZONAB.
1039 4666 1094 4718 b‘i
1126 4661 1316 4717 ancilla
1339 4657 1573 4731 seipsam
1599 4655 1718 4710 viro
1742 4659 2024 4714 tradiderit
2051 4673 2251 4731 preter

679 4759 882 4814 domini
912 4756 1266 4812 voluntatem,
1294 4752 1608 4805 fornicatur.
1640 4749 1774 4805 Cum
1811 4751 1952 4804 enim
1984 4756 2084 4808 sub
2117 4755 2252 4809 alte-

683 4851 794 4902 rius
821 4850 890 4901 sit
913 4854 1196 4913 potestate,
1219 4850 1501 4903 conventa,
1528 4843 1577 4894 id
1603 4850 1703 4904 est,
1726 4843 2002 4909 pactiones
2026 4844 2246 4901 ineundi

683 4941 991 4993 facultatem
1036 4950 1140 4988 non
1177 4934 1357 4987 habet.
1401 4931 1633 4985 lnfirma:
1669 4931 1935 4999 siquidem
1974 4949 2035 4987 ac
2080 4936 2246 4991 irrita:

683 5041 829 5085 sunt.
865 5027 1012 5093 Quod
1065 5026 1108 5077 si
1157 5034 1360 5092 postea,
1392 5031 1671 5091 postquam
1718 5023 1924 5077 scilicet
1974 5023 2238 5078 fornicata

686 5122 808 5183 fuit,
857 5121 1054 5171 donata
1098 5115 1364 5175 libertate,
1405 5122 1494 5164 aut
1545 5110 1760 5165 doinino
1813 5113 1977 5180 ipsius
2032 5116 2252 5182 permit-

687 5223 854 5274 tente,
887 5206 1230 5260 matrimonio
1265 5204 1454 5266 libero,
1498 5205 1596 5255 hoc
1619 5212 1722 5265 est,
1761 5201 2046 5256 manifesto
2077 5203 2247 5270 palam

687 5313 766 5355 est
801 5315 916 5362 usa,
944 5299 1054 5365 jant
1088 5297 1258 5349 instar
1297 5296 1549 5362 legitimas
1579 5294 1780 5358 uxoris,
1813 5309 1919 5347 non
1949 5293 2250 5349 fornicari-vc

688 5392 957 5454 mulieris,
989 5388 1408 5442 existimabitur.

758 5481 987 5538 ARIST.
1027 5480 1236 5532 Ancilla
1279 5493 1399 5546 qua:
1444 5492 1502 5530 se
1534 5477 1645 5528 viro
1679 5476 1859 5539 tradit,
1909 5475 2250 5528 fornicatur:

689 5575 1036 5632 matrimonio
1067 5587 1193 5624 vero
1228 5569 1491 5639 jungitur,
1526 5570 1568 5622 si
1599 5584 1717 5621 cum
1755 5569 1952 5622 domini
1985 5583 2250 5620 consensu

690 5669 742 5722 id
784 5669 925 5719 facit.
963 5664 1092 5728 ρυλε
1123 5665 1264 5714 enim
1298 5663 1364 5711 ab
1398 5662 1460 5712 iis
1495 5661 1627 5711 fiunt
1654 5661 1743 5726 qui
1781 5661 1966 5712 aliena:
2003 5660 2250 5728 potestati

695 5760 1069 5818 διὼὶἰςιυιιιιιικ
1109 5755 1337 5805 invalida
1372 5761 1515 5803 sunt.

2345 582 2537 649 αὐτῆς,
2581 583 2612 650 ἢ
2645 584 2783 652 μετὰ
2812 584 3052 652 φανερὰν
3090 585 3401 637 συναίνεσιν
3437 587 3529 639 τοῦ
3567 587 3854 649 δεσπότου,

2343 673 2436 723 καὶ
2466 674 2748 742 ἐλευθεςία
2787 675 3041 742 σιωπηρά
3070 676 3126 739 ἐξ
3150 677 3395 742 ἀνάγκης
3436 679 3815 730 ἐπακολουθεῖ.
3857 682 3918 730 Τί

2343 763 2397 814 δέ
2425 781 2438 826 ;
2475 765 2506 832 ἡ
2536 766 2790 830 γαμικῶς
2818 766 3152 832 συναφθεῖσα
3176 767 3336 835 δούλη
3373 769 3510 836 μετά
3537 769 3798 837 ἀληθεῗας
3823 769 3917 820 τοῦ

2344 851 2606 904 δεσπότου
2636 855 2836 916 εἰδότος
2877 860 2970 908 καὶ
3007 857 3080 925 μὴ
3131 859 3528 924 ἀντιλέγοντος,
3582 860 3657 918 ὡς
3689 859 3920 925 πορνεύ-

2345 961 2479 996 ουσα
2512 946 2892 1014 λογισθήσεται
2933 949 3024 999 διά
3063 949 3124 998 τὸ
3158 950 3232 1017 μὴ
3266 951 3581 1002 συναινέσαι
3610 952 3700 1001 τὸν
3728 952 3920 1001 δεσπό-

2344 1053 2465 1104 την,
2490 1037 2521 1105 ἦ
2549 1041 2652 1106 μής
2686 1039 2874 1101 Λύσις.
2906 1041 2976 1090 Τὸ
3009 1039 3094 1107 μζ¹
3117 1058 3264 1108 κεφ.,
3291 1043 3384 1093 τοῦ
3413 1043 3453 1094 δ’
3479 1044 3682 1103 τίτλου,
3717 1042 3807 1093 τοῦ
3834 1041 3918 1107 κη’

2347 1126 2575 1194 βιϐλίου,
2633 1129 2764 1196 φησὶ
2814 1129 2984 1181 ταῦτα
3035 1131 3213 1199 ῥητῶς
3247 1148 3262 1162 ·
3315 1134 3380 1183 EE
3417 1151 3500 1195 τις
3541 1135 3771 1196 ἐξεδωκε
3821 1136 3918 1202 τὴν

2346 1218 2538 1283 ἐαιιτοῦ
2566 1219 2925 1287 θεράπαιναν,
2952 1223 2976 1271 6
3001 1221 3055 1271 δέ
3085 1221 3369 1291 ἐλεύθερος
3399 1223 3472 1274 ὢν
3497 1225 3590 1276 καὶ
3617 1226 3916 1286 πιστεύσας

2344 1307 2422 1374 τῷ
2453 1308 2644 1362 διδόντι
2676 1312 2846 1380 αὐτὴν
2894 1313 3104 1373 ἒλαδεν,
3152 1314 3280 1375 ἴσως
3319 1316 3414 1366 καὶ
3446 1317 3734 1384 «pomwa
3759 1333 3919 1384 γε-ις-

2349 1401 2526 1467 μένων
2556 1400 2934 1467 συμϐολαίων,
3056 1405 3190 1471 μηδέ
3234 1407 3540 1474 γενομένων
3587 1409 3706 1474 μὲν,
3737 1411 3834 1474 τῆς
3864 1409 3919 1458 ἐξ

2345 1489 2539 1541 ἐαυτοῦ
2581 1489 2806 1560 γνώμης
2849 1493 2907 1543 τὸ
2958 1495 3189 1561 πρᾶγμα
3233 1494 3680 1562 διοικησαμένης,
3719 1499 3814 1547 οὐκ
3854 1500 3920 1548 ἂν

2345 1580 2427 1647 είη
2459 1580 2671 1634 δίκαιον
2704 1581 2794 1632 τὸν
2821 1582 3061 1634 τοιοῦτον
3091 1586 3166 1652 μὴ
3201 1586 3525 1638 συνεστάναι
3554 1590 3754 1653 γάμον,
3785 1588 3921 1639 ἀλλὰ

2347 1673 2638 1739 σιωπηράν
2679 1673 3000 1742 ἐλευθερίαν
3028 1675 3342 1727 ἀκολουθεῖν
3368 1679 3476 1728 εἴτε
3510 1677 3587 1742 τῷ
3619 1679 3773 1745 ἀνδρὶ
3809 1678 3921 1728 εῐτε

2345 1763 2409 1829 τῇ
2450 1765 2667 1828 γυναικί
2698 1780 2709 1792 ·
2750 1766 2843 1816 καὶ
2876 1766 3122 1818 τοιούτου
3163 1768 3306 1829 τινός
3343 1770 3492 1837 ποιρά
3524 1767 3619 1818 τοῦ
3657 1768 3920 1820 δεσπότου

2346 1853 2662 1920 γενομένου,
2696 1854 3031 1925 θεσπίζομεν
3066 1858 3406 1924 ἀρπάζεσθαί
3437 1875 3495 1909 τε
3527 1861 3624 1910 καὶ
3668 1860 3760 1910 τὸν
3807 1876 3922 1911 τοις

2345 1941 2500 1993 οὖτον
2532 1945 2624 1995 καὶ
2670 1945 2767 2014 τὴν
2808 1947 3067 2014 τοιαύτην
3113 1951 3192 2009 είς
3223 1950 3526 2015 εὐγένειαν,
3560 1951 3655 2001 καὶ
3687 1951 3746 2000 τὸ
3775 1954 3919 2019 πρᾶ-

2345 2049 2464 2102 γμα
2509 2034 2584 2096 ὡς
2631 2037 2723 2087 ἐπὶ
2758 2037 3064 2106 ἐλευθέροις
3097 2057 3153 2090 τε
3189 2043 3281 2090 καὶ
3313 2042 3562 2106 εύγενέσι
3613 2043 3926 2110 κρίνεσθαι.

2345 2125 2409 2178 Et
2441 2125 2497 2178 δὲ
2528 2127 2693 2186 αὐτὸς
2728 2126 2826 2195 μὲν
2852 2128 2910 2178 ού
2951 2130 3315 2197 συναρμόσειε
3349 2132 3438 2182 τὸν
3474 2134 3651 2200 γάμον
3693 2137 3721 2184 6
3763 2134 3925 2184 θατέ-

2347 2228 2442 2280 ρου
2470 2211 2578 2263 τῶν
2603 2211 2911 2280 προσώπων
2931 2214 3217 2281 δεσπότης,
3249 2219 3412 2286 εἰδείη
3441 2219 3496 2270 δὲ
3521 2223 3580 2270 τὸ
3605 2222 3925 2287 γενόμενον,

2344 2306 2440 2355 καὶ
2487 2305 2803 2372 ἐξεπίτηδες
2851 2308 3218 2376 ἀποκρύπτει,
3271 2311 3359 2362 ἵνα
3395 2310 3624 2377 ὕστερον
3685 2315 3928 2380 πρᾶγμα

2349 2394 2536 2461 βάψειε
2567 2394 2672 2445 τῶν
2701 2397 3081 2464 συναφθέντων
3111 2399 3344 2467 θατέρῳ,
3396 2402 3799 2471 τιμωρούμεθα
3833 2405 3930 2471 τὴν

2345 2487 2622 2555 τοιαύτην,
2681 2488 2794 2555 εἴγε
2868 2489 3056 2556 σαφῶς
3121 2492 3492 2561 ἀποδειχθείη,
3560 2498 3928 2561 κακουργίαν,

2350 2583 2442 2631 καὶ
2469 2582 2853 2650 ἀφαιρούμεθα
2882 2587 2981 2651 τὴν
3019 2585 3339 2637 δεσποτείαν
3368 2589 3474 2638 τῶν
3498 2588 3640 2639 οὕτω
3673 2592 3930 2658 πονηρῶς

2354 2670 2817 2740 βεϐουλευμένων,
2857 2677 2950 2726 καὶ
2995 2678 3134 2728 ἔστω
3170 2679 3331 2730 πάλιν
3377 2683 3470 2731 καὶ
3517 2680 3678 2732 τοῦτο
3727 2684 3930 2748 γάμος,

2350 2759 2542 2829 ὥσπερ
2594 2763 2659 2813 ἂν
2713 2765 2759 2814 εἰ
2810 2767 3523 2836 συνῄνεσενόκεκτημένος
3570 2772 3668 2837 τὴν
3724 2774 3926 2839 ἀρχήν.

2352 2854 2459 2903 Καὶ
2490 2855 2516 2904 6
2548 2855 2645 2921 μὲν
2672 2857 2989 2906 ἐκπιπτέτω
3035 2858 3136 2923 τῆς
3181 2860 3522 2922 δεσποτείας,
3565 2859 3725 2923 αὖθις
3756 2864 3811 2914 δὲ
3856 2868 3936 2925 εἱς

2351 2942 2630 3008 εὐγένειαν
2659 2945 2990 3013 ἀρπαζέσθω
3015 2949 3072 2998 τὸ
3095 2948 3280 2998 δοῦλον
3312 2952 3626 3018 πρόσωπον.
3666 2953 3931 3014 Ίζοιούτου

2354 3034 2746 3102 συμϐαίνοντος
2771 3019 3236 3106 ἀποτελέσματος.
3267 3040 3296 3108 ἢ
3328 3041 3482 3108 εἴπερ
3509 3043 3935 3112 ἐκακούργησεν

2278 3155 2319 3211 C
2352 3124 2378 3175 6
2422 3128 2784 3193 κεκτημένος,
2823 3129 3092 3198 πρόδηλον
3128 3128 3188 3180 ὃν
3223 3130 3296 3192 ὡς
3330 3133 3423 3183 καὶ
3457 3135 3503 3183 οί
3536 3135 3830 3203 τεχθέντες
3869 3139 3934 3186 ἐκ

2352 3217 2458 3266 τῶν
2488 3219 2750 3270 τοιούτων
2777 3220 2974 3289 γάμων
3001 3221 3279 3288 ἐλεύθεροί
3308 3239 3366 3274 τε
3391 3226 3485 3275 καὶ
3517 3227 3763 3290 εὐγενεῖς
3789 3231 3934 3279 κατὰ

2349 3304 2498 3356 τόνδε
2533 3307 2690 3373 ἡμῶν
2724 3309 2816 3358 τὸν
2847 3310 3012 3376 νόμον
3043 3312 3277 3363 ἔσονται.
3309 3313 3417 3364 Καὶ
3455 3315 3578 3364 ἐπεὶ
3625 3318 3689 3367 ἐκ
3736 3317 3933 3368 τούτου

2354 3397 2686 3462 παρίσταται
2742 3399 2822 3460 είς
2871 3400 3187 3468 ἐλευθερίαν
3239 3405 3590 3470 ἁρπάζεσθαι
3641 3409 3741 3475 τὴν
3795 3413 3937 3477 μετά

2353 3487 2552 3556 ἀνοχῆς
2587 3489 2681 3539 τοῦ
2718 3489 2983 3541 δεσπότου
3015 3494 3090 3556 τῷ
3114 3494 3386 3564 ἐλευθέρῳ
3431 3500 3782 3566 γαμηθεῖσαν
3813 3503 3937 3554 δού-

2353 3575 2473 3644 λην,
2525 3580 2986 3650 ἀνεπιτίμητοι.οί
3013 3583 3154 3635 οὕτω
3181 3589 3544 3652 συναφθέντες
3583 3597 3940 3662 συντηρηθή-

2353 3684 2556 3723 σονται.
2596 3673 2758 3722 Ὅσον
2788 3677 2897 3742 γὰρ
2930 3676 3067 3725 κατᾶ
3099 3675 3190 3726 τὸν
3246 3679 3476 3731 παλαιὸν
3506 3682 3668 3748 νόμον
3699 3685 3792 3735 τὸν
3823 3685 3940 3736 διο-

2353 3759 2636 3826 ριζόμενον
2684 3764 2773 3811 τὸν
2804 3765 2979 3830 γάμον
3009 3765 3361 3818 συνίστασθαι
3405 3770 3710 3822 συναινέσει
3767 3775 3938 3842 μόνῃ,

2351 3853 2444 3900 καὶ
2489 3853 2549 3901 τὸ
2605 3851 2844 3904 τοιοῦτον
2878 3857 3207 3908 σννοικέσιον
3251 3859 3638 3927 πεπεράτωται
3694 3862 3782 3914 διὰ
3837 3868 3939 3932 τῆς

2353 3945 2638 4010 σιωπε,ρ5⁸ι;
2706 3945 3064 4007 συναινέσεως
3121 3948 3212 3999 τοῦ
3273 3949 3558 4004 δεσπότου.
3619 3951 3679 4005 El
3733 3953 3788 4006 δέ
3854 3973 3940 4015 τις

2353 4030 2481 4098 εῐπῃ
2530 4031 2603 4090 ὡς
2641 4027 2941 4101 ἱερδλογίας
2979 4035 3052 4103 μὴ
3087 4038 3385 4106 γενομένης
3417 4040 3558 4091 κατά
3587 4041 3645 4090 τὸ
3687 4043 3943 4109 σήμερον

2355 4121 2613 4190 κρατοῦν,
2663 4126 2711 4174 ol
2756 4124 2990 4177 τοιοῦτοι
3024 4126 3124 4176 οὐκ
3156 4128 3516 4192 ἐκφεύξονται
3556 4131 3623 4181 τὰ
3653 4131 3938 4198 ἐπιτίμια,

2355 4213 2458 4264 κᾶν
2485 4216 2742 4282 γαμικὼς
2777 4217 3133 4284 συνήφθησαν
3162 4218 3257 4269 τοῦ
3287 4219 3548 4272 δεσπότου
3574 4222 3814 4290 δρῶντος
3846 4229 3944 4274 καὶ

2355 4303 2688 4371 ἀνεχομένου
2723 4323 2736 4336 ·
2794 4306 2985 4358 ἀκούει
3027 4307 3107 4358 ὅτι
3139 4307 3219 4368 είς
3255 4309 3346 4359 τὸν
3394 4309 3553 4376 λόγον
3607 4313 3719 4361 τῶν
3762 4318 3946 4365 ἐπιτιο

2358 4397 2497 4461 μίων
2552 4396 2582 4461 ὴ
2650 4395 2889 4457 διάθεσις
2953 4397 3155 4463 μᾶλλον
3209 4401 3515 4464 σκοπεῖται,

2561 4503 2615 4538 ια
2644 4485 2751 4536 τῶν
2775 4484 2998 4555 Νεαρῶν
3022 4487 3426 4556 διαταγμάτων.

3577 4406 3671 4452 καὶ
3725 4404 3850 4471 ούχὶ
3909 4410 3947 4472 ἡ

2429 4666 2667 4718 ΖΩΝΑΡ.
2739 4664 2862 4716 Ἐὰν
2904 4663 3060 4734 δούλη
3114 4665 3250 4734 ἐκδῷ
3293 4666 3492 4734 ἑαυτὴν
3543 4668 3719 4736 ἀνδρὶ,
3740 4669 3850 4719 ὑπὸ
3881 4671 3949 4719 τὸ

2355 4755 2566 4826 θέλημα
2599 4755 2693 4808 τοῦ
2717 4756 2978 4808 δεσπότου
3023 4755 3214 4822 αὐτῆς,
3248 4757 3522 4824 πορνεύει.
3571 4756 3694 4824 Ὑφ’
3745 4759 3946 4827 ἐτέρου

2352 4849 2460 4918 γὰρ
2511 4841 2645 4899 οὖσα
2707 4844 2954 4908 ἐξουσίαν
3002 4847 3062 4896 ού
3109 4845 3362 4896 δύνανται
3415 4845 3714 4913 συνθήκας,
3771 4849 3952 4916 ἡγουί

2353 4939 2668 5006 συμφωνίας
2703 4939 2897 4988 ποιεῖν.
2930 4934 3204 4986 ’Λὸέὸαιοι
3228 4934 3336 5002 γάρ
3361 4936 3465 4986 είσι
3506 4938 3601 4987 καὶ
3626 4939 3948 5008 ἀνίσχυροι,

2354 5029 2415 5079 El
2442 5028 2497 5079 δὲ
2527 5027 2666 5097 μετά
2697 5027 2890 5091 ταῦτα,
2925 5024 3063 5092 μετά
3100 5025 3161 5075 τὸ
3191 5023 3488 5093 πορνεῦσαι
3535 5026 3756 5096 δηλαδὴ,
3788 5029 3951 5079 ἐλευ-

2353 5115 2738 5185 θερωθείσα,ἢ
2795 5117 3295 5182 παραχωρήσαντος
3347 5114 3438 5165 τοῦ
3478 5116 3684 5184 Κυρίου
3740 5119 3950 5182 αὐτῆς,

2354 5207 2910 5277 πεπαρῤησιασμένῳ,
2934 5204 3050 5255 ἀντὶ
3069 5204 3184 5267 τοῦ,
3212 5205 3430 5273 φανερῷ
3455 5208 3718 5273 χρήσεται
3751 5208 3951 5276 γάμῳ,

2352 5299 2425 5359 ὡς
2458 5295 2749 5365 γημαμένη
2781 5295 3160 5363 λογισθήσεται
3187 5295 3330 5358 τότε,
3361 5297 3454 5347 καὶ
3501 5297 3619 5364 οὐχὶ
3652 5297 3853 5361 πόρνη.

2422 5475 2648 5528 ΑΡΙΣΤ.
2693 5473 2922 5541 Ἐαυτὴν
2950 5472 3105 5544 ἀνδρὶ
3127 5471 3385 5525 ἐπιδοῦσα
3414 5471 3597 5540 δούλη,
3629 5471 3904 5540 πορνεύει
3939 5514 3952 5526 .

2362 5569 2689 5619 συνάπτεται
2725 5567 2801 5631 δὲ,
2838 5570 2884 5617 εἰ
2911 5567 3046 5631 μετά
3086 5564 3311 5636 γνώμης
3358 5565 3618 5619 δεσπότου
3642 5581 3656 5594 ·
3708 5566 3778 5616 τὰ
3837 5567 3957 5633 γὰρ

2359 5665 2465 5713 τῶν
2484 5661 2815 5722 ὑπεξουσεων
2850 5659 3104 5713 ἀϐέϐαια.
