4096 6466
220 317 326 386 713

1182 310 1264 377 IN
1301 313 1540 379 EPIST.
1570 314 1632 375 S.
1683 313 1963 375 BASILII
1997 312 2434 374 CANONICAM
2471 305 2555 371 Ιῐ.

3369 308 3477 375 7M

312 429 441 488 Ἐὰν
475 433 525 487 oi
547 430 858 498 ὗπιξούσιοι
890 431 1078 495 παῖδες
1101 432 1250 502 παρά
1282 434 1508 501 γνώμην
1551 430 1659 484 τῶν
1705 447 1797 499 γο-

1971 429 2026 483 Si
2072 432 2225 500 pueri
2257 430 2357 484 sub
2390 439 2654 500 potestate
2699 435 2897 496 praeter
2934 435 3221 496 parentum
3249 436 3476 481 suorum

218 522 357 578 νέων
379 524 560 578 αὐτῶν
583 525 966 578 συναλλάττειν
985 523 1162 592 γάμον
1186 525 1248 576 οὐ
1282 522 1564 586 δύνανται,
1612 521 1793 590 πολλῷ

223 613 434 678 μᾶλλον
455 615 504 666 οί
521 615 749 668 οίκέται.
766 612 866 665 Διά
884 611 1040 665 τοῦτο
1071 612 1202 681 γοῦν
1232 615 1322 668 καὶ
1347 614 1382 684 ἡ
1419 613 1626 684 δούληη
1657 613 1803 666 ἐκδι-

220 702 389 757 δοῦσα
415 705 612 774 ἑαυτὴν
640 704 792 772 ἀνδρὶ
820 704 971 773 παρά
991 703 1217 776 γνώμην
1243 703 1335 758 τοῦ
1361 705 1488 758 ίδίου
1515 704 1801 771 δεσπότου,

221 795 299 859 ὡς
315 796 489 865 πόρνη
514 794 969 865 ἑπιτιμηθήσεται
988 810 1002 826 ο
1021 796 1070 848 εί
1097 795 1153 848 δὲ
1172 797 1311 865 μετά
1321 794 1492 849 ταῦτα
1509 794 1650 848 κατά
1667 793 1806 863 γνὼ-

223 902 335 954 μην
354 886 448 938 τοῦ
477 885 736 938 δεσπότου
769 884 1018 955 συναφθῇ
1051 886 1222 956 αὐτῷ,
1245 886 1490 956 νομίμως
1535 886 1802 955 ἑγήματο.

443 1039 448 1042 ν
795 979 1038 1033 ΚΔΝΩΝ
1064 974 1202 1034 MA’.

232 1068 299 1122 'H
330 1071 386 1122 ἐν
416 1072 482 1140 τῇ
529 1069 726 1140 χηρείᾳ
759 1070 1010 1137 ἐξουσίαν
1036 1071 1235 1141 ἔχουσα
1307 1069 1504 1138 ἑαυτῆς
1541 1071 1808 1123 συνοικεῖν

292 1158 648 1227 ἀνέγκλητος,
685 1159 735 1210 εί
762 1159 951 1231 μηδείς
973 1161 1120 1214 ἑστιν
1151 1160 1178 1211 6
1224 1159 1466 1212 διασπῶν
1513 1157 1574 1212 τὸ
1634 1175 1809 1212 συνοι-

292 1247 494 1311 κέσιον,
517 1250 610 1300 τοῦ
641 1247 694 1302 Ἀ
708 1249 968 1302 ποστόλου
1018 1249 1282 1311 εἰπόντος,
1355 1247 1500 1302 ἐὰν
1525 1248 1804 1317 ἀποθάνῃ

286 1341 319 1392 ὀ
347 1337 502 1408 ἀνὴρ
527 1380 543 1404 ,
587 1340 908 1410 ἐλεύθερός
941 1341 1113 1394 ἐστιν
1155 1333 1204 1407 ᾧ
1237 1339 1398 1395 θέλει
1445 1339 1808 1414 γαμηθῆναι,

283 1430 480 1498 μόνον
501 1430 571 1484 ἐν
593 1431 790 1498 Κυρίω
806 1471 821 1486 .

286 1520 429 1592 Γυνή
473 1539 553 1584 τις
602 1523 925 1592 χηρεύοασα
975 1521 1166 1590 ἤθελεν
1227 1520 1400 1590 ἑτέρῳ
1450 1518 1812 1589 συζευχθῆναι

217 1611 399 1680 ἀνδρὶ,
431 1615 526 1664 καὶ
566 1613 628 1665 οὐ
691 1616 1084 1683 παρεχωρεϊτο,
1119 1613 1153 1681 ἢ
1191 1616 1282 1666 καὶ
1333 1610 1687 1680 συζευχθείσα
1717 1615 1816 1665 ιπ-

217 1703 464 1769 ετιμᾶτο.
513 1704 799 1772 Ἦρωτήθη
825 1703 916 1754 οὖν
949 1703 1076 1771 περὶ
1111 1700 1268 1753 τοῦτο
1296 1702 1324 1752 6
1356 1701 1508 1767 άγιος
1553 1703 1648 1756 καὶ
1704 1705 1814 1756 ἀπ-

1903 526 2226 580 sententiam
2271 524 2674 579 matrimonium
2720 522 3048 578 contrahere
3082 534 3191 574 non
3225 527 3477 588 possunt,

1905 612 2074 666 multo
2109 613 2276 681 magis
2305 611 2468 666 servi.
2501 609 2791 678 Propterea
2827 610 3008 679 itaque
3037 617 3093 663 et
3125 601 3319 662 ancilla
3356 618 3483 674 qua:

1906 714 2100 774 prater
2153 704 2355 760 domini
2409 703 2490 757 sui
2539 701 2865 757 sententiam
2925 714 2987 754 se
3031 699 3151 754 viro
3197 697 3366 761 dedit,
3421 703 3481 750 ut

1907 795 2223 852 t‘ornicatrix
2270 807 2455 865 poenas
2493 792 2624 847 luet.
2662 791 2719 846 Si
2763 801 2945 845 autem
2992 799 3174 858 postea
3223 802 3346 842 cum
3378 786 3477 839 do-

1909 888 2038 942 mini
2073 885 2348 942 voluntate
2377 885 2424 940 ei
2457 882 2836 950 conjungatur,
2865 881 3102 952 legitime
3135 879 3336 948 nupsit.

2490 971 2720 1029 CANON
2761 971 2897 1027 XLI.

1908 1069 2042 1137 Quae
2076 1071 2128 1124 in
2166 1069 2428 1124 viduitate
2469 1068 2628 1121 habet
2654 1064 2742 1120 sui
2775 1066 3119 1132 potestatem,
3158 1069 3210 1115 et
3244 1061 3362 1114 viro
3394 1073 3487 1113 eo-

1988 1161 2217 1224 habitat,
2245 1160 2309 1215 ab
2340 1160 2487 1214 omni
2519 1157 2865 1214 accusatione
2890 1164 2976 1209 est
3020 1154 3208 1219 libera,
3246 1153 3290 1210 si
3325 1167 3485 1208 nemo

1980 1262 2062 1307 est
2091 1255 2179 1321 qui
2211 1250 2518 1320 coniugium
2551 1246 2804 1312 divellat;
2837 1260 2959 1300 cum
2996 1245 3139 1298 dicat
3171 1244 3482 1312 Apostolus,

1986 1343 2044 1399 Si
2076 1352 2312 1398 mortuus
2342 1343 2408 1397 sit
2431 1342 2674 1406 maritus,
2696 1339 2857 1393 libera
2879 1347 2977 1402 est,
3012 1347 3065 1390 ut
3097 1339 3256 1390 nubat
3283 1338 3369 1390 cui
3406 1353 3488 1390 ve-

1985 1437 2068 1499 lit,
2097 1444 2304 1488 tantum
2337 1436 2390 1487 in
2416 1432 2642 1486 Domino
2673 1433 2712 1482 ι.

1988 1525 2184 1581 BALS.
2233 1525 2426 1580 Mulier
2467 1525 2708 1594 quaedam
2756 1524 2914 1578 vidua
2965 1522 3178 1577 volebat
3225 1519 3319 1573 alii
3370 1519 3490 1572 viro

1919 1619 2268 1673 matrimonio
2301 1618 2592 1685 conjungi:
2635 1627 2686 1670 et
2719 1632 2822 1670 non
2855 1617 2903 1670 ei
2945 1614 3374 1684 permittebatur,
3409 1611 3490 1663 vel

1919 1709 2082 1764 etiam
2135 1709 2422 1778 conjuncta
2469 1707 2812 1778 puniebatur.
2859 1706 3090 1761 Sanctus
3139 1714 3266 1772 ergo
3314 1704 3379 1756 de
3425 1717 3490 1756 eo

217 1795 457 1862 εφῄνατο
501 1794 576 1846 ὅτι
631 1792 877 1857 ἐξουσίαν
905 1792 1018 1861 ἔχει
1043 1793 1074 1859 η
1104 1791 1246 1862 χήρα
1276 1791 1448 1861 ἑτέρῳ
1480 1792 1804 1863 συναφθῆναι

1921 1804 2282 1867 interrogatus
2320 1809 2424 1866 est,
2469 1809 2522 1854 et
2565 1800 2865 1866 respondit,
2915 1798 3058 1867 quod
3090 1806 3174 1850 est
3219 1797 3273 1849 in
3319 1795 3492 1847 viduas

215 1884 396 1953 ἀνδρὶ,
422 1885 516 1936 ἐὰν
534 1887 665 1946 τέως
681 1885 1001 1948 αὐτεξουσία
1027 1885 1164 1938 ἐστί.
1185 1883 1355 1936 Τοῦτο
1378 1883 1432 1936 δὲ
1453 1885 1716 1954 κρατήσει
1739 1887 1804 1948 είς

1920 1901 2184 1964 potestate
2226 1905 2284 1946 ut
2317 1892 2404 1944 alii
2443 1892 2557 1944 viro
2601 1891 2980 1959 conjungatur,
3030 1889 3075 1943 si
3124 1895 3378 1941 tunc.est
3407 1884 3488 1939 sui

219 1976 392 2043 μόνην
413 1975 562 2026 δευτε
572 1976 836 2044 ρογαμίαν
860 1989 874 2003 ·
893 1974 1249 2044 τριτογαμίαν
1281 1974 1389 2043 γὰρ
1417 1975 1444 2024 6
1466 1976 1618 2042 ἅγιος
1634 1974 1694 2028 οὐ
1713 1992 1818 2028 πα-

219 2067 476 2134 ραχωρεῖ.
509 2067 666 2118 Ὥστε
686 2065 862 2129 καλῶς
886 2068 920 2136 η
940 2067 1074 2134 γυνὴ
1091 2069 1125 2137 ὴ
1147 2067 1462 2140 χηρεύσασα
1482 2069 1544 2120 ἂν
1566 2063 1813 2138 δευτερο-

216 2158 462 2228 γαμὴσῃ.
478 2160 569 2209 καὶ
584 2157 1108 2228 δευτερογαμήσασα
1125 2158 1222 2210 οὐκ
1238 2157 1715 2228 ὲπιτιμηθήσεται,
1733 2158 1811 2210 εί-

1912 1982 2068 2050 juris.
2102 1982 2214 2036 Hoc
2241 1990 2421 2036 autem
2453 1981 2504 2034 in
2532 1981 2643 2035 sola
2675 1979 2907 2047 digamia
2933 1977 3242 2034 servabitur
3271 1995 3284 2030 :
3315 1987 3489 2042 neque

1917 2050 2062 2122 enim
2119 2079 2341 2122 sanctus
2390 2068 2690 2135 trigamiam
2755 2067 3038 2136 permittit.
3095 2064 3265 2120 Recte
3312 2065 3492 2131 itaque

1918 2158 2114 2211 mulier
2139 2156 2298 2211 vidua
2332 2158 2571 2210 secundo
2597 2156 2781 2222 nubet,
2806 2166 2863 2211 et
2886 2172 3007 2211 cum
3034 2156 3274 2211 secundo
3300 2167 3496 2221 nupse-

218 2265 324 2317 περ
337 2250 436 2300 οὐκ
451 2249 598 2302 ἐστιν
618 2251 910 2313 ὑπεξουσία
926 2269 940 2284 ο
959 2253 1052 2305 ἐὰν
1075 2253 1180 2321 γάρ
1195 2252 1341 2304 ἐστιν
1357 2251 1670 2314 ὑπεξουσία,
1692 2251 1804 2302 ἐπεὶ

1920 2249 1986 2301 rit
2017 2264 2118 2303 non
2151 2249 2422 2318 punietur,
2458 2249 2500 2303 si
2530 2249 2750 2317 quidem
2785 2263 2891 2303 non
2932 2256 3017 2303 est
3046 2248 3148 2303 sub
3174 2254 3440 2317 potestate
3475 2266 3488 2300 :

224 2341 397 2409 όέχων
411 2339 610 2410 ταύτην
624 2342 722 2392 ὑπε
733 2341 949 2404 ξουσίαν
962 2342 1317 2395 δύναταιδιασ
1325 2343 1494 2393 πᾶσαι
1509 2345 1597 2392 τὸν
1610 2341 1807 2409 γάμον,

217 2430 675 2498 ὲπιτιμηθήσεται
702 2434 794 2484 καὶ
825 2431 963 2501 αὕτη
988 2432 1062 2494 ὡς
1094 2431 1461 2500 πορνεύσασα.
1517 2431 1660 2502 Πλὴν
1716 2432 1810 2484 καὶ

217 2519 273 2570 αί
311 2523 570 2587 γυναῖκες
601 2521 1100 2592 δευτερογαμοῦσαι
1137 2521 1213 2589 τῷ
1245 2523 1504 2592 ἐπιτιμίῳ
1551 2522 1657 2574 τῶν
1687 2522 1808 2574 δευ-

218 2611 672 2680 τερογαμούντων
697 2612 1036 2675 ὑπόκεινται,
1057 2612 1237 2676 καθὼς
1265 2614 1525 2675 πολλάκις
1548 2611 1803 2682 εἴπομεν.

232 2703 475 2759 Ἀκούων
505 2703 562 2756 δὲ
621 2703 714 2756 τοῦ
775 2704 931 2773 ἀγίου
984 2703 1231 2771 λέγοντος
1301 2705 1441 2773 ἔχειν
1481 2705 1567 2757 ἐπ’
1627 2704 1808 2767 ἀδείας

219 2798 319 2866 τὴν
364 2797 538 2866 χήραν
571 2788 615 2863 ᾧ
667 2795 810 2848 θέλει
864 2795 1183 2865 γαμεῖσθαι,
1241 2794 1323 2865 μὴ
1349 2795 1509 2868 εῐπῃς
1546 2796 1804 2849 δύνασθαι

220 2889 395 2965 αὐτὴν
426 2887 665 2958 ἀσεϐεῖῆ
694 2889 864 2956 ἑτέρῳ
905 2889 1012 2940 τινὶ
1034 2887 1238 2956 ἀναξίῳ
1270 2887 1362 2939 τοῦ
1410 2889 1601 2954 γένους
1637 2887 1805 2956 αὐτῆς

221 2979 591 3032 συνάπτεσθαι
619 2995 631 3008 ·
658 2979 774 3031 ἀλλ’
797 2979 920 3030 εἰπὲ
948 2977 1186 3045 ὀφείλειν
1213 2978 1380 3045 αὐτὴν
1417 2999 1431 3028 >
1449 2979 1553 3030 ατά
1570 2979 1802 3042 κανόνας

219 3074 315 3121 καὶ
347 3067 545 3139 νόμους
569 3068 807 3138 δευτέρῳ
834 3070 990 3139 ἀνδρὶ
1028 3067 1345 3136 γαμεῖσθαι.
1381 3068 1522 3136 Φησὶ
1575 3069 1682 3139 γὰρ
1736 3071 1798 3122 τὸ

1915 2348 2009 2395 sed
2043 2343 2088 2396 si
2111 2344 2181 2396 sit
2213 2344 2313 2398 sub
2338 2352 2603 2413 potestate
2632 2342 2872 2412 parentis
2897 2342 3213 2404 constituta,
3239 2340 3490 2404 quoniam

1914 2435 2004 2503 qui
2057 2449 2176 2488 eam
2224 2434 2386 2489 habet
2436 2436 2492 2488 in
2543 2441 2810 2504 potestate
2863 2441 3038 2501 potest
3087 2432 3491 2486 matrimonium

1912 2525 2230 2589 dissolvere,
2270 2526 2385 2597 ipsa
2421 2541 2657 2596 quoque,
2706 2536 2763 2580 ut
2799 2539 2917 2594 qua:
2956 2525 3027 2578 sit
3073 2524 3363 2589 fornicata,
3397 2538 3491 2591 puo

1911 2617 2115 2672 nietur.
2172 2617 2278 2671 Sed
2328 2627 2380 2670 et
2435 2618 2712 2683 mulieres,
2777 2632 2895 2684 quze
2953 2615 3199 2669 secundo
3260 2615 3486 2678 nubunt,

1910 2706 2243 2775 digamorum
2277 2707 2543 2776 supplicio
2569 2705 2951 2773 subjiciuntur,
2979 2715 3036 2758 ut
3066 2719 3206 2773 saepe
3231 2705 3485 2759 diximus.

1906 2798 2039 2854 Cum
2080 2808 2258 2852 autem
2295 2798 2452 2851 audis
2495 2807 2740 2852 sanctum
2776 2797 3044 2850 dicentem
3082 2811 3203 2850 esse
3246 2799 3296 2850 in
3334 2805 3488 2866 pote-

1905 2897 2044 2946 state
2079 2891 2251 2944 vidua:
2279 2891 2482 2943 nubere
2513 2888 2784 2951 cui'velit.
2837 2903 2905 2943 ne
2938 2888 3142 2944 dixeris
3173 2903 3290 2942 eam
3329 2903 3488 2957 posse

1912 2983 2100 3051 impio,
2130 2982 2210 3033 vel
2249 2980 2408 3035 alicui
2443 2981 2531 3034 alii
2564 2994 2667 3036 suo
2698 2994 2894 3048 genere
2939 2981 3160 3050 indigno
3201 2980 3478 3050 conjungi.

1907 3073 2013 3127 Sed
2060 3073 2148 3126 dic
2197 3085 2316 3127 eam
2369 3071 2568 3128 debere
2608 3073 2903 3126 secundum
2951 3071 3098 3140 leges
3146 3083 3198 3125 et
3249 3086 3487 3127 canones

220 3165 266 3210 α’
285 3175 415 3227 acup.
437 3160 530 3210 τοῦ
564 3157 604 3210 δ’
641 3158 820 3211 τίτλου
865 3159 957 3212 τοῦ
1006 3164 1094 3228 κη’
1125 3158 1327 3227 βιϐλίου
1349 3175 1362 3189 ·
1425 3159 1463 3210 Γ
1468 3158 1606 3226 ἀμος
1653 3159 1798 3211 ἐστὶν

1909 3166 2154 3219 secundo
2181 3165 2294 3219 viro
2324 3162 2549 3218 nubere.
2580 3161 2716 3218 Dicit
2745 3164 2891 3217 enim
2927 3166 3158 3232 primum
3186 3178 3303 3232 cap.
3339 3164 3419 3217 tit.
3452 3163 3487 3218 4

219 3248 415 3318 ἀνδρὸς
448 3250 542 3300 καὶ
579 3247 836 3315 γυναικὸς
874 3249 1140 3315 συνάφεια
1164 3247 1256 3299 καὶ
1285 3247 1658 3315 συγκλήρωσις
1707 3246 1800 3299 τοῦ

223 3339 341 3408 βίου
389 3340 630 3402 παντὸς,
686 3339 833 3391 θείου
880 3356 940 3391 τε
981 3341 1074 3391 καὶ
1111 3338 1456 3402 ἀνθρωπίνου
1527 3338 1800 3394 κοινωνία.

229 3430 343 3482 Καὶ
385 3430 414 3483 6
460 3427 542 3479 λα’
576 3429 757 3480 κανὼν
806 3428 906 3496 τῆς
956 3430 1014 3480 ἐν
1049 3428 1341 3496 Λαοδικείᾳ
1404 3427 1654 3490 συνόδου,
1714 3430 1804 3480 καὶ

222 3524 248 3573 6
272 3519 349 3590 οβ’
381 3519 561 3573 κανὼν
593 3520 690 3588 τῆς
743 3522 799 3572 ὲν
860 3520 938 3588 τῷ
980 3519 1235 3588 Τρούλλῳ
1293 3520 1508 3572 συνόδου
1537 3520 1802 3573 κωλύουσι

222 3613 347 3674 τοὺς
404 3611 715 3680 ὀρθοδόξους
770 3611 907 3678 μετὰ
964 3609 1256 3678 αἱρετικῶν
1281 3609 1669 3673 συνάπτεσθαι,
1707 3611 1804 3662 καὶ

221 3701 279 3754 τὸ
307 3698 354 3770 β’
395 3699 536 3769 θέμα
567 3700 662 3752 τοῦ
687 3700 730 3764 ζ’
770 3717 896 3767 κεφ.
928 3701 1020 3751 τοῦ
1055 3698 1094 3750 ε’
1143 3699 1319 3752 τίτλου
1348 3699 1441 3752 τοῦ
1475 3707 1559 3768 κη’
1596 3699 1802 3768 βιϐλίου

221 3790 386 3858 φησίν
417 3805 430 3820 ο
459 3792 573 3842 Οὐκ
605 3791 845 3860 ἔρρωται
870 3792 897 3842 6
928 3790 1104 3859 γάμος
1131 3790 1230 3858 τῆς
1274 3789 1572 3860 θυγατέρος
1629 3791 1660 3860 ἢ
1713 3793 1805 3857 ἑγ-

222 3883 384 3952 γόνης
413 3881 506 3935 τοῦ
547 3880 916 3948 ἀξιωματικοῦ
978 3882 1112 3950 πρὸς
1141 3880 1500 3950 ἀπελεύθερον
1551 3880 1582 3950 ἢ
1623 3897 1805 3951 σκηνι-

221 3973 335 4033 κὸν,
368 3970 403 4040 ἢ
439 3969 696 4041 σκηνικοῦ
737 3971 850 4021 υίὺν
894 3970 924 4040 ἢ
976 3968 1264 4039 σκηνικῆς.
1334 3969 1391 4020 Ὀ
1442 3969 1499 4020 δὲ
1549 3970 1806 4039 κραταιὸς

221 4064 314 4116 καὶ
345 4062 502 4130 ἅγιος
529 4061 684 4130 ἡμῶν
717 4061 967 4130 βασιλεὺς
996 4060 1266 4131 διαφόρων
1299 4061 1611 4113 συνοικέσια
1646 4061 1805 4127 εὐγε-

221 4156 326 4207 νῶν
361 4151 733 4222 συναφθεισῶν
781 4151 1035 4220 ἀνδράσιν
1070 4151 1314 4217 εὐγενέσι
1380 4151 1658 4216 διέσπασε,
1713 4152 1806 4204 καὶ

220 4246 346 4305 τοὺς
403 4242 772 4309 συναφθέντας
810 4240 1061 4308 μεγάλως
1099 4240 1376 4292 ἐκόλασεν.
1433 4238 1558 4292 Οἷὸν
1601 4258 1652 4293 τι
1709 4258 1806 4291 πε-

221 4336 416 4404 ποίηκε
450 4334 541 4384 καὶ
575 4335 651 4393 είς
679 4333 769 4383 τὸν
815 4330 1090 4399 βασιλικὸν
1141 4331 1549 4398 γραμματικὸν,
1613 4331 1804 4400 κύριον

220 4425 492 4493 Θεόδωρον
508 4424 598 4476 τὸν
627 4423 964 4491 Μεσαρίτην,
990 4421 1083 4474 τοῦ
1111 4419 1378 4473 σεϐαστοῦ
1411 4422 1502 4472 τοῦ
1523 4421 1806 4490 Βρυεννίου

219 4520 317 4586 τὴν
354 4516 631 4584 θυγατέρα
669 4515 837 4584 χωρὶς
865 4514 1121 4582 εἰδήσεως
1156 4511 1438 4582 βασιλικῆς
1463 4515 1541 4574 εἰς
1571 4517 1802 4580 γυναῖκα
1834 4507 1876 4562 D

219 4608 474 4661 λαϐόντα.
506 4607 580 4660 T6
620 4607 802 4675 μέντοι
827 4604 904 4673 τῷ
927 4605 1111 4656 κανόνι
1137 4603 1549 4674 προσκείμενον,
1585 4604 1679 4655 καὶ
1713 4603 1799 4656 λέ·

219 4717 337 4767 γον,
373 4699 533 4768 μόνον
563 4699 620 4750 ὲν
647 4696 857 4766 Κυρίῳ,
891 4695 1196 4766 προσετέθη
1244 4684 1336 4746 διά
1365 4696 1489 4756 τοὺς
1512 4695 1794 4756 ἀπίστους.

231 4791 320 4842 Ἐν
341 4790 532 4860 Κυρίῳ
554 4771 660 4859 γάρ
688 4787 1037 4841 συναλλάττει
1063 4788 1240 4856 γάμον
1268 4788 1298 4854 ὴ
1325 4786 1461 4855 μετὰ
1492 4783 1796 4852 ὀρθοδόξου,

219 4881 279 4933 οὐ
311 4881 423 4951 μὴν
457 4882 592 4949 μετά
622 4878 902 4948 αίρετικοῦ
939 4878 1296 4946 συναφθείσα.

290 4975 538 5028 ΖΩΝΑΡ.
567 4973 897 5044 Χηρεύσασα
936 4972 1074 5042 γυνὴ
1093 4965 1198 5024 καὶ
1234 4970 1312 5040 μὴ
1348 4969 1479 5024 οὖσα
1510 4966 1798 5034 ὑπεξουσία

219 5069 493 5137 γονεῦσιν,
513 5065 654 5118 ὥστε
683 5067 906 5136 χρῄζειν
935 5065 1036 5133 τῆς
1061 5065 1284 5116 ἐκείνων
1310 5064 1668 5124 συναινέσεως
1701 5063 1793 5114 ἐπὶ

218 5160 295 5230 τῷ
347 5160 536 5227 γάμῳ,
589 5156 919 5226 ἀνέγκλητός
953 5157 1070 5207 ἐστι
1114 5153 1364 5222 δεύτερον
1414 5153 1794 5216 συναλλάξατα

218 5255 417 5323 γάμον,
452 5253 499 5302 εί
527 5249 713 5319 μηδείς
762 5251 910 5300 ἐστιν
966 5249 995 5298 6
1039 5247 1284 5299 διασπῶν
1317 5246 1376 5297 τὸ
1438 5247 1791 5310 συνοικέσιον,

219 5345 518 5407 τουτέστιν,
553 5345 601 5394 εί
650 5343 722 5411 μή
752 5341 894 5401 τινές
925 5341 1061 5392 εἰσιν
1097 5337 1421 5402 ὑπεξουσίαν
1444 5337 1612 5408 αὐτὴν
1646 5337 1798 5406 ἕχον-

221 5455 327 5501 τες,
363 5439 482 5506 ἦτοι
516 5433 718 5503 πατὴρ,
748 5434 780 5501 ἢ
812 5433 1059 5496 πάππος,
1083 5432 1132 5483 οἳ
1166 5433 1256 5483 καὶ
1279 5431 1513 5501 διασπᾷν
1544 5431 1796 5483 δύνανται

220 5529 316 5599 τὴν
348 5529 439 5580 διά
467 5526 564 5578 τοῦ
585 5527 763 5592 γάμου
799 5523 1115 5592 συνάφειαν,
1160 5523 1232 5592 μὴ
1269 5523 1680 5583 συναινέσαντες
1711 5521 1796 5573 ἐπ’

287 5718 302 5751 ε
334 5720 350 5772 ι
376 5715 503 5772 Cor.
525 5729 620 5769 νιι.
653 5715 742 5771 59.

539 5812 808 5870 Parnm.
851 5808 965 5866 Gn.
1005 5805 1384 5868 CXXXVIII.

1906 3257 2003 3310 lib.
2042 3267 2215 3310 xxvm
2250 3253 2693 3310 :Matr‘imonium
2733 3261 2818 3307 est
2848 3254 2945 3307 viri
2981 3263 3035 3307 et
3078 3253 3317 3307 mulieris
3354 3269 3484 3308 con-

1899 3343 2148 3412 junctio,
2201 3350 2254 3400 et
2297 3345 2462 3399 totius
2514 3345 2635 3397 vita
2676 3344 3027 3408 consuetudo,
3077 3343 3380 3397 divinarum
3432 3356 3484 3398 et

1908 3437 2262 3488 humanarum
2327 3448 2506 3488 rerum
2559 3432 2812 3487 societas.
2865 3431 2932 3484 Et
2987 3447 3107 3501 syn.
3167 3431 3484 3487 Laodicenae

1907 3540 2080 3579 canon
2117 3525 2207 3590 3i,
2240 3534 2295 3579 et
2330 3540 2453 3578 can.
2488 3522 2557 3576 72
2589 3538 2709 3593 syn.
2744 3524 2796 3576 in
2833 3521 3040 3586 Trullo,
3075 3524 3364 3591 prohibent
3397 3539 3485 3577 or-

1907 3616 2167 3671 thodoxos
2181 3631 2302 3670 cum
2330 3615 2600 3671 haereticis
2628 3614 2911 3684 conjungi,
2943 3623 2996 3668 et
3025 3614 3204 3668 thema
3224 3614 3278 3682 ‘2,
3305 3630 3425 3685 cap.
3453 3615 3484 3666 7

1909 3707 1989 3761 tit.
2019 3706 2191 3772 5,lib.
2230 3720 2402 3762 xxvtu
2438 3707 2569 3761 dicit
2607 3723 2621 3759 :
2663 3705 2778 3761 Non
2809 3718 2892 3760 est
2923 3707 3155 3761 validum
3207 3707 3487 3761 matrimo-

1909 3795 2056 3849 nium
2093 3796 2214 3850 lilia:
2247 3795 2329 3849 vel
2370 3795 2546 3864 neptis
2588 3796 2685 3849 viri
2733 3795 2992 3850 senatorii
3021 3809 3142 3848 cum
3175 3793 3372 3848 liberto
3399 3792 3482 3848 vel

1907 3889 2141 3952 scenico,
2177 3888 2254 3942 vel
2285 3889 2485 3942 scenici
2520 3898 2611 3940 aut
2635 3887 2864 3941 scenica:
2900 3886 3029 3940 lilio.
3065 3884 3262 3942 Potens
3298 3895 3478 3941 autem

1908 3989 1962 4034 et
1988 3988 2212 4034 sanctus
2248 3990 2430 4034 noster
2469 3980 2784 4047 imperator,
2816 3994 2937 4034 cum
2978 3979 3236 4034 nobilium
3274 3980 3480 4049 aliquot

1909 4072 2220 4136 mulierum,
2264 4087 2386 4126 cum
2427 4071 2557 4125 viris
2606 4071 2930 4139 ignobilibus
2977 4079 3253 4126 contracta
3301 4081 3484 4126 essent

1910 4164 2276 4226 matrimonia,
2309 4179 2370 4217 ea
2417 4165 2709 4231 separavit,
2752 4174 2804 4216 et
2844 4163 3165 4232 conjunctos
3200 4165 3350 4218 valde
3381 4179 3479 4233 pu-

1910 4255 2031 4308 niit.
2066 4253 2528 4318 Quemadmodum
2556 4253 2718 4307 etiam
2753 4253 2881 4307 fecit
2910 4263 2964 4306 et
2993 4254 3042 4304 in
3073 4253 3276 4323 regium
3302 4269 3482 4322 grant-

1913 4347 2166 4398 maticum
2201 4344 2478 4398 dominum
2521 4343 2864 4398 Theodorum
2903 4342 3208 4398 Mesaritem
3242 4345 3333 4414 qui
3375 4345 3480 4396 Au-

1912 4437 2050 4507 gusti
2099 4436 2339 4491 Briennii
2395 4437 2557 4506 1.00
2611 4435 2818 4499 filiam,
2875 4436 3078 4504 absque
3137 4436 3477 4506 imperatoris

1905 4527 2130 4582 scientia
2164 4527 2218 4581 in
2253 4540 2476 4581 uxorem
2507 4535 2808 4594 acceperat.
2839 4523 2990 4592 Quod
3021 4533 3198 4579 autem
3231 4525 3481 4594 adjicitur

1905 4619 2120 4680 canoni,
2163 4630 2216 4670 et
2256 4618 2407 4682 dicit,
2451 4614 2634 4671 Solum
2683 4617 2735 4670 in
2786 4616 3031 4680 Domino,
3079 4617 3345 4686 adjectum
3396 4627 3480 4671 est

1905 4718 2127 4778 propter
2174 4708 2441 4764 inﬁdeles.
2482 4709 2541 4762 In
2603 4708 2831 4762 Domino
2878 4707 3022 4761 enim
3070 4707 3476 4762 matrimonium

1905 4798 2198 4865 contrahit,
2229 4813 2349 4866 qua:
2394 4813 2515 4851 cum
2560 4797 2881 4860 orthodoxe,
2915 4809 3022 4849 non
3055 4809 3178 4850 cum
3224 4798 3478 4852 haeretica

1909 4890 2315 4943 matrimonium
2343 4889 2637 4943 contrahit.

1977 4976 2230 5032 ZONAR.
2286 4978 2477 5032 Mulier
2524 4992 2644 5047 qua:
2683 4977 2844 5031 vidua
2892 4987 2999 5043 est,
3039 4987 3137 5032 nec
3190 4986 3474 5046 parentum

1905 5069 2156 5138 potestati
2186 5069 2451 5137 subjecta,
2487 5080 2546 5122 ut
2590 5068 2804 5122 illorum
2853 5081 3119 5122 consensu
3163 5068 3228 5120 ad
3263 5069 3476 5135 nuptias

1904 5160 2303 5214 contrahendas
2344 5159 2600 5227 indigeat,
2649 5160 2852 5226 absque
2895 5159 3002 5211 ulla
3044 5173 3178 5211 noxa
3223 5157 3475 5211 secundis

1907 5249 2107 5318 nuptiis
2139 5248 2329 5318 illigari
2381 5258 2578 5317 potest,
2629 5247 2673 5301 si
2713 5262 2870 5302 nemo
2914 5247 2984 5300 sit
3031 5248 3118 5313 qui
3168 5247 3473 5314 conjugium

1905 5340 2184 5404 dissolvat,
2221 5341 2323 5394 hoc
2352 5348 2455 5405 est,
2493 5340 2538 5393 si
2585 5339 2714 5393 nulli
2749 5339 2876 5404 sint,
2913 5340 3004 5408 qui
3054 5339 3198 5391 illam
3242 5353 3353 5390 suae
3381 5339 3476 5391 ob-

1907 5433 2124 5485 noxiam
2156 5430 2406 5499 potestati
2439 5432 2688 5495 habeant,
2720 5441 2871 5497 pater
2897 5431 3174 5494 nimirum,
3199 5438 3293 5481 aut
3319 5443 3470 5492 avus,

1906 5525 2100 5595 quibus
2124 5523 2286 5577 etiam
2307 5522 2563 5577 dirimere
2591 5523 2921 5577 matrimonii
2950 5522 3261 5576 societatem
3288 5522 3470 5572 datum

3071 5798 3150 5860 23
