4096 6460
173 342 279 407 717
1087 345 1170 407 ἶΝ
1203 346 1440 410 EPIST.
1491 346 1555 408 S.
1592 346 1734 406 BAS

1839 347 1878 405 rl
1917 343 2363 407 CANONICAM
2409 344 2489 406 ῐῐ.
3295 339 3403 405 718

177 473 348 510 σαντα
403 455 728 521 κολάζεσθαι
788 460 862 514 ὼς
919 455 1115 526 φονίας
1169 457 1380 522 Λύσις.
1432 456 1511 509 Τὰ
1565 458 1735 523 ἐκκλη

1861 472 1950 510 rus
1979 469 2248 525 percussu
2282 463 2336 508 ct
2368 451 2585 516 occidit,
2620 451 2794 522 puniti
2825 461 2881 507 ut
2913 450 3271 506 homicidam?
3296 450 3406 507 Sol.

176 547 434 601 σιαστικά
456 547 704 616 ἐπιτίμια
721 549 821 601 οὐκ
841 547 948 601 εισι
962 545 1282 609 κολαπικά,
1303 546 1436 600 ἀλλά
1457 545 1735 614 ἀγιαστικᾶ

1857 545 2032 598 Poene
2059 541 2440 598 ecclesiasticae
2467 555 2570 594 non
2597 540 2843 609 puniunt,
2871 539 2964 594 sed
2994 538 3332 594 sanctificant
3357 553 3413 594 et

177 640 272 691 ttat
305 637 648 706 ίατρευτικά.
681 637 772 691 Διὸ
794 637 887 690 καὶ
915 636 1209 708 διορίζεται
1238 638 1266 691 ό
1293 635 1472 691 κανὼν
1495 638 1584 689 τὸν
1612 642 1751 689 κατα

175 728 572 798 παραχώρησιν
598 727 732 781 Θεοῦ
758 728 1067 797 ἐμπεσόντα
1095 728 1444 798 ὁπωσδήποτε
1465 728 1545 790 είς
1569 726 1747 794 φόνον,

175 818 272 868 καὶ
320 817 517 879 αὐτοὺς
561 819 683 880 τοὺς
723 819 782 870 ἐν
832 817 1050 888 πολέμῳ
1095 817 1435 886 φονεύοντας,
1479 817 1750 886 θεραπεύ-

169 905 327 959 εσθαι
366 909 505 960 κατά
533 908 743 978 ψυχήν
784 909 885 962 κᾶν
929 911 958 962 ό
1004 908 1102 977 μέν
1139 908 1524 978 μεγαλωτιρας
1557 906 1748 978 χρήσει

171 997 476 1065 θεραπείας
498 1037 512 1060 ,
547 996 623 1060 ὡς
654 995 894 1064 φονεύων
917 996 1178 1059 ἑκουσίως
1197 1039 1211 1062 ,
1251 998 1279 1050 ό
1309 997 1368 1050 δέ
1395 999 1745 1068 μικροτέρας,

168 1089 245 1150 ὼς
300 1086 540 1155 φονεύων
573 1087 866 1152 ἀκουσίως,
903 1087 1029 1157 ωε
1074 1087 1307 1159 ἀμύνης,
1342 1087 1375 1158 ή
1406 1090 1464 1141 ἐν
1502 1088 1743 1158 πολέμῳ.

183 1178 244 1230 '0
272 1178 327 1229 δέ
357 1176 632 1240 πολιτικὸς
667 1178 828 1246 νόμος
859 1176 1094 1242 κολάζει,
1133 1178 1195 1232 ού
1230 1178 1546 1248 θεραπεύει.
1584 1177 1746 1230 Ὀθεν

167 1267 260 1318 τὸν
321 1250 420 1334 μέν
477 1266 667 1336 ἔχοντα
705 1265 944 1320 διάθεσιν
982 1269 1060 1330 είς
1110 1267 1171 1320 τὸ
1217 1268 1472 1335 φονεῦσαι
1514 1270 1748 1338 τιμωρεῖ

165 1356 242 1418 ὡς
296 1358 492 1425 φονέα,
533 1357 624 1412 τὸν
656 1357 713 1410 δέ
751 1356 1019 1419 ἀκουσίως
1055 1356 1352 1425 φονεύοντα
1414 1359 1474 1410 ού
1512 1359 1747 1427 τιμωρεῖ

166 1448 266 1499 καὶ
316 1447 408 1499 τὸν
447 1447 782 1514 φονεύσαντα
837 1447 928 1498 τὸν
975 1447 1298 1517 βιαζόμενον
1337 1449 1499 1499 αὑτὸν
1545 1447 1746 1517 ἀτιμώ-

169 1554 338 1606 ρητον
389 1540 685 1607 συντηρεί,
729 1537 804 1600 ὡς
852 1538 930 1608 μὴ
976 1537 1222 1603 οἴκοθεν,
1288 1538 1403 1590 ἀλλ’
1443 1534 1511 1600 ἐξ
1561 1539 1742 1599 αἰτίας

163 1627 260 1681 τοῦ
323 1627 671 1698 φονευθέντος
717 1631 796 1690 είς
863 1629 924 1681 τὸ
985 1629 1240 1697 φονεῦσαι
1301 1629 1740 1698 κατεπειχθὲντα.

163 1717 336 1788 Οἶμαι
381 1719 436 1771 δέ
479 1721 560 1772 ὃτι
590 1721 684 1771 καὶ
723 1722 750 1771 ό
790 1719 1055 1786 φονεύσας
1098 1720 1158 1784 ἐξ
1200 1720 1412 1789 ἀμύνης
1463 1720 1604 1774 κατά
1655 1721 1744 1773 τὸν

165 1810 440 1863 πολιτικὸν
485 1811 648 1877 νόμον
697 1810 818 1862 τότε
869 1810 1341 1880 συντηρηθήσεται
1399 1812 1734 1875 ἀκόλαστος,

157 1892 294 1953 δταν
325 1902 581 1968 ἐφόνευσε
610 1900 703 1952 τὸν
731 1898 944 1970 πληγὴν
974 1900 1351 1970 θανατηφόρον
1366 1903 1742 1968 ἐπενεγκόντα

162 1988 335 2055 αὐτῷ.
377 1990 410 2060 ἢ
461 1988 581 2058 βίαν
626 1991 840 2056 ὁμοίαν,
886 1991 946 2041 οὐ
983 1989 1088 2059 μὴν
1129 1989 1344 2044 καὶτὸν
1372 1990 1609 2060 ἐλαφρὰν
1651 1991 1744 2043 καὶ

166 2081 386 2148 ἰᾶσιμον
431 2079 646 2148 πληγὴν
679 2080 1047 2142 ἐπενεγκόντα
1085 2082 1254 2148 αὐτῷ,
1298 2083 1466 2151 ήγουν
1515 2086 1742 2152 μετρίαν

165 2170 324 2236 βῖαν,
361 2171 457 2223 καὶ
493 2171 558 2239 ἢν
586 2171 810 2225 ἐδύνατο
839 2175 1010 2240 χωρὶς
1043 2173 1205 2240 φόνου
1245 2173 1546 2242 διαφυγεῖν.
1580 2174 1741 2244 Τηνιο

163 2262 343 2314 καῦτα
373 2266 482 2329 γὰρ
513 2262 586 2324 ὡς
615 2265 807 2330 φονεὺς
848 2264 1261 2332 κολασθήσεται.
1293 2265 1427 2334 Φησὶ
1456 2265 1563 2334 γὰρ
1592 2266 1651 2318 cs
1680 2265 1739 2318 ιδ’

164 2369 288 2418 κεφ.
318 2350 414 2403 τοῦ
450 2351 525 2403 λθ¹
556 2353 736 2404 τίτλυυ
761 2352 854 2405 τοῦ
889 2354 928 2415 ξ’
961 2353 1165 2421 βιϐλίου
1193 2372 1207 2387 ο
1249 2354 1306 2407 '0
1329 2357 1420 2407 τὸν
1450 2357 1738 2410 ἐπελθόντα

162 2446 435 2507 φονεύσας
469 2446 525 2496 ἐν
555 2437 600 2510 ᾧ
635 2446 766 2513 περὶ
799 2445 897 2512 τῆς
939 2445 1085 2514 ζωῆς
1118 2447 1474 2510 ἐκινδύνευεν,
1509 2449 1737 2525 ἀνεύθυτ

161 2535 246 2598 νός
283 2535 402 2586 ἐστι
445 2535 711 2604 φονεύειν.
765 2537 874 2590 Καὶ
915 2540 1054 2589 κατά
1101 2539 1241 2606 θέμα
1289 2540 1379 2592 τοῦ
1429 2540 1592 2592 αὑτοῦ
1640 2542 1728 2592 τὸν

159 2626 368 2699 λῃστήν
401 2628 622 2679 ἐπιόντα
646 2626 947 2690 ἀκινδύνως
985 2627 1160 2692 ἐξεστι
1193 2630 1460 2697 φονεύειν.
1505 2631 1648 2698 Ἐγὼ
1677 2631 1733 2685 δέ

159 2714 298 2770 εἶδον
329 2719 480 2783 ίερὲα
505 2717 900 2786 καθαιρεθέντα
929 2719 1241 2780 συνοδικῶς,
1267 2722 1348 2774 ὅτι
1371 2725 1555 2790 ἕτερον
1586 2725 1735 2793 ἱερέα

159 2807 562 2876 ἀναλαϐόμενον
614 2809 767 2878 παρά
806 2809 1023 2879 θέλησιν
1058 2815 1247 2864 τούτου
1289 2813 1494 2881 βιϐλίον
1534 2817 1598 2867 ἐκ
1635 2819 1730 2885 τῆς

159 2896 457 2966 ἐκκλησίας
489 2896 655 2950 αὑτοῦ
691 2900 922 2968 κατέσχε
942 2941 956 2956 .
1000 2901 1093 2952 καὶ
1123 2901 1412 2955 ἀνελάϐετο
1445 2886 1732 2972 εριστικῶς

159 2989 220 3040 ἐκ
258 2989 457 3040 τούτου
492 2988 552 3040 τὸ
581 2989 780 3041 οίκείον
820 2988 1055 3057 βιϐλίον,
1088 2993 1381 3046 κάντεῦθεν
1418 2993 1613 3064 συνέϐη
1643 2993 1731 3045 τὸν

1855 634 2175 696 medentur;
2207 641 2258 686 et
2300 630 2420 684 ideo
2463 630 2702 684 decernit
2741 643 2935 694 canon,
2979 639 3034 683 ιιι
3062 631 3155 700 qui
3189 645 3412 698 quomo-

1851 724 2131 788 docunque
2181 702 2274 776 liei
2320 721 2674 791 permissione
2727 722 2778 775 in
2819 723 3016 776 caedem
3063 720 3326 783 inciderit.
3356 729 3412 774 et

1851 811 1951 880 ipsi
1986 814 2147 865 etiam
2183 812 2271 877 qui
2309 813 2360 866 in
2397 813 2535 868 bello
2567 812 2895 872 occiderunt.
2936 813 2987 865 in
3021 813 3197 866 anima
3238 812 3404 866 medi-

1849 900 2026 956 cinam
2050 901 2318 971 accipiant
2342 919 2355 954 :
2384 903 2483 956 etsi
2515 903 2598 955 llic
2622 903 2837 968 quidem
2865 903 3065 971 majore
3088 916 3222 970 Opus
3251 905 3411 957 habet

1851 993 2135 1059 medicina,
2165 1002 2224 1048 ut
2244 991 2336 1063 qui
2366 1001 2557 1061 sponte
2588 991 2878 1056 interfecit,
2911 992 2998 1048 ille
3028 1007 3156 1047 vero
3184 995 3410 1057 minore,

1849 1095 1907 1138 ut
1948 1084 2038 1153 qui
2075 1099 2182 1139 non
2215 1083 2544 1146 voluntarie,
2575 1082 2660 1138 vel
2695 1082 2748 1139 in
2777 1082 2858 1136 sui
2897 1083 3210 1139 defensione
3241 1093 3324 1140 vel
3359 1087 3411 1140 in

1848 1175 2006 1228 bello.
2043 1174 2150 1230 Lex
2185 1185 2365 1229 autem
2409 1174 2580 1229 civilis
2611 1175 2782 1242 ptmit,
2821 1190 2925 1229 non
2964 1176 3223 1230 medetur.
3265 1177 3415 1233 Unde

1850 1264 2010 1317 etiam
2046 1279 2187 1325 eum,
2223 1265 2312 1333 qui
2365 1265 2527 1320 hahet
2572 1263 2821 1320 affectum
2860 1264 3234 1333 interficiendi,
3261 1269 3417 1336 punit

1848 1363 1904 1408 ut
1936 1356 2258 1410 homicidam
2299 1374 2311 1409 :
2362 1371 2484 1410 eum
2535 1371 2681 1421 vero,
2722 1357 2809 1423 qui
2849 1357 3206 1412 involuntaric
3250 1360 3416 1412 inter-

1848 1444 1975 1509 ﬁcit,
2028 1460 2131 1499 non
2171 1439 2321 1513 punit
2362 1463 2378 1512 ;
2422 1456 2475 1499 et
2516 1461 2660 1509 eum,
2704 1448 2795 1516 qui
2838 1448 2943 1499 vim
2980 1449 3050 1500 illi
3099 1448 3414 1503 inferentem

1845 1538 2090 1604 peremit,
2139 1538 2455 1606 imponitum
2502 1546 2802 1600 conservat,
2853 1547 2908 1591 ut
2941 1541 3025 1606 qui
3069 1556 3171 1593 non
3219 1557 3283 1595 ex
3335 1557 3414 1608 se,

1846 1630 1939 1679 scd
1969 1629 2034 1682 ab
2067 1641 2133 1681 eo
2175 1631 2265 1695 qui
2312 1626 2412 1680 fuit
2448 1628 2764 1680 interfectus
2805 1629 2870 1680 ad
2913 1630 3264 1684 occidendum
3310 1633 3412 1686 im-

1850 1718 2035 1786 pulsus
2071 1726 2172 1772 est.
2212 1718 2478 1773 Existimo
2511 1727 2687 1772 autem
2710 1759 2723 1780 ,
2754 1721 2892 1786 quod
2929 1722 3016 1788 qui
3049 1723 3209 1776 etiam
3248 1727 3299 1778 in
3331 1727 3410 1780 Sui

1845 1805 2154 1861 defensione
2179 1807 2403 1872 occidit,
2437 1819 2562 1862 tunc
2588 1808 2803 1876 impune
2831 1809 3018 1874 ahihit,
3051 1815 3266 1877 quando
3291 1829 3413 1869 cum

1846 1896 2132 1961 interfecit,
2185 1900 2273 1967 qui
2312 1901 2501 1953 vulnus
2549 1900 2622 1952 illi
2677 1904 2900 1956 mortale
2945 1902 3154 1965 inﬂixit,
3199 1905 3276 1959 vel
3305 1908 3412 1959 vim

1845 1988 2076 2044 similem
2114 2009 2128 2042 :
2163 2006 2268 2044 non
2304 2003 2484 2045 autem
2516 2005 2664 2054 eum,
2697 1995 2786 2060 qui
2826 1993 2992 2047 levem
3030 2010 3092 2049 ac
3125 1998 3412 2051 medic-alti-

1843 2078 1948 2133 Iern
1998 2077 2072 2132 illi
2125 2080 2334 2148 plagam
2390 2080 2568 2134 attulit
2612 2080 2725 2133 sive
2770 2083 2873 2134 vim
2929 2084 3214 2149 modicam,
3249 2100 3407 2154 quam

1841 2170 2004 2225 etiam
2048 2173 2166 2225 sine
2193 2174 2336 2226 caede
2367 2170 2600 2242 effugere
2627 2174 2819 2242 pomit.
2853 2173 3003 2227 Tunc
3045 2177 3188 2229 enim
3223 2188 3277 2229 ut
3308 2177 3408 2231 ΙΜ-

1843 2264 2033 2318 micida
2063 2265 2332 2332 punietur.
2357 2266 2491 2320 Dicit
2511 2267 2650 2319 enim
2683 2275 2838 2334 caput
2866 2266 2948 2331 li,
2978 2269 3060 2322 tit.
3087 2268 3174 2328 59,
3193 2267 3284 2324 lih.
3309 2287 3410 2324 ut:

1841 2354 1941 2420 Qui
1975 2370 2097 2408 eum
2137 2357 2426 2420 interfecit,
2479 2357 2564 2425 qui
2625 2358 2696 2408 ita
2754 2348 3064 2420 iuradebnt,
3102 2371 3158 2411 ut
3207 2360 3256 2411 in
3293 2364 3408 2414 vita'

1840 2444 2136 2511 periculum
2175 2446 2555 2511 adduceretur,
2601 2461 2706 2510 non
2737 2457 2817 2500 est
2854 2463 2978 2503 reus
3013 2450 3307 2503 homicid'i.
3350 2451 3412 2503 Et

1841 2537 2134 2590 St‘Cttndltttt
2186 2537 2302 2606 ejus
2355 2538 2556 2599 thema,
2611 2539 2873 2592 latronem
2927 2539 3264 2592 iuvatlcntcm
3316 2541 3415 2593 im-

1838 2642 1979 2687 pune
2012 2626 2138 2682 licet
2178 2629 2499 2682 interficere.
2550 2629 2659 2700 Ego
2707 2638 2885 2684 autem
2923 2632 3026 2684 vidi
3074 2635 3410 2687 sacerdotem

1838 2719 2169 2788 synodaliter
2216 2721 2258 2771 ιι
2288 2722 2544 2789 positum,
2594 2721 2735 2788 quod
2784 2721 3006 2776 alterum
3053 2725 3408 2786 sacerdotem.

1839 2812 1928 2875 qui
1978 2822 2171 2875 pra-ter
2206 2812 2322 2880 ejus
2361 2812 2690 2867 voluntatem
2724 2812 2917 2867 librum
2948 2829 3009 2866 ex
3054 2815 3280 2869 ecclesia
3313 2830 3407 2870 sua

1836 2903 2154 2969 accipiebat,
2200 2903 2445 2966 detinuit,
2494 2914 2547 2956 et
2602 2903 2796 2957 librum
2854 2906 3126 2972 proprium
3170 2922 3200 2960 e
3244 2923 3404 2964 manu

1833 2994 1950 3061 ejus
1989 2995 2323 3047 contentiose
2357 2995 2574 3062 recepit,
2613 3004 2666 3048 et
2693 3009 2757 3050 ex
2792 3010 2857 3049 eo
2882 2998 3096 3061 evenit,
3130 3009 3187 3050 ιιι
3229 3014 3409 3055 διιοῦσ-

157 3079 525 3147 ἀφαιρεθέντα
577 3081 638 3132 τδ
688 3079 890 3148 βιϐλίον
950 3085 1099 3153 ίερέα
1156 3085 1584 3156 λειποθυμῆσαι,
1637 3088 1728 3138 καὶ

1839 3085 1950 3147 dos,
2005 3085 2092 3137 cui
2144 3085 2278 3138 liher
2318 3084 2525 3138 ablatus
2580 3095 2682 3147 est,
2718 3087 3002 3156 deliquium
3050 3090 3214 3143 animi
3256 3100 3406 3156 patu-

157 3170 407 3239 αὐθωρδν
448 3170 762 3228 ἀποθανεῖν.
797 3172 1024 3240 Ἕτερος
1056 3174 1110 3227 δέ
1159 3179 1386 3244 μοναχδς
1419 3179 1512 3229 καὶ
1546 3179 1724 3247 ἱερεὺς

157 3261 264 3312 ἀπὸ
311 3260 414 3328 τῆς
460 3262 626 3330 μονῆς
659 3261 754 3315 τοῦ
798 3263 1016 3332 Στερίου
1061 3267 1338 3336 καθῃρέθη
1383 3269 1602 3335 ὁμοίως,
1646 3271 1728 3321 ὃτι

157 3353 393 3421 μοναχὸν
441 3369 564 3405 τινα
598 3351 900 3419 ὑϐρίσαντα
932 3356 1096 3407 αὐτὴν
1127 3356 1418 3425 ἀνθύϐρισε
1445 3360 1689 3428 τραχέως
1713 3399 1726 3422 ,

156 3443 254 3494 καὶ
289 3443 492 3511 συνὲσιι
521 3445 614 3496 τὸν
651 3443 823 3506 οὕτως
853 3444 1177 3511 ὑϐρισθέντα
1197 3486 1213 3511 ,
1252 3451 1365 3516 ἅμα
1398 3449 1474 3517 τῷ
1501 3450 1730 3502 ἀκούσαι

155 3530 251 3598 τήν
288 3529 484 3596 ὓϐριν,
519 3533 795 3596 στενάξαι,
831 3536 924 3584 καὶ
957 3536 1055 3605 τήν
1088 3537 1265 3606 ψυχὴν
1298 3539 1728 3604 ἀπερεύξασθαι.

156 3622 270 3674 Καὶ
301 3621 618 3692 ἀρχιερεὺς,
692 3623 993 3693 Ἀκαρηνδπ
1057 3628 1323 3694 φονεύσας
1383 3632 1501 3683 κατ’
1566 3631 1728 3684 αὐτοῦ

157 3713 310 3781 ξίφος
363 3714 722 3768 ἀνατείναντα
780 3719 837 3768 ἐν
890 3717 1068 3788 καιρῷ
1124 3720 1400 3788 πολέμου,
1452 3721 1731 3793 καθῃρέθη

154 3807 375 3874 ὁμοίως.

224 3898 478 3953 ΖΩΝΑΡ.
535 3897 598 3948 '0
643 3896 852 3966 πλήξας
894 3897 1015 3950 τινὰ
1060 3899 1308 3967 καιρίως,
1356 3901 1495 3954 ὥστε
1533 3905 1595 3953 ἐκ
1635 3904 1732 3966 τῆς

155 3989 372 4057 πληγῆς
414 3989 626 4058 ἐκείνης
660 3988 751 4040 τὸν
789 3988 1066 4056 πληγέντα
1105 3989 1310 4053 θανεῖν,
1347 3992 1538 4058 φονεύς
1568 3972 1691 4045 ἐστι
1714 4011 1727 4025 ·

155 4083 252 4132 καὶ
282 4082 385 4132 οὐκ
414 4080 711 4149 ἐξαιρεῖται
743 4081 904 4133 αὐτὸν
931 4081 1024 4132 τοῦ
1055 4081 1396 4150 ἐγκλήματος
1426 4084 1483 4134 τὸ
1509 4085 1584 4152 μὴ
1605 4101 1733 4136 κατ-

155 4168 462 4236 άρξασθαι,
509 4168 645 4221 ἀλλά
684 4169 961 4239 πληγῆναι
1007 4172 1270 4241 πρότερον
1316 4174 1445 4241 παρ’
1484 4176 1728 4238 ἐκείνου,

154 4260 246 4313 καὶΙ
273 4258 421 4313 οὕτω
471 4259 672 4328 πλῆξαι
721 4262 901 4324 αὐτὸν,
932 4262 1273 4330 ἀμυνόμενον
1303 4264 1391 4316 τὸν
1432 4263 1727 4334 πλήξαντα.

1827 3183 1993 3240 retur,
2022 3184 2074 3227 et
2097 3174 2207 3242 ipsa
2233 3174 2360 3228 hora
2391 3187 2706 3230 moreretur.
2732 3177 2877 3231 Alius
2903 3186 3079 3232 autem
3112 3182 3402 3236 monachus

1831 3271 1886 3315 et
1923 3265 2177 3316 sacerdos
2205 3279 2266 3316 ex
2304 3263 2447 3332 Tyrii
2485 3268 2814 3319 monasterio
2850 3267 3098 3320 similiter
3126 3280 3208 3322 est
3234 3272 3401 3337 depo-

1833 3351 1990 3414 situs,
2023 3353 2166 3416 quod
2206 3354 2526 3405 monachum
2556 3351 2871 3421 qtteuulam,
2921 3354 3012 3421 qui
3051 3371 3171 3406 cum
3207 3355 3400 3424 injuria

1833 3440 2110 3503 affecerat,
2139 3441 2285 3510 gravi
2324 3442 2561 3495 vicissim
2613 3442 2806 3510 injuria
2850 3443 3049 3510 aﬂecit,
3095 3459 3147 3499 ct
3179 3451 3396 3509 accidit.

1834 3542 1891 3584 ut
1935 3532 2023 3598 qui
2073 3532 2149 3585 sic
2204 3532 2400 3599 injuria
2445 3526 2665 3587 affectus
2697 3544 2799 3598 est,
2835 3536 2994 3590 simul
3038 3553 3101 3592 ac
3151 3539 3397 3605 iujuriaut

1833 3622 2059 3685 audivit,
2079 3610 2312 3690 εἴκωσι-ει
2332 3632 2385 3676 et
2411 3624 2645 3677 animam
2670 3635 2961 3680 eructaret.
3000 3628 3236 3685 Antistes
3266 3647 3396 3698 qum

1835 3729 1936 3779 quc
1969 3715 2072 3783 ξηιιί
2114 3717 2416 3783 Agarenum
2458 3715 2579 3770 helli
2631 3726 2872 3784 tempore
2906 3735 3087 3774 ensem
3134 3723 3185 3774 in
3227 3725 3396 3791 ipsum

1835 3805 2135 3858 vibrantem
2164 3803 2530 3868 interfecerat,
2565 3805 2816 3861 similiter
2842 3807 3116 3877 depositus
3138 3821 3239 3865 est.

1905 3892 2153 3949 ZONAR.
2186 3897 2286 3960 Qui
2311 3897 2463 3951 alteri
2496 3897 2690 3952 lethale
2726 3898 2917 3953 vulnus
2944 3899 3160 3967 inﬂixit,
3193 3918 3256 3957 ex
3291 3920 3396 3970 quo

1835 3998 2014 4054 pOStea
2048 3985 2266 4041 vulnere
2312 4002 2600 4055 percussus
2635 3989 2952 4058 exspiravit,
2987 3993 3251 4047 homicida
3269 4008 3351 4048 est
3381 4015 3396 4051 :

1835 4091 1930 4130 uec
1955 4091 2019 4130 ex
2043 4090 2107 4130 eo
2137 4077 2397 4132 liberatur
2418 4094 2444 4130 a
2473 4081 2719 4144 crimine,
2753 4082 2895 4140 quod
2930 4097 3033 4137 non
3066 4083 3180 4152 ipse
3210 4087 3376 4140 verhe

1835 4169 1986 4221 randi
2015 4167 2228 4221 initium
2266 4168 2473 4232 fecerit,
2510 4171 2600 4223 sed
2631 4171 2778 4238 prior
2805 4174 2873 4224 ab
2904 4171 2994 4226 illo
3023 4173 3186 4227 fuerit
3214 4177 3397 4228 vulne-

1837 4268 2001 4323 ratus,
2037 4260 2338 4327 exindeque
2363 4260 2555 4328 ipsum.
2583 4262 2706 4314 dum
2732 4261 2946 4316 sibimet
2973 4261 3176 4318 illatum
3203 4266 3396 4320 vulnus

1835 4345 2128 4409 ulciscitur,
2166 4346 2545 4400 vulneraverit.

249 4439 479 4492 ΑΡιΣτ.
526 4439 583 4492 Ὀ
615 4437 820 4508 πλήξας
849 4440 985 4508 πρὸς
1013 4439 1260 4505 θάνατον.
1287 4441 1380 4492 καὶ
1409 4442 1726 4512 ἀρχόμενος,

1903 4434 2128 4490 ARIST.
2159 4435 2259 4501 Qui
2291 4439 2355 4491 ad
2385 4446 2614 4491 mortem
2643 4442 2927 4508 percussit,
2961 4449 3065 4496 tam
3104 4441 3393 4505 lacessens,

155 4531 248 4585 καὶ
279 4531 646 4603 ἀμυνόμενος,
680 4530 1030 4598 ἀνδροφόνος.

233 4622 362 4673 Ἐάν
393 4638 476 4681 τις
506 4622 564 4673 ἐν
596 4621 745 4692 μάχῃ
775 4617 987 4689 πληγὴν
1012 4621 1190 4691 ἐπάγῃ
1219 4620 1324 4673 τινὶ
1357 4622 1597 4693 καιρίαν,
1628 4622 1725 4675 θά-

152 4728 311 4764 νατον
341 4711 698 4774 ἀπειλοῦσαν,
733 4709 835 4764 κᾶν
875 4709 1085 4775 πρῶτος
1123 4710 1327 4780 ήρξατο
1357 4712 1452 4780 τῆς
1491 4713 1722 4780 πληγῆς,

155 4801 255 4854 κᾶν
288 4801 384 4852 ὑπ’
412 4800 618 4852 ἐκείνου
648 4800 897 4869 πληγεὶς,
925 4803 1016 4856 καὶ
1035 4801 1262 4854 ἐκδικῶν
1288 4804 1382 4854 ἐαυ
1393 4802 1477 4854 τὸν
1500 4803 1724 4873 καιρίως

153 4889 481 4958 ἀντέπληξε,
509 4889 704 4959 φονεύς
745 4892 893 4947 ἐστιν
913 4907 926 4922 ·
957 4890 1065 4943 εἴτε
1089 4891 1145 4943 δέ
1176 4894 1408 4946 ἑκούσιοι
1433 4895 1524 4945 καὶ
1552 4895 1724 4963 ἀμφό-

154 5000 324 5053 τεροι,
357 4982 468 5036 είτε
498 4979 767 5042 ἀκούσιοι,
799 4980 908 5033 ἀπὸ
932 4981 1024 5034 τοῦ
1048 4983 1278 5052 ὀργάνου
1304 4983 1397 5036 τοῦ
1425 4984 1724 5053 πλήξαντος

155 5075 530 5144 κριθήσονται,
586 5071 682 5127 καλ⁵
723 5071 832 5125 ἀπὸ
884 5072 991 5125 τῶν
1046 5073 1247 5125 λοιπῶν
1303 5068 1378 5126 ὧν
1437 5077 1722 5145 παρέδωκε

154 5164 553 5236 γνωρισμάτων
583 5165 640 5217 ἐν
670 5163 747 5231 τῷ
774 5164 945 5233 ὀγδόῳ
976 5165 1178 5216 κανόνι.

740 5254 978 5308 Κ-ΑΝΩΝ
1007 5253 1137 5308 MA'.

166 5345 228 5400 ’Β
259 5348 511 5409 διάκονος
547 5347 578 5416 ή
609 5344 687 5416 τῷ
722 5345 942 5416 Ἕλληνι
976 5348 1429 5417 συμπορνεύσασα
1461 5350 1520 5403 ού
1559 5349 1720 5422 δεκτή

227 5441 377 5491 ἐστιν
409 5440 492 5501 είς
525 5438 810 5490 κοινωνίαν
832 5452 848 5467 °
880 5438 960 5500 είς
987 5438 1042 5491 δὲ
1071 5440 1169 5509 τὴν
1196 5440 1505 5508 προσφορὰν
1529 5441 1722 5512 δεχθή-

224 5544 379 5582 σεται
423 5529 502 5597 τῷ
534 5529 576 5591 ζ’
611 5527 718 5581 ἐτει
738 5569 753 5591 ,
783 5529 1024 5597 δηλονότι
1062 5531 1119 5582 ἐν
1145 5532 1334 5602 ἁγνεία
1364 5532 1534 5596 ζῶσα.
1574 5534 1635 5588 ’0
1666 5535 1723 5586 δέ

225 5621 367 5687 μετά
387 5621 487 5688 τὴν
512 5618 690 5673 πίστιν
707 5620 907 5686 Ἕλλην
931 5621 1088 5676 πάλιν
1109 5625 1173 5691 τῇ
1193 5621 1465 5694 ἱεροσυλίᾳ
1485 5624 1723 5695 προσιὼν

226 5712 316 5761 ἐπὶ
340 5709 430 5761 τὸν
455 5709 652 5778 ἔμετον
672 5710 1007 5779 ἐπιστρέφει.
1038 5711 1225 5782 Ἡμεῖς
1246 5713 1338 5768 οὖν
1361 5713 1458 5784 τῆς
1473 5713 1720 5768 διακόνου

1830 4541 1989 4595 quam
2025 4527 2308 4590 ulciscens,
2343 4529 2606 4582 homicida
2644 4537 2747 4583 est.

1900 4614 1955 4668 Si
1992 4616 2117 4684 quis
2158 4618 2209 4668 in
2254 4631 2430 4685 pugna
2463 4617 2653 4672 vulnus
2701 4618 2893 4673 lethale
2925 4620 3157 4692 cuipiam
3193 4622 3390 4687 intulit,

1831 4717 2058 4760 mortem
2093 4707 2369 4769 minitans,
2401 4708 2526 4762 licet
2552 4713 2755 4776 primus
2786 4709 3066 4765 vulnerare
3092 4714 3273 4779 ccepit,
3305 4726 3395 4768 aut

1827 4799 1894 4851 ab
1923 4813 1987 4852 eo
2025 4813 2310 4866 percussus
2347 4806 2400 4852 et
2433 4813 2549 4852 sese
2578 4800 2864 4863 ulciscens,
2899 4799 3172 4858 lethaliter
3206 4819 3389 4872 reper-

1826 4888 2018 4951 cussit,
2051 4888 2314 4946 homicida
2360 4899 2460 4943 est.
2507 4887 2645 4942 Num
2681 4889 2970 4944 voluntarii
3007 4902 3183 4946 autem
3231 4897 3389 4947 ambn

1826 4989 1985 5031 erant
2019 4988 2110 5031 ant
2151 4979 2515 5043 mvoluntarii,
2557 4994 2586 5032 a
2632 4981 2983 5048 percutientis
3026 4983 3386 5038 instrumento

1821 5069 2225 5136 ιιιιιίιιιιιιιιιιιυι,
2264 5079 2318 5122 et
2344 5070 2412 5123 ab
2453 5070 2572 5125 aliis
2598 5070 2815 5140 judiciis
2846 5086 2964 5141 quae
2989 5073 3041 5127 in
3076 5085 3268 5128 octavo
3295 5089 3385 5129 ca-

1826 5177 1964 5219 none
1995 5164 2232 5217 tradidit.

2373 5256 2602 5312 CANON
2646 5255 2803 5312 XLIV

1828 5349 2156 5412 DiacOnissa,
2182 5365 2300 5417 quae
2330 5366 2430 5403 una
2462 5365 2582 5403 cum
2611 5349 2799 5403 Graeco
2828 5348 3090 5402 fornicata
3126 5355 3228 5410 est,
3276 5362 3382 5402 non

1899 5454 1981 5497 est
2013 5445 2078 5497 ad
2113 5443 2544 5496 cnmmunionem
2582 5443 2935 5504 admittenda,
2963 5440 3031 5495 ad
3060 5440 3382 5495 oblationem

1895 5543 2072 5584 autem
2118 5532 2348 5598 septimo
2401 5546 2540 5584 anno
2585 5533 2918 5593 admittetur,
2973 5529 3183 5586 scilicet
3230 5530 3276 5585 si
3329 5531 3381 5584 iu

1895 5620 2145 5675 castitate
2190 5621 2353 5674 vitam
2409 5630 2552 5690 agat.
2603 5620 2822 5675 Graacus
2875 5631 3076 5685 autem,
3119 5621 3208 5689 qui
3259 5637 3379 5689 post

1893 5711 2052 5768 fidem
2088 5728 2274 5770 rursus
2298 5714 2364 5768 ad
2399 5712 2736 5783 sacrilegium
2766 5712 2990 5777 accedit,
3025 5712 3092 5767 ad
3127 5712 3384 5767 vomitum
