4096 6494
708 376 816 440 719

1969 376 2248 436 TllEOD.
2288 378 2687 438 llAl.SAMON

3839 394 3944 456 720

781 489 1089 543 revertitur.
1125 489 1233 543 Nos
1258 503 1383 543 vero
1411 492 1724 546 diaconissae
1749 504 1965 560 corpus,
1996 499 2053 542 ut
2083 505 2260 544 conse«

2443 492 2500 541 τὸ
2519 493 2676 557 σῶμα
2696 491 2770 552 ὡς
2792 492 3190 562 καθιερωμένον
3211 497 3311 550 οὐκ
3333 497 3705 570 επιτρέπομεν
3732 504 3789 556 ἐν
3810 513 3945 572 χρη-

775 590 1008 642 cratum,
1041 595 1142 633 non
1175 580 1403 648 amplius
1437 581 1490 635 in
1532 597 1626 637 usu
1661 581 1858 637 carnali
1896 595 2012 635 esse
2045 583 2268 648 permit-

783 675 964 726 timus.

779 855 971 910 BALS.
1022 856 1321 921 Quomodo.
1356 857 1409 908 el
1440 869 1684 924 quaenam
1731 855 1924 909 mulier
1963 855 2266 909 diacOnissa

709 949 786 1012 lit,
817 963 879 1002 ex
909 946 1135 1000 diversis
1173 945 1465 1000 canonibus
1494 946 1748 1000 didicisti.
1791 945 2099 1000 Diaconissa
2137 961 2266 1014 ergo

706 1040 898 1094 mulier
947 1038 1104 1092 alicui
1158 1038 1346 1093 Graeco
1401 1037 1749 1092 fornicatorie
1796 1036 2110 1103 conjuncta,
2159 1052 2266 1090 non

705 1130 879 1184 solum
933 1137 1011 1182 est
1058 1128 1320 1195 deposita,
1365 1126 1458 1180 sed
1507 1125 1670 1180 etiam
1717 1135 2030 1194 segregata;
2082 1132 2135 1178 et
2176 1124 2265 1191 qui

704 1236 822 1274 cum
857 1235 918 1272 ea
954 1235 1062 1272 rem
1104 1218 1290 1272 habuit
1331 1217 1570 1280 Oramus.
1618 1217 1784 1271 fidelis
1825 1215 2070 1278 effectus,
2100 1215 2267 1267 voluit

705 1325 822 1364 eam
867 1324 1089 1363 uxorem
1132 1309 1394 1377 accipere,
1440 1319 1693 1377 tanquam
1743 1307 1830 1374 qui
1875 1322 1970 1376 per
2018 1314 2262 1360 sanctum

707 1402 1026 1470 baptismum
1059 1415 1088 1453 a
1127 1402 1309 1455 Greca
1358 1399 1689 1453 immunditia
1723 1398 1982 1452 liberatus
2019 1403 2182 1458 esset,
2213 1403 2267 1447 et

704 1491 793 1559 qui
825 1492 873 1544 ei
903 1491 1136 1558 legitime
1176 1491 1424 1558 conjungi
1474 1504 1576 1542 non
1610 1489 1976 1557 impediretur,
2024 1503 2141 1554 qua:
2173 1502 2266 1552 per

704 1583 935 1651 priorem
969 1581 1374 1636 fornicationem
1402 1581 1728 1635 diaconaletn
1759 1583 2135 1633 auctoritatem
2169 1580 2260 1631 de-

703 1676 990 1742 posuisset,
1035 1683 1088 1727 et
1131 1685 1274 1728 esset
1309 1674 1470 1727 veluti
1515 1673 1704 1726 libera.
1757 1670 1986 1725 Sanctus
2020 1685 2148 1738 ergo
2200 1671 2264 1724 de

706 1769 948 1836 utrisque
977 1767 1132 1834 102
1161 1765 1259 1818 fuit
1307 1766 1689 1835 interrogatus,
1715 1774 1766 1817 et
1797 1764 2090 1829 respondit,
2122 1761 2260 1829 quod

703 1858 1026 1916 diaconissa,
1064 1871 1181 1922 qum
1216 1855 1474 1907 fornicata
1508 1864 1610 1918 est,
1641 1864 1695 1907 et
1733 1864 2013 1922 propterea
2048 1851 2147 1905 fuit
2172 1853 2261 1905 de—

704 1949 897 2018 posita,
945 1964 1049 2000 non
1108 1945 1497 2014 segregabitur,
1554 1945 1626 1997 ita
1675 1955 1732 1996 ιιι
1781 1959 1883 1997 non
1930 1944 1983 1996 in
2034 1942 2259 1996 ecclesia

703 2049 965 2098 versetur,
1001 2038 1092 2090 sed
1128 2036 1192 2088 ad
1226 2035 1520 2087 orationem
1566 2042 1618 2086 et
1651 2034 1938 2086 stationem
1971 2045 2091 2086 cum
2129 2029 2262 2083 fide-

703 2132 839 2183 libus
861 2129 1194 2182 admittetur.
1224 2126 1428 2178 Dictum
1458 2125 1599 2178 enim
1626 2134 1706 2177 est
1730 2124 2003 2178 tricesimo
2028 2123 2262 2176 secundo

701 2223 816 2287 ejus
846 2235 968 2272 can.
1023 2223 1162 2285 quod
1207 2216 1410 2279 clerici,
1447 2215 1537 2284 qui
1595 2224 1870 2283 peccatum
1922 2215 1985 2266 ad
2034 2221 2260 2266 mortcm

703 2319 952 2378 peccant,
976 2309 1145 2361 solum
1177 2310 1533 2374 deponuntur,
1564 2321 1666 2358 non
1698 2305 1855 2358 etiam
1888 2313 2258 2373 segregantur.

704 2398 818 2452 Non
856 2400 998 2453 enim
1032 2397 1331 2450 vindicabis
1366 2397 1444 2449 bis
1480 2397 1527 2447 in
1564 2394 1816 2462 idipsum.
1851 2393 2018 2446 Porro
2051 2405 2103 2447 et
2143 2393 2259 2446 dia-

703 2491 912 2544 conissa
943 2498 1159 2557 propter
1190 2487 1594 2540 fornicationem
1630 2485 1867 2550 deposita
1903 2483 1972 2536 ab
2004 2483 2263 2537 ecclesia-

703 2581 839 2635 stica
875 2581 1061 2650 synaxi
1097 2594 1200 2631 non
1243 2576 1628 2645 segregabitur.
1664 2575 1740 2627 Illi
1773 2576 1913 2629 enim
1945 2589 2042 2642 pro
2073 2573 2262 2640 quavis

703 2687 861 2742 pwna
892 2670 1084 2725 sufficit
1112 2669 1394 2737 depositio.
1425 2667 1558 2733 Quia
1590 2675 1767 2720 autem
1800 2667 1888 2734 qui
1920 2665 2263 2718 fornicantur

705 2763 936 2818 triennio
955 2776 1057 2813 non
1079 2769 1199 2813 sunt
1222 2768 1526 2813 sanctorum
1553 2758 1925 2827 mysteriorum
1950 2755 2257 2824 participes,

703 2856 889 2910 statuit
942 2862 1159 2906 sanctus
1196 2861 1251 2904 ιιι
1301 2865 1359 2902 ea
1404 2850 1572 2918 magis
1607 2849 1903 2914 puniretur,
1955 2847 2096 2915 quod
2141 2862 2258 2899 cum

2448 597 2527 632 σει
2556 576 2693 634 εἶναι
2728 587 2987 653 σαρκικῇ.

2440 853 2632 906 ΒΔΛΣ.
2654 855 2841 918 Ὅπως
2865 856 2956 907 καὶ
2977 857 3060 909 οἷα
3087 858 3220 927 γυνὴ
3242 857 3448 924 γίνεται
3471 863 3718 924 διακονος
3744 861 3941 928 ἔμαθες

2368 945 2476 997 ἀπὸ
2499 946 2768 1015 διαφόρων
2791 949 3052 1002 κανόνων.
3074 949 3327 1010 Διάκονος
3355 951 3485 1018 γοῦν
3505 953 3642 1021 γυνὴ
3668 955 3941 1022 πορνικῶς

2370 1034 2752 1106 συμφθαρεῖσα
2785 1036 3009 1107 Ἕλληνι
3041 1055 3145 1091 τινι
3178 1039 3238 1090 οὐ
3279 1040 3440 1108 μόνον
3469 1041 3775 1113 καθῃρέθη,
3807 1043 3941 1096 ἀλλά

2368 1125 2461 1174 καὶ
2500 1125 2782 1194 ἀφωρίσθη
2811 1141 2826 1156 ο
2869 1130 2963 1180 καὶ
3003 1130 3032 1180 ὁ
3079 1144 3216 1196 μετα
3249 1130 3453 1198 ταύτης
3488 1131 3547 1183 δὲ
3597 1133 3938 1201 συμφθαρεὶς

2369 1210 2586 1279 Ἕλλην,
2641 1214 2829 1276 πιστὸς
2856 1216 3170 1283 γενόμενος,
3211 1217 3368 1286 ἦθελε
3407 1218 3613 1288 ταύτην
3646 1219 3836 1273 λαϐεῖν
3866 1222 3940 1281 είς

2365 1303 2620 1366 γυναῖκα,
2667 1302 2742 1364 ὼς
2785 1303 2873 1354 διὰ
2922 1303 3016 1357 τοῦ
3068 1306 3226 1371 ἀγίου
3285 1305 3661 1376 βαπτίσματος
3703 1310 3814 1362 ἀπὸ
3848 1310 3942 1377 τῆς

2378 1390 2698 1459 Ἑλληνικῆς
2747 1392 3086 1462 ἀκαθαρσίας
3132 1391 3448 1465 καθαρθεὶς.
3499 1401 3596 1450 καὶ
3646 1397 3810 1468 δῆθεν
3869 1400 3939 1466 μὴ

2367 1480 2790 1550 ἐμποδιζόμενος
2827 1480 3075 1553 νομίμως
3106 1487 3246 1557 αὐτῇ
3272 1487 3639 1558 συναφθῆναι,
3681 1489 3782 1558 τὴν
3829 1490 3942 1543 δια-

2364 1573 2590 1641 κονικὴν
2651 1573 2805 1637 ἀξίαν
2857 1574 3189 1646 ἀποθεμένη,
3240 1576 3329 1629 διὰ
3380 1580 3477 1646 τῆς
3532 1581 3939 1649 προγενομένης

2368 1665 2647 1735 πορνείας,
2671 1665 2765 1716 καὶ
2791 1659 2902 1716 οἷον
2922 1664 3058 1736 οὔσῃ
3085 1667 3659 1738 ὲλευθέρᾳ.Ἦρωτήθη
3692 1669 3789 1722 οὖν
3815 1671 3940 1738 περὶ

2363 1756 2686 1824 ἀμφοτέρων
2710 1756 2737 1807 ὀ
2769 1755 2944 1821 ἅγιος,
2967 1758 3062 1810 καὶ
3084 1759 3419 1828 ἀπεκρίνατο
3439 1761 3565 1828 δτιὴ
3594 1761 3940 1829 πορνεύσασα

2294 1816 2332 1870 Β
2359 1816 2690 1909 διἀκόνισσα,
2715 1816 3083 1899 καὶθιά-τοῦτο
3098 1816 3504 1917 καθαιρεθεῖσα,
3529 1816 3628 1901 οίδκ
3647 1816 3945 1918 ἀφορισθή-

2364 1959 2515 1994 σεται
2576 1942 2714 1994 ὥστε
2765 1943 2839 2012 μὴ
2888 1943 3287 2010 ἐκκλησιάζειν,
3328 1943 3464 1996 ἀλλά
3504 1945 3827 2014 δειχθήσεται
3866 1948 3941 2004 εἰς

2361 2036 2462 2102 τὴν
2489 2033 2625 2103 μετά
2649 2033 2759 2086 τῶν
2789 2033 2994 2086 πιστῶν
3026 2034 3191 2102 εὐχὴν
3213 2037 3304 2086 καὶ
3334 2037 3542 2087 στάσιν.
3576 2032 3810 2105 Εἴρηται
3839 2039 3940 2104 γὰρ

2362 2127 2439 2186 είς
2488 2126 2577 2176 τὸν
2619 2123 2700 2194 λβ¹
2746 2124 2944 2177 κανόνα
2981 2125 3167 2188 αὑτοῦ,
3203 2126 3285 2177 ὅτι
3323 2127 3371 2177 ot
3409 2125 3506 2195 τὴν
3533 2130 3671 2194 πρὶς
3715 2128 3942 2180 θάνατον

2363 2217 2762 2286 ἁμαρτάνοντες
2782 2218 3057 2286 ἁμαρτίαν
3076 2217 3326 2286 κληρικοὶ
3344 2217 3738 2286 καθαιροῦνται
3760 2221 3940 2286 μόνον,

2362 2309 2421 2360 οὑ
2460 2309 2565 2378 μὴν
2597 2310 2690 2361 καὶ
2721 2309 3092 2379 ἀφορίζονται.
3132 2312 3206 2362 Οὐ
3242 2311 3347 2378 γὰρ
3390 2310 3703 2379 ὲκδικήσεις
3739 2313 3822 2373 δὶς
3851 2314 3939 2363 ἐπὶ

2361 2401 2421 2451 τὸ
2475 2400 2634 2452 αὐτό.
2683 2401 2790 2452 Καὶ
2832 2402 2864 2470 ἡ
2913 2400 3157 2462 διάκονος
3197 2400 3356 2467 γοῦν,
3403 2400 3490 2452 διὰ
3531 2402 3631 2469 τὴν
3687 2403 3941 2468 πορνείαν

2365 2491 2776 2561 καθαιρεθεῖσα,
2812 2492 2910 2544 οὐκ
2947 2492 3375 2561 ἀφορισθήσεται
3416 2495 3476 2544 ἐκ
3509 2492 3609 2560 τῆς
3642 2495 3939 2562 ικκλησια-

2365 2587 2552 2653 στικῆς
2586 2582 2881 2645 συνάξεως.
2918 2585 3106 2651 Ἀρκεῖ
3136 2583 3242 2650 γὰρ
3274 2584 3410 2651 αὐτῇ
3443 2583 3564 2634 ἀντὶ
3597 2587 3799 2644 παντὸς
3829 2586 3941 2634 επις

2362 2673 2540 2739 τιμίου
2586 2674 2618 2739 ὴ
2663 2671 2999 2740 καθαίρεσις.
3055 2673 3174 2725 Ὅτι
3229 2673 3286 2724 δὲ
3340 2674 3388 2723 οί
3445 2671 3811 2742 πορνεύοντες
3855 2660 3940 2723 ἐπὶ

2361 2763 2679 2832 τετραετίαν
2704 2764 2811 2815 τῶν
2843 2763 3013 2830 ἀγίων
3043 2763 3359 2831 μυστηρίων
3389 2764 3448 2814 οὐ
3487 2764 3938 2831 μετα>.αμ6ἁν;υ-

2367 2873 2472 2918 σιν,
2522 2854 2722 2924 ὥρισεν
2752 2857 2778 2906 ὁ
2819 2855 2972 2922 ἅγιος
3008 2855 3100 2906 ἐπὶ
3135 2854 3294 2907 πλέον
3336 2854 3732 2922 ὲπιτιμηθῆναι
3773 2857 3940 2921 αὐτὴν

701 2947 886 3001 Graeco
928 2962 1035 2999 rem
1068 2945 1332 3007 habuerit,
1372 2957 1541 3009 caque
1574 2950 1715 2995 esset
1767 2952 1884 3007 post
1917 2941 2256 3010 septennium

2359 2946 2443 2998 διὰ
2467 2946 2526 2998 τὸ
2556 2947 2692 3014 μετά
2726 2946 2982 3014 Ἕλληνος
3008 2945 3418 3014 συμφθαρῆναι,
3445 2948 3532 2996 καὶ
3562 2945 3702 3013 μετὰ
3734 2947 3931 2997 ἑπταε-

703 3046 1164 3091 sacramentorum
1195 3033 1461 3100 particeps
1501 3049 1528 3083 a
1566 3030 1918 3082 fornicatione
1945 3043 2002 3082 se
2041 3042 2260 3095 prorSus

2363 3036 2485 3085 τίαν
2539 3033 2865 3100 μεταλαϐεῖν
2910 3033 3081 3101 αὐτὴν
3129 3033 3237 3084 τῶν
3281 3033 3667 3099 ἀγιασμάτων.
3722 3034 3936 3094 πάντως

702 3126 1003 3181 continens.
1055 3122 1300 3176 Graecum
1348 3132 1524 3172 autem
1573 3120 1660 3186 qui
1711 3119 1963 3181 credidit,
2017 3127 2073 3170 et
2118 3132 2256 3178 eam,

2372 3124 2686 3174 ἀποστᾶσαν
2733 3124 2796 3173 ὲκ
2841 3123 2939 3189 τῆς
2987 3121 3261 3190 πορνείας.
3308 3122 3408 3173 Τὸν
3455 3123 3512 3174 δὲ
3559 3122 3935 3174 πιστεύσαντα

703 3233 821 3286 qua:
853 3217 1140 3284 aliquando
1167 3212 1265 3265 fuit
1297 3209 1599 3264 diaconissa
1635 3211 1829 3261 habere
1854 3209 2067 3275 quaerit,
2100 3207 2260 3259 sacri-

2373 3214 2609 3280 ’Ἕλληνα
2654 3213 2750 3264 καὶ
2792 3212 3055 3280 ζητοῦντα
3090 3214 3232 3279 ἔχειν
3269 3213 3364 3281 τήν
3412 3229 3541 3265 ποτε
3584 3215 3933 3267 διακόνισσαν

706 3309 827 3378 legii
868 3302 1303 3360 condemuationi
1352 3299 1585 3368 subjicit,
1624 3299 1668 3350 si
1702 3299 2019 3350 diacouissze
2046 3311 2260 3364 corpus,

2371 3305 2675 3371 ἱεροσυλίας
2729 3303 2995 3372 καταδίκῃ
3043 3299 3466 3367 κάθυποὸἀλλει,
3520 3305 3614 3356 ἐὰν
3668 3305 3733 3356 τὸ
3783 3306 3930 3368 ἅπαξ

705 3397 845 3466 quod
873 3397 978 3450 Deo
1005 3396 1165 3446 semel
1193 3400 1272 3445 est
1301 3391 1626 3450 dedicatum,
1655 3403 1747 3456 per
1782 3389 1980 3440 coitum
2015 3389 2258 3454 coinqui-

2370 3394 2674 3464 ἀφιερωθὲν
2714 3395 2869 3462 σῶμα
2899 3393 2999 3462 τῆς
3033 3393 3376 3455 διακονίσσης
3406 3394 3494 3445 διὰ
3527 3394 3623 3462 τῆς
3648 3394 3931 3461 ἐπιμιξίας

705 3487 913 3541 naverit
944 3503 958 3538 :
994 3494 1045 3537 et
1085 3498 1204 3536 eum
1242 3481 1375 3534 adeo
1411 3493 1597 3532 canem
1634 3487 1810 3539 vocat,
1865 3479 1955 3546 qui
2004 3478 2068 3529 ad
2104 3492 2260 3528 suum

2364 3486 2596 3554 κοινώσῃ
2618 3500 2634 3516 ⁶
2670 3485 2871 3553 μᾶλλον
2914 3485 3012 3553 μὲν
3049 3481 3143 3536 οὖν
3179 3486 3269 3535 καὶ
3301 3488 3437 3536 κύνα
3466 3485 3632 3536 αὐτὸν
3664 3487 3935 3538 ἀποκαλεῖ

704 3577 964 3632 vomitum
997 3573 1309 3633 revertitur,
1351 3572 1448 3622 IIOC
1474 3578 1555 3622 est
1587 3568 1652 3621 ad
1697 3569 1927 3637 priorem
1969 3565 2260 3620 infidelita-

704 3678 812 3722 tem
849 3680 943 3735 per
976 3663 1238 3717 nefarium
1283 3659 1504 3712 coitum.
1551 3658 1912 3723 Quamobrem
1961 3672 2104 3720 eam,
2146 3671 2266 3724 quae

703 3757 868 3813 semel
919 3756 1026 3808 Deo
1074 3762 1155 3806 est
1196 3750 1468 3812 dedicata,
1519 3748 1733 3801 etiamsi
1784 3747 1946 3800 fuerit
1997 3746 2261 3816 deposita,

705 3848 850 3902 nullo
879 3845 1040 3901 modo
1081 3843 1210 3898 sinit
1255 3841 1413 3895 alicui
1452 3838 1729 3907 conjungi,
1766 3841 1908 3902 quod
1956 3838 2026 3891 sit
2067 3851 2264 3905 corpus

703 3940 820 4008 ejus
858 3944 1253 3996 consecratum,
1282 3941 1337 3984 et
1364 3930 1570 3984 servari
1606 3930 1797 3984 debeat
1825 3929 1891 3982 ab
1920 3929 2063 3982 omni
2097 3930 2260 3991 coitu,

704 4041 757 4084 et
785 4028 927 4083 omni
954 4042 1054 4080 usu
1082 4024 1283 4078 carnali
1315 4024 1464 4093 juxta
1493 4022 1850 4076 universalem
1881 4020 2116 4090 regulam
2146 4034 2263 4088 qua:

705 4122 854 4184 dicit,
900 4119 1051 4183 Quod
1099 4126 1340 4170 sanctum
1387 4126 1468 4170 est
1521 4130 1628 4168 non
1676 4115 1736 4167 fit
1796 4114 2076 4182 pollutum.
2127 4112 2263 4166 Nota

700 4227 829 4278 ergo
860 4212 972 4264 haec
1015 4218 1232 4277 pr0pter
1266 4207 1492 4261 clericos
1531 4215 1584 4260 et
1619 4205 1933 4268 monachos,
1963 4211 2052 4273 qui
2087 4213 2262 4258 trans-

705 4300 938 4353 formant
991 4307 1044 4349 et
1092 4304 1302 4348 mutant
1351 4296 1591 4348 habitum
1633 4334 1646 4357 ,
1705 4294 1812 4346 into
1870 4301 1922 4346 et
1967 4292 2264 4346 monacltas

703 4387 886 4449 etiam,
918 4393 971 4436 et
1009 4382 1261 4436 ascetrias
1300 4381 1537 4434 volentes
1583 4380 1835 4448 legittmts
1867 4380 2122 4433 uxoribus
2168 4389 2260 4432 aut

709 4477 844 4531 viris
872 4474 1144 4543 conjungi.
1182 4471 1444 4525 Existimo
1483 4480 1658 4524 autem
1691 4485 1782 4522 eas
1824 4471 1890 4522 ab
1923 4471 2023 4524 hoc
2055 4484 2260 4524 canone

704 4575 848 4618 recte
875 4562 1114 4618 secundo
1148 4561 1347 4614 nubere
1385 4559 1764 4626 prohibendas,
1791 4572 1887 4610 nec
1921 4559 2260 4612 sacerdotum

706 4667 923 4715 uxores,
946 4653 1084 4704 sicut
1112 4665 1207 4704 nec
1233 4649 1322 4716 qui
1347 4656 1470 4702 sunt
1495 4649 1692 4701 sacrati
1721 4647 2082 4700 sacerdotium
2111 4660 2262 4699 recu-

705 4749 909 4803 santes,
967 4740 1344 4806 permittentur
1392 4738 1572 4789 vivere
1622 4744 1676 4788 ut
1728 4735 1870 4798 laici,
1921 4747 1974 4789 et
2026 4735 2262 4789 secundo

707 4828 1109 4884 matrimonium
1135 4827 1454 4880 contrahere
1479 4841 1494 4878 :
1519 4823 1851 4878 sacerdomm
1879 4825 2021 4877 enim
2045 4838 2258 4888 uxores,

707 4933 869 4972 unum
911 4931 1104 4985 corpus
1141 4925 1194 4968 et
1240 4926 1342 4966 una
1391 4927 1517 4967 caro
1549 4913 1918 4976 sacerdotalis,
1954 4928 2048 4982 per
2078 4913 2260 4981 legiti-

709 5023 848 5063 mam
880 5006 1168 5062 sacerdotii
1206 5003 1629 5069 coujunctionem
1674 5001 1968 5070 appellata,
2009 5013 2062 5058 et
2100 5018 2161 5058 ea
2191 5004 2260 5057 de

709 5113 868 5152 causa
906 5096 1071 5151 veluti
1119 5102 1480 5156 consecratae,
1534 5106 1637 5146 non
1687 5091 2112 5162 profanabuntur
2164 5107 2260 5161 per

709 5188 973 5243 secundas
1025 5187 1258 5251 nuptias.
1318 5182 1638 5237 Sacerdotes
1688 5191 1894 5247 autem,
1946 5183 2036 5250 qui
2094 5185 2258 5238 semel

706 5278 969 5333 secundas
1021 5277 1256 5342 nuptias,
1309 5288 1373 5328 eo
1422 5273 1566 5343 quod
1610 5273 1718 5328 Deo
1767 5283 1895 5327 sunt
1934 5275 2254 5339 consecrati,

707 5367 1028 5438 rejecerunt,
1078 5376 1130 5417 et
1176 5365 1283 5418 Deo
1312 5366 1412 5418 hoc
1457 5365 1639 5432 utique
1678 5363 1903 5430 professi
1952 5374 2100 5428 sunt,
2153 5380 2256 5418 non

707 5459 954 5513 sinentur
1003 5470 1098 5524 per
1144 5453 1413 5508 carnalem
1465 5453 1806 5522 cupiditatem
1865 5455 2254 5510 sacerdotalem

704 5549 1014 5617 dignitatem
1050 5547 1353 5613 repudiare,
1381 5554 1433 5598 ct
1461 5559 1616 5612 quam
1650 5545 1758 5598 Deo
1785 5544 2024 5600 fecerunt
2052 5547 2257 5613 profes-

703 5639 910 5692 sionem
951 5639 1242 5701 intlrmare,
1285 5647 1337 5690 et
1371 5636 1571 5689 carnali
1620 5635 1830 5689 libidini
1873 5639 2075 5692 servire
2110 5656 2121 5692 :
2161 5641 2253 5690 εει-(1

705 5727 914 5782 etiamsi
951 5728 1116 5782 semel
1158 5725 1457 5781 sacerdOtio
1502 5727 1967 5792 renuntiaverint,
2026 5742 2250 5796 corpora

2364 3578 2442 3636 εἰς
2463 3576 2551 3626 τὸν
2585 3575 2714 3627 [διον
2738 3575 2930 3641 ἔμετον
2970 3575 3389 3641 ἐπιστρέφοντα,
3417 3576 3699 3628 τουτέστιν
3729 3579 3810 3636 εἰς
3837 3578 3933 3645 τὴν

2363 3665 2633 3732 προτέραν
2681 3664 2940 3716 ἀπιστίαν
2985 3663 3068 3714 διά
3114 3665 3215 3731 τῆς
3256 3662 3498 3731 ἀθέσμου
3547 3666 3772 3734 μίξεως.
3826 3668 3934 3720 Καὶ

2363 3752 2459 3820 τὴν
2504 3752 2650 3816 ἅπαξ
2692 3752 3118 3821 καθιερωθεῖσαν
3155 3753 3229 3822 τῷ
3276 3752 3413 3822 Θεῷ,
3464 3753 3566 3807 κᾶν
3609 3756 3932 3824 καθαιρεθῇ,

2363 3846 2422 3894 οὐ
2472 3847 2793 3913 παραχωρεῖ
2844 3844 3194 3911 ὁπωσδήποτέ
3245 3861 3351 3897 τινι
3401 3846 3791 3909 συνάπτεσθαι,
3845 3846 3931 3899 διὰ

2361 3937 2420 3985 τὸ
2460 3931 2600 3988 εἶναι
2632 3934 2692 3986 τὸ
2727 3934 2884 4002 σῶμα
2920 3935 3088 4003 αὐτῆς
3117 3936 3542 4006 καθιερωμένον,
3570 3939 3662 3989 καὶ
3694 3939 3931 4004 ὀφείλειν

2363 4023 2738 4092 συντηρεῖσθαι
2777 4023 2955 4092 πάσης
3002 4024 3185 4093 κοινῆς
3231 4025 3322 4077 καὶ
3367 4025 3636 4093 σαρκικῆς
3685 4029 3932 4094 χρήσεως

2361 4114 2655 4183 ἀνώτερον,
2704 4112 2846 4165 κατά
2893 4114 2983 4165 τὸν
3034 4113 3264 4165 καθόλου
3327 4112 3484 4179 λόγον
3529 4113 3623 4165 τὸν
3678 4113 3927 4182 λέγοντα·

2361 4204 2436 4256 Τὸ
2484 4204 2628 4271 ἱερὸν
2675 4206 2869 4271 μιαρὸν
2905 4203 2966 4256 οὐ
3006 4202 3234 4269 γίνεται.
3268 4203 3579 4271 Σημείωσαι
3627 4203 3806 4256 ταῦτα
3845 4205 3934 4256 διὰ

2361 4295 2487 4356 τοὺς
2540 4294 3182 4364 μετασχηματιζομένους
3235 4294 3525 4365 κληρικούς
3574 4311 3633 4347 τε
3686 4298 3780 4348 καὶ
3831 4313 3933 4363 μο-

2364 4385 2583 4452 ναχοὺς,
2627 4386 2722 4436 καὶ
2772 4385 2955 4452 μέντοι
3000 4385 3094 4436 καὶ
3149 4387 3389 4454 μοναχάς
3458 4389 3550 4436 καὶ
3603 4389 3931 4456 ἀσκητρίας,

2295 4446 2465 4522 θκαῖ
2517 4446 2786 4532 θέλοντας-
2817 4471 3069 4539 νομίμοις
3125 4446 3367 4537 γυναιξὶν
3428 4472 3460 4539 ἢ
3519 4474 3615 4523 καὶ
3671 4446 3930 4543 ἀνδράσιν

2363 4560 2746 4615 συνάπτεσθαι.
2801 4561 2996 4628 Οίομαι
3052 4559 3108 4611 δὲ
3163 4561 3274 4612 ἀπὸ
3321 4560 3415 4612 τοῦ
3458 4564 3686 4625 κανόνος
3737 4565 3929 4618 τούτου

2361 4650 2538 4711 καλῶς
2595 4651 2682 4702 ῖνα
2742 4648 3026 4701 κωλυθῶσι
3086 4647 3506 4717 δευτερογαμεῖν
3564 4653 3658 4703 καὶ
3719 4655 3773 4704 αι
3821 4655 3929 4705 τῶν

2364 4740 2551 4810 ἱερέων
2605 4740 2893 4805 γυναῖκες,
2954 4736 3142 4804 ὥσπερ
3201 4737 3320 4789 οὐδὲ
3377 4739 3425 4789 οί
3484 4740 3771 4809 ἱερωμένοι
3830 4744 3932 4809 τὴν

2363 4830 2659 4898 ἱερωσύνην
2687 4828 3111 4896 παραιτούμενοι
3139 4829 3700 4900 παραχωρηθήσονται
3722 4835 3795 4896 ὡς
3818 4835 3932 4887 λαῖ-

2361 4923 2446 4973 κοὶ
2493 4921 2697 4985 διάγειν
2755 4921 2848 4970 καὶ
2893 4918 3309 4987 δευτερογαμεῖν
3405 4923 3460 4972 αἱ
3527 4923 3628 4989 μὲν
3681 4925 3788 4996 γὰρ
3832 4943 3931 4991 γυ-

2359 5013 2539 5071 ναῖκες
2572 5009 2680 5060 τῶν
2721 5010 2907 5074 ἱερέων
2951 5007 3008 5058 ἒν
3043 5009 3202 5078 σῶμα
3244 5012 3337 5062 καὶ
3375 5011 3470 5077 μία
3508 5013 3644 5082 σάρξ
3678 5017 3929 5084 lapatium“,

2359 5101 2446 5152 διὰ
2461 5100 2557 5166 τῆς
2578 5099 2714 5167 μετά
2733 5098 2918 5168 ίερέων
2937 5099 3166 5167 νομίμου
3185 5102 3473 5167 συναφείας
3491 5106 3930 5172 χρηματίσασαι,

2359 5187 2649 5242 κάντεῦθεν
2664 5180 2771 5239 οἷον
2795 5187 3117 5256 ίερωθεῖσαι,
3135 5189 3196 5240 οὑ
3223 5188 3694 5260 βεδηλωθήσονται
3715 5194 3799 5246 διὰ
3821 5197 3929 5260 τῆς

2357 5278 2802 5349 δευτερογαμίας.
2839 5278 2971 5332 Οὐδὲ
2999 5279 3161 5347 ἱερεῖς
3193 5279 3340 5343 ᾶπαξ
3361 5281 3460 5331 τὴν
3487 5281 3926 5353 δευτερογαμίαν

2356 5371 2682 5439 ἀποθέμενοι
2740 5369 2825 5422 διά
2877 5369 2971 5422 τοῦ
3028 5370 3353 5440 ίερωθῆναι,
3413 5375 3507 5424 καὶ
3566 5375 3728 5427 τοῦτο
3787 5377 3926 5428 αὐτὸ

2357 5464 2433 5521 εἰς
2487 5459 2619 5512 Θεὸν
2682 5459 3162 5526 ἐπαγγειλάμενοι,
3225 5463 3282 5513 οὐ
3349 5464 3925 5535 παραχωρῃθήσονται

2355 5550 2439 5602 διὰ
2491 5550 2588 5618 τὴν
2652 5553 2918 5619 σαρκικήν
2971 5551 3266 5618 ἐπιθυμίαν
3318 5557 3762 5624 παραιτήσασθαι
3814 5560 3923 5625 τὴν

2357 5643 2633 5710 ἱερατικὴν
2686 5642 2879 5704 ἀξίαν,
2937 5642 3028 5692 καὶ
3087 5640 3183 5707 τὴν
3241 5644 3317 5703 είς
3375 5643 3507 5696 Θεὸν
3578 5647 3922 5714 ἐπαγγελίαν

2359 5731 2640 5800 ἀθετῆσαι,
2673 5733 2765 5786 καὶ
2783 5735 2848 5801 τῇ
2881 5734 3112 5800 σαρκικῇ
3141 5731 3406 5802 ἐπιθυμίᾳ⁸
3435 5734 3713 5790 δουλεῦσαι
3738 5755 3752 5770 ο
3779 5739 3922 5792 ἀλλά
