4096 6466
200 395 302 466 721

1142 412 1221 470 1N
1267 413 1504 473 EPIST.
1550 414 1608 474 S.
1646 415 1940 478 'BASILII
1976 417 2416 483 CANONICAM
2455 427 2532 486 Ιῐ.

3341 435 3442 493 79.2

197 512 303 622 :5”
325 520 770 622 ΞταΡαιτήσωνται
799 525 899 596 τὴν
922 528 1245 600 ἱερωσύνην,
1274 532 1678 602 κωλυθήσονται
1705 534 1770 585 τὰ

1875 553 1995 600 sua,
2033 554 2150 607 qua:
2181 553 2310 597 sunt
2359 545 2467 599 Deo
2501 547 2665 601 semel
2696 559 3033 616 consecrata,
3082 553 3443 622 prohibebun-

195 605 695 773 ἒπὲιξίερωθέντα
737 616 967 683 σώματα
1013 619 1194 674 αὐτῶν
1245 623 1514 695 δευτέροις
1574 623 1774 696 γάμοις

236 714 260 750 ε
299 717 335 770 η
371 719 532 758 ωσαι.

236 714 532 770 εοηλωσαι.

266 899 514 956 ΖΩΝΔΡ.
536 903 662 959 Ἐὰν
677 907 990 966 διακόνισσα
1004 915 1224 986 Ἕλληνι
1247 920 1563 992 συμφθαρῇ,
1584 921 1773 992 δεχθήο

197 1003 377 1090 σεται,
415 995 596 1090 φησιν,
618 999 710 1090 Δείς
740 1003 1044 1058 κοινωνίαν.
1074 1008 1379 1063 Κοινωνίαν
1402 1011 1459 1065 δὲ
1491 1013 1588 1083 τὴν
1632 1014 1777 1083 μετὰ

191 1084 311 1131 τῶν
335 1084 541 1136 πιστῶν
567 1087 825 1143 σύστασιν
847 1095 906 1146 ὲν
930 1097 1050 1160 ταις
1072 1098 1259 1167 εὐχαῖς
1279 1101 1512 1156 ενταῦθα
1533 1103 1770 1170 νοητῶν.

195 1168 316 1264 Τῆς
446 1175 557 1228 τῶν
590 1178 760 1246 ἁγίων
810 1183 1000 1256 δώρων
1043 1190 1398 1261 μεταλήψεως
1438 1193 1516 1263 τῷ
1559 1168 1771 1264 ἑϐδόμῳ

194 1260 313 1354 ξτει
355 1263 738 1337 ἀξιωθήσεται.
771 1275 869 1328 Διὰ
919 1280 1018 1346 μὲν
1061 1280 1170 1350 γὰρ
1353 1260 1626 1338 ἔκπτωσιν

192 1347 496 1418 διακονίας,
548 1359 648 1412 οὐκ
700 1364 939 1431 είργεται
990 1369 1098 1420 τῶν
1141 1347 1485 1442 προσευχῶν,
1530 1374 1653 1427 οὐδὲ

192 1443 328 1504 τοὺς
360 1447 559 1510 τόπους
584 1450 695 1504 τῶν
723 1453 1018 1526 ἐπιτιμίων
1047 1460 1272 1517 ἑστάναι
1308 1464 1734 1528 καταδικάζεται
1755 1482 1770 1499 ο

193 1529 284 1625 ξιξ
315 1531 369 1585 δὲ
413 1535 472 1588 τδ
503 1536 686 1609 νύμφη
727 1542 1035 1610 λογίζεσθαι
1076 1550 1169 1602 τοῦ
1210 1552 1470 1620 Χριστοῦ,
1511 1557 1604 1608 καί
1637 1572 1773 1625 προσ

193 1619 386 1711 ϐοὖναι
442 1626 542 1694 τὴν
599 1629 766 1700 τιμὴν
824 1633 1059 1700 ἑαυτῆς,
1119 1619 1417 1711 βαρύτερον
1461 1619 1770 1709 κολάζεται.

196 1710 344 1808 ἰςῆς-
361 1714 475 1808 γὰρ
519 1720 778 1784 πορνείας
828 1727 1121 1797 τετραετίᾳ
1159 1710 1590 1802 ἐπιτιμωμένης,
1635 1733 1772 1808 αὕτη

193 1801 277 1863 είς
322 1801 551 1876 ἕϐδομον
581 1809 828 1864 ἐνιαυτὸν
864 1820 1254 1885 παρατείνεται
1285 1835 1300 1850 ’
1339 1822 1433 1874 καὶ
1466 1801 1647 1887 τοῦτο,
1679 1801 1773 1879 ἐὰν

197 1893 510 1983 ᾁπόσχηται
539 1899 634 1967 τῆς
663 1901 961 1971 ἁμαρτίας,
994 1907 1090 1960 καὶ
1115 1911 1171 1961 ὲν
1202 1910 1394 1982 ἁγνείᾳ
1415 1910 1504 1983 ζῇ,
1564 1914 1690 1970 Ἐὰν
1717 1916 1773 1968 δι
1806 1893 1847 1915 υ

193 1982 224 2034 ό
257 1985 440 2051 μιγεὶς
469 1988 607 2058 αὐτῇ
640 1989 836 2061 Ἕλλην
863 1998 928 2066 τῇ
958 1997 1138 2052 πίστει
1167 1982 1478 2070 προσελθὼν
1508 2004 1671 2058 πάλιν
1699 2007 1776 2058 ίε-

195 2075 399 2168 posuit?)
446 2078 782 2168 (ίεροσυλίαν
830 2085 886 2136 δὲ
936 2088 1036 2154 τὴν
1084 2090 1220 2158 μετὰ
1267 2091 1368 2160 τῆς
1426 2093 1774 2168 ϐιακονίοσης

195 2161 346 2232 μίξιν
368 2167 567 2238 καλεῖ),
593 2172 684 2224 ἐπὶ
707 2175 800 2227 τὸν
823 2176 974 2241 ίδιον,
994 2181 1177 2248 φησὶν,
1205 2182 1520 2253 ἐπιστρέφει
1546 2161 1739 2253 ἔμετον
1757 2205 1771 2222 ο

193 2254 257 2307 τδ
292 2255 402 2327 γὰρ
444 2259 604 2328 σῶμα
631 2263 732 2333 τῆς
776 2265 1124 2340 διακονίσσης
1170 2273 1573 2343 καθιερωμένον
1615 2279 1766 2331 ἐστί’

194 2351 296 2402 καὶ
345 2351 433 2404 διὰ
479 2353 637 2409 τοῦτο
670 2361 768 2410 οὐκ
806 2360 1242 2433 ἐπιτραπήσεται
1288 2368 1347 2418 ἐν
1385 2368 1579 2438 χρήσει
1629 2364 1768 2424 εἷναι

193 2443 478 2509 σαρκικῇ,
526 2443 693 2513 ἤγουν
742 2449 900 2519 ἡδονῇ
953 2451 1193 2521 χρῆσθαι
1234 2457 1455 2524 σαρκός.
1508 2454 1665 2520 Ἴσως
1711 2459 1765 2512 δὲ

193 2527 294 2618 καὶ
334 2529 423 2584 διὰ
465 2532 526 2583 τὸ
583 2535 810 2606 μιγῆναι
856 2539 1064 2611 ἀπίστῳ
1107 2544 1429 2614 ἐπιτιμᾶται
1480 2547 1678 2616 μᾶλλον
1732 2552 1764 2618 ἡ

193 2614 538 2680 ϐιακόνισσα.

1881 639 1968 684 tur
2015 632 2264 689 secundis
2295 636 2497 704 nuptiis
2519 639 2821 705 profanare.

1954 912 2207 968 ZONAR.
2273 913 2329 970 Si
2390 929 2513 972 cum
2572 915 2761 972 Graeco
2819 919 3122 973 diaconissa
3188 928 3438 987 corrupta

1881 1006 2060 1070 fuerit,
2099 1008 2165 1059 ad
2189 1009 2645 1070 communionem.
2680 1009 2878 1076 inquit,
2913 1011 3248 1064 admittetur.
3281 1007 3444 1063 Com-

1880 1098 2153 1152 munionis
2187 1109 2367 1153 autem
2397 1100 2635 1165 nomine,
2662 1101 2763 1155 hoc
2802 1100 2938 1162 loco,
2985 1117 3086 1155 una
3120 1117 3240 1156 cum
3271 1101 3444 1156 ﬁdeli-

1879 1191 1980 1245 bus
2011 1189 2063 1244 in
2094 1205 2247 1245 sacra
2279 1191 2588 1260 precatione
2617 1193 2904 1247 stationem
2936 1194 3192 1263 intellige.
3221 1193 3288 1248 At
3312 1209 3442 1248 vero

1877 1290 2185 1335 sanctorum
2236 1298 2519 1338 munerum
2552 1286 2918 1352 perceptione,
2969 1287 3196 1352 septimo
3224 1288 3440 1343 demum

1875 1386 2020 1427 anno
2059 1373 2215 1443 digna
2264 1373 2571 1430 habebitur.
2607 1376 2759 1442 Quod
2800 1377 2942 1432 enim
2973 1378 3234 1433 exciderit
3266 1379 3442 1432 adia-

1878 1469 2098 1524 conatu,
2131 1476 2238 1517 non
2275 1471 2563 1532 propterea
2601 1481 2630 1518 a
2661 1466 2833 1521 sacris
2861 1466 3264 1532 precationibus
3293 1482 3441 1521 arce-

1877 1562 1988 1615 tur.
2017 1569 2192 1623 neque
2219 1556 2285 1609 ad
2316 1556 2688 1624 pmnitentium
2722 1558 2984 1614 stationes
3018 1559 3324 1612 damnatur.
3361 1561 3438 1614 Ex

1876 1660 1942 1698 eo
1973 1657 2101 1700 vero
2129 1647 2270 1714 quod
2297 1662 2394 1716 pro
2422 1648 2624 1703 Christi
2658 1664 2854 1719 sponsa
2889 1650 3142 1716 habetur,
3178 1663 3442 1718 suumque

1876 1736 2136 1792 honorem
2181 1740 2483 1805 prodidisse
2527 1741 2895 1808 existimatur,
2947 1742 2999 1794 in
3053 1756 3172 1796 eam
3226 1744 3440 1813 gravius

1877 1827 2342 1884 animadvertitur.
2379 1830 2512 1884 Cum
2561 1845 2792 1899 namque
2833 1831 3179 1887 fornicationi
3225 1835 3443 1900 quadri-

1881 1917 2031 1971 ennii
2059 1932 2214 1985 ptena
2248 1920 2538 1974 constituta
2572 1920 2660 1981 sit.
2704 1921 2818 1976 haec
2857 1922 2922 1974 ad
2954 1922 3240 1989 septimum
3276 1937 3442 1988 usque

1881 2026 2082 2066 annum
2113 2012 2453 2080 protenditur
2479 2029 2493 2066 :
2525 2012 2688 2084 idque
2711 2013 2867 2069 modo
2890 2029 2916 2066 a
2949 2021 3171 2083 peccato
3193 2015 3441 2077 absistat,

1881 2116 1942 2156 ac
1996 2103 2160 2156 vitam
2211 2111 2359 2158 caste
2399 2105 2714 2173 integreque
2765 2105 3034 2160 traducat.
3083 2105 3349 2159 Caeterum
3395 2104 3441 2158 si

1879 2192 2117 2256 Gmcus,
2141 2194 2377 2260 quicum
2402 2210 2464 2249 ea
2484 2211 2596 2250 rem
2626 2197 2831 2263 habuit,
2850 2200 2915 2251 ad
2949 2195 3106 2250 ﬁdem
3129 2209 3443 2259 conversus,

1879 2285 2162 2356 sacrilegio
2199 2286 2391 2341 iterum
2428 2302 2486 2342 se
2518 2290 2851 2345 contaminet
2882 2289 3246 2361 (sacrilegium
3279 2302 3443 2355 porro

1878 2375 2019 2428 hunc
2042 2390 2164 2428 cum
2193 2376 2495 2431 diaconissa
2528 2393 2877 2448 congressum
2909 2378 3184 2448 appellat),
3219 2377 3284 2431 ad
3317 2391 3442 2443 pros

1875 2463 2047 2532 prium
2099 2467 2358 2520 vomitum
2409 2469 2606 2522 reverti
2662 2471 2876 2525 asserit.
2939 2470 3148 2537 Curptts
3211 2482 3444 2535 namque

1876 2553 2196 2609 diaconisste
2247 2569 2626 2614 consecratum
2667 2572 2790 2625 est;
2849 2576 2911 2615 ac
2955 2560 3179 2629 proinde
3241 2558 3294 2611 in
3344 2573 3440 2610 usu

1877 2642 2080 2697 carnali
2112 2659 2254 2710 esse,
2299 2648 2400 2701 hoc
2429 2658 2532 2711 est,
2572 2650 2750 2702 carnis
2782 2649 3053 2717 voluptate
3098 2649 3172 2701 uti
3211 2647 3440 2715 amplius

194 2710 344 2812 haud
391 2719 753 2782 permittetur.
806 2720 966 2778 Forte
1019 2732 1201 2785 autem
1244 2739 1466 2799 propter
1537 2734 1977 2803 congressionem
2043 2753 2164 2793 cum
2230 2740 2453 2806 inﬁdeli,
2517 2743 2718 2812 majore
2789 2742 3204 2812 reprehensione
3257 2740 3440 2796 diaco-

193 2802 343 2859 nisna
373 2807 530 2876 digna
561 2821 664 2869 est,

267 2897 487 2952 ΔΡΙΣΤ.
525 2903 778 2968 Διάκονος
819 2906 1039 2975 Ἕλληνι
1098 2915 1488 2982 πορνευθεῖσα,
1539 2918 1633 2970 καὶ
1675 2937 1769 2984 με·

190 2987 499 3058 ταγνοῦσα,
537 2994 831 3050 ἑπταετίαν
863 2999 1238 3058 ὑποπιπτέτω.

281 3080 415 3171 Ἰδοὺ
449 3083 682 3139 ἐνταῦθα
709 3087 803 3141 δύο
833 3091 904 3142 τὰ
937 3094 1185 3163 ἐπιτίμια
1213 3111 1226 3123 ο
1260 3100 1633 3164 μετακινεῖτατ
1661 3102 1767 3171 γὰρ

193 3168 292 3224 τοῦ
337 3172 551 3245 βαθμοῦ
602 3180 767 3248 αὐτῆς
804 3185 836 3252 ἡ
870 3181 1136 3250 διάκονος,
1175 3186 1282 3241 και
1313 3191 1406 3244 ἐπὶ
1447 3191 1588 3244 ἑπτὰ
1623 3168 1768 3246 ἔτεσι

191 3261 298 3331 τὴν
333 3266 654 3339 ἐπιτίμησιν
681 3271 920 3340 δέχεται,
955 3278 1044 3328 καὶ
1074 3277 1182 3330 τῶν
1219 3279 1379 3333 θείων
1411 3282 1771 3351 ἀγιασμάτων

197 3355 517 3427 ιστέρηται,
575 3363 663 3414 διὰ
720 3364 778 3416 τὸ
843 3367 1302 3441 μετὰ-Ἕλληνος
1358 3372 1771 3443 συμπορνεῦσαι

207 3446 404 3519 αὐτήν.

784 3548 1021 3601 ΚΑΝΩΝ
1061 3553 1193 3605 ME'.

209 3628 337 3686 Ἐάν
382 3648 484 3696 τις,
525 3635 583 3687 τὺ
610 3635 782 3705 ϐνομα
808 3638 988 3692 λαϐὼν
1013 3641 1106 3696 τοῦ
1142 3644 1597 3716 Χριστιανισμοῦ,
1651 3649 1770 3702 svu-

215 3722 436 3795 νϐρίζῃ
482 3726 572 3779 τὸν
626 3729 885 3799 Χριστὸν,
915 3731 1067 3786 οὐδὲν
1106 3734 1296 3802 ὄφελος
1331 3738 1479 3809 αὐτῷ
1512 3740 1621 3794 ἀπὸ
1671 3743 1771 3812 τῆς

269 3817 671 3886 προσηγορίας.

268 3905 368 3970 Τις
391 3909 640 3976 ἄπιστος,
668 3911 983 3980 βαπτισθεὶς
1009 3918 1103 3970 καὶ
1132 3919 1384 3984 ἀξιωθεὶς
1403 3919 1497 3973 τοῦ
1516 3921 1772 3989 λέγεσθαι

197 3995 548 4063 Χριστιανὸς,
577 3995 690 4069 εἶχε
727 4004 823 4071 μὲν
848 4004 946 4072 τὴν
970 4006 1050 4070 είς
1085 4007 1217 4059 Θεὸν
1245 4009 1526 4079 ὀρθόδοξον
1566 4012 1770 4076 πίστιν,

193 4087 300 4138 οὐκ
332 4086 569 4154 ἔπραττε
600 4091 657 4144 δὲ
689 4096 785 4146 καὶ
815 4096 881 4148 τὰ
925 4096 1034 4149 τῶν
1085 4097 1431 4169 Χριστιανῶν
1462 4099 1619 4171 ἔργα.
1655 4103 1772 4154 ἀλλ’

195 4178 460 4242 ἐκάκιζεν
487 4181 617 4245 ίσως
653 4185 978 4254 παραδόσεις
999 4190 1459 4256 ὲκκλησιαστικάς
1483 4193 1576 4244 καὶ
1610 4210 1772 4246 κανο-

192 4267 386 4330 νικοὺς
430 4269 768 4340 διορισμοὺς,
807 4278 1226 4346 προτιμώμενος
1255 4280 1352 4344 τὰς
1389 4280 1497 4333 τῶν
1528 4283 1772 4335 ἀπίστων

193 4361 486 4429 ἐργασίας,
519 4365 613 4417 καὶ
654 4369 1082 4438 τοιουτοτρόπως
1130 4371 1366 4440 ὑϐρίζων
1393 4372 1486 4426 τὸν
1514 4372 1767 4444 Χριστόν.

1949 2924 2173 2980 ARIST.
2233 2925 2549 2982 Diaconissa
2606 2942 2728 2982 cum
2785 2927 2968 2996 gentili
3022 2927 3326 2990 fornicata,
3385 2939 3436 2981 et

1879 3017 2230 3082 resipiscens,
2264 3020 2547 3086 septentrio
2580 3019 2976 3073 substernatur.

1945 3108 2085 3162 Ecce
2128 3109 2213 3171 hic
2258 3110 2363 3162 duo
2419 3112 2702 3180 supplicia.
2753 3112 3061 3166 Diaconissa
3109 3114 3249 3166 enim
3298 3122 3352 3167 et
3408 3129 3436 3167 a

1874 3202 2037 3267 gradu
2071 3215 2169 3255 suo
2200 3215 2470 3266 movetur,
2516 3213 2568 3255 et
2597 3212 2798 3273 septem
2843 3219 3014 3258 annos
3062 3205 3232 3272 ptenis
3269 3204 3438 3273 subji-

1874 3291 2036 3355 citur,
2089 3303 2142 3345 et
2196 3292 2393 3346 divinis
2451 3294 2802 3348 sacramentis
2853 3296 3114 3368 privatur,
3161 3294 3284 3364 quia
3335 3295 3436 3348 ista

1873 3395 1993 3433 cum
2022 3381 2206 3449 gentili
2240 3381 2501 3438 fornicata
2527 3394 2630 3438 est.

2333 3560 2486 3628 103
2536 3557 2761 3614 CANON
2814 3558 2977 3613 τιν.

1875 3651 1930 3705 Si
1990 3653 2112 3719 quis
2156 3661 2376 3720 accvpto
2437 3650 2653 3704 nomine
2710 3649 3106 3705 Christianismi
3160 3651 3431 3705 Christum

1945 3743 2266 3798 contumelia
2328 3742 2511 3809 aﬁicit,
2564 3743 2709 3797 nulla
2784 3753 2867 3798 est
2933 3744 3006 3798 illi
3063 3743 3434 3813 appellationis

1946 3834 2170 3891 utilitas.

1944 3925 2139 3979 BALS.
2197 3924 2434 3981 lniidelis
2467 3927 2733 3996 quispiam
2772 3927 3096 3997 baptizatus,
3146 3937 3200 3981 et
3242 3927 3435 3993 dignus

1873 4017 2088 4071 habitus
2111 4017 2198 4083 qui
2237 4017 2578 4071 Christianus
2606 4017 2902 4080 diceretur,
2925 4018 2979 4071 in
3016 4017 3186 4070 Deum
3216 4018 3429 4085 quidem

1875 4106 2031 4160 ﬁdem
2058 4107 2242 4162 habuit
2276 4108 2652 4173 orthodoxam,
2704 4125 2809 4162 non
2861 4109 3054 4178 agebat
3114 4118 3289 4161 autem
3346 4123 3434 4162 se-

1872 4197 2104 4250 cundum
2149 4211 2311 4263 Opera
2358 4195 2795 4271 Christianorum
2822 4238 2836 4262 ,
2899 4198 2994 4251 sed
3038 4199 3434 4254 ecclesiasticas

1875 4285 2014 4340 forte
2044 4285 2386 4352 traditiones,
2419 4296 2474 4341 et
2505 4289 2798 4343 cauonicas
2845 4289 3192 4344 deﬁnitiones
3228 4291 3433 4358 vitupe-

1875 4377 2072 4439 rabat,
2125 4376 2419 4432 inﬁdelium
2481 4379 2824 4447 operationes
2874 4380 3164 4448 praeferens
3194 4420 3208 4444 ,
3257 4389 3311 4434 et
3369 4395 3434 4434 eo

208 4451 504 4523 Ἠρωτήθη
528 4450 621 4508 οῦν
646 4457 674 4507 ὁ
697 4458 873 4524 ἅγιος,
922 4460 972 4512 εί
1015 4461 1100 4513 διὰ
1135 4461 1312 4515 ταῦτα
1352 4464 1382 4514 ὁ
1405 4465 1642 4529 τοιοῦτος
1664 4467 1770 4520 ἀπὺ

1879 4469 2039 4521 modo
2095 4466 2368 4522 Christum
2404 4468 2601 4538 injuria
2651 4469 2904 4526 aliiciens.
2943 4470 3308 4535 Interrogatus
3354 4481 3435 4525 est

195 4542 303 4611 τῆς
348 4543 456 4597 τῶν
509 4548 717 4599 πιστῶν
745 4549 1066 4604 ἐκϐάλλεται
1097 4550 1444 4621 ὁμηγύρεως,
1492 4556 1523 4622 ἢ
1569 4557 1770 4624 μᾶλλον

193 4633 410 4701 ὀφείλει
501 4636 888 4701 ἀκαταιτίατος
961 4639 1142 4706 εἶναι,
1207 4643 1283 4706 ὡς
1337 4645 1434 4714 τὴν
1486 4646 1768 4716 ὀρθόδοξον

196 4724 387 4776 πίστιν
420 4727 839 4798 αίρετισάμενος
873 4748 883 4760 ·
925 4733 1019 4785 καὶ
1060 4727 1216 4786 εἷπεν
1267 4735 1350 4787 ὅτι
1377 4734 1437 4788 τὸ
1467 4737 1651 4790 λαϐεῖν
1679 4737 1768 4793 διὰ

194 4814 296 4866 τοῦ
335 4814 714 4887 βαπτίσματος
741 4837 863 4875 τινα
905 4821 1234 4888 Χριστιανοῦ
1259 4826 1428 4895 ὄνομα
1448 4827 1549 4882 οὐκ
1569 4829 1770 4897 ὠφελεῖ

193 4906 387 4966 αὐτὸν.
411 4910 506 4962 εὰν
542 4912 615 4982 μὴ
655 4917 713 4966 ὲν
745 4917 880 4968 πᾶσι
933 4918 1074 4971 κατὰ
1121 4920 1244 4980 τοὺς
1274 4921 1588 4992 ὀρθοδόξους
1613 4925 1766 4976 πολι·-

193 4998 442 5053 τεὺεται.
494 5002 584 5069 Ἐξ
643 5005 891 5076 ἀνάγκης
941 5004 1054 5074 οὖν,
1086 5010 1160 5072 ὥς
1203 5029 1255 5065 τι
1307 5013 1542 5082 σεσηπδς
1584 5014 1763 5082 μέλος,

193 5091 466 5162 ὲκκοπείη
499 5095 607 5148 ἀπὺ
632 5097 732 5166 τῆς
783 5099 1105 5171 ὁλοκληρίας
1153 5103 1248 5155 τοῦ
1292 5103 1475 5171 ὑγιοῦς
1510 5106 1766 5175 σώματος

192 5182 241 5235 Χ
250 5184 482 5251 ριστωνΰ
489 5203 592 5254 μου
617 5187 772 5255 λαοῦ,
791 5193 1084 5256 τουτέστιν,
1104 5194 1226 5247 οὔτε
1248 5195 1602 5257 ὲκκλησιάσει
1626 5197 1764 5265 μετά

193 5272 308 5325 τῶν
337 5273 703 5342 Χριστιανῶν,
739 5280 863 5333 οὔτε
911 5285 1023 5347 τοῖς
1077 5283 1173 5338 τοῦ
1225 5285 1614 5354 Χριστιανικοῦ
1657 5303 1770 5340 ποι-

200 5363 362 5431 μνίου
417 5368 715 5436 προϐάτοις
773 5375 1328 5444 συναριθμηθήσεται.
1382 5377 1443 5430 Εί
1488 5377 1544 5429 δὲ
1596 5376 1767 5441 θέλεις

197 5456 540 5524 ἑρμηνεῦσαι
569 5459 660 5515 τὸν
695 5464 895 5516 κανόνα
952 5467 1044 5517 καὶ
1075 5467 1269 5532 ἄλλως,
1325 5469 1408 5520 ὅτι
1451 5469 1509 5520 οὐ
1565 5467 1766 5536 κυρίως

195 5547 579 5615 Χριστιανὸςὸ
625 5552 698 5620 μὴ
744 5553 843 5615 τὰς
881 5554 1099 5616 ἐντολὰς
1137 5557 1230 5608 τοῦ
1283 5557 1522 5627 Χριστοῦ
1572 5559 1762 5623 ποιῶν,

193 5639 297 5708 οὐχ
323 5639 467 5703 ἔξεις
494 5641 555 5694 τὸ
584 5644 855 5712 ἐμποδών.
895 5646 1030 5714 Φησὶ
1064 5647 1171 5717 γὰρ
1206 5652 1299 5700 καὶ
1326 5651 1353 5701 ὁ
1381 5650 1531 5715 ἅγιος
1578 5650 1762 5704 Ἰάκωο

194 5729 292 5790 6ος
338 5732 365 5782 ὀ
412 5731 729 5799 ἁδελφόθεος
789 5738 845 5787 ὲν
897 5740 962 5806 τῇ
1027 5737 1311 5808 Ἐπιστολῇ
1365 5739 1528 5792 αὑτοῦ
1578 5739 1757 5793 οὕτω·

198 5821 264 5874 Τί
295 5820 358 5874 ad
390 5821 630 5890 ὄφελος,
677 5824 927 5894 ἀδελφοί
960 5845 1097 5896 μου,
1131 5830 1238 5883 ἐὰν
1267 5830 1473 5885 πίστιν
1499 5847 1583 5895 τις
1616 5831 1760 5901 λέγει

1874 4571 2004 4626 ergo
2037 4565 2279 4623 sanctus,
2324 4573 2394 4613 an
2452 4559 2497 4613 is
2523 4571 2805 4632 propterea
2842 4576 2870 4614 a
2908 4560 3142 4615 fidelium
3195 4575 3435 4615 commu-

1875 4650 2034 4703 nione
2058 4651 2376 4720 expellatur,
2400 4665 2468 4704 an
2522 4652 2704 4721 potius
2760 4667 3097 4721 nequaquam
3155 4652 3225 4704 sit
3275 4667 3431 4706 accu«

1873 4742 2096 4804 sandus,
2135 4749 2191 4794 ut
2221 4741 2309 4808 qui
2335 4739 2494 4796 fidem
2525 4743 2878 4797 orthodoxam
2916 4742 3178 4808 elegerit;
3210 4751 3263 4796 et
3298 4744 3433 4796 dixit

1872 4831 2016 4898 quod
2076 4831 2320 4900 accipere
2391 4831 2624 4901 aliquem
2679 4835 2790 4900 'per
2853 4832 3180 4901 baptismum
3238 4847 3429 4886 nomen

1870 4921 2169 4975 Christiani
2216 4922 2389 4988 ipsum
2435 4935 2541 4976 non
2571 4920 2744 4990 juvat,
2805 4923 2906 4977 nisi
2947 4923 2999 4976 in
3049 4924 3317 4986 omnibus,
3371 4935 3430 4977 ut

1868 5026 1968 5080 par
1995 5019 2098 5074 est,
2119 5011 2277 5081 juxta
2310 5011 2662 5078 orthodoxos,
2699 5014 2864 5067 vitam
2903 5013 3186 5068 instituat:
3247 5029 3432 5068 neces-

1869 5101 2013 5154 sario
2065 5115 2194 5171 ergo
2221 5110 2281 5154 ut
2320 5103 2617 5156 membrum
2668 5103 2937 5172 putridum
2997 5104 3065 5157 ab
3126 5105 3433 5175 integritate

1867 5192 2218 5248 exscindetur
2266 5195 2384 5247 sani
2420 5196 2662 5263 corporis
2709 5195 3002 5250 Christiani
3054 5197 3270 5265 populi:
3332 5197 3431 5250 hoc

1865 5293 1951 5336 est
1981 5298 2158 5352 neque
2186 5299 2308 5338 cum
2341 5285 2670 5339 Christianis
2697 5287 2748 5339 in
2806 5284 3045 5340 Ecclesia
3107 5287 3428 5348 versabitur,

1867 5392 2042 5443 neque
2067 5377 2244 5446 gregis
2290 5378 2582 5432 Christiani
2613 5379 2803 5433 ovibus
2845 5380 3345 5433 connumerabitur.
3373 5377 3428 5431 Si

1865 5469 1998 5522 velis
2045 5480 2223 5525 autem
2272 5484 2532 5524 cauuncm
2581 5471 2738 5524 aliter
2794 5486 3004 5540 quoque
3065 5470 3429 5539 interpretari,

1866 5559 2006 5625 quod
2061 5574 2163 5614 non
2193 5569 2274 5614 est
2333 5563 2548 5631 proprie
2608 5563 2968 5626 Christianus,
3023 5563 3112 5631 qui
3151 5577 3252 5615 non
3305 5561 3433 5614 facit

1872 5650 2118 5704 mandata
2148 5649 2373 5717 Christi,
2402 5653 2533 5706 nihil
2573 5654 2791 5707 vetabit.
2835 5654 2972 5707 Dicit
3029 5654 3169 5707 enim
3209 5662 3429 5705 sanctus

1871 5739 2099 5794 Jacobus
2133 5742 2301 5797 frater
2334 5746 2420 5799 Dei
2457 5746 2507 5798 in
2540 5761 2630 5798 sua
2668 5746 2897 5813 Epistula
2929 5747 3026 5798 hoc
3054 5745 3211 5797 modo
3249 5761 3260 5795 :
3294 5742 3430 5807 Quid

1863 5831 2030 5897 juvat,
2061 5835 2247 5902 fratres
2279 5837 2394 5902 mei,
2418 5837 2463 5890 si
2485 5838 2597 5905 quis
2624 5855 2674 5890 sc
2696 5837 2849 5903 [idem
2880 5836 3062 5890 habere
3088 5835 3251 5898 dicat.
3277 5851 3430 5904 Ui’ﬂ'a
