4096 6458
242 437 356 501 725

1166 440 1247 500 1N
1290 438 1532 499 EPlS'l‘.
1582 438 1647 498 S.
1678 433 1966 497 BASILII
2001 434 2442 496 CANONICAm
2492 434 2573 495 il.

3385 439 3491 505 726

232 562 502 633 δεύτερον
533 561 707 631 γάμον
746 560 894 629 αὐτῷ
945 556 1319 629 συνοικήσασα
1345 559 1444 628 τὴν
1476 558 1811 628 πρόσκαιρον

1923 564 2083 624 atque
2108 556 2178 608 ita
2206 569 2329 607 cum
2365 554 2560 609 relicto
2594 553 2710 609 viro
2739 554 3027 621 habitavit,
3084 546 3329 614 adnitera
3374 575 3483 619 est.

230 652 552 705 ἀπόστασιν
583 654 644 703 ὲκ
680 648 773 703 τοῦ
814 650 1019 702 οἰκείου
1050 649 1264 717 ἀνδρὸς,
1315 648 1410 700 καὶ
1442 648 1585 701 οὕτω
1638 647 1816 716 συνῲ-

237 758 386 813 κησε
440 742 516 812 τῷ
570 741 985 809 καταληφθέντι
1013 740 1191 808 ἀνδρὶ,
1217 740 1465 809 μοιχαλίς
1519 742 1689 804 ἐστιν,
1733 740 1818 792 ὃτι

240 834 539 903 ἀλλότριον
583 833 749 904 ἄνδρα
805 832 1223 902 ἐσφετερίσατο,
1271 830 1347 891 ὼς
1403 829 1465 882 τὸ
1513 829 1667 891 τέλος
1724 828 1819 882 τοῦ

209 924 474 976 ⁸ἒννέιτου
524 922 771 993 περιέχει
830 922 1093 984 κανόνος⁹
1135 922 1184 974 εί
1248 920 1305 974 δὲ
1362 922 1550 990 ἠγνόει
1604 920 1763 973 τοῦτο
1797 961 1813 984 ,

237 1011 382 1075 ἴσως
412 1014 521 1084 γὰρ
549 1014 608 1077 ἐξ
648 1013 957 1082 ἀλλοδαπῆς
986 1008 1055 1083 ἦν
1096 1011 1305 1081 χώρας,
1353 1012 1450 1065 καὶ
1480 1013 1728 1080 ἠγνοεῖτο
1761 1011 1821 1063 τὸ

235 1107 369 1159 κατ’
413 1106 597 1172 αὑτὸν,
658 1106 797 1174 μετά
843 1105 901 1158 δέ
931 1122 1057 1161 τινα
1106 1106 1297 1172 καιρὸν
1348 1105 1621 1173 ἐπανῆλθε
1682 1104 1822 1171 πρὸς

230 1196 337 1250 τὸν
364 1197 534 1268 ἀνδρα
564 1198 598 1267 η
636 1195 1020 1250 καταλιποῦσα
1083 1195 1268 1258 αὑτὸν,
1314 1196 1406 1248 καὶ
1456 1196 1543 1249 διὰ
1594 1194 1752 1247 τοῦτο
1793 1197 1822 1247 6

235 1288 379 1358 πρὸς
446 1289 545 1359 τὴν
611 1288 873 1357 δευτέραν
902 1290 1140 1355 γυναῖκα
1198 1286 1365 1356 ἐλύθη
1411 1287 1592 1355 γάμος
1630 1302 1643 1317 ·
1681 1303 1789 1357 πορ

229 1379 433 1434 νεῦσαι
460 1380 610 1447 λέγει
638 1379 737 1449 τὴν
784 1381 1021 1441 γυναῖκα
1069 1380 1277 1446 ταύτην
1326 1380 1354 1430 ό
1381 1377 1558 1447 ἅγιος,
1592 1376 1733 1445 πλὴν
1763 1381 1819 1431 ὲν

227 1469 435 1540 ἀγνοίᾳ
463 1485 478 1500 ’
513 1468 808 1539 πορνεῦσαι
836 1469 895 1521 δὲ
924 1468 1130 1538 ταύτην
1157 1468 1330 1535 λέγει,
1353 1467 1428 1530 ὡς
1464 1470 1539 1539 μὴ
1564 1468 1820 1530 λυθέντος

228 1557 338 1611 τοῦ
389 1561 657 1629 προτέρου
687 1560 891 1627 γάμου.
927 1558 1037 1610 Τοῦ
1075 1542 1295 1628 πρῶτον
1330 1557 1385 1609 δὲ
1416 1548 1510 1626 μὴ’
1540 1556 1819 1620 λυθέντος,

235 1649 363 1712 πῶς
406 1650 471 1702 ἄν
514 1652 546 1718 η
580 1649 713 1718 πρὸς
759 1649 856 1720 τὴν
904 1649 1170 1718 δευτέραν
1220 1650 1460 1716 γυναῖκα
1507 1649 1821 1715 συνοίκησις

225 1738 489 1807 δεύτερος
518 1738 644 1810 δόξῃ
672 1738 888 1807 γάμος;
922 1739 983 1791 Ei
1006 1739 1062 1791 δὲ
1090 1738 1268 1806 γὰμος
1301 1740 1401 1791 οὐκ
1428 1738 1570 1797 ἔστι.
1604 1742 1821 1801 πάντως

226 1829 393 1883 ἔσται
422 1831 667 1897 πορνεία.
709 1832 815 1882 Καὶ
842 1832 870 1883 6
901 1830 1000 1897 μὲν
1026 1829 1167 1899 ἀνὴρ
1200 1830 1397 1898 πόρνος
1428 1832 1635 1899 κυρίως
1667 1829 1818 1897 λογι-

227 1923 521 1991 σθήσεται,
549 1924 581 1990 ὴ
614 1924 668 1974 δὲ
699 1922 837 1990 γυνῆ
872 1922 1168 1990 πορνεῦσαι
1202 1921 1302 1989 μὲν
1323 1921 1562 1987 λέγεται,
1596 1920 1735 1988 πλὴν
1757 1922 1815 1972 ἐν

225 2012 448 2083 ἀγνοίᾳ.
479 2014 555 2065 Οὐ
587 2013 696 2081 γὰρ
729 2011 988 2081 πορνείαν
1017 2012 1334 2081 ἀμαρτῆσαι
1385 2017 1589 2064 σκοπὸν
1630 2011 1809 2081 ἔσχεν,

224 2104 369 2157 ἀλλά
414 2106 594 2173 γάμον
640 2103 1019 2174 συστήσασθαι
1063 2103 1314 2172 ἔννομον.
1369 2102 1443 2156 Τὸ
1481 2103 1535 2156 δὲ
1577 2103 1811 2173 πρᾶγμα

226 2196 503 2265 περιέστη
542 2197 618 2257 είς
649 2196 723 2247 16'
742 2195 818 2265 μὴ
870 2194 1185 2262 λογίζεσθαι
1228 2194 1429 2264 γάμον,
1479 2194 1571 2247 διὰ
1619 2195 1679 2247 τὸ
1729 2194 1811 2246 ἔτι

228 2289 421 2356 μένειν
466 2288 558 2339 τὸν
620 2287 840 2355 πρῶτον
868 2287 1071 2354 γάμον.
1126 2285 1238 2351 Τῆς
1268 2285 1326 2337 δὲ
1376 2286 1513 2353 πρὸς
1573 2287 1673 2348 τὰς
1715 2285 1813 2337 δύο

226 2377 539 2446 συναφείας
575 2378 650 2446 μὴ
674 2375 1033 2445 λογιζομένης
1080 2376 1256 2445 γάμον
1285 2418 1299 2442 ,
1342 2375 1397 2427 τί
1427 2375 1495 2428 ἂν
1535 2376 1747 2443 λέγοιτο
1776 2376 1808 2445 ἠ

224 2468 504 2536 συνάφεια
535 2467 568 2533 ἢ
597 2467 844 2534 πορνεία,
882 2464 1017 2533 πλὴν
1040 2464 1097 2516 ἑν
1128 2463 1323 2533 ἀγνοίᾳ
1355 2465 1621 2532 γινομένη
1655 2481 1670 2530 ;
1719 2465 1811 2517 Δι’)

224 2560 326 2612 καὶ
360 2560 640 2627 ἐπήγαγεν
662 2559 690 2611 6
722 2556 946 2609 κανώνοο
977 2556 1016 2608 Γ
1021 2557 1164 2624 ἀμου
1191 2552 1284 2608 οὖν
1306 2556 1407 2607 οὐκ
1436 2555 1808 2626 είρχθησεται.

223 2652 304 2705 Οὐ
341 2651 450 2718 γὰρ
478 2649 553 2712 ὡς
586 2649 716 2719 ποιρῖ
751 2646 945 2716 ἀνδρὸς
1000 2646 1268 2714 ἀφεθεῖσα
1316 2644 1614 2714 λογίζεται.
1658 2647 1811 2699 Ἐπεὶ

222 2740 276 2792 εί
304 2740 467 2792 τοῦτο
492 2734 561 2808 ἦν
592 2739 688 2791 καὶ
714 2738 891 2807 ἑτέρῳ
914 2736 1138 2806 ἐμίχθη,
1173 2735 1422 2804 μοιχαλὶς
1446 2736 1696 2805 ἐκρίνετο
1720 2734 1805 2798 ἂν,

222 2834 373 2884 κατὰ
400 2830 491 2883 τὸν
521 2830 739 2882 ἔννατον
780 2829 1005 2881 κανόνα.
1056 2826 1183 2880 ’Ότι
1223 2828 1345 2879 οὐδὲ
1394 2828 1602 2897 κυρίως
1632 2828 1809 2895 γάμος

222 2922 369 2992 πρὸς
400 2922 500 2991 τὴν
555 2921 818 2990 δευτέραν
867 2921 1102 2988 γυναῖκα
1158 2918 1460 2987 συμϐίωσις
1507 2918 1673 2980 δοκεῖ,
1725 2918 1810 2970 διὰ

220 3014 385 3067 τοῦτο
415 3014 597 3083 γάμου
620 3014 718 3065 οὐκ
741 3012 985 3082 εἴργεται
1008 3013 1041 3081 ἡ
1067 3012 1226 3080 γυνή.
1258 3010 1344 3072 Ὠς
1372 3010 1429 3062 δὲ
1460 3010 1645 3072 ἀπλῶς
1672 3010 1807 3079 γυνὴ

218 3106 589 3175 ὀνομασθεῖσα
635 3105 866 3175 ἀνδρὸς,
927 3104 975 3155 ει
1033 3104 1110 3173 μὴ
1153 3103 1325 3172 ἑτέρῳ
1375 3101 1673 3171 συναφθιίη
1727 3101 1807 3154 ἔτι

219 3196 431 3260 ζῶντος
464 3197 699 3261 ἐκείνου,
726 3197 982 3263 κρεῖσσον
1008 3195 1072 3247 ἂν
1100 3198 1327 3263 ποιήσῃ,
1366 3193 1535 3262 φησὶν
1565 3194 1591 3244 6
1627 3193 1803 3259 ἅγιος.

217 3290 299 3342 υύ
334 3292 444 3358 γὲρ
479 3288 760 3357 εὔσχημον
783 3287 993 3350 ,ζῶντος
1024 3286 1115 3338 τοῦ
1150 3287 1341 3352 ἀνδρός
1369 3285 1462 3353 τὴν
1485 3285 1805 3351 ὀνομασθεῖ-

218 3398 327 3433 σαν
358 3381 552 3449 ἐκείνῳ
583 3382 818 3447 γυναῖκα
854 3378 1026 3448 ἑτέρῳ
1057 3376 1325 3442 συμϐιοῦν
1350 3392 1363 3405 ο
1388 3376 1539 3443 λέγει
1580 3377 1687 3443 γὰρ
1718 3380 1812 3428 καὶ

216 3472 248 3521 6
276 3471 445 3539 νόμος
467 3470 563 3539 τῆς
594 3470 893 3533 πολιτείας,
925 3470 1005 3522 ὅτι
1038 3471 1095 3522 ὲν
1123 3470 1235 3530 τοῖς
1274 3467 1478 3535 ’γάμοις
1515 3469 1574 3520 οὐ
1604 3468 1664 3518 1‘.
1690 3470 1811 3519 ὲπι-

217 3563 629 3632 τετραμμένον,
660 3562 796 3615 ἀλλά
822 3561 880 3614 τὸ
910 3562 1190 3631 εὐπρεπὲς
1223 3560 1561 3629 σκοποῦμεν.

1922 646 2065 716 quod
2094 647 2327 700 alienum
2359 645 2461 700 sibi
2495 644 2673 700 virum
2719 646 3020 715 usurpavit,
3050 659 3107 702 ut
3156 649 3207 703 in
3232 649 3337 704 iitie
3369 667 3492 709 ean.

1932 740 1965 794 9
2005 738 2333 792 continuatur.
2362 737 2466 793 Sed
2501 738 2546 792 si
2572 738 2623 793 id
2648 737 2955 807 ignorabat.
2985 739 3120 795 forte
3161 743 3303 797 enim
3338 760 3493 814 pere-

1924 828 2111 897 grinus
2139 838 2277 893 erat,
2344 842 2442 883 nec
2485 842 2604 896 qua:
2659 828 2726 883 ad
2788 829 2960 897 ipsmn
3011 833 3326 899 spectabant
3368 846 3492 890 nota

1924 927 2102 981 erant,
2128 916 2309 987 aliquo
2334 930 2493 985 porro
2522 914 2781 985 temporis
2846 917 3129 971 intervallo
3188 919 3256 974 ad
3290 920 3494 981 virum,

1923 1024 2047 1075 quat
2094 1010 2269 1075 ipsum
2317 1008 2632 1063 deseruerat
2684 1008 2931 1073 revertit,
2994 1024 3057 1062 ac
3115 1010 3342 1078 proinde
3398 1028 3496 1066 nu-

1923 1102 2049 1170 ptiae
2072 1115 2195 1155 cum
2224 1098 2458 1154 secunda
2509 1113 2674 1154 uxore
2710 1107 2834 1153 sunt
2871 1099 3177 1166 dissolutae;
3215 1100 3492 1156 mulierem

1925 1199 2065 1253 hanc
2090 1207 2313 1253 sanctus
2342 1194 2664 1250 fornicatam
2688 1209 2809 1249 esse
2835 1197 3053 1260 asserit,
3083 1198 3177 1252 sed
3220 1212 3316 1266 per
3342 1198 3498 1268 igno-

1926 1284 2211 1339 rationem.
2250 1282 2589 1337 Fornicatam
2653 1297 2813 1351 porro
2835 1298 2954 1338 eam
3007 1285 3161 1351 dicit,
3195 1288 3337 1355 quod
3390 1304 3493 1341 non

1923 1374 2126 1428 fuerint
2158 1375 2366 1445 priores
2388 1374 2577 1429 solutae
2612 1376 2811 1442 nuptiae
2836 1394 2849 1442 ;
2871 1377 3143 1445 prioribus
3170 1388 3349 1433 autem
3390 1395 3494 1432 non

1923 1468 2150 1531 solutis,
2194 1471 2464 1536 quomodo
2514 1470 2645 1524 inita
2680 1484 2802 1523 cum
2852 1470 3088 1525 secunda
3144 1471 3366 1525 muliere
3409 1485 3494 1525 sec

1924 1562 2093 1617 cictas
2132 1561 2429 1615 secundum
2489 1561 2889 1614 matrimonium
2922 1561 3162 1615 rideatur
3192 1560 3217 1614 2
3245 1560 3398 1629 Quod
3450 1562 3493 1614 si

1927 1653 2332 1706 matrimonium
2362 1668 2465 1706 non
2496 1651 2591 1715 sit,
2628 1656 2733 1705 erit
2765 1652 2922 1719 plane
2954 1651 3267 1707 fornicatio.
3311 1653 3385 1705 Ac
3412 1650 3496 1704 vir

1924 1743 2136 1812 quidem
2168 1784 2181 1805 ,
2247 1744 2574 1798 iorniearius
2633 1745 2849 1814 proprie
2898 1742 3251 1810 indicabitur,
3302 1742 3497 1796 mulier

1923 1832 2416 1897 autem,l‘ornicata
2471 1835 2685 1902 quidem
2745 1846 2866 1888 esse
2906 1834 3126 1897 dicitur,
3174 1846 3359 1887 verum
3402 1848 3496 1901 per

1921 1926 2335 1994 ignorationem.
2367 1925 2483 1980 Non
2516 1927 2661 1981 enim
2686 1927 3061 1982 fornicationis
3092 1934 3372 1996 peccatum
3394 1927 3492 1979 ad~

1924 2016 2137 2070 mittere
2174 2016 2247 2068 illi
2308 2033 2463 2072 turns
2519 2028 2662 2083 erat,
2709 2019 2803 2073 sed
2857 2020 3128 2089 legitimas
3174 2021 3495 2074 contrahere

1921 2117 2156 2173 llupllas.
2192 2105 2388 2162 Verum
2417 2123 2483 2163 eo
2524 2123 2610 2163 res
2646 2110 2856 2173 recidit,
2915 2120 2978 2165 ut
3025 2111 3224 2179 nuptiae
3277 2113 3496 2165 utinitne

1919 2196 2386 2263 existimarentur,
2419 2209 2707 2267 propterea
2761 2200 2904 2269 quod
2969 2201 3119 2269 prius
3160 2200 3338 2257 adhuc
3379 2217 3495 2255 ma-

1921 2287 2235 2341 trimonium
2267 2288 2611 2344 consisteret.
2651 2290 2787 2345 Cum
2812 2307 2939 2347 vero
2974 2292 3087 2346 hate
3129 2308 3253 2348 cum
3288 2293 3496 2348 duabus

1920 2379 2237 2434 mulieribus
2266 2379 2599 2449 coniunctio,
2635 2381 3040 2436 matrimOnium
3089 2384 3299 2439 censeri
3350 2382 3493 2437 haud

1922 2471 2112 2540 possit,
2148 2471 2275 2540 quid
2301 2472 2447 2526 aliud
2471 2487 2535 2526 ea
2570 2472 2786 2527 dicatur
2816 2471 3135 2541 conjunctio
3159 2488 3322 2542 quam
3377 2472 3490 2528 for-

1919 2565 2141 2629 nicatio,
2167 2580 2261 2632 per
2289 2563 2681 2636 ignorationem
2720 2574 2900 2619 tamen
2955 2566 3235 2621 admissa?
3318 2565 3490 2634 Quam

1917 2655 2079 2709 etiam
2112 2658 2181 2711 ob
2231 2670 2453 2711 causam
2509 2655 2727 2725 subjicit
2776 2671 2988 2711 canon:
3050 2656 3094 2710 Δ
3145 2658 3492 2713 matrimonio

1917 2762 2048 2816 ergo
2105 2763 2211 2801 non
2263 2747 2657 2814 prohibebitur.
2698 2745 2814 2801 Non
2868 2748 3036 2815 enim,
3086 2748 3253 2804 veluti
3292 2764 3321 2803 a
3376 2750 3492 2804 iiro

1918 2840 2137 2894 dimissa
2187 2839 2532 2909 iudicabitur.
2585 2837 2643 2893 Si
2683 2854 2918 2908 namque
2965 2839 3017 2894 id
3079 2850 3245 2905 esset,
3289 2842 3490 2909 aliique

1919 2929 2033 2980 viro
2058 2928 2246 2998 juncta
2280 2928 2439 2989 foret,
2464 2925 3088 2993 adulterajudicaretur,
3116 2941 3181 2982 ex
3224 2927 3354 2981 noni
3388 2941 3479 2981 ca-

1920 3021 2077 3073 nonis
2111 3017 2524 3073 constitutione.
2558 3018 2824 3083 Quoniam
2876 3032 3006 3072 vero
3072 3017 3487 3088 haudquaquam

1918 3110 2135 3177 proprie
2167 3107 2252 3161 illa
2288 3124 2413 3163 cum
2442 3109 2677 3164 secunda
2711 3108 2938 3163 muliere
2964 3108 3316 3174 cohabitalio,
3372 3125 3486 3163 ma-

1920 3201 2231 3256 trimonium
2279 3202 2384 3256 dici
2448 3212 2645 3271 petest,
2697 3208 2982 3271 propterea
3042 3216 3072 3255 a
3142 3202 3484 3257 matrimonio

1922 3290 2116 3344 mulier
2146 3290 2290 3344 hami
2328 3303 2570 3347 arcetur.
2604 3292 2740 3347 Cum
2771 3307 2903 3347 vero
2964 3308 3098 3347 uxor
3134 3293 3271 3348 citra
3328 3308 3459 3348 exce

1923 3380 2160 3447 ptionem
2202 3379 2344 3433 dicta
2378 3381 2538 3434 fiteiit
2571 3380 2693 3442 viri.
2717 3382 2761 3435 si
2806 3382 2936 3436 nulli
2970 3382 3149 3448 alteri,
3200 3398 3266 3438 eo
3313 3384 3488 3439 adhuc

1921 3471 2131 3525 vivente
2163 3470 2412 3540 cepulata
2444 3470 2626 3534 fuerit,
2657 3472 2997 3537 laudabilius,
3058 3475 3231 3546 inquit
3268 3486 3489 3532 sanctus

1924 3561 2027 3625 vir,
2093 3561 2302 3617 fecerit.
2357 3560 2542 3633 Neque
2596 3565 2739 3617 enim
2804 3564 3089 3620 honestum
3122 3565 3315 3634 fuerit,
3374 3567 3489 3621 viro

218 3660 399 3713 adhuc
423 3659 734 3727 Sll‘tt‘l‘alilt‘,
772 3673 890 3726 quae
919 3657 1060 3737 illius
1100 3656 1294 3710 mulier
1341 3654 1484 3709 dicta
1518 3664 1624 3721 est,
1674 3670 1797 3710 cum
1824 3656 1995 3709 altero
2031 3656 2195 3711 vitam
2226 3670 2408 3724 agere.
2449 3654 2506 3711 In
2566 3657 2770 3723 nuptiis
2834 3658 3124 3730 siquidem,
3204 3662 3287 3717 lex
3352 3675 3487 3731 quo-

216 3770 329 3822 que
359 3754 537 3807 civilis
571 3762 799 3808 testatur
835 3757 980 3822 quod
1039 3766 1135 3806 uos
1171 3766 1275 3805 non
1337 3760 1443 3805 tam
1496 3751 1624 3822 quid
1676 3751 2000 3820 permissum
2051 3753 2145 3818 sit,
2197 3768 2359 3822 quam
2442 3753 2571 3824 quid
2642 3754 2912 3810 honestati
2990 3758 3301 3825 conveniat,
3359 3775 3486 3817 con-

215 3843 397 3897 sidera
408 3858 545 3898 mus.

290 3934 514 4006 ΔΡιΣΤ.
533 3934 814 4002 Ἐγήματό
833 3952 915 3997 τις
938 3935 1092 4005 ἀνδρὶ
1112 3937 1253 3991 κατά
1270 3937 1495 4006 ἄγνοιαν
1518 3941 1801 4013 ἀφεμὲνῳ,

215 4020 346 4076 εἶτα
413 4025 447 4093 ὴ
523 4026 769 4094 προτέρα
802 4026 1074 4095 ἀνέφηνεν
1106 4042 1120 4058 ο
1155 4030 1188 4099 ἡ
1219 4028 1265 4081 δ’
1315 4031 1582 4098 ἀφεθεῖσα
1630 4034 1803 4106 πόρνη

213 4116 501 4182 λογίζεται
564 4115 704 4169 κατά
731 4115 974 4183 ἄγνοιαν*
1008 4118 1099 4171 καὶ
1136 4121 1186 4170 εί
1232 4120 1397 4185 θέλει,
1466 4119 1800 4191 ζεύγνυται·

217 4206 446 4261 κάλλιον
479 4206 555 4267 δὲ,
590 4209 638 4259 εί
669 4207 742 4277 μὴ
765 4207 1079 4275 ζεύγνυται.

297 4297 649 4367 Κατελείφθη
682 4299 823 4368 ἀνὴρ
858 4304 1011 4369 παρά
1043 4301 1140 4370 τῆς
1183 4302 1320 4365 ίδίας
1368 4304 1631 4372 γυναικὸς
1672 4306 1809 4369 πρὸς

1987 3937 2215 3995 ARIST.
2244 3938 2438 4008 Nupsit
2464 3934 2714 4007 quaedam
2749 3934 3007 4005 ignorans
3056 3936 3173 3991 viro
3220 3936 3483 3993 dimisso:

1912 4040 2099 4102 postea
2152 4030 2302 4099 prior
2350 4027 2629 4097 apparuit:
2688 4024 2909 4081 dimissa
2935 4036 3115 4081 autem
3164 4026 3480 4083 fornicatrix

1913 4138 2011 4193 per
2064 4119 2421 4191 ignorantiam
2470 4124 2868 4186 reputaturzet
2891 4117 2935 4173 si
2984 4118 3099 4173 vult
3140 4120 3314 4187 nubit,
3374 4135 3485 4174 me-

1914 4216 2018 4270 lius
2041 4224 2217 4269 antem
2251 4213 2292 4266 si
2322 4228 2427 4266 non
2456 4211 2639 4266 nubat.

1986 4303 2083 4358 Vir
2112 4305 2178 4356 ad
2214 4310 2426 4372 tempus
2445 4301 2513 4357 ab
2546 4315 2715 4356 uxore
2763 4316 2859 4355 sua
2898 4300 3184 4357 derelictus
3215 4302 3342 4368 fuit,
3392 4302 3481 4357 ille

216 4390 460 4457 καιρόν·
498 4391 526 4441 6
578 4388 657 4452 δὲ,
719 4389 793 4452 ὡς
848 4391 1143 4456 ἀπολυθεὶς
1199 4395 1291 4447 ὑπ’
1342 4395 1579 4463 ἐκείνης,
1614 4394 1807 4462 ἑτέραν

1921 4402 2092 4448 autem
2128 4390 2238 4446 acsi
2268 4390 2336 4445 ab
2360 4404 2424 4445 ea
2456 4390 2714 4444 dimissus
2740 4387 2931 4443 fuisset
2969 4390 3130 4443 aliam
3162 4392 3339 4455 duxit,
3363 4406 3483 4459 qua:

218 4481 443 4545 ἔλαϐεν,
489 4482 791 4549 ἀγνοοῦσα-ι
822 4482 884 4533 τὸ
940 4484 1077 4553 πρὸς
1122 4486 1319 4556 καιρὸν
1375 4485 1805 4554 καταλειφθῆναι

1921 4484 2139 4538 nescivit
2167 4496 2290 4537 eum
2315 4483 2380 4536 ad
2419 4489 2629 4549 tempus
2660 4480 2964 4550 derelinqui
2998 4496 3016 4535 :
3048 4481 3205 4535 rediit
3259 4482 3325 4537 ad
3355 4498 3479 4537 etim

218 4572 416 4626 αὐτόν.
462 4573 765 4638 Ἐπανῆλοε
813 4573 946 4642 πρὸς
975 4575 1140 4627 αὑτὸν
1189 4579 1222 4645 ἡ
1266 4576 1532 4643 προτέρα,
1565 4578 1660 4629 καὶ
1704 4594 1805 4631 πα-

1921 4579 2107 4643 prima,
2136 4586 2188 4630 et
2219 4589 2339 4628 eam
2372 4573 2639 4643 recipiens
2661 4571 2952 4626 secundam
3006 4572 3232 4636 dimisit,
3263 4581 3319 4628 ut
3369 4574 3480 4628 for-

221 4662 593 4733 ραδεξᾱμενος
652 4665 883 4734 ταύτην,
943 4666 1043 4734 τὴν
1092 4665 1354 4737 δευτέραν
1409 4667 1621 4736 ἀφῆκεν
1655 4682 1669 4698 ·
1730 4666 1804 4731 ὼς

1921 4666 2133 4722 ςιίοοιτίκ
2169 4666 2447 4735 iudicatur
2476 4664 2722 4729 dimissa,
2758 4665 2852 4718 sed
2913 4679 3011 4734 per
3068 4665 3430 4742 ignorantiam
3460 4685 3476 4732 ;

220 4757 405 4825 πόρνη
426 4755 671 4824 κρίνεται
698 4757 838 4827 αὑτὴ
858 4759 891 4825 ἡ
918 4759 1203 4824 ἀφεθεῖσα,
1234 4759 1372 4827 πλὴν
1393 4761 1535 4812 κατὰ
1558 4760 1803 4828 ἄγνοιαν·

1921 4768 1960 4812 3t
2003 4759 2122 4811 ideo
2173 4758 2218 4812 si
2270 4748 2597 4811 matrimonii
2652 4757 3033 4812 communione
3075 4758 3165 4812 alii
3226 4760 3477 4831 conjungi

221 4850 321 4900 καὶ
353 4847 441 4900 διὰ
469 4847 646 4911 τοῦτο,
672 4849 721 4900 εἰ
752 4848 989 4918 βουληθῇ
1021 4853 1200 4917 γάμου
1237 4852 1495 4921 κοινωνίᾳ
1528 4852 1804 4920 συναφθῆ-

1921 4851 2055 4915 velit,
2106 4864 2211 4905 neu
2244 4846 2780 4917 prohibebitur.Non
2841 4851 2983 4905 enim
3053 4850 3277 4905 dimissa
3330 4867 3459 4919 repu

218 4958 310 4992 ναι
364 4941 561 5010 ἑτέρῳ,
612 4940 671 4991 οὐ
702 4940 1079 5009 κωλυθήσεται
1112 4958 1125 4971 ·
1152 4942 1212 4991 οὐ
1249 4944 1358 5011 γὰρ
1419 4941 1800 5011 ἀπολελυμένη

1921 4951 2054 4995 .atttr
2079 4982 2092 5007 ,
2126 4940 2380 5007 quoniam
2416 4940 2503 5007 qui
2527 4954 2646 4994 eam
2674 4941 2879 4994 dimisit
2935 4943 3152 5011 proprie
3195 4956 3299 4997 non
3361 4953 3474 4997 erat

217 5034 500 5099 λογίζεται
533 5047 546 5062 °
607 5032 689 5084 ὅτι
737 5031 874 5100 μηδὲ
909 5029 1045 5099 ἀνὴρ
1074 5032 1243 5098 αὐτῆς
1275 5032 1484 5100 κυρίως
1515 5032 1737 5099 ἐγένετο
1776 5036 1804 5087 ό

1928 5033 2075 5101 psins
2106 5034 2208 5084 vir.
2258 5029 2311 5085 Si
2366 5040 2548 5086 autem
2603 5038 2760 5086 extra
2804 5032 3208 5086 matrimonium
3255 5048 3476 5088 manere

216 5125 429 5190 ταύτην
464 5124 755 5191 νὶφέμενος.
801 5123 927 5175 Ἐὰν
957 5123 1012 5174 δὲ
1040 5122 1243 5193 θελήσῃ
1273 5126 1454 5190 μεῖναι
1476 5126 1532 5177 ἐν
1561 5124 1799 5195 ἀγαμία,

1921 5121 2083 5184 :ellet,
2109 5130 2164 5175 et
2220 5121 2286 5174 ad
2330 5119 2564 5176 alterum
2619 5120 2927 5191 conjugium
2982 5137 3086 5175 non
3129 5123 3334 5189 venire,
3372 5124 3473 5178 hoc

216 5216 313 5269 κιὶ
344 5215 419 5284 μὴ
448 5215 534 5265 ἐπ’
563 5214 720 5268 ἀλλον
747 5214 925 5268 ἐλθεῖν
960 5215 1161 5282 γάμον,
1193 5214 1415 5268 κάλλιον
1443 5215 1626 5269 τοῦτο.

1922 5212 2093 5267 nelius
2118 5220 2281 5267 esset.

819 5304 1053 5358 ΚΑΝΩΝ
1081 5303 1199 5360 MZ'

2434 5299 2661 5357 CANON
2725 5299 2934 5355 XLVII.

226 5398 590 5467 Ἐγκρατῖται
624 5394 1111 5466 καίΣακκοφόροι,
1146 5397 1241 5449 καὶ
1300 5397 1689 5453 ’Δποτακτίται
1720 5400 1799 5471 τῷ

1921 5387 2216 5452 Ξιιοτοιὶιεε.
2292 5399 2347 5445 et
2401 5388 2749 5458 Saccophori,
2809 5402 2863 5445 et
2927 5392 3243 5460 Apotaetitaa
3298 5393 3468 5460 subji-

283 5490 441 5559 αὖτῷ
490 5490 811 5542 ὑπόκεινται
863 5488 1028 5558 λόγῳ,
1074 5480 1119 5555 ᾧ
1177 5488 1271 5540 καὶ
1320 5486 1670 5555 Ναυατιανοὶ,
1716 5490 1797 5543 ὅτι

1970 5481 2189 5535 ciuntnr
2231 5481 2404 5535 eidem
2439 5481 2655 5545 rationi,
2683 5483 2769 5535 cui
2790 5490 2844 5538 et
2873 5482 3184 5548 Novatiani,
3241 5486 3367 5552 quia
3394 5485 3463 5541 de

284 5582 420 5649 περὶ
481 5575 580 5647 μὲν
614 5578 839 5639 ἐκείνων
879 5577 1063 5630 κανὼν
1093 5576 1433 5647 ἐξεφωνήθη,
1470 5582 1516 5631 εἰ
1550 5583 1640 5631 καὶ
1689 5581 1797 5633 διάο

1971 5573 2075 5627 illis
2102 5574 2278 5627 editus
2318 5580 2403 5627 est
2434 5587 2635 5638 canon,
2662 5575 2761 5628 etsi
2787 5574 3072 5630 diversus:
3100 5590 3221 5645 qua:
3279 5586 3458 5630 autem

281 5690 477 5743 φορος,
505 5675 570 5724 τὰ
601 5673 658 5723 δὲ
693 5672 833 5724 κατά
854 5671 1080 5733 τούτους
1108 5669 1557 5741 ἀποσεσιώπηται
1587 5686 1599 5700 ο
1636 5674 1793 5741 ἡμεῖς

1968 5676 2091 5721 sunt
2122 5666 2387 5727 adversus
2411 5679 2525 5725 eos.
2562 5665 2781 5720 silentio
2807 5667 3168 5735 praetermissa
3196 5678 3340 5733 sunt,
3370 5686 3466 5722 nos

283 5765 474 5832 μέντοι
514 5762 593 5811 ἑνὶ
640 5760 783 5828 λόγῳ
839 5760 1287 5829 ἁναὸαπτεζομεν
1330 5760 1454 5821 τοὺς
1492 5759 1786 5822 τοιούτους.

1970 5770 2146 5812 autem
2190 5774 2296 5811 una
2361 5759 2567 5813 ratione
2618 5764 2755 5813 tales
2820 5760 3240 5830 rebaptizamus.
3289 5762 3345 5816 Si
3378 5776 3462 5815 an.

279 5858 341 5911 lii
378 5856 436 5908 δὲ
480 5871 593 5906 mo
642 5853 772 5922 ἡμῖν
819 5852 1199 5923 ἀπηγόρευται
1244 5846 1420 5915 τοῦτο,
1455 5852 1512 5901 τῖ,
1546 5851 1634 5903 τοῦ
1670 5854 1769 5905 ἀνα

1984 5859 2086 5904 leui
2118 5849 2385 5917 prohibita
2443 5862 2524 5904 CSt
2558 5851 2696 5919 apud
2765 5866 2857 5908 vos
2917 5854 3027 5907 ltrcc
3092 5853 3465 5922 t't'ltnptiznlio,
