4096 6460
217 433 329 495 7'29

1169 433 1247 494 ΙΝ
1290 434 1530 493 EPIS'I‘.
1578 435 1639 493 S.
1689 430 1972 489 BASlLll
2008 431 2448 494 CANONICAM
2490 435 2571 496 ll.

3373 432 3483 497 730

216 538 533 611 οἰκονομίας
577 539 818 606 ἐδέξατο,
865 540 956 600 καὶ
1001 543 1305 613 προσέταξε
1356 543 1503 612 μόνῳ
1547 542 1624 610 τῷ
1670 542 1802 609 ἁγίῳ

1914 557 2038 596 nem
2091 546 2335 608 admisit,
2362 557 2415 599 et
2444 547 2631 614 ξιιμείι,
2673 560 2762 599 eos
2817 543 2930 599 solo
2961 543 3256 597 chrismate
3293 559 3488 597 sancto

215 629 382 702 μύρῳ
423 631 649 693 τούτους
692 631 964 701 χρίεσθαι,
1009 636 1483 702 προσερχομένους
1528 635 1592 702 τῇ
1639 632 1805 685 καθο-

216 724 343 792 λικῇ
381 721 587 785 πίστει,
621 722 718 776 καὶ
751 723 850 785 τὰς
881 723 1124 793 αἱρέσεις
1160 724 1342 786 αὐτῶν
1377 722 1807 794 ὰναθεματίζον-

213 829 321 876 τας
343 827 356 842 ·
388 812 624 866 ἐνταῦθα
650 813 727 879 δὲ,
753 814 1234 885 ὲπιδιορθούμενος
1257 816 1317 869 16
1348 819 1470 871 κατ’
1494 816 1808 884 οἰκονομίαν

214 903 400 956 ὲκεῐσε
446 904 664 974 δεχῠὲν,
715 906 886 975 ὁρίζει
936 913 1061 971 τοὺς
1125 908 1486 976 Ἐγκρατίτας
1540 909 1636 962 καὶ
1682 909 1809 968 τοὺς

213 993 444 1058 λοιποὺς
511 995 1015 1065 ἁναδαπτίζεσθαι,
1051 997 1140 1052 διὰ
1166 1000 1228 1052 16
1256 999 1353 1069 τὴν
1384 999 1599 1069 αἵρεσιν
1628 999 1809 1052 αὐτῶν

211 1087 536 1153 ἀποσλάστη
548 1107 624 1156 μα
652 1086 792 1143 εἶναι
818 1091 928 1143 τῶν
953 1093 1414 1162 Μαρκιωνιστῶν,
1444 1092 1810 1162 βδελυσσομέ-

211 1194 327 1229 νων
353 1179 446 1231 καὶ
471 1179 674 1243 αὐτῶν,
699 1178 774 1241 ὡς
801 1179 1046 1243 ἐκείνων,
1074 1181 1167 1236 τὸν
1192 1184 1392 1253 γάμον,
1421 1184 1517 1237 καὶ
1543 1185 1812 1253 ἀποστρε-

211 1269 475 1337 φομένων
504 1269 598 1322 τὸν
627 1265 769 1323 οἶνον
790 1309 806 1333 ,
839 1271 935 1324 καὶ⁵
961 1273 1061 1340 τὴν
1093 1273 1272 1328 κτίσιν
1300 1275 1396 1328 τοῦ
1428 1274 1563 1328 Θεοῦ
1598 1291 1664 1344 με
1676 1293 1805 1345 μια-

213 1360 429 1429 σμένην
467 1355 603 1413 εῐναι
638 1362 929 1428 λεγόντων.
972 1365 1120 1434 Πλὴν
1153 1367 1182 1418 6
1220 1367 1452 1438 ἕϐδομος
1489 1366 1672 1422 κανὼν
1707 1367 1808 1438 τῆς

210 1453 274 1502 ἐν
313 1450 605 1520 Λαοδικείᾳ
649 1454 894 1514 συνόδου,
938 1455 1034 1508 καὶ
1073 1458 1101 1510 6
1145 1457 1371 1528 ἕϐδομος
1409 1459 1512 1529 τῆς
1559 1461 1616 1513 ὲν
1653 1460 1812 1512 Κων-

213 1540 703 1605 σταντινουπόλει,
736 1542 832 1596 καὶ
861 1544 889 1596 6
921 1544 1305 1614 ὲννενηκοστδς
1338 1547 1589 1614 πέμπτος
1620 1548 1718 1616 τῆς
1754 1549 1811 1598 ὲν

211 1631 298 1700 τῷ
341 1631 596 1700 Τρούλλ’ρ
635 1632 802 1704 ἕκτης
845 1635 1089 1700 συνόδου,
1137 1639 1246 1690 τῶν
1291 1637 1675 1706 Ναυατιανῶν,
1719 1640 1813 1692 καὶ

214 1721 530 1792 Καθαρῶν,
569 1725 665 1776 καὶ
703 1725 1384 1796 Τεσσαρεσκαιδεκατιτῶν
1418 1729 1479 1782 16
1525 1729 1813 1797 βάπτισμα

215 1813 476 1882 δέχεται,
515 1816 973 1885 προσερχομένων
1004 1820 1069 1887 τῇ
1109 1818 1406 1888 Ἐκκλησία
1430 1858 1444 1883 ,
1479 1819 1576 1871 καὶ
1611 1817 1809 1872 ἀναθεο

214 1906 560 1975 ματιζόντων
592 1908 775 1959 πᾶσαν
806 1907 1052 1976 αἵρεσιν,
1085 1910 1176 1962 καὶ
1204 1909 1303 1979 τὴν
1335 1909 1567 1964 ἑαυτῶν.
1606 1911 1802 1979 Χρίον-

210 2013 307 2048 ται
348 1995 405 2048 δί
453 1998 600 2066 μόνῳ
660 1997 739 2066 τῷ
784 1998 924 2065 ἁγίῳ
968 1998 1124 2070 μύρῳ
1167 2000 1418 2071 μέτωπα,
1465 2002 1802 2073 ὀφθαλμοὺς,

211 2093 394 2162 ῥῖνας,
429 2093 625 2164 στόμα,
658 2093 754 2150 καὶ
783 2086 922 2148 ὦτα.

800 2185 1041 2240 ΚΑΝΩΝ
1076 2187 1130 2239 Μ
1139 2183 1216 2240 H'.

225 2275 293 2328 Ἦ
329 2275 383 2328 δὲ
421 2276 922 2344 ὲγκαταλειφθεῖσα
957 2281 1108 2346 παρὰ
1139 2277 1234 2330 τοῦ
1267 2279 1462 2347 ἀνδρδς
1484 2318 1496 2338 ,
1530 2277 1672 2331 κατὰ
1704 2278 1803 2347 τὴν

284 2367 428 2438 ἐμὴν
455 2368 704 2438 γνώμην,
737 2371 918 2438 μένειν
944 2369 1174 2437 ὀφείλει.
1207 2371 1268 2422 Ei
1300 2371 1408 2440 γὰρ
1436 2372 1464 2425 6
1489 2369 1696 2445 Κύριος
1729 2365 1804 2422 εἴ·

281 2476 412 2521 πεν,
436 2461 518 2512 ὃτι
536 2461 678 2515 Ἐάν
691 2478 778 2526 τις
789 2463 1123 2529 καταλείπῃ
1152 2462 1406 2530 γυναῖκα
1421 2463 1595 2527 ἐκτὸς
1614 2466 1802 2531 λόγου

283 2551 593 2617 πορνείας,
619 2552 783 2606 ποιεῖ
811 2553 1007 2622 αὐτὴν
1026 2553 1377 2623 μοιχᾶσθαι.
1405 2556 1470 2607 ἐκ
1487 2553 1582 2607 τοῦ
1612 2571 1803 2623 μοιχα-

282 2639 404 2692 λίδα
437 2639 605 2711 αὐτὴν
633 2641 934 2710 ὀνομάσαι,
966 2643 1292 2696 ἀπέκλεισεν
1323 2643 1494 2714 αὐτὴν
1531 2646 1632 2714 τῆς
1665 2644 1801 2710 πρὸς

281 2731 471 2800 ἕτερον
490 2733 790 2798 κοινωνίας.
804 2737 924 2798 Πῶς
942 2737 1051 2808 γὰρ
1067 2737 1286 2791 δύναται
1309 2741 1336 2792 6
1352 2741 1450 2809 μὲν
1471 2739 1610 2808 ἀνὴρ
1629 2739 1798 2792 ὑπεύ-

280 2820 443 2885 θυνος
473 2817 648 2887 εἶναι,
681 2825 758 2886 ὡς
795 2827 1042 2894 μοιχείας
1077 2829 1282 2891 αἴτιος,
1316 2830 1348 2899 ἡ
1382 2829 1439 2882 δὲ
1473 2831 1611 2899 γυνὴ
1647 2829 1800 2882 ἀναίο

277 2930 396 2976 τιος
429 2911 592 2979 εἶναι,
626 2907 671 2986 ἡ
693 2917 946 2986 μοιχαλὶς
981 2920 1130 2990 παρὰ
1167 2922 1375 2990 Κυρίου
1410 2920 1500 2974 διὰ
1529 2921 1628 2992 τὴν
1662 2923 1801 2991 πρὸς

277 3004 464 3072 ἕτερον
493 3004 660 3074 ἄνδρα
691 3008 977 3061 κοινωνίαν
1007 3011 1553 3079 προσαγορευθεῖσα;

275 3093 474 3148 ΒΑΛΣ.
505 3096 603 3156 Ὠς
640 3095 840 3160 ἔοικεν,
882 3098 1183 3169 ἰρωτηθεὶς
1218 3102 1245 3153 6
1283 3099 1458 3166 ἅγιος,
1497 3103 1547 3154 εἰ
1588 3100 1794 3170 ὀφείλει

1908 638 2060 706 ungi,
2084 651 2210 691 cum
2242 638 2306 690 ad
2338 637 2655 691 catholicam
2683 637 2943 690 accedunt
2973 636 3130 690 fidem
3162 644 3216 689 et
3257 637 3490 695 liatreses

1910 743 2034 785 suas
2059 728 2554 787 anathematizant.
2587 726 2682 782 Hic
2713 736 2891 781 autem
2927 727 3206 797 corrigens
3243 730 3380 796 quod
3412 729 3487 781 ibi

1910 831 2130 892 propter
2159 825 2519 877 meonomiam
2553 821 2846 875 admissum
2901 818 3023 884 fuit,
3050 820 3242 873 statuit
3280 820 3488 872 Encra-

1910 916 2060 975 titas,
2105 925 2157 969 et
2213 915 2448 982 reliquos
2501 913 2694 967 iterum
2746 911 3032 981 baptizari,
3082 910 3209 979 quia
3261 911 3490 964 istorum

1911 1006 2132 1061 haeresis
2159 1017 2240 1061 est
2272 1005 2749 1059 Marcionistarnm
2785 1019 3027 1073 germen,
3057 1013 3112 1058 et
3136 1003 3224 1058 liis
3249 1018 3356 1057 non
3387 1003 3493 1056 mi-

1910 1113 2015 1153 nus
2037 1113 2200 1166 quam
2232 1098 2349 1152 istis
2377 1097 2590 1166 nuptias
2609 1098 3022 1160 detestantibus,
3045 1103 3099 1151 et
3120 1095 3300 1150 vinum
3334 1095 3492 1152 fasti-

1911 1189 1999 1244 dio
2020 1189 2425 1251 damnantilms,
2463 1198 2515 1242 et
2560 1187 2654 1243 Dei
2707 1198 3012 1244 creaturam
3059 1189 3491 1244 contaminatam

1911 1295 2031 1337 esse
2079 1280 2403 1337 dicentibus.
2454 1280 2558 1335 Sed
2608 1282 2872 1351 septimus
2935 1281 3126 1352 synodi
3173 1279 3496 1335 Laodiceam

1912 1389 2104 1437 canon,
2147 1383 2201 1427 et
2244 1374 2510 1443 septimus
2557 1372 3197 1441 Constantinopolitanae,
3231 1381 3286 1428 et
3321 1387 3494 1428 nona-

1913 1466 2147 1534 gesimus
2178 1467 2399 1534 quintus
2431 1480 2599 1522 sextae
2649 1467 2703 1521 in
2736 1464 2925 1519 'l‘rnllo
2960 1465 3178 1536 synodi,
3219 1473 3273 1518 et
3318 1463 3497 1518 Nova-

1916 1558 2208 1617 tianorum,
2257 1565 2312 1610 et
2353 1556 2741 1618 Catharorum,
2773 1565 2828 1609 et
2879 1554 3495 1622 Quartadecimanorum

1913 1649 2177 1716 baptisma
2234 1649 2447 1715 recipit,
2499 1649 2542 1701 si
2605 1651 2669 1700 ad
2724 1648 3024 1702 Eoi-.Iesiam
3075 1646 3390 1710 adveniunt,
3442 1655 3497 1698 et

1913 1753 2128 1796 omnem
2169 1739 2417 1794 haeresim
2449 1741 2611 1795 etiam
2657 1757 2812 1796 suam
2860 1738 3339 1794 anathematizant.
3367 1736 3498 1790 Solo

1917 1840 2096 1884 autem
2144 1841 2337 1885 sancto
2368 1842 2643 1901 unguntur
2675 1832 2975 1889 chrismate
3008 1831 3235 1900 frontes,
3282 1831 3494 1895 oculos,

1917 1935 2096 1984 nasos,
2131 1937 2212 1986 os,
2247 1930 2302 1977 et
2332 1938 2508 1979 aures.

2453 2187 2683 2244 CANON
2718 2186 2960 2243 XLVIII.

1905 2278 2034 2345 Quae
2067 2294 2093 2330 a
2126 2280 2322 2333 marito
2367 2279 2588 2333 dimissa
2617 2290 2720 2342 est,
2769 2295 2885 2334 mea
2940 2279 3154 2348 quidem
3226 2281 3496 2335 sententia

1974 2380 2192 2422 insuere
2224 2367 2403 2421 debet.
2461 2368 2516 2422 Si
2567 2369 2709 2421 enim
2757 2371 3018 2425 Dominus
3063 2372 3197 2424 dixit
3228 2389 3242 2426 :
3270 2370 3329 2425 Si
3376 2373 3498 2442 quis

1977 2457 2188 2527 reliquit
2229 2473 2444 2510 uxorem
2474 2469 2826 2526 preterquam
2869 2462 3072 2515 ratione
3105 2463 3494 2529 fornicationis,

1971 2547 2095 2614 facit
2127 2563 2241 2601 eam
2276 2547 2569 2601 adulterari
2593 2550 2632 2610 ⁸,
2685 2564 2748 2603 ex
2777 2564 2841 2603 eo
2873 2551 3014 2617 quod
3043 2564 3162 2604 eam
3191 2551 3492 2606 adulteram

1976 2638 2240 2700 nominet,
2271 2639 2509 2691 exclusit
2541 2652 2659 2690 eam
2695 2654 2722 2690 a
2753 2641 3014 2694 societate
3034 2656 3155 2694 cum
3191 2642 3319 2702 alio,
3346 2640 3494 2706 Qun-

1971 2730 2133 2781 modo
2185 2729 2330 2781 enim
2385 2737 2567 2798 potest
2633 2731 2716 2781 vir
2770 2729 2990 2796 quidem
3051 2744 3170 2784 esse
3225 2745 3376 2791 reus.
3437 2741 3496 2784 ut

1977 2827 2170 2871 auctor
2209 2818 2487 2880 adulterii,
2537 2818 2733 2872 mulier
2782 2827 2959 2871 autem
3007 2817 3135 2871 nulli
3173 2833 3292 2873 esse
3327 2820 3497 2885 culpa:

1974 2909 2150 2964 amnis
2185 2925 2304 2978 qua:
2328 2910 2569 2963 adultera
2606 2908 2870 2977 appellata
2901 2922 2984 2964 est
3015 2920 3232 2979 prapler
3265 2925 3494 2966 consuc-

1964 2999 2202 3053 tudinem
2237 3013 2358 3051 cum
2395 2998 2501 3051 alio
2532 2998 2650 3051 viro
2671 2998 2696 3050 ?

1979 3091 2140 3161 106
2182 3088 2373 3144 BALS.
2410 3087 2603 3144 Ut‘est
2632 3088 2951 3155 verisimile,
2982 3098 3208 3144 sanctus
3255 3089 3491 3144 interro-

205 3187 432 3255 νομίμῳ
461 3187 614 3255 ἀνδρὶ
645 3188 1016 3241 συνάπτεσθαι
1049 3192 1080 3258 ἡ
1111 3191 1440 3260 παραλόγως
1471 3192 1791 3258 διαζυγεῖσα

1908 3191 2059 3252 gatus
2090 3191 2193 3246 est,
2228 3195 2293 3235 an
2343 3182 2495 3236 debet
2534 3181 2734 3233 marito
2776 3180 3017 3249 legitime
3064 3179 3316 3250 conjungi
3372 3197 3494 3250 qua:

210 3277 372 3345 παρὰ
401 3277 495 3328 τοῦ
526 3277 732 3328 οἰκείου
763 3277 975 3346 ἀνδρὸς,
1009 3273 1188 3341 εἶπεν,
1220 3280 1341 3332 ἐπεὶ
1371 3281 1398 3332 6
1430 3282 1636 3350 Κύριος
1665 3283 1800 3334 ἀπεο

206 3369 424 3437 φήνατο
469 3367 749 3438 μοιχαλίδα
796 3363 936 3422 εἶναι
974 3370 1075 3438 τὴν
1118 3371 1581 3439 καταλειφθεῖσαν
1628 3389 1801 3442 παρεο

205 3461 338 3520 κτδ;
377 3460 632 3527 πορνείας
667 3461 772 3512 ὑπὸ
805 3460 900 3514 τοῦ
936 3462 1139 3515 οἰκείου
1177 3462 1371 3532 ἀνδρὸς
1394 3503 1409 3528 ,
1446 3464 1668 3528 πάντως
1705 3465 1802 3518 ἐὰν

206 3551 388 3620 ἑτέρῳ
422 3550 687 3622 συζευχθῇ
709 3591 722 3611 .
757 3553 961 3620 ὀφείλει
997 3553 1029 3622 ἠ
1062 3553 1288 3621 τοιαύτη
1323 3555 1464 3622 γυνὴ
1502 3554 1800 3624 ἡσυχάζειν

205 3644 302 3694 καὶ
333 3642 504 3716 ἑτέρῳ
536 3642 610 3711 μὴ
640 3641 1004 3710 συναφθῆναι.
1035 3643 1480 3707 Κατασκευάζων
1525 3645 1581 3696 δὲ
1609 3645 1701 3696 16v
1728 3646 1804 3696 0!-

205 3735 357 3786 κεῖον
397 3733 554 3798 λόγον
591 3732 952 3803 προστίθησιν
988 3734 1100 3797 ὅτι,
1143 3733 1245 3788 κᾶν
1281 3735 1342 3786 οὐ
1387 3734 1623 3788 δέδωκεν
1661 3734 1800 3804 αὐτὴ

202 3825 308 3894 τὴν
347 3824 525 3876 αἰτίαν
572 3824 669 3890 τῆς
723 3823 1180 3892 ἐγκαταλείψεως,
1233 3825 1400 3878 ἀλλ’ό
1447 3824 1608 3896 ἀνὴρ,
1651 3826 1802 3893 ὅμως

202 3915 306 3969 καὶ
341 3914 479 3982 αὑτὴ
517 3916 564 3966 εἰ
610 3913 687 3982 μὴ
726 3915 1061 3982 καρτερήσει
1097 3916 1195 3982 τὴν
1234 3916 1544 3982 παράλογον
1579 3915 1800 3978 διάζευ·

205 4005 313 4067 ειν,
365 4005 455 4056 ml.
497 4004 897 4056 ἀνακαλέσεται
936 4007 1028 4055 τὸν
1073 4007 1276 4057 οἰκεῖον
1323 4006 1592 4074 όμόζυγον
1620 4048 1636 4072 ,
1684 3998 1800 4059 ἀλλ’

203 4094 383 4163 ἑτέρῳ
424 4093 708 4164 συναφθῇ,
743 4093 818 4156 ὡς
876 4095 1124 4165 μοιχαλὶς
1163 4096 1667 4166 κατακριθήσεται·
1706 4101 1799 4150 τὸν

203 4185 378 4254 ἄνδρα
413 4185 466 4237 δὲ
500 4186 700 4253 ταύτης
735 4186 1039 4239 ὑπεύθυνον
1071 4181 1213 4253 εἷναί
1246 4205 1408 4257 φησιν
1430 4229 1443 4254 ,
1477 4188 1551 4250 ὡς
1585 4188 1803 4256 γινόμε-

202 4295 301 4330 νον
327 4277 502 4329 αἴτιον
528 4278 626 4344 τῆς
658 4278 926 4345 μοιχείας.
961 4278 1066 4330 Καὶ
1093 4279 1120 4331 6
1151 4278 1248 4344 μὲν
1278 4278 1455 4332 κανὼν
1480 4280 1538 4332 ἐν
1564 4281 1797 4344 τούτοις,

199 4368 281 4420 Σὺ
315 4367 370 4420 δὲ
404 4366 682 4434 ἀνάγνωθι
734 4367 827 4418 16v
878 4373 970 4436 πη¹
997 4368 1198 4420 κανόνα
1221 4411 1233 4431 ,
1269 4370 1363 4421 καὶ
1395 4370 1485 4421 τὸν
1517 4368 1586 4437 ιγ’
1611 4371 1708 4437 τῆς
1745 4372 1800 4422 ἐν

199 4457 284 4528 τῷ
321 4458 577 4527 Τρούλλῳ
622 4460 862 4523 συνόδου,
901 4460 996 4512 καὶ
1035 4461 1103 4513 τὰ
1144 4463 1276 4530 παρ’
1302 4463 1460 4532 ἡμῶν
1495 4464 1554 4512 ὲν
1589 4462 1801 4524 τούτοις

1909 3283 2108 3343 praeter
2155 3273 2420 3326 rationem
2470 3288 2497 3323 a
2547 3273 2769 3339 prOprio
2822 3272 3021 3325 marito
3075 3285 3325 3338 separata
3387 3281 3490 3326 est.

1911 3363 2046 3416 Dixit
2076 3365 2260 3431 itaque
2289 3365 2431 3430 quod
2468 3363 2590 3430 quia
2624 3362 2882 3414 Doniinm
2905 3377 3023 3415 eam
3047 3376 3167 3416 esse
3193 3362 3492 3416 adulteram

1907 3453 2280 3524 pronuntiavit
2304 3468 2426 3521 quae
2454 3463 2607 3506 extra
2635 3453 3047 3506 fornicationem
3094 3467 3122 3504 a
3155 3466 3254 3504 suo
3291 3456 3492 3504 marito

1906 3547 2126 3598 dimissa
2163 3553 2267 3605 est,
2301 3543 2343 3596 si
2377 3542 2466 3595 alii
2507 3541 2728 3596 omnino
2755 3539 3042 3609 conjuncta
3095 3539 3255 3592 fuerit
3285 3578 3301 3602 ,
3334 3535 3492 3592 debet

1909 3646 1972 3685 ea
2013 3632 2207 3685 mulier
2260 3630 2562 3698 quiescere,
2610 3639 2662 3683 et
2701 3629 2790 3682 alii
2839 3643 2945 3682 non
2996 3626 3278 3696 conjungi.
3325 3627 3492 3680 Suum

1911 3723 2093 3791 itaque
2117 3721 2320 3776 dictum
2353 3720 2680 3774 conﬁrmans
2709 3719 2892 3787 adjicit
2923 3759 2939 3785 ,
2989 3720 3128 3786 quod
3161 3719 3258 3772 etsi
3293 3733 3358 3772 ea
3407 3719 3489 3770 dt-

1906 3812 2178 3866 niissionis
2225 3825 2444 3864 causam
2495 3824 2600 3862 non
2647 3809 2876 3872 dederit,
2917 3810 3008 3861 sed
3066 3809 3314 3869 maritus,
3366 3806 3484 3876 ipsa

1906 3911 2090 3956 tamen
2119 3906 2167 3955 sl
2198 3901 2453 3966 injustum
2500 3898 2791 3952 divortium
2824 3911 2929 3950 non
2977 3895 3273 3949 toleranter
3305 3891 3492 3948 tulerit

1905 4003 1960 4049 et
1998 3995 2064 4048 ad
2111 4007 2270 4047 suum
2301 3991 2586 4060 conjugem
2635 3989 2884 4052 redierit,
2920 3988 3013 4040 sed
3065 3987 3153 4039 alii
3198 3987 3488 4055 conjuncta

1903 4087 2086 4153 fuerit,
2123 4095 2179 4140 nt
2208 4086 2454 4140 adultera
2488 4081 2938 4137 condemnabitur
2967 4096 2980 4133 :
3017 4080 3134 4148 ejus
3161 4090 3341 4133 autem
3377 4092 3490 4133 ma-

1904 4183 2069 4236 ritum
2104 4180 2233 4233 dicit
2265 4191 2385 4232 esse
2418 4190 2570 4230 reum
2596 4185 2653 4228 ut
2678 4174 2768 4242 qui
2798 4171 2961 4226 fuerit
2987 4181 3176 4226 auctor
3221 4168 3493 4224 adulterii.

1904 4272 1968 4328 Et
2003 4273 2054 4325 in
2104 4271 2189 4324 liis
2233 4269 2452 4340 quidem
2506 4267 2757 4323 consistit
2785 4277 2982 4318 canon.
3017 4262 3095 4315 'l‘u
3144 4271 3323 4315 autem
3366 4261 3490 4328 lege

1904 4365 2298 4432 octogesimum
2349 4367 2597 4415 octavum
2639 4372 2902 4411 canonem
2963 4364 3019 4409 et
3078 4353 3488 4422 nonagesimum

1909 4456 2129 4510 tertium
2168 4451 2357 4521 synodi
2408 4451 2461 4504 in
2507 4448 2717 4512 Trnllo,
2775 4456 2829 4501 et
2861 4461 2978 4516 quae
3030 4446 3082 4498 in
3128 4445 3214 4497 liis
3260 4458 3288 4496 a
3337 4443 3494 4496 nobis

199 4547 491 4613 γραφέντα
523 4549 648 4616 περὶ
684 4547 792 4600 τῶν
821 4547 1240 4617 καταλειψασῶν
1272 4552 1396 4611 τοὺς
1429 4551 1664 4613 οἰκείους
1696 4552 1794 4604 ἄν·

1908 4547 2109 4614 scripta
2128 4556 2252 4599 sunt
2284 4544 2353 4597 de
2383 4543 2450 4596 iis
2485 4557 2602 4610 qua:
2629 4555 2757 4594 suos
2796 4538 3017 4592 maritos
3068 4535 3398 4603 reliquerunt
3431 4543 3487 4586 et

200 4634 361 4704 δρας,
395 4635 492 4687 καὶ
521 4635 580 4687 16
613 4636 878 4692 ἐναντίον.
912 4636 1211 4705 Ἐρωτήσει
1238 4640 1292 4692 δέ
1323 4657 1406 4702 τις
1439 4641 1565 4708 ποίᾳ
1595 4640 1797 4711 εὐθύνῃ

201 4728 496 4780 ὑπόκειται
523 4730 549 4780 6
575 4730 713 4800 ἀνὴρ
739 4730 840 4798 τῆς
870 4731 1325 4802 καταλειφθείσης
1353 4733 1611 4799 γυναικὸς
1644 4735 1802 4784 ἀνευ-

199 4819 402 4886 λόγως,
436 4820 530 4872 καὶ
544 4819 716 4889 ἑτέρῳ
745 4820 1179 4893 συμϐιωσάσηςς
1211 4825 1424 4890 Λύσις.
1456 4825 1614 4887 Τινὲς
1645 4819 1798 4877 εἶπον

201 4913 287 4984 τῷ
315 4913 424 4983 πρὸ
454 4916 699 4983 μοιχείας
727 4917 1042 4986 ἰτκλήματι
1071 4912 1210 4971 εἷναι
1237 4920 1427 4973 τοῦτον
1457 4921 1756 4974 ὑπεύθυνον
1783 4938 1796 4951 ·

202 5005 332 5075 ἰμοὶ
365 5006 420 5057 δὲ
455 5005 516 5058 οὑ
552 5007 717 5060 δοκεῖ.
754 5007 912 5061 Ἐπεὶ
948 5008 1056 5078 γὰρ
1095 5009 1249 5080 παρὰ
1287 5011 1364 5078 τῷ
1399 5011 1665 5080 θελήματι
1701 5013 1798 5080 τῆς

200 5097 468 5163 γυναικὸς
504 5097 794 5165 πρόκειται
830 5098 890 5151 16
925 5100 1228 5169 συζυγῆναι
1257 5102 1426 5172 αὐτὴν
1459 5103 1632 5171 ἑτέρῳ
1654 5145 1667 5167 ,
1701 5107 1796 5156 καὶ

200 5186 351 5240 οὕτω
385 5187 767 5255 μοιχευθῆναι,
799 5189 892 5241 καὶ
921 5190 981 5241 16
1012 5191 1376 5260 καρτερῆσαι,
1410 5194 1502 5244 καὶ
1535 5194 1609 5260 μὴ
1643 5194 1797 5259 γενέ-

202 5277 329 5330 σθαι
365 5277 627 5345 μοιχείαν,
645 5279 761 5341 πῶς
791 5281 817 5332 6
846 5279 1005 5350 ἀνὴρ,
1051 5280 1124 5352 μὴ
1158 5283 1473 5351 μοιχεύσας,
1504 5283 1579 5345 ὡς
1609 5284 1796 5352 μοιχὸς

200 5366 646 5433 κολασθήσεταις
683 5365 853 5437 Οἶμαι
891 5369 984 5424 οὖν
1017 5372 1099 5424 ὅτι
1134 5372 1210 5435 ὡς
1250 5374 1349 5442 μὲν
1383 5377 1569 5446 μοιχὸς
1605 5381 1666 5430 ού
1703 5399 1794 5433 xo-

200 5456 572 5526 λασθήσεται,
620 5460 912 5530 γενήσεται
958 5463 1012 5516 δὲ
1061 5464 1146 5515 ἐπ’
1179 5465 1327 5534 αὐτῷ
1367 5467 1442 5529 ὡς
1488 5469 1794 5537 ἀνευλόγως

201 5547 480 5615 πέμψαντι
515 5548 793 5616 διαζύγιον
815 5591 827 5610 ,
863 5552 1004 5604 κατὰ
1035 5552 1096 5605 16
1133 5552 1200 5620 ιγ’
1230 5571 1354 5623 κεφ.
1383 5559 1482 5621 τῆς
1516 5556 1588 5608 λδ*
1657 5558 1789 5610 Ἰουω

201 5639 531 5690 στινιανείου
562 5639 802 5706 Νεαρᾶς,
835 5641 952 5708 ἦτοι
981 5642 1040 5695 16
1071 5644 1110 5695 δ’
1137 5661 1262 5712 κεφ.
1294 5645 1388 5698 τοῦ
1420 5645 1465 5709 ζ’
1489 5647 1668 5699 τίτλον
1697 5648 1788 5700 τοῦ

281 5819 297 5849 ³
334 5815 529 5870 Matth.
571 5832 598 5866 v
649 5815 737 5872 59..

1908 4647 2120 4695 contra.
2171 4633 2589 4702 luterrogaverit
2629 4641 2808 4684 autem
2859 4626 3148 4697 quispiam,
3192 4626 3278 4680 cui
3316 4639 3490 4693 pinna:

1905 4742 1989 4787 est
2025 4730 2289 4786 obnoxius
2319 4728 2545 4780 maritus
2581 4723 2845 4787 mulieris,
2871 4735 2988 4790 qua:
3017 4719 3218 4788 injuste
3260 4718 3486 4772 dimissa

1906 4835 2008 4885 est,
2036 4834 2089 4876 et
2120 4837 2244 4875 cum
2277 4819 2379 4872 alia
2414 4819 2532 4870 vitae
2575 4817 2889 4870 societatem
2927 4813 3082 4866 iniit?
3112 4811 3224 4866 Sol.
3262 4810 3488 4875 Quidam

1907 4917 2157 4969 dixerunt
2199 4927 2320 4964 eum
2366 4923 2483 4961 esse
2537 4921 2688 4960 reum
2723 4903 2972 4958 adulterii
3016 4917 3032 4955 :
3069 4902 3163 4956 sed
3204 4901 3336 4955 milii
3383 4917 3490 4956 non

1911 5009 1982 5062 ita
2031 5007 2265 5058 videtur.
2300 5000 2583 5066 Quoniam
2632 4997 2774 5050 enim
2803 4995 2860 5049 in
2914 4993 3160 5047 mulieris
3205 4993 3491 5047 voluntate

1908 5098 2071 5152 situm
2103 5101 2188 5147 est
2231 5101 2286 5144 ut
2336 5091 2450 5157 ipsa
2482 5087 2573 5142 alii
2604 5086 2880 5155 jungatur,
2912 5091 2965 5137 et
3005 5082 3082 5137 sic
3127 5081 3488 5144 adulteretur,

1905 5200 1959 5245 et
1986 5189 2280 5242 toleranter
2315 5184 2446 5253 pati,
2471 5192 2524 5236 et
2559 5195 2661 5234 non
2689 5178 2805 5233 ﬁeri
2843 5177 3189 5241 adulterium,
3215 5175 3490 5238 quomodo

1907 5279 2152 5342 maritus,
2173 5276 2261 5345 qui
2286 5290 2389 5328 non
2415 5283 2496 5327 est
2514 5271 2871 5331 adulteratus,
2898 5267 3174 5321 utadulter
3202 5267 3492 5334 punietur?

1907 5369 2167 5423 Existimo
2195 5380 2323 5433 ergo
2350 5365 2490 5432 quod
2523 5371 2578 5416 ut
2607 5361 2821 5414 adulter
2844 5358 3061 5427 quidem
3083 5371 3187 5412 non
3214 5356 3487 5423 punietur,

1905 5470 2098 5531 agetur
2135 5467 2313 5511 autem
2350 5456 2399 5507 in
2427 5469 2572 5516 eum,
2611 5459 2667 5504 ut
2698 5451 2787 5519 qui
2844 5459 3038 5518 praeter
3087 5448 3346 5502 rationem
3401 5446 3486 5498 di-

1909 5551 2071 5606 vortii
2108 5548 2346 5603 libellum
2390 5543 2653 5603 emiserit,
2693 5548 2750 5594 nt
2785 5540 2896 5608 vluit
2928 5539 3192 5592 decimum
3230 5543 3483 5604 quartum

1901 5650 2062 5711 caput
2092 5638 2378 5692 tricesima‘
2403 5643 2607 5702 quarta:
2626 5630 2917 5687 Iustiniani
2944 5627 3173 5682 Novella:
3198 5642 3294 5682 seu
3326 5639 3487 5694 quar-
