4096 6456
261 401 375 463 733

254 522 422 575 λυται
445 523 582 592 αὐτῇ
619 523 815 592 ὴπρὸς
865 524 1051 596 ἕτερον
1103 527 1272 598 ἄνδρα
1329 529 1658 597 συμϐίωσις.
1696 529 1852 583 Ἐπεὶ
1879 524 1928 584 Α
1955 540 2205 598 sor-ictas,

253 619 372 688 γὰρ
403 619 432 672 ὁ
456 619 595 687 ἀνὴρ
622 618 926 673 ὑπεύθυνός
963 623 1135 685 ἐστιν,
1187 623 1264 686 ὡς
1301 623 1473 676 ποιῶν
1518 625 1689 694 αὐτὴν
1733 642 1856 693 μοι-

255 714 487 781 χᾶσθαι,
531 713 748 776 πάντως
787 714 881 766 καὶ
923 717 953 784 ἡ
986 716 1124 784 γυνὴ
1156 716 1230 778 ὼς
1264 717 1633 786 μοιχευομένη
1689 735 1856 770 κατα-

1236 417 1319 478 IN
1352 418 1597 479 EPIST.
1631 419 1694 476 S.
1737 417 2029 480 BASU.”
2072 425 2516 490 CANONICAM
2560 427 2624 486 Π

3430 448 3537 512 ’134

2247 545 2383 602 Cum
2414 552 2560 605 enim
2603 555 2684 608 vir
2716 557 2887 624 culpa
2936 560 3204 616 obnoxius
3235 563 3325 624 sil.
3381 562 3535 633 quasi

1959 632 2297 691 adulteraudi
2339 655 2556 697 causam
2595 646 2692 714 ipsi
2724 651 2983 716 prmbeat,
3015 667 3147 706 uxor
3177 632 3536 725 quoquepla-

1961 740 2026 776 ne
2067 727 2210 780 velut
2259 732 2502 788 adultera
2564 740 3034 808 condcmnabitur,
3096 749 3534 817 quandoquidem

255 806 608 877 κριθήσεται,
646 809 728 860 ὃτι
758 808 853 861 καὶ
892 808 1143 879 μοιχαλὶς
1172 811 1325 880 παρὰ
1355 809 1451 861 τοῦ
1491 811 1694 879 Κυρίου
1720 811 1842 864 ὡνό·

1959 817 2207 873 adultera
2241 820 2454 879 Domini
2480 843 2698 898 quoque
2729 847 2859 887 voce
2890 806 3154 904 appellata
3196 836 3318 895 fuit.

263 916 495 965 μασται.

334 993 554 1045 ΑΡΙΣΤ.
598 994 662 1046 'll
696 995 826 1063 παρ’
863 994 1054 1063 ἀνδρὸς
1088 994 1352 1062 ἀφεθεῖσα
1393 996 1602 1062 μενέτω
1655 997 1850 1059 οὕτως.

261 1082 326 1133 Εἰ
363 1084 470 1150 γὰρ
500 1085 776 1152 μοιχᾶται,
815 1088 954 1138 κατὰ
990 1085 1080 1138 τὸν
1110 1085 1204 1138 τοῦ
1267 1087 1474 1154 Κυρίου
1521 1085 1701 1154 λόγον,
1752 1087 1850 1155 τῆς

257 1178 398 1242 πρὸς
430 1177 619 1247 ἕτερον
639 1177 877 1230 κλείεται
903 1176 1211 1241 κοινωνίας.

333 1268 513 1337 Etsi-Iv
540 1269 957 1340 ἀπολελυμένην
1007 1271 1265 1339 γαμήσας
1301 1272 1580 1340 μοιχᾶται,
1649 1271 1849 1340 μᾶλλόν

253 1359 378 1410 ἔστι
406 1363 436 1425 ἡ
465 1360 599 1426 γυνὴ
638 1362 910 1430 μοιχαλὶς,
942 1362 975 1430 ἡ
1011 1361 1103 1413 καὶ
1127 1361 1220 1413 τὸν
1241 1360 1410 1429 ἄνδρα
1441 1361 1529 1414 διὰ
1562 1362 1659 1430 τῆς
1716 1362 1852 1429 πρὸς

251 1449 431 1516 αὐτὴν
463 1451 769 1512 κοινωνίας,
806 1450 994 1519 μοιχὸν
1039 1451 1376 1504 καθιστῶσα.
1412 1452 1522 1504 Καὶ
1561 1452 1648 1505 διὰ
1692 1452 1851 1506 τοῦτο

256 1542 445 1608 μένειν
476 1539 682 1607 ὀφείλει
713 1540 746 1610 ἡ
774 1542 924 1610 παρὰ
956 1541 1050 1593 τοῦ
1084 1539 1276 1610 ἀνδρὸς
1326 1539 1595 1608 ἀφεθεῖσα
1623 1543 1680 1594 ὲν
1711 1543 1848 1609 ἁγα-

256 1632 381 1702 μιν·

859 1724 1094 1776 ΚΑΝΩΝ
1115 1723 1250 1778 ΜΘ’.

253 1817 319 1868 Δί
351 1817 489 1885 πρὸς
524 1816 771 1887 ἀνάγκην
803 1815 1088 1884 γινόμεναι
1119 1817 1320 1886 φθοραὶ
1368 1816 1651 1870 ἁνιόθυνοι
1677 1816 1846 1870 εστω.
1877 1855 1925 1915 Β

325 1907 648 1962 σαν.”Ωστε
679 1907 771 1959 καὶ
824 1909 857 1978 ἡ
915 1907 1099 1975 δούλη,
1153 1909 1202 1960 εί
1258 1907 1489 1978 ὶδιὰσθη
1547 1908 1699 1980 παρὰ
1752 1909 1846 1961 τοῦ

325 2000 465 2051 ίδίου
491 2001 773 2060 δεσπότου,
808 1999 1105 2063 ἀνεύθυνός
1140 2000 1261 2053 ἐστι

323 2090 521 2144 ΒΑΛΣ.
569 2090 632 2143 'll
659 2091 911 2160 παροῦσα
957 2092 1252 2162 ἀπόκρισις
1308 2092 1631 2160 ammon
1687 2095 1848 2163 χάριν

248 2180 448 2250 δούλης
471 2182 617 2245 τινὸς
647 2184 790 2236 κατὰ
825 2182 951 2252 βίαν
987 2184 1092 2236 ὑπὸ
1122 2183 1218 2236 τοῦ
1253 2184 1385 2237 ίδίου
1420 2185 1684 2238 δεσπότου
1714 2203 1847 2256 πορ-

249 2275 559 2343 νευθείσης.
591 2276 730 2346 Φησὶ
765 2277 872 2345 γὰρ
898 2279 994 2340 ὼς,
1025 2278 1150 2330 lusi.
1197 2278 1290 2331 καὶ
1320 2277 1476 2330 ἄλλαι
1505 2280 1678 2331 πᾶσαι
1714 2278 1846 2344 φθο-

253 2367 352 2434 ραὶ
382 2367 438 2418 αί
463 2367 603 2419 κατὰ
635 2368 883 2435 ἀνάγκην
914 2368 1008 2420 καὶ
1054 2367 1177 2436 βίαν
1215 2368 1521 2437 γινόμεναι,
1560 2369 1713 2438 παρὰ
1739 2371 1847 2422 τῶν

253 2455 538 2525 πολεμίων
564 2457 767 2528 δηλαδὴ
803 2461 940 2530 πρὸς
989 2462 1088 2524 τὰς
1140 2462 1700 2532 αίχμαλωτισθείσας,
1750 2469 1844 2518 καὶ

255 2550 409 2618 παρὰ
433 2550 767 2618 ἁρχοντικῶν
822 2553 1130 2621 προσώπων
1184 2553 1322 2623 πρὸς
1373 2556 1471 2615 τὰς
1518 2556 1613 2607 ὑπ’
1667 2557 1846 2609 αὐτῶν

253 2639 592 2709 ἀρχομένας,
623 2642 681 2706 ἐξ
721 2643 966 2713 ἀνάγκης
1002 2644 1095 2696 καὶ
1153 2647 1185 2714 ὴ
1231 2645 1391 2712 δούλη
1437 2649 1470 2714 ἡ
1519 2647 1658 2700 κατὰ
1721 2647 1845 2715 βίας

253 2733 644 2802 συμφθαρείσα
694 2733 770 2801 τῷ
800 2734 915 2804 ίδίῳ
944 2735 1180 2808 δεσπότῃ
1200 2738 1299 2806 οὐχ
1331 2738 1686 2790 ὑποπεσεῖται
1733 2743 1844 2803 τοῖς

248 2823 368 2876 τῶν
393 2824 766 2890 πορνευόντων
800 2825 1120 2894 ἐπιτιμίοις.
1139 2827 1442 2893 ’Λνὰγνωθι
1467 2829 1667 2881 κανόνα
1695 2831 1845 2898 πρῶ-

249 2931 350 2966 τον
372 2914 468 2967 τοῦ
515 2915 672 2982 ἁγίου
741 2917 1020 2970 Διονυσίου
1081 2919 1521 2988 ἁρχιεπισκόπου
1595 2922 1845 2986 Ἀλεξαν-

250 3005 439 3072 δρείας
480 3006 543 3056 ἑκ
570 3006 667 3058 τοῦ
694 3007 853 3070 λόγου
881 3009 1047 3062 αὐτοῦ
1074 3010 1168 3061 τοῦ
1195 3013 1275 3071 είς
1304 3012 1367 3063 τὸ
1410 3011 1621 3080 Πάσχα.
1657 3011 1843 3064 Ταῦτα

247 3097 331 3158 δὲ,
364 3098 436 3158 ὡς
469 3099 590 3165 ἐμοὶ
625 3099 790 3163 δοκεῖ,
820 3102 1190 3171 κρατήσουσιν
1223 3102 1347 3155 ὅσον
1372 3104 1450 3165 είς
1472 3104 1532 3155 τὸ
1568 3103 1640 3174 μὴ
1669 3108 1841 3158 ὲπιτι-

2025 995 2252 1052 ARIST.
2286 999 2416 1065 Qua:
2450 1019 2478 1056 a
2529 1006 2642 1059 viro
2697 1007 3009 1074 dimittitur.
3060 1013 3141 1068 sic
3194 1024 3432 1070 maneat.
3480 1017 3539 1071 Si

1954 1087 2096 1140 enim
2134 1093 2460 1154 llltBCllallll‘.
2490 1099 2646 1162 juxta
2676 1097 2886 1156 Domini
2923 1104 3152 1162 dictum.
3186 1106 3326 1160 alius
3385 1121 3536 1160 com-

1955 1178 2208 1236 munione
2227 1185 2549 1241 excluditur.

2025 1271 2082 1325 Si
2113 1274 2204 1340 qui
2239 1275 2518 1333 dimissam
2554 1284 2725 1347 duxit,
2759 1286 3116 1352 adulteratur.
3145 1291 3313 1344 multo
3368 1293 3540 1362 magis

1953 1362 2145 1417 mulier
2174 1375 2256 1420 est
2287 1368 2549 1437 adultera,
2598 1389 2716 1441 quae
2765 1379 2928 1432 etiam
2962 1380 3131 1433 virum
3161 1397 3257 1450 per
3290 1398 3539 1437 commu-

1956 1454 2172 1509 nionem
2199 1473 2319 1511 cum
2359 1462 2469 1529 ipsa
2505 1463 2808 1520 adulterum
2845 1473 3038 1525 reddit.
3069 1472 3135 1525 Et
3192 1475 3310 1529 ideo
3357 1491 3476 1543 qua:
3508 1491 3536 1528 a

1954 1550 2070 1600 viro
2105 1567 2202 1606 suo
2237 1555 2457 1609 dimissa
2495 1571 2583 1612 cst
2640 1573 2790 1615 extra
2852 1569 3258 1623 matrimonium
3319 1586 3538 1626 manere

1953 1640 2133 1697 debeL

2519 1739 2750 1795 CANON
2785 1741 2966 1799 XLIX.

1955 1825 2156 1895 Stupra
2187 1843 2307 1896 quae
2338 1846 2435 1899 per
2467 1833 2576 1886 vim
2630 1835 2959 1902 inferuntur,
2997 1855 3104 1894 non
3141 1843 3251 1896 sint
3301 1860 3540 1901 accusa-

2027 1921 2159 1973 tioni
2214 1922 2466 1977 obnoxia.
2501 1923 2680 1991 Quare
2718 1930 2820 1982 etsi
2873 1930 3081 1985 ancillae
3115 1933 3194 1988 vis
3228 1935 3388 1990 allata
3426 1937 3538 1993 l‘uu-

2021 2010 2088 2061 rit
2121 2025 2148 2061 a
2184 2013 2398 2080 proprio
2429 2015 2668 2082 domino,
2691 2033 2751 2071 ea
2775 2036 2803 2073 a
2834 2020 2991 2088 culpa
3019 2034 3102 2076 est
3125 2025 3319 2080 libera.

2026 2099 2220 2156 BALS.
2255 2103 2497 2160 Praesens
2526 2109 2670 2163 edita
2718 2121 2800 2166 est
2833 2116 3113 2182 responsio
3157 2116 3224 2170 ob
3275 2119 3529 2174 ancillam

1951 2193 2264 2260 quamdam,
2299 2211 2421 2265 quae.
2447 2213 2474 2251 a
2506 2201 2722 2256 domino
2755 2219 2852 2258 suo
2887 2207 2992 2259 vim
3051 2221 3207 2274 passa
3257 2221 3357 2264 est.
3400 2211 3532 2266 Dicit

1949 2284 2113 2348 enim,
2143 2290 2284 2355 quod
2314 2291 2569 2349 quoniam
2600 2302 2654 2346 et
2681 2293 2783 2348 alia
2819 2297 3001 2348 omnia
3030 2308 3244 2365 stupra,
3275 2316 3395 2366 qme
3441 2318 3531 2355 nc-

1950 2378 2202 2430 cessitate
2228 2390 2282 2432 et
2312 2381 2357 2434 vi
2392 2393 2796 2450 perpetrantur,
2835 2387 2904 2441 ab
2936 2388 3178 2444 hostibus
3213 2392 3422 2444 scilicet
3480 2393 3534 2446 in

1949 2468 2213 2535 captivas,
2241 2482 2292 2522 ct
2328 2488 2354 2523 a
2387 2476 2633 2539 personis
2667 2491 2790 2546 qua:
2828 2489 3048 2546 regunt,
3090 2480 3142 2533 in
3180 2495 3273 2534 eas
3339 2497 3526 2550 perso-

1951 2573 2045 2610 nas
2072 2561 2268 2625 quibus
2300 2572 2557 2629 praesunt,
2593 2568 2900 2622 necessario
2929 2583 3141 2639 quoque
3177 2572 3392 2634 ancilla,
3417 2588 3532 2641 qua

1950 2649 1997 2698 vi
2030 2665 2152 2702 cum
2180 2669 2278 2704 suo
2311 2653 2533 2709 domino
2561 2671 2669 2708 rem
2695 2657 2883 2712 habuit
2913 2700 2927 2722 ,
2963 2675 3067 2714 non
3101 2662 3303 2716 incidet
3340 2665 3390 2715 in
3425 2680 3523 2732 pcn-

1949 2754 2045 2793 nas
2075 2740 2484 2801 furnicatorum.
2554 2748 2693 2819 Lege
2751 2765 3014 2805 canonem
3069 2754 3300 2821 primum
3365 2759 3533 2810 sancti

1947 2830 2185 2902 Dionysii
2244 2834 2635 2906 archiepiscopi
2696 2841 3043 2895 Alexandrini
3109 2858 3178 2897 ex
3243 2844 3360 2911 ejus
3417 2860 3529 2898 ser-

1948 2940 2110 2980 mone
2140 2928 2190 2980 ia
2227 2929 2454 2985 Pascha.
2491 2933 2617 2987 Haec
2648 2944 2853 2999 autem,
2889 2945 2946 2988 ut
2977 2936 3105 2990 mihi
3142 2937 3379 3001 videtur,
3433 2938 3528 2991 ub-

1948 3016 2213 3078 tinebunt,
2244 3031 2502 3087 quantum
2537 3023 2600 3076 ad
2631 3024 2749 3088 hoc,
2771 3033 2827 3076 nt
2849 3041 2970 3094 quae
3001 3037 3261 3094 stuprata:
3292 3027 3529 3088 filerunt.

1947 3117 2163 3171 prnpter
2191 3118 2435 3177 stuprum
2487 3111 2863 3169 fornicationis
2893 3118 3158 3184 supplicio
3200 3119 3522 3176 adiciantur.

251 3188 499 3257 μηθῆναι
532 3191 616 3242 διὰ
644 3191 743 3260 τὴν
775 3192 981 3262 φθορὰν
1015 3193 1115 3261 τῆς
1146 3194 1407 3262 πορνείας
1463 3193 1568 3256 τὰς
1604 3194 1834 3264 φθαρείο

1960 3189 2096 3243 Nam
2128 3196 2170 3246 si
2206 3211 2298 3263 per
2333 3198 2435 3250 vim
2463 3201 2544 3252 vel
2578 3202 2933 3270 ignorantiam
2957 3207 3154 3276 aliquis
3203 3207 3255 3262 in
3297 3226 3408 3263 rem
3447 3211 3497 3263 in

251 3296 377 3342 σας.
423 3281 579 3334 Ἐπεί
616 3283 697 3335 τοί
731 3300 791 3350 γε
840 3282 905 3337 ἂν
941 3287 1081 3337 κατὰ
1116 3284 1236 3354 βίαν
1277 3286 1308 3355 ἢ
1345 3285 1567 3354 ἄγνοιαν
1625 3287 1842 3357 ἐμπέσῃ

249 3387 340 3431 τις
365 3372 445 3434 εἰς
480 3375 712 3442 πρᾶγμα
745 3375 952 3427 κωλύον
981 3376 1144 3428 αὐτὸν
1167 3377 1274 3428 ἀπὸ
1327 3376 1604 3441 διακονίας
1635 3380 1838 3446 ἱερατι-

247 3463 378 3529 κῆς.
411 3464 509 3515 οὐκ
541 3464 953 3533 menelaum:
986 3468 1064 3528 είς
1091 3468 1153 3518 τὸ
1183 3463 1322 3520 εἶναι
1354 3469 1445 3520 καὶ
1472 3469 1672 3540 ἑφεξῆς
1703 3473 1843 3539 μετὰ

246 3554 358 3604 τῶν
391 3556 729 3623 ἱερωμένων,
763 3554 850 3608 διὰ
877 3555 938 3608 τὸ
970 3555 1044 3626 μὴ
1074 3557 1217 3609 κατὰ
1244 3556 1473 3627 γνώμην
1502 3558 1708 3612 οἰκείαν
1744 3562 1844 3629 ἑμ-

259 3649 439 3697 ιτεσείν
471 3649 551 3708 εἰς
572 3647 633 3697 τὸ
664 3649 856 3706 κακὸν.
877 3647 1015 3699 ἁλλὰ
1045 3648 1544 3718 καθαιρηθήσεται.
1581 3652 1691 3703 Καὶ
1717 3652 1844 3706 dvi-

248 3734 419 3801 γνωθι
451 3735 539 3786 τὸν
572 3736 786 3805 πρῶτον
816 3736 1016 3789 κανόνα
1052 3738 1150 3805 τῆς
1200 3738 1256 3789 ὲν
1296 3737 1543 3811 Ἀγκύρα
1581 3741 1830 3807 συνόδου,

249 3828 347 3879 καὶ
384 3829 476 3878 τὶν
509 3826 588 3890 κζ’
652 3829 850 3881 κανόνα
905 3826 999 3880 τοῦ
1037 3829 1306 3898 παρόντος
1359 3828 1517 3896 ἁγίου
1574 3831 1835 3901 Πατέρος.

247 3920 347 3971 Διὶ
378 3918 488 3986 γὰρ
527 3917 704 3980 τοῦτο,
735 3919 810 3981 ὡς
835 3918 1037 3985 οἴομαι,
1080 3919 1206 3972 οὐδὲ
1262 3922 1310 3972 oi
1368 3921 1511 3973 κατὰ
1551 3921 1839 3977 αὺοεντίαν

254 4007 548 4078 βασιλικὴν
584 4008 1004 4078 ἁποκειρόμενοι
1039 4009 1296 4062 δύνανται
1327 4013 1840 4084 μετασχηματίζεσ-

247 4105 339 4154 θαι
373 4102 806 4171 προϐαλλόμενοι
868 4105 955 4156 τὸν
1002 4104 1245 4173 παρόντα
1304 4105 1505 4156 κανόνα
1545 4105 1638 4156 τοῦ
1677 4106 1835 4168 ἁγίου

258 4195 534 4262 βασιλείου
562 4211 575 4225 ο
614 4195 729 4247 ἀλλ’
767 4197 981 4248 ἔσονται
1016 4196 1073 4260 ἐξ
1121 4196 1368 4263 ἀνάγκης
1428 4197 1674 4266 μοναχοὶ,
1732 4196 1835 4249 κᾶν

247 4285 394 4338 κατὰ
444 4284 566 4353 βίαν
599 4286 962 4355 ἁπεκὰρησαν
991 4302 1003 4316 ο
1043 4286 1231 4356 ὥσπερ
1285 4287 1378 4338 καὶ
1419 4288 1452 4356 ἡ
1506 4287 1648 4340 κατὰ
1714 4287 1833 4356 βίαν

247 4375 541 4447 φθαρεῖσα,
598 4377 694 4431 ὲὰν
745 4373 812 4448 ἦν
864 4378 1205 4442 διακόνισσα,
1250 4378 1518 4448 ἐπιτιμίῳ
1577 4379 1678 4447 μὲν
1735 4381 1830 4447 οὐχ

248 4470 629 4534 ὖποπεσεῖται,
655 4468 961 4522 διακονικὸν
994 4468 1125 4521 δέτι
1160 4470 1257 4522 οὐκ
1293 4471 1614 4538 ἐνεργήσει,
1652 4471 1742 4523 διὰ
1772 4472 1832 4522 τὸ

249 4566 643 4631 παραχωρήσει
701 4559 837 4613 Θεοῦ
905 4561 1168 4629 ἐμπεσεῖν
1213 4564 1293 4623 είς
1327 4564 1520 4627 κακὸν,
1571 4564 1836 4632 ἀφαιρού-

251 4669 418 4722 μενον
463 4653 522 4717 ἑξ
547 4651 717 4720 αὑτῆς
744 4655 842 4721 τὴν
885 4653 1231 4722 διακονίσσης
1268 4654 1447 4717 ἀξίαν.

321 4743 572 4797 ΖΩΝΑΡ.
604 4744 714 4808 Τὰς
753 4743 944 4814 βιαίως
984 4746 1278 4813 γινομένας
1330 4745 1538 4814 φθορὰς
1589 4745 1835 4813 γυναιξὶν

249 4835 351 4888 οὐκ
383 4835 462 4896 εἰς
506 4836 783 4902 ἁμαρτίαν
830 4836 937 4905 χρὴ
976 4834 1318 4902 λογίζεσθαι.
1377 4835 1438 4888 Εἰ
1479 4837 1586 4906 γὰρ
1639 4837 1833 4903 δούλην

247 4944 336 4985 τις
377 4926 583 4980 οἰκείαν
634 4927 910 4996 βιάσηται,
951 4929 984 4997 ἡ
1028 4928 1085 4981 δὲ
1120 4927 1325 4981 ἄκουσα
1379 4929 1456 4996 τῷ
1507 4928 1601 4980 τοῦ
1643 4929 1828 4982 δεσπό-

247 5032 345 5066 του
383 5013 651 5082 ὑποκύψει
711 5016 1003 5084 θελήματι,
1067 5017 1168 5068 οὐκ
1225 5016 1695 5085 ὲπιτιμηθήσεται
1756 5018 1830 5079 ὡς

249 5105 625 5175 πορνεύουσαο
659 5106 782 5160 οὔτε
814 5108 866 5160 εί
907 5124 988 5168 τις
1019 5107 1247 5176 ἡρπάγη
1302 5109 1454 5177 παρά
1482 5125 1627 5171 τινος
1664 5111 1824 5162 ἀκου-

251 5198 386 5257 σίως
436 5195 531 5248 καὶ
576 5195 808 5267 ἐφθάρη,
863 5198 958 5252 καὶ
1011 5200 1132 5252 ὅσαι
1179 5201 1552 5268 ὁμοιοτρόπως
1586 5201 1830 5271 ἐφθάρη-

249 5305 374 5341 σαν.

322 5377 548 5431 ΔΡὲΣΤ.
577 5376 758 5446 Φθορὲ
816 5383 1306 5454 κατηναγκασμένη
1355 5383 1643 5447 ἀνεύθυνος
1676 5399 1688 5413 ·
1736 5387 1828 5436 καὶ

246 5468 409 5538 δούλη
449 5469 748 5540 βιαζομένη
782 5474 933 5540 παρᾶ
981 5476 1244 5527 δεσπότου
1277 5476 1594 5536 ἀνεύθυνος.

335 5562 396 5612 ἸΙ
439 5562 728 5629 βιασθεῖσα
768 5567 916 5634 παρὰ
946 5566 1041 5618 τοῦ
1082 5567 1212 5621 ἰδίου
1243 5568 1512 5622 δεσπότου
1548 5569 1708 5640 δούλη
1731 5570 1827 5622 ἁν-

248 5657 596 5723 επιτίμητος.
1174 5649 1176 5653 ’

873 5751 1108 5804 ΚΑΝΩΝ
1149 5753 1230 5803 Ν.

252 5838 571 5910 Τριγαμίας
614 5842 776 5910 νόμος
817 5843 914 5894 οὐκ
947 5843 1114 5908 ἔστιν,
1147 5844 1284 5897 ὥστε
1335 5845 1481 5916 νόμῳ
1514 5846 1696 5910 τρίτος
1721 5849 1820 5915 γά-

1955 3285 2318 3354 ciderit,qua3
2368 3304 2490 3341 eum
2533 3307 2560 3343 a
2622 3295 2939 3348 sacerdotali
2995 3297 3298 3352 ministerio
3328 3312 3526 3357 arceat.

1953 3390 2057 3423 nun
2101 3377 2443 3442 adjuvahitur
2473 3396 2537 3435 ex
2570 3397 2654 3444 eo,
2689 3387 2830 3452 quod
2859 3401 2964 3439 non
2999 3389 3217 3455 propria
3253 3392 3525 3445 Volttulalt‘

1951 3465 2000 3515 in
2042 3465 2141 3519 hoc
2170 3469 2366 3520 malum
2393 3472 2665 3536 inciderit,
2698 3486 2756 3528 ut
2783 3477 2854 3530 sit
2885 3478 3142 3547 deinceps
3175 3494 3297 3534 cum
3335 3497 3525 3534 sacra-

1950 3560 2016 3610 tis
2041 3575 2054 3621 ;
2104 3560 2196 3610 scd
2226 3560 2544 3630 deponctur.
2577 3565 2639 3618 Et
2669 3567 2789 3635 lege
2819 3569 3052 3635 primum
3080 3586 3343 3625 canonem
3371 3589 3516 3641 syuu-

1948 3649 1998 3701 di
2026 3651 2342 3719 Ancyrame,
2378 3665 2433 3708 et
2493 3672 2614 3710 can.
2662 3657 2730 3712 27
2777 3664 3060 3729 prmsentis
3107 3665 3279 3717 sancti
3326 3664 3505 3720 Patris

1950 3740 2238 3807 l’rOptcrca
2271 3746 2437 3809 enim,
2489 3757 2547 3800 nt
2578 3751 2852 3818 existimo,
2913 3767 3008 3807 nec
3036 3755 3125 3822 qui
3175 3755 3521 3824 imperatoria

1949 3835 2274 3887 auctoritate
2300 3837 2606 3904 tondentur,
2650 3852 2877 3908 possunt
2928 3844 3324 3911 transformari,
3369 3847 3520 3901 habi-

1945 3937 2124 3979 tumve
2191 3935 2399 3980 mutare
2440 3931 2609 3983 sancti
2662 3933 2842 3985 Basilii
2879 3945 3197 4001 praesentem
3262 3952 3520 3992 canoncm

1943 4018 2307 4083 producentes
2329 4036 2343 4083 ;
2369 4021 2461 4073 sed
2482 4031 2645 4075 erunt
2671 4025 2977 4078 necessario
3018 4027 3290 4092 monachi,
3310 4030 3520 4082 etiamsi

1943 4108 1988 4157 vi
2028 4108 2166 4160 tonsi
2202 4108 2351 4163 fuere
2385 4126 2399 4162 :
2447 4115 2898 4177 quemadmodum
2930 4123 2984 4168 ct
3018 4129 3140 4182 qua:
3191 4115 3239 4168 vi
3277 4127 3518 4184 stuprata

1938 4210 2039 4257 est.
2078 4200 2120 4251 si
2173 4209 2290 4251 erat
2341 4200 2662 4267 diaconissa,
2701 4205 2750 4255 in
2807 4218 3018 4270 ptenam
3055 4207 3269 4272 quidem
3304 4223 3407 4261 non
3443 4211 3512 4264 in-

1937 4290 2365 4354 cidet,sealuibil
2406 4293 2635 4360 amplius
2681 4294 3018 4346 diacouicum
3064 4296 3517 4366 exercebit,quo:l

1936 4392 1995 4430 ea
2023 4379 2110 4433 Dei
2142 4383 2406 4447 permissu
2441 4383 2492 4434 in
2521 4384 2720 4436 malum
2759 4383 3028 4449 inciderit,
3067 4385 3209 4453 quod
3241 4387 3288 4440 ei
3321 4388 3498 4442 aul'ert

1943 4470 2286 4524 diaconicam
2324 4477 2728 4527 auctoritatem.

2013 4735 2263 4792 ZONAR.
2309 4738 2505 4808 Stnpra
2541 4755 2661 4809 quze
2705 4757 2801 4810 per
2839 4744 2943 4796 vim
3005 4745 3324 4799 mulieribus
3369 4749 3511 4802 infe-

1942 4836 2399 4889 ruuttn-crimiuis
2443 4835 2561 4890 loco
2592 4837 2716 4890 duci
2769 4853 2871 4890 non
2906 4849 3136 4907 oportet.
3195 4841 3249 4892 Si
3311 4845 3508 4895 etenim

1938 4929 2057 4993 quis
2095 4927 2343 4979 ancillam
2369 4945 2520 4981 suam
2552 4929 2853 4991 violaverit,
2883 4945 2944 4984 ea
2981 4946 3108 4984 vero
3142 4932 3306 4985 invita
3335 4934 3509 4986 dumi-

1937 5017 1987 5068 ni
2027 5018 2288 5071 voluntati
2338 5022 2708 5086 succubuerit,
2735 5036 3073 5092 nequaquam
3106 5032 3162 5076 ut
3217 5023 3504 5079 fornicaria

1938 5109 2250 5164 multabitur
2283 5130 2296 5164 :
2330 5125 2503 5181 neque
2541 5115 2587 5166 si
2618 5128 2736 5182 quae
2764 5114 2832 5166 ab
2859 5115 3039 5181 aliquo
3083 5126 3277 5181 praeter
3316 5118 3501 5169 volun-

1937 5210 2099 5254 tatem
2141 5213 2289 5270 rapta
2338 5213 2439 5266 est,
2468 5214 2524 5257 et
2557 5216 2833 5275 corrupta,
2885 5215 2938 5260 et
2969 5221 3304 5277 quaecunque
3341 5211 3502 5263 simili

1936 5293 2094 5344 inodo
2125 5293 2333 5345 vitiata:
2363 5294 2603 5349 fuerunt.

2004 5383 2227 5439 ARIST.
2261 5387 2554 5457 Corruptio
2592 5406 2688 5458 per
2729 5392 2834 5444 vim
2873 5392 3103 5446 admissa
3138 5392 3296 5460 culpa
3325 5405 3495 5446 vacat.

1934 5477 1990 5528 Et
2024 5478 2214 5530 ancilla
2269 5495 2296 5526 τι
2332 5480 2546 5532 domino
2579 5488 2760 5532 coacta
2796 5480 2977 5532 insons
3005 5489 3114 5533 est.
3258 5485 3264 5490 '

2005 5570 2059 5622 Si
2094 5570 2300 5623 ancillae
2334 5573 2412 5623 vis
2448 5590 2473 5623 a
2521 5575 2738 5626 domino
2768 5587 2865 5626 suo
2899 5570 3061 5627 allata
3097 5572 3170 5628 sit
3204 5570 3498 5639 reprehen-

1931 5662 2066 5716 sioni
2097 5679 2197 5716 non
2231 5671 2314 5716 cst
2344 5665 2593 5716 obnoxia.

2379 5752 2536 5826 103
2564 5756 2790 5810 canon
2835 5758 2894 5810 L.

1933 5845 2218 5915 Trigaudm
2253 5849 2332 5902 lt-x
2362 5865 2463 5904 non
2489 5862 2588 5913 cst,
2620 5869 2785 5920 quate
2816 5851 2931 5922 Iugo
2969 5852 3186 5906 tertium
3218 5850 3496 5904 matrimo-
