4096 6454
625 402 736 461 ’135

1887 402 2164 460 ἹῚΙΕΟυ.
2203 398 2601 457 BALSAMON

3754 391 3861 455 736

699 514 845 567 nium
870 531 972 567 non
1008 516 1358 583 approbatur.
1399 518 1782 570 Verumtamen
1813 533 1876 569 en
1916 528 1974 569 ut
2010 515 2194 567 Eccle-

2371 528 2471 581 μος
2523 513 2621 566 οὐκ
2673 514 2886 582 ἁγεται.
2917 511 2995 565 Τὰ
3043 514 3225 582 μέντοι
3279 510 3507 565 τοιαῦτα
3561 513 3638 574 ὡς
3689 513 3869 581 ρυπά.

706 606 800 658 sia:
869 605 1276 672 inquinamenta
1340 609 1628 662 videmus:
1670 613 1762 662 sed
1795 608 2026 676 publicis
2076 621 2204 658 ron-

694 697 1133 752 demnationibus
1183 715 1288 753 non
1334 701 1677 768 suhjieimus,
1739 712 1795 753 ut
1853 714 1972 769 qua:
2025 700 2197 752 soluta

693 787 1052 843 fornicatione
1109 795 1440 860 suutmagis
1507 793 1826 859 expetenda.

690 875 878 930 BALS.
919 879 1048 931 Cum
1083 882 1237 934 audis
1267 893 1512 935 sanctum
1539 884 1807 936 dicentem
1841 899 1943 936 non
1974 897 2090 937 esse
2123 881 2198 934 le-

622 985 738 1034 gem
761 969 812 1020 in
835 970 1103 1037 trigamia,
1126 986 1192 1024 ne
1211 973 1412 1027 dixeris
1440 978 1600 1028 etiam
1634 992 1660 1028 a
1695 976 1812 1045 lege
1841 975 1983 1030 civili
2015 975 2202 1042 prohi-

625 1062 749 1113 lmre
775 1062 1074 1127 trigamiam
1102 1079 1159 1115 :a
1189 1064 1302 1133 lege
1325 1066 1745 1120 ellllll'COIiCCSSa
1766 1073 1869 1120 est.
1899 1065 2001 1120 Sed
2029 1065 2203 1120 eccle-

623 1151 995 1207 siasticamhic
1017 1152 1182 1222 legem
1209 1156 1440 1224 iutellige
1465 1175 1476 1208 :
1505 1157 1674 1225 legem
1696 1159 2097 1212 autemcivilem
2116 1159 2203 1213 dic

623 1239 920 1306 antiquam,
952 1257 1070 1310 quie
1119 1252 1244 1296 ante
1295 1255 1540 1299 sanctum
1561 1248 2199 1311 Patremobservabatur,

624 1341 728 1378 non
759 1339 935 1381 autem
964 1346 1080 1386 eam
1111 1347 1228 1400 quae
1256 1334 1430 1387 multis
1451 1347 1571 1403 post
1597 1339 1808 1393 saeculis
1831 1339 1932 1392 lata
1954 1348 2054 1401 est,
2090 1338 2202 1392 sci-

623 1415 745 1469 licet
762 1417 1262 1492 Porphyrogenetm.
1278 1435 1329 1476 et
1351 1426 1690 1493 imperatoris
1711 1429 1914 1482 domini
1929 1429 2200 1484 Constan-

624 1507 718 1557 Iiui
752 1508 1098 1576 ilecisionem,
1125 1529 1244 1581 qua:
1274 1515 1374 1568 sita
1399 1527 1480 1570 est
1512 1517 1561 1570 iu
1590 1528 1783 1586 quarto
1814 1535 2018 1574 canone
2043 1519 2201 1586 hujus

622 1598 816 1660 SImCti,
850 1615 1008 1665 quam
1042 1605 1200 1655 etiam
1269 1607 1404 1675 lege,
1441 1621 1496 1662 ut
1531 1609 1663 1662 dicit
1708 1609 1972 1666 Zonaras.
2020 1611 2202 1678 Neque

622 1687 765 1738 enim
807 1686 919 1740 fieri
952 1701 1128 1755 potest
1168 1700 1224 1746 ut
1252 1693 1352 1751 hoc
1383 1696 1550 1762 dicat,
1587 1700 1731 1766 quod
1761 1702 1811 1752 in
1841 1701 2013 1753 sancti
2049 1715 2199 1752 men-

2374 620 2554 672 σματα
2581 604 2679 672 τῆς
2700 604 3028 673 Ἑκκλησίας
3056 603 3271 673 ὁρῶμεν
3289 619 3303 634 ·
3333 605 3624 673 δημοσίαις
3650 603 3706 656 δὲ
3733 620 3868 657 κατ.

2375 693 2586 755 αδίκαις
2617 694 2715 762 οὐχ
2748 694 3147 764 ὁποδὰλλομεν,
3177 694 3252 757 ὡς
3278 695 3375 767 τῆς
3406 694 3700 764 ἀνειμένης
3736 709 3871 762 πορο

2372 783 2518 844 νείας
2545 783 2902 852 αἱρετώτερα.

2373 875 2569 930 ΒΔΛΣ.
2609 876 2848 929 Ἀκούων
2888 877 2982 931 τοῦ
3019 879 3176 945 ἁγίου
3210 879 3464 947 λέγοντος
3501 878 3575 949 μὴ
3607 873 3749 931 εἶναι
3782 876 3871 928 vd-

2307 983 2404 1034 μον
2433 968 2524 1018 ἐπὶ
2553 967 2880 1035 τριγαμίας,
2934 968 3010 1038 μὴ
3050 968 3212 1039 εἴπῃς
3265 969 3361 1026 καὶ
3400 971 3507 1023 ἀπὸ
3553 967 3645 1021 τοῦ
3700 968 3868 1036 νόμου

2304 1057 2397 1111 τοῦ
2436 1057 2705 1111 πολιτικοῦ
2736 1059 3038 1112 κωλύεσθαι
3081 1061 3180 1130 τὴν
3241 1061 3573 1131 τριγαμίανο
3631 1059 3870 1128 ικκεχὼο

2305 1165 2468 1216 ρηται
2497 1149 2604 1218 γὰρ
2631 1149 2739 1200 ἀπὸ
2773 1150 2868 1200 τοῦ
2906 1151 3094 1220 νόμου.
3145 1152 3305 1204 Ἀλλὰ
3330 1151 3493 1219 νόμον
3521 1149 3760 1203 ἐνταῦθα
3780 1150 3869 1201 τὸν

2304 1239 2762 1309 ἐκκλησιαστικὸν
2795 1241 2940 1293 νόει·
2987 1243 3149 1309 νόμον
3179 1243 3236 1296 δὲ
3292 1242 3572 1295 πολιτικὸν
3629 1242 3751 1294 είπὲ
3782 1241 3868 1293 τὸν

2304 1328 2534 1382 παλαιὸν
2563 1331 2666 1399 πρὸ
2697 1331 2788 1382 τοῦ
2822 1331 2978 1399 ἁγίου
3011 1332 3226 1400 Πατρδς
3284 1332 3612 1401 κρατοῦντα,
3651 1331 3714 1382 οὐ
3769 1329 3868 1408 μὴν

2303 1421 2393 1473 τὸν
2427 1423 2885 1490 μεταγενέστερον
2914 1423 3055 1474 κατὰ
3117 1423 3277 1484 πολὺ,
3329 1420 3571 1489 δηλονότι
3633 1422 3728 1473 τὸν
3776 1420 3864 1471 τοῦ

2306 1513 2824 1582 Πορφυρογεννήτου
2865 1514 2961 1566 καὶ
2995 1513 3259 1582 βασιλέως
3288 1514 3476 1583 κυρίου
3523 1513 3867 1564 Κωνσταντί-

2305 1618 2396 1653 νου
2427 1602 2615 1671 τόμον,
2656 1603 2751 1654 τὸν
2790 1603 3242 1672 καταστρωθέντα
3300 1604 3380 1665 είς
3442 1603 3534 1654 τὸν
3584 1603 3628 1654 δ’
3671 1601 3866 1653 κανόνα

2303 1691 2496 1744 τούτου
2525 1690 2617 1744 τοῦ
2643 1694 2818 1759 ἁγίου,
2852 1693 2910 1745 δν
2939 1695 3029 1745 καὶ
3069 1693 3374 1759 ἀνάγνωθι,
3409 1691 3594 1754 καθὼς
3627 1695 3654 1744 ό
3695 1695 3868 1744 Ζωνα-

627 1786 732 1828 tem
764 1777 947 1831 venire
977 1797 1080 1834 nou
1137 1795 1367 1853 poterat,
1423 1798 1606 1856 utpote
1652 1793 1793 1858 quod
1838 1792 2024 1845 multis
2077 1801 2196 1859 post

2310 1783 2407 1852 ρᾶς
2439 1799 2595 1850 φησι.
2633 1780 2805 1835 Τοῦτο
2833 1781 2938 1852 γὰρ
2954 1782 3138 1843 λέγειν
3168 1781 3506 1844 ἁνένδεκτον,
3535 1780 3622 1832 διὰ
3650 1780 3714 1831 τὸ
3740 1779 3868 1848 μηδὲ

625 1867 834 1921 smculis
874 1869 1072 1926 factum
1102 1886 1204 1930 est.
1243 1877 1395 1942 Quod
1432 1891 1612 1933 autem
1640 1882 1802 1935 etiam
1833 1897 1860 1934 a
1907 1883 2023 1950 lege
2051 1884 2195 1936 anti-

626 1972 728 2023 qua
761 1961 977 2014 tertium
1017 1967 1412 2022 matrimoniqu
1443 1975 1769 2037 permissum
1799 1987 1901 2036 est,
1936 1975 2052 2043 lege
2103 1974 2198 2029 lib.

625 2061 795 2100 xxvut
830 2049 910 2104 iit.
943 2053 996 2118 8,
1026 2071 1145 2124 cap.
1189 2058 1276 2120 63,
1326 2058 1504 2112 thema
1539 2060 1571 2114 6
1602 2071 1657 2115 et
1701 2063 1784 2115 tit.
1846 2064 1930 2128 14,
1985 2079 2104 2132 cap.
2147 2068 2199 2120 4.

625 2137 760 2193 Nota
795 2153 994 2208 autem,
1029 2150 1170 2216 quod
1209 2160 1277 2202 ex
1311 2150 1413 2204 hoc
1446 2155 1697 2219 praesenti
1731 2169 1936 2210 canone
1980 2169 2204 2226 apparet

630 2251 733 2288 non
763 2237 976 2293 dissolvi
1021 2243 1232 2297 tertium
1269 2247 1671 2300 matrimonium
1711 2260 1767 2301 ut
1802 2262 1990 2306 contra
2058 2254 2202 2318 leges

631 2321 852 2382 factum.
878 2328 1015 2383 Dicit
1043 2333 1207 2397 enim,
1243 2335 1382 2402 quod
1413 2336 1819 2404 inquinamenta
1851 2341 2066 2408 quidem
2099 2341 2204 2394 Ec-

628 2413 805 2467 clesiae
872 2419 1026 2472 tertia
1086 2425 1427 2478 matrimonia
1467 2427 1686 2478 omnino
1734 2438 2074 2495 reputantur,
2144 2440 2202 2483 ut

629 2519 746 2570 quae
767 2508 833 2559 ab
857 2507 1093 2567 Ecclesia
1127 2528 1228 2567 non
1259 2518 1663 2582 permittuntur,
1689 2519 1732 2573 si
1761 2529 1946 2588 rogata
1980 2521 2198 2574 fuerint.

633 2596 866 2652 Publicis
907 2613 1083 2658 autem
1136 2606 1694 2673 condemnationibus,
1751 2625 1844 2664 seu
1897 2612 2201 2667 manifestis

631 2687 1019 2750 divulsionibus
1053 2713 1155 2752 n0u
1185 2703 1565 2770 subjiciuntur,
1607 2705 1747 2770 quod
1782 2703 1888 2758 sint
1939 2706 2200 2774 ejusmodi

634 2782 880 2849 coojugia
910 2785 1267 2846 fornicatione
1302 2795 1556 2850 meliora.
1586 2798 1685 2864 Qui
1709 2811 1888 2853 autem
1913 2802 2195 2853 matrimo-

638 2873 784 2925 nium
820 2877 894 2928 ita
928 2889 1334 2950 contraxerunt,
1365 2903 1458 2956 per
1485 2890 1842 2958 polygamiam
1862 2893 2038 2946 minus
2059 2890 2200 2944 effu-

2303 1875 2384 1934 είς
2415 1874 2625 1926 ἔννοιαν
2655 1873 2748 1927 τοῦ
2777 1874 2934 1942 ἁγίου
2996 1873 3168 1926 ιλΘεῖν
3198 1872 3257 1924 τὸ
3307 1870 3446 1941 μετά
3497 1871 3698 1932 πολλάς
3753 1872 3869 1923 ικα-

2302 1965 2718 2034 τονταετηρίδας
2775 1965 3017 2032 γεγονός.
3079 1965 3201 2018 Ὀτι
3249 1963 3305 2016 δὲ
3357 1963 3465 2016 ἀπὸ
3516 1962 3611 2015 τοῦ
3645 1962 3870 2015 παλαιοῦ

2303 2053 2469 2119 νόμου
2507 2051 2895 2121 ικκεχὼρηται
2923 2053 2952 2104 ό
2985 2052 3170 2122 τρίτος
3217 2051 3418 2120 γάμος,
3457 2051 3734 2117 ἁνὰγνωθι
3791 2050 3869 2118 βι-

2305 2143 2450 2197 ϐλίον
2509 2143 2594 2212 κη’
2651 2144 2836 2196 τίτλου
2885 2151 2936 2210 η’
2979 2161 3107 2210 κεφ.
3166 2142 3244 2209 ξγ¹
3297 2143 3437 2210 θέμα
3485 2149 3559 2205 ς’,
3592 2142 3770 2196 τίτλου
3815 2141 3873 2194 ιδ’

2304 2248 2430 2299 κεφ.
2461 2231 2526 2285 δ’.
2549 2231 2864 2302 Σημείωσαι
2893 2232 2948 2284 δὲ
2974 2232 3054 2284 ὅτι
3091 2233 3184 2284 καὶ
3213 2230 3322 2283 ἀπὸ
3359 2230 3452 2282 τοῦ
3481 2231 3750 2296 παρόντος
3775 2247 3873 2282 καο

2305 2324 2459 2385 νόνος
2485 2322 2844 2391 ἀναφαίνεται
2877 2323 2959 2374 ὃτι
2986 2323 3045 2374 οὐ
3085 2322 3382 2374 διασπᾶται
3409 2322 3438 2373 ό
3467 2321 3652 2388 τρίτος
3703 2320 3874 2389 γάμος

2302 2417 2379 2480 ὡς
2437 2418 2778 2487 παράνομος.
2828 2418 2966 2486 Φησὶ
3022 2420 3130 2487 γὰρ
3190 2418 3272 2470 ὅτι
3318 2415 3584 2486 ρύπασμα
3639 2417 3738 2485 μὲν
3780 2418 3874 2484 τῆς

2315 2507 2642 2576 Ἐκκλησίας
2663 2508 2972 2576 λογίσονται
3003 2510 3051 2560 οί
3092 2506 3264 2577 τρίτοι
3299 2507 3466 2575 γάμοι
3524 2507 3764 2569 πάντως,
3804 2505 3874 2566 ὡς

2305 2599 2379 2669 μὴ
2404 2600 2810 2670 ὲκχωρούμενοι
2844 2600 2950 2652 ὑπὸ
2979 2601 3076 2669 τῆς
3123 2598 3470 2668 Ἐκκλησίας.
3505 2598 3602 2649 έάν
3666 2597 3873 2663 ἐρωτη-

2303 2690 2456 2744 Θῶσι.
2493 2691 2793 2760 Δημοσίαις
2819 2690 2876 2747 δὲ
2904 2691 3248 2752 καταδίκαις,
3282 2690 3400 2759 ἢτοι
3454 2689 3712 2756 φανεροῖς
3761 2687 3876 2737 δια-

2303 2782 2600 2848 σπασμοῖς,
2623 2782 2721 2848 οὐχ
2752 2780 3202 2849 ὑποδλέὸληνται,
3230 2780 3317 2832 διὰ
3336 2779 3395 2830 τὸ
3417 2772 3553 2830 εἶναι
3571 2777 3640 2830 τά
3656 2775 3875 2828 τοιαῦτα

2302 2872 2615 2923 συνοικέσια
2635 2871 2919 2938 κρείττονα
2944 2871 3042 2934 τῆς
3069 2870 3344 2938 πορνείας.
3373 2867 3436 2922 Ol
3464 2868 3564 2938 μὲν
3596 2873 3704 2937 γάρ
3735 2866 3876 2919 οὕτω

639 2986 698 3024 se
733 2986 974 3040 peccant.
1009 2978 1107 3044 Qui
1150 2992 1326 3035 autem
1378 2985 1731 3049 fornicamur,
1789 2988 1924 3041 laxis
1975 2988 2201 3041 habenis

2310 2963 2648 3031 γαμήσαντες
2706 2962 3144 3031 συνεσταλμένην
3187 2962 3463 3031 ἁμαρτίαν
3513 2961 3603 3012 ea
3649 2960 3746 3028 τὴν
3781 2975 3876 3010 πο·

637 3060 688 3110 in
722 3065 847 3116 vitia
884 3064 1150 3134 feruntur,
1205 3076 1378 3143 utqui
1441 3077 1907 3133 indiscriminatim
1971 3093 2033 3133 ex
2093 3080 2195 3134 alia

638 3153 860 3208 muliere
887 3157 952 3209 ad
985 3161 1144 3215 aliam
1172 3170 1462 3219 transeant.

713 3331 964 3391 ZONAR.
989 3337 1191 3402 Quarto
1217 3343 1376 3396 etiam
1403 3359 1630 3405 canone.
1669 3348 1755 3402 hic
1787 3362 2021 3413 sant-tus,
2048 3353 2211 3419 triga-

644 3423 803 3474 niiain
838 3426 1152 3493 polygamite
1209 3432 1426 3484 nomine
1459 3436 1713 3502 appellari
1779 3440 1934 3499 dixit,
1995 3452 2061 3496 et.
2107 3457 2210 3496 non

645 3515 1074 3582 matrimonium,
1101 3521 1229 3586 quin
1255 3525 1432 3588 potius
1455 3529 1768 3596 castigatam
1801 3529 2210 3586 fornicationem

646 3609 943 3672 nuncupari
985 3626 998 3661 :
1033 3618 1085 3662 et
1131 3613 1231 3667 hoc
1279 3616 1399 3671 loco
1447 3620 1910 3688 inquinamentum
1962 3623 2214 3681 Ecclesia

647 3697 964 3753 nominavit.
1003 3703 1268 3758 (laetorum
1303 3709 1538 3772 publice,
1578 3713 1776 3780 inquit,
1819 3716 1919 3770 hoc
1949 3725 2031 3771 est
2061 3732 2212 3784 aper-

645 3798 718 3851 te,
747 3803 809 3840 ac
836 3791 952 3846 sine
978 3796 1417 3862 tergiversatione
1444 3804 1610 3868 ipsum
1636 3807 1856 3860 minime
1887 3809 2210 3864 condemna-

649 3891 787 3935 mus.
826 3893 1061 3949 eousque
1087 3894 1142 3936 ut
1175 3887 1334 3939 etiam
1371 3889 1695 3946 dissolvatur
1733 3893 1993 3961 ejusmodi
2024 3901 2213 3954 matri-

650 3969 906 4023 monium.
955 3972 1160 4031 Idcirco
1211 3993 1337 4032 vero
1403 3998 1504 4035 non
1542 3985 1870 4052 dissolvitur,
1905 3991 2044 4058 quod
2105 4006 2214 4057 prae

646 4058 819 4111 soluta
872 4061 1248 4134 fornicatione,
1317 4071 1632 4141 incastigata
1697 4077 1952 4132 nimirum
2005 4091 2060 4135 et
2093 4098 2215 4150 qua:

649 4150 717 4203 ab
777 4152 876 4203 alia
931 4157 995 4207 ad
1056 4158 1210 4211 aliam
1288 4165 1564 4217 mulierem
1625 4169 1817 4234 passim
1881 4171 2214 4240 digreditur,

647 4253 728 4296 est
791 4250 1237 4315 praeoptandam,
1297 4263 1546 4321 tanquam
1634 4257 1916 4314 fornicatio
1976 4265 2213 4331 quidem,

645 4347 1015 4416 verumtamen
1081 4346 1358 4413 castigata,
1392 4349 1586 4416 quippe
1638 4364 1758 4404 cum
1807 4351 1888 4406 vir
1933 4369 2037 4407 una
2099 4371 2218 4409 mu-

2299 3053 2575 3121 λυγαμίαν
2598 3051 2845 3106 ποιοῦσιν
2869 3071 2881 3083 ·
2914 3053 2964 3104 ot
2999 3052 3055 3104 δὲ
3090 3053 3445 3120 πορνεύοντες
3469 3052 3762 3120 ἀνειμένην
3786 3048 3877 3102 καὶ

2238 3143 2282 3201 C
2316 3144 2706 3213 ὲξηπλωμένην
2770 3143 3046 3214 ἁμαρτίαν
3086 3141 3410 3211 ἐργάζονται
3457 3141 3531 3204 ὡς
3588 3141 3646 3205 ἐξ
3690 3141 3876 3212 ἑτέρας

2315 3235 2573 3304 γυναικὸς
2615 3237 2694 3295 είς
2726 3235 2918 3302 ἑτέραν
2955 3233 3264 3308 ἀδιαφόρως
3298 3233 3739 3301 μεταϐαίνοντες.

2387 3327 2630 3379 ΖΩΝΑΡ.
2668 3325 2776 3377 Καὶ
2802 3325 2859 3375 έν
2886 3324 2964 3392 τῷ
2997 3324 3242 3393 τετάρτῳ
3272 3325 3456 3376 κανόνι
3485 3327 3513 3376 ό
3536 3324 3692 3390 ἅγιος
3725 3315 3876 3385 οὗτος

2313 3421 2410 3485 τὴν
2438 3417 2738 3488 τριγαμίαν
2796 3415 3145 3481 πολυγαμίαν
3210 3415 3411 3484 ἔφησεν
3481 3415 3876 3484 ὀνομάζεσθαι,

2315 3515 2408 3566 καὶ
2453 3514 2525 3581 μὴ
2562 3511 2761 3578 γάμον,
2814 3507 3014 3577 μᾶλλον
3060 3506 3116 3558 δὲ
3150 3507 3408 3572 πορνείαν
3452 3505 3878 3574 κεκολασμένην·

2314 3605 2593 3658 κάνταῦθα
2623 3602 2885 3672 ρύπισμα
2921 3599 3018 3666 τῆς
3058 3597 3383 3666 Ἐκκλησίας
3429 3601 3680 3652 ἐκάλεσε.
3714 3598 3877 3663 Πλὴν,

2316 3696 2474 3766 φησὶ,
2518 3692 2772 3762 δημοσία,
2803 3690 2924 3743 ἀντὶ
2955 3688 3047 3740 τοῦ
3081 3689 3332 3758 φανερῶς
3357 3689 3450 3741 καὶ
3481 3689 3876 3748 ἀνυποστόλως.

2315 3792 2375 3844 οὐ
2413 3785 2852 3852 καταδικὰξομεν
2894 3783 3094 3852 αὑτήν·
3153 3783 3296 3836 ὥστε
3355 3779 3452 3832 καὶ
3506 3779 3744 3848 διασπᾷν
3823 3776 3881 3826 τδ

2315 3881 2557 3935 τοιοῦτον
2577 3877 2935 3931 συνοικέσιον.
2963 3876 3036 3927 Οὐ
3067 3875 3366 3928 διασπᾶται
3393 3871 3472 3932 δὲ,
3503 3871 3587 3922 ὃτι
3612 3869 3762 3937 παρά
3787 3871 3881 3933 τὴν

2315 3973 2608 4041 ἀνειμένην
2634 3969 2914 4038 πορνείαν,
2937 3967 3038 4034 τὴν
3080 3965 3378 4018 ἀκόλαστον
3417 3961 3640 4031 δηλαδὴ,
3708 3958 3801 4012 καὶ
3827 3959 3882 4022 ἐξ

2317 4064 2512 4134 ἑτέρας
2547 4061 2808 4128 γυναικὸς
2831 4062 2911 4120 είς
2941 4059 3134 4125 ἑτέραν
3165 4053 3625 4123 μεταϐαίνουσαν,
3655 4052 3879 4120 αἱρετω-

2315 4156 2450 4224 τέρα
2486 4155 2656 4215 ἐστὶν,
2687 4151 2761 4212 ὡς
2799 4148 3027 4219 πορνεία
3074 4146 3194 4216 μὲν,
3232 4142 3611 4212 κεκολασμένη
3675 4142 3754 4204 δὲ,
3797 4136 3880 4193 οἷα

2323 4249 2418 4318 μιᾷ
2462 4245 2806 4315 ἀρκουμένου
2842 4239 2933 4293 τοῦ
2968 4238 3158 4306 ἀνδρὸς
3208 4235 3447 4303 γυναικί.
3523 4231 3764 4285 ’Ᾱκούων
3827 4231 3881 4282 δᾶ

2319 4340 2400 4391 ὅτι
2433 4334 2731 4406 τριγαμίας
2760 4335 2918 4400 νόμος
2946 4329 3046 4380 οὐκ
3078 4327 3248 4387 ἐστιν.
3307 4321 3767 4392 ἐκκλησιαστικὸν
3793 4319 3882 4370 καὶ

647 4412 778 4480 liere
825 4428 895 4480 sit
935 4441 1237 4488 contentus.
1264 4437 1429 4492 Porro
1458 4455 1578 4494 cum
1610 4443 1762 4498 audis
1815 4444 2075 4512 trigamize
2105 4462 2207 4501 non

2324 4425 2694 4495 πνευματικὸν
2728 4423 2837 4476 νόει
2870 4423 3054 4490 νόμον.
3105 4417 3236 4470 Ἀπὸ
3259 4417 3368 4486 γάρ
3388 4415 3608 4483 Νεαρᾶς
3626 4411 3724 4465 τοῦ
3751 4412 3883 4474 Πορ-

2608 4517 2618 4528 .
2820 4513 2832 4528 ς
2867 4513 2905 4528 ,ν
3073 4527 3078 4528 ,
3136 4507 3182 4528 ,ρ
3312 4507 3515 4528 LA---
3540 4503 3627 4528 ---λ
3663 4503 3882 4528 ι--ι...

646 4531 765 4569 esse
791 4517 1410 4587 legem,ecclesiasticam
1455 4530 1646 4598 legem,
1678 4549 1738 4587 ac
1768 4536 2100 4602 spiritualein
2130 4539 2212 4591 in-

651 4608 845 4676 te'lige.
889 4612 991 4665 Per
1041 4611 1313 4669 Novellam
1370 4620 1631 4687 siquidem
1658 4622 2139 4696 Porphyrogeneiaa
2162 4640 2215 4684 et

647 4699 1007 4766 Constantini,
1041 4708 1211 4760 tertiae
1244 4711 1460 4778 nuptias,
1499 4728 1600 4766 non
1639 4714 1757 4767 sine
1785 4726 1908 4770 nota
1948 4729 2122 4773 tamen
2151 4735 2214 4774 ac

651 4793 852 4859 multis,
888 4798 1287 4861 permittuntur.

720 4884 944 4940 ARIST.
975 4889 1073 4951 Qui
1113 4891 1323 4944 tertium
1363 4893 1625 4946 contrahit
1679 4899 2076 4952 matrimonium
2135 4901 2214 4953 Ie-

651 4990 742 5042 ges
779 4981 1190 5046 transgreditur.
1225 4981 1344 5035 lianc
1373 4995 1574 5050 autem,
1608 4995 1661 5037 ut
1684 4985 1940 5042 Ecclesia:
1965 4991 2214 5057 inquina-

652 5077 852 5132 menta,
879 5082 984 5122 non
1019 5082 1146 5124 sunt
1193 5075 1403 5139 publice
1439 5077 1790 5140 traducenda,
1851 5080 2212 5135 tolerabiliora

650 5158 901 5213 dissoluta
929 5159 1284 5217 fornicatione
1304 5166 1565 5231 judicata.

723 5250 830 5305 Lex
859 5252 1072 5320 quidem
1103 5255 1318 5323 politica
1355 5261 1538 5312 tertias
1597 5260 1808 5327 nuptias
1859 5263 2117 5330 agnoscit.
2152 5273 2205 5318 et

657 5338 792 5393 filios
815 5356 880 5396 ex
909 5343 985 5396 eis
1011 5356 1286 5413 susceptos
1320 5360 1417 5416 pro
1437 5347 1688 5415 legitimis
1720 5350 1901 5412 habet,
1933 5363 1983 5404 et
2013 5352 2077 5405 ad
2107 5353 2216 5406 hae-

657 5430 935 5485 reditatem
980 5443 1152 5488 vocat;
1188 5438 1251 5488 At
1281 5452 1307 5488 a
1344 5437 1641 5493 canonibus
1674 5442 1846 5493 tertiae
1888 5444 2080 5511 nuptize
2109 5459 2212 5498 non

662 5519 1040 5585 admittuntur,
1076 5524 1168 5577 sed
1199 5524 1331 5579 istas
1373 5535 1429 5578 ut
1469 5526 1714 5581 Ecclesiae
1753 5529 2212 5595 inquinamentum

663 5608 879 5662 habent.
911 5610 1013 5665 Sed
1041 5615 1472 5682 quandoquidem
1521 5617 1743 5669 licenter
1787 5619 1837 5670 in
1871 5607 2218 5676 fornicatione

665 5698 864 5752 viventi
889 5701 1000 5754 sive
1041 5702 1260 5757 dimissa
1293 5707 1397 5757 sint
1429 5708 1598 5770 magis
1634 5709 1960 5773 expetendm,
1995 5711 2225 5777 pulilic's

668 5788 882 5857 quidem
917 5792 1452 5849 condemnatiouihus
1489 5811 1592 5850 non
1629 5795 1913 5865 subjicitur
1948 5816 1958 5850 :
1995 5801 2093 5850 hoc
2119 5811 2220 5865 est,

2323 4517 2724 4589 φυρογεννήτου
2751 4513 2842 4566 καὶ
2867 4507 3279 4565 Κωνσταντίνου
3309 4507 3519 4574 ἐφεῖται
3540 4503 3632 4556 καὶ
3661 4505 3689 4555 ό
3709 4503 3882 4568 τρίτος

2319 4614 2518 4682 γὰμος,
2555 4607 2695 4680 μετά
2740 4609 2926 4676 μέντοι
2963 4600 3279 4664 διαστίξεων
3310 4601 3403 4653 καὶ
3431 4596 3747 4665 ἐπιτιμίων.

2390 4877 2609 4931 ΑΡΙΣΤ.
2652 4876 2711 4926 '0
2738 4872 3006 4942 τρίγαμος
3055 4869 3287 4938 ἄνομος·
3340 4869 3493 4932 ὡςδὲ
3551 4871 3880 4940 ρυπασματα

2320 4972 2417 5039 τῆς
2461 4967 2783 5034 Ἐκκλησίας
2816 4966 2878 5016 τὰ
2905 4960 3133 5014 τοιαῦτα
3163 4960 3653 5029 παραϐλεπόμενα,
3673 4960 3879 5027 ἀστηλί-

2323 5081 2526 5126 τευτα,
2583 5059 2815 5130 κρείττω
2877 5059 2974 5126 τῆς
3038 5053 3334 5123 ἀνειμένης
3391 5053 3652 5122 πορνείας
3706 5054 3880 5121 κρινό.

2327 5175 2483 5227 μενα.

2405 5251 2464 5301 '0
2501 5246 2598 5316 μὲν
2627 5241 2902 5302 πολιτικὸς
2937 5241 3096 5307 νόμος
3158 5238 3258 5307 τὴν
3303 5235 3673 5304 τριτογαμίαν
3709 5235 3880 5299 ἐπιγι.

2325 5340 2542 5400 νώσκει,
2571 5336 2812 5394 καὶτοὺς
2848 5331 2907 5395 ἐξ
2942 5331 3114 5398 αὐτῆς
3159 5327 3456 5395 τεχθέντας
3515 5325 3709 5386 παῖδας
3736 5323 3878 5390 νομί-

2328 5448 2459 5501 μους
2497 5429 2634 5499 ἓχει,
2668 5427 2759 5478 καὶ
2803 5425 2883 5486 είς
2924 5420 3292 5491 κληρονομίαν
3327 5418 3501 5472 καλεῖ.
3547 5417 3673 5475 Τοῖς
3698 5415 3752 5466 δὲ
3783 5430 3883 5466 κα·-

2325 5524 2471 5575 νόσιν
2499 5523 2527 5572 ό
2558 5519 2736 5589 τρίτος
2764 5515 2939 5584 γάμος
2985 5513 3046 5564 οὐ
3079 5510 3465 5578 παραδέχεται,
3503 5506 3618 5558 ἀλλ’
3670 5505 3743 5566 ὡς
3794 5503 3882 5568 ῥύ-

2327 5630 2521 5680 πασμα
2553 5609 2737 5662 τοῦτον
2768 5608 2864 5674 τῆς
2902 5602 3227 5666 Ἐκκλησίας
3275 5601 3507 5668 ἔχουσιν.
3533 5600 3660 5650 Ὀτι
3694 5596 3747 5648 δὲ
3787 5593 3882 5659 τῆς

2329 5703 2616 5772 ἀνειμένης
2677 5698 2952 5767 πορνείας,
3009 5693 3246 5763 ἧτοιτῆς
3290 5691 3699 5758 ἐκλελυμένης,
3742 5686 3883 5738 ιστὶν

2333 5794 2714 5867 αἱρετώτερος,
2742 5791 3025 5858 δημοσίαις
3057 5789 3153 5855 μὲν
3187 5785 3504 5844 καταδίκαις
3532 5782 3628 5836 οὑν
3655 5776 3885 5833 ὐποῆἀλο
