4096 6468
254 377 364 438 τ37

1216 365 1297 426 ἱΝ
1340 365 1580 427 EPIST.
1610 367 1672 426 S.
1715 364 1999 428 BASILll
2039 362 2478 425 CANONJCAM
2517 363 2642 425 III.

3399 368 3503 433 738

251 489 431 539 λεται·
458 482 603 536 τοῦτ’
627 479 796 542 εστιν,
821 480 848 530 ὁ
869 479 1139 550 τρίγαμος
1167 479 1307 547 μετὰ
1330 477 1438 530 τῶν
1477 477 1825 547 προσκλαιόν-

1945 477 2205 544 trigamus
2271 489 2392 528 eum
2451 471 2772 529 deﬂetttibus
2836 488 2941 528 non
3015 475 3348 542 collocatur,
3409 495 3508 533 nec

252 593 368 628 των
405 575 466 628 οὐ
493 574 767 635 τάττεται,
797 571 890 624 καὶ
921 569 1316 640 θριαμϐεύεται
1360 569 1596 639 δημοσίᾳ
1630 569 1706 631 ὡς
1735 585 1831 620 κα-

253 666 523 734 τάκριτος
549 679 565 694 ⁸
595 661 768 722 ἄλλως
813 661 870 715 δὲ
911 661 1004 714 ἐπὶ
1059 662 1216 713 πέντε
1269 660 1446 713 ἐτεσιν
1486 661 1832 730 ἐπιτιμᾶται,

255 759 319 812 ὲν
361 757 478 810 δυσὶ
511 754 693 824 μὲν,ἢ
746 758 839 805 καὶ
877 755 1047 824 τρισὶ,
1093 753 1188 822 τῆς
1246 754 1354 806 τῶν
1412 752 1572 806 θείων
1610 751 1836 823 Γραφῶν

251 846 582 914 ἀκροάσεως
617 843 942 912 ἀξιούμενος
977 846 1033 896 ὲν
1068 845 1183 906 τοῖς
1239 843 1542 914 βασιλικοῖς
1592 841 1836 895 πυλῶσιν

256 935 572 1004 ἱστάμενοςο
610 933 666 986 tv
707 933 763 988 δὲ
815 933 1022 1003 ἑτέροις
1079 932 1197 986 δυσὶ
1254 933 1393 1002 μετὰ
1456 932 1566 986 τῶν
1623 932 1830 984 πιστῶν

255 1023 681 1092 συνιστάμενος,
715 1023 808 1076 καὶ
840 1023 1220 1090 συγκοινωνῶν
1262 1023 1445 1084 αὐτοῖς
1489 1021 1599 1073 τῶν
1634 1020 1829 1090 εὐχῶν,

253 1115 356 1168 καὶ
384 1114 557 1177 οὕτως
590 1113 1100 1182 ἀποκαθιστάμενος
1129 1114 1212 1176 εἱς
1249 1113 1341 1166 τὸν
1383 1114 1548 1166 τόπον
1576 1111 1686 1167 τῶν
1717 1128 1829 1181 με·

251 1202 714 1273 ταλαμδανόντων
752 1204 859 1257 τῶν
884 1205 1044 1258 θείων
1073 1203 1452 1273 ἁγιασμάτων.

1939 565 2210 634 publicum
2252 564 2580 632 triumphum
2628 566 2737 634 agit
2769 573 2824 619 ut
2879 565 3293 623 condemnatus.
3343 567 3511 624 Aliter

1940 669 2118 708 autem
2159 655 2210 708 in
2244 654 2669 722 quinquennium
2697 669 2882 722 pmnas
2905 655 3184 723 persolvnt,
3218 656 3270 709 in
3303 656 3511 712 duobus

1939 747 2156 815 quidem
2192 747 2269 798 vel
2303 746 2466 799 etiam
2517 746 2693 800 tribus
2750 745 3050 800 divinarum
3105 745 3509 816 Scripturarum

1935 839 2131 906 dignus
2184 839 2459 892 auditione
2496 837 2733 902 habitus,
2784 839 2835 892 in
2892 839 3054 907 regiis
3087 838 3297 893 foribus
3329 847 3502 893 stans.

1936 929 1993 984 ln
2021 930 2145 984 aliis
2192 939 2371 984 autem
2405 930 2612 984 duobus
2646 946 2767 985 cum
2805 929 3047 985 tidelibus
3085 931 3411 985 constitutus
3452 939 3508 984 et

1936 1035 2060 1075 cum
2094 1020 2159 1074 iis
2194 1019 2246 1073 in
2274 1021 2612 1076 orationibus
2659 1020 3087 1076 communicans.
3127 1019 3193 1074 Et
3224 1023 3302 1077 sic
3332 1023 3384 1076 in
3417 1037 3510 1076 eo-

1939 1127 2056 1164 rum
2084 1113 2175 1180 qui
2218 1111 2525 1166 divinorum
2561 1121 3025 1166 sacramentorum
3057 1122 3185 1168 sunt
3215 1112 3506 1182 participes

1935 1201 2115 1256 locum
2142 1203 2465 1256 restituitur.

1387 1576 1620 1708 ΤΟ
1648 1579 1735 1705 Υ
1809 1575 2386 1706 ΑΥΤΟΥ

837 1840 1124 1926 ΠΡΟΣ
1198 1842 1424 1927 ΤοΝ
1479 1841 1856 1930 ΑΥΤΟΝ
1929 1840 2500 1927 ΕΠΙΣΤΟΛΗ
2574 1841 2928 1924 ΤΡΙΤΗ.

1513 2201 1683 2321 EJ
1703 2197 2225 2324 USDEM

947 2469 1094 2556 AD
1149 2469 1660 2559 EUMDEM
1730 2469 2304 2558 EPISTOLA
2378 2471 2855 2560 TERTIA.

1828 2682 1894 2697 _

863 2811 1101 2866 ΚΑΝΩΝ
1132 2813 1255 2867 NA'.

250 2954 326 3007 Τὸ
353 2951 500 3005 κατὰ
538 2949 834 3017 κληρικοὺς
859 2944 1173 3011 ἀδιορίστως
1203 2944 1252 2995 οἱ
1301 2943 1524 3004 κανόνες
1558 2942 1824 3006 ἐξέθεντο,

321 3041 686 3100 κελεύσαντες
725 3037 854 3104 μίαν
883 3039 974 3086 ἐπὶ
1025 3038 1138 3095 τοῖς
1185 3032 1600 3103 παραπεσοῦσιν
1651 3034 1824 3103 ὁρίζε-

313 3137 443 3188 σθαι
472 3132 767 3200 τιμωρίαν.
800 3127 896 3194 τὴν
918 3126 1186 3177 ἔκπτωσιν
1218 3126 1317 3193 τῆς
1350 3126 1671 3194 ὑπηρεσίας,
1713 3126 1824 3177 εἴτε

317 3230 378 3280 ιν
404 3224 598 3296 βαθμῷ
657 3219 993 3288 τυγχάνοιεν,
1068 3218 1180 3269 εἴτε
1251 3217 1346 3269 καὶ
1418 3218 1823 3286 ἁχειροτονήτῳ

318 3320 349 3372 ὑ
361 3315 600 3386 πηρεσίᾳ
634 3325 910 3384 προσκαρτ
922 3309 1113 3376 εροῖεν.

316 3495 516 3549 ΒΑΛΣ.
550 3493 638 3544 Ἐν
668 3491 744 3558 τῷ
773 3490 850 3556 λβ⁹
878 3491 1061 3542 κανόνι
1105 3489 1395 3557 διωρίσατο
1456 3489 1481 3540 ὁ
1533 3489 1684 3554 ἅγιος
1717 3490 1825 3541 ἀπὸ

247 3586 455 3647 παντὸς
486 3585 885 3653 ἁμαρτήματος
914 3583 1001 3635 διὰ
1043 3583 1211 3650 μόνης
1258 3582 1635 3650 καθαιρέσεως
1667 3583 1829 3634 κολά-

245 3679 444 3744 ζεσθαι
480 3678 605 3737 τοὺς
637 3675 951 3744 κληρικούς.
993 3672 1145 3724 Ἑπεὶ
1169 3672 1230 3739 δὴ
1259 3671 1442 3736 ἔλεγόν
1487 3687 1630 3731 τινες
1682 3671 1825 3723 ὲκεί-

249 3780 376 3830 νους
408 3765 722 3833 λογίζεσθαι
748 3764 1043 3833 κληρικοὺς
1065 3762 1189 3822 τοὺς
1218 3762 1553 3830 χειροτονίαν
1581 3761 1823 3829 ἔχοντας,

246 3859 307 3913 οὐ
329 3860 442 3928 μὴν
470 3859 594 3918 τοὺς
627 3856 713 3908 διὰ
753 3856 918 3923 μόνης
969 3852 1261 3921 σφραγῖδος
1321 3851 1693 3912 καταστάντας
1747 3853 1826 3912 εἰς

246 3947 498 4017 βαθμοὺς
523 3943 1007 4013 ἐκκλησιαστικοὺς
1036 3941 1276 4010 (τούτους
1301 3941 1408 4007 γὰρ
1433 3940 1622 4009 ἤθελον
1651 3940 1826 3991 πλειό-

250 4057 356 4101 νως
412 4035 780 4104 κολάζεσθαι),
813 4034 1102 4102 διωρίσατο
1134 4034 1160 4083 ὀ
1204 4032 1357 4097 ἆγιος
1382 4030 1469 4082 διὰ
1500 4029 1591 4082 τοῦ
1627 4031 1826 4098 παρόν-

2424 2814 2582 2884 109
2635 2815 2860 2873 CANON
2922 2817 3002 2872 LI.

1931 2950 2080 3015 Quod
2114 2951 2179 3002 ad
2211 2950 2436 3006 clericos
2487 2953 2677 3004 attinet
2729 2969 2965 3010 canones
2996 2956 3270 3012 indefinite
3320 2960 3499 3015 edid'-

2003 3050 2147 3101 runt,
2177 3055 2339 3093 unum
2367 3041 2421 3093 in
2456 3042 2521 3094 iis
2555 3043 2642 3108 qui
2674 3043 2806 3109 lapsi
2841 3055 2968 3097 sunt
3022 3048 3343 3115 supplicium
3402 3051 3495 3104 de-

1999 3132 2146 3182 cerni
2171 3130 2449 3201 jubentes,
2482 3149 2509 3184 a
2539 3133 2840 3188 ministerio
2887 3137 3097 3190 scilicet
3144 3141 3496 3205 amntionem,

2001 3218 2115 3268 sive
2169 3219 2276 3271 sint
2328 3221 2380 3271 in
2429 3221 2616 3287 gradu,
2674 3223 2787 3276 sive
2843 3225 3004 3277 etiam
3067 3228 3118 3279 in
3176 3230 3494 3290 minimc-riu,

2003 3484 2194 3539 BALS.
2234 3488 2286 3540 in
2314 3503 2433 3541 can.
2466 3489 2535 3543 32
2559 3503 2778 3548 sanctus
2833 3495 3040 3548 deliniit
3082 3512 3300 3567 propter
3340 3518 3498 3556 omne

1929 3589 2202 3643 peccatum
2236 3578 2461 3632 clericos
2498 3597 2593 3646 per
2632 3583 2799 3634 solum
2847 3586 3233 3653 depositione”
3295 3596 3492 3659 pun'ri.

1932 3666 2035 3719 Sed
2066 3669 2188 3734 quia
2226 3671 2466 3724 nonnulli
2503 3673 2757 3727 dixerunt
2793 3675 2910 3729 illos
2944 3681 3181 3745 reputari
3239 3683 3490 3748 elerico.-,

1930 3757 2270 3824 quiordinati
2303 3773 2449 3824 sunt,
2507 3779 2608 3817 non
2640 3775 2819 3819 autem
2872 3783 2967 3823 eos
3028 3772 3118 3839 qui
3175 3789 3268 3840 per
3322 3776 3493 3829 solum

1928 3851 2300 3905 characterem
2340 3855 2615 3907 cunstituti
2653 3867 2770 3910 sunt
2821 3859 2872 3911 in
2908 3863 3170 3929 gradibus
3237 3867 3495 3922 ecclesia-

1929 3939 2078 3993 sticis
2116 3939 2280 4010 (illos
2314 3945 2456 3996 enim
2509 3949 2681 4016 magis
2735 3951 2908 4016 puniri
2965 3953 3236 4024 volebant)
3292 3959 3494 4011 dellniit

1929 4037 2148 4081 sanctus
2177 4045 2274 4098 per
2304 4044 2622 4100 praesentem
2651 4051 2936 4104 canonem,
2997 4057 3184 4096 omnes
3243 4045 3494 4101 similiter

253 4148 340 4192 ro;
369 4128 598 4187 κανόνος
632 4126 841 4186 πάντας
873 4128 999 4184 τοὺς
1029 4122 1327 4191 κληρικοὺς
1355 4119 1556 4188 ὁμοίως
1584 4119 1673 4172 διὰ
1727 4121 1822 4190 μό-

1931 4118 2155 4172 clericos
2180 4135 2276 4188 per
2319 4125 2488 4176 solam
2524 4125 2936 4193 depositionem,
2973 4144 3069 4184 seu
3108 4131 3320 4200 lapsum
3353 4151 3380 4187 a
3407 4152 3493 4190 sa-

249 4237 346 4291 m;
378 4217 758 4286 καθαιρέσεως
787 4217 907 4284 ἤτοι
939 4214 1029 4264 διὰ
1062 4211 1393 4273 ἐκπτώσεως
1446 4211 1544 4278 τῆς
1589 4209 1824 4279 προσού-

246 4331 349 4382 an;
404 4310 592 4369 αὐτοῖς
651 4307 801 4374 ἱερᾶς
854 4304 1133 4366 διακονίας
1215 4301 1562 4366 κολάζεσθαι,
1619 4301 1720 4354 κάν
1766 4319 1823 4353 τε

247 4399 768 4471 κεχειροτονημένοι
793 4393 948 4458 ὦσιν,
980 4394 1051 4453 ὡς
1087 4396 1131 4445 οἱ
1160 4391 1541 4460 πρεσϐύτεροι,
1565 4393 1612 4443 οἱ
1645 4392 1823 4445 διάκοο

248 4513 349 4559 vet,
385 4490 485 4544 καὶ
514 4491 563 4542 οἱ
585 4488 953 4550 ὐποδιάκονοι,
987 4485 1086 4538 κᾶν
1117 4501 1175 4536 τε
1204 4484 1290 4536 διὰ
1323 4484 1490 4553 μόνης
1528 4484 1824 4552 σφραγῖδος

245 4582 543 4647 ἐνέργειαν
564 4576 759 4645 ἔχωσιν
795 4574 1097 4643 ἱερατικὴν,
1127 4573 1200 4634 ὡς
1252 4574 1301 4624 οἱ
1337 4571 1702 4637 άναγνῶσται,
1733 4574 1825 4623 καὶ

248 4672 475 4740 ψάλται,
510 4669 557 4719 οἱ
593 4666 808 4733 θεωροὶ,
867 4665 958 4717 καὶ
1011 4665 1058 4715 οἱ
1115 4664 1312 4730 ὅμοιοι.
1364 4664 1471 4714 Καὶ
1506 4662 1677 4714 ταῦτα
1728 4662 1824 4729 μὲν

247 4762 382 4827 περὶ
415 4756 695 4824 κληρωιῶν
762 4754 846 4807 διά
885 4754 1244 4823 χειροτονίας,
1291 4751 1323 4818 ἢ
1383 4752 1468 4802 διὰ
1532 4751 1824 4819 σφραγῖδος

250 4842 713 4916 καταταχθέντων
739 4847 820 4905 εἱς
853 4844 1093 4912 βαθμοὺς
1117 4913 1132 4922 .
1150 4841 1653 4910 ὲκκλησιαστικούς.
1699 4841 1824 4893 Ἐὰν

247 4945 303 4997 δέ
332 4957 421 5002 τις
455 4940 625 5008 μόνην
642 4937 778 5004 ἔχων
809 4933 1124 5003 ἐπικουρίδα
1183 4932 1290 4984 άπὸ
1324 4933 1621 4985 ἐπισκόπου
1656 4932 1690 4998 ἢ
1720 4931 1826 4983 άπὸ

247 5030 564 5100 ἡγουμένου
597 5026 813 5095 ἐμπέσῃ
837 5026 916 5086 εἱς
953 5024 1226 5092 ἔγκλημα,
1271 5024 1613 5092 ἅλλοτρόπως
1672 5018 1825 5084 οὗτος

248 5116 739 5188 τιμωρηθήσεταις
791 5115 1000 5178 Λύσις.
1037 5114 1222 5176 Καὶ-ιδ
1266 5113 1502 5175 τοιοῦτος
1567 5116 1826 5184 κληρικός

248 5217 394 5275 ὲστι,
451 5209 547 5263 καὶ
603 5206 1139 5275 καταδικασθήσεται
1199 5206 1274 5266 ὡς
1327 5207 1505 5260 λοιποὶ
1555 5208 1821 5278 κληρικοί.

249 5300 657 5368 Κωλυθήσεται
686 5298 792 5366 γὰρ
821 5299 1064 5364 ἐνεργεῖν
1092 5297 1682 5365 οἱονδηποτοῦνλέργον,
1716 5293 1825 5348 οἷον

250 5391 580 5463 ἱνεργοῦσιν
612 5390 663 5441 οἱ
701 5390 912 5456 ἔχοντες
950 5387 1318 5455 ἐπικουρίδας,
1351 5383 1459 5438 οἷον
1489 5389 1584 5440 οὐκ
1614 5389 1822 5458 εἰσέλθῃ

1927 4226 2020 4264 cro
2048 4214 2189 4278 quod
2225 4211 2291 4265 ad
2328 4230 2419 4267 eos
2467 4217 2698 4283 pertinet
2749 4221 3070 4286 ministerio,
3125 4226 3323 4291 puniri,
3380 4228 3494 4279 sive

1928 4301 2039 4354 sint
2071 4304 2302 4356 ordinati
2335 4314 2393 4357 ut
2421 4308 2745 4375 presbyteri,
2766 4308 2997 4376 diaconi,
3025 4322 3079 4365 et
3111 4313 3488 4383 bypodiaconi,

1927 4394 2040 4446 sive
2068 4409 2162 4462 per
2194 4395 2365 4448 solum
2411 4397 2778 4452 characterem
2810 4403 3178 4468 operationem
3238 4410 3490 4460 sacerdo-

1931 4485 2089 4538 talem
2146 4485 2400 4550 habeant,
2459 4495 2514 4539 ut
2565 4488 2813 4556 lectores,
2879 4504 3150 4558 cantores,
3212 4509 3486 4550 sacrorum

1929 4590 2174 4628 vasorum
2208 4576 2482 4642 cusmdes,
2532 4589 2584 4631 et
2626 4580 2849 4634 similes.
2898 4582 2961 4634 Et
2996 4582 3110 4637 hac
3156 4586 3366 4652 quidem
3426 4590 3490 4639 de

1928 4664 2138 4717 clericis
2173 4679 2270 4733 per
2303 4668 2719 4732 ordinationem,
2769 4671 2848 4723 vel
2889 4674 3256 4728 characterem
3301 4679 3350 4729 in
3404 4693 3490 4731 ec-

1930 4754 2245 4807 clesiasticis
2284 4756 2537 4824 gradibus
2576 4759 2877 4817 collocatis.
2936 4761 2989 4815 Si
3034 4765 3154 4832 quis
3200 4776 3375 4819 autem
3423 4771 3490 4820 ab

1927 4846 2198 4911 episcopo,
2238 4847 2316 4899 vel
2353 4851 2668 4902 monasterii
2713 4853 2967 4918 praelecto
3000 4856 3167 4909 solam
3217 4869 3486 4911 lOttsut'um

1928 4935 2129 4988 habens
2163 4938 2214 4988 in
2244 4939 2450 4991 crimen
2485 4941 2755 5006 inciderit,
2797 4944 2911 4996 isne
2941 4946 3047 4998 alio
3097 4949 3255 4999 modo
3297 4951 3484 5015 punie-

1926 5027 2055 5080 tur?
2083 5024 2196 5080 Sol.
2222 5025 2286 5078 Et
2313 5029 2432 5080 talis
2458 5045 2671 5098 quoque
2694 5042 2778 5086 est
2803 5034 3049 5101 clericus,
3085 5049 3136 5088 et
3170 5042 3488 5092 condemna-

1928 5120 2070 5171 bitur
2102 5130 2157 5170 ut
2188 5120 2380 5188 reliqui
2409 5122 2612 5175 clerici.
2676 5121 3053 5180 Prohibebilur
3083 5129 3224 5182 enim
3260 5133 3486 5198 quodvis

1927 5225 2063 5278 Opus
2123 5227 2402 5277 exercere,
2465 5215 2768 5283 cuiusmodi
2826 5229 3079 5272 exercent
3144 5223 3234 5288 qui
3287 5225 3487 5277 habent

1930 5312 2204 5366 tonsuras;
2230 5306 2675 5371 quemadmodum
2708 5323 2810 5360 non
2858 5312 3183 5364 conscendet
3234 5315 3486 5374 tiibnnal.

1929 5409 2032 5445 non
2069 5394 2205 5462 leget
2235 5396 2284 5446 in
2322 5397 2566 5460 amboue,
2605 5398 2670 5451 ad
2701 5401 3091 5455 sacerdotalem
3128 5407 3350 5472 gradum
3385 5423 3487 5458 nun

249 5489 334 5548 αις
363 5484 543 5553 βῆμα,
571 5481 669 5532 οὐκ
701 5478 917 5546 ἀναγνῷ
947 5479 1032 5529 ἐπ’
1060 5477 1330 5545 ἆμϐωνος,
1367 5479 1427 5528 οὐ
1455 5478 1714 5546 προκόψει
1744 5482 1823 5541 εἰς

1931 5483 2346 5548 pronmvebitur.
2401 5483 2563 5538 Miror
2594 5496 2792 5550 autem,
2826 5492 3094 5555 quomodo
3126 5493 3364 5546 nonnulli
3401 5499 3490 5548 de-

251 5573 500 5649 βαθμίδα
533 5569 831 5639 ἱερατικὴν.
874 5569 1151 5636 θαυμάζω
1180 5568 1234 5619 δὲ
1268 5569 1414 5627 ὅπως
1443 5567 1587 5626 τινὲς
1623 5567 1818 5619 καθαι-

253 5667 513 5740 ρεθέντες
568 5659 850 5729 ὲνεργοῦσι
906 5659 1321 5729 χαρτουλαράτα
1368 5657 1818 5727 ὲκκλησιαστικὰ,

251 5761 417 5814 ἆτινα
449 5752 731 5824 ἐνεργοῦσι
776 5752 923 5804 μόνοι
983 5748 1291 5819 ἱερωμένοι.
1362 5746 1637 5811 Ὡσαύτως
1694 5749 1822 5804 θαυ-

1930 5572 2084 5638 posili
2118 5574 2484 5628 ehartularata
2522 5576 2881 5630 ecclesiastica
2911 5592 3187 5644 exercent,
3227 5600 3343 5651 qum
3373 5589 3491 5650 qni-

1931 5662 2048 5713 dem
2086 5662 2188 5715 soli
2240 5666 2440 5718 sacrati
2489 5677 2761 5721 exercent.
2824 5667 3084 5724 Similiter
3133 5676 3332 5736 miror,
3367 5693 3492 5741 «ιιιυο

1935 5753 2089 5806 modo
2143 5753 2232 5821 qui
2287 5755 2428 5810 solas
2487 5759 2685 5812 habent
2753 5771 3040 5828 tonsuras,
3101 5776 3149 5817 et
3207 5782 3492 5833 ιιοιςιιςτιρς
