4096 6456
604 407 714 467 735

1865 405 2142 463 ΤιιΕυυ.
2183 401 2580 460 BALSAMON

3733 391 3839 455 736

677 520 824 572 nium
848 536 951 572 non
987 521 1338 588 approbatur.
1379 522 1761 574 Veruttntmucn
1791 536 1855 573 ea
1895 531 1952 572 ut
1989 517 2173 570 Eccle-

2350 531 2448 583 μος
2501 515 2599 569 οὐκ
2651 513 2973 584 ἄγεται.Τά
3021 515 3204 583 μέντοι
3257 512 3486 567 τοιαῦτα
3540 514 3616 574 ὡς
3668 513 3847 581 ρυπάο

685 611 778 664 sia:
849 610 1256 677 inquinamenta
1320 613 1606 666 videmus:
1649 617 1740 666 sed
1774 611 2005 680 publicis
2055 625 2183 661 con-

672 702 1112 757 dcmnationibus
1162 718 1268 757 non
1313 705 1657 772 subjicimus,
1718 716 1773 756 ut
1832 717 1951 772 quae
2003 703 2176 755 soluta

672 792 1031 848 fornicatione
1088 806 1217 849 sunt
1247 799 1419 864 magis
1487 797 1805 863 expetenda.

669 881 858 936 BALS.
898 884 1027 936 Cum
1062 886 1216 938 audis
1247 897 1492 940 sanctum
1519 888 1786 940 dicentem
1821 901 1921 939 nou
1953 900 2068 940 esse
2102 884 2178 938 le-

601 990 717 1039 gem
741 974 790 1025 in
814 975 1082 1042 trigamia,
1106 991 1171 1030 ne
1190 977 1392 1031 dixeris
1420 981 1580 1032 etiam
1614 995 1640 1032 a
1674 980 1791 1048 lege
1821 978 1962 1034 citili
1993 978 2181 1046 prohi-

604 1067 728 1118 Imre
755 1067 1054 1132 trigamiam
1082 1083 1139 1120 :a
1169 1069 1282 1138 lege
1304 1071 1724 1124 euimconcessa
1747 1077 1848 1123 est.
1878 1069 1980 1123 Sed
2009 1069 2182 1124 eccle-

602 1156 874 1208 siasticam
891 1158 974 1212 hic
997 1157 1162 1226 legem
1189 1160 1419 1228 intellige
1446 1179 1456 1212 :
1486 1161 1654 1229 legem
1676 1162 2077 1216 autemcivilem
2095 1162 2182 1216 dic

602 1245 900 1311 antiquam,
932 1261 1050 1314 quae.
1099 1256 1225 1301 ante
1275 1259 1520 1303 sanctum
1543 1252 2178 1314 Patremobservabatur,

604 1346 707 1383 non
739 1344 915 1386 autem
944 1351 1060 1390 eam
1091 1352 1208 1404 quae
1237 1338 1411 1391 multis
1432 1350 1552 1407 post
1578 1343 1788 1396 saeculis
1811 1343 1912 1395 lata
1934 1351 2034 1404 est,
2070 1341 2182 1395 sci-

603 1420 725 1474 licet
741 1422 1243 1496 Porphyrogenetaz.
1258 1439 1310 1481 et
1332 1429 1671 1498 imperatoris
1693 1433 1894 1486 domini
1910 1431 2180 1487 Constan-

604 1513 698 1563 tini
732 1513 1079 1581 dccisionem,
1106 1533 1224 1586 quae
1255 1520 1355 1573 sita
1379 1532 1461 1574 est
1492 1521 1542 1574 in
1571 1531 1764 1590 quarto
1795 1538 1998 1578 canone
2023 1522 2180 1588 hujus

602 1603 796 1665 saneti,
830 1621 988 1670 quam
1023 1610 1182 1660 etiam
1249 1611 1384 1679 lege.
1420 1625 1477 1666 ut
1511 1613 1644 1666 dicit
1689 1613 1952 1669 Zonaras.
2000 1613 2182 1681 Neque

603 1693 745 1744 enim
787 1692 900 1744 fieri
934 1706 1109 1760 potest
1149 1705 1205 1751 ut
1233 1698 1332 1754 hoc
1364 1700 1531 1766 dicat,
1568 1703 1712 1770 quod
1742 1705 1792 1755 iu
1821 1703 1993 1756 sancti
2028 1717 2180 1754 meu-

2353 623 2533 675 σματα
2559 606 2657 674 τῆς
2679 606 3006 675 Ἐκκλησίας
3034 604 3249 675 ὁρῶμεν
3267 620 3281 636 ο
3311 605 3601 674 δημοσίαις
3629 604 3684 658 δι
3711 620 3846 657 κατ-

2353 696 2564 757 αδίκαις
2596 695 2693 765 οὐχ
2727 696 3126 766 ὑποδάλλομεν,
3156 695 3231 758 ὡς
3257 697 3354 768 τῆς
3384 695 3678 766 ἀνειμένης
3715 709 3848 763 πορο

2351 785 2497 847 νείας
2525 786 2881 855 αἱρετώτερα.

2351 877 2547 932 ΒΔΛΣ.
2587 878 2827 931 Ἀκούων
2867 879 2960 932 τοῦ
2998 880 3154 946 ἀγίου
3189 880 3442 948 λέγοντος
3479 879 3554 950 μὴ
3585 874 3728 932 εἶναι
3760 877 3850 930 νό-

2286 985 2384 1036 μον
2413 970 2503 1020 ἐπὶ
2531 969 2858 1037 τριγαμίας,
2913 970 2989 1040 μὴ
3029 970 3191 1040 είπῃς
3245 971 3341 1026 καὶ
3378 971 3486 1024 ἀπὸ
3531 968 3624 1021 τοῦ
3679 969 3848 1036 νόμου

2283 1059 2376 1114 τοῦ
2415 1059 2684 1113 πολιτικοῦ
2716 1060 3017 1114 κωλύεσθαι
3061 1063 3160 1131 τὴν
3220 1063 3552 1132 τριγαμίανο
3610 1060 3851 1128 ὲκκεχώςρ

2285 1168 2447 1219 ρηται
2475 1151 2583 1221 γάρ
2611 1151 2718 1202 ἀπὸ
2752 1152 2847 1202 τοῦ
2885 1153 3073 1222 νόμου.
3123 1153 3284 1206 Ἀλλά
3309 1152 3472 1220 νόμον
3499 1149 3739 1204 ἐνταῦθα
3759 1150 3851 1201 τὸν

2283 1241 2741 1311 ἐκκλησιαστικὸν
2773 1243 2920 1295 νόει⁹
2965 1244 3129 1310 νόμον
3159 1244 3215 1298 δὲ
3271 1243 3552 1296 πολιτικὸν
3609 1243 3729 1294 εἰπὲ
3761 1241 3850 1294 τὸν

2284 1331 2514 1384 παλαιὸν
2542 1333 2645 1401 πρὸ
2677 1333 2768 1384 τοῦ
2801 1333 2958 1400 ἁγίου
2990 1333 3205 1400 Πατρὸς
3263 1332 3591 1402 κρατοῦντα,
3631 1331 3692 1384 οὐ
3749 1331 3848 1408 μὴν

2283 1424 2373 1476 τὸν
2406 1425 2864 1492 μεταγενέστερον
2893 1424 3034 1476 κατά
3097 1423 3256 1485 πολὺ,
3309 1420 3551 1490 δηλονότι
3612 1423 3706 1474 τὸν
3756 1420 3844 1471 τοῦ

2286 1515 2804 1584 Πορφυρογεννήτου
2845 1516 2942 1568 καὶ
2974 1515 3238 1583 βασιλέως
3269 1514 3456 1584 κυρίου
3503 1513 3848 1564 Κωνσταντί-

2285 1621 2376 1655 νου
2406 1604 2596 1672 τόμον,
2636 1605 2730 1656 τὸν
2769 1605 3222 1673 κατατρωθέντα
3279 1605 3359 1666 είς
3421 1603 3513 1654 τὸν
3564 1603 3607 1654 δ’
3650 1602 3848 1654 κανόνα

2283 1693 2476 1746 τούτου
2505 1692 2598 1746 τοῦ
2623 1695 2798 1761 ἁγίου,
2832 1695 2890 1746 ὃν
2918 1697 3009 1746 καὶ
3049 1694 3354 1760 ἀνάγνωθι,
3387 1691 3574 1754 καθὼς
3606 1695 3634 1744 6
3675 1694 3850 1744 Ζωνα-

607 1792 712 1834 tem
745 1783 928 1836 venire
959 1802 1060 1838 non
1117 1800 1348 1857 poterat,
1404 1801 1587 1859 utpote
1633 1796 1774 1861 quod
1819 1795 2004 1848 multis
2058 1803 2176 1861 post

2292 1785 2388 1854 ρᾶς
2419 1801 2576 1852 φησι.
2613 1782 2784 1837 Τοῦτο
2813 1782 2919 1854 γὰρ
2934 1783 3118 1844 λέγειν
3148 1782 3486 1844 ἀνένδεκτον,
3515 1781 3602 1832 διά
3631 1780 3693 1832 τὸ
3720 1780 3851 1848 μηδὲ

606 1873 815 1926 stt-culis
855 1875 1052 1930 factum
1083 1889 1185 1934 est.
1224 1881 1375 1945 Quod
1413 1895 1593 1937 autem
1621 1884 1783 1937 etiam
1814 1899 1840 1936 a
1888 1885 2004 1952 lege
2032 1886 2176 1938 anti-

606 1977 709 2028 qua
743 1965 958 2019 tertium
998 1971 1393 2025 matrimonium
1423 1978 1750 2040 permissum
1780 1989 1882 2038 est,
1916 1977 2033 2046 lege
2084 1976 2179 2032 lib.

607 2066 776 2105 xxvnt
811 2054 891 2108 tit.
924 2057 977 2122 8,
1007 2075 1126 2128 cap.
1169 2061 1256 2124 63,
1307 2062 1484 2116 thema
1520 2063 1552 2117 6
1583 2074 1638 2117 et
1682 2065 1765 2118 tit.
1827 2067 1911 2130 M.
1965 2082 2084 2134 cap.
2128 2070 2180 2122 4.

607 2142 740 2198 Nota
775 2158 975 2212 autem,
1010 2154 1150 2219 quod
1190 2163 1258 2206 ex
1291 2153 1395 2208 ltoc
1427 2158 1677 2222 praesenti
1712 2173 1918 2212 canone
1962 2171 2184 2229 apparet

611 2255 714 2292 non
745 2241 957 2297 dissolvi
1003 2246 1213 2300 tertium
1250 2251 1652 2304 matrimOninm
1693 2263 1749 2304 ut
1783 2265 1971 2309 contra
2040 2256 2183 2320 leges

613 2326 833 2386 factum.
858 2332 996 2387 Dicit
1024 2337 1188 2400 enim,
1224 2338 1364 2405 quod
1395 2339 1800 2406 inquinamenta
1833 2343 2047 2410 quidem
2082 2344 2186 2397 Ec-

609 2419 786 2471 clesia:
853 2424 1006 2476 tertia
1068 2428 1408 2481 matrimonia
1449 2429 1668 2482 omnino
1716 2441 2056 2498 reputantttr,
2125 2443 2183 2485 ut

610 2523 728 2574 quae
749 2512 814 2563 ab
838 2512 1075 2571 Ecclesia
1108 2531 1210 2570 non
1241 2521 1645 2586 permittuntur,
1671 2523 1714 2575 si
1743 2532 1928 2590 rogata
1961 2523 2180 2577 fuerint.

615 2600 848 2656 Publicis
889 2617 1065 2662 autem
1117 2610 1676 2676 coudemuationibus,
1733 2628 1826 2667 seu
1879 2614 2183 2670 manifestis

613 2691 1000 2753 divulsionibus
1035 2717 1136 2756 n0n
1167 2707 1548 2773 subjiciuntur,
1589 2708 1730 2774 quod
1764 2706 1870 2760 sint
1921 2709 2182 2776 ejusmodi

615 2787 862 2854 coniugia
893 2789 1250 2849 fornicatione
1284 2799 1538 2854 meliora.
1568 2801 1668 2867 Qui
1691 2813 1870 2856 autem
1895 2804 2178 2856 matrimo-

619 2878 766 2930 nium
803 2882 877 2933 ita
910 2893 1316 2954 contraxerunt,
1346 2906 1441 2960 per
1467 2893 1825 2962 polygamiam
1845 2896 2021 2948 minus
2042 2893 2182 2946 effu-

621 2991 680 3030 se
715 2991 956 3045 peccant.
991 2982 1090 3048 Qui
1132 2995 1308 3038 autem
1360 2988 1714 3052 fornicantur,
1772 2991 1907 3044 laxis
1959 2991 2183 3043 habenis

619 3066 830 3120 invitia
866 3069 1132 3139 feruntur,
1187 3079 1361 3147 utqui
1423 3080 1890 3136 indiscriminatim
1954 3095 2016 3136 ex
2076 3082 2178 3136 alia

620 3158 843 3213 muliere
870 3163 934 3214 ad
967 3165 1125 3219 aliam
1155 3174 1445 3223 transeant.

696 3336 947 3396 ZONAR.
972 3341 1174 3407 Quarto
1199 3347 1359 3400 etiam
1386 3363 1614 3408 canone.
1652 3351 1740 3406 hic
1770 3365 2004 3416 sam-tus,
2031 3355 2194 3421 triga.

627 3428 786 3479 miam
821 3430 1134 3498 polygamite
1193 3436 1409 3488 nomine
1443 3439 1696 3506 appellari
1763 3443 1917 3502 dixit.
1979 3454 2045 3499 et.
2091 3459 2194 3498 non

628 3519 1057 3586 matrimonium,
1084 3525 1212 3591 quin
1239 3529 1415 3593 pntius
1439 3532 1752 3600 castigatam
1785 3532 2194 3589 fornicationem

628 3613 927 3678 nuncupari
969 3631 981 3666 :
1017 3623 1068 3667 et
1114 3617 1215 3672 hoc
1263 3621 1382 3675 loco
1431 3624 1894 3692 inquinamentum
1946 3625 2197 3683 Ecclesia

630 3703 948 3758 nominavit.
986 3708 1251 3763 Caeterum
1287 3713 1522 3778 publice.
1562 3717 1760 3784 inquit,
1802 3719 1902 3773 hoc
1933 3729 2015 3774 est
2045 3735 2196 3787 aper-

629 3803 702 3857 te,
731 3808 794 3846 ac
820 3796 935 3850 sine
962 3801 1402 3867 tergiversatione
1428 3808 1593 3872 ipsam
1621 3811 1839 3863 minime
1871 3813 2194 3866 condemna-

632 3896 772 3940 mus.
809 3898 1045 3954 eousque
1071 3899 1126 3941 ut
1159 3891 1318 3943 etiam
1355 3894 1679 3950 dissolvatur
1717 3897 1977 3964 ejusmodi
2007 3903 2197 3956 matri-

633 3974 891 4028 monium.
939 3976 1144 4036 ldcireo
1195 3997 1321 4037 vero
1387 4002 1488 4038 non
1526 3989 1854 4055 dissolvitur,
1889 3993 2028 4060 quod
2089 4007 2198 4059 pra:

630 4063 803 4116 soluta
857 4065 1232 4138 fornicatione,
1301 4075 1616 4144 incastigata
1680 4080 1936 4135 nimirum
1989 4094 2045 4138 et
2077 4099 2199 4153 quae

633 4155 702 4208 ab
761 4156 861 4208 alia
915 4161 980 4212 ad
1041 4163 1195 4215 aliam
1273 4168 1548 4220 mulierem
1609 4172 1802 4238 passim
1865 4174 2198 4243 digreditur,

632 4257 712 4301 est
776 4254 1222 4319 praeoptandum,
1281 4267 1531 4325 tanquam
1619 4261 1901 4317 fornicatio
1961 4268 2198 4333 quidem,

631 4351 1000 4420 yerumtamen
1066 4350 1343 4417 castigata,
1377 4352 1571 4420 quippe
1623 4367 1743 4407 cum
1791 4355 1873 4408 vir
1917 4372 2022 4410 una
2084 4373 2202 4411 mu-

2284 1877 2364 1936 είς
2396 1875 2606 1928 ἔννοιαν
2636 1875 2729 1928 τοῦ
2758 1876 2914 1943 ἁγίου
2977 1874 3148 1927 ἑλθεῖν
3179 1873 3237 1926 τὸ
3289 1871 3426 1942 μετά
3477 1871 3678 1933 πολλὰς
3733 1872 3852 1923 ἑκα-

2283 1967 2699 2035 τονταετηρίδας
2756 1967 2997 2033 γεγονός.
3059 1966 3182 2019 Ὀτι
3230 1965 3286 2016 δὲ
3337 1964 3445 2017 ἀπὸ
3497 1962 3591 2016 τοῦ
3625 1962 3854 2016 παλαιοῦ

2284 2055 2449 2121 νόμου
2488 2052 2876 2122 ικκεχώρηται
2905 2054 2932 2105 6
2966 2053 3151 2122 τρίτος
3197 2052 3399 2121 γάμος,
3438 2051 3715 2118 ἀνάγνωθι
3773 2050 3852 2119 βιο

2286 2145 2431 2199 ὄλῑον
2490 2145 2574 2213 κη’
2631 2145 2818 2197 τίτλου
2867 2152 2917 2211 η’
2959 2161 3088 2212 κεφ.
3147 2143 3225 2210 ξγ’
3278 2143 3418 2210 θέμα
3466 2149 3541 2206 ς’,
3572 2143 3751 2196 τίτλου
3797 2142 3856 2194 ιδ’

2285 2250 2410 2301 κεφ.
2442 2233 2506 2287 δ’.
2531 2233 2846 2303 Σημείωσαι
2874 2233 2929 2285 δὲ
2956 2232 3036 2285 ὅτι
3072 2233 3166 2284 καὶ
3194 2231 3302 2284 ἀπὸ
3339 2230 3434 2283 τοῦ
3462 2231 3730 2297 παρόντος
3757 2247 3857 2282 κα-

2286 2326 2440 2387 νόνος
2465 2323 2825 2392 ἀναφαίνεται
2858 2324 2940 2376 ὅτι
2968 2324 3026 2375 οὐ
3066 2323 3364 2374 διασπᾶται
3391 2322 3420 2374 6
3449 2321 3632 2388 τρίτος
3683 2320 3858 2389 γάμος

2283 2419 2360 2482 ὡς
2419 2420 2760 2488 παράνομος.
2809 2420 2947 2486 Φησὶ
3003 2421 3112 2488 γὰρ
3171 2419 3254 2470 δτι
3299 2415 3565 2486 ρὗασμο.
3621 2416 3720 2484 μὲν
3761 2418 3859 2483 τῆς

2297 2509 2623 2578 Ἐκκλησίας
2645 2509 2954 2577 λογίσονται
2985 2511 3033 2562 oi
3073 2507 3245 2578 τρίτοι
3282 2508 3448 2576 γάμοι
3504 2507 3746 2568 πάντως,
3786 2505 3859 2565 ὡς

2287 2601 2360 2671 μὴ
2385 2602 2792 2671 ὲκχωρούμενοι
2825 2601 2932 2654 ὑπὸ
2961 2603 3058 2670 τῆς
3105 2598 3451 2668 Ἐκκλησίας,
3487 2597 3582 2648 ὲάν
3648 2597 3858 2663 ἐρωτη-

2285 2692 2438 2746 θῶσι.
2475 2692 2774 2762 Δημοσίαις
2801 2691 2858 2748 δὲ
2886 2692 3230 2752 καταδίκαις,
3264 2691 3382 2759 ἦτοι
3436 2689 3694 2757 φανεροῖς
3745 2687 3861 2737 δια-

2285 2784 2582 2850 σπασμοῖς,
2605 2783 2703 2850 οὑχ
2734 2781 3184 2850 ὑποϐλέσληνται,
3211 2780 3299 2832 διὰ
3318 2780 3377 2831 τὸ
3399 2772 3623 2830 εἶναιτὰ
3639 2775 3860 2828 τοιαῦτα

2284 2874 2596 2925 συνοικέσια
2617 2873 2901 2940 κρείττονα
2926 2872 3025 2935 τῆς
3051 2871 3327 2940 πορνείας.
3355 2868 3419 2923 Oi
3447 2869 3547 2939 μὲν
3577 2872 3686 2938 γὰρ
3717 2866 3862 2919 οὕτω

2283 2965 2630 3033 γαμήσαντες
2689 2963 3126 3032 συνεσταλμένην
3169 2963 3445 3031 ἁμαρτίαν
3494 2961 3584 3013 διὰ
3631 2960 3730 3028 τὴν
3765 2975 3862 3010 που

2282 3055 2557 3123 λυγαμίαν
2580 3053 2827 3107 ποιοῦσιν
2852 3072 2863 3084 ·
2897 3054 2947 3105 oi
2981 3053 3038 3106 δὲ
3072 3053 3428 3120 πορνεύοντες
3452 3053 3745 3120 ἀνειμένην
3769 3047 3863 3103 καὶ

2221 3145 2264 3204 C
2299 3146 2690 3215 ὲξηπλωμένην
2753 3145 3028 3214 ἁμαρτίαν
3069 3142 3394 3212 ἐργάζονται
3440 3142 3513 3204 ὡς
3570 3141 3629 3206 ἐξ
3671 3141 3863 3212 ἑτέρας

2297 3237 2556 3307 γυναικὸς
2598 3239 2677 3296 είς
2709 3237 2901 3303 ἑτέραν
2938 3234 3247 3310 ἀδιαφόρως
3281 3233 3723 3302 μεταδαίνοντες.

2369 3328 2613 3381 ΖΩΝΑΡ.
2651 3327 2759 3378 Καὶ
2785 3326 2842 3376 ιν
2869 3324 2947 3393 τῷ
2980 3325 3225 3393 τετάρτῳ
3255 3326 3440 3376 κανόνι
3469 3327 3496 3376 6
3520 3324 3675 3390 ἅγιος
3709 3315 3864 3386 οὗτος

2297 3422 2394 3487 τὴν
2421 3419 2721 3490 τριγαμίαν
2779 3415 3128 3482 πολυγαμίαν
3193 3415 3394 3484 ἔφησεν
3465 3415 3863 3484 ὀνομάζεσθαι,

2299 3516 2391 3568 καὶ
2437 3516 2509 3583 μὴ
2546 3513 2744 3579 γάμον,
2797 3508 2997 3578 μᾶλλον
3044 3507 3099 3559 δὲ
3133 3507 3392 3574 πορνείαν
3437 3505 3865 3574 κεκολασμένην⁵

2298 3606 2577 3660 κάνταῦθα
2607 3604 2869 3674 ρύπισμα
2905 3599 3002 3668 τῆς
3042 3598 3367 3666 Ἐκκλησίας
3414 3600 3664 3652 ἐκάλεσε.
3698 3598 3864 3663 Πλὴν,

2300 3698 2458 3768 φησὶ,
2501 3693 2756 3764 δημοσίᾳ,
2787 3691 2909 3744 ἀντὶ
2939 3689 3031 3740 τοῦ
3064 3689 3315 3759 φανερῶς
3341 3689 3435 3741 καὶ
3466 3689 3864 3749 ἀνυποστόλως,

2299 3793 2359 3846 οὐ
2397 3787 2836 3853 καταδικαζομεν
2877 3783 3078 3852 αὐτήν·
3137 3783 3280 3836 ὥστε
3339 3780 3436 3832 καὶ⁵
3491 3779 3729 3848 διασπᾷν
3810 3776 3869 3826 τὸ

2300 3882 2541 3936 τοιοῦτον
2561 3878 2919 3932 συνοικέσιον.
2947 3877 3020 3928 οὑ
3051 3875 3350 3929 διασπᾶται
3377 3871 3456 3934 δὲ,
3487 3871 3570 3923 ὅτι
3595 3869 3748 3937 παρά
3773 3871 3868 3933 την

2299 3974 2592 4042 ἀνειμένην
2618 3970 2898 4039 πορνείαν,
2921 3968 3021 4034 τὴν
3064 3965 3362 4018 ἀκόλαστον
3402 3961 3624 4030 δηλαδὴ,
3693 3959 3788 4011 καὶ
3814 3958 3870 4022 ἒξ

2302 4065 2496 4136 ἑτέρας
2531 4063 2792 4130 γυναικὸς
2816 4063 2895 4120 είς
2925 4059 3118 4126 ἑτέραν
3149 4053 3610 4123 μεταδαίνουσαν,
3639 4051 3867 4120 αἱρετω-

2300 4158 2434 4226 τὲρα
2471 4155 2640 4216 ἐστὶν,
2671 4152 2746 4213 ὡς
2784 4148 3012 4220 πορνεία
3058 4146 3178 4216 μὲν,
3217 4142 3596 4212 κεκολασμένη
3659 4141 3740 4204 δὲ,
3783 4136 3868 4192 οἶα

2307 4250 2403 4320 μιᾷ
2447 4246 2791 4317 ἀρκουμένου
2826 4241 2918 4294 τοῦ
2952 4238 3143 4307 ἀνδρὸς
3193 4235 3433 4303 γυναικί.
3508 4231 3750 4284 ’Δκούων
3814 4231 3869 4320 δε

2303 4342 2385 4394 ὅτι
2418 4335 2716 4408 τριγαμίας
2745 4337 2903 4401 νόμος
2931 4331 3031 4381 οὐκ
3063 4327 3232 4386 ἐστιν,
3291 4321 3752 4392 ἐκκλησιαστικὸν
3779 4319 3871 4370 καὶ

631 4417 762 4485 ιιοτο
810 4432 879 4485 sit
920 4445 1222 4492 contentus.
1249 4441 1414 4496 Porro
1443 4458 1563 4498 cum
1595 4446 1747 4500 audis
1801 4447 2060 4514 trigamite
2089 4465 2190 4503 non

2309 4427 2679 4497 πνευματικὸν
2713 4425 2822 4477 νόει
2855 4423 3040 4490 νόμον.
3090 4418 3221 4530 Ἀπὸ
3244 4417 3353 4530 γάρ
3372 4410 3709 4530 ἱξεαρᾶςὶτοῦ
3736 4412 3871 4530 uap-

631 4536 750 4574 esse
777 4521 1395 4591 legem,ecclesiasticam
1441 4534 1631 4602 legem,
1663 4553 1723 4590 ac
1753 4538 2085 4605 spiritualem
2115 4541 2197 4593 in-

635 4613 830 4681 te'lige.
874 4616 976 4669 Per
1027 4615 1299 4672 Novellam
1355 4624 1616 4691 siquidem
1643 4625 2124 4698 Porpltyrogenetze
2147 4642 2200 4686 et

632 4704 992 4770 Constantini,
1026 4712 1197 4764 tertiae
1229 4715 1446 4781 nuptiae,
1485 4731 1586 4770 non
1624 4718 1743 4770 sine
1771 4729 1894 4772 nota
1934 4731 2108 4774 tamen
2137 4736 2199 4777 ac

637 4798 836 4864 multis,
873 4802 1273 4866 permittuntur.

705 4890 929 4945 ARIST.
961 4892 1058 4956 Qui
1099 4895 1309 4949 tertium
1349 4897 1610 4950 contrahit
1665 4902 2061 4954 matrimonium
2121 4903 2200 4955 le-

635 4995 727 5048 ges
764 4985 1176 5052 transgreditur.
1211 4984 1330 5040 Haec
1359 4999 1559 5053 autem,
1593 4998 1647 5040 ut
1669 4989 1925 5045 Ecclcsiae
1951 4993 2200 5059 inquina-

637 5083 837 5136 menta,
865 5088 969 5126 non
1003 5087 1131 5130 sunt
1179 5079 1389 5144 publice
1425 5081 1776 5143 traducenda,
1836 5082 2198 5138 tolerabiliora

636 5163 887 5218 dissoluta
914 5165 1269 5221 fornicatione
1289 5170 1550 5236 judicata.

709 5255 816 5310 Lex
844 5257 1057 5325 quidem
1088 5259 1303 5328 politica
1341 5265 1523 5315 tertias
1583 5263 1794 5330 nuptias
1845 5265 2104 5333 agnoscit.
2139 5275 2191 5320 et

643 5343 777 5398 ﬁlios
801 5361 866 5400 ex
894 5349 971 5401 eis
997 5360 1273 5418 susceptos
1307 5365 1402 5419 pro
1423 5351 1674 5419 legitimis
1706 5353 1888 5414 habet,
1918 5365 1970 5406 et
1999 5354 2063 5407 ad
2093 5355 2202 5408 hae-

643 5435 920 5491 reditatem
965 5447 1138 5492 vocat;
1175 5443 1237 5493 At
1267 5456 1294 5493 a
1331 5441 1628 5496 canonibus
1661 5445 1832 5496 tertiae
1875 5446 2066 5513 nuptiae
2097 5461 2199 5499 non

647 5525 1025 5590 admittuntur,
1062 5529 1154 5581 sed
1185 5528 1317 5582 istas
1361 5539 1415 5582 ut
1456 5529 1702 5583 Ecclesia:
1740 5532 2200 5597 inquinamentum

648 5615 865 5668 habent.
897 5615 999 5670 Sed
1028 5619 1459 5686 quandoquidem
1509 5620 1730 5671 licenter
1773 5622 1824 5672 in
1857 5610 2205 5676 fornicatione

650 5703 850 5757 viventi
874 5706 986 5759 sive
1028 5707 1247 5760 dimissa
1279 5711 1384 5761 sint
1417 5711 1586 5772 magis
1621 5712 1947 5776 expeteudtc,
1982 5712 2211 5780 publicfs'

654 5794 868 5862 quidem
903 5796 1440 5852 condemnatiouibus
1477 5815 1579 5853 non
1615 5798 1901 5867 subjititur
1936 5818 1946 5852 :
1983 5803 2081 5853 hoc
2106 5812 2208 5867 est,

2308 4518 2709 4592 φυρογεννήτου
2736 4514 2828 4566 καὶ
2851 4508 3264 4566 Κωνσταντίνου
3293 4507 3504 4573 ἐφεῖται
3525 4503 3672 4597 καὶ-ό
3691 4501 3871 4597 τρίτος

2304 4615 2503 4683 γάμος,
2541 4609 2680 4682 μετά
2725 4609 2911 4676 μέντοι
2949 4600 3265 4665 διαστίξεων
3295 4600 3389 4652 καὶ
3416 4595 3732 4664 ἐπιτιμίων.

2376 4877 2595 4933 ΑΡΙΣΤ.
2638 4877 2697 4927 ’0
2723 4873 2991 4942 τρίγαμος
3039 4869 3273 4938 ἄνομος·
3326 4868 3480 4932 ὡςδὲ
3537 4871 3869 4940 ρυπασματα

2306 4974 2403 5041 τῆς
2447 4967 2769 5036 Ἐκκλησίας
2801 4966 2864 5016 τά
2890 4960 3119 5014 τοιαῦτα
3149 4961 3636 5029 παραὸλεπόμενα,
3656 4960 3868 5026 ἀστηλίο

2308 5083 2512 5128 τευτα,
2569 5061 2800 5131 κρείττω
2862 5059 2960 5126 τῆς
3024 5053 3321 5122 ἀνειμένης
3377 5053 3636 5121 πορνείας
3692 5053 3869 5120 κρινό.

2314 5177 2469 5229 μενα.

2391 5252 2450 5302 '0
2487 5247 2584 5317 μὲν
2613 5241 2888 5303 πολιτικὸς
2923 5241 3082 5307 νόμος
3144 5238 3244 5306 τὴν
3289 5234 3657 5304 τριτογαμίαν
3695 5233 3871 5299 ὲπιγιυ

2312 5341 2528 5401 νὼσκει,
2558 5337 2799 5395 καὶτοὺς
2835 5331 2893 5396 ἐξ
2929 5331 3100 5398 αὐτῆς
3146 5327 3443 5395 τεχθέντας
3501 5325 3696 5385 παῖδας
3723 5322 3868 5390 νομί-

2315 5449 2446 5502 μους
2485 5430 2621 5499 εχει,
2655 5427 2746 5479 καὶ
2790 5426 2870 5487 είς
2910 5419 3278 5491 κληρονομίαν
3315 5417 3488 5471 καλεῑ.
3533 5415 3657 5473 Τοῖς
3685 5414 3740 5466 δὲ
3773 5429 3874 5466 κα-

2312 5525 2458 5576 νόσιν
2486 5525 2514 5573 6
2545 5519 2723 5590 τρίτος
2751 5515 2925 5584 γάμος
2971 5513 3031 5564 οὐ
3064 5510 3452 5578 παραδέχεται,
3489 5505 3603 5557 ἀλλ’
3655 5503 3731 5566 ὡς
3785 5503 3873 5568 ῥύη

2314 5631 2508 5681 πασμα
2540 5609 2724 5662 τοῦτον
2755 5607 2851 5674 τῆς
2889 5601 3214 5666 Ἐκκλησίας
3262 5601 3493 5667 ἔχουσιν.
3519 5598 3644 5649 Ὅτι
3680 5595 3736 5647 δὲ
3777 5593 3872 5659 τῆς

2317 5703 2604 5772 ἀνειμένης
2664 5697 2939 5767 πορνείας,
2996 5697 3113 5762 ἢτοι
3139 5693 3234 5761 τῆς
3278 5691 3686 5758 ἐκλελυμένης,
3730 5685 3874 5737 ἐστὶν

2320 5795 2701 5868 αἱρετώτερος,
2729 5790 3012 5858 δημοσίαις
3045 5788 3141 5856 μὲν
3175 5784 3491 5843 καταδίκαις
3518 5781 3613 5835 oin
3641 5777 3874 5832 ὑποϐἀλο
