4096 6468
269 378 380 441 737
1231 368 1312 427 1N
1356 367 1595 429 EPIST.
1626 368 1688 428 S.
1730 367 2015 430 BASILll
2055 364 2494 427 CANONICAM
2534 365 2658 427 ΙΠ.
3415 371 3519 436 ’138

266 491 446 541 ).εται’
472 484 618 538 τοῦτ’
643 482 811 544 εστιν,
836 482 864 532 ό
884 481 1154 552 τρίγαμος
1183 482 1322 549 μετά
1345 479 1454 532 τῶν
1492 479 1853 549 προσκλαιόν·
1881 533 1883 541 ,

1906 480 2221 547 ttrigamus
2287 492 2408 531 cum
2467 473 2788 532 deﬂentibus
2853 491 2957 531 non
3031 478 3363 546 collocatur,
3424 498 3523 536 nec

268 595 384 630 των
420 577 481 630 οὐ
507 576 782 637 τάττεται,
812 573 905 626 καὶ
936 571 1332 642 θριαμϐεύεται
1375 571 1612 642 δημοσίᾳ
1646 572 1721 634 ὡς
1751 589 1846 624 καο

1954 567 2226 638 publicum
2267 567 2596 635 triumphum
2643 568 2752 638 agit
2785 576 2840 621 ut
2895 568 3309 625 condemnatus.
3359 570 3525 626 Aliter

269 669 538 736 τάκριτος
564 681 580 697 ·
610 663 783 725 ἄλλως
829 664 886 716 δὲ
927 663 1020 716 ἐπὶ
1074 664 1232 716 πέντε
1284 663 1462 716 ἐτεσιν
1502 663 1847 732 ἐπιτιμᾶται,

1956 672 2134 711 autem
2174 659 2226 710 in
2260 657 2685 726 quinquennium
2712 671 2898 725 positas
2921 658 3199 726 persolvnt,
3234 659 3286 711 in
3318 659 3525 715 duobus

272 761 333 814 ἐν
375 759 494 812 δυσὶ
526 756 708 826 μὲν,ἢ
761 761 854 808 καὶ
892 758 1063 826 τρισὶ,
1108 756 1204 824 τῆς
1261 756 1369 809 τῶν
1428 755 1588 809 θείων
1626 755 1852 826 Γραφῶν

1955 751 2172 819 quidem
2207 751 2285 802 vel
2319 749 2481 802 etiam
2533 749 2709 802 tribus
2766 748 3064 802 divinarum
3121 747 3523 819 Scripturarum

267 848 597 916 ἀκροάσεως
632 844 957 915 ἀξιούμενος
993 849 1049 899 ἐν
1084 848 1199 909 τοῖς
1255 845 1558 916 βασιλικοῖς
1607 845 1852 898 πυλῶσιν

1951 842 2146 910 dignus
2199 842 2474 895 auditione
2511 841 2748 906 habitus,
2799 841 2851 895 in
2907 842 3070 909 regiis
3103 841 3313 896 foribus
3345 850 3517 896 stans.

271 937 588 1006 ἱστάμενος·
625 936 682 988 ἐν
722 936 778 990 δέ
830 936 1038 1006 ἑτέροις
1094 935 1213 989 δυσὶ
1269 937 1408 1006 μετὰ
1471 935 1582 988 τῶν
1639 935 1845 988 πιστῶν

1951 932 2008 986 ln
2037 934 2161 988 aliis
2207 942 2386 987 autem
2420 933 2628 988 duobus
2661 948 2782 988 eum
2821 933 3063 988 tiaelibus
3101 934 3427 988 constitutus
3468 943 3523 987 et

270 1025 696 1094 συνιστάμενος,
731 1025 823 1078 καὶ
855 1025 1235 1093 συγκοινωνῶν
1278 1025 1461 1087 αὐτοῖς
1505 1023 1615 1077 τῶν
1650 1023 1844 1093 εὐχῶν,

1952 1039 2075 1078 cum
2109 1023 2175 1078 iis
2209 1023 2262 1077 in
2289 1024 2628 1078 orationibus
2674 1023 3103 1080 eommuuicans.
3143 1022 3208 1078 Et
3240 1026 3318 1080 sic
3347 1025 3399 1078 in
3432 1039 3524 1079 eo-

268 1117 372 1170 καὶ
399 1117 572 1179 οὕτως
605 1116 1115 1184 ἀποκαθιστάμενος
1145 1117 1227 1180 είς
1265 1117 1357 1169 τὸν
1399 1117 1564 1169 τόπον
1592 1115 1701 1169 τῶν
1734 1131 1845 1183 με-

1954 1130 2070 1167 rum
2099 1116 2190 1182 qui
2233 1115 2540 1168 divinorum
2577 1125 3040 1170 sacramentorum
3073 1124 3200 1170 sunt
3231 1115 3521 1185 participes

267 1205 730 1275 ταλαμσανόντων
767 1207 874 1260 τῶν
900 1207 1060 1261 θείων
1089 1206 1467 1276 ἀγιασμάτων.

862 1228 874 1260 ν
900 1207 1060 1261 θείων
1089 1206 1467 1276 ἀγιασμάτων.
1951 1204 2130 1259 locum
2157 1206 2479 1259 restituitur.

1403 1579 1636 1711 ΤΟ
1664 1583 1751 1708 Υ
1825 1578 2401 1710 ΑΥΤΟΥ

851 1843 1140 1928 ΠΡΟΣ
1213 1845 1439 1930 TON
1495 1845 1872 1933 ΑΥΤΟΝ
1945 1843 2515 1930 ΕΠΙΣΤΟΛΗ
2589 1844 2943 1927 ΤΡΙΤΗ.

1529 2203 1698 2323 EJ
1717 2199 2240 2327 USDEM

962 2470 1109 2559 AD
1165 2472 1675 2561 EUMDEM
1745 2471 2319 2560 EPISTOLA
2393 2473 2870 2562 TERTIA.

879 2815 1116 2868 KANDN
1148 2815 1270 2868 NA'.
1876 2823 1916 2874 ιι
2439 2817 2597 2886 109
2651 2817 2874 2875 CANON
2937 2819 3018 2875 LI.

265 2956 341 3009 Τδ
368 2953 515 3008 κατά
553 2951 848 3019 κληρικοὺς
874 2946 1188 3014 ἀδιορίστως
1219 2946 1268 2996 οἱ
1316 2946 1540 3006 κανόνες
1573 2944 1839 3008 ἐξέθεντο,

1945 2952 2095 3017 Quod
2129 2953 2193 3004 ad
2226 2953 2450 3009 clericos
2502 2955 2693 3006 attinet
2744 2970 2980 3012 canones
3011 2959 3285 3015 indeliuite
3335 2963 3513 3017 edidi-

337 3044 701 3102 κελεύσαντες
740 3040 869 3106 μίαν
898 3041 989 3088 ἐπὶ
1041 3040 1152 3097 τοῖς
1201 3035 1615 3106 παραπεσοῦσιν
1666 3036 1839 3105 ὁρίζε-

2017 3052 2162 3103 runt,
2193 3058 2355 3095 unum
2381 3043 2435 3095 in
2471 3044 2535 3096 iis
2570 3045 2658 3110 qui
2688 3045 2821 3112 lapsi
2856 3057 2983 3100 sunt
3037 3050 3358 3117 supplicium
3418 3053 3510 3106 de-

329 3139 458 3190 σθαι
488 3134 782 3202 τιμωρίαν.
815 3128 911 3197 τὴν
933 3128 1201 3179 ἔκπτωσιν
1233 3128 1332 3195 τῆς
1365 3128 1686 3195 ὑπηρεσίας,
1728 3129 1838 3179 εἴτε

2014 3133 2161 3184 cerni
2186 3133 2464 3203 jubentes,
2497 3151 2524 3186 a
2553 3135 2855 3190 ministerio
2903 3139 3112 3193 scilicet
3159 3143 3510 3207 amotioneui,

333 3232 393 3282 ἐν
418 3226 613 3298 βαθμῷ
671 3221 1008 3290 τυγχάνοιεν,
1084 3220 1196 3270 εἴτε
1267 3220 1362 3272 καὶ
1433 3221 1837 3288 ἀχειροτονήτῳ

2015 3220 2130 3271 sive
2184 3222 2291 3274 sint
2343 3223 2395 3274 in
2444 3223 2631 3290 gradu,
2689 3226 2802 3278 sive
2858 3227 3019 3279 etiam
3083 3230 3133 3281 in
3191 3233 3508 3292 tuinéSttrriu,

334 3317 614 3389 ὑπηρεσίᾳ
648 3311 1129 3386 προσκαρτεροῖεν.

2015 3309 2155 3371 quod
2216 3325 2319 3363 non
2381 3311 2646 3378 impositis
2700 3316 2951 3369 manibus
3011 3317 3202 3383 datur,
3264 3338 3511 3388 pessevr-

2016 3410 2153 3451 rent.

333 3497 531 3550 ΒΑΛΣ.
565 3495 652 3547 Ἑν
682 3494 759 3561 τῷ
789 3493 866 3558 λβ’
893 3494 1076 3544 κανόνι
1120 3491 1410 3559 διωρίσατο
1471 3493 1496 3542 ό
1547 3491 1699 3556 ἅγιος
1732 3493 1839 3543 ἀπὸ

2017 3487 2208 3541 BALS.
2248 3491 2301 3542 lu
2329 3505 2447 3544 can.
2481 3491 2550 3545 52
2573 3505 2793 3550 sanctus
2848 3497 3054 3551 deliuiit
3096 3514 3316 3569 pr0pter
3355 3520 3512 3559 onwe

263 3589 471 3649 παντὸς
501 3588 900 3655 ἁμαρτήματος
928 3585 1016 3638 διὰ
1058 3585 1226 3652 μόνης
1273 3584 1650 3652 καθαιρέσεως
1682 3586 1843 3636 κολά-

1944 3591 2216 3645 peccatum
2250 3580 2476 3634 clericos
2513 3599 2608 3648 per
2646 3585 2814 3637 solam
2862 3589 3248 3655 depositionen
3310 3598 3507 3661 puu‘ti.

263 3681 460 3746 ζεσοαι
494 3679 620 3740 τοὺς
653 3677 966 3746 κληρικούς.
1007 3674 1160 3727 Ἐπεὶ
1184 3675 1245 3741 δὴ
1274 3673 1456 3739 ἔλεγόν
1502 3690 1646 3734 τινες
1697 3673 1840 3725 ἐκεί-

1946 3668 2049 3720 Sed
2081 3672 2203 3735 quia
2240 3673 2481 3726 nonnulli
2518 3675 2772 3729 dixerunt
2807 3678 2925 3732 illos
2960 3684 3197 3748 reputari
3254 3685 3505 3750 clericus,

266 3783 390 3834 νους
423 3767 737 3836 λογίζεσθαι
763 3767 1058 3835 κληρικοῦς
1079 3765 1204 3825 τοὺς
1233 3765 1568 3833 χειροτονίαν
1596 3763 1837 3832 ἔχοντας,

1944 3759 2285 3827 quiordinati
2318 3776 2464 3827 sunt,
2521 3781 2623 3819 non
2655 3777 2834 3822 autem
2887 3786 2982 3825 eos
3043 3774 3132 3842 qui
3189 3792 3283 3843 per
3337 3778 3507 3831 solum

263 3861 322 3915 οῦ
345 3863 457 3930 μὴν
485 3861 609 3920 τοὺς
641 3858 728 3910 διὰ
769 3858 933 3926 μόνης
983 3855 1276 3923 σφραγῖδος
1335 3854 1708 3914 καταστάντας
1762 3856 1841 3914 είς

1943 3853 2315 3908 characterem
2354 3857 2630 3910 constituti
2667 3870 2786 3912 sunt
2836 3862 2888 3914 in
2923 3866 3186 3932 gradibus
3252 3869 3509 3924 ecclesia-

264 3950 512 4020 βαθμοὺς
538 3945 1022 4016 ἐκκλησιαστικοὺς
1052 3943 1291 4012 (τούτους
1316 3943 1423 4010 γὰρ
1447 3942 1636 4011 ἤθελον
1665 3942 1841 3994 πλειό-

1944 3941 2094 3995 sticis
2130 3942 2295 4012 (illos
2329 3947 2471 3999 enim
2523 3951 2696 4019 magis
2750 3954 2922 4019 puniri
2980 3956 3251 4026 volebant)
3307 3961 3509 4013 dellniit

267 4059 372 4104 νως
427 4038 796 4107 κολάζεσθαι),
829 4037 1118 4104 διωρίσατο
1149 4036 1176 4086 ὁ
1219 4035 1372 4099 ἆγιος
1397 4033 1484 4084 διὰ
1514 4032 1606 4085 τοῦ
1641 4033 1841 4101 παρόν-

1943 4039 2163 4084 sanctus
2193 4047 2288 4101 per
2319 4048 2636 4103 praesentem
2666 4054 2951 4107 canonem,
3012 4059 3199 4098 omnes
3258 4048 3508 4103 similiter

271 4150 355 4194 ro;
385 4131 613 4190 κανόνος
647 4129 856 4189 πάντας
889 4130 1014 4187 τοὺς
1045 4124 1343 4193 κληρικοὺς
1370 4121 1570 4190 ὁμοίως
1599 4122 1688 4174 διὰ
1741 4124 1837 4192 μό.
1866 4140 1888 4198 ί

1890 4139 1910 4197 ς
1944 4121 2170 4175 clericos
2195 4137 2292 4191 per
2334 4127 2503 4179 solam
2539 4128 2950 4196 depositiouem,
2987 4147 3083 4186 seu
3123 4133 3335 4203 lapsum
3368 4153 3395 4190 a
3422 4155 3507 4192 sa-

267 4240 362 4293 ιιης
393 4219 772 4288 καθαιρέσεως
802 4219 922 4287 ἤτοι
955 4216 1044 4267 διὰ
1078 4213 1409 4275 ἐκπτώσεως
1461 4213 1559 4281 τῆς
1603 4213 1839 4281 προσού-

1941 4229 2035 4267 cro
2062 4217 2203 4282 quod
2240 4214 2306 4268 ad
2343 4232 2434 4270 eos
2482 4220 2713 4286 pertinet
2764 4223 3085 4289 ministerio,
3141 4228 3338 4294 ptmiri,
3395 4230 3508 4282 sive

265 4333 364 4384 σης
418 4313 607 4372 αὐτοῖς
666 4310 815 4376 ἱερᾶς
869 4307 1148 4369 διακονίας
1230 4303 1576 4367 κολάζεσθαι,
1633 4304 1735 4356 κᾶν
1781 4321 1838 4356 τε

1943 4305 2053 4357 sint
2086 4307 2317 4358 ordinati
2351 4317 2408 4359 ut
2437 4311 2760 4378 presbyteri,
2780 4311 3011 4378 diaconi,
3040 4325 3093 4368 et
3125 4316 3503 4385 hypodiaconi,

266 4401 782 4473 κεχειροτονημένοι
807 4396 963 4460 ὦσιν,
995 4397 1066 4456 ὡς
1102 4398 1146 4447 ol
1175 4393 1556 4462 πρεσϐύτεροι,
1580 4395 1627 4445 οἱ
1659 4395 1838 4447 διάκο-

1941 4397 2055 4449 sive
2083 4413 2176 4465 per
2209 4397 2380 4451 solum
2427 4399 2793 4455 characterem
2825 4406 3193 4470 operationem
3253 4412 3505 4462 sacerdo-

267 4514 366 4560 νυι,
399 4493 499 4546 καὶ
529 4493 577 4544 οί
600 4491 968 4551 ὑποδιάκονοι,
1002 4488 1101 4540 κᾶν
1132 4503 1190 4538 τε
1220 4486 1306 4538 διὰ
1339 4486 1506 4554 μόνης
1543 4487 1839 4554 σφραγῖδος

1946 4487 2102 4540 talem
2161 4488 2415 4553 habeant,
2474 4498 2529 4541 ut
2581 4491 2828 4558 lectores,
2893 4507 3165 4560 cantores,
3227 4511 3500 4552 sacrorum

266 4583 558 4649 ἐνέργειαν
579 4578 774 4646 ἔχωσιν
809 4576 1112 4646 ίερατικὴν,
1141 4575 1216 4636 ὡς
1268 4575 1316 4625 οί
1353 4573 1717 4639 ἀναγνῶσται,
1747 4576 1840 4625 καὶ

1943 4592 2189 4630 vasorum
2223 4579 2496 4644 custodes,
2547 4591 2600 4634 et
2641 4582 2863 4636 similes.
2914 4584 2975 4637 Et
3010 4585 3125 4640 haec
3170 4589 3380 4655 quidem
3441 4592 3504 4641 de

269 4673 489 4740 ψάλται,
525 4671 572 4721 οί
608 4668 822 4735 θεωροὶ,
881 4667 973 4718 καὶ
1025 4667 1073 4717 οί
1129 4666 1327 4732 ὅμοιοι.
1379 4666 1486 4716 Καὶ
1521 4664 1692 4716 ταῦτα
1743 4664 1839 4731 μὲν

1943 4666 2154 4719 clericis
2187 4681 2285 4736 per
2317 4671 2734 4735 ordinationem,
2783 4673 2863 4725 vel
2903 4676 3270 4730 characterem
3315 4681 3365 4731 in
3419 4697 3504 4732 er-

269 4763 398 4828 περὶ
430 4757 710 4826 κληρικῶν
777 4757 860 4809 διὰ
900 4756 1259 4824 χειροτονίας,
1306 4753 1339 4820 ἢ
1398 4754 1483 4804 διὰ
1547 4754 1839 4820 σφραγῖδος

1945 4757 2260 4810 clesiasticis
2299 4759 2552 4826 gradibus
2591 4762 2891 4819 collocatis.
2951 4763 3004 4817 Si
3048 4768 3168 4834 quis
3214 4779 3390 4821 autem
3437 4773 3505 4823 ab

271 4845 727 4918 καταταχθέντων
755 4849 834 4907 είς
868 4846 1108 4914 βαθμοὺς
1131 4915 1146 4924 .
1165 4843 1668 4912 ἐκκλησιαστικοὺς.
1714 4843 1839 4894 Ἐὰν

1942 4848 2213 4914 episcopo,
2253 4850 2331 4901 vel
2368 4853 2684 4904 monasterii
2729 4854 2982 4919 praalecto
3015 4859 3182 4911 solam
3232 4871 3501 4914 totisuram

268 4945 322 4997 δέ
351 4959 436 5004 τις
470 4941 640 5009 μόνην
657 4939 793 5006 ἔχων
824 4936 1139 5005 ἐπικουρίδα
1198 4934 1305 4987 ἀπὸ
1339 4934 1636 4987 ἐπισκόπου
1671 4933 1706 4999 ἢ
1735 4933 1841 4985 ἀπὸ

1942 4938 2144 4990 habens
2179 4940 2230 4990 in
2260 4942 2464 4994 crimen
2500 4942 2769 5008 inciderit,
2811 4946 2926 4998 isne
2957 4948 3062 5000 alio
3112 4951 3270 5002 modo
3313 4953 3498 5017 punie-

269 5032 579 5100 ἡγουμένου
612 5027 828 5097 ἐμπέσῃ
852 5028 931 5088 είς
968 5026 1240 5094 ἔγκλημα,
1285 5025 1628 5094 ἀλλοτρόπως
1687 5020 1841 5086 οὗτος

1941 5028 2070 5081 tur?
2099 5026 2212 5081 Sol.
2238 5028 2302 5080 Et
2329 5031 2446 5083 talis
2473 5047 2686 5100 quoque
2709 5045 2793 5088 est
2818 5036 3064 5103 clericus,
3100 5051 3151 5090 et
3185 5045 3502 5095 condemna-

271 5117 754 5190 τιμωρηθήσεται;
806 5118 1015 5181 Λύσις.
1052 5117 1237 5179 Καὶ,ό
1280 5115 1516 5178 τοιοῦτος
1581 5117 1840 5185 κληρικός

1943 5121 2085 5173 hitur
2117 5131 2172 5172 ut
2203 5122 2395 5190 reliqui
2424 5124 2627 5178 clerici.
2691 5124 3068 5182 Prohibebitur
3099 5131 3239 5184 enim
3276 5136 3501 5200 quodvis

270 5217 412 5276 ἐστι,
466 5211 562 5265 καὶ
619 5208 1154 5276 καταδικασθήσεται
1214 5209 1288 5269 ὠς
1342 5209 1520 5262 λοιποὶ
1570 5210 1836 5280 κληρικοί.

1942 5226 2078 5280 Opus
2139 5230 2418 5279 exercere,
2481 5216 2783 5285 cujusmodi
2841 5232 3094 5274 exercent
3159 5225 3249 5290 qui
3303 5227 3501 5279 .‘iabent

271 5302 672 5370 Κωλυθήσεται
701 5299 807 5368 γὰρ
835 5300 1078 5367 ἐνεργεῖν
1106 5299 1697 5368 οίονδηποτοῦνοέργον,
1731 5295 1841 5351 οἷον

1945 5314 2219 5368 tonsuras;
2246 5308 2690 5373 quemadmodum
2723 5326 2826 5362 non
2873 5314 3198 5366 conscendet
3249 5317 3501 5376 tribunal,

273 5393 595 5465 ἐνεργοῦσιν
628 5392 678 5442 οἱ
716 5392 927 5459 ἔχοντες
965 5390 1332 5458 ἐπικουρίδας,
1365 5386 1473 5441 οἷον
1503 5392 1599 5442 οὐκ
1629 5391 1837 5460 εἰσέλθῃ
1873 5453 1890 5474 Ι

1885 5453 1912 5474 ἢ
1945 5410 2047 5447 non
2085 5395 2221 5464 leget
2250 5397 2300 5447 in
2338 5399 2581 5462 ambone,
2620 5401 2685 5452 ad
2717 5404 3106 5457 sacerdotalem
3143 5408 3365 5474 gradum
3401 5425 3502 5460 tum

273 5453 559 5554 gig'pzﬁpa,
587 5484 684 5534 οῦκ
716 5453 932 5549 αναγνῴ
963 5481 1047 5531 ἐπ’
1075 5453 1344 5548 ἇμθωνος,
1381 5482 1442 5530 οὐ
1468 5481 1730 5548 προκόῲει
1759 5453 1838 5543 εἰς
1873 5453 1890 5504 1

1888 5453 1913 5504 δ
1942 5485 2362 5549 promuvebitur.
2417 5485 2578 5539 Miror
2609 5498 2808 5552 autem,
2841 5494 3108 5557 quomodo
3141 5495 3379 5547 nonnulli
3416 5501 3505 5550 de-

275 5576 515 5648 βαθμίδα
549 5571 847 5642 ίερατικήν.
889 5571 1166 5637 Θαυμάζω
1194 5570 1248 5622 δὲ
1283 5571 1429 5630 ὅπως
1458 5570 1602 5629 τινὲς
1637 5570 1832 5621 καθαι-

1944 5573 2100 5641 positi
2133 5575 2500 5629 chartularata
2537 5577 2898 5632 ecclesiastica
2927 5593 3202 5646 exercent,
3241 5601 3358 5651 (ιιιίυ
3388 5591 3507 5652 ιιιιὲ-

277 5667 528 5739 ρεθέντες
584 5661 865 5731 ἐνεργοῦσι
921 5661 1336 5730 χαρτουλαράτα
1382 5660 1833 5729 ἐκκλησιαστικά,

1946 5664 2063 5715 dem
2101 5664 2202 5716 soli
2256 5667 2455 5719 sacrati
2505 5679 2776 5722 exercent.
2839 5669 3100 5726 Similiter
3148 5677 3348 5739 miror,
3383 5695 3507 5743 quu-

275 5760 434 5813 ἆτινα
463 5754 745 5826 ἐνεργοῦσι
791 5754 938 5805 μόνοι
997 5749 1306 5820 ἱερωμένοι.
1376 5749 1651 5813 Ὡσαύτως
1708 5752 1836 5805 θαυ-

1949 5754 2104 5808 modo
2158 5755 2247 5823 qui
2303 5757 2444 5811 solas
2503 5760 2700 5813 habent
2769 5773 3056 5829 tonsuras,
3116 5777 3164 5818 et
3223 5784 3507 5835 peccantes
