4096 6462
197 321 294 391 741

1174 325 1256 384 IN
1286 324 1608 386 EPIST.S;
1639 326 1925 386 BASILII
1961 328 2400 391 CANONICMI
2453 334 2573 394 [ΙΙ.

3355 330 3462 405 742

194 439 292 490 καὶ
317 436 679 508 ἁμελησάσης
707 435 799 490 τοῦ
841 439 1122 507 κυήματος
1146 452 1158 465 ⁶
1194 436 1289 490 νῦν
1326 438 1383 488 δὲ
1443 437 1761 507 πλατύτερο·

1890 452 2063 491 ιοιιιιξιιι
2097 441 2266 496 fusius
2297 445 2539 496 «lecernit
2573 443 2640 498 de
2687 446 2966 512 speciebus
3017 445 3372 515 negligentiae,
3403 460 3457 501 et

198 526 549 590 διατάττεται
576 531 644 581 τὰ
672 528 790 595 είδη
820 529 920 597 τῆς
936 527 1226 598 ἀμελείας.
1266 531 1356 580 καί
1415 546 1548 596 φησι
1587 532 1688 598 ὅτι,
1737 534 1782 579 εἰ

200 619 302 687 μὲν
329 621 393 672 ὲκ
435 619 694 689 πορνείας
743 619 776 690 ἦ
812 595 1059 690 μοιχείας
1107 619 1447 674 συλλαϐοῦσα
1480 595 1712 689 κρύφα,
1751 622 1780 687 ἦ

197 711 451 778 κυήσασα
490 711 584 763 καὶ
608 711 918 779 φοϐουμένη
956 712 1047 763 τὸν
1074 711 1315 779 ἔλεγχον,
1360 710 1658 762 ἐσπούδασε
1688 710 1777 762 διὰ

193 802 292 854 τοῦ
317 802 639 871 φονευθῆναι
676 803 736 854 τὺ
786 803 1043 872 γεννηθὲν
1074 804 1417 872 συγκαλύψαι
1462 803 1560 871 τὴν
1604 804 1776 874 ἁμαρ-

192 893 340 956 τίαν,
361 893 500 963 ﬂata!
522 893 824 963 θηριωδῶς,
841 895 1009 964 ῆγουν
1033 895 1485 964 ἀπανθρωπίνως.
1511 896 1781 965 ἐχρήσατο

189 984 272 1054 τῷ
300 985 569 1056 τεχθέντι,
594 985 840 1038 τουτέστι
885 987 1026 1039 κατὰ
1068 985 1242 1054 θῆρας
1266 987 1653 1048 κατεσθίοντας
1683 988 1779 1048 τὰς

190 1077 549 1149 ἀνθρωπίνας
579 1081 808 1146 σάρκας.
861 1081 956 1132 καὶ
1021 1080 1094 1148 μὴ
1159 1079 1516 1150 φειδομένους
1571 1082 1774 1139 αὐτῶν.

188 1170 294 1221 οὐκ
317 1170 521 1239 ἠλέησε
543 1161 723 1231 τοῦτο,
761 1170 966 1236 ὀφείλει
997 1170 1179 1224 δοῦναι
1223 1170 1419 1238 λόγους
1452 1173 1684 1240 φονέως.
1717 1174 1773 1226 El

187 1258 242 1311 δὲ
275 1258 437 1329 ἤθελε
466 1260 566 1327 μὲν
593 1263 904 1328 περισῶσαι
940 1263 1003 1313 τὺ
1039 1261 1258 1331 βρέφος,
1293 1264 1393 1315 οὐκ
1429 1263 1662 1334 ἐδυνήθη
1719 1266 1775 1316 δὲ

188 1351 279 1404 διὰ
312 1352 554 1422 ἐρημίαν
587 1354 681 1404 καὶ
709 1354 944 1422 ἀπορίαν
979 1355 1088 1406 τῶν
1110 1357 1447 1421 ἀναγκαίων,
1477 1355 1775 1408 κάντεῦθεν

189 1443 408 1513 ἐφθάρη
445 1443 625 1507 τοῦτο,
658 1445 990 1514 συγγνώμης
1034 1446 1420 1515 ἀξιωθήσεται.
1507 1447 1662 1501 Ἐπεὶ
1716 1449 1770 1501 δὲ

187 1533 249 1586 ἑν
273 1533 354 1603 τῷ
383 1534 464 1601 λγ*
505 1534 692 1587 κανόνι
722 1536 948 1605 είπομεν
973 1537 1045 1598 ὡς
1084 1538 1116 1604 ή
1147 1540 1454 1606 γεννήσασα
1489 1538 1611 1592 καθ’
1636 1540 1770 1604 ὁδὸν,

189 1624 285 1676 καὶ
318 1623 561 1692 ἀμελῶς,
593 1625 626 1696 ἢ
659 1627 753 1678 καὶ
775 1625 1005 1696 δολερῶς
1031 1628 1121 1678 ἐπὶ
1145 1627 1224 1695 τῷ
1254 1627 1568 1698 γεννηθέντι
1595 1629 1771 1681 διατε-

188 1714 365 1780 θείσα,
389 1715 465 1780 ὡς
483 1718 790 1785 φονεύσασα
813 1719 1096 1789 κρίνεται,Ι
1115 1719 1178 1772 ού
1210 1703 1480 1788 μόνονέάν
1505 1720 1768 1792 διεφθάρη

184 1809 246 1862 τὸ
273 1810 503 1877 κυηθὲν,
540 1812 676 1865 ἀλλὰ
700 1816 794 1865 καὶ
857 1813 953 1864 ἐὰν
993 1813 1082 1878 ὑφ’
1132 1814 1319 1882 ἐτέρου
1379 1811 1727 1884 ὲζωογονήθη
1751 1833 1764 1846 ο

185 1899 424 1968 λέγομεν
447 1903 608 1956 πάλιν
653 1904 734 1957 ὄτι
763 1906 859 1957 καὶ
891 1905 950 1970 ἐξ
984 1900 1056 1956 ὦν
1095 1905 1192 1973 μὲν
1223 1906 1403 1957 ἐκεῖσε
1447 1906 1768 1975 ἐγράψαμεν

185 1993 526 2062 παρίσταται
554 1993 734 2056 τοῦτο,
781 1999 880 2065 οὐχ
912 1991 1075 2066 ἦττον
1107 1997 1164 2049 δὲ
1211 1998 1305 2049 καὶ
1335 1998 1442 2049 ἀπὸ
1472 1997 1565 2049 τοῦ
1624 2016 1768 2067 παρ-

182 2088 338 2146 όντος
368 2086 595 2148 κανόνος
651 2087 1032 2154 ἀναφαίνεται.
1084 2087 1252 2140 Ἔνθα
1297 2088 1396 2156 μὲν
1445 2089 1556 2159 γὰρ
1599 2107 1767 2143 κατα-

185 2180 452 2249 φρόνησιν
481 2179 516 2248 ῆ
545 2179 698 2232 δόλον
723 2180 932 2248 είσὰγει
963 2183 990 2234 ό
1028 2181 1183 2248 ἅγιος
1225 2181 1323 2250 τῆς
1368 2183 1647 2247 γυναικὸς,
1702 2184 1761 2234 ού

180 2269 511 2340 προστίθησι
528 2269 823 2342 διαφθορὰν
847 2273 940 2325 τοῦ
957 2271 1324 2341 γεννηθέντος,
1343 2272 1478 2325 ἀλλά
1492 2291 1658 2342 φησιν
1684 2276 1762 2338 ὼς

185 2363 281 2414 ἐπὶ
317 2363 465 2431 φόνῳ
492 2362 773 2434 κρίνεσθαι
805 2363 906 2432 τὴν
955 2365 1189 2434 μητέρα,
1222 2366 1494 2429 τουτέστι,
1555 2366 1659 2419 κᾶν
1688 2368 1760 2436 μὴ

180 2453 422 2523 φονευθῇ
453 2453 514 2505 τδ
547 2455 774 2522 κυηθὲν,
819 2454 1252 2518 κατακρίνεσθαι
1286 2455 1495 2526 ταύτην
1544 2458 1632 2509 διὰ
1664 2457 1760 2526 τὴν

181 2544 364 2613 κακὴν
399 2543 639 2597 διάθεσιν
660 2559 676 2575 ο
710 2545 1064 2614 φονευθέντος
1095 2545 1204 2616 γὰρ
1253 2545 1346 2599 τοῦ
1384 2547 1599 2600 παιδίου
1620 2547 1760 2600 κατὰ

177 2631 386 2701 δόλονῆ
419 2632 693 2702 ρᾳθυμίαν
722 2633 960 2702 ἐκείνης,
994 2633 1223 2702 ἀμάχως
1263 2632 1495 2700 ὠφειλεν
1546 2635 1621 2694 ὡς
1666 2652 1762 2702 φο-

177 2723 407 2792 νεύτρια
458 2722 938 2786 καταδικάζεσθαι.
975 2723 1147 2774 Ὅταν
1196 2722 1251 2774 δὲ
1307 2722 1434 2776 οὔτε
1499 2726 1760 2792 ἀμέλειαν

176 2813 305 2868 οὗτε
332 2814 483 2866 δόλον
519 2813 788 2884 προϐῆναι
818 2815 917 2883 τῆς
975 2815 1208 2884 μητέρος
1248 2816 1402 2884 φησὶ,
1464 2815 1759 2869 κάντεῦθεν

175 2906 382 2974 ταύτην
408 2905 900 2973 συγγινώσκεσθαι,
923 2908 1016 2959 καὶ
1038 2907 1362 2974 προστίθησι
1388 2906 1756 2977 διαφθαρῆναι

174 2996 535 3067 τιὸ-γεννηθὲν
583 2998 693 3050 ἀπὸ
734 2998 994 3067 ἐρημίας,
1048 2998 1079 3068 ἢ
1137 2998 1382 3067 ἀπορίας
1427 2997 1536 3049 τῶν
1584 3001 1750 3060 ἀναγ.

1891 533 2040 592 dicit,
2074 535 2216 598 quod
2269 535 2310 586 si
2352 551 2472 603 qum
2527 550 2591 588 ex
2662 534 3022 602 fornicatione
3083 539 3324 606 quidem,
3379 544 3456 596 vel

1887 622 2150 676 adulterio
2178 623 2314 676 clam
2346 627 2427 678 vel
2468 629 2736 692 concepit,
2771 627 2849 681 vel
2885 630 3110 693 peperit,
3157 641 3210 683 et
3256 631 3458 685 timens

1889 728 1952 764 nc
1979 716 2418 779 convinceretur.
2457 721 2644 771 statuit
2698 721 2792 786 per
2825 722 2932 772 nati
2987 719 3130 774 fetus
3179 722 3452 777 interitum

1885 802 2062 855 celare
2086 817 2384 871 peccatum,
2421 808 2501 861 vel
2534 809 2696 862 etiam
2728 811 2980 870 belluiue.
3010 827 3103 865 seu
3163 812 3453 867 inhumane

1883 896 1934 947 in
1979 895 2148 950 fetum
2180 913 2237 952 se
2258 900 2448 966 gessit,
2479 900 2582 954 hoc
2606 912 2691 956 est
2718 905 2887 954 instar
2915 901 3149 955 ferarum
3176 919 3296 970 quae
3333 919 3453 957 car-

1884 1003 1976 1042 nes
2016 989 2282 1044 humanas
2313 992 2601 1054 devorant,
2652 1004 2704 1045 et
2752 994 2832 1045 eis
2888 1010 2988 1045 non
3047 1003 3290 1059 parcunt,
3336 994 3452 1058 ejus

1883 1094 1986 1132 non
2023 1081 2248 1135 miserta
2281 1091 2382 1145 est,
2421 1084 2580 1135 debet
2612 1084 2790 1136 instar
2817 1085 3096 1137 homicida:
3126 1086 3319 1152 puniri.
3354 1084 3446 1136 Sin

1880 1180 2057 1222 autem
2090 1171 2304 1225 volebat
2349 1174 2564 1237 qui-lem
2625 1175 2884 1227 infantem
2945 1190 3184 1236 servare,
3220 1177 3309 1229 sed
3344 1192 3444 1226 non

1880 1264 2051 1329 potuit
2090 1275 2307 1332 propter
2342 1265 2685 1319 solitudinem
2715 1277 2767 1320 et
2796 1283 2973 1318 rerum
3018 1267 3441 1320 necessariarum

1881 1355 2138 1422 inopiam,
2170 1366 2227 1407 et
2263 1370 2329 1408 eo
2355 1355 2555 1411 factum
2587 1370 2671 1410 est
2698 1370 2752 1410 ιιι
2803 1357 3067 1417 interiret,
3129 1358 3288 1422 digna
3347 1360 3442 1409 erit

1877 1448 1962 1500 cui
2003 1449 2333 1516 ignoscatur.
2393 1448 2498 1503 Sed
2537 1451 2659 1516 quia
2692 1451 2742 1502 in
2778 1465 2895 1504 can.
2923 1449 2991 1501 53
3020 1447 3272 1511 diximus,
3303 1452 3444 1516 quod

1876 1553 1996 1606 quae
2034 1541 2085 1590 in
2115 1541 2198 1592 via
2240 1542 2468 1608 peperit.
2505 1551 2558 1595 et
2604 1543 2954 1611 negligenter,
2984 1541 3065 1593 vel
3101 1543 3262 1594 etiam
3294 1541 3439 1592 fran-

1876 1630 2123 1684 dulenter
2158 1630 2209 1684 in
2243 1632 2292 1685 id
2318 1634 2463 1701 quod
2517 1643 2700 1686 uatum
2747 1644 2849 1695 est,
2900 1632 3089 1686 affecta
3117 1643 3220 1692 est,
3259 1643 3313 1684 ιιι
3347 1632 3440 1684 ho-

1876 1720 2069 1774 micida
2094 1720 2386 1786 iudicatur,
2421 1739 2526 1776 non
2559 1724 2732 1776 solum
2767 1724 2811 1777 si
2855 1723 3222 1790 itttct'iitqttod
3255 1733 3436 1774 natum

1876 1823 1979 1875 cst,
2029 1814 2122 1867 sed
2178 1815 2339 1868 etiam
2382 1815 2423 1866 si
2484 1815 2552 1866 ah
2588 1815 2694 1866 alio
2739 1814 3023 1867 educatum
3077 1817 3166 1867 sit.
3233 1813 3442 1863 Rursus

1872 1919 2087 1972 quoque
2122 1907 2370 1968 dicimus,
2410 1908 2550 1972 quod
2585 1908 2748 1959 etiam
2775 1923 2838 1958 ex
2892 1907 2960 1957 iis
3006 1919 3123 1972 qua:
3165 1905 3268 1957 illic
3304 1903 3434 1955 scri-

1871 1996 2075 2062 psimus
2107 1996 2208 2048 hoc
2239 1997 2497 2064 probatur
2531 2015 2543 2048 :
2591 2013 2692 2049 non
2719 1999 2894 2048 minus
2921 2006 3099 2049 autem
3127 2005 3180 2048 et
3211 2010 3270 2047 ex
3307 2006 3437 2060 prat-

1869 2089 2006 2143 senti
2037 2102 2246 2141 canone
2291 2099 2531 2152 apparet.
2589 2087 2696 2139 Illic
2739 2089 2879 2141 enim
2931 2097 3151 2140 sanctus
3204 2085 3441 2138 mulieris

1875 2188 2266 2246 contemptum,
2296 2179 2378 2232 vel
2408 2178 2648 2231 fraudem
2675 2179 2879 2231 inducit
2915 2195 2926 2228 :
2962 2191 3063 2229 non
3088 2175 3236 2228 addit
3256 2184 3434 2226 autem

1872 2273 2011 2328 fetus
2064 2272 2360 2325 interitum.
2423 2270 2529 2324 Sed
2583 2270 2714 2323 dicit
2760 2279 3015 2336 tanquam
3088 2268 3158 2320 ob
3214 2267 3439 2320 homici-

1867 2366 2016 2418 dium
2045 2376 2270 2417 matrem
2319 2362 2696 2425 condemnari,
2730 2363 2831 2415 hoc
2865 2371 2948 2415 est
2995 2361 3155 2414 etiam
3211 2360 3253 2411 si
3297 2357 3437 2411 fctus

1867 2468 1972 2506 non
2003 2451 2164 2505 fuerit
2195 2451 2538 2511 interfectus,
2587 2451 2936 2505 condemnari
2985 2459 3162 2501 autem
3217 2456 3436 2513 propter

1867 2545 2063 2596 malam
2121 2543 2484 2598 affectionem.
2544 2542 2754 2596 Infante
2795 2541 2934 2594 enim
3001 2540 3139 2592 illius
3184 2538 3303 2590 dolo
3353 2536 3432 2588 vel

1863 2633 2111 2687 socordia
2138 2631 2436 2694 interfecto,
2470 2633 2696 2685 debebat
2721 2634 2836 2685 sine
2866 2629 3227 2692 controversia
3261 2639 3313 2677 nt
3341 2627 3434 2679 ho-

1863 2724 2061 2776 micida
2095 2724 2291 2790 puniri.
2327 2722 2552 2788 Quando
2587 2732 2764 2775 autem
2793 2735 2891 2774 nec
2923 2735 3017 2788 per
3049 2716 3429 2787 negligentiam

1864 2830 1964 2868 nec
1998 2829 2093 2883 per
2124 2814 2303 2867 dolum
2345 2814 2536 2867 matris
2570 2814 2620 2866 id
2653 2813 2913 2874 evenerit,
2945 2812 3071 2866 dicit
3108 2811 3180 2862 illi
3215 2823 3430 2877 quoque

1864 2907 2068 2972 ignosci
2101 2915 2378 2976 oportere,
2418 2915 2469 2958 et
2505 2905 2692 2972 adjicit
2723 2905 2887 2956 fetum
2927 2903 3147 2955 interire
3178 2916 3206 2952 a
3243 2901 3433 2953 solitu-

1862 2997 2007 3060 dine,
2035 3003 2090 3049 et
2134 3010 2162 3047 a
2207 3010 2388 3049 rerum
2443 2995 2870 3047 necessariarum
2924 2991 3125 3060 inopia.
3184 2989 3239 3042 Si
3287 2990 3428 3041 enim

174 3093 376 3145 καίων.
407 3091 472 3143 Et
496 3090 605 3161 γὰρ
644 3091 764 3160 ἔζη,
796 3091 891 3142 καὶ
931 3089 1051 3142 οὐδὲ
1116 3088 1343 3157 ἀμέλεια
1403 3090 1606 3161 προέόη
1661 3091 1758 3158 τῆς

1869 3087 2129 3150 vixisset,
2166 3100 2266 3140 nec
2314 3086 2505 3137 matris
2537 3085 2858 3152 negligentia
2891 3081 3249 3151 processisset
3302 3095 3431 3149 quo-

178 3181 446 3251 μητέρος,
483 3182 599 3244 πῶς
623 3181 689 3234 ἄν
735 3198 822 3243 τις
849 3183 979 3251 εἴπῃ
1040 3181 1246 3250 ταύτην
1293 3181 1650 3246 εύθύνεσθαις
1686 3181 1760 3235 Τὸ

176 3273 235 3327 δὲ
273 3272 554 3342 θηριωδῶς
587 3272 899 3339 διατεθῆναι
932 3271 1031 3340 τὴν
1067 3272 1306 3341 μητέρα,
1336 3272 1568 3324 ὲκλαϐοῦ
1617 3274 1758 3326 κατὰ

175 3366 279 3432 τὴν
307 3364 592 3430 παροῦσαν
628 3361 950 3431 ἑρμηνείαν,
983 3359 1081 3415 καὶ
1117 3360 1214 3430 μὴ,
1254 3359 1330 3422 ὥς
1389 3379 1532 3424 τινες
1585 3358 1756 3428 εἷπον,

175 3457 321 3509 κατὰ
349 3456 448 3525 τὴν
475 3455 854 3524 μητροκομίαν
875 3453 987 3504 τῶν
1022 3453 1249 3522 θηρίων.
1274 3454 1338 3506 Oi
1372 3453 1482 3522 γὰρ
1524 3454 1748 3515 πλείους

172 3550 281 3601 τῶν
310 3547 519 3618 θηρίων
537 3547 665 3608 τοὺς
708 3545 988 3613 σκύμνους
1036 3543 1215 3596 αὐτῶν
1252 3545 1532 3612 ἐπιμελῶς
1575 3545 1759 3615 περιέ·-

174 3656 365 3704 πουσι,
393 3639 489 3691 καὶ
519 3639 806 3706 τρέφουσι,
850 3637 944 3689 καὶ
997 3635 1178 3688 αὐτῶν
1242 3635 1754 3704 προκινδυνεύουσι,

173 3730 271 3783 καὶ⁵
298 3730 360 3782 οῦ
396 3728 500 3799 χρὴ
527 3727 737 3790 τούτοις
768 3726 1267 3797 παραλληλίζεσθαι
1287 3731 1386 3790 τὰς
1415 3728 1639 3795 δολερᾶς
1663 3731 1759 3781 καὶ

175 3821 463 3891 ῥᾳθύμους
492 3820 757 3890 μητέρας.
796 3819 1004 3872 Λύτίκα
1044 3820 1077 3888 ή
1109 3819 1297 3871 λέαινα
1348 3818 1606 3872 τοσοῦτον
1656 3819 1756 3888 κή-

169 3912 326 3964 δεται
356 3911 466 3962 τῶν
492 3909 750 3979 σκύμνων
779 3910 972 3978 αὐτῆς,
1000 3909 1096 3974 ὡς,
1140 3907 1234 3960 τοῦ
1268 3908 1479 3976 φωλεοῦ
1539 3908 1757 3972 ἐξιοῦσα

170 4006 239 4055 τὰ
275 4005 401 4072 ῐχνη
439 4003 546 4055 τῶν
573 4002 752 4053 ποδῶν
795 4004 966 4068 αὐτῆς
1012 4001 1101 4054 διὰ
1125 4001 1220 4053 τοῦ
1279 4002 1500 4070 οὐραίου
1561 4001 1757 4070 συγχέ-

169 4113 334 4156 ουσα,
367 4095 426 4144 οῦ
460 4096 785 4161 παραχωρεῖ
822 4092 1232 4160 ὲξιχνιασθῆναι
1294 4091 1385 4143 τόν
1426 4091 1632 4158 φωλεὸν
1663 4092 1755 4142 αύ-

169 4187 272 4254 τῆς
306 4186 413 4236 ὑπο
443 4182 732 4252 θηρευτοῦ,
774 4185 869 4236 καὶ
899 4183 1260 4251 ἀναιρεθῆναι
1292 4181 1358 4234 τὰ
1390 4183 1612 4249 ἔγγονα.

246 4276 497 4330 ΖΩΝΑΡ.
541 4277 673 4343 Περὶ
704 4277 801 4343 τῆς
839 4277 896 4327 έν
922 4267 1026 4343 ὁδῷ
1078 4276 1348 4344 τ’κούσης
1398 4278 1490 4326 καὶ
1552 4273 1757 4343 ἀμελη-

1867 3179 2025 3230 modo
2061 3179 2183 3247 quis
2213 3194 2330 3232 eam
2385 3177 2775 3230 criminandam
2821 3189 2942 3228 esse
2994 3171 3248 3225 diceret?
3299 3169 3428 3223 Illud

1862 3279 2066 3333 autem,
2124 3282 2352 3323 matrem
2408 3269 2640 3323 lielluine
2693 3267 2863 3327 allici,
2900 3267 3082 3332 accipe
3130 3265 3426 3317 secundum

1862 3371 2180 3423 prmsentem
2227 3359 2752 3428 interpretationem,
2801 3368 2854 3412 et
2908 3371 3010 3408 non
3071 3365 3129 3406 ιιι
3179 3355 3428 3407 dicebant

1859 3450 2050 3518 aliqui,
2085 3453 2380 3505 secundum
2429 3452 2660 3503 ferarum
2695 3459 2994 3502 maternam
3028 3446 3424 3500 educationem.

1860 3542 2147 3596 Permulta!
2178 3546 2319 3596 enim
2354 3543 2480 3596 fera:
2515 3542 2685 3610 pullos
2737 3556 2862 3592 suos
2893 3539 3179 3607 diligenter
3235 3547 3429 3589 curant

1861 3643 1914 3688 et
1943 3635 2197 3694 educant,
2227 3644 2282 3688 et
2314 3649 2410 3703 pro
2442 3635 2520 3687 eis
2555 3633 2797 3702 pericula
2840 3633 3096 3691 subeunt,
3150 3644 3246 3682 nec
3301 3640 3430 3680 sunt

1858 3724 1940 3777 eis
1985 3724 2324 3779 conferendas
2380 3724 2579 3778 dolosa:
2629 3735 2685 3777 et
2735 3721 2990 3777 socordes
3040 3730 3260 3773 matres.
3307 3715 3426 3772 1am

1859 3813 2002 3867 enim
2037 3814 2201 3867 Ieagna
2239 3824 2437 3867 tantam
2464 3830 2688 3869 suorum
2713 3815 3016 3868 catulorum
3052 3827 3237 3867 curam
3263 3814 3424 3880 gerit,

1861 3916 1918 3958 ut
1944 3916 2103 3960 antro
2131 3907 2435 3973 egrediens.
2461 3918 2512 3959 et
2542 3909 2732 3975 pedum
2766 3920 2984 3959 suorum
3012 3904 3229 3969 vestigia
3254 3906 3424 3955 cauda

1857 3998 2217 4058 confundens,
2249 4013 2353 4050 non
2389 3998 2530 4050 sinat
2574 4009 2788 4048 antrum
2821 4010 2976 4048 suum
3033 3994 3344 4060 investigari
3395 4010 3428 4043 τι

1858 4097 2136 4150 venatore.
2171 4099 2223 4141 et
2256 4088 2393 4140 fetus
2423 4103 2548 4141 suos
2580 4088 2836 4140 interimi.

1916 4264 2182 4320 .ZONAR.
2221 4264 2293 4318 De
2323 4263 2573 4325 muliere,
2603 4277 2720 4330 quze
2749 4262 2800 4312 in
2839 4261 2920 4310 via
2962 4259 3189 4327 peperit,
3228 4257 3423 4311 fetum-

175 4369 352 4436 σάσης
385 4365 477 4418 τοῦ
501 4365 800 4433 κυηθέντος
829 4364 922 4417 καὶ
959 4367 1018 4417 ὲν
1038 4364 1117 4432 λγ⁹
1180 4368 1366 4416 κανόνι
1421 4363 1704 4427 διετάξατο
1727 4365 1754 4414 ὁ

1866 4374 1964 4429 que
1991 4358 2243 4424 neglexit,
2279 4356 2552 4410 tricesimo
2603 4353 2760 4407 tertio
2809 4365 3022 4420 quoque
3080 4365 3284 4403 canone
3329 4353 3426 4401 de-

169 4462 353 4530 ἅγιος.
399 4456 510 4511 Νῦν
540 4457 596 4511 δὲ
628 4460 965 4527 σαφέστερον
1008 4456 1359 4510 διατάττεται
1395 4457 1619 4525 φάσκων
1647 4457 1750 4514 ὅτι,

168 4553 223 4603 ει
255 4551 360 4617 μιν
408 4549 681 4618 δυναμένη
733 4548 1041 4616 περισῶσαι
1074 4549 1136 4599 τὸ
1162 4547 1444 4617 γεννηθὲν,
1479 4547 1753 4615 ἠμέλησεν

171 4639 346 4695 αὐτοῦ
379 4641 468 4692 διὰ
504 4639 850 4708 συγκαλύψαι
879 4641 978 4710 τὴν
1024 4640 1321 4708 ἁμαρτίαν,
1392 4640 1456 4690 lx
1495 4638 1754 4708 πορνείας

169 4730 397 4799 ίσιυς,ἢ
441 4732 688 4798 μοιχείας
722 4729 1084 4790 συλλαϐοῦσα,
1135 4725 1170 4798 ἧ
1218 4731 1313 4781 καὶ
1365 4728 1752 4796 ἀπανθρώπως

170 4824 644 4891 καταφρονήσασα
676 4821 770 4874 τοῦ
795 4821 1079 4891 τεχθέντος
1131 4822 1224 4873 καὶ
1250 4820 1530 4890 θηριωδῶς
1549 4835 1566 4850 ο
1591 4819 1754 4888 ἐχρή-

172 4933 310 4969 σατο
335 4914 392 4966 δὲ
414 4916 480 4982 τῇ
509 4913 652 4977 λέξει
685 4914 807 4966 ἀντὶ
835 4912 927 4964 τοῦ
956 4911 1120 4980 ὠμῶς
1142 4913 1236 4962 καὶ
1271 4911 1516 4979 ἀπηνῶς.
1547 4911 1620 4963 Οὐ
1645 4913 1752 4976 γὰρ

169 5009 318 5062 οὕτω
359 5008 428 5060 τὰ
466 5005 629 5075 θηρία
660 5002 932 5067 ποιοῦσιν,
967 5004 1103 5054 ἀλλὰ
1136 5002 1389 5054 τίκτοντα
1441 5002 1570 5068 περὶ
1623 5001 1752 5060 τοὺς

173 5100 460 5169 σκύμνους
533 5098 808 5166 ἐπιμελῶς
869 5096 1228 5148 διατίθενται”
1272 5095 1366 5145 καὶ
1429 5093 1750 5162 περιέπουσι

170 5195 266 5244 καὶ
297 5191 568 5260 τρέφουσι
600 5191 666 5240 τὰ
695 5189 912 5255 ἔγγονα,
946 5185 1268 5239 καὶτούτων
1300 5183 1751 5254 προκινδυνεύου-

171 5295 294 5332 σιν·
337 5281 388 5332 εί
417 5281 514 5348 μὲν
545 5275 639 5331 οὖν
688 5278 849 5341 οὕτω,
895 5277 1047 5346 φησι,
1099 5274 1474 5344 κατεφρόνησε
1523 5272 1618 5324 τοῦ
1660 5289 1751 5324 τε-

171 5370 428 5440 χθέντος,
457 5370 531 5432 ὼς
577 5371 884 5438 φονεύσασα
927 5366 1360 5438 κατακρινέσθω.
1393 5365 1452 5416 Ei
1491 5363 1546 5416 δὲ
1593 5363 1748 5432 ἤθελε

172 5465 277 5534 μὲν
299 5463 612 5539 περισῶσαι
638 5463 698 5515 τὸ
736 5463 958 5532 βρέφος,
989 5462 1089 5514 ούκ
1135 5459 1372 5529 ἠδυνήθη
1424 5457 1486 5510 δὲ
1516 5455 1582 5508 δι’
1624 5460 1752 5524 ἐρη-

172 5554 307 5623 μίαν
371 5554 467 5604 καὶ
523 5555 754 5622 απορίαν
808 5553 920 5604 τῶν
967 5554 1300 5619 ἀναγκαίων,
1359 5549 1516 5619 nam
1562 5549 1746 5617 φόὸον,

169 5646 305 5707 ἴσως
343 5643 849 5713 συγγνωσθήσεται.

1859 4463 2064 4506 cretum
2093 4458 2310 4504 sanctus
2337 4449 2419 4500 vir
2452 4445 2827 4515 promulgavit.
2860 4444 3014 4496 Nunc
3039 4457 3164 4497 vero
3189 4441 3427 4508 apertius

1856 4544 2062 4608 deﬂuit,
2103 4544 2309 4605 dicens,
2339 4541 2604 4607 siquidem
2647 4554 2767 4590 cum
2809 4545 3013 4604 posset,
3049 4535 3099 4587 id
3133 4534 3272 4600 quod
3310 4535 3424 4587 edi-

1858 4649 1966 4688 nnn
1999 4645 2110 4688 erat
2142 4648 2383 4693 servare,
2420 4630 2546 4683 illud
2590 4629 2844 4698 neglexit,
2880 4636 2937 4679 ut
2968 4635 3247 4693 peccatum
3280 4626 3423 4679 rela-

1857 4733 1956 4786 ret,
1993 4722 2155 4794 (forte
2203 4734 2435 4788 namque
2467 4733 2540 4794 ex
2593 4716 2967 4778 fornicatione,
3016 4714 3100 4768 vel
3162 4714 3434 4767 adulterio

1855 4812 2198 4881 conceperat)
2229 4812 2310 4864 vel
2338 4810 2497 4864 etiam
2531 4818 2740 4877 partum
2762 4806 3125 4860 inhumaniter
3170 4815 3221 4858 et
3252 4804 3430 4857 ferino

1857 4921 2005 4960 more
2033 4903 2386 4970 contempsit;
2435 4916 2564 4955 usus
2593 4910 2676 4954 est
2720 4913 2881 4966 porro
2914 4899 3013 4950 hac
3046 4895 3294 4957 formula,
3324 4893 3427 4964 [fe—

1855 5000 1974 5052 rino
1997 4993 2168 5066 more]
2190 5003 2246 5047 ut
2267 4993 2642 5047 crudelitatem
2673 4989 3046 5056 saevitiamque
3070 4987 3422 5053 significaret.

1855 5090 1960 5146 Nec
1993 5090 2134 5142 enim
2165 5086 2402 5142 ferarum
2431 5086 2529 5139 iste
2565 5097 2681 5138 mos
2703 5093 2807 5146 est,
2841 5083 2932 5135 sed
2966 5081 3053 5134 ubi
3099 5087 3427 5148 pepererunt

1853 5181 2198 5236 sedulitatem
2247 5181 2298 5230 in
2354 5176 2552 5231 catulis
2605 5175 2718 5227 suis
2787 5172 3092 5226 nutriendis
3145 5168 3418 5228 adhibent,

1852 5272 2142 5342 foventque
2169 5281 2224 5326 et
2241 5271 2392 5324 alunt
2416 5268 2584 5330 fetus,
2606 5281 2667 5342 ac
2688 5281 2783 5334 pro
2808 5266 2871 5318 iis
2892 5261 3126 5332 pericula
3148 5259 3372 5313 subeunt
3403 5273 3415 5315 ς

1853 5366 2117 5434 siquidem
2154 5364 2339 5432 igitur,
2372 5361 2448 5414 ait
2506 5360 2605 5413 hac
2636 5339 2848 5411 ratione
2890 5363 3104 5423 partum
3144 5363 3296 5403 suum
3325 5361 3422 5399 ne-

1851 5458 2040 5526 glexit,
2075 5465 2329 5525 tanquam
2361 5451 2636 5507 homicidii
2665 5465 2753 5504 rea
2783 5449 3086 5501 damnetur.
3117 5441 3209 5494 Sin
3242 5447 3422 5492 autem

1854 5549 2021 5603 voluit
2052 5547 2138 5601 illa
2185 5547 2400 5616 quidem
2461 5558 2677 5596 servare
2731 5539 3012 5597 infantem,
3059 5539 3422 5587 verumtamen

1854 5639 1992 5693 haud
2015 5636 2208 5706 potuit,
2248 5636 2391 5703 quod
2425 5633 2477 5686 iu
2508 5632 2738 5686 desertis
2782 5627 2914 5680 locis
2956 5625 3317 5691 deprehensa,
3362 5636 3425 5674 ac

1856 5732 2018 5786 rebus
2046 5728 2365 5784 necessariis
2395 5727 2650 5781 deSIituta
2685 5732 2849 5784 esset,
2877 5729 2966 5773 aut
2992 5719 3059 5773 ob
3096 5729 3298 5772 metum
3328 5714 3426 5766 aii-

1860 5835 2042 5889 qucm,
2075 5820 2214 5877 forte
2242 5822 2457 5889 impune
2488 5817 2641 5870 feret.
