4096 6452
611 357 711 417 751

1890 357 1933 413 Τ
1944 357 1986 414 Η
1999 357 2164 416 EOD.
2200 356 2283 414 BA
2295 359 2429 416 [ΒΑ
2439 359 2596 419 ΜοΝ

3763 372 3866 434 752

682 468 908 520 AE’JS'l'.
939 467 1035 530 Qui
1088 479 1142 518 se
1193 465 1495 516 latronibus
1534 462 1790 516 adversos
1812 463 2095 530 objiciunt,
2138 463 2180 517 si

2359 466 2583 521 ΑΡΙΣΤ.
2623 467 2682 520 Oi
2717 467 2832 529 τοϊς
2866 467 3088 538 λῃσταίς
3146 468 3580 540 ἀντεπεξιόντες,
3615 474 3722 540 ἔξω
3769 480 3866 548 μιν

617 564 725 613 sint
777 561 989 628 quidem
1054 555 1586 617 εχιτιιΕωἸυδίηιιι,
1637 557 1759 607 boni
1809 556 2184 609 (OltlllmlliUtte

2289 558 2442 622 ὄντες
2465 560 2563 630 τῆς
2589 560 2901 628 κοινωνίας,
2927 560 3209 631 εἴργονται
3231 562 3327 616 τοῦ
3353 565 3584 633 ἀγαθοῦ·
3613 571 3867 640 κληρικοὶ

611 663 877 712 arcentur,
939 649 1119 701 clerici
1154 662 1280 700 vero
1309 648 1472 715 gradu
1523 647 1884 714 deponuntur.

685 744 908 804 Quando
939 738 1154 806 quidem
1199 737 1348 804 juxta
1389 735 1724 788 Dominicnm
1771 749 1957 788 vocem
2001 734 2183 788 Omnis

606 851 690 898 qui
730 832 962 899 gladium
998 831 1190 896 accepi!
1227 829 1403 897 gladio
1464 828 1878 904 peribit:etqui
1909 841 1970 882 se
2017 828 2183 881 latro-

606 927 766 977 nibus
802 923 1062 974 adversos
1089 921 1374 986 objiciunt,
1423 933 1624 984 eosque
1672 917 1953 980 occidunt,
1991 931 2180 986 paenae

606 1016 775 1068 luent.
821 1013 876 1065 Si
925 1012 1044 1065 laici
1071 1012 1288 1078 quidem
1340 1009 1469 1074 sint,
1522 1009 1821 1061 divinorum
1867 1022 2179 1062 sacramen—

608 1120 784 1160 torum
817 1105 1110 1174 participes
1133 1117 1237 1155 non
1273 1109 1459 1160 erunt.
1490 1100 1533 1153 si
1572 1099 1755 1152 clerici
1785 1109 1983 1165 autem,
2015 1100 2179 1167 depo-

609 1206 826 1252 nentur.

1168 1281 1396 1339 CANON
1452 1282 1588 1337 LVI.

603 1379 703 1445 Qui
744 1393 836 1432 sua
867 1388 1058 1448 Sponte
1087 1377 1376 1438 interfecit,
1419 1385 1473 1429 et
1499 1385 1681 1443 postea
1722 1375 2042 1444 pmnitentia
2076 1375 2177 1429 dn-

672 1481 792 1524 ctus
820 1479 923 1532 est,
954 1469 1140 1538 viginti
1193 1467 1350 1520 annis
1389 1475 1735 1519 sat-ramento
1787 1481 1892 1520 ncn
1935 1482 2178 1520 commu-

672 1560 892 1613 nicabit.
929 1558 1124 1628 Viginti
1172 1566 1351 1611 autem
1392 1556 1518 1610 anni
1565 1559 1643 1610 sic
1692 1557 1743 1610 in
1797 1572 1863 1611 eo
1901 1558 2179 1626 dispensa-

673 1654 892 1704 buntur.
933 1649 1096 1702 Debet
1131 1658 1365 1717 quatuor
1406 1649 1564 1702 annis
1595 1649 1788 1703 deﬁerc
1825 1659 1980 1703 stans
2023 1659 2175 1702 extra

670 1743 814 1796 iores
862 1741 1108 1800 oratorii,
1144 1750 1195 1794 et
1231 1739 1414 1793 ﬁdeles
1457 1740 1822 1806 ingredientes
1871 1755 2070 1808 rogans
2114 1749 2172 1792 ttt

676 1849 775 1903 pro
802 1849 867 1887 eo
895 1843 1205 1902 precemur,
1233 1846 1385 1885 suam
1437 1831 1774 1898 iniquitatem
1803 1831 2176 1900 pronuntians.
2213 1805 2254 1860 Β

674 1924 799 1979 Post
825 1935 1018 1993 quator
1052 1933 1229 1976 autem
1255 1937 1425 1976 annos
1474 1923 1614 1975 inter
1647 1920 1918 1976 auditores
1951 1921 2179 1988 recipie-

673 2027 778 2083 tnr,
805 2026 857 2071 et
890 2017 1128 2084 quinque
1170 2016 1325 2069 annis
1349 2031 1469 2068 cum
1510 2013 1640 2082 ipsis
1677 2013 1986 2083 egredietur
2021 2029 2034 2065 :
2093 2028 2177 2067 se-

672 2119 815 2176 ptem
869 2118 1047 2162 autem
1093 2107 1250 2160 annis
1274 2106 1595 2174 cumiisqui
1658 2106 1710 2158 in
1771 2105 2174 2170 substratione,

667 2210 824 2254 orant
849 2238 864 2261 ,
921 2199 1250 2267 egredietur.
1283 2199 1339 2250 in
1374 2209 1575 2265 quator
1613 2198 1767 2250 annis
1799 2197 1970 2250 solum
1990 2198 2174 2262 stabit,

669 2307 792 2345 cum
838 2290 1086 2344 ﬁdelibus
1109 2329 1123 2353 ,
1164 2288 1254 2343 sed
1288 2303 1390 2342 non
1421 2291 1523 2342 erit
1547 2288 1834 2342 oblationis
1883 2290 2173 2357 particeps.

673 2386 742 2438 lis
772 2394 947 2438 autem
977 2382 1221 2452 expletis,
1251 2382 1355 2435 erit
1393 2391 1854 2435 sacramentorum
1879 2381 2174 2450 particeps.

1181 2472 1405 2528 CANON
1446 2470 1598 2526 LVII.

606 2566 707 2631 Qui
732 2580 836 2620 non
867 2567 1170 2620 voluntarie
1191 2563 1489 2629 interfecit,
1529 2565 1773 2619 undecim
1799 2566 1958 2620 annis
1991 2579 2178 2620 sacra-

674 2661 867 2712 mentis
910 2673 1014 2712 non
1059 2657 1498 2712 communicabit.
1535 2656 1798 2711 Undecim
1833 2665 2013 2712 autem
2047 2657 2175 2710 anni

674 2753 752 2806 sic
816 2752 870 2804 in
919 2766 983 2805 eo
1031 2747 1509 2818 dispensabuntur.
1570 2749 1713 2804 Duos
1753 2751 1970 2818 quidem
2003 2764 2176 2803 annos

665 2838 917 2904 deﬂebit,
958 2849 1068 2892 tres
1093 2847 1274 2890 autem
1305 2851 1475 2891 annos
1511 2838 1650 2892 inter
1687 2837 1966 2892 auditores
1993 2851 2177 2906 perse-

682 2930 908 2994 verabit,
962 2928 1014 2981 in
1069 2938 1302 2996 quatuor
1331 2927 1660 2989 substratus,
1705 2937 1759 2980 et
1803 2941 1948 2982 anno
2000 2927 2174 2983 solum

678 3022 952 3084 consistet,
977 3027 1029 3074 et
1058 3019 1310 3088 deinceps
1341 3018 1407 3070 ad
1432 3031 1587 3072 sacra
1621 3017 1955 3073 admittetur.

681 3201 874 3256 BALS.
913 3199 1216 3254 Praesentes
1271 3198 1377 3253 duo
1414 3212 1648 3254 canones
1685 3198 2002 3253 describunt
2052 3213 2187 3268 quo-

614 3293 774 3349 nodo
803 3291 996 3345 debent
1031 3290 1208 3358 puniri
1260 3292 1350 3355 qui
1397 3289 1729 3344 voluntarias
1774 3299 1828 3343 et
1872 3289 2182 3344 involunta-

609 3390 718 3442 rias
761 3384 937 3438 etedcs
997 3381 1195 3436 fecere.
1237 3377 1526 3433 Pmnarum
1563 3389 1738 3432 autem
1783 3380 1945 3432 etiam
1997 3376 2186 3431 modos

609 3479 892 3532 deﬁniunt.

681 3567 932 3622 ZUNAR.
980 3565 1063 3620 Ad
1091 3579 1263 3619 annos
1304 3562 1529 3633 viginti,
1590 3577 1711 3616 eum
1743 3561 1832 3632 qui
1881 3559 2187 3616 voluntarie

610 3660 905 3723 interiecit,
942 3667 1118 3726 atque
1156 3658 1224 3710 ad
1273 3654 1650 3725 pmniteutiam
1716 3669 1777 3708 se
1826 3653 2061 3718 confert,
2101 3651 2188 3707 liic

611 3761 834 3808 sanctus
875 3751 955 3803 vir
1003 3746 1276 3817 segregari
1307 3744 1500 3814 jubet;
1550 3747 1616 3798 ad
1654 3744 1838 3800 decem
1893 3759 2017 3798 vero
2065 3759 2186 3797 cum

611 3848 702 3915 qui
753 3859 860 3898 non
907 3852 1095 3910 sponte
1134 3838 1352 3892 occidit.
1416 3837 1551 3888 Tum
1593 3835 1890 3905 deinceps,
1931 3836 2184 3903 utrisque

617 3949 716 4003 pro
763 3931 988 4002 singulis
1038 3928 1220 3983 multa:
1267 3925 1399 3980 locis
1429 3963 1444 3988 ,
1505 3927 1779 3992 proprium
1832 3935 2042 3992 tempus
2086 3923 2177 3977 de-

612 4027 809 4094 signat.

682 4112 909 4168 ARIST.
967 4108 1101 4164 Cau.
1135 4107 1223 4161 56.
1268 4104 1633 4160 ‘Voluntarins
1684 4103 1953 4158 homicida
1997 4102 2186 4172 viginti

614 4221 784 4258 annos
819 4203 1193 4256 substernatur
1219 4239 1234 4264 ,
1283 4199 1675 4253 involuntarius
1698 4197 1922 4262 decem;
1969 4195 2183 4251 adulter

613 4300 915 4366 quindecim
957 4315 971 4349 :
1020 4297 1314 4350 fornicator
1350 4303 1555 4362 septem
1592 4314 1603 4348 :
1643 4293 1876 4363 virgines
1901 4303 2182 4363 postpro-

616 4392 900 4445 fessionem
931 4390 1114 4456 Iapsm,
1144 4401 1312 4440 annos
1345 4385 1669 4453 quindecim.

686 4564 784 4630 Qui
818 4560 1110 4615 voluntarie
1150 4558 1452 4626 quempiam
1482 4556 1706 4620 occidit,
1740 4565 1792 4609 et
1824 4565 2016 4625 postea
2063 4571 2179 4625 ρω-

617 4655 897 4710 nitentiatn
952 4652 1080 4720 egit,
1117 4649 1302 4717 viginti
1343 4663 1517 4700 annos
1556 4663 1585 4700 a
1617 4647 2050 4703 sanctiﬁcatione
2085 4662 2179 4702 ex-

615 4751 1132 4806 connnunicabitur.
1186 4747 1253 4798 At
1302 4744 1490 4813 viginti
1529 4745 1657 4797 anni
1703 4743 1782 4798 sic
1840 4745 1891 4796 in
1938 4759 2060 4798 eum
2102 4744 2182 4797 di-

616 4853 965 4909 i:pcnsaittur.
1023 4838 1267 4903 Quatuor
1321 4835 1478 4889 annis
1527 4842 1676 4889 extra
1729 4835 1859 4888 endis
1925 4834 2180 4888 oratorias

627 4938 771 4989 iores
809 4945 995 4994 stans,
1058 4941 1112 4983 et
1162 4929 1344 4982 ﬁdeles
1383 4925 1744 4993 ingredientes
1789 4939 1953 4978 orans
1995 4938 2181 4991 preces

628 5041 722 5094 pro
756 5026 871 5094 ipso
901 5021 1155 5081 intulere,
1210 5027 1492 5086 peccatum
1530 5030 1686 5067 suum
1718 5015 1897 5081 palam
1945 5012 2183 5068 eﬂ‘erens

620 5117 814 5171 deﬂere
871 5113 1046 5166 debet.
1071 5100 1290 5163 'I‘ostea
1337 5118 1515 5161 antem
1548 5115 1776 5174 quatuor
1817 5120 1986 5159 annos
2027 5105 2185 5175 115

622 5208 688 5261 ad
727 5206 1006 5258 audientes
1042 5200 1354 5269 recipietur,
1381 5207 1435 5252 et
1467 5199 1707 5264 quinque
1754 5198 1910 5248 annis
1958 5212 2079 5249 cum
2115 5199 2180 5252 iis

619 5293 943 5368 egredietur.
969 5295 1181 5363 Septem
1207 5291 1358 5344 annis
1385 5304 1504 5342 cum
1541 5287 1606 5340 iis
1630 5286 1717 5353 qui
1747 5285 1796 5337 in
1825 5288 2186 5343 suluuissione

2287 650 2342 702 δὲ
2377 649 2469 700 τοῦ
2505 649 2713 719 βαθμοῦ
2750 647 3170 720 καθαιροῦνται.

2366 738 2608 806 Ἐπειδὴ,
2656 739 2802 792 κατά
2859 741 2959 811 τὴν
3034 743 3322 816 Κυριακὴν
3394 748 3600 818 φωνὴν,
3651 750 3773 816 Πᾶς
3833 755 3870 806 ὀ

2283 828 2488 882 λαϐὼν
2501 830 2809 900 μάχαιραν
2860 832 2930 886 ἐν
2952 837 3221 904 μαχαίρᾳ
3253 838 3642 893 ἀποθανεῖται
3661 858 3674 871 ’
3709 844 3801 896 καὶ
3817 845 3870 896 ot

2284 921 2398 982 τοῖς
2433 922 2664 990 λῃσταῖς
2693 925 3136 992 ἀντεπεξιόντες,
3157 929 3252 983 καὶ
3280 929 3508 995 τούτους
3522 933 3867 1002 φονεύοντες,

2287 1013 2392 1065 ὑπὸ
2421 1014 2748 1086 ἐπιτίμησιν
2779 1015 3021 1073 ἔσονται·
3055 1021 3152 1075 καὶ
3176 1021 3360 1076 λαϊκοὶ
3418 1025 3518 1093 μὲν
3548 1025 3728 1096 ὅντες,
3761 1027 3872 1082 τῶν

2284 1104 2444 1158 θείων
2479 1107 2840 1178 ἀγιασμάτων
2867 1110 2928 1163 ού
2958 1111 3249 1180 μεθέξουσι
3275 1129 3288 1142 ·
3326 1113 3587 1185 κληρικοὶ
3614 1116 3671 1169 δὲ
3695 1117 3868 1185 ὅντες,

2283 1197 2798 1270 καθαιρεθήσονται.

2862 1293 3102 1349 ΚΔΝΩΝ
3136 1295 3279 1364 NG’.

2292 1380 2352 1434 '0
2385 1381 2652 1446 ἑκουσίως
2706 1384 3001 1453 φονεύσας,
3053 1390 3149 1441 καὶ
3189 1389 3331 1458 μετὰ
3365 1392 3526 1447 τοῦτο
3563 1398 3876 1467 μεταμελη-

2351 1473 2485 1538 θεὶς,
2523 1475 2730 1529 είκοσιν
2783 1477 2878 1548 ἑτη
2934 1478 3298 1553 ἀκοινώνητος
3362 1485 3515 1539 ἔσται
3549 1488 3645 1540 τοῦ
3712 1490 3876 1557 ἁγιά-

2353 1583 2584 1634 σματος.
2614 1567 2696 1621 Τὰ
2729 1568 2785 1621 δὲ
2812 1571 3018 1623 εἴκοσιν
3056 1572 3150 1643 ἐτη
3171 1574 3344 1637 οὕτως
3381 1578 3875 1650 οἰκονομηθήσεται

2343 1656 2434 1710 ἐπ’
2470 1658 2641 1729 αὐτῷ.
2704 1660 2793 1712 Ἐν
2823 1660 2865 1713 δ’
2897 1661 3074 1715 ἐτεσιν
3106 1666 3462 1734 προσκλαίειν
3492 1669 3722 1737 ὀφείλει,
3772 1670 3874 1735 ἔξω

2357 1752 2457 1821 τῆς
2486 1751 2660 1825 θύρας
2706 1754 2880 1820 ἑστὼς
2942 1756 3037 1810 τοῦ
3079 1758 3373 1832 εὐκτηρίου
3419 1761 3596 1829 οἴκου,
3647 1765 3876 1819 καὶτῶν

2365 1843 2650 1898 εἰσιόντων
2725 1849 2938 1902 πιστῶν
3005 1851 3265 1920 δεόμενος
3299 1853 3469 1925 εὐχὴν
3534 1855 3680 1928 ύπὲρ
3708 1858 3872 1912 αὑτοῦ

2339 1937 2993 2011 ποιεῖσθαι,ἑξαγορεύων
3019 1943 3118 2014 τὴν
3153 1945 3290 1998 ἰδίαν
3309 1949 3690 2020 παρανομίαν.
3713 1952 3869 2005 Μετά

2362 2030 2419 2081 δὲ
2455 2029 2495 2081 δ’
2522 2030 2618 2099 ἔτη
2673 2033 2754 2095 εἰς
2779 2036 2906 2098 τοὺς
2933 2037 3325 2108 ἀκροωμένους
3353 2040 3704 2112 δεχθήσεται,
3740 2044 3796 2095 ἑν
3826 2052 3866 2097 ε’

2354 2120 2537 2174 ἐτεσιν
2564 2123 2686 2193 μετ’
2711 2125 2892 2181 αὐτῶν
2931 2129 3305 2193 ἐξελεύσεται.
3343 2133 3432 2185 'Ev
3460 2134 3502 2185 δ’
3536 2139 3871 2205 συστήσεται

2357 2213 2522 2282 μόνον
2553 2218 2668 2278 τοῖς
2706 2220 2946 2282 πιστοῖς,
3004 2225 3326 2291 προσφορᾶς
3355 2225 3415 2278 δὲ
3460 2227 3521 2279 ού
3559 2229 3872 2298 μεταλήψε-

2348 2318 2463 2356 ται.
2494 2303 2904 2375 Πληρωθέντων
2947 2308 3006 2363 δὲ
3039 2310 3248 2365 τούτων
3274 2311 3493 2382 μεθέξει
3527 2317 3640 2370 τῶν
3711 2320 3871 2386 ἁγια-

2344 2395 2587 2464 σμάτων.

2843 2495 3087 2550 ΚΑΝΩΝ
3136 2498 3265 2553 NZ'.

2293 2579 2354 2631 '0
2388 2582 2664 2647 ἀκουσίως
2698 2587 2966 2653 φονεύσας
3003 2590 3116 2659 (15)
3155 2592 3214 2644 ἐν
3269 2591 3404 2645 δέκα
3434 2593 3615 2648 ἔτεσιν
3644 2597 3876 2649 ἀκοινώ-

2360 2689 2520 2744 νητος
2567 2675 2720 2728 ἔσται
2754 2677 2864 2728 τῶν
2907 2679 3297 2749 ἀγιασμάτων.
3359 2685 3875 2758 Οἰκονομηθήσεται

2354 2766 2408 2818 δὲ
2442 2768 2532 2819 ἐπ’
2593 2768 2744 2839 αύτῷ
2784 2771 2851 2823 τά
2890 2770 3022 2823 δέκα
3073 2772 3168 2842 Ετη
3237 2775 3404 2829 οὓτω.
3463 2780 3570 2831 Δύο
3623 2780 3726 2848 μὲν
3778 2780 3874 2850 ἔτη

2357 2855 2761 2925 προσκλαύσει,
2813 2860 2939 2930 τρία
2981 2862 3037 2914 δὲ
3077 2863 3173 2932 ἔτη
3215 2865 3272 2918 ἑν
3336 2867 3722 2938 ἀκροωμένοις
3755 2871 3871 2926 δια-

2353 2948 2586 3013 τελέσει,
2625 2952 2683 3003 ἑν
2733 2951 2774 3003 δ’
2825 2952 3169 3019 ὑποπίπτων,
3219 2957 3313 3009 καὶ
3353 2959 3413 3010 ὲν
3469 2961 3710 3032 ἐνιαυτῷ
3739 2979 3871 3015 στα·

2350 3039 2578 3110 θήσεται
2609 3040 2792 3111 μόνον,
2841 3046 2934 3096 καὶ
2985 3046 3053 3100 τά
3099 3045 3228 3116 ἑξῆς
3279 3051 3358 3111 εἰς
3402 3051 3472 3103 τὰ
3502 3051 3639 3120 ἆγια
3679 3053 3874 3125 δεχθὴ-

2364 3148 2543 3186 σεται.

2365 3223 2566 3278 ΒΑΔΣ.
2601 3226 2666 3278 Ol
2713 3227 2992 3297 παρόντες
3045 3229 3141 3284 δύο
3206 3234 3435 3298 κανόνες
3501 3235 3876 3291 ύποτυποῦσιν

2286 3313 2437 3375 ὅπως
2483 3314 2800 3381 ὀφείλουσιν
2849 3319 3215 3388 ἑπιτιμᾶσθαι
3267 3324 3316 3375 οἰ
3352 3325 3685 3394 ποιήσαντες
3717 3329 3876 3380 ἑκου-

2296 3400 2447 3464 σίους
2479 3403 2676 3470 φόνους
2707 3405 2808 3456 καὶ
2843 3406 3162 3472 ἀκουσίους.
3212 3410 3486 3481 ’θρίζουσι
3518 3409 3576 3466 δι
3620 3418 3716 3468 καὶ
3750 3419 3876 3481 τοὺς

2286 3491 2523 3562 τρόπους
2561 3491 2673 3546 τῶν
2703 3495 3019 3566 ἑπιτιμίων.

2352 3584 2596 3640 ΖΩΝΑΡ.
2649 3587 2738 3640 Ἐν
2763 3589 2973 3645 είκσσιν
3019 3592 3294 3658 ἐνιαυτοῖς
3329 3595 3424 3651 τὸν
3474 3597 3745 3663 ἑκουσίως
3779 3617 3873 3669 φο-

2288 3675 2580 3740 νεύσαντα,
2608 3679 2702 3730 καὶ
2725 3682 2808 3743 εἰς
2843 3683 3145 3750 μετάνοιαν
3172 3686 3397 3740 ιλθόντα
3437 3691 3693 3760 ἀφορίζει
3721 3685 3875 3754 οὗτος

2289 3771 2316 3820 6
2347 3769 2526 3836 ἅγιος·
2562 3771 2621 3823 ἑν
2663 3771 2798 3824 δέκα
2833 3772 2890 3826 δὲ
2927 3773 3021 3826 τὸν
3096 3778 3376 3841 ἀκουσίως
3430 3780 3717 3835 ἀνελόντα.
3769 3786 3875 3838 Καὶ

2291 3858 2418 3928 ἑξῆς
2445 3859 2533 3911 ἑπ*
2559 3861 2896 3931 ἀμ’ροτὲροις
2929 3863 3150 3935 ἑκάστῳ
3184 3867 3335 3936 τόπῳ
3372 3869 3662 3938 ἐπιτιμίου
3701 3872 3873 3944 ὁρίζει

2291 3953 2482 4021 καιρὸν
2520 3951 2834 4006 ίδιαίτατον.

2353 4124 2579 4179 ΔΡΙΣΤ.
2618 4142 2743 4181 καν.
2773 4133 2882 4191 νς¹.
2927 4128 2989 4184 'O
3009 4129 3257 4193 ἑκούσιος
3305 4134 3573 4203 φονευτὴς
3653 4135 3868 4188 εἰκοσα-

2293 4215 2447 4270 ετίαν
2499 4217 2876 4271 ύποπιπτίτωα
2905 4221 2935 4272 6
2963 4219 3222 4284 ἀκούσιος
3268 4222 3582 4277 δεκαετίανο
3629 4228 3656 4278 6
3691 4228 3876 4296 μοιχὸς

2291 4307 2874 4362 πεντεκαιδεκαετίανο
2913 4310 2943 4360 6
2976 4311 3176 4380 πόρνος
3207 4314 3513 4367 ἑπταετίαν
3536 4331 3549 4346 ·
3585 4316 3644 4367 αἰ
3696 4332 3870 4385 παρα·

2291 4402 2592 4454 πίπτουσαι
2632 4402 2776 4472 μετά
2812 4399 2913 4472 τὴν
2945 4402 3246 4472 ὁμολογίαν
3283 4407 3548 4478 παρθένοι
3585 4423 3870 4459 πεντεκαι·

2216 4477 2260 4533 θ
2289 4489 2600 4546 δεκαετίαν.

2363 4581 2422 4635 '0
2458 4581 2723 4643 ἑκουσίως
2753 4581 3047 4650 φονεύσας,
3107 4583 3250 4652 μετά
3271 4584 3328 4637 δὲ
3353 4584 3515 4638 τοῦτο
3548 4587 3860 4655 μεταμελη-

2284 4671 2420 4736 θεὶς,
2465 4673 2673 4725 εἴκοσιν
2703 4672 2884 4727 ἐτεσιν
2909 4673 3281 4743 ἀκοινώνητός
3308 4677 3425 4728 ἑστι
3476 4676 3572 4729 τοῦ
3598 4678 3875 4746 ἀγιὰσμα-

2284 4782 2398 4828 τος.
2428 4765 2507 4817 Τὰ
2536 4765 2593 4817 δὲ
2639 4765 2845 4817 εἴκοσιν
2900 4765 2997 4834 ἔτη
3027 4766 3199 4828 οὕτως
3233 4766 3740 4837 οἰκονομηθήσεται
3785 4768 3870 4821 ἐπ’

2285 4854 2456 4924 αὐτῷ.
2489 4854 2576 4907 Ἐν
2594 4855 2883 4924 τέσσαρσιν
2911 4856 3087 4910 ἔτεσιν
3109 4857 3317 4926 ὀφείλει
3351 4858 3737 4927 προσκλαίειν,
3764 4861 3867 4926 ἑξω

2287 4950 2384 5015 τῆς
2443 4945 2614 5015 θύρας
2685 4944 2860 5008 ἑστὼς
2928 4946 3022 4998 τοῦ
3066 4947 3359 5017 εὖκτηρίου
3406 4947 3585 5012 οἴκου,
3636 4947 3875 5002 καὶτῶν

2289 5038 2566 5089 εἰσιόντων
2599 5036 2815 5089 πιστῶν
2833 5035 3092 5105 δεόμενος
3121 5037 3288 5107 εὐχὴν
3319 5038 3463 5108 ὑπὲρ
3492 5039 3666 5092 αὑτοῦ
3699 5042 3896 5111 ποιεί-δ

2294 5129 2441 5189 σθαι,
2476 5129 2826 5196 ἐξαγορεύων
2851 5127 2946 5193 τὴν
2999 5127 3137 5180 ἰδίαν
3193 5131 3573 5198 παρανομίαν
3621 5131 3762 5200 μετά
3817 5131 3873 5184 δὲ

2294 5220 2471 5274 ταῦτα
2502 5219 2568 5271 τὰ
2591 5219 2836 5286 τέσσαρα
2867 5217 2963 5286 ἐτη
2997 5218 3074 5279 εἰς
3100 5217 3227 5280 τοὺς
3258 5220 3650 5289 ἀκροωμένους
3680 5222 3876 5290 δεχθῆ-

2297 5324 2473 5370 σεται,
2516 5305 2612 5360 καὶ
2643 5307 2700 5358 ἑν
2739 5305 2898 5356 πέντε
2938 5303 3086 5356 ἔτεσι
3123 5305 3244 5374 μετ’
3274 5305 3458 5360 αὐτῶν
3493 5307 3871 5371 ἐξελεύσεταιο

1853 5449 2038 5511 Guill.
2073 5453 2400 5534 Bevercgii
2437 5461 2622 5515 notae.

693 5581 802 5651 (l5)
824 5580 890 5632 '0
919 5576 1217 5651 ἀκουσίως
1247 5573 1569 5651 μοιχεύσας.
1593 5570 1933 5651 Scholiastes
1959 5573 2184 5651 Hdt-me-

623 5643 827 5720 nopul'i,
860 5649 996 5708 Τοὺς
1053 5647 1230 5720 φονεῖς
1275 5647 1302 5695 ὁ
1338 5643 1672 5720 Νησῖευῖῇς.
1703 5645 1826 5720 τοὺς
1879 5643 1978 5720 μὲν
2026 5647 2184 5720 ex“).

625 5711 794 5782 σίόυς,
818 5711 927 5770 ἐπὶ
960 5711 1283 5782 πενταετίαν
1321 5711 1675 5782 καταδικᾲζει
1699 5727 1710 5740 ·
1745 5713 1870 5771 τοὺς
1923 5712 1979 5762 δὲ
2020 5717 2179 5765 67.00-

623 5778 889 5852 σίουξὲπὶ
919 5785 1183 5856 τριετίαν.
1214 5780 1523 5836 Homicidas
1555 5778 2177 5849 Jejuvater,rolunturin

2294 5583 2501 5644 quidem
2562 5580 2615 5632 in
2669 5579 3147 5648 quinquagennium
3197 5580 3514 5631 condemnat
3567 5595 3586 5634 :
3641 5595 3744 5631 non
3787 5593 3876 5631 τοι

2293 5652 2554 5702 Iuntarios
2631 5662 2804 5702 autem
2879 5649 2946 5700 ad
3022 5649 3326 5702 triennium.
3382 5648 3571 5702 llartn.
3637 5664 3725 5717 ep.
3787 5661 3874 5701 an.

2292 5734 2336 5774 s.
2363 5719 2417 5785 5,
2459 5727 2500 5773 t.
2533 5719 2584 5772 ’5.
