4096 6468
202 378 308 440 ’169

1165 383 1246 444 ΙΝ
1288 385 1524 446 EPIST.
1574 388 1633 446 ὃ.
1675 385 1955 444 BASlLlI
1995 384 2427 446 CANOXICAM
2463 387 2577 445 Ili.

3357 398 3460 463 ’1ῖο

205 488 365 558 δηλοῖ
395 489 481 558 τὸ,
504 490 875 558 συναλλάξει),
901 491 1147 545 ἐνιαυτὸν
1174 492 1515 562 ἀφορίζεται,
1555 486 1671 544 εἶτα
1701 493 1768 544 δέι

1888 491 2106 560 gnilit-at
2134 493 2352 547 verbum
2389 493 2522 546 illud
2558 493 2894 565 συναλλάξει)
2945 513 3052 553 uno
3096 515 3238 557 anno
3283 519 3467 576 δεδι-οι

203 596 365 648 χεται
463 582 538 650 μὴ
591 582 1064 652 προσιὸαςόμενος
1136 586 1215 646 είς
1268 583 1493 654 μείζονα
1556 583 1786 654 βαθμόν.

216 669 347 721 Ἐάν
376 671 434 723 δὲ
479 673 604 724 ἀνευ
617 673 913 743 μνηστείας
959 673 1189 743 συνέλθῃ
1207 673 1451 740 γυναικὶ,
1475 673 1579 726 κᾶν
1596 672 1789 740 λόγους

203 762 340 823 ισως
381 765 620 817 ἐποιεῖτο
659 765 778 833 μετ’
820 765 1015 833 αὐτῆς,
1061 765 1202 818 ὥστε
1245 766 1434 818 λαϐεῖν
1476 766 1649 834 αὐτὴν
1709 768 1788 828 εἰς

202 854 466 916 γυναῖκα,
500 852 603 906 κᾶν
632 853 907 923 συνεζύγη
939 854 1078 924 αὐτῇ
1110 855 1250 924 μετά
1286 856 1486 916 ταῦτα,
1524 856 1784 908 ἐκπίπτει

202 941 308 1008 τῆς
337 941 667 1011 ὑπηρεσίας.
729 944 803 996 Τὸ
835 946 967 998 αὐτὸ
991 946 1048 999 δέ
1095 963 1230 1014 φησι
1291 948 1386 999 καὶ
1418 947 1548 1018 περὶ
1578 947 1789 1016 ὑπηρέο

200 1047 324 1095 του,
386 1033 558 1101 ήγουν
612 1033 997 1091 ὑποδιακόνου.
1052 1037 1196 1106 Πρὸς
1247 1037 1305 1088 δὲ
1349 1037 1411 1089 τὸ
1478 1038 1536 1090 ἓν
1581 1038 1787 1106 φάκτον

197 1121 496 1175 ἀποδοτέον
521 1124 582 1175 τὸ
616 1125 747 1194 περὶ
783 1123 878 1177 τοῦ
906 1125 1289 1192 ὑποδιακόνου,
1341 1129 1513 1197 ήγουν
1543 1129 1604 1181 τὸ
1631 1127 1787 1181 ἐκπί-

196 1227 360 1264 πτειν
388 1212 551 1264 αὑτὸν
573 1212 674 1281 τῆς
697 1213 999 1284 ὑπηρεσίας
1029 1216 1543 1287 κλεψιγαμήσαντα.
1572 1222 1647 1273 Οὐ
1674 1221 1785 1290 γάρ

195 1305 416 1371 ἐφεῖται
440 1304 784 1376 ὐποδιακόνῳ
812 1308 949 1376 μετά
974 1308 1075 1378 τὴν
1113 1309 1467 1381 χειροθεσίαν
1513 1314 1784 1380 γυναῖκας

202 1393 620 1463 μνηστεύεσθαι
649 1396 744 1448 καὶ
775 1397 955 1466 γάμον
992 1399 1412 1455 συναλλάσσειν.
1446 1403 1584 1471 Φησὶ
1611 1401 1720 1472 γάρ
1755 1402 1783 1451 ό

201 1481 316 1534 τῶν
351 1481 523 1548 ἁγίων
582 1483 903 1538 ἀποστόλων
937 1486 1118 1539 κανὼν
1161 1494 1256 1552 κς¹
1306 1489 1482 1543 ταῦτα
1503 1505 1517 1520 ο
1547 1490 1668 1542 Τῶν
1702 1492 1784 1554 εις

196 1572 405 1642 κλῆρον
437 1574 817 1638 προελθόντων
846 1577 1082 1647 ἀγάμων
1107 1579 1405 1650 κελεύομεν
1421 1580 1784 1651 βουλομένους

193 1667 401 1734 γαμεῖν
429 1666 794 1734 ἀναγνώστας
820 1670 916 1723 καὶ
965 1670 1178 1740 ψάλτας
1230 1673 1418 1743 μόνον.
1471 1675 1535 1727 Ei
1591 1675 1649 1728 δέ
1695 1692 1782 1738 τις

195 1760 629 1832 κλεψιγαμήσας
658 1764 803 1831 μετά
839 1764 1010 1818 ταῦτα
1035 1766 1324 1839 ὑπηρέτης
1365 1771 1614 1838 γέγονεν,
1643 1768 1780 1834 ἐξω-

1893 592 2050 652 gatus
2079 598 2199 636 mox
2236 585 2562 648 admittitur,
2599 585 2663 640 ad
2703 588 2958 656 majorem
2995 593 3218 659 gradum
3260 611 3463 664 nequa-

1890 689 2050 742 quam
2081 678 2498 743 promovendus.
2532 675 2681 742 Quod
2719 679 2762 732 si
2807 679 3010 747 absque
3045 684 3463 752 deSponsatione

1891 779 2012 816 cum
2045 765 2273 819 muliere
2303 753 2710 835 congrediatur,
2746 778 2800 822 et
2842 769 2886 824 si
2926 770 3062 825 forte
3098 773 3166 826 de
3215 776 3302 828 illa
3355 777 3458 831 sibi

1889 868 2059 909 uxore
2082 855 2419 924 adiungenda
2457 872 2576 911 cum
2611 874 2673 911 ea
2718 860 2877 914 verba
2924 862 3135 927 fecerit,
3171 867 3380 920 etiamsi
3407 880 3464 922 et

1889 955 2077 1014 postea
2130 960 2249 999 eam
2291 948 2529 1012 duxerit,
2589 963 2619 1003 a
2669 949 2975 1005 ministerio
3028 954 3249 1009 excidit.
3315 957 3460 1011 Idem

1888 1049 2018 1088 vero
2046 1037 2120 1088 ait
2151 1037 2317 1090 etiam
2347 1037 2415 1090 de
2448 1037 2701 1093 ministro
2729 1055 2926 1110 nempe
2949 1041 3348 1113 hypodiacono.
3380 1050 3460 1102 Ad

1888 1141 2056 1180 unum
2109 1140 2275 1194 porro
2336 1126 2538 1181 factum
2594 1129 2943 1185 referendum
2990 1143 3091 1199 est,
3143 1137 3194 1189 id
3221 1142 3361 1204 quod
3395 1141 3460 1192 de

1889 1215 2264 1285 liypodiacono
2291 1218 2491 1271 dicitur
2517 1236 2530 1271 :
2564 1220 2841 1287 nimirum,
2872 1232 2930 1276 ut
2974 1238 3004 1277 a
3036 1226 3336 1281 ministerio
3366 1243 3461 1283 ax-

1887 1309 2054 1372 cidat,
2098 1309 2146 1363 si
2181 1309 2581 1365 matrimonium
2638 1313 2822 1367 furtim
2857 1317 3094 1373 iniverit.
3155 1317 3264 1373 Nec
3314 1322 3457 1374 enim

1887 1398 2259 1468 liypodiacono
2310 1402 2662 1469 permittitur,
2728 1417 2848 1474 post
2897 1406 3296 1477 impositionem
3346 1427 3461 1465 ma-

1886 1502 2051 1540 nuum
2087 1489 2365 1544 mulierem
2419 1506 2674 1560 sponsam
2730 1508 3034 1561 assumere,
3089 1513 3322 1570 cumque
3369 1501 3459 1556 illa

1886 1579 2179 1634 conciliare
2212 1581 2446 1650 nuptias.
2484 1581 2607 1637 Haec
2655 1600 2890 1655 namque
2923 1579 3087 1644 habet
3143 1603 3456 1646 sanctorum

1881 1669 2257 1737 apostolorum
2287 1686 2460 1726 canon
2494 1675 2786 1732 vicesimus
2821 1688 3009 1733 sextus
3040 1699 3054 1734 :
3092 1680 3168 1735 Ex
3223 1684 3308 1747 iis,
3363 1686 3454 1752 qui

1884 1773 1989 1811 non
2018 1759 2177 1814 ducta
2202 1776 2370 1816 uxore
2403 1763 2469 1817 ad
2499 1763 2699 1818 clerum
2733 1771 2966 1837 promoti
3001 1781 3149 1836 sunt,
3178 1774 3452 1842 jubemns,

196 1850 426 1919 θήσεται
452 1830 550 1905 τοῦ
581 1830 799 1923 βαθμοῦ
815 1854 1005 1923 αὐτοῦ,
1031 1830 1462 1925 διαγνωσθέντος
1481 1857 1575 1912 τοῦ
1597 1830 1768 1931 ἀμαρι

1880 1851 1925 1904 si
1963 1851 2152 1916 velint,
2208 1868 2432 1908 uxorem
2480 1855 2680 1911 ducere
2717 1858 2946 1915 lectores
2978 1871 3030 1914 et
3085 1877 3336 1918 cantores
3369 1881 3459 1920 sn-

189 1944 464 2014 τήματος.

258 2209 483 2262 ΑΡΙΣΤ.
527 2208 586 2262 Ὀ
615 2210 723 2281 πρὸ
784 2211 965 2282 γάμου
993 2214 1380 2269 συναλλάσσων
1412 2217 1774 2289 ἀναγνώστης

193 2304 414 2372 μνηστῇ
455 2305 570 2371 μετ’
602 2305 848 2356 ἐνιαυτὸν
880 2305 1096 2376 δεχθεὶς
1146 2310 1354 2378 μενέτω
1415 2311 1773 2380 ἀναγνώστης

185 2392 511 2461 ἀπρόκοπος
544 2411 559 2425 ο
585 2392 924 2465 κλεψίγαμος
956 2398 1397 2466 δὲ,ἀπωθείσθω.
1423 2402 1497 2454 Τὸ
1515 2402 1646 2455 αὐτὸ
1677 2403 1772 2455 καὶ

184 2483 498 2552 ὑπηρέτης.

275 2575 663 2645 Ἀναγνώστης
729 2579 962 2644 γυναῖκα
996 2581 1486 2651 μνηστευσάμενος
1518 2588 1611 2637 καὶ
1662 2586 1771 2657 πρὸ

178 2664 282 2717 τοῦ
311 2666 494 2734 γάμου
530 2664 648 2735 μετ’
705 2667 879 2736 αὐτῆς
930 2670 1318 2741 συμφθαρεὶςε,
1374 2675 1470 2726 ἐπὶ
1522 2678 1771 2730 ἐνιαυτὸν

180 2757 448 2826 ἀργήσει,
478 2759 570 2811 καὶ
608 2757 754 2810 οὕτω
788 2758 1114 2828 δεχθήσεται
1137 2763 1219 2825 είς
1250 2763 1309 2815 τὸ
1339 2765 1766 2833 ἀναγινώσκειν,

181 2852 272 2911 εἰς
304 2849 530 2917 μείζονα
557 2849 847 2922 προκοπὴν
877 2852 953 2921 μὴ
985 2853 1486 2924 προσιὸαζόμενος,
1507 2857 1624 2911 ἀλλ’
1676 2860 1770 2910 ἐπὶ

179 2939 280 2994 τοῦ
339 2941 509 2994 αὑτοῦ
567 2943 745 3011 μένων
813 2942 1049 3011 βαθμοῦ.
1121 2944 1178 2997 ὐ
1238 2945 1294 2997 δὲ
1374 2948 1470 3000 καὶ
1525 2950 1630 3019 πρὸ
1670 2951 1769 3018 τῆς

186 3033 498 3102 μνηστείας
554 3033 985 3102 κλεψιγαμήσας
1039 3035 1219 3088 τέλεον
1266 3035 1364 3089 τοῦ
1425 3038 1638 3108 βαθμοῦ
1671 3041 1768 3094 αὺ-

177 3124 276 3176 τοῦ
318 3118 852 3194 μετακινηθήσεταὶ.
882 3126 958 3177 Τὸ
985 3126 1120 3179 αὐτὸ
1149 3127 1206 3179 δὲ
1231 3128 1516 3197 ἐπιτίμιον
1543 3133 1637 3185 καὶ
1683 3133 1762 3194 είς

179 3214 317 3275 τοὺς
351 3216 804 3284 ἀχειροτονήτους
830 3216 1112 3287 ὑπηρέτας
1138 3218 1236 3287 τῆς
1276 3219 1605 3289 Ἐκκλησίας
1627 3238 1766 3294 κρα-

177 3305 368 3375 τήσει.

783 3400 1026 3452 ΚΔΝΩΝ
1080 3401 1157 3454 0'.

1875 1941 1978 1994 los.
2004 1941 2060 1996 Si
2094 1943 2215 2011 quis
2243 1954 2420 1999 autem
2459 1957 2646 2015 postea
2677 1950 2920 2006 minister
2946 1951 3132 2007 furtim
3173 1956 3451 2009 matrimo-

1877 2035 2022 2088 nium
2075 2037 2276 2102 inierit,
2313 2039 2403 2094 ubi
2446 2041 2652 2094 crimen
2708 2044 2946 2113 agnitum
3007 2045 3190 2111 fuerit,
3239 2052 3302 2102 tle
3357 2065 3454 2104 suo

1875 2127 2041 2195 gradu
2072 2128 2372 2197 dejicietur.

1949 2215 2177 2272 ARIS'l‘.
2206 2219 2398 2274 Lector
2429 2221 2519 2290 qui
2552 2234 2676 2278 ante
2699 2225 2918 2294 nuptias
2951 2243 3062 2281 rem
3093 2245 3213 2282 cum
3249 2246 3447 2299 sponsa

1875 2306 2084 2373 habuit,
2120 2321 2239 2377 post
2281 2325 2481 2365 annum
2528 2327 2800 2384 receptus,
2840 2331 3053 2372 maneat
3095 2320 3261 2374 lector
3308 2325 3450 2376 ulte-

1874 2402 1986 2452 rius
2030 2417 2132 2453 nou
2188 2405 2630 2471 promovendus;
2687 2411 2777 2476 qui
2847 2411 3101 2464 furtivum
3162 2428 3288 2467 vero
3333 2413 3454 2469 iniit

1877 2491 2304 2557 matrimonium,
2334 2497 2656 2565 expellatur.
2685 2501 2828 2552 Idem
2857 2509 2909 2553 et
2939 2502 3209 2556 minister.

1943 2579 2137 2634 Lector
2194 2581 2449 2638 feminam
2504 2587 2838 2656 desponsans
2882 2599 2936 2644 et
2977 2606 3102 2646 ante
3166 2596 3447 2649 matrimo-

1874 2672 2020 2726 nium
2048 2688 2169 2726 eum
2203 2689 2263 2728 ea
2298 2686 2613 2744 corruptus,
2645 2693 2844 2733 annum
2876 2684 3084 2737 otiosus
3121 2687 3243 2750 erit,
3285 2699 3336 2740 et
3368 2690 3446 2742 sic

1872 2763 1936 2817 ad
1966 2762 2252 2833 legendum
2283 2766 2592 2835 recipietur,
2639 2771 2703 2821 ad
2750 2771 3006 2837 majorem
3050 2777 3442 2842 pront0ti0neut

1873 2870 1979 2908 non
2048 2857 2368 2922 procedens,
2424 2858 2516 2910 sed
2549 2858 2601 2911 in
2655 2860 2843 2914 eodem
2899 2865 3196 2930 persistens
3251 2866 3444 2932 gradu.

1873 2941 1973 3008 Qui
2016 2954 2197 2997 autem
2228 2953 2280 2998 et
2310 2953 2437 2998 ante
2471 2943 2944 3014 desponsationem
2996 2950 3182 3004 furtim
3233 2955 3443 3021 coierit,

1870 3035 2039 3103 gradu
2077 3049 2174 3088 suo
2212 3035 2452 3104 perfecte
2502 3048 2766 3094 movetur.
2828 3041 2969 3096 Idem
3017 3054 3194 3096 autem
3242 3048 3443 3116 suppli-

1872 3125 2016 3178 cium
2053 3133 2108 3177 et
2139 3125 2190 3178 in
2219 3139 2312 3180 eos
2337 3124 2598 3181 Ecclesiae
2647 3131 2926 3185 ministros
2973 3132 3062 3200 qui
3109 3133 3308 3189 nullam
3346 3137 3443 3192 ita-

1872 3214 2105 3268 buerunt
2139 3230 2392 3270 manuum
2422 3217 2827 3286 impositionem
2865 3223 3154 3280 obtinebit.

2328 3391 2487 3460 122
2525 3391 2754 3447 CANON
2804 3393 2965 3450 Lxx.

177 3487 446 3550 Διάκονος
513 3488 569 3539 ἕν
613 3488 822 3557 χείλεσι
885 3491 1157 3558 μιανθεὶς,
1209 3493 1305 3545 καὶ
1366 3510 1528 3564 μεχρι
1573 3494 1764 3548 τούτου

1874 3482 2153 3546 Diaconus,
2179 3483 2267 3552 qui
2301 3485 2537 3553 pollutus
2563 3488 2716 3540 estin
2751 3485 2941 3547 labris,
2984 3498 3040 3541 et
3077 3504 3134 3542 sc
3164 3504 3228 3543 co
3274 3505 3440 3558 usque

249 3579 639 3648 ἡμαρτηκέναι
684 3581 1051 3651 ὁμολογήσας,
1103 3583 1205 3651 τῆς
1254 3584 1602 3654 λειτουργίας
1645 3589 1764 3639 ὲπι-

247 3669 626 3738 σχεθήσεται,’
658 3669 754 3721 τοῦ
795 3671 850 3723 δὲ
881 3713 898 3737 ,
921 3674 1174 3742 μετέχειν
1233 3673 1342 3728 τῶν
1402 3677 1762 3746 ἀγιασμάτων

252 3759 400 3829 μετά
431 3761 540 3812 τῶν
575 3761 844 3815 διακόνων
879 3763 1274 3834 ἀξιωθήσεται.
1320 3768 1393 3820 Τὸ
1421 3769 1552 3821 αὐτὸ
1581 3768 1638 3821 δὲ
1664 3770 1759 3822 καὶ

253 3851 671 3930 πρεσϐύτεροςε
725 3856 785 3907 El
847 3855 900 3907 δέ
977 3875 1028 3908 τι
1084 3858 1271 3911 πλεῖον
1329 3862 1616 3930 φωραθείη
1673 3881 1758 3925 τις

242 3943 608 4014 ἡμαρτηκὼς,
649 3922 724 3997 ἐν
774 3946 871 4016 οἴῳ
924 3947 989 4000 ἂν
1060 3945 1092 4020 ᾖ
1136 3922 1369 4021 βωμῷ,
1417 3922 1757 4024 ἆιαθαιρεθήὲ

239 4049 421 4089 σεται.

248 4123 450 4177 ΒΑΛΣ.
499 4125 606 4178 Τδν
668 4128 726 4180 ἐν
781 4128 990 4197 χείλεσι
1047 4131 1349 4199 μιανθέντα
1381 4134 1650 4203 διάκονον,
1713 4138 1746 4207 ἢ

175 4215 354 4280 ἱερέα,
427 4218 522 4268 καὶ
581 4217 1134 4289 ὲξομολογησὰμενον
1174 4225 1235 4275 τὸ
1286 4227 1612 4296 ἁμάρτημα,
1678 4232 1761 4282 δι-

1934 3589 2190 3643 peccasse
2235 3574 2518 3628 confessus
2574 3588 2678 3638 est,
2711 3592 2740 3629 a
2779 3578 3084 3633 ministerio
3127 3581 3439 3648 prohibebi-

1937 3675 2026 3718 tur
2061 3682 2074 3718 :
2111 3675 2168 3718 ut
2192 3676 2371 3721 autem
2403 3667 2474 3719 sit
2503 3677 2964 3721 sacramentorum
3019 3685 3138 3723 cum
3194 3675 3438 3728 diaconis

1932 3755 2204 3824 particeps
2225 3756 2413 3824 dignus
2440 3757 2742 3812 habebitur.
2759 3757 2812 3812 ω
2841 3761 3008 3827 ipsum
3028 3773 3201 3816 autem
3221 3767 3443 3835 ριτεδγ-

1934 3854 2019 3900 ter
2049 3860 2285 3916 quoque.
2318 3847 2374 3900 Si
2404 3849 2532 3916 quid
2577 3861 2756 3904 autem
2789 3850 3018 3918 amplius
3061 3868 3280 3920 pecasse
3311 3859 3432 3924 quis

1932 3937 2303 4005 deprehensus
2349 3936 2534 4002 fuerit,
2569 3939 2624 3992 in
2655 3935 2977 4009 quocunque
3007 3943 3077 3994 sit
3109 3946 3300 4012 gradu,
3337 3947 3434 4000 tle-

1933 4035 2191 4098 ponetur.

1932 4141 2125 4195 BALS.
2159 4140 2452 4193 Diaconum
2508 4141 2589 4195 vel
2632 4144 2992 4211 sacerdotem,
3038 4148 3127 4213 qui
3182 4149 3231 4201 in
3275 4149 3436 4205 labris

1862 4237 2097 4305 pollutus
2131 4247 2409 4304 peccatum
2455 4236 2738 4291 confessus
2768 4247 2870 4302 est,
2925 4242 3165 4296 decernit
3211 4255 3432 4299 sanctus

169 4304 419 4372 ορίζεται
476 4307 504 4356 ὁ
555 4306 707 4371 ἅγιος
787 4307 1095 4360 κωλύεσθαι
1153 4312 1252 4378 τῆς
1299 4315 1633 4384 ἱερουργίας,
1680 4317 1756 4388 μὴ

1874 4344 1980 4382 asse
2005 4342 2032 4380 a
2072 4342 2227 4381 sacro
2269 4327 2575 4380 ministerio
2617 4334 2932 4396 arcendum,
2968 4348 3069 4386 non
3105 4343 3284 4387 tamen
3314 4351 3435 4390 esse

175 4395 364 4461 μέντοι
388 4410 455 4459 γε
482 4394 538 4445 δὲ
574 4396 669 4446 καὶ
701 4395 800 4463 τῆς
836 4397 948 4448 τῶν
990 4399 1353 4468 ἀγιασμὰτων
1387 4407 1747 4474 μεταλήψεως

1862 4434 1889 4471 a
1923 4429 2386 4473 sacramentorum
2415 4433 2628 4487 quoque
2677 4421 3086 4488 participatione
3138 4427 3430 4491 prohiben-

171 4488 566 4557 ἀπείργεσθαι,
595 4489 732 4541 ἀλλά
758 4491 1213 4561 μεταλαμϐάνειν
1268 4497 1422 4559 ἐντὸς
1447 4499 1542 4551 τοῦ
1591 4500 1749 4568 άγίου

1877 4511 2011 4571 inm,
2057 4511 2150 4562 sed
2187 4510 2326 4562 intra
2366 4524 2581 4562 sacrum
2643 4512 2875 4564 tribunal
2921 4529 3039 4565 cum
3096 4518 3270 4583 gradu
3330 4519 3429 4570 sibi

172 4578 429 4647 βήματος
465 4580 607 4648 μετὰ
644 4580 754 4633 τῶν
790 4583 1111 4653 ίσοὸάθμων
1145 4587 1313 4640 αὑτοῦ
1343 4590 1540 4658 ἱερέων
1570 4590 1602 4660 ἢ
1638 4592 1754 4645 δια-

1859 4601 2157 4669 aequalibns
2191 4600 2569 4654 sacerdotibus
2598 4600 2677 4654 vel
2720 4603 2984 4657 diaconus
3016 4608 3428 4662 COllllllmliCJrc

169 4669 370 4722 κόνων.
405 4670 508 4721 Τὸν
540 4670 594 4722 δὲ
641 4671 716 4740 μὴ
775 4672 938 4742 μέχρι
977 4676 1166 4728 τούτου
1202 4680 1590 4750 ἡμαρτηκότα,
1615 4684 1752 4736 ἀλλά

1874 4692 1906 4744 :i
1939 4690 2378 4759 permittendum.
2412 4689 2543 4742 Eum
2569 4700 2768 4754 autem,
2794 4693 2882 4760 qui
2911 4708 3012 4745 non
3043 4709 3107 4748 eo
3141 4711 3308 4761 usque
3341 4715 3432 4750 so-

168 4759 265 4810 καὶ
312 4760 396 4820 εἰς
427 4759 587 4812 πλέον
628 4761 1086 4833 ὲξολισθήσαντα,
1155 4767 1295 4820 θέλει
1346 4771 1745 4840 καθαιρεῖσθαι.

169 4848 357 4930 Tati-rat
414 4851 506 4902 τοῦ
539 4854 762 4917 κανόνος
800 4855 1202 4926 διοριζομένου,
1238 4862 1500 4930 ἠρωτήθη
1559 4865 1754 4918 πολλά-

166 4919 285 5004 κιςί
308 4942 376 4993 Τί
401 4943 516 4993 ἐστι
547 4945 605 4996 τὸ
631 4948 688 4997 ὲν
717 4919 924 5015 χείλεσι
966 4919 1384 5021 μίανθῆναιητὸν
1405 4919 1705 5025 ίεριυμένον
1731 4977 1746 5022 ;

169 5031 275 5083 Καί
308 5048 461 5093 τινες
490 5028 647 5087 εἷπον
671 5031 812 5090 εἶναι
841 5039 900 5091 τὸ
931 5042 1095 5111 μέχρι
1125 5045 1436 5114 φιλήματος
1461 5048 1747 5114 ἐμπαθοῦς

1862 4780 1972 4834 lum
2004 4781 2266 4848 peccavit,
2321 4784 2414 4834 sed
2458 4782 2688 4850 amplius
2717 4785 2881 4836 etiam
2931 4786 3114 4853 lapsus
3159 4799 3259 4852 est,
3324 4792 3434 4842 vult

1859 4886 1977 4924 esse
2029 4873 2420 4939 deponendum.
2457 4870 2578 4925 Haec
2634 4888 2754 4926 cum
2814 4889 2936 4926 can.
2993 4879 3238 4941 definiat,
3290 4895 3433 4945 sa-pe

1859 4963 2253 5033 interrogatum
2288 4972 2390 5027 est,
2435 4962 2572 5027 Quid
2605 4965 2675 5016 sit
2723 4975 2995 5018 Sacratum
3054 4968 3323 5022 hominem
3377 4973 3428 5023 in

1855 5054 2022 5108 labris
2050 5054 2262 5122 pollui?
2303 5064 2355 5107 et
2387 5056 2637 5108 dicebant
2685 5055 2851 5123 aliqui
2889 5071 3008 5109 esse
3041 5058 3270 5125 aliquem
3301 5077 3429 5129 pt-c-

166 5123 261 5174 καὶ
292 5124 564 5190 ἐρωτικοῦ
612 5127 750 5195 πρὸς
781 5135 1018 5196 γυναῖκα
1052 5136 1341 5203 γινομένου
1360 5137 1752 5207 ,ἡμαρτηκέναι

1874 5162 2010 5203 :asse
2029 5164 2147 5200 cum
2184 5148 2410 5202 muliere
2438 5151 2501 5200 ad
2548 5149 2802 5202 iasdvum
2837 5160 2890 5203 et
2921 5156 3244 5206 amatorium
3272 5170 3430 5208 OsCtt-

165 5211 306 5271 τινὰ,
339 5211 488 5262 κατά
531 5213 590 5263 τὸ
615 5215 978 5282 εὑαγγελικὸν
1012 5225 1179 5290 ῥητὸν
1226 5225 1286 5276 τὸ
1310 5225 1506 5298 λέγον;
1553 5231 1623 5281 '0
1648 5230 1750 5298 ἐμ-

167 5299 400 5366 σίέψας
456 5307 690 5370 γυναικὶ
730 5310 898 5376 ’πρὸς
960 5313 1023 5365 τὸ
1092 5313 1459 5385 ἐπιθυμῆσαι
1528 5321 1747 5388 αὐτῆς,

1856 5241 1989 5302 lum,
2019 5241 2314 5293 secundum
2342 5239 2709 5308 evangelicum
2748 5242 2968 5303 dictum,
3008 5249 3148 5310 quod
3178 5259 3277 5303 est.
3324 5248 3427 5308 Qui

1852 5331 2057 5397 aspexit
2079 5332 2343 5383 mulierem
2372 5333 2441 5382 ad
2475 5333 2942 5398 concupiscendum
2970 5351 3083 5387 eam
3115 5338 3424 5399 ,mwcliattts

168 5389 282 5457 ἤδη
309 5396 676 5461 ἐμοίχευσεν
695 5401 914 5464 αὑτήν.
949 5403 1132 5457 ’Λλλοι
1186 5403 1342 5460 εἷπον
1373 5408 1446 5472 ὥς
1481 5427 1623 5474 τινες
1671 5411 1750 5480 τῷ

1874 5435 1925 5474 rst
1956 5438 2070 5474 cum
2125 5438 2182 5473 ea
2216 5423 2256 5477 ¹.
2302 5423 2394 5472 Alii
2432 5423 2700 5486 dicebant,
2735 5427 2874 5492 quod
2927 5427 3142 5492 quidam
3208 5427 3426 5481 Veneris

178 5483 480 5553 ἀφροδισίοι)
551 5490 689 5558 ’πυρὶ⁸
741 5491 980 5556 διακαῶς
1033 5497 1364 5568 έκκαόμενοι
1442 5501 1516 5564 ὡς
1564 5504 1742 5556 κύλικι

170 5571 412 5638 χρῶνται
445 5576 522 5645 τῷ
554 5584 850 5650 γυναικείῳ
884 5587 1090 5658 αζδοῖῳ,
1125 5590 1218 5642 καὶ
1250 5589 1318 5643 δι’
1355 5593 1517 5646 αὑτοῦ
1551 5594 1614 5662 (ὣ
1636 5596 1728 5648 τοῦ

268 5753 282 5784 ³
321 5753 515 5810 Matth.
545 5774 598 5822 ι’,
618 5760 704 5812 ‘28.

1852 5515 1975 5584 igne
2006 5516 2262 5566 ardenter
2317 5512 2653 5576 inﬂammati,
2712 5515 2958 5568 muliebri
3015 5517 3263 5582 pudendo
3304 5527 3423 5569 tan-

1849 5620 2009 5674 quam
2041 5605 2230 5673 poculo
2274 5613 2517 5669 utuntur,
2557 5615 2608 5656 ct
2647 5619 2740 5672 per
2797 5605 2969 5673 ipsuut
2999 5607 3063 5676 (ο
3103 5606 3418 5662 cxsem‘audi
