4096 6464
227 365 337 428 777

1135 368 1212 428 ιΝ
1245 368 1484 431 ΕΡιδΤ.
1523 369 1582 428 S.
1628 367 1918 428 BASlLlI
1975 365 2424 428 CANONICAM
2464 369 2578 429 lli.

3405 368 3506 430 ’ΠΒ

304 473 559 530 ΖΩΝΑΡ.
608 477 877 530 Μαντεῖαι
915 477 1012 546 μὲν
1052 477 1212 528 πάλαι
1256 473 1397 548 ἦσαν
1443 475 1500 527 αί
1551 477 1683 544 περὶ
1713 473 1811 526 τῶν

1998 471 2249 528 ZONAB.
2291 474 2553 528 Vaticinia
2593 474 2722 528 olim
2774 482 2953 538 erant,
3013 489 3133 544 quae
3194 475 3344 530 falsis
3405 479 3510 532 diis

224 559 604 635 ψευδωνύμων
647 567 786 620 θεῶν
840 569 1127 638 γινόμεναι
1177 568 1537 638 προρρήσεις,
1601 568 1634 638 ἦ
1686 566 1820 634 προς

223 656 533 726 ἐρωτήσεις
570 659 894 728 ἀποκρίσεις
919 676 934 690 ⁸
975 663 1023 712 εἰ
1059 661 1116 712 δὲ
1171 661 1266 714 καὶ
1295 660 1361 712 τὰ
1385 660 1699 729 χρηστήρια
1730 659 1822 709 ὲκ-

224 745 518 801 ).ελοίπασι
567 751 706 818 μετὰ
730 752 831 818 τὴν
859 750 1135 820 σάρκωσιν
1158 749 1254 804 τοῦ
1292 751 1525 822 Κυρίου,
1558 749 1696 803 ἁ).λά
1727 748 1822 801 καὶ

223 839 326 893 νῦν
352 840 595 909 γίνονται
651 845 804 913 παρά
833 864 994 899 τινων
1045 847 1112 899 δι’
1144 847 1371 916 ἐπῳδῶν
1406 847 1501 899 καὶ
1537 845 1821 913 ἐνεργείας

221 932 556 1003 δαιμονικῆς
603 937 962 1006 προρρήσεις,
1018 940 1067 991 εἰ
1124 939 1216 990 καὶ
1248 939 1468 1008 ψευδεῖς
1505 941 1561 990 αἱ
1597 937 1818 999 πλείους

224 1023 582 1094 ἐλέγχονταιο
616 1020 728 1079 οἷαί
764 1027 872 1078 εἰσι
924 1028 1019 1079 καὶ
1060 1028 1114 1079 αἱ
1147 1027 1299 1096 παρὰ
1348 1026 1628 1094 γυναικῶν
1657 1041 1822 1077 τικων

223 1116 543 1183 γινόμεναι,
599 1117 658 1169 αἳ
688 1117 886 1188 κριθὰς
918 1121 976 1172 ἐν
1012 1121 1169 1190 χερσὶ
1199 1119 1437 1172 τιθεῖσαι
1487 1119 1555 1172 δι’
1586 1116 1819 1174 ἐκείνων

225 1208 561 1277 προλέγουτί
605 1228 759 1264 τινα·
795 1212 955 1266 ἄλλαι
989 1213 1070 1276 δὲ,
1137 1212 1331 1278 σποδιᾷ
1385 1211 1813 1274 ἐπικύπτουσαι,

226 1300 614 1370 προμηνύουσί
648 1319 768 1355 τινα
802 1304 1087 1370 μέλλοντα.
1119 1303 1678 1372 Συναριθμείσθωσαν
1699 1301 1824 1354 τούο

221 1405 340 1453 τοις
369 1393 462 1444 καὶ
484 1393 531 1444 oi
582 1394 646 1445 ἐκ
685 1394 794 1448 τῶν
825 1395 1077 1466 ἀστέρων
1130 1395 1824 1465 προγινώσκεινολέγοντες

221 1482 296 1534 τὰ
325 1483 582 1552 ἐσόμενα,
642 1487 734 1537 καὶ
764 1489 815 1540 οἱ
862 1486 1077 1548 τούτοις
1129 1488 1425 1556 χρώμενοι,
1461 1486 1556 1548 οὓς
1613 1488 1822 1550 πάντας

221 1571 306 1642 τῷ
323 1573 589 1644 ἐπιτιμίῳ
619 1575 729 1628 τῶν
753 1579 962 1644 φονέων
992 1577 1335 1645 καθυπάγει.

241 1751 491 1808 ’ΔΡΙΣΊὶ
536 1755 594 1809 Ὀ
624 1755 887 1826 μάντεσιν
915 1760 947 1828 ἢ
999 1758 1262 1820 τοιούτοις
1294 1757 1438 1811 τισὶν
1467 1757 1664 1811 ἐαυτὸν
1698 1757 1821 1820 δοὺς

397 1852 488 1900 τὸν
521 1850 712 1918 χρόνον
750 1850 859 1902 τῶν
884 1852 1094 1917 φονέων
1122 1848 1639 1920 οίκονομηθήσεται.

309 1937 366 1990 ’0
402 1939 501 2008 μέν
537 1943 729 1993 ἐαυτδν
759 1942 978 2002 ἐπιδοὺς
1001 1943 1283 2011 μάντεσιν,
1310 1941 1342 2010 ἢ
1376 1941 1585 2008 γόησιν,
1613 1938 1645 2007 ἢ
1675 1953 1816 2008 φαρ-

223 2031 456 2098 μακοϊςέ,
496 2032 588 2083 ἐπὶ
617 2032 695 2101 τῷ
727 2034 923 2102 μαθεῖν
957 2034 1056 2102 τὴν
1091 2031 1454 2100 κακοτεχνίαν
1505 2030 1711 2092 αὐτῶν,
1741 2029 1815 2089 ὡς

218 2120 247 2171 δ
271 2121 541 2185 ἑκουσίως
571 2123 814 2190 φονεύων
867 2123 1332 2195 ἐπιτιμηθήσεται
1355 2138 1369 2152 ⁸
1404 2123 1431 2173 6
1452 2122 1509 2174 δὲ
1539 2119 1817 2173 πιστεύων

223 2213 512 2281 μάντεσιν,
555 2216 794 2282 είσάγων
825 2216 1028 2278 αὐτοὺς
1061 2219 1142 2275 εἰς
1175 2216 1269 2267 τὸν
1292 2207 1443 2266 οἶκον
1496 2212 1694 2264 ἐαυτοῦ
1723 2214 1818 2266 ἐπὶ

220 2302 512 2371 ἀνευρέσει
550 2303 639 2354 καὶ
667 2303 936 2373 καθάρσει
971 2303 1362 2374 φαρμακειῶνς
1398 2301 1429 2372 ἢ
1467 2299 1814 2369 ἀποκαλύψει

218 2393 389 2448 τινῶν
433 2398 786 2466 ἀπορρήτων,
818 2395 1070 2462 ἑξαετίαν
1113 2397 1477 2466 ἐπιτιμᾶται·
1517 2394 1593 2456 ὡς
1628 2395 1656 2445 ὀ
1688 2394 1816 2465 ἐξη-

220 2488 418 2549 κοστδς
447 2488 662 2558 πρῶτος
692 2487 874 2542 κανὼν
902 2492 1004 2559 τῆς
1034 2491 1092 2541 ἐν
1117 2488 1193 2558 τῷ
1216 2486 1471 2558 Τρού>.λῳ
1494 2487 1658 2557 ἕκτης
1689 2485 1817 2540 συνο

219 2578 347 2631 ὁδου
382 2579 764 2648 διαλαμϐάνει,
803 2583 900 2633 καὶ
923 2583 950 2633 ὁ
979 2579 1343 2649 ὀγδοηκοστὸς
1364 2579 1557 2646 τρίτος
1581 2579 1684 2645 τῆς
1715 2578 1819 2631 ἁνά

220 2672 417 2740 χεῖρας
437 2672 642 2744 ταύτης
667 2673 860 2743 τρίτης
909 2671 1208 2740 ἐπιστολῆς
1249 2669 1342 2723 τοῦ
1375 2669 1617 2741 μεγάλου
1650 2669 1816 2725 Βασι-

220 2762 398 2818 λείου.

817 2859 1058 2914 ΙίΔΝΩΝ
1107 2859 1228 2915 υΓ’.

235 2945 298 2997 Ὀ
337 2946 429 3000 τὸν
459 2949 693 3018 Χριστὸν
728 2952 1134 3021 ἀρνησάμενος,
1188 2951 1284 3005 καὶ⁵
1321 2953 1579 3024 παραϐὰς
1625 2955 1686 3006 τὸ
1718 2954 1816 3023 τῆς

298 3039 575 3109 σωτηρίας
637 3043 963 3113 μυστήριον,
1033 3046 1091 3096 ἐν
1133 3044 1295 3098 παντὶ
1350 3044 1428 3114 τῷ
1480 3045 1660 3115 χρόνῳ
1715 3046 1816 3114 τῆς

294 3129 446 3199 ζωῆς
482 3132 647 3185 αὑτοῦ
695 3134 1054 3204 προσκλαίειν
1083 3135 1311 3202 ὀφείλει.
1343 3137 1437 3188 καὶ
1470 3135 1812 3204 ἐξομολογεῖ-

299 3222 429 3275 σθαι
455 3225 744 3293 χρεωστεῖ,
775 3225 834 3278 ἐν
863 3224 940 3295 τῷ
986 3227 1167 3295 καιρῷ
1275 3226 1522 3279 ἐκϐαίνει
1558 3227 1654 3279 τοῦ
1699 3229 1818 3296 βίου

293 3314 660 3384 ἀγιασμάτων
712 3316 1035 3386 ἀξιούμενος
1090 3318 1272 3370 πίστει
1339 3318 1436 3387 τῆς
1494 3319 1648 3388 παρὰ
1681 3319 1818 3373 Θεοῦ

297 3408 743 3478 φιλανθρωπίας.

295 3499 492 3556 ΒΑΛΣ.
535 3499 595 3553 Ὀ
628 3500 728 3570 μὲν
761 3499 943 3554 κανὼν
971 3503 1150 3572 σαφής
1190 3504 1330 3555 ἐστι.
1359 3501 1668 3572 Διορίξεται
1706 3502 1816 3572 γὰρ

213 3594 351 3654 τοὺς
376 3591 795 3661 ἀρνησαμένους
827 3592 922 3644 τὸν
969 3592 1173 3662 Κύριον
1222 3595 1383 3663 ἡμῶν
1430 3595 1637 3663 Ἰησοῦν
1675 3595 1813 3664 Χριο

220 3687 375 3752 στὸν,
419 3685 514 3738 καὶ
553 3686 626 3755 μὴ
658 3684 988 3754 δεξαμένους
1026 3687 1086 3738 τὸ
1126 3687 1434 3756 μυστήριον
1487 3688 1586 3756 τῆς
1617 3688 1816 3758 ἐνσάρ-

218 3796 324 3832 κου
357 3778 670 3846 οἰκονομίας
704 3777 895 3842 αὑτοῦ,
945 3780 1307 3848 προσκλαίειν
1337 3779 1436 3831 καὶ
1470 3779 1818 3849 ἐξομολογεί-

218 3871 346 3922 σθαι
383 3868 513 3939 παρ’
549 3869 670 3921 ὅλον
713 3869 804 3921 τὸν
843 3870 941 3938 τῆς
977 3869 1126 3940 ζωῆς
1160 3871 1342 3924 αὐτῶν
1383 3871 1612 3940 χρόνον,
1672 3875 1814 3926 κατά

218 3960 392 4026 μόνας
421 3959 476 4012 δὲ
513 3961 610 4022 τὰς
669 3959 989 4022 τελευταίας
1052 3962 1332 4022 ἀναπνοὰς
1385 3961 1676 4026 ἀξιοῦσθαι
1706 3966 1804 4032 τῆς

214 4050 327 4103 τῶν
355 4049 713 4119 ἀγιασμάτων
769 4050 1158 4119 μεταλήψεως·
1213 4051 1316 4120 τῆς
1347 4051 1404 4104 δέ
1451 4055 1510 4105 ἐν
1562 4053 1812 4125 Ἀγκύρᾳ

218 4140 443 4193 συνόδου
475 4143 570 4193 καὶ
600 4141 693 4193 τοῦ
717 4141 875 4206 ἁγίου
906 4142 1309 4212 ίερομάρτυρος
1345 4145 1558 4214 Πέτρου
1605 4148 1811 4216 μηδένα

215 4233 469 4286 τοιοῦτον
501 4232 1024 4286 καθυποϐαλλόντιιν
1075 4236 1290 4303 ἐσχάτῳ
1345 4238 1613 4306 ἐπιτιμίῳ
1655 4240 1810 4291 ἀκοιο

214 4326 514 4395 νωνησίας,
565 4327 659 4380 καὶ
698 4323 808 4379 οἷον
858 4327 1300 4396 ἐναντιουμένων
1325 4329 1404 4398 τῷ
1438 4332 1668 4400 παρόντι
1705 4349 1810 4387 κα-

214 4417 352 4483 νόνι,
389 4419 508 4470 είπὲ
543 4419 623 4492 ὅτι
664 4418 905 4488 ἀνάλογα
932 4419 1119 4473 ἔθεντο
1153 4422 1201 4472 oi
1256 4422 1504 4491 Πατέρες
1536 4425 1605 4476 τά
1635 4426 1810 4479 ἐπιτί-

1927 565 2224 620 edebantur
2283 567 2686 636 praedictiones,
2746 567 2824 622 vel
2881 583 2999 636 qua:
3055 569 3122 621 ad
3179 569 3507 636 quaestiOues

1930 671 2188 726 responsa
2235 659 2524 713 dabantur.
2574 659 2765 725 Porro,
2818 661 3068 729 quamvis
3121 663 3337 715 or..eula
3386 674 3510 732 post

1927 758 2259 819 assumptum
2309 767 2338 804 a
2388 752 2620 806 Domino
2673 767 2891 807 carnem
2951 753 3270 817 deiecerint,
3330 767 3510 810 tamen

1928 838 2013 894 his
2061 856 2276 911 quoque
2327 845 2680 912 temporibus,
2719 859 2814 912 per
2859 844 3252 900 incantationes
3286 858 3340 902 et
3393 849 3507 904 ἀίε-

1929 945 2148 984 monum
2195 933 2519 997 ministeria,
2553 933 2806 986 vaticinia
2840 935 3080 1002 quasdam
3120 937 3508 1007 proferuntur;

1928 1023 2138 1077 etiamsi
2203 1024 2467 1078 mendacii
2531 1024 2792 1092 pleraque
2829 1027 3224 1080 convittcantur
3273 1045 3288 1081 :
3331 1032 3508 1097 qualia

1929 1121 2054 1165 sunt
2102 1126 2223 1180 qua:
2273 1126 2302 1164 a
2342 1115 2614 1166 nonnullis
2666 1115 2986 1169 mulieribus
3024 1116 3181 1181 liunt,
3229 1133 3347 1185 quae
3382 1122 3511 1174 hor-

1929 1202 2088 1255 deum
2140 1209 2194 1254 ιιι
2239 1204 2488 1256 manibus
2537 1205 2818 1267 habentes,
2856 1207 3102 1267 quaedam
3140 1221 3235 1273 per
3274 1209 3396 1260 illud
3430 1210 3512 1261 di-

1929 1293 2148 1359 vinant;
2181 1296 2301 1347 alite
2337 1310 2464 1349 vero
2505 1297 2674 1349 cineri
2718 1299 3119 1360 incumbentes,
3158 1297 3337 1351 futura
3368 1316 3515 1368 qua:-

1928 1385 2048 1439 dam
2099 1387 2426 1454 praedicunt.
2481 1388 3044 1457 Adjunganturhisce
3097 1399 3380 1459 praeterea,
3421 1395 3511 1460 qui

1927 1490 1987 1530 se
2040 1491 2106 1530 ex
2142 1478 2307 1531 astris
2357 1489 2578 1533 ventura
2628 1496 2790 1535 nosse
2823 1483 3168 1552 profitentur,
3202 1492 3256 1536 et
3286 1484 3375 1552 qui
3421 1498 3515 1537 eos

1927 1570 2255 1635 consulunt;
2291 1587 2426 1641 quos
2460 1572 2677 1639 quidem
2723 1588 2934 1639 omnes,
2968 1575 3358 1628 homicidarum
3395 1590 3514 1642 pa:-

1927 1661 2012 1713 nis
2052 1660 2360 1715 multandos
2387 1678 2507 1715 esse
2547 1663 2812 1717 decernit.

1931 1751 2088 1822 125
2112 1752 2342 1807 ARIST.
2392 1755 2492 1819 Qui
2541 1757 2776 1818 vatibus,
2814 1757 2893 1810 vel
2939 1757 3207 1825 ejusmodi
3255 1758 3380 1813 aliis
3426 1773 3488 1814 se

1999 1845 2180 1907 tradit,
2207 1845 2604 1899 homicidarum
2635 1855 2844 1914 tempus
2873 1848 2921 1902 ei
2953 1851 3336 1941 co-tstitnetnr.

1998 1937 2099 2002 Qui
2157 1952 2216 1991 se
2261 1938 2496 2002 vatibus,
2535 1948 2627 1991 aut
2677 1939 3186 2007 prwSIigialttribtts,
3227 1937 3321 1995 aut
3359 1940 3515 1996 vene-

1930 2026 2046 2081 ﬁcis
2088 2027 2274 2093 tradit,
2322 2038 2382 2081 ut
2434 2028 2606 2082 malas
2644 2028 2868 2082 istorum
2912 2040 3059 2084 artes
3092 2031 3299 2096 discat,
3328 2041 3387 2086 ut
3425 2048 3515 2086 vo-

1927 2116 2162 2171 luntarie
2206 2119 2483 2183 occidens,
2526 2121 2800 2187 punietur.
2845 2120 2950 2174 Sed
2997 2128 3087 2189 qui
3128 2126 3322 2178 talibus
3353 2125 3513 2178 ﬁdem

1929 2207 2110 2270 habet,
2160 2223 2363 2277 eosque
2394 2209 2446 2262 in
2498 2211 2719 2264 domum
2763 2227 2915 2266 suam
2960 2215 3272 2280 introdurit,
3305 2218 3371 2268 ad
3411 2231 3515 2270 ve-

1928 2299 2249 2354 neﬁciorum
2297 2303 2670 2358 inventionem
2717 2318 2810 2359 aut
2862 2307 3258 2377 purgationem,
3307 2321 3512 2364 autsc-
3553 2302 3558 2308 ’

1928 2401 2202 2444 cretorum
2273 2393 2637 2460 quorumdam
2712 2399 3118 2464 revelationem,
3192 2401 3513 2455 sexennium

1929 2482 2200 2547 punietur.
2259 2484 2330 2540 Ut
2387 2497 2556 2539 sexta:
2615 2488 2668 2541 in
2724 2487 2910 2544 Trullo
2968 2493 3156 2563 synodi
3214 2509 3386 2549 canon
3447 2493 3510 2550 (il

1927 2571 2191 2637 decernit,
2242 2589 2338 2629 nec
2370 2591 2474 2629 non
2524 2577 2594 2631 83
2651 2581 2820 2634 tertia:
2869 2582 3028 2658 hujus
3085 2587 3263 2656 magni
3321 2586 3505 2642 Basilii

1925 2664 2171 2733 epistolae
2202 2681 2320 2736 qua:
2347 2669 2448 2725 sub
2484 2684 2649 2724 manu
2676 2679 2777 2726 est.

2453 2855 2686 2913 CANON
2745 2859 2980 2918 LXXIII.

1926 2943 2027 3008 Qui
2077 2944 2354 3000 Christum
2400 2951 2638 3019 negavit,
2671 2963 2726 3007 et.
2755 2955 2945 3010 salutis
2977 2961 3292 3028 mysterium
3326 2971 3511 3021 trans-

1998 3049 2224 3101 gressus
2266 3046 2371 3100 est,
2417 3053 2540 3092 eum
2572 3052 2686 3096 toto
2723 3044 2845 3098 vine
2889 3059 3003 3101 suae
3034 3057 3277 3117 tempore
3301 3062 3514 3125 oportet

2000 3125 2223 3194 deﬂere,
2255 3139 2308 3184 et
2339 3130 2587 3186 conliteri
2629 3137 2901 3201 convenit,
2944 3140 2996 3191 in
3046 3147 3289 3210 tempore
3322 3157 3429 3211 quo
3483 3162 3513 3199 e

1997 3220 2107 3274 vita
2146 3221 2386 3288 excedit,
2434 3237 2780 3280 sacramento
2822 3227 3044 3298 dignum
3088 3232 3355 3300 habitum,
3384 3250 3513 3305 pro-

1998 3319 2120 3378 pter
2151 3311 2312 3368 ﬂdetn
2351 3313 2548 3368 divina:
2581 3316 2904 3373 clementiae.

1995 3512 2191 3567 BALS.
2249 3514 2447 3570 Canon
2482 3516 2703 3586 quidem
2734 3519 2915 3574 clarus
2947 3529 3031 3575 est
3063 3540 3077 3578 :
3126 3524 3320 3580 statuit
3363 3528 3507 3582 enim

1923 3611 1980 3654 ut
2010 3604 2102 3673 qui
2133 3601 2413 3657 Christum
2447 3605 2739 3661 Duttiitium
2785 3617 3032 3664 nostrmn
3067 3626 3426 3683 negaverunt,
3457 3629 3513 3672 ct

1920 3694 2036 3763 ejus
2097 3710 2216 3763 qua:
2258 3696 2309 3750 in
2346 3711 2510 3751 carne
2561 3697 2662 3752 fuit
2690 3706 3007 3756 meonnmizc
3048 3707 3366 3774 mysterium
3399 3724 3505 3762 non

1920 3797 2303 3854 susceperunt,
2359 3787 2594 3843 deﬂeant
2625 3799 2679 3844 et
2714 3793 3081 3848 COllﬁlcaltllﬂ'
3111 3805 3222 3851 toto
3267 3807 3511 3869 tempore

1919 3876 2046 3928 vita:
2073 3891 2203 3939 suae,
2241 3878 2292 3930 in
2322 3877 2435 3931 sola
2467 3888 2646 3933 autem
2680 3891 2923 3936 extrema
2969 3887 3330 3952 respiratione
3361 3891 3507 3958 digni

1920 3966 2229 4022 habeantur
2257 3981 2723 4026 sacramentorum
2756 3977 3190 4045 participatione.
3231 3979 3365 4036 Cutn
3405 3999 3506 4037 au-

1919 4067 2025 4110 tem
2075 4061 2360 4128 Ancyrana
2423 4063 2683 4132 synodus,
2743 4075 2797 4118 ct
2857 4081 3243 4125 sacrosanctus
3297 4083 3504 4143 martyr

1922 4149 2120 4203 Petrus
2172 4162 2420 4207 extremo
2469 4156 3058 4214 cxcommunicationis
3105 4163 3373 4230 supplicio
3411 4181 3477 4219 ne

1926 4242 2126 4294 minem
2164 4242 2477 4308 πυλὺ-ἰωή,
2512 4255 2566 4297 οι
2596 4250 2853 4314 praesenti
2888 4251 3080 4304 C'JllOttl
3117 4254 3280 4307 veluti
3310 4256 3504 4310 adver-

1919 4343 2133 4396 sentnr,
2195 4336 2280 4388 die
2337 4335 2480 4403 quod
2530 4335 2725 4392 Patres
2779 4347 3090 4397 statuerunt
3147 4357 3337 4414 poenas
3388 4348 3502 4400 suis

1915 4424 2250 4494 temporibus
2300 4427 2706 4482 convenientes.
2743 4429 2843 4496 Qui
2878 4434 3021 4487 enim
3051 4446 3209 4489 erant
3240 4440 3499 4506 tempori-

218 4525 322 4577 μια
357 4509 494 4578 πρὸς
543 4511 669 4571 τοὺς
711 4509 874 4573 ἰδίους
901 4512 1151 4580 καιρούς.
1186 4512 1250 4563 01.
1280 4511 1381 4580 μὲν
1424 4513 1533 4583 γὰρ
1571 4509 1714 4584 ἦσαν
1745 4519 1804 4570 ἐν

1920 4515 2014 4568 bus
2079 4517 2486 4572 Vehementium
2543 4523 3004 4590 persecutionum,
3057 4527 3279 4595 quando
3331 4533 3496 4584 etiam

215 4601 435 4669 καιροῖς
464 4601 710 4671 σφοδρῶν
739 4601 1018 4671 διωγμῶν,
1053 4603 1145 4655 ὅτε
1191 4603 1286 4656 καὶ
1331 4605 1363 4675 ἡ
1405 4605 1589 4668 πίστις
1634 4609 1805 4679 ἀστή-

215 4707 404 4759 ρικτος
433 4685 523 4759 ἦν,
558 4693 650 4743 καὶ
695 4693 784 4745 sua
813 4693 971 4746 τοῦτο
998 4696 1116 4756 τοῖς
1149 4697 1571 4765 παραπίπτουσι
1605 4715 1798 4767 μετρι-

210 4778 423 4850 ὡτερον
477 4783 902 4852 προσεφέροντο,
965 4783 1501 4851 συγκαταϐαίνοντες
1566 4786 1658 4839 διά
1703 4787 1802 4858 τὴν

213 4871 470 4941 ἀνάγκην
525 4872 633 4924 τῶν
667 4873 950 4927 διωκτῶν·
983 4877 1012 4928 δ
1055 4875 1113 4928 δὲ
1172 4877 1349 4946 μέγας
1398 4877 1705 4944 Βασίλειος,
1743 4881 1800 4932 ἐν

213 4963 400 5032 καιρῷ
449 4962 734 5034 τυγχάνων
776 4967 866 5019 ὅτε
921 4967 955 5037 ἡ
989 4967 1171 5030 πίστις
1214 4968 1529 5036 ὲπλατύνθη
1580 4970 1676 5021 καὶ
1713 4969 1804 5039 βε-

213 5055 482 5126 ϐαιοτέρα
506 5058 746 5124 ἐγένετο,
774 5057 1137 5129 σφοδρότερον
1165 5061 1537 5130 προσεφέρετο
1563 5064 1675 5124 τοῖς
1704 5063 1804 5131 ἀρ-

211 5151 506 5218 νουμένοις
538 5147 637 5218 τὴν
665 5149 872 5206 πίστιν.
933 5150 1008 5204 Ἦ
1060 5150 1182 5202 είπέ
1226 5151 1310 5203 δτι
1339 5152 1390 5203 oi
1424 5151 1525 5222 μὲν
1561 5153 1801 5223 Πατέρες

211 5237 536 5303 διετάξαντο
567 5239 694 5307 περὶ
727 5240 835 5295 τῶν
869 5241 1013 5294 κατά
1036 5239 1158 5312 βίαν
1185 5245 1519 5312 τυραννικὴν
1557 5245 1802 5316 ἀρνησα-

215 5333 405 5402 μένων
434 5333 525 5388 τὸν
556 5333 814 5403 Χριστὸν,
877 5334 972 5386 καὶ
1014 5333 1104 5387 διὰ.
1165 5333 1325 5386 τοῦτο
1374 5335 1700 5404 κουφίζουσι
1736 5339 1802 5390 τά

211 5428 509 5497 ἐπιτίμια⁹
552 5431 581 5483 ὁ
627 5429 683 5482 δὲ
717 5427 908 5499 παρὼν
932 5427 1112 5482 κανὼν
1149 5427 1495 5483 διατάττεται
1538 5431 1664 5500 περὶ
1694 5431 1803 5484 τῶν

211 5519 488 5582 ἑκουσίως
522 5518 616 5572 καὶ
649 5521 817 5590 χωρὶς
843 5519 1092 5591 ἀνάγκης
1113 5520 1257 5583 τινος
1287 5521 1682 5591 ἀρνησαμένων
1711 5524 1802 5576 τὸν

211 5609 478 5683 Χριστὸν,
513 5613 606 5663 καὶ
628 5611 716 5663 διὰ
752 5611 910 5666 τοῦτο
953 5611 1178 5682 βαρεῖαν
1209 5612 1433 5665 κόλασιν
1474 5613 1672 5683 ἐπάγει
1703 5614 1798 5668 αὺ-

211 5707 351 5766 τοῖς.
385 5703 459 5756 Τὸ
494 5703 550 5756 δέ
585 5703 937 5772 προσκλαίειν
969 5705 1194 5767 τούτους
1231 5709 1324 5759 καὶ
1358 5707 1800 5777 ἐξομολογεῖσθαι

211 5795 280 5848 δι’
309 5795 442 5860 ὅλης
461 5793 563 5864 τῆς
604 5795 808 5858 οίκείας
839 5795 980 5864 ζωῆς
1008 5794 1228 5861 λέγουσί
1249 5814 1392 5862 τινες
1425 5799 1500 5868 μὴ
1525 5800 1801 5871 ἐκλαμϐἀο

607 5887 880 5952 Ριτιιοι..
920 5892 1036 5954 (in.
1086 5889 1467 5953 CXXXVIII.

1909 4606 2046 4663 ﬁdes
2087 4622 2195 4663 non
2239 4621 2360 4665 erat
2402 4609 2561 4665 valde
2595 4612 2827 4681 stabilis,
2863 4623 2920 4670 et
2961 4629 3250 4687 pr0pterea
3297 4620 3350 4676 iit
3404 4637 3498 4691 eos

1911 4696 2007 4765 qui
2062 4697 2406 4765 labebantur,
2454 4716 2512 4756 se
2563 4704 2750 4758 mitius
2794 4706 3075 4774 gerebant,
3128 4724 3233 4766 una
3265 4713 3495 4768 condes.

1915 4788 2212 4844 ceutlentes
2245 4803 2466 4860 prapter
2501 4807 2908 4863 persecutorum
2949 4802 3356 4858 necessitatem.
3386 4805 3497 4860 Ma-

1911 4894 2049 4948 gnus
2076 4891 2253 4936 autem
2303 4882 2535 4941 Basilius
2583 4887 2675 4954 qui
2704 4897 2822 4942 erat
2852 4904 2918 4943 eo
2947 4897 3192 4960 tempore
3221 4909 3329 4964 quo
3359 4896 3493 4952 fides

1912 4968 2134 5022 dilatata
2191 4971 2508 5044 ﬁrmiorque
2544 4973 2687 5030 facta
2730 4988 2835 5044 est,
2876 4977 2980 5034 fuit
3019 4984 3396 5041 vehementior
3437 4989 3490 5042 in

1910 5071 2005 5111 eos
2043 5059 2137 5129 qui
2175 5060 2334 5115 ﬁdem
2390 5065 2680 5134 negabant.
2713 5067 2809 5123 Vel
2841 5069 2930 5124 die
2974 5074 3118 5142 quod
3149 5073 3340 5130 Patres
3369 5079 3490 5145 qui.

1912 5153 2034 5205 dein
2094 5152 2165 5207 de
2218 5152 2288 5210 iis
2339 5167 2652 5213 statuerunt
2701 5160 2794 5231 qui
2845 5176 2941 5230 per
2990 5164 3099 5220 vim
3155 5169 3490 5239 tyranuieam

1909 5243 2186 5302 Christum
2238 5260 2529 5321 negarunt,
2563 5262 2618 5308 et
2663 5254 2784 5311 ideo
2813 5272 3005 5325 ρωπος
3053 5260 3316 5330 mitigant.
3346 5264 3490 5320 Pra-

1909 5352 2040 5394 seus
2088 5353 2270 5396 antem
2318 5359 2490 5399 canon
2540 5346 2606 5400 de
2647 5348 2714 5404 iis
2747 5349 2991 5405 decernit
3017 5353 3108 5424 qui
3136 5368 3235 5408 sua
3275 5366 3486 5423 sponte.

1907 5441 1962 5484 et
1992 5431 2109 5487 sine
2147 5434 2325 5504 aliqua
2373 5438 2698 5494 necessitate
2741 5439 3020 5498 Christum
3048 5459 3398 5514 negaverunt,
3435 5456 3488 5500 et

1913 5535 2203 5597 propterea
2250 5545 2469 5599 gravem
2511 5531 2621 5588 illis
2670 5548 2886 5603 ptenam
2915 5535 3128 5592 inﬂixit.
3159 5537 3280 5593 Illos
3307 5547 3483 5593 autem

1909 5617 2124 5684 deﬂere,
2169 5628 2226 5674 et
2264 5635 2359 5689 per
2410 5631 2579 5678 totam
2621 5625 2785 5679 vitam
2833 5628 3102 5694 conﬁteri,
3140 5630 3324 5684 dicunt
3347 5643 3488 5684 non-

1911 5708 2045 5762 nulli
2076 5725 2182 5764 non
2211 5711 2385 5783 accipi
2416 5713 2480 5766 ad
2514 5713 2614 5768 hoc
2644 5727 2700 5770 ut
2740 5729 3012 5786 ponantur
3041 5718 3094 5772 in
3138 5719 3256 5774 loco
3278 5717 3479 5775 deﬂen-

1908 5801 2077 5856 tium:
2104 5800 2215 5859 lloc
2237 5804 2405 5872 crtior,
2431 5803 2697 5876 inquiunt,
2725 5818 2800 5863 est
2833 5825 2860 5861 a
2885 5810 3058 5864 sancti
3089 5809 3479 5875 misericordia,

3065 5898 3136 5958 25
