4096 6460
211 367 313 429 781

1133 361 1215 422 1N
1256 362 1496 422 EPIST.
1529 361 1589 420 S.
1628 361 1914 422 BASILII
1957 361 2400 424 CANONICAM
2439 362 2553 425 Ῑῐῐ.

3353 355 3460 417 782

213 478 327 532 ϐὼν
353 476 574 545 δεσμεῖν
609 475 702 529 καὶ
731 474 900 536 λύειν,
927 472 1022 525 ἐὰν
1047 473 1132 543 ι’δῃ
1162 474 1253 535 τδν
1285 472 1373 526 διά
1395 489 1450 524 τι
1489 472 1791 541 ἁμάρτημα

1897 476 2057 542 cepit,
2105 474 2149 526 si
2179 473 2374 526 viderit
2403 487 2525 526 eum
2558 469 2647 539 qui
2680 475 2899 538 prapter
2938 465 3153 534 aliquod
3184 475 3460 534 peccatum

215 568 616 637 ἐπιτιμηθέντα
676 565 793 633 μετ’
824 563 1176 632 εὐχαριστίας
1224 563 1334 615 τῶν
1370 563 1660 631 ἐπιτιμίων
1693 564 1792 629 τὴν

215 659 518 730 θεραπείαν
547 659 860 724 δεξάμενον,
922 657 1016 708 καὶ
1055 656 1200 724 μετὰ
1252 656 1590 725 θερμοτέρας
1624 671 1792 707 σπου-

215 747 310 814 δῆς
341 746 438 812 τὴν
490 743 775 812 μετάνοιαν
805 742 1249 812 ἐπιδεικνύμενον
1273 782 1290 808 ,
1321 745 1619 797 ἐλαττώσει
1664 747 1792 806 τοὺς

215 835 444 903 χρόνους
471 834 578 886 τῶν
609 834 924 901 ἐπιτιμίων,
958 836 1037 901 μὴ
1070 833 1401 902 πεσούμενος
1425 840 1790 902 κατάγνωσιν,

217 926 290 987 ὡς
321 927 481 994 δῆθεν
504 925 854 994 παραϐαίνων
882 930 980 990 τὴν
1012 927 1138 991 περὶ
1161 926 1267 977 τῶν
1295 928 1505 994 χρόνων
1534 926 1643 977 τῶν
1671 928 1793 978 ὲπι-

215 1017 417 1084 τιμίων
457 1017 750 1084 κανονικὴν
788 1015 1099 1082 ἀκρίϐειαν.
1136 1016 1393 1068 Διδάσκει
1427 1017 1536 1085 γὰρ
1573 1018 1724 1085 ἡμᾶς
1759 1017 1792 1085 ἡ

215 1105 410 1173 Γραφὴ
442 1106 526 1158 ὅτι
560 1107 640 1167 είς
678 1105 804 1166 τοὺς
855 1103 994 1172 μετά
1043 1105 1286 1173 μείζονος
1339 1107 1504 1158 πόνου
1539 1105 1793 1173 ἐξομολο-

213 1196 518 1263 γουμένους
579 1196 793 1263 ταχέως
845 1196 878 1264 ἡ
944 1194 1329 1263 φιλανθρωπία
1377 1196 1794 1262 καταλαμϐάνει

212 1283 310 1335 τοῦ
338 1285 494 1335 Θεοῦ.
535 1284 641 1335 Καὶ
667 1285 694 1334 ὁ
725 1284 827 1351 μὲν
879 1283 1059 1334 κανὼν
1117 1284 1174 1332 ὲν
1201 1281 1434 1343 τούτοις.
1475 1285 1546 1335 Σὺ
1580 1284 1635 1335 δὲ
1665 1285 1796 1336 ἁ.νά-

213 1375 386 1440 γνωοι
421 1375 482 1426 τὸ
533 1373 609 1426 λϐ⁹
650 1392 774 1441 κερ.
805 1374 898 1428 τοῦ
931 1373 975 1426 θ’
1009 1375 1191 1427 τίτλου
1221 1373 1314 1426 τοῦ
1368 1375 1636 1442 παρόντος
1671 1392 1796 1426 συν-

213 1469 519 1534 τάγματος,
574 1468 670 1520 καὶ
718 1469 844 1528 τοὺς
897 1469 954 1518 ὲν
983 1466 1130 1535 αὖτῷ
1165 1465 1659 1536 καταστρωθέντας
1709 1468 1796 1519 νό-

217 1574 376 1626 μους.
406 1563 499 1609 καὶ
535 1559 713 1629 μάθῃς
750 1559 832 1610 ὃτι
862 1557 1096 1626 διαφορᾶ
1127 1559 1242 1610 ἔστι
1284 1557 1393 1608 τῶν
1420 1558 1794 1624 ἀποφαινομέ-

215 1666 327 1701 νων
377 1649 647 1701 δικαστῶν
702 1650 952 1710 κολάσεις
1004 1649 1324 1716 σωματικὰς
1373 1649 1514 1701 κατᾶ
1569 1649 1637 1700 τὰ
1686 1649 1796 1700 τῶν

214 1741 523 1809 γεγονότων
579 1740 897 1792 ὑπευθύνων
949 1740 1290 1808 ἐγκλήματα,
1322 1741 1415 1792 καὶ
1448 1742 1556 1792 τῶν
1588 1741 1796 1808 ὁριζόμ-

213 1849 328 1884 των
359 1833 675 1884 ἐπισκόπων
723 1832 973 1899 ἐπιτίμια
1028 1831 1462 1900 ἐκκλησιαστικὰ
1507 1833 1649 1886 κατὰ
1686 1834 1793 1885 τῶν

215 1923 732 1992 ἐξομολογουμένων
782 1925 1158 1992 ἁμαρτήματα
1203 1924 1430 1993 ψυχικα.
1465 1925 1526 1976 Οί
1563 1925 1661 1993 μὲν
1685 1926 1794 1993 γὰρ

213 2018 317 2077 τὰς
349 2017 662 2085 ὁρισθείσας
696 2017 803 2067 ἀπὸ
839 2015 931 2067 τοῦ
990 2018 1155 2083 νόμου
1189 2016 1382 2078 ποινὰς
1436 2015 1558 2068 οὔτε
1611 2016 1795 2079 αὔξειν

213 2106 342 2160 οὔτε
377 2109 564 2176 μειοῦν
613 2109 868 2160 δύνανται
901 2108 1068 2174 χωρὶς
1105 2107 1390 2175 βασιλικῆς
1450 2107 1752 2171 κελεύσεως
1778 2123 1790 2137 ·

213 2202 263 2252 οἱ
297 2200 354 2250 δὲ
384 2202 450 2250 τὰ
481 2200 678 2267 φορτία
705 2199 815 2250 τῶν
838 2199 1123 2266 ἡμετέρων
1146 2199 1433 2269 ἁμαρτιῶν
1457 2200 1791 2269 ἀναδεχόμε-

212 2306 321 2351 νοι,
356 2288 427 2348 ὡς
461 2289 556 2339 καὶ
603 2287 796 2354 λόγους
834 2287 973 2355 ὑπὲρ
1009 2286 1162 2354 ἡμῶν
1203 2287 1282 2352 τῷ
1333 2286 1451 2355 Θεῴ
1508 2288 1794 2356 μέλλοντες

211 2380 431 2438 δώσειν,
462 2380 602 2432 κατὰ
627 2381 689 2431 τὸ
705 2379 897 2432 δοκοῦν
919 2381 1102 2440 αὐτοῖς
1124 2382 1215 2431 καὶ
1240 2380 1463 2443 αὔξουσι
1493 2381 1586 2431 καὶ
1619 2379 1797 2447 μειοῦ-

213 2489 269 2523 σι
308 2472 374 2521 τὰ
405 2472 676 2538 ἐπιτίμια,
724 2471 812 2523 δια
848 2487 928 2521 τοι
984 2469 1144 2522 τοῦτο
1190 2473 1284 2524 καί
1321 2471 1573 2536 ἐξουσίαν
1608 2473 1794 2540 ἔχουσι

217 2562 300 2631 μὴ
351 2563 545 2630 μόνους
585 2564 712 2622 τοὺς
741 2565 963 2630 χρόνους
1011 2565 1119 2614 τῶν
1170 2565 1468 2631 ἐπιτιμίων
1512 2565 1790 2628 ἐλαττοῦν,

214 2651 359 2701 αλλὰ
418 2651 512 2701 καὶ
545 2650 614 2700 τὰ
682 2649 932 2716 ἐπιτίμια
969 2652 1343 2717 μεταμείϐειν.
1382 2651 1499 2702 Κᾶν
1541 2653 1796 2719 γὰρ’ὲπὶ

213 2739 468 2806 τριετίαν
507 2738 669 2806 τυχὸν
707 2739 901 2806 ὁρισθῇ
949 2739 1040 2790 τὸν
1079 2740 1442 2822 ἡμαρτηκότα
1490 2741 1608 2791 τόδε
1640 2757 1690 2790 τι
1721 2742 1795 2811 μὴ

213 2834 643 2902 κρεωφαγῆσαι,
671 2830 805 2898 μηδὲ
828 2829 1088 2895 συστῆναι
1109 2833 1221 2889 τοῖς
1261 2831 1497 2891 πιστοῖς,
1530 2830 1794 2892 ὡσαύτως

218 2924 361 2993 μηδὲ
425 2922 748 2990 μεταὶαϐεἰν
801 2921 911 2970 τῶν
948 2919 1107 2973 θείων
1147 2921 1513 2989 ἁγιασμάτων
1539 2937 1554 2952 ·
1617 2921 1733 2973 ἀλλ’
1767 2925 1795 2975 ὁ

214 3016 319 3084 τὴν
357 3013 747 3082 ἐξομολόγησιν
790 3013 1084 3080 δεξάμενος
1111 3015 1248 3081 πρὸς
1277 3016 1376 3081 τὴν
1406 3015 1671 3082 ποιότητα
1699 3017 1793 3066 τοῦ

1897 577 2054 631 paena
2106 559 2328 615 allectus
2363 570 2468 624 est,
2518 573 2642 612 cum
2679 558 2976 627 gratiarum
3024 555 3236 606 actione
3276 565 3463 620 poena-

1898 669 2013 707 rum
2049 655 2309 708 medelam
2342 651 2664 720 suscepisse,
2700 660 2755 704 et
2803 648 3106 702 ardentiore
3141 647 3317 700 studio
3348 658 3463 714 pte-

1895 745 2174 797 nitmitiam
2212 743 2517 807 ostendere,
2552 751 2761 809 tempus
2804 754 2972 806 ῃωιιαι
3019 739 3303 796 diminuet.
3356 750 3461 789 non

1898 837 2096 889 timens
2139 835 2644 890 condemnationem
2676 840 2932 898 tanquam
2964 832 3054 898 qui
3089 833 3273 896 utique
3301 843 3465 880 cano-

1897 929 2072 980 nioum
2104 929 2359 995 temporis
2387 940 2667 994 pcenarum
2697 924 3060 975 deliniaionem
3104 920 3470 984 transgredio-

1899 1025 2004 1070 tur.
2039 1016 2203 1071 Docet
2228 1021 2371 1070 enim
2401 1032 2498 1070 nos
2527 1014 2825 1081 Scriptura,
2855 1014 2993 1079 quod
3024 1013 3112 1081 qui
3138 1012 3249 1080 jam
3277 1009 3465 1076 majori

1896 1108 2085 1162 labore
2127 1107 2473 1170 conﬁtentur,
2522 1120 2615 1159 eos
2666 1103 2755 1157 Dei
2809 1103 3180 1156 misericordia
3237 1101 3466 1154 celerius

1897 1201 2268 1270 apprehendit.
2320 1197 2384 1251 Et
2439 1197 2490 1250 iu
2549 1199 2631 1250 his
2679 1197 2891 1264 quidem
2930 1210 3126 1249 canon.
3173 1193 3250 1245 Tn
3284 1203 3462 1246 autem

1898 1294 2012 1359 lege
2042 1307 2160 1359 cap.
2203 1291 2272 1344 59
2327 1290 2409 1342 tit.
2445 1290 2498 1351 9,
2547 1288 2829 1356 przrscmis
2856 1285 3052 1354 operis,
3101 1293 3152 1337 et
3182 1287 3322 1348 logos
3347 1299 3465 1351 qua,

1898 1384 1950 1435 in
1981 1397 2042 1435 ea
2075 1383 2190 1434 sita:
2233 1390 2378 1445 sunt,
2410 1389 2464 1431 et
2495 1395 2560 1431 ex
2593 1379 2674 1431 Itis
2703 1379 2844 1432 scies
2871 1378 3011 1444 quod
3052 1387 3134 1429 est
3164 1375 3463 1429 differentia

1899 1471 2286 1539 iuterjudiccs,
2317 1472 2405 1538 qui
2440 1471 2787 1538 pronuntiant
2818 1470 3127 1536 corporales
3154 1471 3466 1535 punitiones

1897 1565 2154 1616 adversus
2183 1578 2276 1615 eos
2303 1564 2390 1630 qui
2417 1572 2541 1615 sunt
2570 1563 2885 1614 criminibus
2914 1562 3213 1622 obnoxii,et
3253 1561 3457 1628 episco-

1900 1668 1995 1721 pos
2018 1653 2106 1719 qui
2132 1653 2428 1706 decernunt
2451 1667 2641 1721 ptenas
2669 1652 3064 1706 ecclesiasticas
3093 1653 3350 1704 adversus
3375 1665 3469 1704 eos

1899 1747 1989 1813 qui
2026 1748 2220 1798 anima:
2269 1757 2489 1814 peccata
2538 1744 2881 1798 confitentur.
2917 1743 2992 1796 llli
3041 1743 3182 1795 enim
3218 1756 3408 1810 paruas
3435 1757 3465 1796 a

1898 1839 2014 1907 lege
2045 1840 2370 1893 constitutas
2409 1853 2507 1890 nec
2557 1846 2779 1907 possunt
2823 1850 3038 1904 augere,
3085 1849 3185 1888 uec
3227 1838 3466 1888 minuere

1898 1931 2019 1984 sine
2049 1931 2202 1997 jussu
2251 1931 2614 1997 imperatoris.
2664 1929 2723 1982 lli
2755 1944 2880 1983 vero
2923 1939 3229 1982 nostrorum
3273 1943 3466 1995 pecca-

1900 2027 2076 2072 torum
2123 2035 2286 2073 onera
2333 2020 2708 2086 suscipientes,
2753 2029 3003 2086 tanquam
3043 2020 3149 2072 Deo
3183 2035 3276 2086 pro
3313 2018 3468 2073 nobis

1897 2111 2138 2163 rationes
2189 2109 2475 2169 reddituri,
2519 2119 2575 2163 et
2603 2125 2699 2178 pro
2759 2124 2856 2162 suo
2887 2110 3147 2163 arbitratu
3189 2099 3375 2177 pte-uas
3414 2120 3468 2163 et

1900 2211 2119 2270 augent.
2153 2211 2206 2253 et
2239 2201 2510 2266 minuunt,
2543 2211 2597 2254 et
2629 2201 2751 2255 ideo
2789 2201 2839 2253 in
2871 2215 3056 2254 eorum
3088 2212 3171 2255 est
3203 2212 3467 2268 powstate
3501 2263 3507 2275 1

1898 2306 2006 2345 non
2036 2291 2208 2344 sulu
2249 2305 2528 2357 pmuarutu
2561 2301 2798 2356 tempora
2847 2290 3144 2350 minuendi,
3179 2292 3271 2344 sed
3301 2291 3463 2344 etiam

1897 2396 2086 2448 pinnas
2127 2381 2516 2435 commutandi.
2564 2381 2674 2432 Etsi
2726 2381 2870 2433 enim
2903 2380 3048 2432 verbi
3107 2381 3279 2448 gratia
3334 2395 3465 2434 con-

1898 2474 2142 2526 Stiltltttttt
2195 2480 2299 2535 est,
2350 2480 2403 2522 ut
2443 2471 2534 2539 qui
2585 2471 2684 2525 hoc
2729 2470 2809 2524 vel
2846 2471 2970 2523 illud
3004 2483 3279 2538 peccatum
3317 2487 3467 2524 com-

1900 2553 2294 2617 t'nisiticarnent
2328 2581 2434 2618 non
2464 2566 2731 2624 comedat,
2768 2577 2869 2615 nec
2904 2578 3024 2615 cum
3060 2563 3309 2615 ﬁdelibus
3339 2579 3468 2617 con-

1895 2655 2074 2717 Slslﬂl,
2115 2654 2365 2707 similiter
2396 2669 2497 2707 nec
2541 2655 2610 2706 sit
2655 2654 2956 2705 divinorum
3002 2663 3464 2707 sacramentorum

1901 2759 1997 2810 per
2035 2746 2326 2798 triennium
2364 2747 2628 2811 particeps
2662 2761 2675 2798 :
2719 2744 2808 2812 qui
2860 2754 3034 2797 tamen
3067 2747 3464 2801 confessiOnem

1902 2835 2136 2900 suscepit
2164 2849 2260 2901 pro
2285 2848 2533 2902 persona:
2557 2835 2643 2886 cui
2675 2848 2828 2901 pcena
2860 2833 3157 2901 imponitur
3182 2837 3462 2902 qualitate,

1896 2935 1948 2977 et
1977 2925 2094 2992 ejus
2122 2923 2477 2978 confessionis
2502 2925 2863 2985 vehementia.
2897 2937 2948 2979 et
2991 2928 3321 2993 pmnitentiae
3353 2936 3467 2981 stu-

1901 3016 2007 3077 dio,
2075 3017 2171 3067 has
2221 3016 2437 3081 quidem
2501 3029 2687 3082 pwnas
2745 3015 3135 3080 moderabitur,
3187 3017 3304 3068 illas
3341 3032 3467 3070 vero

213 3106 630 3173 ἐπιτιμωμένου
674 3104 986 3173 προσώπου,
1028 3103 1124 3155 καὶ
1168 3109 1268 3172 τὴν
1326 3104 1636 3175 Θερμὸτητα
1698 3107 1791 3174 τῆς

1903 3105 2300 3173 multiplicabit.
2333 3106 2510 3170 Quare
2541 3122 2644 3157 non
2671 3115 2755 3158 est
2787 3105 3124 3171 accipiendus
3157 3107 3242 3158 hic
3272 3122 3465 3170 catum,

215 3196 664 3263 ὲξομολογήσεως
719 3195 904 3259 αὐτοῦ,
939 3197 1033 3247 καὶ
1065 3194 1165 3261 τὴν
1204 3196 1441 3264 σπουδὴν
1493 3198 1589 3266 τῆς
1620 3215 1795 3265 μετα-

211 3287 404 3346 νοίας.
441 3286 566 3337 τάδε
613 3287 710 3356 μὲν
737 3289 847 3338 τῶν
877 3286 1174 3352 ἐπιτιμίων
1208 3288 1510 3356 μετριάσει,
1546 3291 1707 3359 ἕτερα
1739 3290 1795 3342 δὲ

211 3377 718 3430 πολλαπλασιασει.
782 3379 945 3431 ’Ὥστε
1001 3379 1076 3447 μὴ
1110 3377 1405 3446 ὲκληπτέον
1438 3379 1529 3432 τὸν
1570 3381 1793 3441 κανόνα.

213 3468 402 3530 καθώς
430 3486 572 3531 τινες
596 3467 770 3529 εἷπον.
799 3473 878 3531 εἰς
923 3470 1091 3538 μόνην
1117 3470 1414 3520 ἐλάττωσιν
1452 3470 1546 3520 τοῦ
1599 3470 1790 3538 χρόνον

213 3561 325 3612 τῶν
358 3563 674 3620 ἐπιτιμίων,
709 3560 844 3612 ἀλλὰ
875 3561 967 3611 καὶ
993 3562 1072 3620 είς
1124 3561 1270 3611 ἅπαν
1296 3553 1435 3619 εἶδος
1471 3559 1790 3628 ἐπιτιμίων.

209 3649 373 3709 Two;
401 3648 456 3699 δὲ
500 3649 832 3718 στρατιώτου
877 3649 1267 3718 περιπεσόντος
1309 3647 1565 3700 ἑκουσίου
1625 3651 1786 3715 φόνου

209 3736 526 3806 ἐγκλήματι
561 3777 574 3798 ,
625 3739 776 3806 παρὶι
835 3737 1138 3807 ἀρχιερέως
1187 3739 1334 3799 τινὸς
1388 3739 1528 3805 μετὰ
1569 3739 1790 3809 μέτριον

211 3829 362 3881 πάνυ
397 3828 588 3894 καιρὸν
611 3829 903 3897 ἐγγράφως
930 3829 1302 3891 αοωωθὲντος,
1350 3828 1379 3880 ὀ
1404 3832 1668 3899 κραταιὸς
1697 3832 1790 3883 καὶ

204 3920 371 3987 ἅγιος
393 3920 548 3987 ἡμῶν
579 3918 840 3987 βασιλεὺς
863 3920 1206 3990 δυσχεράνας
1249 3921 1341 3972 ἐπὶ
1374 3919 1451 3991 τῷ
1493 3923 1792 3993 γενομένῳ,

205 4013 510 4083 διωρίσατο
537 4012 629 4062 ἐπὶ
677 4011 787 4063 τῶν
826 4010 1052 4080 ἡμερῶν
1080 4010 1172 4063 τοῦ
1216 4011 1523 4078 ἁγιωτάτου
1582 4014 1791 4065 ἐκείνου

205 4104 558 4172 πατριάρχου
582 4103 774 4170 κυρίου
794 4103 980 4155 Λουκᾶ
1011 4103 1355 4171 σκοπηθῆναι
1391 4103 1710 4165 συνοδικῶς,
1745 4105 1792 4155 εί

205 4193 398 4252 καλῶς
429 4189 506 4257 τῷ
549 4189 856 4258 στρατιώτῃ
896 4187 1330 4258 ἑπεφιλοτιμηθη
1386 4190 1421 4256 ἡ
1470 4188 1581 4240 τῶν
1613 4192 1796 4242 ἐπιτι-

208 4282 356 4352 μίων
385 4280 658 4343 ἀθὼωσις,
695 4278 1264 4347 κατεσπουδασμένως
1292 4278 1436 4332 οὕτω
1459 4282 1552 4332 καὶ
1576 4274 1688 4332 οἷον
1714 4283 1793 4332 εί-

205 4377 335 4424 πεῖν
367 4371 433 4422 οὐ
460 4369 785 4437 συμπαθῶς,
840 4368 977 4419 ἀλλὰ
1011 4368 1363 4438 προσπαθὼς.
1391 4368 1495 4421 Τοῦ
1521 4370 1577 4422 δὲ
1607 4373 1792 4441 ἀρχιε-

1902 3206 1960 3248 ut
1995 3195 2234 3248 ntmuulli
2281 3196 2551 3258 dicebant,
2611 3199 2674 3248 ad
2707 3195 2872 3249 solam
2904 3196 3158 3263 temporis
3187 3210 3464 3264 pennarum

1898 3286 2328 3345 diminutionem.
2349 3286 2441 3339 sed
2466 3294 2531 3336 ait
2553 3300 2708 3338 onme
2733 3300 2902 3352 puinze
2923 3299 3112 3355 genus.
3139 3286 3272 3339 Cum
3292 3302 3464 3341 autem

1898 3376 2116 3442 quidam
2157 3375 2311 3427 miles
2356 3375 2406 3427 itt
2444 3374 2758 3427 voluntaria:
2790 3377 2953 3429 caulis
2982 3377 3189 3430 crimen
3230 3379 3462 3434 incidis-

1898 3472 2002 3528 set,
2037 3474 2091 3519 et
2145 3480 2175 3518 a
2227 3467 2458 3534 quodam
2511 3467 2768 3530 antistite,
2825 3476 2945 3535 post
2992 3467 3146 3519 valde
3197 3471 3463 3533 modicum

1901 3564 2132 3622 tempus,
2190 3559 2329 3610 datis
2359 3559 2599 3625 scriptis,
2647 3548 2922 3611 absolutus
2965 3567 3127 3623 esset,
3178 3572 3366 3629 potens
3412 3573 3469 3616 et

1899 3656 2120 3698 sanctus
2171 3656 2353 3698 uOster
2397 3647 2710 3712 imperator,
2741 3657 2803 3702 et
2848 3650 3116 3711 dominus,
3165 3651 3214 3702 id
3265 3650 3462 3706 factum

1897 3748 2044 3805 aegre
2093 3737 2291 3799 ferens,
2323 3740 2511 3789 statuit
2540 3747 2777 3803 tempore
2818 3739 3142 3792 S:IttCtissitlti
3181 3741 3325 3796 illius
3370 3759 3464 3810 pa-

1901 3827 2373 3879 triarclrodomiui
2419 3826 3041 3899 Lucm,utsynodaliter
3093 3834 3466 3888 considerare-

1901 3921 2008 3975 tur,
2037 3914 2194 3984 127
2221 3933 2285 3966 an
2315 3927 2459 3969 recte
2499 3917 2570 3969 illi
2604 3918 2756 3971 militi
2782 3934 3035 3973 concessa
3061 3933 3203 3975 chet
3227 3939 3254 3980 ο
3290 3927 3464 3992 pcnnis

1902 4006 2192 4064 absolutio,
2245 4016 2390 4058 tanto
2440 4006 2494 4060 in
2542 4023 2667 4061 eum
2716 4010 2895 4063 studio
2928 4021 2982 4063 et
3034 4027 3130 4079 per
3169 4017 3461 4083 quamdam

1901 4112 2006 4151 non
2044 4098 2499 4162 misericordiam,
2540 4101 2633 4154 sed
2677 4101 2856 4169 potius
2897 4103 3061 4157 animi
3095 4104 3460 4161 atl‘ectionem.

1899 4188 2034 4240 Cum
2068 4199 2246 4242 autem
2286 4190 2508 4243 antistes
2537 4203 2856 4257 praesentum
2885 4206 3152 4247 cauonem
3198 4211 3462 4264 propone-

1897 4288 2000 4340 ret,
2037 4288 2089 4329 et
2116 4277 2250 4330 alios
2294 4279 2636 4332 moderantes
2672 4281 2856 4348 utique
2903 4297 3022 4334 eam
3056 4299 3174 4352 qua:
3205 4286 3280 4341 illi
3329 4291 3462 4358 obji-

1896 4365 2137 4418 ciebatur
2168 4366 2386 4419 nimiam
2418 4381 2589 4436 ptenze
2621 4368 2912 4433 levitatem,
2975 4383 3160 4428 sancta
3195 4377 3459 4444 synodus.

203 4465 351 4535 ρέως
380 4462 472 4513 τὸν
504 4449 744 4531 παρόντα
773 4460 973 4512 κανόνα
991 4459 1427 4529 προϐαλλομένου
1460 4463 1554 4514 καὶ
1572 4463 1791 4531 ἐτέρους

1900 4469 2134 4509 canones
2164 4456 2425 4510 limitibus
2458 4459 2934 4526 circumscribeus,
2987 4469 3283 4518 secundum
3326 4470 3460 4521 divi-

207 4573 272 4625 με
285 4551 652 4620 τεωρίζοντας
679 4551 820 4617 τάχα
862 4550 961 4618 τὴν
999 4549 1493 4621 ὲπιφορτιζομένην
1522 4552 1672 4621 αὐτῷ
1697 4552 1791 4622 βα-

206 4648 371 4714 ρεῖαν
434 4641 770 4710 κουφότητα,
815 4641 849 4709 ἠ
898 4639 1030 4706 ἁγία
1073 4639 1332 4702 σύνοδος,
1381 4642 1509 4703 τοὺς
1560 4642 1792 4704 κανόνας

201 4733 634 4803 ὀρθοτομὴσασα
660 4728 804 4780 κατᾶ
830 4727 930 4797 τὴν
964 4727 1191 4780 ἐνοῦσαν
1215 4727 1403 4788 αὐτοῖς
1433 4731 1498 4781 ὲκ
1528 4729 1623 4782 τοῦ
1652 4747 1791 4781 πανο

199 4824 369 4892 αγίου
437 4821 750 4888 Πνεύματος
807 4818 1088 4887 Θειοτάτην
1156 4818 1426 4889 ἐλλαμψιν
1459 4857 1475 4882 ,
1535 4819 1629 4871 τὸν
1688 4822 1788 4892 μὲν

203 4911 564 4984 στρατιώτην
596 4911 692 4963 καὶ
739 4906 894 4971 αὖθις
927 4908 1321 4971 ἀλυκτοπέδαις
1357 4910 1648 4975 ἐπιτιμίων
1689 4929 1789 4963 κα-

200 5004 443 5059 νυνικῶν
485 5000 866 5053 καθυπέϐαλε⁶
898 5000 990 5051 τὸν
1016 4999 1073 5050 δὲ
1114 5002 1376 5070 ἀρχιερέα
1418 5004 1624 5071 μετρίῳ
1664 5002 1794 5068 d90-

204 5094 399 5165 ρισμῴ
435 5089 888 5161 ἀλειτουργησίας
930 5091 1391 5158 ὲστενοχώρησεν,
1457 5090 1686 5142 εἰποῦσα
1716 5089 1790 5151 ὡς

201 5189 317 5248 τοῖς
352 5183 680 5253 ἀρχιερεῦσι
743 5183 840 5249 μὲν
864 5182 1074 5246 ἐφεῖται
1111 5177 1297 5241 αὔξειν
1340 5181 1436 5231 καὶ
1505 5180 1695 5248 μειοῦν
1723 5180 1791 5231 τὰ

204 5278 481 5330 κανονικα
513 5274 801 5341 ἐπιτίμια·
861 5271 1205 5340 ἁραχνιαίοις
1255 5271 1311 5321 δὲ
1349 5271 1525 5337 μίτοις
1572 5271 1789 5338 δεσμεῖν

203 5368 275 5420 τὰ
306 5363 602 5422 καλωίίοις
663 5357 928 5426 ὲντρίτοις
975 5359 1441 5426 καταδεσμεῖσθαι
1506 5359 1792 5424 ὀφείλοντα

201 5457 306 5509 οὐκ
345 5453 592 5518 ἐνεδόθη.
635 5450 868 5516 Λέγεται
914 5447 971 5498 δὲ
1001 5449 1083 5499 ὅτι
1110 5450 1204 5500 καὶ
1229 5447 1317 5500 διὰ
1356 5448 1456 5516 τὴν
1485 5448 1581 5499 τοῦ
1612 5447 1790 5499 τπιιού-

201 5565 298 5602 του
332 5543 677 5614 στρατιώτου
738 5541 992 5592 ὑπόθεσιν
1059 5538 1273 5600 ἐξέθετο
1310 5541 1339 5592 ὁ
1388 5539 1650 5607 κραταιὸς
1698 5542 1790 5590 καί⁵

202 5625 364 5700 ἅγιος
393 5628 555 5699 ἡμῶν
585 5628 837 5696 βασιλεὺς
869 5633 966 5701 τὴν
999 5632 1123 5699 περὶ
1155 5629 1263 5680 τῶν
1295 5627 1558 5678 ἑκουσίων
1584 5626 1791 5692 φονίων

198 5725 432 5793 Νεαρὰν
455 5739 468 5751 ·
499 5725 569 5792 ἦν
607 5725 700 5772 καὶ
729 5723 1001 5789 ἀνάγνωθι
1030 5721 1255 5774 δπισοεν
1280 5719 1784 5787 καταστρωοεῖσαν,

205 5816 302 5867 ναὶ
337 5812 826 5881 ὀ.αλαμ6ανουσαν
874 5814 1012 5881 μετὰ
1055 5814 1160 5865 τῶν
1190 5813 1366 5864 ἄλλων
1417 5814 1511 5864 καὶ
1565 5809 1773 5864 136.c-

1899 4546 2176 4597 nissimam
2205 4545 2635 4613 inspirationem,
2665 4563 2784 4617 qua:
2808 4564 2875 4604 ex
2905 4563 3096 4607 sancto
3126 4554 3232 4608 illis
3257 4554 3459 4626 Spiritu

1897 4631 2099 4698 inerat,
2167 4633 2391 4687 militent
2451 4635 2668 4702 quidem
2726 4639 3112 4693 cauuniearum
3176 4657 3457 4709 poenarum

1897 4737 2088 4776 rursus
2121 4724 2470 4788 compedibus
2507 4724 2778 4792 subjecit:
2809 4727 3106 4781 antistitem
3153 4741 3331 4782 autem
3389 4735 3455 4784 ad

1895 4811 2228 4879 aliquantum
2259 4813 2523 4881 temporis
2550 4816 2616 4868 ab
2642 4814 2815 4868 oﬂicio
2840 4819 3196 4885 suspensione
3225 4823 3456 4887 punivit,

1893 4904 2077 4954 dicens
2106 4903 2246 4970 quod
2278 4904 2612 4958 antistitibus
2654 4905 2868 4973 quidem
2916 4908 3042 4960 licet
3076 4923 3263 4976 ptenas
3292 4925 3457 4967 cauo-

1896 4989 2046 5042 nicas
2101 5005 2317 5058 augere,
2377 5003 2431 5044 et
2484 4992 2788 5047 diminuere
2859 5011 3220 5052 :aranearum
3276 5013 3456 5059 autem

1896 5079 1998 5133 litis
2043 5081 2212 5150 ligare
2280 5097 2400 5149 qua:
2433 5085 2630 5135 debent
2671 5087 2840 5139 tribus
2882 5090 3198 5164 rudentibus
3225 5091 3456 5162 alligari,

1891 5186 1999 5222 non
2029 5185 2340 5224 concessum
2382 5181 2486 5225 est.
2515 5172 2722 5227 Dieitur
2744 5188 2945 5239 autem,
2969 5181 3110 5245 quod
3137 5181 3299 5234 etiam
3327 5199 3456 5251 pro-

1891 5258 2010 5329 pter
2056 5261 2201 5315 illius
2236 5262 2424 5317 militis
2458 5278 2675 5317 causam
2713 5269 2875 5320 edidit
2923 5279 3114 5337 potens
3153 5282 3207 5324 et
3237 5287 3457 5330 sanctus

1895 5363 2076 5407 noster
2105 5356 2396 5422 imperator
2422 5356 2487 5410 de
2511 5359 2830 5414 voluntariis
2849 5361 3149 5416 boinicidiis
3171 5366 3455 5432 novatam,

1891 5460 2050 5513 quam
2100 5448 2260 5499 etiam
2295 5445 2413 5516 lege
2442 5459 2586 5502 retro
2634 5448 2814 5512 sitam,
2843 5462 2897 5504 et
2945 5451 3057 5506 bare
3085 5469 3302 5522 quoque
3335 5439 3455 5514 cum

1890 5539 2009 5593 aliis
2064 5549 2381 5594 tractantem
2409 5561 2424 5596 :
2452 5540 2613 5596 Deiis
2647 5555 2824 5597 autem
2875 5562 2993 5614 qua
3043 5553 3109 5602 ab
3142 5551 3244 5605 illis
3295 5554 3445 5620 ﬁunt,

1891 5640 2172 5700 postquam
2206 5632 2270 5682 ad
2321 5633 2715 5686 sanctissimam
2760 5635 2848 5689 Dei
2879 5652 3125 5707 magnam
3156 5631 3454 5698 Edclesiam

1891 5720 2249 5790 confugerint,
2292 5723 2589 5790 imperialis
2627 5739 2743 5778 mea
2780 5729 3036 5794 majestas
3067 5745 3172 5787 non
3200 5734 3300 5790 scit
3329 5749 3456 5801 pero

1894 5811 2057 5876 fectc,
2096 5812 2247 5865 audit
2280 5822 2455 5865 tamen
2487 5828 2606 5882 quae
2636 5831 2740 5868 ιιυιι
2772 5820 2910 5871 bona
2938 5831 3080 5872 sunt.
