4096 6466
205 432 318 499 785

1124 432 1209 495 IN
1253 428 1495 494 EPIST.
1529 430 1585 494 S.
1629 427 1919 490 BASILII
1957 427 2390 492 CANONICAM
2425 430 2540 495 Ιῐῐ.

3357 431 3468 495 786

206 547 319 602 xiv
371 546 446 618 μὴ
512 547 570 611 ἒξ
628 547 954 615 ἀμφοτέρων
1010 546 1118 601 τῶν
1187 547 1392 615 γονέων
1445 544 1786 609 συνάπτηται

1899 543 2103 599 etiamsl
2136 557 2239 597 non
2264 556 2329 597 ex
2361 543 2623 597 ambobus
2654 542 2700 597 ei
2723 542 3039 612 parentibus
3070 542 3353 614 conjuncta
3373 546 3467 603 sit.

208 637 378 703 αὐτῇ,
412 635 551 688 ἀλλὰ
573 635 630 701 ἐξ
663 636 781 698 ἑνὸς
816 636 961 705 (ἥτις
1013 635 1237 701 λέγεται
1289 632 1385 685 καὶ
1436 627 1785 700 ἕτεροθαλὴς)

210 728 486 788 κα“ιὸπως
514 728 832 794 ἐπιτιμᾶται
876 726 905 778 ό
954 726 1207 796 μιανθεὶς
1245 724 1382 795 μετά
1421 722 1523 791 τῆς
1569 719 1789 790 νύμφης

206 814 402 869 αὑτοῦ.
447 816 558 869 Καὶ
582 817 714 884 φασὶ
750 814 1327 883 τούτουςίξωθεῖσθαι
1391 814 1489 882 μὲν
1528 811 1638 864 ἀπὸ
1686 810 1790 879 τῆς

213 906 517 974 ἔκκλησίας
567 908 758 976 μέχρις
812 907 880 959 ἂν
915 907 1014 975 τῆς
1051 905 1332 975 ἁμαρτίας
1389 904 1786 973 ἀπόσχωνται*

219 998 368 1067 μετά
423 998 478 1051 δὲ
529 999 590 1051 τὸ
637 999 945 1063 ἀποστῆναι
999 997 1403 1063 οἰκονομεῖσθαι
1454 998 1532 1057 εἰς
1588 996 1715 1055 τοὺς
1748 994 1789 1048 δ’

206 1091 544 1143 τόπονςτῶν
568 1092 884 1158 ἐπιτιμίων,
936 1091 1029 1142 καὶ
1090 1088 1269 1150 οὕτως
1324 1087 1615 1153 ἀξιοῦσθαι
1686 1088 1787 1155 τῆς

213 1183 379 1249 ἁγίας
437 1184 817 1253 μεταλήψεως.
877 1184 941 1236 Οί
981 1183 1037 1234 δὲ
1108 1182 1151 1235 δ’
1183 1185 1343 1235 τόποι
1393 1182 1649 1235 ἀνύονται
1696 1180 1785 1234 διὰ

208 1276 424 1345 κρόκων
453 1276 682 1331 δώδεκα.
733 1276 1038 1341 Ἀνάγνωθι
1078 1276 1174 1329 καὶ
1213 1274 1273 1328 τδ
1339 1273 1591 1343 δεύτερον
1655 1290 1783 1342 κεφ.

208 1370 308 1423 τοῦ
343 1368 411 1438 ιγ’
434 1370 616 1423 τίτλου
642 1370 737 1422 τοῦ
758 1370 1030 1438 παρόντος
1071 1369 1456 1437 συντάγματος
1476 1385 1490 1400 ·
1541 1367 1636 1419 καὶ
1686 1385 1785 1436 ση-

207 1462 554 1531 μείωσαιότι
602 1464 715 1521 τοῖς
758 1460 1156 1528 ἀφισταμένοις
1188 1461 1313 1528 οὐχὶ
1368 1462 1483 1521 τοῖς
1534 1458 1617 1511 ἔτι
1676 1460 1779 1528 ιμ-

212 1553 441 1622 μένουσι
474 1554 542 1621 τῇ
626 1552 876 1621 ἁμαρτίᾳ
924 1551 1154 1604 δίδονται
1210 1552 1277 1605 τὰ
1318 1551 1588 1618 ἐπιτίμια.
1651 1549 1788 1603 Τού-

208 1658 333 1704 τοις
393 1642 502 1711 γὰρ
558 1641 905 1711 ἀκοινώνητα
958 1641 1242 1704 παντελῶς
1289 1643 1397 1695 εἰσι
1435 1641 1502 1695 τά
1552 1641 1661 1695 τῶν
1700 1659 1789 1694 m-

209 1731 380 1786 στῶν.

286 1826 537 1881 ΖΩΝΑΡ.
585 1826 646 1881 '0
680 1828 888 1899 ἀδελφῇ
928 1828 1276 1899 συμφθαρείς
1314 1830 1535 1895 ἑαυτοῦ,
1571 1830 1676 1885 κᾶν
1710 1830 1786 1901 μὴ

1892 636 1985 691 sed
2017 650 2081 690 ex
2119 650 2225 688 uno
2260 636 2401 705 (qum
2431 635 2594 690 etiam
2624 635 2948 704 ἑτεροταλὴς
2976 636 3220 707 dicitur),
3247 646 3302 693 et
3332 652 3466 706 quo-

1894 728 2053 782 modo
2083 728 2304 794 punitur
2332 729 2421 795 qui
2452 746 2574 784 cum
2611 744 2704 783 sua
2740 744 2879 782 nuru
2914 728 3192 797 polluitur,
3237 738 3293 784 et
3338 729 3470 785 dicit

1892 833 1986 873 eos
2022 818 2240 887 quidem
2274 819 2473 875 debere
2526 820 2736 875 extrudi
2780 821 2847 875 ab
2912 821 3153 876 Ecclesia
3212 822 3383 877 donec
3436 836 3466 876 ιι

1892 920 2117 983 peccato
2145 912 2505 967 abstinuerint
2539 931 2551 967 :
2586 924 2869 981 postquam
2919 922 3098 967 autem
3126 913 3466 981 destiterint,

1893 1004 2148 1059 distribui
2191 1004 2242 1059 in
2276 1015 2511 1073 quatuor
2540 1005 2679 1069 loca,
2711 1020 2896 1060 eorum
2934 1007 3025 1074 qui
3068 1015 3234 1075 agunt
3288 1004 3469 1073 poeni-

1896 1098 2121 1151 tentiam
2161 1112 2176 1151 :
2217 1105 2271 1150 et
2301 1098 2379 1152 sic
2412 1108 2598 1149 sancta
2626 1099 3006 1152 communione
3040 1097 3231 1165 dignos
3255 1096 3467 1169 haberi.

1893 1189 2134 1254 Quatuor
2173 1199 2353 1244 autem
2394 1191 2511 1244 loca
2561 1188 2845 1243 duodecim
2877 1193 3033 1245 annis
3087 1190 3466 1260 perficiuntur.

1900 1281 2045 1349 Lege
2078 1291 2129 1337 et
2166 1284 2388 1351 rapnt‘ﬂ
2420 1285 2503 1338 tit.
2557 1286 2642 1352 I3,
2678 1286 2959 1354 prmsentis
3014 1284 3214 1351 operis,
3257 1290 3310 1336 et
3344 1290 3471 1335 nota

1892 1374 2035 1440 quod
2059 1374 2125 1428 iis
2152 1376 2242 1444 qui
2278 1376 2566 1438 desistunt,
2603 1392 2707 1429 non
2738 1377 2804 1430 iis
2842 1376 2934 1445 qui
3004 1382 3357 1442 perseverant
3414 1371 3471 1427 In

1893 1475 2141 1532 peccato,
2175 1467 2376 1521 dantur
2429 1482 2621 1537 pmnm.
2660 1466 2753 1523 His
2780 1468 2927 1523 enim
2964 1466 3100 1522 nibil
3124 1463 3267 1535 quod
3298 1464 3369 1519 sit
3410 1463 3472 1517 ti-

1892 1554 2111 1621 delium,
2144 1558 2361 1626 penitus
2395 1562 2853 1615 communicatur.

1969 1826 2217 1883 ZUNAR.
2260 1826 2362 1893 Qui
2396 1841 2514 1879 cum
2550 1836 2741 1880 sorore
2767 1835 3053 1894 corruptus
3075 1833 3180 1891 est,
3221 1826 3472 1894 quamvis

210 1914 272 1980 ἐξ
303 1916 637 1989 ἀμφοτέρων
663 1920 773 1973 τῶν
799 1921 1006 1987 γονέων
1036 1924 1068 1990 ἠ
1116 1921 1430 2000 Δἀδελφότης
1462 1924 1630 1985 ἐστὶν,
1672 1922 1787 1975 ἀλλ’

1900 1937 2005 1977 non
2031 1938 2097 1976 ex
2130 1932 2360 1992 utroque
2400 1929 2642 1989 parente,
2690 1918 2785 1974 sed
2821 1934 2886 1974 ex
2947 1918 3208 1973 alterutro
3261 1927 3470 1971 tantum

209 2005 272 2071 ἑξ
310 2009 451 2071 ἐνδς,
493 2012 667 2079 πάντη
699 2012 983 2076 ἐξωθεῖται
1020 2015 1119 2081 τῆς
1148 2013 1505 2083 Ἐκκλησίας,
1546 2014 1652 2078 ἕως
1695 2016 1792 2078 τῆς

212 2101 479 2171 τοιαύτης
529 2104 811 2173 ἁμαρτίας
876 2107 1210 2176 ἀπόσχηται.
1288 2107 1689 2178 Ἀποσχόμενος
1737 2107 1793 2161 δὲ

206 2194 587 2261 οἰκονομεῖται
610 2196 685 2257 ὡς
733 2198 761 2249 ό
789 2197 973 2250 κανὼν
1002 2199 1375 2263 διατάττεται,
1410 2199 1789 2270 προσκλοιίων,

204 2283 582 2353 ἀκροώμενος,
661 2288 1012 2351 ὑποπίπτων,
1082 2290 1377 2353 συνεστῶς’
1466 2291 1559 2344 καὶ
1620 2289 1794 2353 οὓτως

208 2375 461 2442 ἀξιοῦται
496 2379 600 2448 τῆς
628 2380 723 2433 τού
750 2380 958 2448 ἀγαθοῦ
992 2382 1295 2442 κοινωνίας.

293 2646 515 2702 ΔΡΙΣΤ.
538 2666 662 2703 καν.
690 2656 782 2703 σε’.
822 2649 881 2703 ⁸0
912 2649 1116 2721 ἀδελφῇ
1156 2649 1430 2720 πατρόθεν
1461 2650 1492 2719 ἢ
1518 2649 1794 2719 μητρόθεν

212 2741 589 2811 συμμιανθείς
628 2742 701 2810 μὴ
755 2743 945 2795 εἰσίτω
1007 2746 1089 2805 εἰς
1137 2740 1287 2794 οἷκον
1331 2744 1645 2813 προσευχῆς
1692 2742 1797 2805 ἕως

213 2836 473 2901 ἀσιτοοντῇ⁹
548 2830 648 2885 εἶτ’
721 2834 1025 2903 ἀνανήψας,
1081 2835 1326 2901 τριετίαν
1393 2826 1792 2901 προσκλαιέτω,

214 2924 466 2993 τριετίαν
531 2923 847 2993 ἀκροάσθω,
914 2924 1165 2993 τριετίαν
1240 2923 1620 2985 ὑποπιπτέτω,
1703 2923 1797 2974 καὶ

212 3014 296 3081 τῷ
349 3013 563 3083 δεκάτῳ
627 3014 885 3083 δεχέσθω
936 3016 1106 3084 γωρῖς
1150 2997 1501 3081 προσφορᾶς,
1564 3014 1657 3065 καὶ
1706 3013 1799 3065 δύο

212 3107 311 3175 [τη
373 3106 584 3168 συστὰς
632 3107 714 3169 εἰς
754 3106 941 3178 εὐχὴν,
975 3106 1167 3161 λοιπὸν
1224 3106 1500 3165 ἀξιούσθω
1543 3106 1644 3174 τῆς
1692 3123 1798 3159 κοι-

212 3216 323 3251 νων
350 3215 435 3261 ας.

270 3287 484 3352 Οὗτοςό
515 3289 699 3345 κανὼν
717 3291 1143 3364 συνηρμηνεύθη
1167 3291 1242 3363 τῷ
1270 3291 1552 3361 ἑξηκοστῷ
1581 3290 1795 3362 ἑϐδόμῳ
1822 3268 1864 3324 C

213 3384 427 3437 κανόνι.

283 3474 509 3529 ΑΡΙΣΤ.
546 3472 796 3539 καν.ος⁹.
827 3474 909 3526 τὰ
939 3474 1077 3527 αύτά
1118 3474 1212 3528 καὶ
1242 3476 1373 3546 περὶ
1401 3475 1514 3529 τῶν
1538 3474 1637 3540 τὰς
1657 3475 1796 3547 νύμ-

216 3584 327 3639 φας
352 3568 419 3618 λα
430 3566 766 3636 μ6ανόντων.
800 3567 1009 3634 Σαφής.

786 3660 1021 3713 ΚΑΝΩΝ
1038 3658 1156 3714 ΟΖ’.

231 3751 294 3806 '0
337 3751 524 3820 μέντοι
553 3750 985 3818 καταλιμπάνων
1014 3749 1115 3814 τὴν
1138 3750 1389 3819 νομίμως
1426 3756 1798 3821 συναφθεῖσαν

295 3841 450 3907 αὐτῷ
497 3842 757 3905 γυναῖκα,
793 3839 886 3890 καὶ
931 3838 1126 3905 ἑτέραν
1179 3838 1449 3907 ἀγόμενος
1508 3844 1647 3895 κατᾶ
1699 3844 1798 3915 τὴν

289 3934 387 3989 τοῦ
416 3934 625 4001 Κυρίου
665 3932 945 3997 ἀπόφασιν
994 3930 1071 3998 τῷ
1099 3930 1200 3996 τῆς
1230 3933 1475 3999 μοιχείας
1507 3934 1795 3989 ὑπόκειται

279 4028 536 4098 κρίματι.
594 4023 990 4075 Κεκανόνισται
1060 4022 1115 4074 δὲ
1166 4023 1316 4089 παρὰ
1366 4024 1474 4075 τῶν
1528 4026 1798 4092 Πατέρων

298 4122 459 4191 ἡμῶν
492 4120 619 4179 τοὺς
669 4116 946 4177 τοιούτους
980 4116 1228 4183 ὲνιαυτρν
1263 4117 1642 4183 προσκλαίειν,
1688 4119 1797 4171 διε-

288 4218 415 4267 τίαν
453 4210 856 4277 ὲ-ακοοᾶσθαι,
905 4210 1149 4276 τριετίαν
1175 4210 1538 4270 ὑποπίπτειν.
1566 4211 1644 4280 τῷ
1703 4212 1797 4265 ἑὸ-

287 4305 443 4374 δόμῳ
501 4305 860 4355 συνίσταοθαι
916 4305 1026 4365 τοῖς
1076 4305 1311 4366 πιστοῖς,
1366 4302 1461 4353 καὶ
1505 4298 1648 4353 οὕτω
1698 4300 1798 4369 τῆς

288 4397 615 4467 προσφορᾶς
676 4392 1097 4458 καταόιοῦσθαι,
1159 4396 1255 4447 ἐὰν
1326 4394 1463 4462 μετά
1546 4392 1798 4464 δακρύων

296 4488 535 4559 μετανοή
546 4503 733 4540 σωσιν.

800 4578 1042 4631 ΚᾹΝΩΝ
1100 4575 1227 4630 OII'.

231 4674 299 4727 '0
332 4671 498 4731 αὐτος
530 4669 799 4741 κρατείτω
827 4669 997 4729 τύπος
1031 4670 1121 4720 καί
1154 4668 1246 4719 ἐπὶ
1278 4669 1386 4719 τῶν
1412 4668 1505 4720 δύο
1560 4668 1799 4735 ἀδελφὰς

284 4762 683 4829 λαμόανόντων
706 4763 787 4823 εἰς
825 4759 1184 4822 συνοικέσιον,
1221 4760 1271 4811 εἰ
1295 4760 1389 4811 καὶ
1416 4759 1560 4812 κατὰ
1612 4758 1802 4830 διαφό-

308 4872 436 4927 ρους
460 4854 707 4924 χρόνους.

796 4943 1033 4995 ΚΑΝΩΝ
1059 4942 1180 4995 ΟΘ’.

222 5041 292 5091 Oi
318 5036 373 5088 δὲ
392 5037 513 5098 ταῖς
544 5037 840 5102 μητρυιαῖς
863 5034 1074 5085 ἑαυτῶν
1107 5033 1365 5100 ὲπιμαινό
1380 5050 1531 5100 μενοι
1561 5033 1638 5099 τῷ
1656 5032 1805 5103 αὐτῷ

297 5130 623 5181 ὑπόκεινται
657 5126 842 5177 κανόνι
870 5120 912 5192 ᾧ
952 5127 1047 5177 καὶ
1079 5128 1128 5176 οἱ
1161 5130 1282 5186 ταῖς
1310 5125 1520 5178 ἑαυτῶν
1546 5126 1803 5194 ἀδελφαῖς

298 5220 742 5282 ὲπιμαινόμενοι.

304 5314 505 5368 ΒᾹΛΣ.
541 5314 646 5365 Τὶν
707 5315 787 5373 εἰς
852 5313 1150 5379 ὲτεροθαλῆ
1219 5312 1455 5385 ἀδελφὴν
1504 5312 1536 5381 ἢ
1586 5314 1805 5383 νύμφην

224 5405 445 5460 οἰκείαν
507 5403 805 5472 μιανθέντα
877 5405 968 5455 ἐπὶ
1020 5402 1384 5455 δωδεκαετίαν
1448 5407 1805 5473 ἐπιτιμᾶσθαι

223 5494 528 5561 διωρίσττο
552 5495 577 5544 ό
601 5494 754 5558 ἅγιος
791 5494 844 5543 ὲν
877 5492 953 5559 τῷ
978 5489 1049 5544 οε⁹
1084 5494 1173 5544 καὶ
1205 5491 1290 5557 ος¹
1326 5496 1541 5547 κανόνι.
1576 5494 1806 5563 Ἀρτίως

226 5588 314 5650 δὲ,
349 5585 516 5655 ἤγουν
549 5586 607 5635 ἐν
674 5583 750 5651 τῷ
777 5584 874 5648 οζ⁶,
906 5586 962 5634 ὲν
984 5583 1059 5651 τῷ
1090 5601 1151 5653 οη
1193 5585 1288 5635 καὶ
1314 5588 1370 5637 ἐν
1411 5584 1487 5653 τῷ
1511 5583 1586 5637 00'
1618 5586 1806 5638 κανόνι

227 5694 351 5744 παρ
392 5675 677 5729 κελεύεται
722 5676 847 5736 τοὺς
906 5678 1419 5743 καταλιμπάνοντας
1464 5678 1559 5739 τὰς
1593 5678 1807 5729 ἑαυτῶν

230 5763 526 5833 σνμϐίους,
563 5766 658 5815 καί
682 5763 877 5829 ἑτέρας
908 5767 1047 5833 πρὸς
1076 5766 1258 5834 γάμον
1304 5766 1629 5835 ἀγομένοω,
1664 5766 1803 5819 ἀλλά

235 5857 348 5926 μὴν
378 5855 628 5919 καὶτοὺς
661 5854 727 5907 λα
739 5855 1045 5925 μϐἀνοντας
1069 5859 1148 5920 εἰς
1182 5857 1517 5909 συνοικίσιον
1545 5854 1640 5908 δύο
1655 5854 1807 5908 ἀδελ-

1895 2015 2205 2071 fraternitas
2238 2015 2331 2077 sit,
2354 2029 2416 2067 er
2449 2012 2687 2068 Ecclesia
2724 2027 2943 2081 prorsus
2963 2012 3270 2082 expellitur,
3300 2011 3475 2066 donec

1896 2109 1965 2163 ab
1998 2108 2263 2173 ejusmodi
2305 2116 2531 2174 peccato
2570 2106 2821 2162 absistat.
2881 2104 3172 2173 Postquam
3204 2118 3333 2157 vero
3380 2103 3477 2156 ab-

1895 2200 2168 2262 stinuerit,
2202 2214 2265 2252 ex
2306 2196 2622 2266 praescripta
2657 2197 2711 2249 in
2754 2195 2859 2250 boc
2894 2209 3100 2249 canone
3134 2193 3305 2246 forma
3337 2191 3474 2245 mul-

1899 2300 2066 2353 tatur,
2098 2291 2168 2342 ita
2196 2299 2253 2343 ut
2287 2289 2424 2341 inter
2448 2287 2639 2341 ﬂentes
2666 2287 2847 2355 degat,
2880 2295 2991 2339 tum
3048 2284 3192 2338 inter
3249 2284 3477 2337 audien-

1896 2390 2000 2442 tes,
2038 2380 2161 2433 inde
2200 2379 2253 2433 in
2286 2378 2673 2443 snbstratione,
2712 2392 2836 2430 mox
2862 2390 2983 2429 cum
3018 2375 3268 2429 ﬁdelibus
3295 2374 3474 2428 consi-
3554 2442 3558 2447 ἢ

1898 2480 2007 2527 stat
2056 2478 2269 2537 :atque
2319 2469 2389 2523 ita
2447 2469 2668 2523 demum
2725 2469 2792 2523 ad
2848 2466 2975 2522 boni
3037 2464 3472 2521 communionem

1896 2563 2236 2616 admittatur.

1966 2652 2194 2707 ARIST.
2227 2651 2362 2707 Can.
2398 2651 2486 2706 75.
2526 2650 2782 2716 Quicum
2831 2664 3021 2705 sorore
3072 2665 3139 2705 ex
3192 2660 3343 2719 patre
3390 2648 3475 2703 vel

1898 2756 2072 2803 matre
2102 2745 2508 2814 coinquinatur,
2543 2745 2758 2798 domum
2792 2744 3055 2798 oratiOnis
3084 2756 3152 2798 ne
3201 2742 3473 2812 ingredia-

1899 2850 2004 2898 tur.
2032 2841 2201 2893 donec
2227 2838 2475 2893 desistat.
2514 2834 2703 2891 Postea
2734 2852 2855 2889 cum
2884 2836 3200 2904 resipuerit,
3235 2834 3472 2890 triennio

1900 2930 2113 2995 deﬂeat,
2178 2930 2413 2983 triennio
2457 2928 2664 2991 audiat,
2698 2928 2934 2981 triennio
2985 2929 3387 2991 Substernatur,
3418 2935 3476 2984 et

1900 3039 2041 3077 anno
2072 3022 2282 3075 decimo
2320 3020 2615 3087 recipiatur
2644 3019 2761 3073 sine
2793 3017 3091 3083 oblatione,
3153 3029 3209 3072 et
3256 3020 3475 3075 biennio

1898 3116 1965 3169 ad
2006 3113 2310 3167 orationem
2338 3126 2461 3166 cum
2492 3110 2826 3176 eonsisterit,
2871 3110 3251 3166 communione
3282 3111 3475 3181 dignus

1900 3205 2188 3261 habeatur.

1971 3298 2067 3351 llic
2097 3311 2272 3351 canon
2297 3309 2405 3350 una
2436 3311 2557 3352 cum
2601 3297 2939 3365 sexagesimo
2993 3295 3223 3366 septimo
3266 3309 3475 3351 canone

1899 3388 2289 3456 interpretatus
2320 3396 2425 3442 est.

1968 3478 2198 3535 AlllST.
2230 3479 2365 3534 Can.
2401 3479 2487 3533 76.
2517 3478 2719 3532 Eadem
2748 3488 2802 3532 et
2833 3478 2901 3533 de
2927 3478 2994 3533 iis
3025 3478 3116 3548 qui
3153 3493 3321 3533 nurus
3349 3492 3473 3533 suas

1900 3572 2191 3642 accipiunt,
2227 3574 2609 3628 decernuntur.
2639 3570 2977 3633 Perspicuus.

2423 3661 2652 3717 CANON
2687 3660 2942 3715 LXXVII.

1901 3757 2001 3825 Qui
2038 3756 2317 3810 mulierem
2346 3757 2561 3824 quidem
2603 3754 2705 3809 sibi
2750 3753 2987 3823 legitime
3028 3754 3333 3825 copulatam
3389 3754 3474 3807 dl-

1972 3846 2159 3909 mittit,
2199 3856 2250 3897 et
2283 3844 2439 3896 aliam
2470 3843 2637 3906 ducit,
2673 3843 2966 3896 secundum
3008 3824 3219 3896 Domini
3258 3852 3476 3896 senten-

1979 3935 2133 3997 tiam,
2164 3935 2413 3989 adulterii
2442 3934 2647 4002 judicio
2693 3932 2979 3999 subjicitur
3016 3950 3028 3987 :
3065 3943 3119 3987 et
3151 3947 3179 3985 a
3224 3931 3477 3987 Patriltus

1974 4026 2175 4079 nostris
2221 4026 2483 4079 c:ttt0ttice
2538 4033 2801 4079 statutum
2848 4034 2974 4088 est,
3024 4032 3084 4077 ut
3133 4023 3171 4077 ii
3217 4038 3357 4075 anno
3381 4022 3476 4077 de-

1971 4117 2177 4181 ﬂeant,
2237 4115 2455 4168 biennio
2509 4114 2768 4174 audiant,
2831 4114 3067 4167 triennio
3123 4117 3475 4167 snbstcrnan-

1971 4218 2061 4264 tur
2098 4227 2111 4263 :
2148 4208 2378 4276 septimo
2435 4222 2555 4261 cum
2613 4206 2859 4260 ﬁdelibus
2913 4207 3261 4260 consistant:
3308 4214 3360 4258 et
3402 4206 3474 4259 ita

1973 4300 2247 4355 oblatione
2273 4300 2416 4368 digni
2468 4299 2794 4364 babeantvr,
2831 4299 2872 4354 si
2908 4314 3029 4355 cum
3083 4298 3334 4369 lacr’ymis
3361 4312 3475 4368 poe-

1973 4392 2257 4448 nitentiam
2296 4390 2525 4462 egerint.

2414 4563 2643 4621 CANON
2680 4566 2965 4621 LXXVIII.

1884 4636 2105 4715 'Eadem
2152 4668 2328 4713 autem
2361 4657 2533 4711 fortuna
2575 4658 2911 4721 observetur,
2945 4664 2998 4709 et
3033 4671 3082 4708 .n
3138 4656 3199 4710 iis
3233 4656 3321 4722 qni
3346 4657 3474 4710 duas

1975 4769 2193 4809 sorores
2252 4754 2303 4807 in
2342 4753 2686 4807 ntatrimonio
2733 4752 3047 4818 accipiunt,
3093 4749 3194 4804 etsi
3252 4750 3476 4805 diversis

1975 4846 2327 4914 temporibus.

2432 4935 2663 4991 CANON
2720 4933 2957 4989 LXXIX.

1909 5027 1946 5083 li
1970 5039 2148 5083 autem
2172 5030 2260 5099 qui
2297 5028 2348 5082 in
2380 5043 2507 5081 snas
2528 5042 2788 5080 novercas
2813 5024 3110 5088 insaniunt,
3147 5034 3269 5078 sunt
3301 5022 3476 5078 eidem

1980 5122 2171 5176 canoni
2213 5121 2453 5185 obnoxii,
2490 5120 2574 5174 cui
2605 5129 2657 5175 et
2696 5119 2729 5171 ii
2769 5120 2857 5188 qui
2895 5119 2947 5172 in
2978 5132 3103 5171 suas
3147 5131 3363 5171 sorores
3395 5116 3479 5171 in-

1978 5214 2218 5266 saninnt.

1989 5301 2185 5357 BALS.
2222 5302 2351 5356 Eum
2381 5300 2471 5370 qui
2501 5300 2553 5354 in
2587 5314 2739 5354 suam
2767 5314 2831 5353 ex
2855 5298 3027 5353 altero
3056 5299 3478 5369 germine'soro-

1912 5410 2023 5449 rem
2058 5396 2138 5447 vel
2172 5409 2323 5447 suam
2357 5409 2548 5446 nurum
2591 5392 2821 5461 pollutus
2864 5401 2967 5453 est,
3000 5391 3283 5443 duodecim
3322 5390 3479 5444 annis

1912 5487 2241 5556 puniendum
2303 5487 2491 5539 Statuit
2551 5494 2771 5539 sani-tus
2826 5484 2876 5535 itt
2923 5497 3116 5543 canon.
3172 5481 3241 5536 75
3282 5491 3339 5535 et
3387 5480 3476 5536 76.

1914 5578 2067 5633 Nune
2092 5590 2272 5630 autem
2302 5576 2509 5630 scilicet
2535 5576 2586 5627 in
2613 5590 2733 5628 can.
2775 5572 2861 5634 77,
2895 5571 2964 5625 78
3006 5581 3057 5625 et
3083 5571 3148 5626 79
3192 5573 3363 5641 jubet,
3420 5582 3478 5627 ut

1911 5674 1999 5739 qtti
2030 5686 2158 5723 suus
2194 5677 2477 5723 consortes
2508 5668 2805 5730 dimittunt,
2859 5674 2909 5719 et
2974 5664 3107 5718 alias
3164 5666 3367 5718 ducunt
3420 5664 3475 5717 in

1912 5763 2338 5825 matrimonium,
2361 5759 2669 5831 quinetiam
2700 5758 2734 5812 ii
2755 5758 2844 5827 qui
2873 5757 3005 5812 duas
3027 5772 3242 5812 sorores
3276 5756 3329 5811 in
3361 5771 3476 5811 ma~

1916 5854 2230 5909 trimonium
2263 5851 2557 5923 accipiunt,
2598 5850 2805 5908 scilicet
2827 5858 2947 5919 post
2971 5850 3130 5904 unius
3148 5858 3395 5913 mortem,
3423 5858 3477 5902 ιιι
