4096 6458
281 385 395 448 809

1208 382 1282 441 i.\'
1332 380 1569 442 El’iST-
1614 383 1674 440 S.
1718 375 2005 437 BiSILII
2039 376 2141 435 AD
2182 373 2605 438 DlODORUM.

3413 377 3515 441 810

357 494 554 546 ΒᾹΛΣ.
584 493 644 545 οι
686 491 1058 561 Ἐγκρατϊται,
1107 492 1181 553 di;
1213 491 1351 561 τάχι
1424 491 1700 560 μετιόντες
1763 491 1835 555 εγ-

2024 506 2219 561 BALS.
2260 502 2571 573 Eucratiti‘e,
2607 510 2694 576 qui
2725 507 3111 563 continentiam
3155 506 3290 563 forte
3330 523 3516 577 perse«

280 584 562 651 κράτειαν,
596 581 975 635 ἐϐδελύσσοντο
1018 582 1078 635 τὸ
1130 584 1529 652 σαρκοφαγεῖν,
1566 580 1659 632 καὶ
1686 580 1851 633 ἀκού-

275 690 433 736 οντες
465 673 539 743 μὴ
572 671 750 734 καλῶς
783 673 977 734 ποιεῖν,
1008 673 1312 742 ἀντεπῆγον
1337 675 1448 736 τοῖς
1502 670 1808 742 ὀρθοδόξοις
1830 688 1843 702 ·

282 762 526 813 Ἐτικαὶ
564 760 723 829 ύμεῖς
784 760 904 814 ἔνια
955 757 1063 813 τῶν
1124 757 1431 830 βρωμάτων
1471 756 1845 830 βδελύττεσθε,

272 852 358 905 διὸ
392 854 487 905 καὶ
514 851 789 921 ἀπέχεσθε
818 849 1020 905 αὐτῶν.
1066 849 1208 920 I196;
1263 850 1422 904 τοῦτο
1470 846 1563 903 οὖν
1616 850 1646 901 6
1691 848 1847 915 ἀγιος

271 942 427 1010 λέγει
455 943 538 995 ὅτι
565 942 626 994 ού
659 942 970 1011 θαυμαστὸν
1000 940 1053 993 εί
1096 957 1260 993 τινων
1318 940 1695 1012 άπεχύμεθαῆ
1724 939 1845 1009 βδε-

269 1030 587 1100 λυσσόμεοα
619 1031 759 1085 αὐτά
786 1046 801 1062 ο
850 1030 935 1083 ὅτι
980 1028 1076 1082 καὶ
1121 1029 1189 1081 τὰ
1247 1028 1636 1099 περιττώματι
1688 1028 1845 1098 ἡμῶν

273 1121 702 1192 βδελυττόμεθα,
738 1124 915 1175 καίτοι
946 1122 1010 1173 ὲκ
1044 1120 1145 1187 τῆς
1175 1120 1364 1183 οὐσίας
1410 1119 1540 1174 εντα
1575 1120 1675 1189 τῆς
1706 1122 1843 1190 ἡμε-

266 1214 440 1284 τέρας
472 1214 693 1285 σαρκός.
736 1210 1137 1282 Περιττώματα
1171 1212 1229 1264 δέ
1281 1206 1392 1264 alat
1442 1213 1512 1264 τὰ
1564 1212 1721 1282 οὖρα,
1776 1211 1844 1265 τά

267 1303 546 1368 σκύϐαλα,
581 1304 632 1357 οί
665 1304 853 1374 χυμοὶ,
886 1302 953 1357 τὰ
988 1302 1078 1356 διὰ
1126 1303 1395 1372 στόματος
1435 1303 1527 1354 καὶ
1557 1302 1720 1369 ρινῶν
1754 1320 1843 1353 xs-

264 1393 505 1464 νούμενα
527 1392 691 1463 ὑγρὰ,
724 1395 819 1446 καὶ
844 1394 942 1446 ὅσα
964 1392 1210 1445 τοιαῦτα.
1254 1392 1341 1453 '0;
1365 1388 1459 1443 03v
1509 1389 1693 1443 ἐκεῖνα
1746 1393 1843 1441 ἐκ·

262 1483 599 1553 τρεπόμεθα,
633 1482 778 1535 οὕτω
809 1483 903 1535 καί
940 1500 1061 1534 τινα
1094 1481 1201 1533 τῶν
1235 1480 1542 1550 βρωμάτων
1565 1480 1645 1530 03'
1675 1494 1844 1546 προσ.

267 1574 486 1644 ιέμεθα.
525 1574 708 1627 Πάντα
750 1573 852 1644 μὲν
891 1574 999 1645 γὰρ
1053 1573 1262 1641 λάχανα
1319 1572 1512 1640 χόρτου
1583 1572 1653 1621 rit
1702 1569 1841 1637 κρέα

260 1665 397 1733 ἡμῖν
428 1664 754 1733 λογίζονται,
798 1665 940 1717 κατά
982 1664 1043 1716 τὸ
1105 1662 1378 1733 φάγεσθαι
1430 1662 1612 1716 πάντα
1651 1663 1725 1723 ὡς
1750 1661 1843 1714 λά-

258 1772 405 1823 χανα
439 1756 635 1825 χόρτου
668 1772 682 1786 ο
710 1755 1093 1826 διακρίνοντες
1150 1755 1208 1807 δὲ
1260 1755 1354 1808 καὶ
1413 1754 1757 1830 χωρίζοντες·
1782 1752 1841 1805 τὸ

1954 597 2276 667 quebantur,
2344 600 2489 652 vesci
2547 598 2801 652 carnibus
2851 596 3235 659 abhorrebant,
3304 606 3514 653 etcum

1950 684 2031 740 eis
2074 684 2347 740 diceretur
2373 686 2425 741 id
2464 701 2570 739 non
2621 696 2765 740 recte
2800 701 2827 737 a
2880 701 2936 739 se
2994 686 3131 749 ﬁeri,
3174 689 3519 755 opponebam

1950 776 2311 833 orthodoxis:
2352 777 2457 830 Vos
2486 790 2701 846 quoque
2744 776 3031 831 nonnullos
3070 777 3219 833 cibos
3250 776 3511 832 abhorre-

1953 866 2042 931 tis,
2077 877 2131 923 et
2157 868 2278 923 ideo
2304 868 2371 922 ab
2400 867 2481 923 eis
2510 867 2815 922 abstinetis.
2843 867 2922 921 Ad
2952 867 3054 923 hoc
3095 868 3223 921 dicit
3251 875 3510 922 sanctus:

1948 957 2065 1013 Non
2112 968 2197 1014 est
2241 959 2435 1013 mirum
2490 959 2531 1013 si
2603 960 2668 1013 ab
2717 957 2985 1026 aliquibus
3022 957 3377 1023 abstinemus,
3428 955 3516 1013 vel

1947 1048 2133 1104 eadem
2169 1049 2580 1113 abominamur;
2640 1062 2760 1101 nam
2823 1058 2876 1101 et
2929 1056 3113 1101 nostra
3168 1056 3515 1103 excrementa

1948 1140 2325 1201 abhorrcmus,
2358 1141 2461 1193 etsi
2488 1140 2599 1193 sint
2646 1154 2712 1193 ex
2771 1148 2974 1193 nostrae
3021 1137 3206 1193 carnis
3262 1138 3516 1194 substan-

1948 1230 2055 1283 tia:
2088 1239 2216 1283 sunt
2244 1239 2420 1284 autem
2446 1239 2821 1293 excrementa,
2878 1230 3360 1295 urinae,stcrcora,
3410 1230 3513 1283 bu-

1947 1333 2125 1372 mores
2178 1320 2268 1387 qni
2313 1334 2407 1388 per
2446 1334 2507 1373 os
2559 1330 2613 1374 et
2675 1333 2836 1374 nares
2893 1320 3237 1385 emittuntur,
3268 1326 3324 1375 et
3361 1334 3509 1388 ntue-

1946 1420 2161 1477 cunque
2214 1407 2504 1475 ejusmodi.
2549 1409 3012 1475 Quemadmodum
3057 1423 3187 1479 ergo
3239 1408 3327 1462 illa
3360 1423 3518 1463 aver-

1946 1510 2148 1560 sanmr,
2186 1496 2259 1549 ita
2302 1498 2451 1551 cibos
2481 1512 2698 1567 quoque
2751 1498 2961 1568 aliquos
2985 1513 3092 1553 non
3152 1499 3516 1554 admittimus.

1946 1585 2135 1641 Omnia
2171 1587 2313 1641 cnim
2377 1588 2522 1644 olera
2589 1605 2843 1645 carnesa
2908 1590 3062 1644 nobis
3110 1590 3514 1655 existimantur,

1943 1678 2086 1745 quod
2131 1679 2312 1732 omnia
2367 1681 2717 1734 comedantus
2772 1692 2830 1735 ut
2898 1681 3068 1735 olera.
3135 1681 3514 1736 Discernentcs

1943 1778 2147 1833 autem,
2181 1779 2575 1839 etseparantes
2610 1772 2661 1825 id
2702 1773 2839 1841 quod
2874 1782 2960 1827 est
3004 1773 3248 1839 noxium,
3283 1788 3348 1828 co
3372 1775 3515 1842 quod

257 1846 427 1912 βλαὸε
441 1846 533 1916 ρδν
564 1844 825 1915 χρώμεθα
862 1845 938 1915 τῷ
982 1845 1056 1914 μὴ
1088 1844 1399 1915 βλάπτοντι,
1437 1844 1535 1896 καὶ
1562 1842 1750 1916 ὥσπερ
1781 1843 1835 1895 ἰν

1945 1874 2051 1913 non
2094 1861 2232 1914 hedit
2280 1862 2529 1929 utimur;
2564 1873 2621 1918 et
2668 1865 3121 1932 quemadmodum
3178 1867 3231 1921 in
3277 1867 3516 1923 oleribus

253 1942 375 1999 τοῖς
406 1938 661 2007 λαχάνοις
691 1937 925 2009 λάχανόν
959 1939 1076 1991 ἐστι
1106 1938 1202 1990 καὶ
1255 1936 1317 1989 τὸ
1375 1936 1621 1998 κώνειον,
1658 1937 1752 1988 καὶ
1806 1936 1834 1988 6

1940 1961 2024 2004 est
2062 1952 2263 2014 cicuta,
2309 1962 2363 2008 et
2396 1956 2779 2025 hyoscyamus,
2815 1966 3017 2023 tamen,
3052 1959 3178 2027 quia
3231 1967 3359 2014 sunt
3412 1975 3512 2013 uo-

257 2029 597 2099 ύοσκύαμος,
627 2030 764 2083 ἀλλὰ
782 2030 1023 2101 βλαϐερὰ
1044 2030 1178 2082 ὄντα
1201 2028 1473 2098 φεύγομεν
1495 2029 1636 2083 αὐτά
1656 2044 1668 2058 ·
1694 2028 1835 2082 οὕτω

1942 2039 2050 2103 ria,
2099 2057 2160 2095 ea
2194 2040 2468 2113 fugimus:
2505 2047 2576 2100 ita
2609 2057 2662 2099 et
2697 2049 2747 2099 in
2790 2047 3069 2112 carnibus,
3102 2063 3231 2104 caro
3276 2058 3360 2105 est
3388 2064 3516 2103 caro

252 2119 352 2170 καὶ
386 2119 445 2171 ἑν
476 2121 584 2181 τοῖς
618 2120 818 2190 κρέασι
849 2122 1019 2190 κρέας
1041 2120 1157 2172 ἐστὶ
1181 2118 1274 2171 καὶ
1301 2117 1360 2169 τὸ
1388 2118 1620 2182 γύπειον
1655 2118 1750 2169 καὶ
1780 2117 1835 2169 τὴ

1939 2132 2236 2199 vulturina,
2267 2145 2321 2191 et
2348 2151 2474 2190 caro
2508 2140 2692 2193 canis:
2729 2140 2823 2193 sed
2882 2150 3064 2194 tamen
3112 2155 3273 2196 neruo
3324 2151 3515 2211 gusta-

251 2210 350 2263 τοῦ
370 2211 550 2274 κυνός*
570 2209 800 2267 άλλόύκ
817 2214 880 2267 ἄν
895 2228 977 2274 τις
996 2210 1249 2278 γεύσαιτο
1269 2208 1454 2273 κυνὸς,
1474 2210 1519 2261 εί
1536 2208 1611 2279 μὴ
1632 2207 1835 2279 σφόδρα

1937 2226 2097 2289 verit,
2127 2224 2230 2279 nisi
2263 2226 2416 2283 valde
2450 2229 2674 2283 esuriat.
2701 2230 2800 2296 Qui
2832 2238 3017 2287 autem
3049 2245 3145 2300 per
3178 2231 3284 2286 vim
3328 2207 3515 2303 gusta-

249 2304 537 2377 Αιμώττει.
576 2306 634 2359 ὐ
682 2304 738 2357 δὲ
772 2303 1113 2373 γευσάμενος
1144 2301 1207 2353 ὲκ
1235 2299 1359 2369 βίας
1403 2300 1502 2353 οὐκ
1536 2301 1831 2373 ἢνόμησεν.

1941 2315 2041 2379 vit,
2092 2332 2203 2371 non
2230 2320 2339 2388 egit
2373 2318 2575 2387 inique.

237 2422 396 2476 ΤΟΥ
424 2422 657 2477 ΑΥΤΟΥ
703 2420 884 2475 ΠΡΟΣ
930 2415 1264 2474 ΔΙΟΔΩΡΟΝ
1310 2417 1711 2473 ΕΠῙΣΚΟΠΟΝ
2066 2432 2227 2487 ΠΕΡΙ
2276 2434 2414 2486 ΤΟΥ
2452 2434 2582 2488 ΔΥΟ
2624 2436 2934 2490 ΑΔΕΛΦΔΣ
2987 2437 3365 2492 ΑΓΟΜΕΝΟΥ
3406 2436 3513 2493 ΕΙΣ

444 2581 605 2653 139
642 2582 999 2644 EIUSDEM
1031 2577 2099 2674 Αιξηῐλζρηῡρέηυξιτᾼμζξῳῌειςιι
2146 2599 2610 2673 EPISCOPUM,
2657 2603 2755 2663 DE
2796 2602 2901 2663 EO
2937 2600 3077 2674 QUI
3118 2603 3325 2665 DUAS

1133 2657 1500 2719 souonns
1545 2658 1628 2719 1N
1681 2657 2597 2740 ΜΑΤιιιΜοΝιῑίλῑῦὺόιῐίιί

323 2758 525 2817 ΒΔΛΣ.
566 2761 679 2832 Τῆς
709 2759 999 2829 ἐπιστολῆς
1025 2757 1234 2829 ταύτης
1268 2758 1520 2829 ἐμνήσθη
1575 2761 1604 2812 6
1674 2761 1829 2830 ᾶγιος

248 2853 311 2906 έν
333 2852 415 2923 τῷ
440 2849 527 2919 κγ’
559 2850 748 2905 κανόνι
784 2849 978 2905 αὐτοῦ.
1018 2848 1327 2920 ’Δπεστάλη
1367 2846 1423 2902 δὲ
1467 2850 1602 2917 πρὸς
1637 2853 1831 2907 Διέδω-

253 2963 353 3016 ρον
392 2941 611 3015 Ταρσοῦ
634 2943 961 3009 έπίσκοπον,
996 2941 1077 3006 ὃς,
1136 2941 1440 3013 ἐρωτηθεὶς
1496 2944 1635 3012 πρός
1681 2961 1828 3008 τινος

247 3036 299 3085 εἰ
334 3030 555 3085 δύναιτο
581 3030 679 3101 τῆς
703 3029 965 3098 γυναικὸς
991 3028 1159 3082 αὑτοῦ
1190 3027 1459 3098 θανούσης
1486 3030 1587 3099 τὴν
1613 3030 1828 3101 ἐκείνης

2011 2772 2204 2832 BALS.
2244 2774 2410 2846 Hujus
2440 2778 2683 2847 epistola:
2710 2781 2954 2835 meminit
2984 2791 3205 2838 sanctus
3231 2782 3282 2837 in
3314 2783 3384 2838 25
3414 2799 3512 2839 suo

1936 2879 2165 2922 canone.
2214 2866 2373 2923 Missa
2423 2876 2507 2925 est
2551 2879 2731 2925 autem
2766 2873 2831 2927 ad
2870 2871 3157 2929 Diodorum
3188 2874 3510 2929 Tarsensem

1936 2954 2267 3023 episcopum,
2304 2956 2397 3026 qui
2447 2972 2477 3010 a
2524 2962 2759 3028 quodam
2806 2962 3189 3033 interrogatus,
3222 2978 3289 3018 an
3340 2980 3512 3020 uxore

1936 3057 2033 3099 sua
2063 3055 2271 3101 mortua
2306 3062 2546 3103 sororem
2581 3049 2720 3105 illius
2753 3051 2805 3106 in
2860 3051 3267 3108 matrimonium
3311 3055 3511 3111 ducere

252 3122 497 3194 ἀδελφὴν
517 3121 825 3190 ἀγαγέσθαι
853 3120 994 3191 πρὸς
1030 3120 1229 3189 γάμον,
1281 3119 1609 3191 ἀπεκρίνετο
1632 3122 1807 3193 έγγρά

1937 3146 2154 3205 posset;
2188 3138 2238 3192 in
2280 3138 2499 3209 scriptis
2549 3143 2857 3210 respuudit,
2906 3157 3027 3198 eum
3060 3158 3167 3198 non
3208 3145 3507 3214 prohiberi.

248 3231 372 3283 φως
408 3215 485 3283 μὴ
504 3211 831 3267 κωλύεσθαι.
850 3208 959 3263 Τοῦ
982 3209 1039 3264 δὲ
1076 3209 1317 3280 μεγάλου
1372 3210 1657 3265 Βασιλείου
1684 3214 1829 3267 ἀπαο

248 3304 585 3375 τορεύοντος
635 3304 728 3356 τὸν
756 3299 998 3356 τοιοῦτον
1018 3301 1218 3368 γάμον,
1243 3301 1279 3369 ἡ
1302 3298 1394 3352 τοῦ
1420 3300 1685 3370 Διοδώρου
1736 3302 1827 3371 έγ-

247 3412 466 3467 γραςος
495 3393 789 3466 ἀπόκρισις
814 3390 1145 3462 ένεφανίσθη
1180 3390 1354 3459 αύτῷ,
1390 3389 1482 3444 τὸν
1537 3392 1829 3462 είρημένον

245 3486 631 3555 ἐπιτρέπουσα
664 3483 867 3553 γάμον.
911 3478 1080 3534 Ὀθεν
1104 3478 1428 3531 ἀπέστειλεν
1453 3479 1601 3547 αύτῷ
1633 3480 1826 3534 ταῦτα.

258 3576 522 3646 ’Δφίκετο
557 3576 696 3647 πρὸς
757 3572 907 3644 ἡμᾶς
982 3572 1293 3641 γράμματα
1354 3571 1454 3639 τὴν
1505 3569 1830 3641 ὑπογραφὴν

326 3670 521 3739 ἔχοντα
553 3665 823 3736 Διοδώρου
852 3678 869 3695 ⁸
924 3663 992 3717 τὰ
1041 3661 1103 3715 δὲ
1169 3660 1370 3731 ἑφεξῆς
1439 3659 1601 3713 ἄλλου
1682 3659 1827 3723 τινὸς

323 3761 603 3832 πρέποντα
635 3754 778 3811 εἶναι
818 3755 853 3826 ἢ
888 3752 1176 3825 Διοδώρου.
1211 3754 1369 3804 Δοκεῖ
1414 3768 1507 3822 μοι
1562 3750 1670 3819 γάρ
1745 3767 1829 3813 τις

322 3851 434 3905 τῶν
462 3847 726 3919 τεχνικῶν
791 3845 853 3900 εδ
895 3844 991 3899 σοῦ
1038 3843 1332 3913 πρόσωπον
1383 3841 1603 3907 ὑποδὺς,
1652 3840 1826 3902 οὕτως

320 3940 517 3997 ἑαυτὸν
547 3938 871 4005 ἀξιόπιστον
895 3936 1158 4007 serraca.
1189 3934 1417 4005 ποιῆσαι
1447 3935 1561 3996 τοῖς
1587 3934 1821 4005 ἀκροου-

329 4036 519 4105 μένοις
552 4048 566 4064 ·
594 4031 652 4095 ὃς
684 4046 748 4098 γε
771 4027 1068 4102 έρωτηθεὶς
1092 4027 1199 4080 ύπό
1245 4044 1428 4090 τινων,
1487 4026 1541 4078 εί
1599 4024 1825 4095 θεμιτὸν

319 4125 489 4180 αὐτὸν
516 4123 656 4194 πρὸς
686 4123 866 4192 γάμον
897 4121 997 4189 τῆς
1022 4118 1357 4188 τελευτήσης
1381 4116 1530 4186 αὐτῷ
1562 4115 1821 4185 γυναικὸς

321 4217 423 4286 τὴν
450 4215 687 4284 ἀδελφὴν
711 4210 1042 4280 ἀγαγέσθαι,
1072 4207 1175 4262 οὐκ
1203 4205 1390 4277 ἔφριξε
1418 4206 1519 4276 τὴν
1532 4206 1816 4277 έρώτησιν⁶

319 4307 460 4362 ἀ).λᾶ
490 4307 583 4359 καὶ
616 4304 808 4376 πράως
837 4302 1034 4371 ἧνεγκε
1069 4299 1168 4372 τὴν
1192 4299 1382 4369 ἀκοὴν,
1425 4299 1521 4351 καὶ
1574 4296 1635 4351 τὸ
1658 4296 1820 4350 ἀσελ-

322 4400 419 4469 γὲς
451 4396 781 4467 ἐπιθύμημα
808 4393 951 4450 πάνυ
981 4392 1243 4462 γενναίως
1296 4388 1446 4460 αύτῷ
1480 4389 1575 4444 καὶ
1619 4389 1819 4457 ἀγωνι-

322 4490 531 4553 στικῶς
573 4486 1048 4557 συγκατέπραξεν.
1075 4485 1138 4538 Ei
1167 4484 1269 4555 μὶν
1303 4481 1396 4537 οὖν
1418 4481 1609 4553 παρῆν
1637 4498 1728 4553 μοι
1755 4483 1818 4538 τὸ
1849 4483 1895 4539 D

314 4581 576 4653 γράμμα,
623 4577 758 4630 αὐτὸ
809 4576 876 4631 ἂν
903 4574 1220 4636 ἀπέστειλα,
1258 4573 1351 4625 καὶ
1375 4570 1607 4644 ἐξῆρχες
1635 4572 1819 4643 σαυτῷ

319 4685 379 4722 τε
432 4668 639 4739 ἀμῦναι
673 4669 770 4721 καὶ
814 4669 882 4736 τῇ
913 4664 1163 4736 ἀληθείᾳ.
1183 4662 1338 4717 Ἐπεὶ
1371 4662 1431 4718 δὲ
1454 4667 1483 4719 6
1506 4665 1686 4730 δείξας
1711 4664 1820 4720 πά-

320 4763 405 4815 λιν
428 4759 701 4829 ἀφείλετο,
748 4759 841 4811 καὶ
866 4756 1059 4828 ὥσπερ
1082 4774 1135 4810 τι
1187 4757 1450 4829 τρόπαιον
1511 4757 1632 4811 καθ’
1661 4756 1821 4827 ἡμῶν

324 4854 647 4925 περιέφερε,
684 4850 1080 4904 κεκωλυκότων
1108 4850 1169 4904 τὸ
1214 4852 1274 4917 ἐξ
1303 4851 1498 4921 ἀρχῆς,
1540 4849 1818 4918 ἔγγραφον

317 4950 500 5015 λέγειν
530 4944 666 5016 έχων
692 4948 792 5013 τὴν
823 4943 1098 5011 ἐξουσίαν,
1161 4944 1462 4996 ἀπέστειλα
1529 4942 1625 4995 νῦν
1710 4958 1815 5007 σοι,

319 5038 463 5095 ὥστε
485 5038 647 5107 διπλῇ
670 5038 738 5107 τῇ
768 5036 915 5106 χειρὶ
945 5036 1089 5106 ἡμᾶς
1143 5034 1318 5088 ἐλθεῖν
1376 5034 1471 5087 ἐπὶ
1528 5033 1621 5086 τὸν
1664 5033 1818 5086 νόθον

319 5129 529 5183 έκεῖνον
545 5126 727 5193 λδγον,
741 5125 835 5178 καὶ
850 5124 1122 5195 μηδεμίαν
1139 5124 1286 5194 αύτῴ
1307 5124 1460 5193 ἰσχὺν
1476 5122 1813 5178 καταλιπεῖνο

318 5221 408 5274 ἵνα
434 5219 513 5290 μὴ
536 5218 637 5289 Exn
669 5216 924 5287 βλάπτειν
957 5217 1154 5288 ῥᾳδίως
1195 5216 1320 5279 τοὺς
1360 5217 1811 5285 ἐντυγχάνοντας.

316 5311 517 5366 ΒΔΔΣ.
552 5308 876 5379 Ἀνατρέψαι
915 5307 983 5360 τὰ
1018 5308 1170 5377 παρά
1199 5307 1291 5360 τοῦ
1311 5306 1576 5376 Διοδώρου
1603 5306 1814 5376 μέλλων

240 5408 271 5459 6
299 5402 477 5468 ἀγιος,
505 5399 769 5472 τεχνικῶς
800 5399 1013 5470 μέτεισι
1046 5401 1145 5467 τὴν
1169 5398 1506 5470 ἀνατροπὴν,
1557 5401 1649 5451 καὶ
1678 5414 1813 5469 προ-

243 5492 483 5562 καθιστᾷ
512 5492 604 5544 τὸν
625 5492 823 5543 οἰκεῖον
850 5490 1029 5557 λόγον,
1066 5489 1151 5541 ινα
1207 5490 1280 5560 μὴ
1337 5490 1469 5557 δοκῇ
1528 5488 1813 5558 ἐντρέπειν

240 5586 427 5650 αὐτὸν,
445 5583 541 5637 καὶ
556 5579 731 5643 οὕτως
744 5582 932 5634 ένστατ
943 5582 1103 5633 ικώτε
1113 5597 1203 5650 ρον
1224 5580 1386 5633 αὐτον
1404 5580 1809 5650 ἀπεργάσηται,

241 5678 334 5732 καί
357 5692 528 5746 φησιν
546 5673 716 5727 ὅτιτὸ
734 5672 973 5742 γράμμα
989 5675 1066 5735 εἰς
1084 5671 1254 5740 θνομα
1278 5671 1380 5740 μὲν
1397 5672 1488 5724 σὺν
1505 5672 1811 5741 ἐπεγέγρα-

241 5785 362 5822 πτο·
394 5767 544 5821 δοκεί
573 5763 631 5816 δέ
664 5779 755 5831 μοι
780 5765 862 5816 ὅτι
892 5763 1046 5823 ἄλλος
1075 5763 1182 5813 τῶν
1210 5764 1277 5813 τὰ
1302 5760 1525 5814 τοιαῦτα
1558 5764 1810 5832 τεχνάζε-

535 5857 802 5913 ιἰιίιυι..
832 5856 943 5911 tiu.
993 5853 1384 5913 CXXXVHI.

1933 3223 2067 3279 Cum
2090 3234 2269 3281 autem
2302 3243 2529 3299 magnus
2547 3229 2775 3285 Basilius
2804 3232 3070 3302 ejusmodi
3102 3235 3509 3290 matrimonium

1932 3315 2265 3385 prohiberet,
2301 3321 2519 3388 scriptis
2558 3323 2809 3377 mandata
2843 3323 3058 3378 Diodori
3110 3328 3398 3395 responsio
3429 3326 3508 3381 illi

1932 3414 2146 3463 ostensa
2185 3416 2290 3475 est,
2319 3424 2437 3481 quae
2478 3412 2791 3482 praedictum
2839 3415 3244 3472 matrimonium
3278 3418 3507 3487 permit-

1933 3496 2103 3553 tebat.
2143 3497 2293 3554 Untle
2321 3500 2393 3554 illi
2427 3501 2541 3556 haec
2568 3502 2737 3559 misit.

1933 3588 2207 3644 Venerunt
2242 3592 2305 3644 ad
2335 3606 2433 3647 nos
2463 3593 2665 3649 littera:
2720 3595 2934 3651 Diodori
2971 3597 3373 3669 inscriptionem
3399 3599 3499 3654 ba-

1998 3678 2191 3733 bentes
2225 3694 2241 3732 :
2276 3695 2398 3750 qua:
2430 3691 2609 3738 autem
2643 3683 2899 3755 deinceps
2926 3696 3246 3755 sequuntur,
3277 3701 3339 3743 ea
3368 3687 3504 3746 aliud

1998 3771 2177 3839 potius
2209 3786 2370 3842 quam
2398 3772 2616 3830 Diodori
2643 3790 2765 3833 esse
2791 3779 3061 3833 convenit.
3098 3778 3324 3835 Videtur
3352 3782 3501 3836 enim

2000 3859 2151 3915 vafer
2181 3861 2448 3934 quispiam
2483 3872 2624 3920 tuam
2655 3881 2945 3937 personam
2973 3868 3228 3935 subiisse,
3248 3879 3309 3926 ut
3339 3885 3397 3925 se
3420 3873 3502 3928 sic

2000 3951 2336 4010 auditoribus
2376 3954 2481 4011 iide
2513 3957 2732 4028 dignum
2762 3957 3030 4026 ediceret;
3076 3961 3167 4030 qui
3212 3961 3280 4017 ab
3305 3962 3501 4034 aliqui-

1999 4043 2100 4097 bus
2135 4043 2521 4115 interrogatus,
2544 4063 2611 4100 an
2640 4048 2719 4103 l‘as
2741 4052 2811 4104 sit
2840 4050 3138 4107 demortuae
3166 4051 3286 4123 ejus
3316 4055 3503 4110 uxoris

1995 4146 2237 4190 sororem
2270 4137 2324 4190 in
2353 4138 2757 4194 matrimonium
2782 4142 2998 4211 ducere,
3019 4143 3496 4215 interrogationem

1998 4236 2101 4277 non
2135 4223 2417 4280 abhorruit
2449 4239 2462 4277 :
2501 4226 2596 4281 sed
2628 4227 2960 4285 auditionem
3003 4245 3158 4301 aquo
3199 4234 3381 4291 animo
3413 4245 3499 4289 tu-

1994 4312 2077 4375 lit,
2100 4321 2154 4367 et
2184 4314 2251 4369 ad
2287 4311 2517 4370 salacem
2551 4317 2668 4386 ejus
2695 4318 3044 4388 cupiditatem
3075 4320 3227 4377 valde
3253 4322 3325 4378 illi
3358 4332 3501 4377 stre-

1995 4420 2099 4461 nue
2122 4414 2425 4477 inagnaque
2454 4412 2802 4466 contentione
2836 4411 3093 4467 auxilium
3124 4412 3266 4467 tulit.
3295 4413 3351 4467 Si
3377 4414 3497 4485 ipse

1995 4496 2175 4565 itaque
2200 4494 2405 4551 litteras
2435 4496 2710 4564 haberem,
2732 4513 2825 4554 eas
2855 4500 2923 4554 ad
2951 4509 3002 4554 te
3031 4501 3321 4567 misissem,
3354 4502 3499 4571 ipse-

1996 4602 2103 4657 que
2142 4590 2208 4642 ad
2243 4596 2295 4642 te
2322 4595 2378 4642 et
2418 4587 2699 4641 veritatem
2746 4589 3136 4647 defendendam
3169 4592 3496 4651 suii‘ecisses.

1996 4678 2129 4746 Quia
2160 4688 2339 4732 autem
2370 4678 2415 4732 is
2439 4679 2529 4747 qui
2558 4679 2799 4735 ostendit
2824 4694 3012 4737 rursus
3040 4682 3283 4753 abstulit,
3316 4693 3370 4739 et
3399 4688 3496 4741 ad-

1993 4780 2184 4820 versus
2222 4779 2340 4829 nos,
2371 4765 2463 4833 qui
2512 4764 2581 4818 ab
2619 4765 2773 4821 initio
2823 4766 3293 4837 prohibueramus,
3334 4772 3495 4825 veluti

1993 4857 2288 4927 trophaznm
2318 4857 2665 4923 circumtulit,
2698 4858 2925 4915 dicendo
2949 4873 3006 4916 se
3030 4862 3251 4930 scriptis
3276 4861 3496 4916 manda-

1996 4961 2101 5004 tam
2150 4950 2351 5003 habere
2401 4957 2718 5017 potestatem
2758 4962 2773 5003 :
2821 4965 2963 5005 nunc
2995 4950 3061 5006 ad
3093 4960 3144 5005 te
3179 4953 3403 5023 scripti,
3436 4964 3495 5009 nt

1993 5053 2151 5096 manu
2178 5040 2374 5110 duplici
2405 5041 2471 5094 ad
2512 5041 2655 5095 illam
2686 5040 3043 5097 adulterinam
3068 5043 3366 5101 orationem
3395 5060 3489 5102 ve-

1992 5131 2225 5195 niamus,
2257 5137 2310 5183 et
2345 5130 2518 5185 nullas
2548 5131 2595 5185 ei
2622 5131 2761 5186 vires
2796 5131 3193 5201 relinquamus;
3227 5147 3296 5190 ne
3321 5135 3496 5205 possit

1990 5220 2272 5275 etis‘facile
2306 5220 2519 5286 laedere,
2559 5222 2611 5276 in
2648 5236 2786 5291 quos
2816 5222 3028 5279 incidit.

1988 5310 2182 5367 BALS.
2218 5310 2348 5377 Quae
2387 5327 2419 5365 a
2450 5311 2685 5368 Diodoro
2716 5315 2918 5384 scripta
2952 5323 3081 5371 sunt
3112 5316 3488 5374 confutaturus

1914 5412 2157 5469 sanctus,
2218 5402 2637 5460 confutationem
2699 5406 2991 5463 artiﬁciose
3043 5409 3373 5480 aggreditur,
3428 5418 3484 5465 et

1914 5496 2032 5565 ejus
2070 5495 2269 5549 dictum
2313 5494 2384 5548 ita
2419 5498 2704 5566 proponit,
2742 5507 2802 5552 ut
2848 5514 2982 5555 non'
3010 5501 3257 5557 videatur
3311 5502 3486 5570 ipsum

1914 5585 2118 5657 pudore
2151 5584 2481 5652 suii‘under‘e,
2499 5596 2551 5641 et
2581 5587 2653 5641 ita
2676 5602 2797 5642 eum
2823 5590 2891 5644 ad
2921 5589 3275 5647 insistendum
3306 5592 3486 5647 aerio-

1915 5691 2026 5731 rem
2059 5675 2274 5737 ciliciat.
2292 5683 2347 5730 et
2369 5674 2509 5732 dicet
2534 5675 2782 5734 :Littera:
2801 5679 3017 5751 quidem
3041 5681 3140 5736 sub
3164 5690 3252 5735 tuo
3268 5681 3486 5737 nomine

1910 5772 2127 5838 scripta
2157 5766 2368 5825 fuerant
2397 5782 2415 5823 :
2443 5769 2573 5827 mihi
2605 5779 2785 5828 autem
2817 5773 3027 5830 videtur
3050 5772 3244 5841 aliquis
3274 5782 3482 5841 eorum,

3092 5862 3168 5925 26
