  <div class='ocr_page' id='page_1' title='image "/cluster/home/n/w/nwhite01/storage/ocr_20150623/138/uva.x030486987/465.png"; bbox 0 0 4096 6474; ppageno 0'>
   <div class='ocr_carea' id='block_1_1' title="bbox 620 394 716 465">
    <p class='ocr_par' dir='ltr' id='par_1_1' title="bbox 620 394 716 465">
     <span class='ocr_line' id='line_1_1' title="bbox 620 394 716 465; baseline -0.042 -1"><span class='ocrx_word' id='word_1_1' title='bbox 620 394 716 465; x_wconf 83' lang='lat' dir='ltr'>8U</span> 
     </span>
    </p>
   </div>
   <div class='ocr_carea' id='block_1_2' title="bbox 1872 376 2586 442">
    <p class='ocr_par' dir='ltr' id='par_1_2' title="bbox 1872 376 2586 442">
     <span class='ocr_line' id='line_1_2' title="bbox 1872 376 2586 442; baseline -0.003 0"><span class='ocrx_word' id='word_1_2' title='bbox 1872 379 2150 442; x_wconf 84' lang='lat' dir='ltr'><strong>TIIEOD.</strong></span> <span class='ocrx_word' id='word_1_3' title='bbox 2187 376 2586 440; x_wconf 78' lang='lat' dir='ltr'><strong>BALSAMON</strong></span> 
     </span>
    </p>
   </div>
   <div class='ocr_carea' id='block_1_3' title="bbox 3776 371 3869 438">
    <p class='ocr_par' dir='ltr' id='par_1_3' title="bbox 3776 371 3869 438">
     <span class='ocr_line' id='line_1_3' title="bbox 3776 371 3869 438; baseline -0.011 -1"><span class='ocrx_word' id='word_1_4' title='bbox 3776 371 3869 438; x_wconf 80' lang='lat'><strong>812</strong></span> 
     </span>
    </p>
   </div>
   <div class='ocr_carea' id='block_1_4' title="bbox 617 485 2198 581">
    <p class='ocr_par' dir='ltr' id='par_1_4' title="bbox 617 495 2191 581">
     <span class='ocr_line' id='line_1_4' title="bbox 617 495 2191 581; baseline -0.011 -17"><span class='ocrx_word' id='word_1_5' title='bbox 617 509 710 581; x_wconf 88' lang='lat' dir='ltr'><strong>qui</strong></span> <span class='ocrx_word' id='word_1_6' title='bbox 744 505 810 562; x_wconf 85' lang='lat' dir='ltr'><strong>ad</strong></span> <span class='ocrx_word' id='word_1_7' title='bbox 847 505 961 560; x_wconf 73' lang='lat' dir='ltr'><strong>bmc</strong></span> <span class='ocrx_word' id='word_1_8' title='bbox 1010 497 1368 558; x_wconf 84' lang='lat' dir='ltr'><strong>machinanda</strong></span> <span class='ocrx_word' id='word_1_9' title='bbox 1396 505 1448 553; x_wconf 90' lang='lat' dir='ltr'><strong>et</strong></span> <span class='ocrx_word' id='word_1_10' title='bbox 1479 495 1830 566; x_wconf 76' lang='lat' dir='ltr'><strong>excogitanda</strong></span> <span class='ocrx_word' id='word_1_11' title='bbox 1880 495 1988 563; x_wconf 87' lang='lat' dir='ltr'><strong>apti</strong></span> <span class='ocrx_word' id='word_1_12' title='bbox 2024 503 2191 556; x_wconf 88' lang='lat' dir='ltr'><strong>sunt,</strong></span> 
     </span>
    </p>
   </div>
   <div class='ocr_carea' id='block_1_5' title="bbox 2303 485 3868 581">
    <p class='ocr_par' dir='ltr' id='par_1_5' title="bbox 2303 485 3868 561">
     <span class='ocr_line' id='line_1_5' title="bbox 2303 485 3868 561; baseline -0.006 -15"><span class='ocrx_word' id='word_1_13' title='bbox 2303 491 2424 547; x_wconf 85' lang='grc' dir='ltr'><strong>σθαι</strong></span> <span class='ocrx_word' id='word_1_14' title='bbox 2447 493 2540 546; x_wconf 73' lang='grc' dir='ltr'><strong>καὶ</strong></span> <span class='ocrx_word' id='word_1_15' title='bbox 2599 488 2947 561; x_wconf 71' lang='grc' dir='ltr'><strong>μηχανᾶσθαι</strong></span> <span class='ocrx_word' id='word_1_16' title='bbox 2977 487 3332 556; x_wconf 74' lang='grc' dir='ltr'><strong>ἐπιτηδείων,</strong></span> <span class='ocrx_word' id='word_1_17' title='bbox 3357 487 3530 542; x_wconf 72' lang='grc' dir='ltr'><strong>θέλων</strong></span> <span class='ocrx_word' id='word_1_18' title='bbox 3561 485 3868 553; x_wconf 70' lang='grc' dir='ltr'><strong>ἀξιόπιπον</strong></span> 
     </span>
    </p>
   </div>
   <div class='ocr_carea' id='block_1_6' title="bbox 620 584 2192 660">
    <p class='ocr_par' dir='ltr' id='par_1_6' title="bbox 620 584 2192 660">
     <span class='ocr_line' id='line_1_6' title="bbox 620 584 2192 660; baseline -0.01 -6"><span class='ocrx_word' id='word_1_19' title='bbox 620 600 803 656; x_wconf 89' lang='lat' dir='ltr'><strong>volens</strong></span> <span class='ocrx_word' id='word_1_20' title='bbox 834 595 1062 657; x_wconf 69' lang='lat' dir='ltr'><strong>edicere,</strong></span> <span class='ocrx_word' id='word_1_21' title='bbox 1099 601 1157 646; x_wconf 91' lang='lat' dir='ltr'><strong>ut</strong></span> <span class='ocrx_word' id='word_1_22' title='bbox 1186 593 1328 660; x_wconf 88' lang='lat' dir='ltr'><strong>quod</strong></span> <span class='ocrx_word' id='word_1_23' title='bbox 1363 605 1391 644; x_wconf 91' lang='lat' dir='ltr'><strong>a</strong></span> <span class='ocrx_word' id='word_1_24' title='bbox 1419 604 1479 644; x_wconf 90' lang='lat' dir='ltr'><strong>se</strong></span> <span class='ocrx_word' id='word_1_25' title='bbox 1504 587 1806 643; x_wconf 87' lang='lat' dir='ltr'><strong>diseeretur</strong></span> <span class='ocrx_word' id='word_1_26' title='bbox 1837 584 1940 639; x_wconf 85' lang='lat' dir='ltr'><strong>llde</strong></span> <span class='ocrx_word' id='word_1_27' title='bbox 1970 584 2192 653; x_wconf 76' lang='lat' dir='ltr'><strong>dignum</strong></span> 
     </span>
    </p>
   </div>
   <div class='ocr_carea' id='block_1_7' title="bbox 617 675 2195 754">
    <p class='ocr_par' dir='ltr' id='par_1_7' title="bbox 617 675 2195 754">
     <span class='ocr_line' id='line_1_7' title="bbox 617 675 2195 754; baseline -0.011 -7"><span class='ocrx_word' id='word_1_28' title='bbox 617 701 780 754; x_wconf 89' lang='lat' dir='ltr'><strong>esset,</strong></span> <span class='ocrx_word' id='word_1_29' title='bbox 803 686 996 743; x_wconf 88' lang='lat' dir='ltr'><strong>litteris</strong></span> <span class='ocrx_word' id='word_1_30' title='bbox 1016 696 1162 738; x_wconf 89' lang='lat' dir='ltr'><strong>tuum</strong></span> <span class='ocrx_word' id='word_1_31' title='bbox 1184 696 1377 737; x_wconf 83' lang='lat' dir='ltr'><strong>nomen</strong></span> <span class='ocrx_word' id='word_1_32' title='bbox 1393 679 1798 747; x_wconf 83' lang='lat' dir='ltr'><strong>subscripsisse.</strong></span> <span class='ocrx_word' id='word_1_33' title='bbox 1828 675 1929 742; x_wconf 84' lang='lat' dir='ltr'><strong>Qui</strong></span> <span class='ocrx_word' id='word_1_34' title='bbox 1961 676 2195 730; x_wconf 88' lang='lat' dir='ltr'><strong>interro-</strong></span> 
     </span>
    </p>
   </div>
   <div class='ocr_carea' id='block_1_8' title="bbox 621 766 2196 851">
    <p class='ocr_par' dir='ltr' id='par_1_8' title="bbox 621 766 2196 851">
     <span class='ocr_line' id='line_1_8' title="bbox 621 766 2196 851; baseline -0.01 -17"><span class='ocrx_word' id='word_1_35' title='bbox 621 790 798 851; x_wconf 75' lang='lat' dir='ltr'><strong>gatus,</strong></span> <span class='ocrx_word' id='word_1_36' title='bbox 825 793 892 831; x_wconf 87' lang='lat' dir='ltr'><strong>au</strong></span> <span class='ocrx_word' id='word_1_37' title='bbox 923 776 1002 830; x_wconf 80' lang='lat' dir='ltr'><strong>fas</strong></span> <span class='ocrx_word' id='word_1_38' title='bbox 1030 782 1196 839; x_wconf 89' lang='lat' dir='ltr'><strong>esset,</strong></span> <span class='ocrx_word' id='word_1_39' title='bbox 1225 788 1316 827; x_wconf 89' lang='lat' dir='ltr'><strong>seu</strong></span> <span class='ocrx_word' id='word_1_40' title='bbox 1349 770 1647 840; x_wconf 78' lang='lat' dir='ltr'><strong>legitimum</strong></span> <span class='ocrx_word' id='word_1_41' title='bbox 1681 778 1773 822; x_wconf 90' lang='lat' dir='ltr'><strong>aut</strong></span> <span class='ocrx_word' id='word_1_42' title='bbox 1801 766 2006 846; x_wconf 74' lang='lat' dir='ltr'><strong>justum</strong></span> <span class='ocrx_word' id='word_1_43' title='bbox 2039 780 2196 820; x_wconf 87' lang='lat' dir='ltr'><strong>soro-</strong></span> 
     </span>
    </p>
   </div>
   <div class='ocr_carea' id='block_1_9' title="bbox 623 856 2196 924">
    <p class='ocr_par' dir='ltr' id='par_1_9' title="bbox 623 856 2196 924">
     <span class='ocr_line' id='line_1_9' title="bbox 623 856 2196 924; baseline -0.01 0"><span class='ocrx_word' id='word_1_44' title='bbox 623 885 735 924; x_wconf 88' lang='lat' dir='ltr'><strong>rem</strong></span> <span class='ocrx_word' id='word_1_45' title='bbox 765 868 947 922; x_wconf 77' lang='lat' dir='ltr'><strong>uxoris</strong></span> <span class='ocrx_word' id='word_1_46' title='bbox 992 881 1102 920; x_wconf 74' lang='lat' dir='ltr'><strong>sua:</strong></span> <span class='ocrx_word' id='word_1_47' title='bbox 1139 871 1367 917; x_wconf 62' lang='lat' dir='ltr'><strong>mortua:</strong></span> <span class='ocrx_word' id='word_1_48' title='bbox 1413 859 1467 914; x_wconf 92' lang='lat' dir='ltr'><strong>in</strong></span> <span class='ocrx_word' id='word_1_49' title='bbox 1522 857 1927 912; x_wconf 83' lang='lat' dir='ltr'><strong>matriumuium</strong></span> <span class='ocrx_word' id='word_1_50' title='bbox 1964 856 2196 919; x_wconf 82' lang='lat' dir='ltr'><strong>ducere;</strong></span> 
     </span>
    </p>
   </div>
   <div class='ocr_carea' id='block_1_10' title="bbox 624 945 2200 1028">
    <p class='ocr_par' dir='ltr' id='par_1_10' title="bbox 624 945 2200 1028">
     <span class='ocr_line' id='line_1_10' title="bbox 624 945 2200 1028; baseline -0.01 -15"><span class='ocrx_word' id='word_1_51' title='bbox 624 959 694 1024; x_wconf 88' lang='lat' dir='ltr'><strong>ei,</strong></span> <span class='ocrx_word' id='word_1_52' title='bbox 732 960 820 1028; x_wconf 85' lang='lat' dir='ltr'><strong>qui</strong></span> <span class='ocrx_word' id='word_1_53' title='bbox 868 952 1252 1021; x_wconf 73' lang='lat' dir='ltr'><strong>interrogavit,</strong></span> <span class='ocrx_word' id='word_1_54' title='bbox 1285 951 1337 1003; x_wconf 92' lang='lat' dir='ltr'><strong>in</strong></span> <span class='ocrx_word' id='word_1_55' title='bbox 1375 949 1538 1016; x_wconf 88' lang='lat' dir='ltr'><strong>impia</strong></span> <span class='ocrx_word' id='word_1_56' title='bbox 1573 946 1994 1015; x_wconf 74' lang='lat' dir='ltr'><strong>interrogatione</strong></span> <span class='ocrx_word' id='word_1_57' title='bbox 2046 945 2200 999; x_wconf 77' lang='lat' dir='ltr'><strong>auxi-</strong></span> 
     </span>
    </p>
   </div>
   <div class='ocr_carea' id='block_1_11' title="bbox 621 1038 2199 1110">
    <p class='ocr_par' dir='ltr' id='par_1_11' title="bbox 621 1038 2199 1110">
     <span class='ocr_line' id='line_1_11' title="bbox 621 1038 2199 1110; baseline -0.006 -9"><span class='ocrx_word' id='word_1_58' title='bbox 621 1049 752 1102; x_wconf 88' lang='lat' dir='ltr'><strong>lium</strong></span> <span class='ocrx_word' id='word_1_59' title='bbox 785 1048 927 1108; x_wconf 90' lang='lat' dir='ltr'><strong>tulit,</strong></span> <span class='ocrx_word' id='word_1_60' title='bbox 960 1044 1011 1097; x_wconf 86' lang='lat' dir='ltr'><strong>id</strong></span> <span class='ocrx_word' id='word_1_61' title='bbox 1044 1052 1146 1107; x_wconf 84' lang='lat' dir='ltr'><strong>est,</strong></span> <span class='ocrx_word' id='word_1_62' title='bbox 1185 1041 1658 1110; x_wconf 87' lang='lat' dir='ltr'><strong>intemperantiam</strong></span> <span class='ocrx_word' id='word_1_63' title='bbox 1689 1048 1742 1092; x_wconf 91' lang='lat' dir='ltr'><strong>et</strong></span> <span class='ocrx_word' id='word_1_64' title='bbox 1773 1038 2049 1094; x_wconf 89' lang='lat' dir='ltr'><strong>libidinem</strong></span> <span class='ocrx_word' id='word_1_65' title='bbox 2085 1052 2199 1106; x_wconf 87' lang='lat' dir='ltr'><strong>per-</strong></span> 
     </span>
    </p>
   </div>
   <div class='ocr_carea' id='block_1_12' title="bbox 623 1128 2197 1201">
    <p class='ocr_par' dir='ltr' id='par_1_12' title="bbox 623 1128 2197 1201">
     <span class='ocr_line' id='line_1_12' title="bbox 623 1128 2197 1201; baseline -0.004 -12"><span class='ocrx_word' id='word_1_66' title='bbox 623 1135 882 1189; x_wconf 84' lang='lat' dir='ltr'><strong>mittendo</strong></span> <span class='ocrx_word' id='word_1_67' title='bbox 905 1173 921 1199; x_wconf 90' lang='lat'><strong>,</strong></span> <span class='ocrx_word' id='word_1_68' title='bbox 958 1135 1070 1201; x_wconf 78' lang='lat' dir='ltr'><strong>ipse</strong></span> <span class='ocrx_word' id='word_1_69' title='bbox 1101 1146 1312 1200; x_wconf 85' lang='lat' dir='ltr'><strong>quoque</strong></span> <span class='ocrx_word' id='word_1_70' title='bbox 1344 1131 1556 1184; x_wconf 89' lang='lat' dir='ltr'><strong>videtur</strong></span> <span class='ocrx_word' id='word_1_71' title='bbox 1591 1128 1759 1182; x_wconf 77' lang='lat' dir='ltr'><strong>fuisse</strong></span> <span class='ocrx_word' id='word_1_72' title='bbox 1811 1129 2038 1183; x_wconf 85' lang='lat' dir='ltr'><strong>actionis</strong></span> <span class='ocrx_word' id='word_1_73' title='bbox 2077 1142 2197 1196; x_wconf 68' lang='lat' dir='ltr'><strong>paro</strong></span> 
     </span>
    </p>
   </div>
   <div class='ocr_carea' id='block_1_13' title="bbox 623 1219 2198 1294">
    <p class='ocr_par' dir='ltr' id='par_1_13' title="bbox 623 1219 2198 1294">
     <span class='ocr_line' id='line_1_13' title="bbox 623 1219 2198 1294; baseline -0.004 -13"><span class='ocrx_word' id='word_1_74' title='bbox 623 1229 812 1294; x_wconf 90' lang='lat' dir='ltr'><strong>ticeps.</strong></span> <span class='ocrx_word' id='word_1_75' title='bbox 852 1223 908 1280; x_wconf 88' lang='lat' dir='ltr'><strong>Si</strong></span> <span class='ocrx_word' id='word_1_76' title='bbox 939 1226 1139 1294; x_wconf 90' lang='lat' dir='ltr'><strong>itaque,</strong></span> <span class='ocrx_word' id='word_1_77' title='bbox 1172 1223 1365 1293; x_wconf 88' lang='lat' dir='ltr'><strong>inquit,</strong></span> <span class='ocrx_word' id='word_1_78' title='bbox 1397 1221 1602 1276; x_wconf 86' lang='lat' dir='ltr'><strong>litteras</strong></span> <span class='ocrx_word' id='word_1_79' title='bbox 1631 1219 1938 1275; x_wconf 79' lang='lat' dir='ltr'><strong>habuissem</strong></span> <span class='ocrx_word' id='word_1_80' title='bbox 1964 1260 1978 1285; x_wconf 95' lang='lat'><strong>,</strong></span> <span class='ocrx_word' id='word_1_81' title='bbox 2009 1236 2101 1276; x_wconf 90' lang='lat' dir='ltr'><strong>eas</strong></span> <span class='ocrx_word' id='word_1_82' title='bbox 2131 1221 2198 1275; x_wconf 87' lang='lat' dir='ltr'><strong>ad</strong></span> 
     </span>
    </p>
   </div>
   <div class='ocr_carea' id='block_1_14' title="bbox 623 1313 2191 1385">
    <p class='ocr_par' dir='ltr' id='par_1_14' title="bbox 623 1313 2191 1385">
     <span class='ocr_line' id='line_1_14' title="bbox 623 1313 2191 1385; baseline -0.004 -12"><span class='ocrx_word' id='word_1_83' title='bbox 623 1327 674 1374; x_wconf 83' lang='lat' dir='ltr'><strong>te</strong></span> <span class='ocrx_word' id='word_1_84' title='bbox 723 1318 1012 1382; x_wconf 79' lang='lat' dir='ltr'><strong>misissem,</strong></span> <span class='ocrx_word' id='word_1_85' title='bbox 1050 1330 1208 1385; x_wconf 81' lang='lat' dir='ltr'><strong>teque</strong></span> <span class='ocrx_word' id='word_1_86' title='bbox 1256 1325 1311 1370; x_wconf 91' lang='lat' dir='ltr'><strong>et</strong></span> <span class='ocrx_word' id='word_1_87' title='bbox 1357 1315 1636 1370; x_wconf 79' lang='lat' dir='ltr'><strong>veritatem</strong></span> <span class='ocrx_word' id='word_1_88' title='bbox 1689 1313 2050 1380; x_wconf 77' lang='lat' dir='ltr'><strong>defendisses,</strong></span> <span class='ocrx_word' id='word_1_89' title='bbox 2098 1328 2191 1368; x_wconf 89' lang='lat' dir='ltr'><strong>seu</strong></span> 
     </span>
    </p>
   </div>
   <div class='ocr_carea' id='block_1_15' title="bbox 624 1405 2197 1472">
    <p class='ocr_par' dir='ltr' id='par_1_15' title="bbox 624 1405 2197 1472">
     <span class='ocr_line' id='line_1_15' title="bbox 624 1405 2197 1472; baseline -0.003 -9"><span class='ocrx_word' id='word_1_90' title='bbox 624 1412 720 1464; x_wconf 88' lang='lat' dir='ltr'><strong>tibi</strong></span> <span class='ocrx_word' id='word_1_91' title='bbox 757 1410 1016 1464; x_wconf 80' lang='lat' dir='ltr'><strong>auxilium</strong></span> <span class='ocrx_word' id='word_1_92' title='bbox 1070 1411 1309 1472; x_wconf 83' lang='lat' dir='ltr'><strong>tulisses,</strong></span> <span class='ocrx_word' id='word_1_93' title='bbox 1342 1417 1399 1461; x_wconf 90' lang='lat' dir='ltr'><strong>ut</strong></span> <span class='ocrx_word' id='word_1_94' title='bbox 1446 1406 1580 1461; x_wconf 78' lang='lat' dir='ltr'><strong>falso</strong></span> <span class='ocrx_word' id='word_1_95' title='bbox 1625 1415 1939 1472; x_wconf 80' lang='lat' dir='ltr'><strong>accusatus,</strong></span> <span class='ocrx_word' id='word_1_96' title='bbox 1992 1405 2197 1459; x_wconf 74' lang='lat' dir='ltr'><strong>nefaria</strong></span> 
     </span>
    </p>
   </div>
   <div class='ocr_carea' id='block_1_16' title="bbox 624 1498 2204 1570">
    <p class='ocr_par' dir='ltr' id='par_1_16' title="bbox 624 1498 2204 1570">
     <span class='ocr_line' id='line_1_16' title="bbox 624 1498 2204 1570; baseline -0.002 -14"><span class='ocrx_word' id='word_1_97' title='bbox 624 1503 803 1557; x_wconf 80' lang='lat' dir='ltr'><strong>dicere</strong></span> <span class='ocrx_word' id='word_1_98' title='bbox 831 1513 884 1556; x_wconf 91' lang='lat' dir='ltr'><strong>et</strong></span> <span class='ocrx_word' id='word_1_99' title='bbox 913 1502 1172 1563; x_wconf 84' lang='lat' dir='ltr'><strong>scribere,</strong></span> <span class='ocrx_word' id='word_1_100' title='bbox 1202 1501 1342 1570; x_wconf 87' lang='lat' dir='ltr'><strong>quod</strong></span> <span class='ocrx_word' id='word_1_101' title='bbox 1379 1509 1430 1554; x_wconf 90' lang='lat' dir='ltr'><strong>te</strong></span> <span class='ocrx_word' id='word_1_102' title='bbox 1461 1510 1514 1554; x_wconf 89' lang='lat' dir='ltr'><strong>et</strong></span> <span class='ocrx_word' id='word_1_103' title='bbox 1559 1501 1843 1553; x_wconf 77' lang='lat' dir='ltr'><strong>veritatem</strong></span> <span class='ocrx_word' id='word_1_104' title='bbox 1878 1498 2068 1567; x_wconf 83' lang='lat' dir='ltr'><strong>tangit.</strong></span> <span class='ocrx_word' id='word_1_105' title='bbox 2101 1498 2204 1553; x_wconf 62' lang='grc' dir='ltr'><strong>νιξ-</strong></span> 
     </span>
    </p>
   </div>
   <div class='ocr_carea' id='block_1_17' title="bbox 624 1589 2197 1663">
    <p class='ocr_par' dir='ltr' id='par_1_17' title="bbox 624 1589 2197 1663">
     <span class='ocr_line' id='line_1_17' title="bbox 624 1589 2197 1663; baseline -0.002 -15"><span class='ocrx_word' id='word_1_106' title='bbox 624 1595 834 1648; x_wconf 70' lang='grc' dir='ltr'>ιὶιιιιοιιι</span> <span class='ocrx_word' id='word_1_107' title='bbox 873 1594 1131 1663; x_wconf 89' lang='lat' dir='ltr'><strong>quidem,</strong></span> <span class='ocrx_word' id='word_1_108' title='bbox 1161 1607 1283 1648; x_wconf 90' lang='lat' dir='ltr'><strong>cum</strong></span> <span class='ocrx_word' id='word_1_109' title='bbox 1316 1591 1506 1646; x_wconf 76' lang='lat' dir='ltr'><strong>falsum</strong></span> <span class='ocrx_word' id='word_1_110' title='bbox 1555 1590 1628 1644; x_wconf 87' lang='lat' dir='ltr'><strong>illi</strong></span> <span class='ocrx_word' id='word_1_111' title='bbox 1673 1589 1950 1658; x_wconf 64' lang='lat' dir='ltr'><strong>pralatum</strong></span> <span class='ocrx_word' id='word_1_112' title='bbox 1987 1589 2150 1645; x_wconf 79' lang='lat' dir='ltr'><strong>fuerit</strong></span> <span class='ocrx_word' id='word_1_113' title='bbox 2184 1609 2197 1645; x_wconf 89' lang='lat'><strong>:</strong></span> 
     </span>
    </p>
   </div>
   <div class='ocr_carea' id='block_1_18' title="bbox 626 1683 2199 1754">
    <p class='ocr_par' dir='ltr' id='par_1_18' title="bbox 626 1683 2199 1754">
     <span class='ocr_line' id='line_1_18' title="bbox 626 1683 2199 1754; baseline -0.001 -17"><span class='ocrx_word' id='word_1_114' title='bbox 626 1696 677 1738; x_wconf 91' lang='lat' dir='ltr'><strong>te</strong></span> <span class='ocrx_word' id='word_1_115' title='bbox 712 1695 914 1750; x_wconf 85' lang='lat' dir='ltr'><strong>autem,</strong></span> <span class='ocrx_word' id='word_1_116' title='bbox 951 1694 1006 1737; x_wconf 85' lang='lat' dir='ltr'><strong>ut</strong></span> <span class='ocrx_word' id='word_1_117' title='bbox 1050 1685 1140 1754; x_wconf 90' lang='lat' dir='ltr'><strong>qui</strong></span> <span class='ocrx_word' id='word_1_118' title='bbox 1176 1698 1263 1746; x_wconf 91' lang='lat' dir='ltr'><strong>ea,</strong></span> <span class='ocrx_word' id='word_1_119' title='bbox 1313 1698 1432 1753; x_wconf 74' lang='lat' dir='ltr'><strong>quae</strong></span> <span class='ocrx_word' id='word_1_120' title='bbox 1487 1697 1590 1736; x_wconf 90' lang='lat' dir='ltr'><strong>non</strong></span> <span class='ocrx_word' id='word_1_121' title='bbox 1642 1684 1816 1749; x_wconf 84' lang='lat' dir='ltr'><strong>decet,</strong></span> <span class='ocrx_word' id='word_1_122' title='bbox 1866 1683 2199 1751; x_wconf 86' lang='lat' dir='ltr'><strong>permiseris.</strong></span> 
     </span>
    </p>
   </div>
   <div class='ocr_carea' id='block_1_19' title="bbox 623 1774 2200 1847">
    <p class='ocr_par' dir='ltr' id='par_1_19' title="bbox 623 1774 2200 1847">
     <span class='ocr_line' id='line_1_19' title="bbox 623 1774 2200 1847; baseline -0.003 -15"><span class='ocrx_word' id='word_1_123' title='bbox 623 1778 756 1844; x_wconf 85' lang='lat' dir='ltr'><strong>Quia</strong></span> <span class='ocrx_word' id='word_1_124' title='bbox 783 1788 961 1831; x_wconf 89' lang='lat' dir='ltr'><strong>autem</strong></span> <span class='ocrx_word' id='word_1_125' title='bbox 993 1777 1060 1842; x_wconf 87' lang='lat' dir='ltr'><strong>is,</strong></span> <span class='ocrx_word' id='word_1_126' title='bbox 1094 1778 1181 1847; x_wconf 85' lang='lat' dir='ltr'><strong>qui</strong></span> <span class='ocrx_word' id='word_1_127' title='bbox 1210 1778 1466 1840; x_wconf 88' lang='lat' dir='ltr'><strong>ostendit,</strong></span> <span class='ocrx_word' id='word_1_128' title='bbox 1503 1790 1694 1830; x_wconf 84' lang='lat' dir='ltr'><strong>rursus</strong></span> <span class='ocrx_word' id='word_1_129' title='bbox 1722 1774 1964 1838; x_wconf 80' lang='lat' dir='ltr'><strong>abstulit,</strong></span> <span class='ocrx_word' id='word_1_130' title='bbox 1993 1785 2046 1828; x_wconf 90' lang='lat' dir='ltr'><strong>et</strong></span> <span class='ocrx_word' id='word_1_131' title='bbox 2080 1783 2200 1828; x_wconf 77' lang='lat' dir='ltr'><strong>tas-</strong></span> 
     </span>
    </p>
   </div>
   <div class='ocr_carea' id='block_1_20' title="bbox 2298 580 3867 655">
    <p class='ocr_par' dir='ltr' id='par_1_20' title="bbox 2298 580 3867 655">
     <span class='ocr_line' id='line_1_20' title="bbox 2298 580 3867 655; baseline -0.004 -18"><span class='ocrx_word' id='word_1_132' title='bbox 2298 586 2521 655; x_wconf 76' lang='grc' dir='ltr'><strong>ποιῆσαι</strong></span> <span class='ocrx_word' id='word_1_133' title='bbox 2540 585 2647 654; x_wconf 68' lang='grc' dir='ltr'><strong>Ῑτδν</strong></span> <span class='ocrx_word' id='word_1_134' title='bbox 2690 585 2890 636; x_wconf 75' lang='grc' dir='ltr'><strong>οἰκεῖον</strong></span> <span class='ocrx_word' id='word_1_135' title='bbox 2932 583 3111 652; x_wconf 75' lang='grc' dir='ltr'><strong>λόγον,</strong></span> <span class='ocrx_word' id='word_1_136' title='bbox 3146 581 3426 652; x_wconf 79' lang='grc' dir='ltr'><strong>ἐπέγραψε</strong></span> <span class='ocrx_word' id='word_1_137' title='bbox 3467 580 3546 649; x_wconf 83' lang='grc' dir='ltr'><strong>τῷ</strong></span> <span class='ocrx_word' id='word_1_138' title='bbox 3587 580 3867 650; x_wconf 82' lang='grc' dir='ltr'><strong>γράμματι</strong></span> 
     </span>
    </p>
   </div>
   <div class='ocr_carea' id='block_1_21' title="bbox 2295 673 3869 746">
    <p class='ocr_par' dir='ltr' id='par_1_21' title="bbox 2295 673 3869 746">
     <span class='ocr_line' id='line_1_21' title="bbox 2295 673 3869 746; baseline -0.005 -16"><span class='ocrx_word' id='word_1_139' title='bbox 2295 678 2358 730; x_wconf 78' lang='grc' dir='ltr'><strong>τὸ</strong></span> <span class='ocrx_word' id='word_1_140' title='bbox 2387 677 2478 729; x_wconf 86' lang='grc' dir='ltr'><strong>σὸν</strong></span> <span class='ocrx_word' id='word_1_141' title='bbox 2499 675 2691 744; x_wconf 76' lang='grc' dir='ltr'><strong>δνομα.</strong></span> <span class='ocrx_word' id='word_1_142' title='bbox 2723 677 2934 740; x_wconf 77' lang='grc' dir='ltr'><strong>Ὅστις,</strong></span> <span class='ocrx_word' id='word_1_143' title='bbox 2969 674 3268 746; x_wconf 61' lang='grc' dir='ltr'><strong>ἐρωτιιθεὶς</strong></span> <span class='ocrx_word' id='word_1_144' title='bbox 3314 676 3364 726; x_wconf 80' lang='grc' dir='ltr'><strong>ει</strong></span> <span class='ocrx_word' id='word_1_145' title='bbox 3391 673 3643 742; x_wconf 81' lang='grc' dir='ltr'><strong>θέμιτον,</strong></span> <span class='ocrx_word' id='word_1_146' title='bbox 3664 673 3800 742; x_wconf 71' lang='grc' dir='ltr'><strong>ἦγον</strong></span> <span class='ocrx_word' id='word_1_147' title='bbox 3829 673 3869 722; x_wconf 84' lang='grc' dir='ltr'><strong>εἰ</strong></span> 
     </span>
    </p>
   </div>
   <div class='ocr_carea' id='block_1_22' title="bbox 2299 765 3872 838">
    <p class='ocr_par' dir='ltr' id='par_1_22' title="bbox 2299 765 3872 838">
     <span class='ocr_line' id='line_1_22' title="bbox 2299 765 3872 838; baseline -0.002 -17"><span class='ocrx_word' id='word_1_148' title='bbox 2299 769 2532 838; x_wconf 77' lang='grc' dir='ltr'><strong>νόμιμον</strong></span> <span class='ocrx_word' id='word_1_149' title='bbox 2566 769 2596 838; x_wconf 82' lang='grc' dir='ltr'>ἢ</span> <span class='ocrx_word' id='word_1_150' title='bbox 2625 769 2836 821; x_wconf 81' lang='grc' dir='ltr'><strong>δίκαιόν</strong></span> <span class='ocrx_word' id='word_1_151' title='bbox 2867 768 2986 821; x_wconf 82' lang='grc' dir='ltr'><strong>ἐστι</strong></span> <span class='ocrx_word' id='word_1_152' title='bbox 3015 768 3114 836; x_wconf 84' lang='grc' dir='ltr'><strong>τὴν</strong></span> <span class='ocrx_word' id='word_1_153' title='bbox 3138 767 3377 836; x_wconf 65' lang='grc' dir='ltr'><strong>ἀδελφὴν</strong></span> <span class='ocrx_word' id='word_1_154' title='bbox 3415 767 3515 834; x_wconf 84' lang='grc' dir='ltr'><strong>τῆς</strong></span> <span class='ocrx_word' id='word_1_155' title='bbox 3546 765 3872 832; x_wconf 66' lang='grc' dir='ltr'><strong>τελευτησάκ</strong></span> 
     </span>
    </p>
   </div>
   <div class='ocr_carea' id='block_1_23' title="bbox 2303 859 3874 932">
    <p class='ocr_par' dir='ltr' id='par_1_23' title="bbox 2303 859 3874 932">
     <span class='ocr_line' id='line_1_23' title="bbox 2303 859 3874 932; baseline -0.002 -19"><span class='ocrx_word' id='word_1_156' title='bbox 2303 877 2404 932; x_wconf 80' lang='grc' dir='ltr'><strong>σης</strong></span> <span class='ocrx_word' id='word_1_157' title='bbox 2442 860 2578 922; x_wconf 77' lang='grc' dir='ltr'><strong>Ιδεάς</strong></span> <span class='ocrx_word' id='word_1_158' title='bbox 2601 862 2864 927; x_wconf 78' lang='grc' dir='ltr'><strong>γυναικὸς</strong></span> <span class='ocrx_word' id='word_1_159' title='bbox 2905 861 3215 929; x_wconf 81' lang='grc' dir='ltr'><strong>ἀγαγέσθαι</strong></span> <span class='ocrx_word' id='word_1_160' title='bbox 3262 861 3401 928; x_wconf 83' lang='grc' dir='ltr'><strong>πρὸς</strong></span> <span class='ocrx_word' id='word_1_161' title='bbox 3441 860 3646 929; x_wconf 86' lang='grc' dir='ltr'><strong>γάμον.</strong></span> <span class='ocrx_word' id='word_1_162' title='bbox 3675 859 3737 911; x_wconf 70' lang='grc' dir='ltr'><strong>τὸ</strong></span> <span class='ocrx_word' id='word_1_163' title='bbox 3758 860 3874 911; x_wconf 80' lang='grc' dir='ltr'><strong>ἀσεο</strong></span> 
     </span>
    </p>
   </div>
   <div class='ocr_carea' id='block_1_24' title="bbox 2301 949 3875 1022">
    <p class='ocr_par' dir='ltr' id='par_1_24' title="bbox 2301 949 3875 1022">
     <span class='ocr_line' id='line_1_24' title="bbox 2301 949 3875 1022; baseline -0.003 -18"><span class='ocrx_word' id='word_1_164' title='bbox 2301 950 2399 1013; x_wconf 77' lang='grc' dir='ltr'><strong>σὲς</strong></span> <span class='ocrx_word' id='word_1_165' title='bbox 2441 950 2808 1021; x_wconf 82' lang='grc' dir='ltr'><strong>ἐρώτηματῷ</strong></span> <span class='ocrx_word' id='word_1_166' title='bbox 2844 952 3186 1022; x_wconf 81' lang='grc' dir='ltr'><strong>ἐρωτήσαντι</strong></span> <span class='ocrx_word' id='word_1_167' title='bbox 3241 949 3719 1020; x_wconf 73' lang='grc' dir='ltr'><strong>συγκατέπραξεν,</strong></span> <span class='ocrx_word' id='word_1_168' title='bbox 3762 949 3875 1002; x_wconf 77' lang='grc' dir='ltr'><strong>ἀντὶ</strong></span> 
     </span>
    </p>
   </div>
   <div class='ocr_carea' id='block_1_25' title="bbox 2298 1041 3876 1114">
    <p class='ocr_par' dir='ltr' id='par_1_25' title="bbox 2298 1041 3876 1114">
     <span class='ocr_line' id='line_1_25' title="bbox 2298 1041 3876 1114; baseline -0.004 -17"><span class='ocrx_word' id='word_1_169' title='bbox 2298 1043 2418 1110; x_wconf 81' lang='grc' dir='ltr'><strong>τοῦ,</strong></span> <span class='ocrx_word' id='word_1_170' title='bbox 2454 1044 2544 1097; x_wconf 75' lang='grc' dir='ltr'><strong>δια</strong></span> <span class='ocrx_word' id='word_1_171' title='bbox 2582 1045 2642 1096; x_wconf 70' lang='grc' dir='ltr'><strong>τὸ</strong></span> <span class='ocrx_word' id='word_1_172' title='bbox 2685 1043 2981 1114; x_wconf 66' lang='grc' dir='ltr'><strong>ἐπιτρέψαι</strong></span> <span class='ocrx_word' id='word_1_173' title='bbox 3015 1043 3114 1113; x_wconf 81' lang='grc' dir='ltr'><strong>τὴν</strong></span> <span class='ocrx_word' id='word_1_174' title='bbox 3167 1043 3486 1110; x_wconf 79' lang='grc' dir='ltr'><strong>ἀσέλγειαν,</strong></span> <span class='ocrx_word' id='word_1_175' title='bbox 3520 1044 3772 1102; x_wconf 80' lang='grc' dir='ltr'><strong>κάκεῖνος</strong></span> <span class='ocrx_word' id='word_1_176' title='bbox 3800 1041 3876 1091; x_wconf 76' lang='grc' dir='ltr'><strong>δοο</strong></span> 
     </span>
    </p>
   </div>
   <div class='ocr_carea' id='block_1_26' title="bbox 2303 1129 3873 1205">
    <p class='ocr_par' dir='ltr' id='par_1_26' title="bbox 2303 1129 3873 1205">
     <span class='ocr_line' id='line_1_26' title="bbox 2303 1129 3873 1205; baseline -0.004 -15"><span class='ocrx_word' id='word_1_177' title='bbox 2303 1139 2390 1190; x_wconf 76' lang='grc' dir='ltr'>κεῖ</span> <span class='ocrx_word' id='word_1_178' title='bbox 2429 1135 2762 1204; x_wconf 79' lang='grc' dir='ltr'><strong>κοινωνῆσαι</strong></span> <span class='ocrx_word' id='word_1_179' title='bbox 2793 1137 2888 1205; x_wconf 80' lang='grc' dir='ltr'><strong>τῆς</strong></span> <span class='ocrx_word' id='word_1_180' title='bbox 2920 1135 3195 1205; x_wconf 72' lang='grc' dir='ltr'><strong>πράξεως.</strong></span> <span class='ocrx_word' id='word_1_181' title='bbox 3239 1134 3304 1188; x_wconf 77' lang='grc' dir='ltr'><strong>Εἰ</strong></span> <span class='ocrx_word' id='word_1_182' title='bbox 3393 1134 3494 1204; x_wconf 80' lang='grc' dir='ltr'><strong>μὲν</strong></span> <span class='ocrx_word' id='word_1_183' title='bbox 3564 1131 3660 1187; x_wconf 67' lang='grc' dir='ltr'><strong>οἷν</strong></span> <span class='ocrx_word' id='word_1_184' title='bbox 3715 1129 3873 1203; x_wconf 71' lang='grc' dir='ltr'><strong>εἶχον,</strong></span> 
     </span>
    </p>
   </div>
   <div class='ocr_carea' id='block_1_27' title="bbox 2302 1225 3875 1296">
    <p class='ocr_par' dir='ltr' id='par_1_27' title="bbox 2302 1225 3875 1296">
     <span class='ocr_line' id='line_1_27' title="bbox 2302 1225 3875 1296; baseline 0.003 -18"><span class='ocrx_word' id='word_1_185' title='bbox 2302 1227 2460 1296; x_wconf 72' lang='grc' dir='ltr'><strong>φησὶ,</strong></span> <span class='ocrx_word' id='word_1_186' title='bbox 2490 1226 2550 1278; x_wconf 79' lang='grc' dir='ltr'><strong>τὸ</strong></span> <span class='ocrx_word' id='word_1_187' title='bbox 2580 1227 2840 1296; x_wconf 85' lang='grc' dir='ltr'><strong>γράμμα,</strong></span> <span class='ocrx_word' id='word_1_188' title='bbox 2876 1225 3106 1294; x_wconf 69' lang='grc' dir='ltr'><strong>ἔπεμψα</strong></span> <span class='ocrx_word' id='word_1_189' title='bbox 3130 1227 3194 1280; x_wconf 78' lang='grc' dir='ltr'><strong>ἄν</strong></span> <span class='ocrx_word' id='word_1_190' title='bbox 3229 1243 3312 1278; x_wconf 79' lang='grc' dir='ltr'><strong>σοι</strong></span> <span class='ocrx_word' id='word_1_191' title='bbox 3345 1227 3500 1292; x_wconf 80' lang='grc' dir='ltr'><strong>αὐτὸ,</strong></span> <span class='ocrx_word' id='word_1_192' title='bbox 3539 1227 3626 1278; x_wconf 58' lang='grc' dir='ltr'><strong>καὶ</strong></span> <span class='ocrx_word' id='word_1_193' title='bbox 3670 1226 3875 1295; x_wconf 74' lang='grc' dir='ltr'><strong>ἤμυνας</strong></span> 
     </span>
    </p>
   </div>
   <div class='ocr_carea' id='block_1_28' title="bbox 2303 1315 3876 1388">
    <p class='ocr_par' dir='ltr' id='par_1_28' title="bbox 2303 1315 3876 1388">
     <span class='ocr_line' id='line_1_28' title="bbox 2303 1315 3876 1388; baseline -0.003 -18"><span class='ocrx_word' id='word_1_194' title='bbox 2303 1315 2370 1370; x_wconf 75' lang='grc' dir='ltr'><strong>ἂν</strong></span> <span class='ocrx_word' id='word_1_195' title='bbox 2406 1315 2583 1386; x_wconf 81' lang='grc' dir='ltr'><strong>ἐαυτῷ</strong></span> <span class='ocrx_word' id='word_1_196' title='bbox 2616 1318 2711 1369; x_wconf 72' lang='grc' dir='ltr'>καὶ</span> <span class='ocrx_word' id='word_1_197' title='bbox 2749 1319 2815 1386; x_wconf 77' lang='grc' dir='ltr'><strong>τῇ</strong></span> <span class='ocrx_word' id='word_1_198' title='bbox 2841 1316 3095 1388; x_wconf 75' lang='grc' dir='ltr'><strong>ἀληθείᾳ,</strong></span> <span class='ocrx_word' id='word_1_199' title='bbox 3129 1317 3250 1387; x_wconf 77' lang='grc' dir='ltr'><strong>ήτοι</strong></span> <span class='ocrx_word' id='word_1_200' title='bbox 3301 1316 3611 1385; x_wconf 75' lang='grc' dir='ltr'><strong>ἐϐοήθησας</strong></span> <span class='ocrx_word' id='word_1_201' title='bbox 3676 1317 3764 1380; x_wconf 78' lang='grc' dir='ltr'><strong>ἂν,</strong></span> <span class='ocrx_word' id='word_1_202' title='bbox 3810 1315 3876 1377; x_wconf 77' lang='grc' dir='ltr'><strong>ὡς</strong></span> 
     </span>
    </p>
   </div>
   <div class='ocr_carea' id='block_1_29' title="bbox 2303 1408 3877 1478">
    <p class='ocr_par' dir='ltr' id='par_1_29' title="bbox 2303 1408 3877 1478">
     <span class='ocr_line' id='line_1_29' title="bbox 2303 1408 3877 1478; baseline -0.001 -17"><span class='ocrx_word' id='word_1_203' title='bbox 2303 1408 2517 1477; x_wconf 76' lang='grc' dir='ltr'><strong>ψευδῶς</strong></span> <span class='ocrx_word' id='word_1_204' title='bbox 2535 1409 2676 1478; x_wconf 86' lang='grc' dir='ltr'><strong>τάχα</strong></span> <span class='ocrx_word' id='word_1_205' title='bbox 2695 1409 3103 1478; x_wconf 72' lang='grc' dir='ltr'><strong>κατηγορηθεὶς</strong></span> <span class='ocrx_word' id='word_1_206' title='bbox 3145 1411 3323 1461; x_wconf 72' lang='grc' dir='ltr'><strong>εἰπεῖν</strong></span> <span class='ocrx_word' id='word_1_207' title='bbox 3365 1409 3462 1462; x_wconf 71' lang='grc' dir='ltr'>καὶ</span> <span class='ocrx_word' id='word_1_208' title='bbox 3513 1409 3728 1477; x_wconf 75' lang='grc' dir='ltr'><strong>γράψαι</strong></span> <span class='ocrx_word' id='word_1_209' title='bbox 3760 1408 3877 1460; x_wconf 58' lang='lat'><strong>516.4.-</strong></span> 
     </span>
    </p>
   </div>
   <div class='ocr_carea' id='block_1_30' title="bbox 2310 1500 3875 1571">
    <p class='ocr_par' dir='ltr' id='par_1_30' title="bbox 2310 1500 3875 1571">
     <span class='ocr_line' id='line_1_30' title="bbox 2310 1500 3875 1571; baseline 0 -19"><span class='ocrx_word' id='word_1_210' title='bbox 2310 1518 2463 1568; x_wconf 83' lang='grc' dir='ltr'><strong>μιτα,</strong></span> <span class='ocrx_word' id='word_1_211' title='bbox 2505 1502 2643 1571; x_wconf 84' lang='grc' dir='ltr'><strong>ὅπερ</strong></span> <span class='ocrx_word' id='word_1_212' title='bbox 2677 1502 2767 1553; x_wconf 74' lang='grc' dir='ltr'>καὶ</span> <span class='ocrx_word' id='word_1_213' title='bbox 2791 1501 2884 1552; x_wconf 77' lang='grc' dir='ltr'><strong>σοῦ</strong></span> <span class='ocrx_word' id='word_1_214' title='bbox 2923 1500 3262 1554; x_wconf 70' lang='grc' dir='ltr'><strong>καθάπτεται</strong></span> <span class='ocrx_word' id='word_1_215' title='bbox 3294 1503 3389 1552; x_wconf 74' lang='grc' dir='ltr'><strong>καὶ</strong></span> <span class='ocrx_word' id='word_1_216' title='bbox 3438 1501 3536 1568; x_wconf 78' lang='grc' dir='ltr'><strong>τῆς</strong></span> <span class='ocrx_word' id='word_1_217' title='bbox 3580 1501 3838 1569; x_wconf 75' lang='grc' dir='ltr'><strong>ἀληθείας</strong></span> <span class='ocrx_word' id='word_1_218' title='bbox 3863 1515 3875 1528; x_wconf 83' lang='grc'><em>’</em></span> 
     </span>
    </p>
   </div>
   <div class='ocr_carea' id='block_1_31' title="bbox 2307 1591 3880 1664">
    <p class='ocr_par' dir='ltr' id='par_1_31' title="bbox 2307 1591 3880 1664">
     <span class='ocr_line' id='line_1_31' title="bbox 2307 1591 3880 1664; baseline -0.001 -19"><span class='ocrx_word' id='word_1_219' title='bbox 2307 1592 2404 1660; x_wconf 81' lang='grc' dir='ltr'><strong>τῆς</strong></span> <span class='ocrx_word' id='word_1_220' title='bbox 2439 1592 2540 1661; x_wconf 73' lang='grc' dir='ltr'><strong>μὲν</strong></span> <span class='ocrx_word' id='word_1_221' title='bbox 2569 1592 2852 1662; x_wconf 78' lang='grc' dir='ltr'>ἀληθείας,</span> <span class='ocrx_word' id='word_1_222' title='bbox 2882 1592 2958 1654; x_wconf 77' lang='grc' dir='ltr'><strong>ὡς</strong></span> <span class='ocrx_word' id='word_1_223' title='bbox 2979 1591 3074 1644; x_wconf 82' lang='grc' dir='ltr'><strong>τοῦ</strong></span> <span class='ocrx_word' id='word_1_224' title='bbox 3102 1591 3334 1658; x_wconf 59' lang='grc' dir='ltr'><strong>ψεύδους</strong></span> <span class='ocrx_word' id='word_1_225' title='bbox 3365 1593 3584 1662; x_wconf 72' lang='grc' dir='ltr'><strong>ἐκείνης</strong></span> <span class='ocrx_word' id='word_1_226' title='bbox 3616 1610 3880 1664; x_wconf 75' lang='grc' dir='ltr'><strong>προτιμη-</strong></span> 
     </span>
    </p>
   </div>
   <div class='ocr_carea' id='block_1_32' title="bbox 2309 1681 3877 1755">
    <p class='ocr_par' dir='ltr' id='par_1_32' title="bbox 2309 1681 3877 1755">
     <span class='ocr_line' id='line_1_32' title="bbox 2309 1681 3877 1755; baseline 0.003 -21"><span class='ocrx_word' id='word_1_227' title='bbox 2309 1681 2520 1745; x_wconf 75' lang='grc' dir='ltr'><strong>θέντος,</strong></span> <span class='ocrx_word' id='word_1_228' title='bbox 2553 1682 2648 1735; x_wconf 81' lang='grc' dir='ltr'><strong>σοῦ</strong></span> <span class='ocrx_word' id='word_1_229' title='bbox 2680 1684 2762 1748; x_wconf 79' lang='grc' dir='ltr'><strong>δὲ,</strong></span> <span class='ocrx_word' id='word_1_230' title='bbox 2815 1684 2889 1744; x_wconf 79' lang='grc' dir='ltr'><strong>ὡς</strong></span> <span class='ocrx_word' id='word_1_231' title='bbox 2951 1683 3354 1752; x_wconf 68' lang='grc' dir='ltr'><strong>ἐπιτρέξαντσς</strong></span> <span class='ocrx_word' id='word_1_232' title='bbox 3439 1682 3475 1736; x_wconf 74' lang='grc' dir='ltr'>ἃ</span> <span class='ocrx_word' id='word_1_233' title='bbox 3542 1684 3617 1753; x_wconf 81' lang='grc' dir='ltr'><strong>μὴ</strong></span> <span class='ocrx_word' id='word_1_234' title='bbox 3697 1686 3877 1755; x_wconf 71' lang='grc' dir='ltr'><strong>ἒχρῆν.</strong></span> 
     </span>
    </p>
   </div>
   <div class='ocr_carea' id='block_1_33' title="bbox 2319 1773 3878 1846">
    <p class='ocr_par' dir='ltr' id='par_1_33' title="bbox 2319 1773 3878 1846">
     <span class='ocr_line' id='line_1_33' title="bbox 2319 1773 3878 1846; baseline 0.001 -20"><span class='ocrx_word' id='word_1_235' title='bbox 2319 1773 2542 1844; x_wconf 80' lang='grc' dir='ltr'><strong>Ἐπειδὴ</strong></span> <span class='ocrx_word' id='word_1_236' title='bbox 2569 1775 2626 1827; x_wconf 81' lang='grc' dir='ltr'><strong>δὲ</strong></span> <span class='ocrx_word' id='word_1_237' title='bbox 2659 1774 2884 1837; x_wconf 80' lang='grc' dir='ltr'><strong>ὁδείξας</strong></span> <span class='ocrx_word' id='word_1_238' title='bbox 2909 1776 3069 1827; x_wconf 77' lang='grc' dir='ltr'><strong>πάλιν</strong></span> <span class='ocrx_word' id='word_1_239' title='bbox 3098 1777 3375 1842; x_wconf 75' lang='grc' dir='ltr'><strong>ἀφείλετο,</strong></span> <span class='ocrx_word' id='word_1_240' title='bbox 3424 1777 3521 1828; x_wconf 78' lang='grc' dir='ltr'><strong>καὶ</strong></span> <span class='ocrx_word' id='word_1_241' title='bbox 3573 1778 3765 1846; x_wconf 80' lang='grc' dir='ltr'><strong>ὥσπερ</strong></span> <span class='ocrx_word' id='word_1_242' title='bbox 3829 1781 3878 1830; x_wconf 72' lang='grc' dir='ltr'><strong>δὲ</strong></span> 
     </span>
    </p>
   </div>
   <div class='ocr_carea' id='block_1_34' title="bbox 623 1863 2198 1940">
    <p class='ocr_par' dir='ltr' id='par_1_34' title="bbox 623 1867 2195 1940">
     <span class='ocr_line' id='line_1_34' title="bbox 623 1867 2195 1940; baseline -0.001 -19"><span class='ocrx_word' id='word_1_243' title='bbox 623 1886 785 1938; x_wconf 82' lang='lat' dir='ltr'><strong>quain</strong></span> <span class='ocrx_word' id='word_1_244' title='bbox 822 1871 1036 1940; x_wconf 86' lang='lat' dir='ltr'><strong>aliquod</strong></span> <span class='ocrx_word' id='word_1_245' title='bbox 1070 1870 1366 1939; x_wconf 79' lang='lat' dir='ltr'><strong>tr0phzeuiu</strong></span> <span class='ocrx_word' id='word_1_246' title='bbox 1399 1868 1657 1922; x_wconf 84' lang='lat' dir='ltr'><strong>adversus</strong></span> <span class='ocrx_word' id='word_1_247' title='bbox 1703 1883 1803 1924; x_wconf 87' lang='lat' dir='ltr'><strong>nos</strong></span> <span class='ocrx_word' id='word_1_248' title='bbox 1847 1867 2195 1922; x_wconf 86' lang='lat' dir='ltr'><strong>circumtulit.</strong></span> 
     </span>
    </p>
   </div>
   <div class='ocr_carea' id='block_1_35' title="bbox 2303 1863 3877 1940">
    <p class='ocr_par' dir='ltr' id='par_1_35' title="bbox 2305 1866 3877 1938">
     <span class='ocr_line' id='line_1_35' title="bbox 2305 1866 3877 1938; baseline 0.001 -18"><span class='ocrx_word' id='word_1_249' title='bbox 2305 1868 2570 1938; x_wconf 83' lang='grc' dir='ltr'><strong>τρόπαιον</strong></span> <span class='ocrx_word' id='word_1_250' title='bbox 2609 1866 2730 1920; x_wconf 78' lang='grc' dir='ltr'><strong>καθ’</strong></span> <span class='ocrx_word' id='word_1_251' title='bbox 2763 1866 2920 1936; x_wconf 80' lang='grc' dir='ltr'><strong>ἡμῶν</strong></span> <span class='ocrx_word' id='word_1_252' title='bbox 2947 1869 3266 1936; x_wconf 73' lang='grc' dir='ltr'><strong>περιέφερε.</strong></span> <span class='ocrx_word' id='word_1_253' title='bbox 3317 1869 3594 1936; x_wconf 85' lang='grc' dir='ltr'><strong>Τρόπαιον</strong></span> <span class='ocrx_word' id='word_1_254' title='bbox 3649 1869 3707 1922; x_wconf 81' lang='grc' dir='ltr'><strong>δέ</strong></span> <span class='ocrx_word' id='word_1_255' title='bbox 3771 1875 3877 1922; x_wconf 81' lang='grc' dir='ltr'><strong>ἐστι</strong></span> 
     </span>
    </p>
   </div>
   <div class='ocr_carea' id='block_1_36' title="bbox 624 1959 2194 2029">
    <p class='ocr_par' dir='ltr' id='par_1_36' title="bbox 624 1959 2194 2029">
     <span class='ocr_line' id='line_1_36' title="bbox 624 1959 2194 2029; baseline 0.003 -17"><span class='ocrx_word' id='word_1_256' title='bbox 624 1959 718 2014; x_wconf 70' lang='lat' dir='ltr'><strong>Est</strong></span> <span class='ocrx_word' id='word_1_257' title='bbox 755 1968 930 2013; x_wconf 89' lang='lat' dir='ltr'><strong>autem</strong></span> <span class='ocrx_word' id='word_1_258' title='bbox 955 1959 1251 2025; x_wconf 68' lang='lat' dir='ltr'><strong>tropbzuin</strong></span> <span class='ocrx_word' id='word_1_259' title='bbox 1288 1960 1504 2029; x_wconf 76' lang='lat' dir='ltr'><strong>signum</strong></span> <span class='ocrx_word' id='word_1_260' title='bbox 1535 1961 1771 2028; x_wconf 81' lang='lat' dir='ltr'><strong>aliquod,</strong></span> <span class='ocrx_word' id='word_1_261' title='bbox 1798 1960 1938 2029; x_wconf 90' lang='lat' dir='ltr'><strong>quod</strong></span> <span class='ocrx_word' id='word_1_262' title='bbox 1970 1960 2022 2014; x_wconf 89' lang='lat' dir='ltr'><strong>in</strong></span> <span class='ocrx_word' id='word_1_263' title='bbox 2054 1961 2194 2016; x_wconf 86' lang='lat' dir='ltr'><strong>bello</strong></span> 
     </span>
    </p>
   </div>
   <div class='ocr_carea' id='block_1_37' title="bbox 623 2047 2200 2122">
    <p class='ocr_par' dir='ltr' id='par_1_37' title="bbox 623 2047 2200 2122">
     <span class='ocr_line' id='line_1_37' title="bbox 623 2047 2200 2122; baseline 0.005 -21"><span class='ocrx_word' id='word_1_264' title='bbox 623 2049 862 2103; x_wconf 78' lang='lat' dir='ltr'><strong>vincenti</strong></span> <span class='ocrx_word' id='word_1_265' title='bbox 891 2047 1074 2113; x_wconf 90' lang='lat' dir='ltr'><strong>datur,</strong></span> <span class='ocrx_word' id='word_1_266' title='bbox 1111 2059 1167 2103; x_wconf 93' lang='lat' dir='ltr'><strong>ut</strong></span> <span class='ocrx_word' id='word_1_267' title='bbox 1198 2065 1261 2103; x_wconf 75' lang='lat' dir='ltr'><strong>ex</strong></span> <span class='ocrx_word' id='word_1_268' title='bbox 1296 2065 1359 2104; x_wconf 88' lang='lat' dir='ltr'><strong>eo</strong></span> <span class='ocrx_word' id='word_1_269' title='bbox 1401 2052 1471 2105; x_wconf 85' lang='lat' dir='ltr'><strong>sit</strong></span> <span class='ocrx_word' id='word_1_270' title='bbox 1503 2051 1846 2105; x_wconf 83' lang='lat' dir='ltr'><strong>nianilestum</strong></span> <span class='ocrx_word' id='word_1_271' title='bbox 1870 2091 1885 2117; x_wconf 92' lang='lat'><strong>,</strong></span> <span class='ocrx_word' id='word_1_272' title='bbox 1921 2067 2039 2122; x_wconf 73' lang='lat' dir='ltr'><strong>qua:</strong></span> <span class='ocrx_word' id='word_1_273' title='bbox 2075 2068 2200 2122; x_wconf 83' lang='lat' dir='ltr'><strong>pars</strong></span> 
     </span>
    </p>
   </div>
   <div class='ocr_carea' id='block_1_38' title="bbox 628 2139 2202 2207">
    <p class='ocr_par' dir='ltr' id='par_1_38' title="bbox 628 2139 2202 2207">
     <span class='ocr_line' id='line_1_38' title="bbox 628 2139 2202 2207; baseline 0.005 -16"><span class='ocrx_word' id='word_1_274' title='bbox 628 2140 939 2194; x_wconf 87' lang='lat' dir='ltr'><strong>adversario</strong></span> <span class='ocrx_word' id='word_1_275' title='bbox 970 2139 1178 2194; x_wconf 84' lang='lat' dir='ltr'><strong>vicerit.</strong></span> <span class='ocrx_word' id='word_1_276' title='bbox 1212 2140 1365 2194; x_wconf 83' lang='lat' dir='ltr'><strong>Unde</strong></span> <span class='ocrx_word' id='word_1_277' title='bbox 1394 2158 1423 2194; x_wconf 82' lang='grc' dir='ltr'><strong>ιι</strong></span> <span class='ocrx_word' id='word_1_278' title='bbox 1457 2141 1625 2195; x_wconf 81' lang='lat' dir='ltr'><strong>versis</strong></span> <span class='ocrx_word' id='word_1_279' title='bbox 1656 2144 1927 2207; x_wconf 85' lang='lat' dir='ltr'><strong>hostibus,</strong></span> <span class='ocrx_word' id='word_1_280' title='bbox 1953 2145 2082 2200; x_wconf 92' lang='lat' dir='ltr'><strong>dum</strong></span> <span class='ocrx_word' id='word_1_281' title='bbox 2107 2146 2202 2199; x_wconf 88' lang='lat' dir='ltr'><strong>ad-</strong></span> 
     </span>
    </p>
   </div>
   <div class='ocr_carea' id='block_1_39' title="bbox 628 2231 2199 2305">
    <p class='ocr_par' dir='ltr' id='par_1_39' title="bbox 628 2231 2199 2305">
     <span class='ocr_line' id='line_1_39' title="bbox 628 2231 2199 2305; baseline 0.005 -23"><span class='ocrx_word' id='word_1_282' title='bbox 628 2233 893 2287; x_wconf 85' lang='lat' dir='ltr'><strong>versariis</strong></span> <span class='ocrx_word' id='word_1_283' title='bbox 919 2242 1064 2303; x_wconf 69' lang='lat' dir='ltr'><strong>terga</strong></span> <span class='ocrx_word' id='word_1_284' title='bbox 1093 2231 1224 2288; x_wconf 90' lang='lat' dir='ltr'><strong>dant</strong></span> <span class='ocrx_word' id='word_1_285' title='bbox 1267 2247 1360 2288; x_wconf 88' lang='lat' dir='ltr'><strong>seu</strong></span> <span class='ocrx_word' id='word_1_286' title='bbox 1411 2243 1648 2299; x_wconf 87' lang='lat' dir='ltr'><strong>vertunt,</strong></span> <span class='ocrx_word' id='word_1_287' title='bbox 1691 2236 1987 2305; x_wconf 64' lang='lat' dir='ltr'><strong>tropbzum</strong></span> <span class='ocrx_word' id='word_1_288' title='bbox 2024 2240 2199 2292; x_wconf 79' lang='lat' dir='ltr'><strong>nomi-</strong></span> 
     </span>
    </p>
   </div>
   <div class='ocr_carea' id='block_1_40' title="bbox 627 2322 2201 2398">
    <p class='ocr_par' dir='ltr' id='par_1_40' title="bbox 627 2322 2201 2398">
     <span class='ocr_line' id='line_1_40' title="bbox 627 2322 2201 2398; baseline 0.003 -23"><span class='ocrx_word' id='word_1_289' title='bbox 627 2335 811 2377; x_wconf 81' lang='lat' dir='ltr'><strong>natum</strong></span> <span class='ocrx_word' id='word_1_290' title='bbox 838 2334 920 2378; x_wconf 85' lang='lat' dir='ltr'><strong>est</strong></span> <span class='ocrx_word' id='word_1_291' title='bbox 951 2322 1002 2394; x_wconf 88' lang='lat' dir='ltr'><strong>(a</strong></span> <span class='ocrx_word' id='word_1_292' title='bbox 1036 2323 1199 2378; x_wconf 88' lang='lat' dir='ltr'><strong>verbo</strong></span> <span class='ocrx_word' id='word_1_293' title='bbox 1227 2322 1416 2384; x_wconf 66' lang='lat' dir='ltr'><strong>Graeco</strong></span> <span class='ocrx_word' id='word_1_294' title='bbox 1442 2327 1650 2394; x_wconf 77' lang='grc' dir='ltr'><strong>τρέπω,</strong></span> <span class='ocrx_word' id='word_1_295' title='bbox 1679 2328 1820 2394; x_wconf 89' lang='lat' dir='ltr'><strong>quod</strong></span> <span class='ocrx_word' id='word_1_296' title='bbox 1851 2337 2004 2382; x_wconf 81' lang='lat' dir='ltr'><strong>verto</strong></span> <span class='ocrx_word' id='word_1_297' title='bbox 2032 2330 2201 2398; x_wconf 79' lang='lat' dir='ltr'><strong>signi-</strong></span> 
     </span>
    </p>
   </div>
   <div class='ocr_carea' id='block_1_41' title="bbox 627 2414 2198 2484">
    <p class='ocr_par' dir='ltr' id='par_1_41' title="bbox 627 2414 2198 2484">
     <span class='ocr_line' id='line_1_41' title="bbox 627 2414 2198 2484; baseline 0.004 -17"><span class='ocrx_word' id='word_1_298' title='bbox 627 2414 798 2483; x_wconf 87' lang='lat' dir='ltr'><strong>llcat.)</strong></span> <span class='ocrx_word' id='word_1_299' title='bbox 829 2414 964 2481; x_wconf 81' lang='lat' dir='ltr'><strong>Quia</strong></span> <span class='ocrx_word' id='word_1_300' title='bbox 1015 2429 1146 2484; x_wconf 76' lang='lat' dir='ltr'><strong>ergo</strong></span> <span class='ocrx_word' id='word_1_301' title='bbox 1189 2431 1294 2471; x_wconf 92' lang='lat' dir='ltr'><strong>non</strong></span> <span class='ocrx_word' id='word_1_302' title='bbox 1345 2417 1516 2470; x_wconf 88' lang='lat' dir='ltr'><strong>habeo</strong></span> <span class='ocrx_word' id='word_1_303' title='bbox 1564 2417 1796 2484; x_wconf 83' lang='lat' dir='ltr'><strong>litteras,</strong></span> <span class='ocrx_word' id='word_1_304' title='bbox 1832 2433 1978 2473; x_wconf 89' lang='lat' dir='ltr'><strong>nunc</strong></span> <span class='ocrx_word' id='word_1_305' title='bbox 2029 2421 2095 2472; x_wconf 86' lang='lat' dir='ltr'><strong>ad</strong></span> <span class='ocrx_word' id='word_1_306' title='bbox 2147 2430 2198 2474; x_wconf 90' lang='lat' dir='ltr'><strong>te</strong></span> 
     </span>
    </p>
   </div>
   <div class='ocr_carea' id='block_1_42' title="bbox 524 2506 2202 2578">
    <p class='ocr_par' dir='ltr' id='par_1_42' title="bbox 524 2506 2202 2578">
     <span class='ocr_line' id='line_1_42' title="bbox 524 2506 2202 2578; baseline 0.002 -17"><span class='ocrx_word' id='word_1_307' title='bbox 524 2507 528 2510; x_wconf 81' lang='grc'><em>’</em></span> <span class='ocrx_word' id='word_1_308' title='bbox 629 2506 844 2575; x_wconf 79' lang='lat' dir='ltr'><strong>scripsi,</strong></span> <span class='ocrx_word' id='word_1_309' title='bbox 878 2516 936 2562; x_wconf 90' lang='lat' dir='ltr'><strong>ut</strong></span> <span class='ocrx_word' id='word_1_310' title='bbox 965 2507 1362 2575; x_wconf 75' lang='lat' dir='ltr'><strong>adgrediamur,</strong></span> <span class='ocrx_word' id='word_1_311' title='bbox 1397 2518 1455 2562; x_wconf 93' lang='lat' dir='ltr'><strong>ut</strong></span> <span class='ocrx_word' id='word_1_312' title='bbox 1484 2508 1682 2578; x_wconf 86' lang='lat' dir='ltr'><strong>duplici</strong></span> <span class='ocrx_word' id='word_1_313' title='bbox 1707 2524 1889 2574; x_wconf 90' lang='lat' dir='ltr'><strong>manu,</strong></span> <span class='ocrx_word' id='word_1_314' title='bbox 1928 2522 2015 2566; x_wconf 85' lang='lat' dir='ltr'><strong>tua</strong></span> <span class='ocrx_word' id='word_1_315' title='bbox 2049 2513 2202 2566; x_wconf 84' lang='lat' dir='ltr'><strong>scili-</strong></span> 
     </span>
    </p>
   </div>
   <div class='ocr_carea' id='block_1_43' title="bbox 625 2596 2196 2662">
    <p class='ocr_par' dir='ltr' id='par_1_43' title="bbox 625 2596 2196 2662">
     <span class='ocr_line' id='line_1_43' title="bbox 625 2596 2196 2662; baseline 0.001 -9"><span class='ocrx_word' id='word_1_316' title='bbox 625 2606 709 2653; x_wconf 77' lang='lat' dir='ltr'><strong>eet</strong></span> <span class='ocrx_word' id='word_1_317' title='bbox 733 2607 786 2652; x_wconf 87' lang='lat' dir='ltr'><strong>et</strong></span> <span class='ocrx_word' id='word_1_318' title='bbox 811 2611 950 2662; x_wconf 83' lang='lat' dir='ltr'><strong>inea,</strong></span> <span class='ocrx_word' id='word_1_319' title='bbox 970 2596 1365 2653; x_wconf 81' lang='lat' dir='ltr'><strong>contendamus</strong></span> <span class='ocrx_word' id='word_1_320' title='bbox 1387 2597 1646 2653; x_wconf 83' lang='lat' dir='ltr'><strong>adversus</strong></span> <span class='ocrx_word' id='word_1_321' title='bbox 1668 2599 2029 2655; x_wconf 86' lang='lat' dir='ltr'><strong>adulteriuain</strong></span> <span class='ocrx_word' id='word_1_322' title='bbox 2051 2602 2196 2655; x_wconf 77' lang='lat' dir='ltr'><strong>illam</strong></span> 
     </span>
    </p>
   </div>
   <div class='ocr_carea' id='block_1_44' title="bbox 629 2687 2199 2757">
    <p class='ocr_par' dir='ltr' id='par_1_44' title="bbox 629 2687 2199 2757">
     <span class='ocr_line' id='line_1_44' title="bbox 629 2687 2199 2757; baseline 0.003 -15"><span class='ocrx_word' id='word_1_323' title='bbox 629 2687 930 2745; x_wconf 71' lang='lat' dir='ltr'><strong>oratione&#39;m</strong></span> <span class='ocrx_word' id='word_1_324' title='bbox 958 2688 1190 2745; x_wconf 90' lang='lat' dir='ltr'><strong>alienam</strong></span> <span class='ocrx_word' id='word_1_325' title='bbox 1221 2697 1277 2745; x_wconf 92' lang='lat' dir='ltr'><strong>et</strong></span> <span class='ocrx_word' id='word_1_326' title='bbox 1302 2689 1610 2757; x_wconf 85' lang='lat' dir='ltr'><strong>conlictam,</strong></span> <span class='ocrx_word' id='word_1_327' title='bbox 1643 2700 1697 2744; x_wconf 93' lang='lat' dir='ltr'><strong>et</strong></span> <span class='ocrx_word' id='word_1_328' title='bbox 1726 2690 1867 2746; x_wconf 90' lang='lat' dir='ltr'><strong>vires</strong></span> <span class='ocrx_word' id='word_1_329' title='bbox 1897 2693 1945 2746; x_wconf 88' lang='lat' dir='ltr'><strong>ei</strong></span> <span class='ocrx_word' id='word_1_330' title='bbox 1973 2710 2075 2747; x_wconf 89' lang='lat' dir='ltr'><strong>non</strong></span> <span class='ocrx_word' id='word_1_331' title='bbox 2119 2712 2199 2746; x_wconf 85' lang='lat' dir='ltr'><strong>rc-</strong></span> 
     </span>
    </p>
   </div>
   <div class='ocr_carea' id='block_1_45' title="bbox 628 2779 2196 2855">
    <p class='ocr_par' dir='ltr' id='par_1_45' title="bbox 628 2779 2196 2855">
     <span class='ocr_line' id='line_1_45' title="bbox 628 2779 2196 2855; baseline 0.005 -23"><span class='ocrx_word' id='word_1_332' title='bbox 628 2779 970 2848; x_wconf 85' lang='lat' dir='ltr'><strong>linquamus;</strong></span> <span class='ocrx_word' id='word_1_333' title='bbox 1004 2788 1063 2835; x_wconf 89' lang='lat' dir='ltr'><strong>ut</strong></span> <span class='ocrx_word' id='word_1_334' title='bbox 1111 2795 1218 2836; x_wconf 92' lang='lat' dir='ltr'><strong>non</strong></span> <span class='ocrx_word' id='word_1_335' title='bbox 1267 2780 1427 2837; x_wconf 79' lang='lat' dir='ltr'><strong>facile</strong></span> <span class='ocrx_word' id='word_1_336' title='bbox 1469 2797 1560 2838; x_wconf 82' lang='lat' dir='ltr'><strong>eos</strong></span> <span class='ocrx_word' id='word_1_337' title='bbox 1596 2783 1772 2852; x_wconf 64' lang='lat' dir='ltr'><strong>ladat,</strong></span> <span class='ocrx_word' id='word_1_338' title='bbox 1802 2784 1893 2855; x_wconf 86' lang='lat' dir='ltr'><strong>qui</strong></span> <span class='ocrx_word' id='word_1_339' title='bbox 1943 2786 1994 2839; x_wconf 92' lang='lat' dir='ltr'><strong>in</strong></span> <span class='ocrx_word' id='word_1_340' title='bbox 2052 2786 2196 2840; x_wconf 71' lang='lat' dir='ltr'><strong>illam</strong></span> 
     </span>
    </p>
   </div>
   <div class='ocr_carea' id='block_1_46' title="bbox 631 2873 1160 2944">
    <p class='ocr_par' dir='ltr' id='par_1_46' title="bbox 631 2873 1160 2944">
     <span class='ocr_line' id='line_1_46' title="bbox 631 2873 1160 2944; baseline 0.006 -18"><span class='ocrx_word' id='word_1_341' title='bbox 631 2873 869 2929; x_wconf 85' lang='lat' dir='ltr'><strong>incidunt</strong></span> <span class='ocrx_word' id='word_1_342' title='bbox 887 2886 936 2928; x_wconf 89' lang='lat' dir='ltr'><strong>et</strong></span> <span class='ocrx_word' id='word_1_343' title='bbox 962 2875 1160 2944; x_wconf 74' lang='lat' dir='ltr'><strong>legunt.</strong></span> 
     </span>
    </p>
   </div>
   <div class='ocr_carea' id='block_1_47' title="bbox 1022 3010 1812 3084">
    <p class='ocr_par' dir='ltr' id='par_1_47' title="bbox 1022 3010 1812 3084">
     <span class='ocr_line' id='line_1_47' title="bbox 1022 3010 1812 3084; baseline -0.005 -12"><span class='ocrx_word' id='word_1_344' title='bbox 1022 3011 1177 3084; x_wconf 67' lang='grc'><strong>140</strong></span> <span class='ocrx_word' id='word_1_345' title='bbox 1204 3010 1432 3067; x_wconf 74' lang='lat' dir='ltr'><strong>CANON</strong></span> <span class='ocrx_word' id='word_1_346' title='bbox 1481 3011 1812 3069; x_wconf 71' lang='lat' dir='ltr'><strong>LXXXVIII.</strong></span> 
     </span>
    </p>
   </div>
   <div class='ocr_carea' id='block_1_48' title="bbox 831 3105 2202 3176">
    <p class='ocr_par' dir='ltr' id='par_1_48' title="bbox 831 3105 2202 3176">
     <span class='ocr_line' id='line_1_48' title="bbox 831 3105 2202 3176; baseline 0.001 -16"><span class='ocrx_word' id='word_1_347' title='bbox 831 3107 1071 3160; x_wconf 89' lang='lat' dir='ltr'><strong>Primum</strong></span> <span class='ocrx_word' id='word_1_348' title='bbox 1122 3108 1342 3174; x_wconf 83' lang='lat' dir='ltr'><strong>itaque,</strong></span> <span class='ocrx_word' id='word_1_349' title='bbox 1393 3105 1535 3176; x_wconf 86' lang='lat' dir='ltr'><strong>quod</strong></span> <span class='ocrx_word' id='word_1_350' title='bbox 1610 3107 1665 3160; x_wconf 90' lang='lat' dir='ltr'><strong>in</strong></span> <span class='ocrx_word' id='word_1_351' title='bbox 1715 3107 1983 3174; x_wconf 79' lang='lat' dir='ltr'><strong>ejusmodi</strong></span> <span class='ocrx_word' id='word_1_352' title='bbox 2041 3107 2202 3161; x_wconf 88' lang='lat' dir='ltr'><strong>rebus</strong></span> 
     </span>
    </p>
   </div>
   <div class='ocr_carea' id='block_1_49' title="bbox 2308 1959 3878 2030">
    <p class='ocr_par' dir='ltr' id='par_1_49' title="bbox 2308 1959 3878 2030">
     <span class='ocr_line' id='line_1_49' title="bbox 2308 1959 3878 2030; baseline 0.003 -19"><span class='ocrx_word' id='word_1_353' title='bbox 2308 1959 2538 2029; x_wconf 76' lang='grc' dir='ltr'><strong>σημεῖόν</strong></span> <span class='ocrx_word' id='word_1_354' title='bbox 2557 1975 2610 2012; x_wconf 87' lang='grc' dir='ltr'><strong>τι</strong></span> <span class='ocrx_word' id='word_1_355' title='bbox 2648 1959 2728 2029; x_wconf 82' lang='grc' dir='ltr'><strong>τῷ</strong></span> <span class='ocrx_word' id='word_1_356' title='bbox 2767 1961 3058 2029; x_wconf 72' lang='grc' dir='ltr'><strong>νικήσαντι</strong></span> <span class='ocrx_word' id='word_1_357' title='bbox 3089 1962 3147 2012; x_wconf 89' lang='grc' dir='ltr'><strong>ἐν</strong></span> <span class='ocrx_word' id='word_1_358' title='bbox 3194 1959 3418 2030; x_wconf 81' lang='grc' dir='ltr'><strong>πολέμῳ</strong></span> <span class='ocrx_word' id='word_1_359' title='bbox 3459 1961 3760 2030; x_wconf 79' lang='grc' dir='ltr'><strong>διδόμενον,</strong></span> <span class='ocrx_word' id='word_1_360' title='bbox 3820 1965 3878 2015; x_wconf 67' lang='grc' dir='ltr'><strong>ἶν’</strong></span> 
     </span>
    </p>
   </div>
   <div class='ocr_carea' id='block_1_50' title="bbox 2307 2053 3876 2127">
    <p class='ocr_par' dir='ltr' id='par_1_50' title="bbox 2307 2053 3876 2127">
     <span class='ocr_line' id='line_1_50' title="bbox 2307 2053 3876 2127; baseline 0.005 -21"><span class='ocrx_word' id='word_1_361' title='bbox 2307 2055 2393 2122; x_wconf 78' lang='grc' dir='ltr'><strong>εἴη</strong></span> <span class='ocrx_word' id='word_1_362' title='bbox 2419 2053 2554 2124; x_wconf 81' lang='grc' dir='ltr'><strong>δήλη</strong></span> <span class='ocrx_word' id='word_1_363' title='bbox 2585 2055 2648 2106; x_wconf 86' lang='grc' dir='ltr'><strong>ἐκ</strong></span> <span class='ocrx_word' id='word_1_364' title='bbox 2660 2055 2853 2107; x_wconf 82' lang='grc' dir='ltr'><strong>τούτου</strong></span> <span class='ocrx_word' id='word_1_365' title='bbox 2879 2058 2913 2124; x_wconf 83' lang='grc' dir='ltr'>ἠ</span> <span class='ocrx_word' id='word_1_366' title='bbox 2933 2054 3180 2124; x_wconf 77' lang='grc' dir='ltr'><strong>τρέψασα</strong></span> <span class='ocrx_word' id='word_1_367' title='bbox 3201 2058 3366 2124; x_wconf 83' lang='grc' dir='ltr'><strong>μοῖρα</strong></span> <span class='ocrx_word' id='word_1_368' title='bbox 3396 2059 3526 2120; x_wconf 68' lang='grc' dir='ltr'><strong>τοὺς</strong></span> <span class='ocrx_word' id='word_1_369' title='bbox 3549 2059 3836 2127; x_wconf 78' lang='grc' dir='ltr'><strong>πολεμίους</strong></span> <span class='ocrx_word' id='word_1_370' title='bbox 3860 2076 3876 2093; x_wconf 74' lang='grc' dir='ltr'><strong><em>ο</em></strong></span> 
     </span>
    </p>
   </div>
   <div class='ocr_carea' id='block_1_51' title="bbox 2307 2146 3878 2222">
    <p class='ocr_par' dir='ltr' id='par_1_51' title="bbox 2307 2146 3878 2222">
     <span class='ocr_line' id='line_1_51' title="bbox 2307 2146 3878 2222; baseline 0.005 -22"><span class='ocrx_word' id='word_1_371' title='bbox 2307 2146 2433 2200; x_wconf 81' lang='grc' dir='ltr'><strong>ὅθεν</strong></span> <span class='ocrx_word' id='word_1_372' title='bbox 2454 2148 2744 2216; x_wconf 78' lang='grc' dir='ltr'><strong>ὠνόμασαι</strong></span> <span class='ocrx_word' id='word_1_373' title='bbox 2773 2149 3060 2217; x_wconf 84' lang='grc' dir='ltr'><strong>τρόπαιον,</strong></span> <span class='ocrx_word' id='word_1_374' title='bbox 3091 2152 3155 2201; x_wconf 81' lang='grc' dir='ltr'><strong>ἐκ</strong></span> <span class='ocrx_word' id='word_1_375' title='bbox 3193 2149 3286 2204; x_wconf 80' lang='grc' dir='ltr'><strong>τοῦ</strong></span> <span class='ocrx_word' id='word_1_376' title='bbox 3346 2153 3556 2222; x_wconf 72' lang='grc' dir='ltr'><strong>τροπὴν</strong></span> <span class='ocrx_word' id='word_1_377' title='bbox 3588 2154 3697 2206; x_wconf 85' lang='grc' dir='ltr'><strong>τῶν</strong></span> <span class='ocrx_word' id='word_1_378' title='bbox 3733 2159 3878 2208; x_wconf 70' lang='grc' dir='ltr'><strong>πολε-</strong></span> 
     </span>
    </p>
   </div>
   <div class='ocr_carea' id='block_1_52' title="bbox 2311 2238 3873 2312">
    <p class='ocr_par' dir='ltr' id='par_1_52' title="bbox 2311 2238 3873 2312">
     <span class='ocr_line' id='line_1_52' title="bbox 2311 2238 3873 2312; baseline 0.007 -21"><span class='ocrx_word' id='word_1_379' title='bbox 2311 2238 2453 2312; x_wconf 74' lang='grc' dir='ltr'><strong>μῑων</strong></span> <span class='ocrx_word' id='word_1_380' title='bbox 2470 2239 2756 2306; x_wconf 80' lang='grc' dir='ltr'><strong>γενέσθαι,</strong></span> <span class='ocrx_word' id='word_1_381' title='bbox 2786 2241 3108 2310; x_wconf 78' lang='grc' dir='ltr'><strong>τρεψάντων</strong></span> <span class='ocrx_word' id='word_1_382' title='bbox 3131 2241 3202 2294; x_wconf 74' lang='grc' dir='ltr'><strong>τα</strong></span> <span class='ocrx_word' id='word_1_383' title='bbox 3254 2243 3398 2298; x_wconf 83' lang='grc' dir='ltr'><strong>νῶτα</strong></span> <span class='ocrx_word' id='word_1_384' title='bbox 3445 2247 3560 2304; x_wconf 82' lang='grc' dir='ltr'><strong>τοῖς</strong></span> <span class='ocrx_word' id='word_1_385' title='bbox 3599 2249 3873 2312; x_wconf 76' lang='grc' dir='ltr'><strong>ἐναντίοις.</strong></span> 
     </span>
    </p>
   </div>
   <div class='ocr_carea' id='block_1_53' title="bbox 2322 2326 3872 2401">
    <p class='ocr_par' dir='ltr' id='par_1_53' title="bbox 2322 2326 3872 2401">
     <span class='ocr_line' id='line_1_53' title="bbox 2322 2326 3872 2401; baseline 0.008 -21"><span class='ocrx_word' id='word_1_386' title='bbox 2322 2327 2478 2380; x_wconf 74' lang='grc' dir='ltr'><strong>Ἐπεὶ</strong></span> <span class='ocrx_word' id='word_1_387' title='bbox 2507 2326 2602 2380; x_wconf 75' lang='grc' dir='ltr'><strong>οὖν</strong></span> <span class='ocrx_word' id='word_1_388' title='bbox 2625 2331 2864 2400; x_wconf 86' lang='grc' dir='ltr'><strong>γράμμα</strong></span> <span class='ocrx_word' id='word_1_389' title='bbox 2880 2331 2980 2382; x_wconf 84' lang='grc' dir='ltr'><strong>οὐκ</strong></span> <span class='ocrx_word' id='word_1_390' title='bbox 3005 2331 3136 2401; x_wconf 75' lang='grc' dir='ltr'><strong>ιχω,</strong></span> <span class='ocrx_word' id='word_1_391' title='bbox 3177 2332 3476 2389; x_wconf 70' lang='grc' dir='ltr'><strong>ἐπέστειλα</strong></span> <span class='ocrx_word' id='word_1_392' title='bbox 3502 2336 3600 2390; x_wconf 81' lang='grc' dir='ltr'><strong>νῦν</strong></span> <span class='ocrx_word' id='word_1_393' title='bbox 3654 2353 3762 2399; x_wconf 85' lang='grc' dir='ltr'><strong>σοι.</strong></span> <span class='ocrx_word' id='word_1_394' title='bbox 3797 2341 3872 2395; x_wconf 77' lang='grc' dir='ltr'><strong>ἵνα</strong></span> 
     </span>
    </p>
   </div>
   <div class='ocr_carea' id='block_1_54' title="bbox 2308 2421 3871 2502">
    <p class='ocr_par' dir='ltr' id='par_1_54' title="bbox 2308 2421 3871 2502">
     <span class='ocr_line' id='line_1_54' title="bbox 2308 2421 3871 2502; baseline 0.006 -28"><span class='ocrx_word' id='word_1_395' title='bbox 2308 2421 2655 2491; x_wconf 72' lang='grc' dir='ltr'><strong>ἐπέλθωμεν,</strong></span> <span class='ocrx_word' id='word_1_396' title='bbox 2689 2425 2777 2476; x_wconf 70' lang='grc' dir='ltr'><strong>ἵνα</strong></span> <span class='ocrx_word' id='word_1_397' title='bbox 2807 2423 3317 2495; x_wconf 67' lang='grc' dir='ltr'><strong>ἀπαγωνισῶμαθα</strong></span> <span class='ocrx_word' id='word_1_398' title='bbox 3375 2428 3544 2501; x_wconf 74' lang='grc' dir='ltr'><strong>διπλῇ</strong></span> <span class='ocrx_word' id='word_1_399' title='bbox 3610 2434 3676 2502; x_wconf 80' lang='grc' dir='ltr'><strong>τῇ</strong></span> <span class='ocrx_word' id='word_1_400' title='bbox 3716 2438 3871 2502; x_wconf 77' lang='grc' dir='ltr'><strong>χειρὶ,</strong></span> 
     </span>
    </p>
   </div>
   <div class='ocr_carea' id='block_1_55' title="bbox 2309 2514 3871 2589">
    <p class='ocr_par' dir='ltr' id='par_1_55' title="bbox 2309 2514 3871 2589">
     <span class='ocr_line' id='line_1_55' title="bbox 2309 2514 3871 2589; baseline 0.01 -24"><span class='ocrx_word' id='word_1_401' title='bbox 2309 2517 2377 2584; x_wconf 79' lang='grc' dir='ltr'><strong>τῇ</strong></span> <span class='ocrx_word' id='word_1_402' title='bbox 2404 2516 2513 2585; x_wconf 72' lang='grc' dir='ltr'><strong>ἐμῇ</strong></span> <span class='ocrx_word' id='word_1_403' title='bbox 2539 2514 2746 2584; x_wconf 75' lang='grc' dir='ltr'><strong>δηλαδὴ</strong></span> <span class='ocrx_word' id='word_1_404' title='bbox 2801 2516 2897 2568; x_wconf 82' lang='grc' dir='ltr'><strong>καὶ</strong></span> <span class='ocrx_word' id='word_1_405' title='bbox 2928 2519 2994 2587; x_wconf 74' lang='grc' dir='ltr'><strong>τῇ</strong></span> <span class='ocrx_word' id='word_1_406' title='bbox 3030 2520 3122 2589; x_wconf 71' lang='grc' dir='ltr'><strong>σῇ,</strong></span> <span class='ocrx_word' id='word_1_407' title='bbox 3187 2519 3330 2572; x_wconf 83' lang='grc' dir='ltr'><strong>κατά</strong></span> <span class='ocrx_word' id='word_1_408' title='bbox 3357 2519 3453 2573; x_wconf 78' lang='grc' dir='ltr'><strong>τοῦ</strong></span> <span class='ocrx_word' id='word_1_409' title='bbox 3485 2523 3642 2576; x_wconf 76' lang='grc' dir='ltr'><strong>νόθου</strong></span> <span class='ocrx_word' id='word_1_410' title='bbox 3672 2527 3871 2580; x_wconf 75' lang='grc' dir='ltr'><strong>ἐκείνου</strong></span> 
     </span>
    </p>
   </div>
   <div class='ocr_carea' id='block_1_56' title="bbox 2309 2607 3870 2698">
    <p class='ocr_par' dir='ltr' id='par_1_56' title="bbox 2309 2607 3870 2698">
     <span class='ocr_line' id='line_1_56' title="bbox 2309 2607 3870 2698; baseline 0.01 -40"><span class='ocrx_word' id='word_1_411' title='bbox 2309 2607 2470 2674; x_wconf 77' lang='grc' dir='ltr'><strong>λόγον</strong></span> <span class='ocrx_word' id='word_1_412' title='bbox 2507 2607 2598 2660; x_wconf 80' lang='grc' dir='ltr'><strong>τοῦ</strong></span> <span class='ocrx_word' id='word_1_413' title='bbox 2629 2608 2780 2673; x_wconf 77' lang='grc' dir='ltr'><strong>ξένου</strong></span> <span class='ocrx_word' id='word_1_414' title='bbox 2813 2609 2908 2662; x_wconf 80' lang='grc' dir='ltr'><strong>καὶ</strong></span> <span class='ocrx_word' id='word_1_415' title='bbox 2945 2609 3041 2664; x_wconf 83' lang='grc' dir='ltr'><strong>τοῦ</strong></span> <span class='ocrx_word' id='word_1_416' title='bbox 3075 2611 3488 2698; x_wconf 76' lang='grc' dir='ltr'><strong>πεπλασμένον,</strong></span> <span class='ocrx_word' id='word_1_417' title='bbox 3541 2619 3636 2670; x_wconf 78' lang='grc' dir='ltr'><strong>καὶ</strong></span> <span class='ocrx_word' id='word_1_418' title='bbox 3664 2618 3738 2688; x_wconf 75' lang='grc' dir='ltr'><strong>μὴ</strong></span> <span class='ocrx_word' id='word_1_419' title='bbox 3784 2621 3870 2675; x_wconf 77' lang='grc' dir='ltr'><strong>ἐά-</strong></span> 
     </span>
    </p>
   </div>
   <div class='ocr_carea' id='block_1_57' title="bbox 2312 2701 3873 2784">
    <p class='ocr_par' dir='ltr' id='par_1_57' title="bbox 2312 2701 3873 2784">
     <span class='ocr_line' id='line_1_57' title="bbox 2312 2701 3873 2784; baseline 0.01 -31"><span class='ocrx_word' id='word_1_420' title='bbox 2312 2717 2495 2770; x_wconf 88' lang='grc' dir='ltr'><strong>σωμεν</strong></span> <span class='ocrx_word' id='word_1_421' title='bbox 2529 2701 2682 2770; x_wconf 81' lang='grc' dir='ltr'><strong>αὑτῷ</strong></span> <span class='ocrx_word' id='word_1_422' title='bbox 2713 2702 2964 2770; x_wconf 78' lang='grc' dir='ltr'><strong>δύναμιν,</strong></span> <span class='ocrx_word' id='word_1_423' title='bbox 3003 2705 3090 2758; x_wconf 70' lang='grc' dir='ltr'><strong>ἵνα</strong></span> <span class='ocrx_word' id='word_1_424' title='bbox 3116 2705 3190 2775; x_wconf 73' lang='grc' dir='ltr'><strong>μὴ</strong></span> <span class='ocrx_word' id='word_1_425' title='bbox 3214 2706 3452 2770; x_wconf 75' lang='grc' dir='ltr'><strong>εὐκόλως</strong></span> <span class='ocrx_word' id='word_1_426' title='bbox 3507 2710 3720 2784; x_wconf 77' lang='grc' dir='ltr'><strong>βλάπτῃ</strong></span> <span class='ocrx_word' id='word_1_427' title='bbox 3755 2718 3873 2780; x_wconf 72' lang='grc' dir='ltr'><strong>τοὺς</strong></span> 
     </span>
    </p>
   </div>
   <div class='ocr_carea' id='block_1_58' title="bbox 2309 2790 3578 2862">
    <p class='ocr_par' dir='ltr' id='par_1_58' title="bbox 2309 2790 3578 2862">
     <span class='ocr_line' id='line_1_58' title="bbox 2309 2790 3578 2862; baseline 0.007 -20"><span class='ocrx_word' id='word_1_428' title='bbox 2309 2790 2740 2859; x_wconf 74' lang='grc' dir='ltr'><strong>ἐντυγχάνοντας</strong></span> <span class='ocrx_word' id='word_1_429' title='bbox 2768 2791 2916 2862; x_wconf 72' lang='grc' dir='ltr'><strong>αὖτῷ</strong></span> <span class='ocrx_word' id='word_1_430' title='bbox 2947 2794 3041 2844; x_wconf 70' lang='grc' dir='ltr'>καὶ</span> <span class='ocrx_word' id='word_1_431' title='bbox 3082 2795 3578 2862; x_wconf 64' lang='grc' dir='ltr'><strong>ἀναγινώσκοντας.</strong></span> 
     </span>
    </p>
   </div>
   <div class='ocr_carea' id='block_1_59' title="bbox 2896 3019 3299 3075">
    <p class='ocr_par' dir='ltr' id='par_1_59' title="bbox 2896 3019 3299 3075">
     <span class='ocr_line' id='line_1_59' title="bbox 2896 3019 3299 3075; baseline -0.007 0"><span class='ocrx_word' id='word_1_432' title='bbox 2896 3019 3132 3075; x_wconf 73' lang='grc' dir='ltr'><strong>ΚᾹΝΩΝ</strong></span> <span class='ocrx_word' id='word_1_433' title='bbox 3166 3022 3299 3073; x_wconf 80' lang='lat' dir='ltr'><strong>IIII&#39;.</strong></span> 
     </span>
    </p>
   </div>
   <div class='ocr_carea' id='block_1_60' title="bbox 2459 3102 3857 3177">
    <p class='ocr_par' dir='ltr' id='par_1_60' title="bbox 2459 3102 3857 3177">
     <span class='ocr_line' id='line_1_60' title="bbox 2459 3102 3857 3177; baseline 0.002 -20"><span class='ocrx_word' id='word_1_434' title='bbox 2459 3106 2682 3176; x_wconf 84' lang='grc' dir='ltr'><strong>Πρῶτον</strong></span> <span class='ocrx_word' id='word_1_435' title='bbox 2724 3107 2821 3176; x_wconf 71' lang='grc' dir='ltr'><strong>μὲν</strong></span> <span class='ocrx_word' id='word_1_436' title='bbox 2854 3102 2967 3171; x_wconf 80' lang='grc' dir='ltr'><strong>οὖν,</strong></span> <span class='ocrx_word' id='word_1_437' title='bbox 3004 3108 3032 3160; x_wconf 85' lang='grc' dir='ltr'>ὃ</span> <span class='ocrx_word' id='word_1_438' title='bbox 3069 3108 3321 3177; x_wconf 81' lang='grc' dir='ltr'><strong>μέγιστον</strong></span> <span class='ocrx_word' id='word_1_439' title='bbox 3346 3107 3439 3160; x_wconf 70' lang='grc' dir='ltr'><strong>ἐπὶ</strong></span> <span class='ocrx_word' id='word_1_440' title='bbox 3468 3108 3578 3159; x_wconf 83' lang='grc' dir='ltr'><strong>τῶν</strong></span> <span class='ocrx_word' id='word_1_441' title='bbox 3611 3107 3857 3160; x_wconf 73' lang='grc' dir='ltr'><strong>τοιούτων</strong></span> 
     </span>
    </p>
   </div>
   <div class='ocr_carea' id='block_1_61' title="bbox 651 3181 2198 3267">
    <p class='ocr_par' dir='ltr' id='par_1_61' title="bbox 651 3196 2198 3264">
     <span class='ocr_line' id='line_1_61' title="bbox 651 3196 2198 3264; baseline -0.001 -14"><span class='ocrx_word' id='word_1_442' title='bbox 651 3196 945 3250; x_wconf 76' lang='lat' dir='ltr'><strong>maximum</strong></span> <span class='ocrx_word' id='word_1_443' title='bbox 994 3202 1116 3258; x_wconf 88' lang='lat' dir='ltr'><strong>est,</strong></span> <span class='ocrx_word' id='word_1_444' title='bbox 1162 3210 1367 3248; x_wconf 85' lang='lat' dir='ltr'><strong>morem</strong></span> <span class='ocrx_word' id='word_1_445' title='bbox 1422 3204 1667 3250; x_wconf 91' lang='lat' dir='ltr'><strong>nostrum</strong></span> <span class='ocrx_word' id='word_1_446' title='bbox 1723 3196 1961 3263; x_wconf 72' lang='lat' dir='ltr'><strong>obiicere</strong></span> <span class='ocrx_word' id='word_1_447' title='bbox 2007 3211 2198 3264; x_wconf 90' lang='lat' dir='ltr'><strong>possu-</strong></span> 
     </span>
    </p>
   </div>
   <div class='ocr_carea' id='block_1_62' title="bbox 2303 3181 3860 3267">
    <p class='ocr_par' dir='ltr' id='par_1_62' title="bbox 2303 3196 3860 3267">
     <span class='ocr_line' id='line_1_62' title="bbox 2303 3196 3860 3267; baseline 0.004 -22"><span class='ocrx_word' id='word_1_448' title='bbox 2303 3196 2437 3258; x_wconf 76' lang='grc' dir='ltr'><strong>ἐστὶ,</strong></span> <span class='ocrx_word' id='word_1_449' title='bbox 2460 3196 2520 3247; x_wconf 79' lang='grc' dir='ltr'><strong>τὸ</strong></span> <span class='ocrx_word' id='word_1_450' title='bbox 2546 3197 2671 3265; x_wconf 81' lang='grc' dir='ltr'><strong>παρ’</strong></span> <span class='ocrx_word' id='word_1_451' title='bbox 2698 3199 2826 3266; x_wconf 79' lang='grc' dir='ltr'><strong>ἡμῖν</strong></span> <span class='ocrx_word' id='word_1_452' title='bbox 2859 3197 2997 3258; x_wconf 73' lang='grc' dir='ltr'><strong>ἔθος,</strong></span> <span class='ocrx_word' id='word_1_453' title='bbox 3027 3197 3054 3249; x_wconf 81' lang='grc' dir='ltr'><strong>ὃ</strong></span> <span class='ocrx_word' id='word_1_454' title='bbox 3097 3197 3290 3265; x_wconf 78' lang='grc' dir='ltr'><strong>ἔχομεν</strong></span> <span class='ocrx_word' id='word_1_455' title='bbox 3340 3197 3677 3267; x_wconf 78' lang='grc' dir='ltr'><strong>προϐάλλειν,</strong></span> <span class='ocrx_word' id='word_1_456' title='bbox 3704 3199 3860 3267; x_wconf 79' lang='grc' dir='ltr'><strong>νόμου</strong></span> 
     </span>
    </p>
   </div>
   <div class='ocr_carea' id='block_1_63' title="bbox 650 3283 2200 3354">
    <p class='ocr_par' dir='ltr' id='par_1_63' title="bbox 650 3283 2200 3354">
     <span class='ocr_line' id='line_1_63' title="bbox 650 3283 2200 3354; baseline -0.003 -14"><span class='ocrx_word' id='word_1_457' title='bbox 650 3303 806 3349; x_wconf 82' lang='lat' dir='ltr'><strong>nius,</strong></span> <span class='ocrx_word' id='word_1_458' title='bbox 861 3294 920 3340; x_wconf 92' lang='lat' dir='ltr'><strong>ut</strong></span> <span class='ocrx_word' id='word_1_459' title='bbox 955 3285 1062 3338; x_wconf 88' lang='lat' dir='ltr'><strong>vim</strong></span> <span class='ocrx_word' id='word_1_460' title='bbox 1111 3286 1243 3354; x_wconf 78' lang='lat' dir='ltr'><strong>legis</strong></span> <span class='ocrx_word' id='word_1_461' title='bbox 1291 3285 1575 3338; x_wconf 84' lang='lat' dir='ltr'><strong>habentem</strong></span> <span class='ocrx_word' id='word_1_462' title='bbox 1605 3323 1618 3348; x_wconf 94' lang='lat'><strong>,</strong></span> <span class='ocrx_word' id='word_1_463' title='bbox 1661 3299 1724 3338; x_wconf 87' lang='lat' dir='ltr'><strong>eo</strong></span> <span class='ocrx_word' id='word_1_464' title='bbox 1770 3283 1911 3352; x_wconf 86' lang='lat' dir='ltr'><strong>quod</strong></span> <span class='ocrx_word' id='word_1_465' title='bbox 1979 3285 2135 3338; x_wconf 90' lang='lat' dir='ltr'><strong>nobis</strong></span> <span class='ocrx_word' id='word_1_466' title='bbox 2174 3299 2200 3335; x_wconf 86' lang='lat' dir='ltr'><strong>a</strong></span> 
     </span>
    </p>
   </div>
   <div class='ocr_carea' id='block_1_64' title="bbox 649 3374 2202 3445">
    <p class='ocr_par' dir='ltr' id='par_1_64' title="bbox 649 3374 2202 3445">
     <span class='ocr_line' id='line_1_64' title="bbox 649 3374 2202 3445; baseline -0.001 -16"><span class='ocrx_word' id='word_1_467' title='bbox 649 3379 778 3431; x_wconf 79' lang='lat' dir='ltr'><strong>viris</strong></span> <span class='ocrx_word' id='word_1_468' title='bbox 817 3377 1021 3431; x_wconf 85' lang='lat' dir='ltr'><strong>sanctis</strong></span> <span class='ocrx_word' id='word_1_469' title='bbox 1059 3374 1268 3430; x_wconf 71' lang='lat' dir='ltr'><strong>traditre</strong></span> <span class='ocrx_word' id='word_1_470' title='bbox 1311 3377 1419 3428; x_wconf 91' lang='lat' dir='ltr'><strong>sint</strong></span> <span class='ocrx_word' id='word_1_471' title='bbox 1455 3377 1671 3445; x_wconf 78' lang='lat' dir='ltr'><strong>regulze.</strong></span> <span class='ocrx_word' id='word_1_472' title='bbox 1725 3374 1839 3429; x_wconf 78' lang='lat' dir='ltr'><strong>Mos</strong></span> <span class='ocrx_word' id='word_1_473' title='bbox 1877 3382 2056 3429; x_wconf 85' lang='lat' dir='ltr'><strong>autem</strong></span> <span class='ocrx_word' id='word_1_474' title='bbox 2114 3376 2202 3428; x_wconf 88' lang='lat' dir='ltr'><strong>ille</strong></span> 
     </span>
    </p>
   </div>
   <div class='ocr_carea' id='block_1_65' title="bbox 647 3466 2201 3535">
    <p class='ocr_par' dir='ltr' id='par_1_65' title="bbox 647 3466 2201 3535">
     <span class='ocr_line' id='line_1_65' title="bbox 647 3466 2201 3535; baseline -0.002 -13"><span class='ocrx_word' id='word_1_475' title='bbox 647 3476 730 3522; x_wconf 86' lang='lat' dir='ltr'><strong>est</strong></span> <span class='ocrx_word' id='word_1_476' title='bbox 788 3467 1082 3535; x_wconf 74' lang='lat' dir='ltr'><strong>ejusmodi,</strong></span> <span class='ocrx_word' id='word_1_477' title='bbox 1126 3474 1181 3518; x_wconf 85' lang='grc' dir='ltr'><strong>ιιι</strong></span> <span class='ocrx_word' id='word_1_478' title='bbox 1240 3466 1283 3519; x_wconf 89' lang='lat' dir='ltr'><strong>si</strong></span> <span class='ocrx_word' id='word_1_479' title='bbox 1345 3467 1468 3534; x_wconf 88' lang='lat' dir='ltr'><strong>quis</strong></span> <span class='ocrx_word' id='word_1_480' title='bbox 1525 3467 1854 3534; x_wconf 83' lang='lat' dir='ltr'><strong>impuritatis</strong></span> <span class='ocrx_word' id='word_1_481' title='bbox 1913 3466 2046 3519; x_wconf 91' lang='lat' dir='ltr'><strong>vitio</strong></span> <span class='ocrx_word' id='word_1_482' title='bbox 2101 3466 2201 3519; x_wconf 85' lang='lat' dir='ltr'><strong>ali-</strong></span> 
     </span>
    </p>
   </div>
   <div class='ocr_carea' id='block_1_66' title="bbox 648 3556 2203 3628">
    <p class='ocr_par' dir='ltr' id='par_1_66' title="bbox 648 3556 2203 3628">
     <span class='ocr_line' id='line_1_66' title="bbox 648 3556 2203 3628; baseline -0.003 -16"><span class='ocrx_word' id='word_1_483' title='bbox 648 3557 863 3628; x_wconf 82' lang='lat' dir='ltr'><strong>quando</strong></span> <span class='ocrx_word' id='word_1_484' title='bbox 916 3558 1088 3612; x_wconf 86' lang='lat' dir='ltr'><strong>victus</strong></span> <span class='ocrx_word' id='word_1_485' title='bbox 1121 3557 1172 3609; x_wconf 91' lang='lat' dir='ltr'><strong>in</strong></span> <span class='ocrx_word' id='word_1_486' title='bbox 1220 3557 1458 3609; x_wconf 79' lang='lat' dir='ltr'><strong>illicitum</strong></span> <span class='ocrx_word' id='word_1_487' title='bbox 1518 3556 1746 3608; x_wconf 86' lang='lat' dir='ltr'><strong>duarum</strong></span> <span class='ocrx_word' id='word_1_488' title='bbox 1772 3571 2022 3609; x_wconf 80' lang='lat' dir='ltr'><strong>sororum</strong></span> <span class='ocrx_word' id='word_1_489' title='bbox 2071 3570 2203 3608; x_wconf 87' lang='lat' dir='ltr'><strong>con-</strong></span> 
     </span>
    </p>
   </div>
   <div class='ocr_carea' id='block_1_67' title="bbox 646 3646 2204 3716">
    <p class='ocr_par' dir='ltr' id='par_1_67' title="bbox 646 3646 2204 3716">
     <span class='ocr_line' id='line_1_67' title="bbox 646 3646 2204 3716; baseline -0.002 -16"><span class='ocrx_word' id='word_1_490' title='bbox 646 3649 975 3716; x_wconf 73' lang='lat' dir='ltr'><strong>iunctionem</strong></span> <span class='ocrx_word' id='word_1_491' title='bbox 1007 3646 1281 3712; x_wconf 89' lang='lat' dir='ltr'><strong>inciderit,</strong></span> <span class='ocrx_word' id='word_1_492' title='bbox 1345 3661 1520 3714; x_wconf 85' lang='lat' dir='ltr'><strong>neque</strong></span> <span class='ocrx_word' id='word_1_493' title='bbox 1572 3646 1624 3698; x_wconf 88' lang='lat' dir='ltr'><strong>id</strong></span> <span class='ocrx_word' id='word_1_494' title='bbox 1656 3647 2058 3700; x_wconf 85' lang='lat' dir='ltr'><strong>matrimonium</strong></span> <span class='ocrx_word' id='word_1_495' title='bbox 2093 3646 2204 3699; x_wconf 79' lang='lat' dir='ltr'><strong>exi-</strong></span> 
     </span>
    </p>
   </div>
   <div class='ocr_carea' id='block_1_68' title="bbox 649 3736 2201 3806">
    <p class='ocr_par' dir='ltr' id='par_1_68' title="bbox 649 3736 2201 3806">
     <span class='ocr_line' id='line_1_68' title="bbox 649 3736 2201 3806; baseline -0.003 -13"><span class='ocrx_word' id='word_1_496' title='bbox 649 3741 897 3793; x_wconf 88' lang='lat' dir='ltr'><strong>stimetur</strong></span> <span class='ocrx_word' id='word_1_497' title='bbox 929 3777 944 3802; x_wconf 93' lang='lat'><strong>,</strong></span> <span class='ocrx_word' id='word_1_498' title='bbox 989 3752 1162 3806; x_wconf 90' lang='lat' dir='ltr'><strong>neque</strong></span> <span class='ocrx_word' id='word_1_499' title='bbox 1212 3737 1434 3792; x_wconf 89' lang='lat' dir='ltr'><strong>omnino</strong></span> <span class='ocrx_word' id='word_1_500' title='bbox 1485 3737 1539 3790; x_wconf 93' lang='lat' dir='ltr'><strong>in</strong></span> <span class='ocrx_word' id='word_1_501' title='bbox 1582 3736 1836 3790; x_wconf 68' lang='lat' dir='ltr'><strong>Ecclesiae</strong></span> <span class='ocrx_word' id='word_1_502' title='bbox 1879 3748 2076 3801; x_wconf 71' lang='lat' dir='ltr'><strong>cretum</strong></span> <span class='ocrx_word' id='word_1_503' title='bbox 2108 3737 2201 3789; x_wconf 82' lang='lat' dir='ltr'><strong>ad-</strong></span> 
     </span>
    </p>
   </div>
   <div class='ocr_carea' id='block_1_69' title="bbox 649 3807 2198 3893">
    <p class='ocr_par' dir='ltr' id='par_1_69' title="bbox 649 3807 2198 3893">
     <span class='ocr_line' id='line_1_69' title="bbox 649 3807 2198 3893; baseline -0.003 -15"><span class='ocrx_word' id='word_1_504' title='bbox 649 3826 977 3888; x_wconf 85' lang='lat' dir='ltr'><strong>mittantur,</strong></span> <span class='ocrx_word' id='word_1_505' title='bbox 1034 3825 1349 3893; x_wconf 88' lang='lat' dir='ltr'><strong>priusquam</strong></span> <span class='ocrx_word' id='word_1_506' title='bbox 1400 3837 1428 3874; x_wconf 89' lang='lat' dir='ltr'><strong>a</strong></span> <span class='ocrx_word' id='word_1_507' title='bbox 1465 3839 1527 3877; x_wconf 89' lang='lat' dir='ltr'><strong>se</strong></span> <span class='ocrx_word' id='word_1_508' title='bbox 1573 3822 1802 3877; x_wconf 84' lang='lat' dir='ltr'><strong>invicem</strong></span> <span class='ocrx_word' id='word_1_509' title='bbox 1857 3807 2198 3877; x_wconf 87' lang='lat' dir='ltr'><strong>dirimautur.</strong></span> 
     </span>
    </p>
   </div>
   <div class='ocr_carea' id='block_1_70' title="bbox 650 3912 2203 3981">
    <p class='ocr_par' dir='ltr' id='par_1_70' title="bbox 650 3912 2203 3981">
     <span class='ocr_line' id='line_1_70' title="bbox 650 3912 2203 3981; baseline -0.001 -13"><span class='ocrx_word' id='word_1_510' title='bbox 650 3916 830 3980; x_wconf 81' lang='lat' dir='ltr'><strong>Quare</strong></span> <span class='ocrx_word' id='word_1_511' title='bbox 860 3915 1075 3969; x_wconf 88' lang='lat' dir='ltr'><strong>etiamsi</strong></span> <span class='ocrx_word' id='word_1_512' title='bbox 1126 3915 1263 3967; x_wconf 88' lang='lat' dir='ltr'><strong>nihil</strong></span> <span class='ocrx_word' id='word_1_513' title='bbox 1308 3913 1451 3966; x_wconf 89' lang='lat' dir='ltr'><strong>aliud</strong></span> <span class='ocrx_word' id='word_1_514' title='bbox 1492 3912 1596 3965; x_wconf 90' lang='lat' dir='ltr'><strong>dici</strong></span> <span class='ocrx_word' id='word_1_515' title='bbox 1631 3922 1848 3981; x_wconf 87' lang='lat' dir='ltr'><strong>posset,</strong></span> <span class='ocrx_word' id='word_1_516' title='bbox 1897 3915 2029 3969; x_wconf 87' lang='lat' dir='ltr'><strong>satis</strong></span> <span class='ocrx_word' id='word_1_517' title='bbox 2062 3921 2203 3967; x_wconf 90' lang='lat' dir='ltr'><strong>esset</strong></span> 
     </span>
    </p>
   </div>
   <div class='ocr_carea' id='block_1_71' title="bbox 651 4003 2202 4076">
    <p class='ocr_par' dir='ltr' id='par_1_71' title="bbox 651 4003 2202 4076">
     <span class='ocr_line' id='line_1_71' title="bbox 651 4003 2202 4076; baseline -0.002 -17"><span class='ocrx_word' id='word_1_518' title='bbox 651 4008 770 4076; x_wconf 84' lang='lat' dir='ltr'><strong>ipsa</strong></span> <span class='ocrx_word' id='word_1_519' title='bbox 844 4005 1180 4060; x_wconf 91' lang='lat' dir='ltr'><strong>consuetudo</strong></span> <span class='ocrx_word' id='word_1_520' title='bbox 1237 4004 1303 4057; x_wconf 89' lang='lat' dir='ltr'><strong>ad</strong></span> <span class='ocrx_word' id='word_1_521' title='bbox 1343 4005 1468 4058; x_wconf 86' lang='lat' dir='ltr'><strong>boni</strong></span> <span class='ocrx_word' id='word_1_522' title='bbox 1521 4003 1848 4058; x_wconf 86' lang='lat' dir='ltr'><strong>custodiam.</strong></span> <span class='ocrx_word' id='word_1_523' title='bbox 1905 4003 2008 4057; x_wconf 88' lang='lat' dir='ltr'><strong>Sed</strong></span> <span class='ocrx_word' id='word_1_524' title='bbox 2078 4004 2202 4071; x_wconf 89' lang='lat' dir='ltr'><strong>quia</strong></span> 
     </span>
    </p>
   </div>
   <div class='ocr_carea' id='block_1_72' title="bbox 651 4093 2202 4168">
    <p class='ocr_par' dir='ltr' id='par_1_72' title="bbox 651 4093 2202 4168">
     <span class='ocr_line' id='line_1_72' title="bbox 651 4093 2202 4168; baseline -0.003 -18"><span class='ocrx_word' id='word_1_525' title='bbox 651 4097 742 4168; x_wconf 87' lang='lat' dir='ltr'><strong>qui</strong></span> <span class='ocrx_word' id='word_1_526' title='bbox 773 4096 912 4149; x_wconf 87' lang='lat' dir='ltr'><strong>hanc</strong></span> <span class='ocrx_word' id='word_1_527' title='bbox 951 4094 1170 4164; x_wconf 90' lang='lat' dir='ltr'><strong>scripsit</strong></span> <span class='ocrx_word' id='word_1_528' title='bbox 1209 4095 1514 4163; x_wconf 77' lang='lat' dir='ltr'><strong>epistolam,</strong></span> <span class='ocrx_word' id='word_1_529' title='bbox 1549 4093 1851 4146; x_wconf 89' lang='lat' dir='ltr'><strong>adulterino</strong></span> <span class='ocrx_word' id='word_1_530' title='bbox 1888 4101 2202 4161; x_wconf 81' lang='lat' dir='ltr'><strong>argumento</strong></span> 
     </span>
    </p>
   </div>
   <div class='ocr_carea' id='block_1_73' title="bbox 650 4183 2200 4241">
    <p class='ocr_par' dir='ltr' id='par_1_73' title="bbox 650 4183 2200 4241">
     <span class='ocr_line' id='line_1_73' title="bbox 650 4183 2200 4241; baseline -0.003 0"><span class='ocrx_word' id='word_1_531' title='bbox 650 4187 849 4241; x_wconf 87' lang='lat' dir='ltr'><strong>malum</strong></span> <span class='ocrx_word' id='word_1_532' title='bbox 922 4195 1125 4237; x_wconf 88' lang='lat' dir='ltr'><strong>tantum</strong></span> <span class='ocrx_word' id='word_1_533' title='bbox 1167 4193 1394 4238; x_wconf 82' lang='lat' dir='ltr'><strong>conatus</strong></span> <span class='ocrx_word' id='word_1_534' title='bbox 1451 4193 1531 4237; x_wconf 87' lang='lat' dir='ltr'><strong>est</strong></span> <span class='ocrx_word' id='word_1_535' title='bbox 1592 4185 1644 4237; x_wconf 93' lang='lat' dir='ltr'><strong>in</strong></span> <span class='ocrx_word' id='word_1_536' title='bbox 1699 4198 1876 4236; x_wconf 90' lang='lat' dir='ltr'><strong>mores</strong></span> <span class='ocrx_word' id='word_1_537' title='bbox 1925 4183 2200 4236; x_wconf 83' lang='lat' dir='ltr'><strong>hominum</strong></span> 
     </span>
    </p>
   </div>
   <div class='ocr_carea' id='block_1_74' title="bbox 652 4274 2201 4339">
    <p class='ocr_par' dir='ltr' id='par_1_74' title="bbox 652 4274 2201 4339">
     <span class='ocr_line' id='line_1_74' title="bbox 652 4274 2201 4339; baseline -0.003 -7"><span class='ocrx_word' id='word_1_538' title='bbox 652 4278 927 4339; x_wconf 83' lang='lat' dir='ltr'><strong>inducere,</strong></span> <span class='ocrx_word' id='word_1_539' title='bbox 992 4291 1208 4331; x_wconf 90' lang='lat' dir='ltr'><strong>necesse</strong></span> <span class='ocrx_word' id='word_1_540' title='bbox 1259 4283 1379 4335; x_wconf 87' lang='lat' dir='ltr'><strong>est,</strong></span> <span class='ocrx_word' id='word_1_541' title='bbox 1441 4284 1498 4326; x_wconf 94' lang='lat' dir='ltr'><strong>ut</strong></span> <span class='ocrx_word' id='word_1_542' title='bbox 1564 4289 1661 4327; x_wconf 89' lang='lat' dir='ltr'><strong>nec</strong></span> <span class='ocrx_word' id='word_1_543' title='bbox 1730 4274 2201 4327; x_wconf 85' lang='lat' dir='ltr'><strong>ratiocinationum</strong></span> 
     </span>
    </p>
   </div>
   <div class='ocr_carea' id='block_1_75' title="bbox 654 4363 2202 4432">
    <p class='ocr_par' dir='ltr' id='par_1_75' title="bbox 654 4363 2202 4432">
     <span class='ocr_line' id='line_1_75' title="bbox 654 4363 2202 4432; baseline -0.003 -12"><span class='ocrx_word' id='word_1_544' title='bbox 654 4366 951 4420; x_wconf 86' lang='lat' dir='ltr'><strong>subsidium</strong></span> <span class='ocrx_word' id='word_1_545' title='bbox 985 4366 1318 4428; x_wconf 82' lang='lat' dir='ltr'><strong>omittamus,</strong></span> <span class='ocrx_word' id='word_1_546' title='bbox 1361 4377 1668 4432; x_wconf 87' lang='lat' dir='ltr'><strong>quanquam</strong></span> <span class='ocrx_word' id='word_1_547' title='bbox 1700 4401 1714 4426; x_wconf 93' lang='lat'><strong>,</strong></span> <span class='ocrx_word' id='word_1_548' title='bbox 1747 4363 1800 4415; x_wconf 93' lang='lat' dir='ltr'><strong>in</strong></span> <span class='ocrx_word' id='word_1_549' title='bbox 1858 4363 2019 4416; x_wconf 89' lang='lat' dir='ltr'><strong>rebus</strong></span> <span class='ocrx_word' id='word_1_550' title='bbox 2053 4364 2202 4416; x_wconf 75' lang='lat' dir='ltr'><strong>valde</strong></span> 
     </span>
    </p>
   </div>
   <div class='ocr_carea' id='block_1_76' title="bbox 652 4452 2195 4524">
    <p class='ocr_par' dir='ltr' id='par_1_76' title="bbox 652 4452 2195 4524">
     <span class='ocr_line' id='line_1_76' title="bbox 652 4452 2195 4524; baseline -0.001 -15"><span class='ocrx_word' id='word_1_551' title='bbox 652 4455 980 4524; x_wconf 89' lang='lat' dir='ltr'><strong>conspicuis,</strong></span> <span class='ocrx_word' id='word_1_552' title='bbox 1019 4454 1486 4522; x_wconf 80' lang='lat' dir='ltr'><strong>argumentatione</strong></span> <span class='ocrx_word' id='word_1_553' title='bbox 1519 4452 1693 4521; x_wconf 90' lang='lat' dir='ltr'><strong>potior</strong></span> <span class='ocrx_word' id='word_1_554' title='bbox 1719 4461 1801 4504; x_wconf 89' lang='lat' dir='ltr'><strong>est</strong></span> <span class='ocrx_word' id='word_1_555' title='bbox 1846 4453 2195 4520; x_wconf 84' lang='lat' dir='ltr'><strong>uniuscujus-</strong></span> 
     </span>
    </p>
   </div>
   <div class='ocr_carea' id='block_1_77' title="bbox 653 4548 1057 4619">
    <p class='ocr_par' dir='ltr' id='par_1_77' title="bbox 653 4548 1057 4619">
     <span class='ocr_line' id='line_1_77' title="bbox 653 4548 1057 4619; baseline -0.012 -16"><span class='ocrx_word' id='word_1_556' title='bbox 653 4565 754 4619; x_wconf 88' lang='lat' dir='ltr'><strong>que</strong></span> <span class='ocrx_word' id='word_1_557' title='bbox 780 4548 1057 4617; x_wconf 73' lang='lat' dir='ltr'><strong>praenotio.</strong></span> 
     </span>
    </p>
   </div>
   <div class='ocr_carea' id='block_1_78' title="bbox 836 4631 2266 4705">
    <p class='ocr_par' dir='ltr' id='par_1_78' title="bbox 836 4631 2266 4705">
     <span class='ocr_line' id='line_1_78' title="bbox 836 4631 2266 4705; baseline -0.001 -15"><span class='ocrx_word' id='word_1_558' title='bbox 836 4639 1108 4705; x_wconf 86' lang='lat' dir='ltr'><strong>Scriptum</strong></span> <span class='ocrx_word' id='word_1_559' title='bbox 1155 4643 1256 4695; x_wconf 91' lang='lat' dir='ltr'><strong>est,</strong></span> <span class='ocrx_word' id='word_1_560' title='bbox 1319 4634 1513 4702; x_wconf 86' lang='lat' dir='ltr'><strong>inquit,</strong></span> <span class='ocrx_word' id='word_1_561' title='bbox 1566 4635 1619 4686; x_wconf 94' lang='lat' dir='ltr'><strong>in</strong></span> <span class='ocrx_word' id='word_1_562' title='bbox 1649 4632 1931 4687; x_wconf 84' lang='lat' dir='ltr'><strong>Levitico:</strong></span> <span class='ocrx_word' id='word_1_563' title='bbox 1971 4631 2197 4688; x_wconf 75' lang='lat' dir='ltr'><strong>Uxorem</strong></span> <span class='ocrx_word' id='word_1_564' title='bbox 2228 4637 2266 4689; x_wconf 90' lang='lat' dir='ltr'>D</span> 
     </span>
    </p>
   </div>
   <div class='ocr_carea' id='block_1_79' title="bbox 651 4722 2196 4795">
    <p class='ocr_par' dir='ltr' id='par_1_79' title="bbox 651 4722 2196 4795">
     <span class='ocr_line' id='line_1_79' title="bbox 651 4722 2196 4795; baseline -0.003 -14"><span class='ocrx_word' id='word_1_565' title='bbox 651 4744 802 4795; x_wconf 83' lang='lat' dir='ltr'><strong>super</strong></span> <span class='ocrx_word' id='word_1_566' title='bbox 841 4743 1018 4778; x_wconf 79' lang='lat' dir='ltr'><strong>sorore</strong></span> <span class='ocrx_word' id='word_1_567' title='bbox 1077 4726 1188 4792; x_wconf 81' lang='lat' dir='ltr'><strong>ejus</strong></span> <span class='ocrx_word' id='word_1_568' title='bbox 1237 4740 1341 4776; x_wconf 85' lang='lat' dir='ltr'><strong>non</strong></span> <span class='ocrx_word' id='word_1_569' title='bbox 1391 4725 1608 4792; x_wconf 75' lang='lat' dir='ltr'><strong>accipies</strong></span> <span class='ocrx_word' id='word_1_570' title='bbox 1655 4722 1898 4775; x_wconf 65' lang='lat' dir='ltr'><strong>tantulam</strong></span> <span class='ocrx_word' id='word_1_571' title='bbox 1930 4764 1942 4785; x_wconf 92' lang='lat'><strong>,</strong></span> <span class='ocrx_word' id='word_1_572' title='bbox 1990 4725 2056 4776; x_wconf 81' lang='lat' dir='ltr'><strong>ad</strong></span> <span class='ocrx_word' id='word_1_573' title='bbox 2112 4743 2196 4778; x_wconf 81' lang='lat' dir='ltr'><strong>re-</strong></span> 
     </span>
    </p>
   </div>
   <div class='ocr_carea' id='block_1_80' title="bbox 652 4813 2198 4882">
    <p class='ocr_par' dir='ltr' id='par_1_80' title="bbox 652 4813 2198 4882">
     <span class='ocr_line' id='line_1_80' title="bbox 652 4813 2198 4882; baseline -0.001 -12"><span class='ocrx_word' id='word_1_574' title='bbox 652 4818 920 4872; x_wconf 74' lang='lat' dir='ltr'><strong>volandum</strong></span> <span class='ocrx_word' id='word_1_575' title='bbox 982 4815 1352 4882; x_wconf 82' lang='lat' dir='ltr'><strong>turpitudinem</strong></span> <span class='ocrx_word' id='word_1_576' title='bbox 1408 4813 1518 4882; x_wconf 83' lang='lat' dir='ltr'><strong>ejus</strong></span> <span class='ocrx_word' id='word_1_577' title='bbox 1594 4827 1747 4880; x_wconf 76' lang='lat' dir='ltr'><strong>super</strong></span> <span class='ocrx_word' id='word_1_578' title='bbox 1804 4829 1917 4865; x_wconf 85' lang='lat' dir='ltr'><strong>eam</strong></span> <span class='ocrx_word' id='word_1_579' title='bbox 1951 4853 1964 4876; x_wconf 92' lang='lat'><strong>,</strong></span> <span class='ocrx_word' id='word_1_580' title='bbox 2031 4815 2198 4868; x_wconf 82' lang='lat' dir='ltr'><strong>adhuc</strong></span> 
     </span>
    </p>
   </div>
   <div class='ocr_carea' id='block_1_81' title="bbox 655 4901 2199 4973">
    <p class='ocr_par' dir='ltr' id='par_1_81' title="bbox 655 4901 2199 4973">
     <span class='ocr_line' id='line_1_81' title="bbox 655 4901 2199 4973; baseline -0.001 -14"><span class='ocrx_word' id='word_1_581' title='bbox 655 4910 843 4960; x_wconf 74' lang='lat' dir='ltr'><strong>vivente</strong></span> <span class='ocrx_word' id='word_1_582' title='bbox 892 4923 950 4958; x_wconf 86' lang='lat' dir='ltr'><strong>ca</strong></span> <span class='ocrx_word' id='word_1_583' title='bbox 1004 4905 1042 4955; x_wconf 78' lang='grc' dir='ltr'><strong>ί.</strong></span> <span class='ocrx_word' id='word_1_584' title='bbox 1105 4903 1231 4957; x_wconf 91' lang='lat' dir='ltr'><strong>lnde</strong></span> <span class='ocrx_word' id='word_1_585' title='bbox 1275 4904 1440 4973; x_wconf 76' lang='lat' dir='ltr'><strong>igitur</strong></span> <span class='ocrx_word' id='word_1_586' title='bbox 1509 4901 1855 4957; x_wconf 76' lang='lat' dir='ltr'><strong>manifestum</strong></span> <span class='ocrx_word' id='word_1_587' title='bbox 1898 4918 2016 4957; x_wconf 89' lang='lat' dir='ltr'><strong>esse</strong></span> <span class='ocrx_word' id='word_1_588' title='bbox 2070 4903 2199 4957; x_wconf 88' lang='lat' dir='ltr'><strong>dicit</strong></span> 
     </span>
    </p>
   </div>
   <div class='ocr_carea' id='block_1_82' title="bbox 657 4993 2196 5062">
    <p class='ocr_par' dir='ltr' id='par_1_82' title="bbox 657 4993 2196 5062">
     <span class='ocr_line' id='line_1_82' title="bbox 657 4993 2196 5062; baseline -0.001 -14"><span class='ocrx_word' id='word_1_589' title='bbox 657 5003 880 5051; x_wconf 70' lang='lat' dir='ltr'><strong>morture</strong></span> <span class='ocrx_word' id='word_1_590' title='bbox 914 5009 1155 5050; x_wconf 88' lang='lat' dir='ltr'><strong>sororem</strong></span> <span class='ocrx_word' id='word_1_591' title='bbox 1196 4995 1435 5062; x_wconf 87' lang='lat' dir='ltr'><strong>accipere</strong></span> <span class='ocrx_word' id='word_1_592' title='bbox 1485 4994 1666 5048; x_wconf 90' lang='lat' dir='ltr'><strong>licere.</strong></span> <span class='ocrx_word' id='word_1_593' title='bbox 1717 4993 1795 5046; x_wconf 81' lang='lat' dir='ltr'><strong>Ad</strong></span> <span class='ocrx_word' id='word_1_594' title='bbox 1827 4993 1928 5046; x_wconf 90' lang='lat' dir='ltr'><strong>hoc</strong></span> <span class='ocrx_word' id='word_1_595' title='bbox 1967 4993 2196 5062; x_wconf 90' lang='lat' dir='ltr'><strong>primum</strong></span> 
     </span>
    </p>
   </div>
   <div class='ocr_carea' id='block_1_83' title="bbox 654 5081 2198 5155">
    <p class='ocr_par' dir='ltr' id='par_1_83' title="bbox 654 5081 2198 5155">
     <span class='ocr_line' id='line_1_83' title="bbox 654 5081 2198 5155; baseline -0.003 -15"><span class='ocrx_word' id='word_1_596' title='bbox 654 5086 871 5155; x_wconf 89' lang='lat' dir='ltr'><strong>quidem</strong></span> <span class='ocrx_word' id='word_1_597' title='bbox 921 5085 1117 5148; x_wconf 88' lang='lat' dir='ltr'><strong>dicam,</strong></span> <span class='ocrx_word' id='word_1_598' title='bbox 1159 5098 1495 5152; x_wconf 69' lang='lat' dir='ltr'><strong>qurecunque</strong></span> <span class='ocrx_word' id='word_1_599' title='bbox 1547 5083 1632 5136; x_wconf 78' lang='lat' dir='ltr'><strong>lex</strong></span> <span class='ocrx_word' id='word_1_600' title='bbox 1665 5081 1820 5144; x_wconf 89' lang='lat' dir='ltr'><strong>dicit,</strong></span> <span class='ocrx_word' id='word_1_601' title='bbox 1884 5083 1948 5135; x_wconf 91' lang='lat' dir='ltr'><strong>iis</strong></span> <span class='ocrx_word' id='word_1_602' title='bbox 2003 5085 2096 5153; x_wconf 92' lang='lat' dir='ltr'><strong>qui</strong></span> <span class='ocrx_word' id='word_1_603' title='bbox 2145 5085 2198 5136; x_wconf 92' lang='lat' dir='ltr'><strong>in</strong></span> 
     </span>
    </p>
   </div>
   <div class='ocr_carea' id='block_1_84' title="bbox 656 5173 2199 5247">
    <p class='ocr_par' dir='ltr' id='par_1_84' title="bbox 656 5173 2199 5247">
     <span class='ocr_line' id='line_1_84' title="bbox 656 5173 2199 5247; baseline -0.004 -17"><span class='ocrx_word' id='word_1_604' title='bbox 656 5179 767 5247; x_wconf 73' lang='lat' dir='ltr'><strong>lege</strong></span> <span class='ocrx_word' id='word_1_605' title='bbox 802 5184 926 5230; x_wconf 90' lang='lat' dir='ltr'><strong>sunt</strong></span> <span class='ocrx_word' id='word_1_606' title='bbox 975 5175 1153 5229; x_wconf 89' lang='lat' dir='ltr'><strong>dicere</strong></span> <span class='ocrx_word' id='word_1_607' title='bbox 1186 5192 1198 5239; x_wconf 90' lang='lat'><strong>;</strong></span> <span class='ocrx_word' id='word_1_608' title='bbox 1242 5174 1443 5242; x_wconf 81' lang='lat' dir='ltr'><strong>alioqui</strong></span> <span class='ocrx_word' id='word_1_609' title='bbox 1493 5174 1570 5228; x_wconf 84' lang='lat' dir='ltr'><strong>sic</strong></span> <span class='ocrx_word' id='word_1_610' title='bbox 1606 5181 1659 5227; x_wconf 90' lang='lat' dir='ltr'><strong>ct</strong></span> <span class='ocrx_word' id='word_1_611' title='bbox 1707 5173 2110 5226; x_wconf 89' lang='lat' dir='ltr'><strong>circumcisioni</strong></span> <span class='ocrx_word' id='word_1_612' title='bbox 2147 5181 2199 5227; x_wconf 78' lang='lat' dir='ltr'><strong>et</strong></span> 
     </span>
    </p>
   </div>
   <div class='ocr_carea' id='block_1_85' title="bbox 655 5260 2200 5328">
    <p class='ocr_par' dir='ltr' id='par_1_85' title="bbox 655 5260 2200 5328">
     <span class='ocr_line' id='line_1_85' title="bbox 655 5260 2200 5328; baseline -0.003 -9"><span class='ocrx_word' id='word_1_613' title='bbox 655 5265 888 5319; x_wconf 86' lang='lat' dir='ltr'><strong>Sahbato</strong></span> <span class='ocrx_word' id='word_1_614' title='bbox 921 5272 973 5319; x_wconf 91' lang='lat' dir='ltr'><strong>et</strong></span> <span class='ocrx_word' id='word_1_615' title='bbox 1030 5264 1369 5318; x_wconf 68' lang='lat' dir='ltr'><strong>abstinentia:</strong></span> <span class='ocrx_word' id='word_1_616' title='bbox 1405 5263 1645 5316; x_wconf 91' lang='lat' dir='ltr'><strong>ciborum</strong></span> <span class='ocrx_word' id='word_1_617' title='bbox 1679 5260 2045 5328; x_wconf 88' lang='lat' dir='ltr'><strong>subjiciemur.</strong></span> <span class='ocrx_word' id='word_1_618' title='bbox 2096 5260 2200 5315; x_wconf 88' lang='lat' dir='ltr'><strong>Ne-</strong></span> 
     </span>
    </p>
   </div>
   <div class='ocr_carea' id='block_1_86' title="bbox 655 5353 2199 5424">
    <p class='ocr_par' dir='ltr' id='par_1_86' title="bbox 655 5353 2199 5424">
     <span class='ocr_line' id='line_1_86' title="bbox 655 5353 2199 5424; baseline 0.001 -17"><span class='ocrx_word' id='word_1_619' title='bbox 655 5371 754 5424; x_wconf 86' lang='lat' dir='ltr'><strong>que</strong></span> <span class='ocrx_word' id='word_1_620' title='bbox 786 5357 926 5410; x_wconf 87' lang='lat' dir='ltr'><strong>enim</strong></span> <span class='ocrx_word' id='word_1_621' title='bbox 973 5354 1017 5408; x_wconf 90' lang='lat' dir='ltr'><strong>si</strong></span> <span class='ocrx_word' id='word_1_622' title='bbox 1057 5355 1187 5423; x_wconf 91' lang='lat' dir='ltr'><strong>quid</strong></span> <span class='ocrx_word' id='word_1_623' title='bbox 1244 5354 1584 5408; x_wconf 87' lang='lat' dir='ltr'><strong>inveniamus</strong></span> <span class='ocrx_word' id='word_1_624' title='bbox 1637 5353 1943 5422; x_wconf 88' lang='lat' dir='ltr'><strong>appositum</strong></span> <span class='ocrx_word' id='word_1_625' title='bbox 1998 5355 2199 5408; x_wconf 90' lang='lat' dir='ltr'><strong>nostris</strong></span> 
     </span>
    </p>
   </div>
   <div class='ocr_carea' id='block_1_87' title="bbox 656 5442 2201 5514">
    <p class='ocr_par' dir='ltr' id='par_1_87' title="bbox 656 5442 2201 5514">
     <span class='ocr_line' id='line_1_87' title="bbox 656 5442 2201 5514; baseline -0.003 -17"><span class='ocrx_word' id='word_1_626' title='bbox 656 5445 1033 5512; x_wconf 84' lang='lat' dir='ltr'><strong>voluptatibus,</strong></span> <span class='ocrx_word' id='word_1_627' title='bbox 1081 5445 1214 5514; x_wconf 79' lang='lat' dir='ltr'><strong>jugo</strong></span> <span class='ocrx_word' id='word_1_628' title='bbox 1258 5444 1532 5500; x_wconf 89' lang='lat' dir='ltr'><strong>servitutis</strong></span> <span class='ocrx_word' id='word_1_629' title='bbox 1565 5443 1698 5512; x_wconf 79' lang='lat' dir='ltr'><strong>legis</strong></span> <span class='ocrx_word' id='word_1_630' title='bbox 1729 5457 1828 5495; x_wconf 91' lang='lat' dir='ltr'><strong>nos</strong></span> <span class='ocrx_word' id='word_1_631' title='bbox 1882 5442 1983 5510; x_wconf 90' lang='lat' dir='ltr'><strong>ipsi</strong></span> <span class='ocrx_word' id='word_1_632' title='bbox 2032 5443 2201 5510; x_wconf 83' lang='lat' dir='ltr'><strong>subji-</strong></span> 
     </span>
    </p>
   </div>
   <div class='ocr_carea' id='block_1_88' title="bbox 655 5531 2199 5602">
    <p class='ocr_par' dir='ltr' id='par_1_88' title="bbox 655 5531 2199 5602">
     <span class='ocr_line' id='line_1_88' title="bbox 655 5531 2199 5602; baseline 0.001 -17"><span class='ocrx_word' id='word_1_633' title='bbox 655 5534 897 5586; x_wconf 88' lang='lat' dir='ltr'><strong>ciemus:</strong></span> <span class='ocrx_word' id='word_1_634' title='bbox 928 5535 971 5586; x_wconf 91' lang='lat' dir='ltr'><strong>si</strong></span> <span class='ocrx_word' id='word_1_635' title='bbox 1017 5533 1145 5602; x_wconf 91' lang='lat' dir='ltr'><strong>quid</strong></span> <span class='ocrx_word' id='word_1_636' title='bbox 1199 5540 1377 5586; x_wconf 86' lang='lat' dir='ltr'><strong>autem</strong></span> <span class='ocrx_word' id='word_1_637' title='bbox 1418 5533 1591 5586; x_wconf 85' lang='lat' dir='ltr'><strong>visum</strong></span> <span class='ocrx_word' id='word_1_638' title='bbox 1626 5531 1789 5586; x_wconf 79' lang='lat' dir='ltr'><strong>fuerit</strong></span> <span class='ocrx_word' id='word_1_639' title='bbox 1828 5546 1986 5600; x_wconf 79' lang='lat' dir='ltr'><strong>grave</strong></span> <span class='ocrx_word' id='word_1_640' title='bbox 2021 5532 2075 5585; x_wconf 91' lang='lat' dir='ltr'><strong>in</strong></span> <span class='ocrx_word' id='word_1_641' title='bbox 2127 5533 2199 5586; x_wconf 82' lang='lat' dir='ltr'><strong>le-</strong></span> 
     </span>
    </p>
   </div>
   <div class='ocr_carea' id='block_1_89' title="bbox 654 5619 2197 5692">
    <p class='ocr_par' dir='ltr' id='par_1_89' title="bbox 654 5619 2197 5692">
     <span class='ocr_line' id='line_1_89' title="bbox 654 5619 2197 5692; baseline 0 -18"><span class='ocrx_word' id='word_1_642' title='bbox 654 5623 881 5692; x_wconf 79' lang='lat' dir='ltr'><strong>galibus,</strong></span> <span class='ocrx_word' id='word_1_643' title='bbox 918 5628 1045 5674; x_wconf 89' lang='lat' dir='ltr'><strong>tunc</strong></span> <span class='ocrx_word' id='word_1_644' title='bbox 1071 5622 1139 5676; x_wconf 88' lang='lat' dir='ltr'><strong>ad</strong></span> <span class='ocrx_word' id='word_1_645' title='bbox 1171 5623 1474 5677; x_wconf 89' lang='lat' dir='ltr'><strong>libertatem</strong></span> <span class='ocrx_word' id='word_1_646' title='bbox 1496 5661 1511 5687; x_wconf 93' lang='lat'><strong>,</strong></span> <span class='ocrx_word' id='word_1_647' title='bbox 1739 5636 1861 5689; x_wconf 73' lang='lat' dir='ltr'><strong>qua:</strong></span> <span class='ocrx_word' id='word_1_648' title='bbox 1892 5621 1949 5674; x_wconf 93' lang='lat' dir='ltr'><strong>in</strong></span> <span class='ocrx_word' id='word_1_649' title='bbox 1977 5619 2197 5674; x_wconf 89' lang='lat' dir='ltr'><strong>Christo</strong></span> 
     </span>
    </p>
   </div>
   <div class='ocr_carea' id='block_1_90' title="bbox 652 5708 2197 5782">
    <p class='ocr_par' dir='ltr' id='par_1_90' title="bbox 652 5708 2197 5782">
     <span class='ocr_line' id='line_1_90' title="bbox 652 5708 2197 5782; baseline -0.005 -15"><span class='ocrx_word' id='word_1_650' title='bbox 652 5721 753 5775; x_wconf 75' lang='lat' dir='ltr'><strong>est,</strong></span> <span class='ocrx_word' id='word_1_651' title='bbox 784 5711 1178 5782; x_wconf 70' lang='lat' dir='ltr'><strong>conl‘ugiemus.</strong></span> <span class='ocrx_word' id='word_1_652' title='bbox 1221 5708 1541 5782; x_wconf 75' lang='lat' dir='ltr'><strong>Interrogati</strong></span> <span class='ocrx_word' id='word_1_653' title='bbox 1591 5725 1778 5764; x_wconf 88' lang='lat' dir='ltr'><strong>sumus</strong></span> <span class='ocrx_word' id='word_1_654' title='bbox 1820 5723 1885 5761; x_wconf 91' lang='lat' dir='ltr'><strong>au</strong></span> <span class='ocrx_word' id='word_1_655' title='bbox 1940 5709 2197 5776; x_wconf 85' lang='lat' dir='ltr'><strong>scriptum</strong></span> 
     </span>
    </p>
   </div>
   <div class='ocr_carea' id='block_1_91' title="bbox 650 5797 2197 5872">
    <p class='ocr_par' dir='ltr' id='par_1_91' title="bbox 650 5797 2197 5872">
     <span class='ocr_line' id='line_1_91' title="bbox 650 5797 2197 5872; baseline -0.006 -12"><span class='ocrx_word' id='word_1_656' title='bbox 650 5805 737 5868; x_wconf 76' lang='lat' dir='ltr'><strong>sit,</strong></span> <span class='ocrx_word' id='word_1_657' title='bbox 793 5811 848 5857; x_wconf 92' lang='lat' dir='ltr'><strong>ut</strong></span> <span class='ocrx_word' id='word_1_658' title='bbox 901 5803 1201 5872; x_wconf 88' lang='lat' dir='ltr'><strong>accipiatur</strong></span> <span class='ocrx_word' id='word_1_659' title='bbox 1252 5815 1390 5855; x_wconf 82' lang='lat' dir='ltr'><strong>uxor</strong></span> <span class='ocrx_word' id='word_1_660' title='bbox 1439 5808 1558 5871; x_wconf 90' lang='lat' dir='ltr'><strong>post</strong></span> <span class='ocrx_word' id='word_1_661' title='bbox 1603 5799 1774 5869; x_wconf 89' lang='lat' dir='ltr'><strong>ipsius</strong></span> <span class='ocrx_word' id='word_1_662' title='bbox 1809 5813 2069 5854; x_wconf 87' lang='lat' dir='ltr'><strong>sororem.</strong></span> <span class='ocrx_word' id='word_1_663' title='bbox 2111 5797 2197 5850; x_wconf 85' lang='lat' dir='ltr'><strong>Di-</strong></span> 
     </span>
    </p>
   </div>
   <div class='ocr_carea' id='block_1_92' title="bbox 751 5903 1287 5971">
    <p class='ocr_par' dir='ltr' id='par_1_92' title="bbox 751 5903 1287 5971">
     <span class='ocr_line' id='line_1_92' title="bbox 751 5903 1287 5971; baseline -0.007 -5"><span class='ocrx_word' id='word_1_664' title='bbox 751 5917 766 5948; x_wconf 75' lang='grc' dir='ltr'>ί</span> <span class='ocrx_word' id='word_1_665' title='bbox 799 5912 973 5970; x_wconf 81' lang='lat' dir='ltr'><strong>Levit.</strong></span> <span class='ocrx_word' id='word_1_666' title='bbox 1011 5923 1164 5971; x_wconf 77' lang='lat' dir='ltr'><strong>xvtu,</strong></span> <span class='ocrx_word' id='word_1_667' title='bbox 1207 5903 1287 5962; x_wconf 86' lang='lat' dir='ltr'><strong>l8.</strong></span> 
     </span>
    </p>
   </div>
   <div class='ocr_carea' id='block_1_93' title="bbox 2302 3284 3862 3356">
    <p class='ocr_par' dir='ltr' id='par_1_93' title="bbox 2302 3284 3862 3356">
     <span class='ocr_line' id='line_1_93' title="bbox 2302 3284 3862 3356; baseline 0.002 -20"><span class='ocrx_word' id='word_1_668' title='bbox 2302 3284 2524 3354; x_wconf 73' lang='grc' dir='ltr'><strong>δύναμιν</strong></span> <span class='ocrx_word' id='word_1_669' title='bbox 2553 3285 2694 3354; x_wconf 76' lang='grc' dir='ltr'><strong>ἕχον,</strong></span> <span class='ocrx_word' id='word_1_670' title='bbox 2728 3286 2814 3337; x_wconf 70' lang='grc' dir='ltr'><strong>διὰ</strong></span> <span class='ocrx_word' id='word_1_671' title='bbox 2851 3287 2912 3338; x_wconf 79' lang='grc' dir='ltr'><strong>τὸ</strong></span> <span class='ocrx_word' id='word_1_672' title='bbox 2935 3287 3022 3354; x_wconf 78' lang='grc' dir='ltr'><strong>ὑφ’</strong></span> <span class='ocrx_word' id='word_1_673' title='bbox 3057 3287 3225 3353; x_wconf 75' lang='grc' dir='ltr'><strong>ἀγέων</strong></span> <span class='ocrx_word' id='word_1_674' title='bbox 3252 3286 3461 3355; x_wconf 86' lang='grc' dir='ltr'><strong>ἀνδρῶν</strong></span> <span class='ocrx_word' id='word_1_675' title='bbox 3495 3289 3619 3348; x_wconf 74' lang='grc' dir='ltr'><strong>τοὺς</strong></span> <span class='ocrx_word' id='word_1_676' title='bbox 3639 3285 3862 3356; x_wconf 74' lang='grc' dir='ltr'><strong>θεσμοὺς</strong></span> 
     </span>
    </p>
   </div>
   <div class='ocr_carea' id='block_1_94' title="bbox 2304 3375 3862 3445">
    <p class='ocr_par' dir='ltr' id='par_1_94' title="bbox 2304 3375 3862 3445">
     <span class='ocr_line' id='line_1_94' title="bbox 2304 3375 3862 3445; baseline 0.001 -20"><span class='ocrx_word' id='word_1_677' title='bbox 2304 3376 2431 3443; x_wconf 76' lang='grc' dir='ltr'><strong>ἡμῖν</strong></span> <span class='ocrx_word' id='word_1_678' title='bbox 2498 3375 2882 3445; x_wconf 72' lang='grc' dir='ltr'><strong>παραδοθῆναι.</strong></span> <span class='ocrx_word' id='word_1_679' title='bbox 2941 3375 3107 3427; x_wconf 76' lang='grc' dir='ltr'><strong>Τοῦτο</strong></span> <span class='ocrx_word' id='word_1_680' title='bbox 3150 3376 3204 3428; x_wconf 78' lang='grc' dir='ltr'><strong>δὲ</strong></span> <span class='ocrx_word' id='word_1_681' title='bbox 3255 3376 3494 3427; x_wconf 75' lang='grc' dir='ltr'><strong>τοιοῦτόν</strong></span> <span class='ocrx_word' id='word_1_682' title='bbox 3553 3378 3730 3428; x_wconf 79' lang='grc' dir='ltr'><strong>ἐστιν’</strong></span> <span class='ocrx_word' id='word_1_683' title='bbox 3776 3378 3862 3429; x_wconf 80' lang='grc' dir='ltr'><strong>ἐάν</strong></span> 
     </span>
    </p>
   </div>
   <div class='ocr_carea' id='block_1_95' title="bbox 2302 3465 3863 3537">
    <p class='ocr_par' dir='ltr' id='par_1_95' title="bbox 2302 3465 3863 3537">
     <span class='ocr_line' id='line_1_95' title="bbox 2302 3465 3863 3537; baseline 0.001 -21"><span class='ocrx_word' id='word_1_684' title='bbox 2302 3482 2402 3528; x_wconf 82' lang='grc' dir='ltr'><strong>τις,</strong></span> <span class='ocrx_word' id='word_1_685' title='bbox 2435 3465 2593 3518; x_wconf 77' lang='grc' dir='ltr'><strong>πάθει</strong></span> <span class='ocrx_word' id='word_1_686' title='bbox 2629 3466 2964 3537; x_wconf 72' lang='grc' dir='ltr'><strong>ἀκαθαρσίας</strong></span> <span class='ocrx_word' id='word_1_687' title='bbox 2994 3468 3120 3519; x_wconf 80' lang='grc' dir='ltr'><strong>ποτὲ</strong></span> <span class='ocrx_word' id='word_1_688' title='bbox 3152 3466 3462 3537; x_wconf 78' lang='grc' dir='ltr'><strong>κρατηθεὶς,</strong></span> <span class='ocrx_word' id='word_1_689' title='bbox 3495 3468 3701 3536; x_wconf 78' lang='grc' dir='ltr'><strong>ἐκπέσῃ</strong></span> <span class='ocrx_word' id='word_1_690' title='bbox 3734 3468 3863 3537; x_wconf 65' lang='grc' dir='ltr'><strong>πρὸς</strong></span> 
     </span>
    </p>
   </div>
   <div class='ocr_carea' id='block_1_96' title="bbox 2300 3555 3865 3627">
    <p class='ocr_par' dir='ltr' id='par_1_96' title="bbox 2300 3555 3865 3627">
     <span class='ocr_line' id='line_1_96' title="bbox 2300 3555 3865 3627; baseline 0.002 -21"><span class='ocrx_word' id='word_1_691' title='bbox 2300 3555 2441 3607; x_wconf 78' lang='grc' dir='ltr'><strong>δυεῖν</strong></span> <span class='ocrx_word' id='word_1_692' title='bbox 2469 3555 2710 3622; x_wconf 74' lang='grc' dir='ltr'><strong>ἀδελφῶν</strong></span> <span class='ocrx_word' id='word_1_693' title='bbox 2733 3555 2967 3626; x_wconf 86' lang='grc' dir='ltr'><strong>ἀθεσμον</strong></span> <span class='ocrx_word' id='word_1_694' title='bbox 2998 3557 3300 3616; x_wconf 71' lang='grc' dir='ltr'><strong>κοινωνίαν,</strong></span> <span class='ocrx_word' id='word_1_695' title='bbox 3339 3557 3477 3625; x_wconf 80' lang='grc' dir='ltr'><strong>μήτε</strong></span> <span class='ocrx_word' id='word_1_696' title='bbox 3521 3559 3700 3626; x_wconf 81' lang='grc' dir='ltr'><strong>γάμον</strong></span> <span class='ocrx_word' id='word_1_697' title='bbox 3725 3560 3865 3627; x_wconf 74' lang='grc' dir='ltr'><strong>ἠγεῖ-</strong></span> 
     </span>
    </p>
   </div>
   <div class='ocr_carea' id='block_1_97' title="bbox 2304 3642 3864 3713">
    <p class='ocr_par' dir='ltr' id='par_1_97' title="bbox 2304 3642 3864 3713">
     <span class='ocr_line' id='line_1_97' title="bbox 2304 3642 3864 3713; baseline 0 -20"><span class='ocrx_word' id='word_1_698' title='bbox 2304 3643 2425 3695; x_wconf 88' lang='grc' dir='ltr'><strong>σθαι</strong></span> <span class='ocrx_word' id='word_1_699' title='bbox 2451 3643 2635 3694; x_wconf 77' lang='grc' dir='ltr'><strong>τοῦτον</strong></span> <span class='ocrx_word' id='word_1_700' title='bbox 2667 3684 2683 3708; x_wconf 87' lang='grc'><strong>,</strong></span> <span class='ocrx_word' id='word_1_701' title='bbox 2804 3642 2930 3713; x_wconf 72' lang='grc' dir='ltr'><strong>μηθ’</strong></span> <span class='ocrx_word' id='word_1_702' title='bbox 2952 3644 3086 3706; x_wconf 85' lang='grc' dir='ltr'><strong>ὅλως</strong></span> <span class='ocrx_word' id='word_1_703' title='bbox 3125 3644 3202 3706; x_wconf 74' lang='grc' dir='ltr'><strong>εἰς</strong></span> <span class='ocrx_word' id='word_1_704' title='bbox 3247 3642 3572 3712; x_wconf 79' lang='grc' dir='ltr'><strong>Ἐκκλησίας</strong></span> <span class='ocrx_word' id='word_1_705' title='bbox 3604 3643 3864 3712; x_wconf 73' lang='grc' dir='ltr'><strong>πλήρωμα</strong></span> 
     </span>
    </p>
   </div>
   <div class='ocr_carea' id='block_1_98' title="bbox 2304 3732 3860 3803">
    <p class='ocr_par' dir='ltr' id='par_1_98' title="bbox 2304 3732 3860 3803">
     <span class='ocr_line' id='line_1_98' title="bbox 2304 3732 3860 3803; baseline 0 -19"><span class='ocrx_word' id='word_1_706' title='bbox 2304 3732 2701 3801; x_wconf 80' lang='grc' dir='ltr'><strong>παραδέχεσθαι</strong></span> <span class='ocrx_word' id='word_1_707' title='bbox 2752 3734 3033 3803; x_wconf 77' lang='grc' dir='ltr'><strong>πρότερον,</strong></span> <span class='ocrx_word' id='word_1_708' title='bbox 3070 3734 3098 3802; x_wconf 78' lang='grc' dir='ltr'>ἢ</span> <span class='ocrx_word' id='word_1_709' title='bbox 3137 3733 3383 3786; x_wconf 77' lang='grc' dir='ltr'><strong>διαλῦσαι</strong></span> <span class='ocrx_word' id='word_1_710' title='bbox 3421 3735 3619 3796; x_wconf 74' lang='grc' dir='ltr'><strong>αὐτοὺς</strong></span> <span class='ocrx_word' id='word_1_711' title='bbox 3653 3736 3745 3786; x_wconf 83' lang='grc' dir='ltr'><strong>ἀπ’</strong></span> <span class='ocrx_word' id='word_1_712' title='bbox 3776 3734 3860 3788; x_wconf 79' lang='grc' dir='ltr'><strong>ἀλ-</strong></span> 
     </span>
    </p>
   </div>
   <div class='ocr_carea' id='block_1_99' title="bbox 2301 3820 3859 3894">
    <p class='ocr_par' dir='ltr' id='par_1_99' title="bbox 2301 3820 3859 3894">
     <span class='ocr_line' id='line_1_99' title="bbox 2301 3820 3859 3894; baseline 0.003 -23"><span class='ocrx_word' id='word_1_713' title='bbox 2301 3821 2495 3890; x_wconf 79' lang='grc' dir='ltr'><strong>λήλων.</strong></span> <span class='ocrx_word' id='word_1_714' title='bbox 2530 3823 2692 3874; x_wconf 82' lang='grc' dir='ltr'><strong>Ὥστε</strong></span> <span class='ocrx_word' id='word_1_715' title='bbox 2715 3825 2762 3874; x_wconf 72' lang='grc' dir='ltr'><strong>εἰ</strong></span> <span class='ocrx_word' id='word_1_716' title='bbox 2788 3824 2880 3875; x_wconf 69' lang='grc' dir='ltr'><strong>καὶ</strong></span> <span class='ocrx_word' id='word_1_717' title='bbox 2918 3822 3081 3892; x_wconf 74' lang='grc' dir='ltr'><strong>μηδὲν</strong></span> <span class='ocrx_word' id='word_1_718' title='bbox 3115 3823 3298 3892; x_wconf 73' lang='grc' dir='ltr'><strong>ἕτερον</strong></span> <span class='ocrx_word' id='word_1_719' title='bbox 3329 3823 3500 3875; x_wconf 72' lang='grc' dir='ltr'><strong>εἰπεῖν</strong></span> <span class='ocrx_word' id='word_1_720' title='bbox 3532 3820 3620 3894; x_wconf 81' lang='grc' dir='ltr'><strong>ἦν,</strong></span> <span class='ocrx_word' id='word_1_721' title='bbox 3652 3825 3859 3894; x_wconf 69' lang='grc' dir='ltr'><strong>ἐξήρκει</strong></span> 
     </span>
    </p>
   </div>
   <div class='ocr_carea' id='block_1_100' title="bbox 2302 3912 3860 3984">
    <p class='ocr_par' dir='ltr' id='par_1_100' title="bbox 2302 3912 3860 3984">
     <span class='ocr_line' id='line_1_100' title="bbox 2302 3912 3860 3984; baseline 0.001 -21"><span class='ocrx_word' id='word_1_722' title='bbox 2302 3912 2360 3962; x_wconf 81' lang='grc' dir='ltr'><strong>τὸ</strong></span> <span class='ocrx_word' id='word_1_723' title='bbox 2391 3912 2508 3974; x_wconf 81' lang='grc' dir='ltr'><strong>ἐθος</strong></span> <span class='ocrx_word' id='word_1_724' title='bbox 2552 3913 2685 3982; x_wconf 80' lang='grc' dir='ltr'><strong>πρὸς</strong></span> <span class='ocrx_word' id='word_1_725' title='bbox 2717 3914 2812 3983; x_wconf 79' lang='grc' dir='ltr'><strong>τὴν</strong></span> <span class='ocrx_word' id='word_1_726' title='bbox 2852 3913 2942 3964; x_wconf 81' lang='grc' dir='ltr'><strong>τοῦ</strong></span> <span class='ocrx_word' id='word_1_727' title='bbox 2975 3913 3137 3964; x_wconf 76' lang='grc' dir='ltr'><strong>καλοῦ</strong></span> <span class='ocrx_word' id='word_1_728' title='bbox 3272 3914 3539 3984; x_wconf 78' lang='grc' dir='ltr'><strong>φυλακήν.</strong></span> <span class='ocrx_word' id='word_1_729' title='bbox 3579 3915 3786 3983; x_wconf 81' lang='grc' dir='ltr'><strong>Ἐπειδὴ</strong></span> <span class='ocrx_word' id='word_1_730' title='bbox 3807 3915 3860 3964; x_wconf 73' lang='grc' dir='ltr'><strong>δὲ</strong></span> 
     </span>
    </p>
   </div>
   <div class='ocr_carea' id='block_1_101' title="bbox 2303 4001 3860 4072">
    <p class='ocr_par' dir='ltr' id='par_1_101' title="bbox 2303 4001 3860 4072">
     <span class='ocr_line' id='line_1_101' title="bbox 2303 4001 3860 4072; baseline 0 -21"><span class='ocrx_word' id='word_1_731' title='bbox 2303 4003 2331 4052; x_wconf 85' lang='grc' dir='ltr'>ὁ</span> <span class='ocrx_word' id='word_1_732' title='bbox 2392 4001 2489 4069; x_wconf 82' lang='grc' dir='ltr'><strong>τὴν</strong></span> <span class='ocrx_word' id='word_1_733' title='bbox 2540 4003 2825 4070; x_wconf 82' lang='grc' dir='ltr'><strong>ἐπιστολὴν</strong></span> <span class='ocrx_word' id='word_1_734' title='bbox 2888 4001 3122 4071; x_wconf 67' lang='grc' dir='ltr'><strong>γράψας,</strong></span> <span class='ocrx_word' id='word_1_735' title='bbox 3186 4004 3570 4072; x_wconf 72' lang='grc' dir='ltr'><strong>ἐπιχειρήματι</strong></span> <span class='ocrx_word' id='word_1_736' title='bbox 3637 4003 3860 4070; x_wconf 72' lang='grc' dir='ltr'><strong>κιὸδήλῳ</strong></span> 
     </span>
    </p>
   </div>
   <div class='ocr_carea' id='block_1_102' title="bbox 2304 4093 3855 4163">
    <p class='ocr_par' dir='ltr' id='par_1_102' title="bbox 2304 4093 3855 4163">
     <span class='ocr_line' id='line_1_102' title="bbox 2304 4093 3855 4163; baseline -0.001 -18"><span class='ocrx_word' id='word_1_737' title='bbox 2304 4094 2468 4146; x_wconf 83' lang='grc' dir='ltr'>κακὸν</span> <span class='ocrx_word' id='word_1_738' title='bbox 2498 4095 2745 4147; x_wconf 78' lang='grc' dir='ltr'><strong>τοσοῦτον</strong></span> <span class='ocrx_word' id='word_1_739' title='bbox 2779 4094 3040 4163; x_wconf 74' lang='grc' dir='ltr'><strong>ἐπειράθη</strong></span> <span class='ocrx_word' id='word_1_740' title='bbox 3063 4093 3140 4162; x_wconf 80' lang='grc' dir='ltr'><strong>τῷ</strong></span> <span class='ocrx_word' id='word_1_741' title='bbox 3172 4093 3268 4163; x_wconf 75' lang='grc' dir='ltr'><strong>βίῳ</strong></span> <span class='ocrx_word' id='word_1_742' title='bbox 3300 4095 3624 4160; x_wconf 85' lang='grc' dir='ltr'><strong>ἐπαγαγεῖν,</strong></span> <span class='ocrx_word' id='word_1_743' title='bbox 3653 4093 3855 4159; x_wconf 76' lang='grc' dir='ltr'><strong>ἀνάγκη</strong></span> 
     </span>
    </p>
   </div>
   <div class='ocr_carea' id='block_1_103' title="bbox 2305 4183 3856 4254">
    <p class='ocr_par' dir='ltr' id='par_1_103' title="bbox 2305 4183 3856 4254">
     <span class='ocr_line' id='line_1_103' title="bbox 2305 4183 3856 4254; baseline -0.001 -19"><span class='ocrx_word' id='word_1_744' title='bbox 2305 4184 2437 4252; x_wconf 80' lang='grc' dir='ltr'><strong>μηδέ</strong></span> <span class='ocrx_word' id='word_1_745' title='bbox 2465 4187 2611 4253; x_wconf 80' lang='grc' dir='ltr'><strong>ἡμᾶς</strong></span> <span class='ocrx_word' id='word_1_746' title='bbox 2644 4185 2741 4253; x_wconf 79' lang='grc' dir='ltr'><strong>τῆς</strong></span> <span class='ocrx_word' id='word_1_747' title='bbox 2779 4186 2840 4237; x_wconf 87' lang='grc' dir='ltr'><strong>ἐκ</strong></span> <span class='ocrx_word' id='word_1_748' title='bbox 2871 4185 2975 4236; x_wconf 87' lang='grc' dir='ltr'><strong>τῶν</strong></span> <span class='ocrx_word' id='word_1_749' title='bbox 3017 4184 3286 4253; x_wconf 83' lang='grc' dir='ltr'><strong>λογισμῶν</strong></span> <span class='ocrx_word' id='word_1_750' title='bbox 3318 4185 3571 4254; x_wconf 75' lang='grc' dir='ltr'><strong>βοηθείας</strong></span> <span class='ocrx_word' id='word_1_751' title='bbox 3602 4183 3820 4251; x_wconf 70' lang='grc' dir='ltr'><strong>ὑφέσθαι</strong></span> <span class='ocrx_word' id='word_1_752' title='bbox 3845 4201 3856 4213; x_wconf 86' lang='grc'>·</span> 
     </span>
    </p>
   </div>
   <div class='ocr_carea' id='block_1_104' title="bbox 2303 4271 3856 4341">
    <p class='ocr_par' dir='ltr' id='par_1_104' title="bbox 2303 4271 3856 4341">
     <span class='ocr_line' id='line_1_104' title="bbox 2303 4271 3856 4341; baseline -0.001 -18"><span class='ocrx_word' id='word_1_753' title='bbox 2303 4271 2474 4324; x_wconf 79' lang='grc' dir='ltr'><strong>καίτοι</strong></span> <span class='ocrx_word' id='word_1_754' title='bbox 2504 4289 2566 4339; x_wconf 89' lang='grc' dir='ltr'><strong>γε</strong></span> <span class='ocrx_word' id='word_1_755' title='bbox 2599 4274 2689 4324; x_wconf 77' lang='grc' dir='ltr'><strong>ἐπὶ</strong></span> <span class='ocrx_word' id='word_1_756' title='bbox 2737 4273 2843 4324; x_wconf 75' lang='grc' dir='ltr'><strong>τῶν</strong></span> <span class='ocrx_word' id='word_1_757' title='bbox 2891 4273 3093 4340; x_wconf 68' lang='grc' dir='ltr'><strong>σφόδρα</strong></span> <span class='ocrx_word' id='word_1_758' title='bbox 3121 4273 3363 4339; x_wconf 83' lang='grc' dir='ltr'><strong>ἐναργῶν</strong></span> <span class='ocrx_word' id='word_1_759' title='bbox 3395 4272 3597 4341; x_wconf 74' lang='grc' dir='ltr'><strong>μείζων</strong></span> <span class='ocrx_word' id='word_1_760' title='bbox 3632 4275 3745 4324; x_wconf 74' lang='grc' dir='ltr'><strong>ἐστὶ</strong></span> <span class='ocrx_word' id='word_1_761' title='bbox 3770 4271 3856 4322; x_wconf 71' lang='grc' dir='ltr'><strong>τοῦ</strong></span> 
     </span>
    </p>
   </div>
   <div class='ocr_carea' id='block_1_105' title="bbox 2302 4359 3374 4432">
    <p class='ocr_par' dir='ltr' id='par_1_105' title="bbox 2302 4359 3374 4432">
     <span class='ocr_line' id='line_1_105' title="bbox 2302 4359 3374 4432; baseline 0.006 -22"><span class='ocrx_word' id='word_1_762' title='bbox 2302 4359 2454 4428; x_wconf 72' lang='grc' dir='ltr'><strong>λόγου</strong></span> <span class='ocrx_word' id='word_1_763' title='bbox 2486 4365 2516 4430; x_wconf 79' lang='grc' dir='ltr'>ὴ</span> <span class='ocrx_word' id='word_1_764' title='bbox 2551 4365 2675 4432; x_wconf 82' lang='grc' dir='ltr'><strong>παρ’</strong></span> <span class='ocrx_word' id='word_1_765' title='bbox 2716 4363 2942 4414; x_wconf 70' lang='grc' dir='ltr'><strong>ἑκάστου</strong></span> <span class='ocrx_word' id='word_1_766' title='bbox 3086 4362 3374 4432; x_wconf 55' lang='grc' dir='ltr'><strong>πρόληψις.</strong></span> 
     </span>
    </p>
   </div>
   <div class='ocr_carea' id='block_1_106' title="bbox 2447 4631 3851 4704">
    <p class='ocr_par' dir='ltr' id='par_1_106' title="bbox 2447 4631 3851 4704">
     <span class='ocr_line' id='line_1_106' title="bbox 2447 4631 3851 4704; baseline 0.003 -21"><span class='ocrx_word' id='word_1_767' title='bbox 2447 4631 2776 4701; x_wconf 75' lang='grc' dir='ltr'><strong>Γέγραπται,</strong></span> <span class='ocrx_word' id='word_1_768' title='bbox 2833 4631 3015 4701; x_wconf 66' lang='grc' dir='ltr'><strong>φησὶν,</strong></span> <span class='ocrx_word' id='word_1_769' title='bbox 3059 4633 3115 4684; x_wconf 86' lang='grc' dir='ltr'><strong>ἐν</strong></span> <span class='ocrx_word' id='word_1_770' title='bbox 3155 4632 3233 4702; x_wconf 84' lang='grc' dir='ltr'><strong>τῷ</strong></span> <span class='ocrx_word' id='word_1_771' title='bbox 3278 4635 3568 4704; x_wconf 80' lang='grc' dir='ltr'><strong>Δευῖτικῷ·</strong></span> <span class='ocrx_word' id='word_1_772' title='bbox 3595 4634 3851 4689; x_wconf 73' lang='grc' dir='ltr'><strong>Γυναῖκα</strong></span> 
     </span>
    </p>
   </div>
   <div class='ocr_carea' id='block_1_107' title="bbox 2297 4720 3850 4790">
    <p class='ocr_par' dir='ltr' id='par_1_107' title="bbox 2297 4720 3850 4790">
     <span class='ocr_line' id='line_1_107' title="bbox 2297 4720 3850 4790; baseline 0.005 -19"><span class='ocrx_word' id='word_1_773' title='bbox 2297 4721 2386 4772; x_wconf 79' lang='grc' dir='ltr'><strong>ἐπ’</strong></span> <span class='ocrx_word' id='word_1_774' title='bbox 2444 4720 2676 4789; x_wconf 67' lang='grc' dir='ltr'><strong>ἀδελφῇ</strong></span> <span class='ocrx_word' id='word_1_775' title='bbox 2719 4720 2905 4788; x_wconf 81' lang='grc' dir='ltr'><strong>αὐτῆς</strong></span> <span class='ocrx_word' id='word_1_776' title='bbox 2948 4723 3018 4774; x_wconf 82' lang='grc' dir='ltr'><strong>οὐ</strong></span> <span class='ocrx_word' id='word_1_777' title='bbox 3043 4721 3216 4789; x_wconf 66' lang='grc' dir='ltr'><strong>λήψῃ</strong></span> <span class='ocrx_word' id='word_1_778' title='bbox 3257 4723 3578 4790; x_wconf 76' lang='grc' dir='ltr'><strong>ἀντίζηλον</strong></span> <span class='ocrx_word' id='word_1_779' title='bbox 3605 4765 3617 4789; x_wconf 84' lang='grc'><strong>,</strong></span> <span class='ocrx_word' id='word_1_780' title='bbox 3648 4725 3850 4779; x_wconf 69' lang='grc' dir='ltr'><strong>ἀποκαρ</strong></span> 
     </span>
    </p>
   </div>
   <div class='ocr_carea' id='block_1_108' title="bbox 2297 4809 3852 4880">
    <p class='ocr_par' dir='ltr' id='par_1_108' title="bbox 2297 4809 3852 4880">
     <span class='ocr_line' id='line_1_108' title="bbox 2297 4809 3852 4880; baseline 0.011 -28"><span class='ocrx_word' id='word_1_781' title='bbox 2297 4811 2483 4877; x_wconf 65' lang='grc' dir='ltr'><strong>λύψαι</strong></span> <span class='ocrx_word' id='word_1_782' title='bbox 2501 4809 2608 4875; x_wconf 77' lang='grc' dir='ltr'><strong>τὴν</strong></span> <span class='ocrx_word' id='word_1_783' title='bbox 2623 4811 3055 4877; x_wconf 74' lang='grc' dir='ltr'><strong>ἀσχημοσύνην</strong></span> <span class='ocrx_word' id='word_1_784' title='bbox 3069 4811 3257 4876; x_wconf 80' lang='grc' dir='ltr'><strong>αὐτῆς</strong></span> <span class='ocrx_word' id='word_1_785' title='bbox 3271 4811 3361 4862; x_wconf 78' lang='grc' dir='ltr'><strong>ἐπ’</strong></span> <span class='ocrx_word' id='word_1_786' title='bbox 3377 4815 3487 4865; x_wconf 84' lang='grc' dir='ltr'><strong>αὐτ</strong></span> <span class='ocrx_word' id='word_1_787' title='bbox 3497 4812 3552 4880; x_wconf 72' lang='grc' dir='ltr'><strong>ἦ,</strong></span> <span class='ocrx_word' id='word_1_788' title='bbox 3571 4814 3656 4866; x_wconf 73' lang='grc' dir='ltr'><strong>ἔτι</strong></span> <span class='ocrx_word' id='word_1_789' title='bbox 3675 4813 3852 4879; x_wconf 56' lang='lat' dir='ltr'><strong>ﬁliam;</strong></span> 
     </span>
    </p>
   </div>
   <div class='ocr_carea' id='block_1_109' title="bbox 2299 4889 3853 4971">
    <p class='ocr_par' dir='ltr' id='par_1_109' title="bbox 2299 4889 3853 4971">
     <span class='ocr_line' id='line_1_109' title="bbox 2299 4889 3853 4971; baseline 0.004 -20"><span class='ocrx_word' id='word_1_790' title='bbox 2299 4898 2501 4964; x_wconf 76' lang='grc' dir='ltr'><strong>αὐτῆς.</strong></span> <span class='ocrx_word' id='word_1_791' title='bbox 2534 4899 2697 4968; x_wconf 85' lang='grc' dir='ltr'><strong>Δῆλον</strong></span> <span class='ocrx_word' id='word_1_792' title='bbox 2724 4900 2786 4967; x_wconf 82' lang='grc' dir='ltr'><strong>δὴ</strong></span> <span class='ocrx_word' id='word_1_793' title='bbox 2819 4897 2910 4952; x_wconf 75' lang='grc' dir='ltr'><strong>οὖν</strong></span> <span class='ocrx_word' id='word_1_794' title='bbox 2929 4902 2990 4952; x_wconf 87' lang='grc' dir='ltr'><strong>ἐκ</strong></span> <span class='ocrx_word' id='word_1_795' title='bbox 3013 4889 3200 4952; x_wconf 76' lang='grc' dir='ltr'><strong>τούτου</strong></span> <span class='ocrx_word' id='word_1_796' title='bbox 3234 4895 3372 4953; x_wconf 81' lang='grc' dir='ltr'><strong>εἶναι</strong></span> <span class='ocrx_word' id='word_1_797' title='bbox 3403 4920 3586 4971; x_wconf 78' lang='grc' dir='ltr'><strong>φησιν,</strong></span> <span class='ocrx_word' id='word_1_798' title='bbox 3622 4909 3700 4956; x_wconf 83' lang='grc' dir='ltr'><strong>δτι</strong></span> <span class='ocrx_word' id='word_1_799' title='bbox 3731 4922 3853 4971; x_wconf 86' lang='grc' dir='ltr'><strong>συγ-</strong></span> 
     </span>
    </p>
   </div>
   <div class='ocr_carea' id='block_1_110' title="bbox 2301 4987 3854 5062">
    <p class='ocr_par' dir='ltr' id='par_1_110' title="bbox 2301 4987 3854 5062">
     <span class='ocr_line' id='line_1_110' title="bbox 2301 4987 3854 5062; baseline 0.005 -25"><span class='ocrx_word' id='word_1_800' title='bbox 2301 4989 2552 5057; x_wconf 83' lang='grc' dir='ltr'><strong>χωρεῖται</strong></span> <span class='ocrx_word' id='word_1_801' title='bbox 2594 4987 2888 5056; x_wconf 78' lang='grc' dir='ltr'><strong>λαμϐάνειν</strong></span> <span class='ocrx_word' id='word_1_802' title='bbox 2941 4989 3358 5058; x_wconf 74' lang='grc' dir='ltr'><strong>τελευτησάσης.</strong></span> <span class='ocrx_word' id='word_1_803' title='bbox 3415 4992 3560 5060; x_wconf 81' lang='grc' dir='ltr'><strong>Πρὸς</strong></span> <span class='ocrx_word' id='word_1_804' title='bbox 3601 4993 3666 5062; x_wconf 83' lang='grc' dir='ltr'><strong>δὴ</strong></span> <span class='ocrx_word' id='word_1_805' title='bbox 3703 4993 3854 5044; x_wconf 77' lang='grc' dir='ltr'><strong>τοῦτο</strong></span> 
     </span>
    </p>
   </div>
   <div class='ocr_carea' id='block_1_111' title="bbox 2303 5078 3870 5149">
    <p class='ocr_par' dir='ltr' id='par_1_111' title="bbox 2303 5078 3870 5149">
     <span class='ocr_line' id='line_1_111' title="bbox 2303 5078 3870 5149; baseline 0.003 -21"><span class='ocrx_word' id='word_1_806' title='bbox 2303 5078 2510 5145; x_wconf 83' lang='grc' dir='ltr'><strong>πρῶτον</strong></span> <span class='ocrx_word' id='word_1_807' title='bbox 2550 5079 2644 5146; x_wconf 80' lang='grc' dir='ltr'><strong>μὲν</strong></span> <span class='ocrx_word' id='word_1_808' title='bbox 2685 5081 2857 5130; x_wconf 82' lang='grc' dir='ltr'><strong>ἐκεῖνο</strong></span> <span class='ocrx_word' id='word_1_809' title='bbox 2917 5079 3057 5148; x_wconf 79' lang='grc' dir='ltr'><strong>ὲρῶ’</strong></span> <span class='ocrx_word' id='word_1_810' title='bbox 3111 5080 3215 5141; x_wconf 87' lang='grc' dir='ltr'><strong>ὅτι,</strong></span> <span class='ocrx_word' id='word_1_811' title='bbox 3269 5081 3365 5131; x_wconf 86' lang='grc' dir='ltr'><strong>ὅσα</strong></span> <span class='ocrx_word' id='word_1_812' title='bbox 3414 5082 3442 5131; x_wconf 86' lang='grc' dir='ltr'>ὁ</span> <span class='ocrx_word' id='word_1_813' title='bbox 3477 5081 3642 5149; x_wconf 82' lang='grc' dir='ltr'><strong>νόμος</strong></span> <span class='ocrx_word' id='word_1_814' title='bbox 3686 5083 3870 5149; x_wconf 78' lang='grc' dir='ltr'><strong>λέγει,-</strong></span> 
     </span>
    </p>
   </div>
   <div class='ocr_carea' id='block_1_112' title="bbox 2299 5166 3850 5239">
    <p class='ocr_par' dir='ltr' id='par_1_112' title="bbox 2299 5166 3850 5239">
     <span class='ocr_line' id='line_1_112' title="bbox 2299 5166 3850 5239; baseline 0.005 -24"><span class='ocrx_word' id='word_1_815' title='bbox 2299 5168 2409 5226; x_wconf 87' lang='grc' dir='ltr'><strong>τοίς</strong></span> <span class='ocrx_word' id='word_1_816' title='bbox 2426 5168 2481 5217; x_wconf 88' lang='grc' dir='ltr'><strong>ἐν</strong></span> <span class='ocrx_word' id='word_1_817' title='bbox 2498 5166 2574 5235; x_wconf 80' lang='grc' dir='ltr'><strong>τῷ</strong></span> <span class='ocrx_word' id='word_1_818' title='bbox 2598 5168 2745 5235; x_wconf 80' lang='grc' dir='ltr'><strong>νόμῳ</strong></span> <span class='ocrx_word' id='word_1_819' title='bbox 2771 5167 2921 5220; x_wconf 85' lang='grc' dir='ltr'><strong>λαλεῖ</strong></span> <span class='ocrx_word' id='word_1_820' title='bbox 2954 5179 2970 5196; x_wconf 85' lang='grc'>⁶</span> <span class='ocrx_word' id='word_1_821' title='bbox 3076 5169 3196 5220; x_wconf 73' lang='grc' dir='ltr'><strong>ἐπεὶ</strong></span> <span class='ocrx_word' id='word_1_822' title='bbox 3216 5168 3355 5220; x_wconf 77' lang='grc' dir='ltr'><strong>οὕτω</strong></span> <span class='ocrx_word' id='word_1_823' title='bbox 3376 5185 3439 5235; x_wconf 88' lang='grc' dir='ltr'><strong>γε</strong></span> <span class='ocrx_word' id='word_1_824' title='bbox 3455 5170 3550 5220; x_wconf 75' lang='grc' dir='ltr'><strong>καὶ</strong></span> <span class='ocrx_word' id='word_1_825' title='bbox 3564 5174 3850 5239; x_wconf 72' lang='grc' dir='ltr'><strong>περιτομῇ,</strong></span> 
     </span>
    </p>
   </div>
   <div class='ocr_carea' id='block_1_113' title="bbox 2302 5255 3850 5329">
    <p class='ocr_par' dir='ltr' id='par_1_113' title="bbox 2302 5255 3850 5329">
     <span class='ocr_line' id='line_1_113' title="bbox 2302 5255 3850 5329; baseline 0.005 -24"><span class='ocrx_word' id='word_1_826' title='bbox 2302 5257 2390 5306; x_wconf 73' lang='grc' dir='ltr'>καὶ</span> <span class='ocrx_word' id='word_1_827' title='bbox 2440 5255 2714 5326; x_wconf 74' lang='grc' dir='ltr'><strong>Σαϐϐάτῳ,</strong></span> <span class='ocrx_word' id='word_1_828' title='bbox 2767 5257 2857 5308; x_wconf 74' lang='grc' dir='ltr'><strong>καὶ</strong></span> <span class='ocrx_word' id='word_1_829' title='bbox 2891 5260 3065 5327; x_wconf 80' lang='grc' dir='ltr'><strong>ἀποχῇ</strong></span> <span class='ocrx_word' id='word_1_830' title='bbox 3113 5257 3412 5328; x_wconf 84' lang='grc' dir='ltr'><strong>βρωμάτων</strong></span> <span class='ocrx_word' id='word_1_831' title='bbox 3439 5259 3850 5329; x_wconf 79' lang='grc' dir='ltr'><strong>ὑποκεισὸμεθα.</strong></span> 
     </span>
    </p>
   </div>
   <div class='ocr_carea' id='block_1_114' title="bbox 2300 5347 3851 5420">
    <p class='ocr_par' dir='ltr' id='par_1_114' title="bbox 2300 5347 3851 5420">
     <span class='ocr_line' id='line_1_114' title="bbox 2300 5347 3851 5420; baseline 0.002 -21"><span class='ocrx_word' id='word_1_832' title='bbox 2300 5347 2373 5400; x_wconf 69' lang='lat' dir='ltr'><strong>Uti</strong></span> <span class='ocrx_word' id='word_1_833' title='bbox 2399 5348 2503 5415; x_wconf 72' lang='grc' dir='ltr'><strong>γὰρ</strong></span> <span class='ocrx_word' id='word_1_834' title='bbox 2527 5347 2608 5417; x_wconf 83' lang='grc' dir='ltr'><strong>δὴ,</strong></span> <span class='ocrx_word' id='word_1_835' title='bbox 2636 5347 2727 5399; x_wconf 83' lang='grc' dir='ltr'><strong>ἐὰν</strong></span> <span class='ocrx_word' id='word_1_836' title='bbox 2763 5347 2859 5417; x_wconf 80' lang='grc' dir='ltr'><strong>μέν</strong></span> <span class='ocrx_word' id='word_1_837' title='bbox 2882 5366 2932 5399; x_wconf 83' lang='grc' dir='ltr'><strong>τι</strong></span> <span class='ocrx_word' id='word_1_838' title='bbox 2966 5348 3210 5417; x_wconf 74' lang='grc' dir='ltr'><strong>εὕρωμεν</strong></span> <span class='ocrx_word' id='word_1_839' title='bbox 3245 5350 3533 5419; x_wconf 80' lang='grc' dir='ltr'><strong>συντρέχον</strong></span> <span class='ocrx_word' id='word_1_840' title='bbox 3557 5351 3714 5420; x_wconf 78' lang='grc' dir='ltr'><strong>ἡμῶν</strong></span> <span class='ocrx_word' id='word_1_841' title='bbox 3738 5353 3851 5412; x_wconf 82' lang='grc' dir='ltr'><strong>ταῖς</strong></span> 
     </span>
    </p>
   </div>
   <div class='ocr_carea' id='block_1_115' title="bbox 2298 5436 3852 5507">
    <p class='ocr_par' dir='ltr' id='par_1_115' title="bbox 2298 5436 3852 5507">
     <span class='ocr_line' id='line_1_115' title="bbox 2298 5436 3852 5507; baseline 0.002 -21"><span class='ocrx_word' id='word_1_842' title='bbox 2298 5436 2532 5505; x_wconf 79' lang='grc' dir='ltr'><strong>ἡδοναῖς,</strong></span> <span class='ocrx_word' id='word_1_843' title='bbox 2591 5436 2667 5506; x_wconf 82' lang='grc' dir='ltr'><strong>τῷ</strong></span> <span class='ocrx_word' id='word_1_844' title='bbox 2700 5436 2846 5505; x_wconf 78' lang='grc' dir='ltr'><strong>ζυγῷ</strong></span> <span class='ocrx_word' id='word_1_845' title='bbox 2876 5438 2972 5504; x_wconf 72' lang='grc' dir='ltr'><strong>τῆς</strong></span> <span class='ocrx_word' id='word_1_846' title='bbox 3013 5437 3251 5499; x_wconf 78' lang='grc' dir='ltr'><strong>δουλείας</strong></span> <span class='ocrx_word' id='word_1_847' title='bbox 3285 5437 3377 5489; x_wconf 82' lang='grc' dir='ltr'><strong>τοῦ</strong></span> <span class='ocrx_word' id='word_1_848' title='bbox 3430 5439 3597 5507; x_wconf 90' lang='grc' dir='ltr'><strong>νόμου</strong></span> <span class='ocrx_word' id='word_1_849' title='bbox 3631 5440 3852 5500; x_wconf 73' lang='grc' dir='ltr'><strong>ἑαυτοὺς</strong></span> 
     </span>
    </p>
   </div>
   <div class='ocr_carea' id='block_1_116' title="bbox 2300 5525 3846 5596">
    <p class='ocr_par' dir='ltr' id='par_1_116' title="bbox 2300 5525 3846 5596">
     <span class='ocr_line' id='line_1_116' title="bbox 2300 5525 3846 5596; baseline 0 -18"><span class='ocrx_word' id='word_1_850' title='bbox 2300 5525 2665 5596; x_wconf 77' lang='grc' dir='ltr'><strong>ὑποθήσομεν·</strong></span> <span class='ocrx_word' id='word_1_851' title='bbox 2722 5527 2816 5578; x_wconf 81' lang='grc' dir='ltr'><strong>ἐὰν</strong></span> <span class='ocrx_word' id='word_1_852' title='bbox 2859 5527 2915 5578; x_wconf 78' lang='grc' dir='ltr'><strong>δέ</strong></span> <span class='ocrx_word' id='word_1_853' title='bbox 2969 5543 3018 5578; x_wconf 90' lang='grc' dir='ltr'><strong>τι</strong></span> <span class='ocrx_word' id='word_1_854' title='bbox 3069 5529 3208 5595; x_wconf 80' lang='grc' dir='ltr'><strong>φανῇ</strong></span> <span class='ocrx_word' id='word_1_855' title='bbox 3254 5527 3390 5596; x_wconf 82' lang='grc' dir='ltr'><strong>βαρὺ</strong></span> <span class='ocrx_word' id='word_1_856' title='bbox 3434 5526 3544 5582; x_wconf 86' lang='grc' dir='ltr'><strong>τῶν</strong></span> <span class='ocrx_word' id='word_1_857' title='bbox 3587 5528 3846 5596; x_wconf 75' lang='grc' dir='ltr'><strong>νομίμων,</strong></span> 
     </span>
    </p>
   </div>
   <div class='ocr_carea' id='block_1_117' title="bbox 2299 5615 3852 5688">
    <p class='ocr_par' dir='ltr' id='par_1_117' title="bbox 2299 5615 3852 5688">
     <span class='ocr_line' id='line_1_117' title="bbox 2299 5615 3852 5688; baseline 0.001 -20"><span class='ocrx_word' id='word_1_858' title='bbox 2299 5618 2416 5668; x_wconf 84' lang='grc' dir='ltr'><strong>τότε</strong></span> <span class='ocrx_word' id='word_1_859' title='bbox 2475 5619 2608 5686; x_wconf 74' lang='grc' dir='ltr'><strong>πρὸς</strong></span> <span class='ocrx_word' id='word_1_860' title='bbox 2659 5616 2755 5685; x_wconf 82' lang='grc' dir='ltr'><strong>τὴν</strong></span> <span class='ocrx_word' id='word_1_861' title='bbox 2799 5619 2855 5668; x_wconf 88' lang='grc' dir='ltr'><strong>ἐν</strong></span> <span class='ocrx_word' id='word_1_862' title='bbox 2916 5615 3134 5687; x_wconf 78' lang='grc' dir='ltr'><strong>Χριστῷ</strong></span> <span class='ocrx_word' id='word_1_863' title='bbox 3175 5617 3486 5686; x_wconf 76' lang='grc' dir='ltr'><strong>ἐλευθερίαν</strong></span> <span class='ocrx_word' id='word_1_864' title='bbox 3524 5619 3852 5688; x_wconf 69' lang='grc' dir='ltr'><strong>ἀποδραμοῶ</strong></span> 
     </span>
    </p>
   </div>
   <div class='ocr_carea' id='block_1_118' title="bbox 2305 5706 3849 5778">
    <p class='ocr_par' dir='ltr' id='par_1_118' title="bbox 2305 5706 3849 5778">
     <span class='ocr_line' id='line_1_118' title="bbox 2305 5706 3849 5778; baseline 0.001 -20"><span class='ocrx_word' id='word_1_865' title='bbox 2305 5706 2462 5775; x_wconf 86' lang='grc' dir='ltr'><strong>μεθα.</strong></span> <span class='ocrx_word' id='word_1_866' title='bbox 2535 5706 2920 5776; x_wconf 84' lang='grc' dir='ltr'><strong>Ἥρωτήθημεν</strong></span> <span class='ocrx_word' id='word_1_867' title='bbox 3099 5709 3147 5758; x_wconf 74' lang='grc' dir='ltr'><strong>ει</strong></span> <span class='ocrx_word' id='word_1_868' title='bbox 3201 5707 3510 5776; x_wconf 78' lang='grc' dir='ltr'><strong>γέγραπται</strong></span> <span class='ocrx_word' id='word_1_869' title='bbox 3561 5707 3849 5778; x_wconf 77' lang='grc' dir='ltr'><strong>λαμϐάνειν</strong></span> 
     </span>
    </p>
   </div>
   <div class='ocr_carea' id='block_1_119' title="bbox 2302 5799 3847 5870">
    <p class='ocr_par' dir='ltr' id='par_1_119' title="bbox 2302 5799 3847 5870">
     <span class='ocr_line' id='line_1_119' title="bbox 2302 5799 3847 5870; baseline 0.002 -21"><span class='ocrx_word' id='word_1_870' title='bbox 2302 5801 2530 5865; x_wconf 80' lang='grc' dir='ltr'><strong>γυναῖκα</strong></span> <span class='ocrx_word' id='word_1_871' title='bbox 2585 5801 2667 5850; x_wconf 75' lang='grc' dir='ltr'><strong>ἐπ’</strong></span> <span class='ocrx_word' id='word_1_872' title='bbox 2717 5799 2936 5870; x_wconf 76' lang='grc' dir='ltr'><strong>ἀδελφῇ.</strong></span> <span class='ocrx_word' id='word_1_873' title='bbox 2972 5800 3230 5870; x_wconf 75' lang='grc' dir='ltr'><strong>Εἴπομεν,</strong></span> <span class='ocrx_word' id='word_1_874' title='bbox 3270 5799 3407 5870; x_wconf 84' lang='grc' dir='ltr'><strong>ὅπερ</strong></span> <span class='ocrx_word' id='word_1_875' title='bbox 3455 5799 3690 5868; x_wconf 74' lang='grc' dir='ltr'><strong>ἀσφαλές</strong></span> <span class='ocrx_word' id='word_1_876' title='bbox 3723 5801 3847 5868; x_wconf 56' lang='lat' dir='ltr'><strong>msh</strong></span> 
     </span>
    </p>
   </div>
  </div>
