4096 6450
186 339 294 406 813

1070 340 1154 406 ΙΝ
1193 345 1433 408 EPIST.
1472 345 1513 405 S
1578 343 1862 405 BASILII
1905 344 2005 403 AD
2041 337 2473 404 DIODORUM.

3289 325 3397 398 814

186 461 285 516 καὶ
306 460 525 533 ἀληθὲς,
554 461 633 517 ὅτι
665 462 723 514 ού
746 462 1069 533 γέγραπται.
1096 464 1171 517 To
1194 465 1238 517 δ’
1260 467 1323 518 ἐκ
1352 467 1448 534 τῆς
1492 462 1584 517 τοῦ
1612 464 1739 516 ἀκο-

1842 462 2041 520 cimus,
2075 457 2219 527 quod
2254 467 2426 511 tutum
2460 454 2612 509 nobis
2646 462 2729 508 est
2760 461 2814 506 et
2855 465 3063 517 verum,
3111 450 3212 505 hoc
3259 454 3396 504 sert-

187 548 379 603 ).ούθου
424 552 706 622 ἐπιφορᾶς,
756 550 814 603 τὸ
852 552 1123 623 σιωπηθὲν
1166 552 1566 621 συλλογίζεσθαι
1592 569 1739 621 νομο-

188 640 470 703 θετοῦντός
497 642 662 706 ἐστιν,
684 642 743 694 ού
763 642 831 694 τὰ
850 642 943 694 τοῦ
968 643 1129 713 νόμου
1153 643 1398 710 λέγοντος
1420 659 1433 673 ·
1463 644 1582 695 ἐπεὶ
1601 641 1741 694 οὕτω

189 743 253 796 γε
310 729 523 795 ἐξέσται
572 729 995 800 τῷ,βουλομένῳ
1049 732 1454 803 κατατολμῆσαι
1505 732 1597 785 καὶ
1661 731 1740 784 ἔτι

190 816 370 887 ζώσης
390 819 488 888 τῆς
515 819 763 886 γυναικὸς
792 818 1082 888 λαμϐάνειν
1115 822 1212 889 τὴν
1246 821 1494 889 ἀδελφήν.
1529 820 1601 873 Τὸ
1634 818 1743 890 γάρ

189 907 324 959 αὐτὸ
359 908 515 960 τοῦτο
567 909 801 977 σόφισμα
861 911 954 961 καὶ
994 910 1081 961 ἐπ’
1118 911 1324 963 ἐκείνου
1374 910 1621 981 ἁρμόζει.
1649 910 1744 961 Γέ-

190 997 589 1069 γραπτανγάρ,
627 1000 806 1066 φησὶν,
846 1002 926 1052 οὐ
977 997 1144 1066 λήψῃ
1186 998 1520 1065 ἀντίζηλον,
1546 995 1621 1061 ὡς
1645 1000 1743 1068 τήν

190 1098 254 1153 γε
280 1084 386 1149 ἔξω
438 1087 530 1137 τοῦ
563 1087 722 1154 ζῆλου
759 1087 939 1139 λαϐεῖν
967 1089 1065 1141 οὐκ
1111 1087 1397 1143 ἐκώλυσεν.
1444 1089 1500 1141 ’0
1528 1090 1591 1159 δὴ
1622 1105 1745 1141 συν-

189 1176 408 1245 ηγορῶν
464 1176 540 1245 τῷ
596 1177 754 1229 πάθει
807 1177 1141 1247 ἀζηλότυπον
1188 1174 1327 1231 εἶναι
1375 1178 1650 1248 διοριεῖται
1684 1178 1746 1231 τὺ

187 1260 320 1341 ἦθος
372 1266 478 1318 τῶν
526 1267 786 1334 ἀδελφῶν.
842 1260 1209 1339 Ἀνῃρημένης
1263 1264 1354 1320 οὖν
1394 1268 1495 1337 τῆς
1544 1268 1744 1330 αἰτίας,

186 1352 255 1406 δι’
289 1356 356 1426 ῆν
381 1357 724 1425 ἀπηγόρευσε
756 1357 853 1427 τὴν
888 1356 1207 1426 ἀμφοτέρων
1248 1358 1575 1427 συνοίκησιν,
1606 1357 1659 1409 τί
1685 1357 1747 1409 τὸ

190 1443 397 1496 κωλύον
432 1445 579 1498 ἔσται
718 1444 1013 1515 λαμϐάνειν
1061 1445 1160 1508 τὰς
1203 1442 1463 1513 ἀδελφάς
1504 1445 1641 1498 Ἀλλ’
1684 1444 1746 1497 ού

188 1534 494 1603 γέγραπται
541 1534 728 1598 ταῦτα,
760 1537 1022 1605 φήσομεν.
1080 1534 1216 1587 Ἀλλ’
1262 1534 1382 1587 οὐδὲ
1409 1533 1591 1587 ἐκεῖνα
1614 1532 1747 1604 ὤρι-

192 1624 333 1675 σται.
388 1623 449 1675 Ἠ
482 1623 536 1675 δὲ
592 1622 765 1676 ἔννοια
822 1625 917 1677 τοῦ
960 1621 1250 1677 ἀκολούθου
1286 1622 1484 1693 ὁμοίως
1509 1621 1747 1692 ἀμφοτέ-

192 1726 316 1781 ραις
444 1711 541 1782 την
566 1711 749 1765 ἄδειαν
768 1712 999 1767 δίδωσιν.
1023 1711 1167 1764 Ἔδει
1198 1710 1276 1774 δὲ,
1309 1710 1404 1763 καὶ
1586 1708 1746 1780 μικὸν

1840 556 1989 617 ptum
2026 563 2132 601 non
2164 562 2305 602 esse.
2355 545 2510 612 Quod
2560 552 2737 599 autem
2790 544 3004 599 silentio
3058 540 3387 611 pmtermis-

1840 652 1958 691 sum
1996 644 2100 699 est,
2151 636 2202 689 id
2236 634 2758 705 per'consecutionis
2785 633 3079 687 illationem
3117 630 3394 700 colligere,

1840 726 2166 794 legislatoris
2192 733 2296 787 est,
2330 741 2437 779 non
2462 727 2626 795 legem
2659 724 2958 787 recitantis;
2996 718 3262 788 siquidem
3294 718 3397 772 hoc

1842 822 1998 884 pacto
2028 809 2213 869 lieebit
2260 813 2459 867 volenti
2503 813 2713 865 facinus
2750 810 2988 880 aggredi,
3023 810 3185 863 etiam
3218 807 3396 861 adhuc

1841 906 2071 957 viventis
2123 905 2311 958 uxoris
2378 902 2625 973 accipere
2679 916 2942 957 sororem.
3024 899 3157 953 Nam
3219 900 3397 968 ipsum

1844 991 1971 1046 illud
2011 993 2288 1061 sophisma
2322 991 2487 1046 etiam
2536 990 2601 1044 ad
2634 1002 2753 1045 eam
2794 1006 2907 1045 rem
2944 990 3249 1059 appositum
3285 996 3391 1042 est.

1844 1082 2118 1151 Scriptum
2162 1090 2247 1137 est
2279 1120 2295 1143 ,
2358 1081 2535 1152 inquit
2571 1121 2585 1143 ,
2654 1080 2777 1134 Non
2822 1080 3042 1148 accipies
3104 1079 3348 1133 tantulam
3377 1092 3397 1131 :

1844 1171 2071 1240 proinde
2116 1170 2290 1238 accipi
2337 1184 2454 1223 eam
2501 1178 2652 1223 extra
2695 1169 3095 1223 aemulationem
3126 1184 3233 1221 non
3269 1180 3399 1235 pro-

1844 1258 2038 1312 hibuit.
2087 1256 2189 1322 Qui
2230 1258 2408 1312 autem
2464 1245 2669 1311 libidini
2713 1257 3164 1327 patrocinabitur,
3230 1272 3400 1311 .cmu-

1845 1346 2068 1401 lationis
2102 1356 2375 1416 expertem
2416 1362 2538 1402 esse
2587 1346 2872 1400 albrmabit
2926 1345 3165 1399 indolem
3234 1360 3394 1401 soro-

1844 1450 1986 1490 rum.
2036 1435 2215 1502 Quare
2256 1437 2467 1491 sublata
2518 1452 2723 1499 causa,
2770 1436 2838 1491 ob
2897 1451 3059 1505 quam
3117 1435 3403 1489 ambarum

1846 1526 2177 1580 connubium
2236 1527 2555 1596 prohibuit,
2614 1528 2745 1597 quid
2799 1528 3055 1597 impediet
3110 1527 3402 1595 quominus

1847 1629 2065 1671 sorores
2114 1617 2494 1685 accipiantur?
2558 1616 2661 1670 Sed
2693 1618 2805 1672 hsec
2833 1616 3036 1685 scripta
3071 1632 3177 1669 non
3225 1629 3353 1671 sunt
3384 1659 3401 1681 ,

1847 1704 2076 1759 aiemus.
2148 1704 2252 1759 Sed
2305 1720 2480 1773 neque
2536 1704 2625 1758 illa
2682 1713 2884 1760 statuta
2938 1714 3085 1759 sunt.
3121 1705 3404 1761 Consecu-

188 1800 282 1853 ἐπὶ
338 1799 405 1852 τά
455 1800 682 1852 κατόπιν
737 1801 838 1869 τῆς
891 1799 1209 1871 νομοθεσίας
1260 1798 1739 1870 ἑπαναδραμόντα.

1845 1792 2010 1847 tionis
2040 1800 2220 1846 autem
2280 1790 2633 1863 intelligentia
2663 1794 2867 1862 pariter
2923 1794 3188 1849 ambabus
3238 1792 3407 1849 licen-

188 1889 533 1958 ἀπηλλάχθαι
582 1890 938 1960 πραγμάτων.
1005 1890 1186 1943 Ἔοικε
1240 1888 1349 1959 γὰρ
1387 1888 1447 1941 ού
1476 1890 1581 1941 πᾶν
1607 1883 1745 1949 εἶδος

184 1977 598 2047 ἁμαρτημάτων
662 1978 1081 2048 περιλαμϐάνειν
1151 1978 1181 2029 ό
1252 1977 1576 2047 νομοθέτης·
1631 1976 1743 2029 ἀλλ’

187 2065 339 2128 ἰδίως
370 2065 728 2136 ἀπαγορεύειν
756 2067 824 2118 τὰ
873 2066 981 2119 τῶν
1024 2064 1357 2134 Αίγυπτίων,
1387 2065 1508 2119 ὅθεν
1536 2065 1745 2134 ἀπῆρεν

186 2156 219 2206 ό
264 2155 501 2224 Ἰσραὴλ.
532 2155 627 2208 καὶ
656 2155 725 2208 τά
769 2154 877 2207 τῶν
913 2154 1253 2219 Χαναναίων,
1286 2153 1420 2222 πρὸς
1472 2151 1565 2214 οὓς
1615 2151 1745 2221 μεθ-

186 2244 425 2299 ίσταται.
457 2248 607 2315 Ἔχει
660 2246 767 2316 γάρ
797 2246 968 2309 οὕτως
995 2248 1029 2315 ἡ
1053 2245 1196 2308 λέξις
1218 2260 1234 2277 ο
1264 2244 1423 2299 Κατὰ
1452 2242 1524 2296 τὰ
1549 2243 1746 2307 exten-

187 2332 448 2402 δεύματα
494 2334 598 2401 τῆς
624 2336 947 2405 Αίγύπτιον,
1006 2336 1077 2389 ἐν
1121 2333 1161 2402 ᾗ
1222 2330 1614 2401 παρφκήσατε
1650 2330 1743 2383 ἐπ’

184 2422 398 2488 αὐτῆς.
422 2426 492 2475 οὐ
536 2424 844 2489 ποιήσετε⁸
893 2424 991 2475 καὶ
1034 2423 1183 2476 κατὰ
1220 2422 1293 2476 τὰ
1316 2418 1745 2487 ἐπιτηδεύματα

188 2511 302 2580 γῆς
351 2514 608 2575 Χαναὰν,
644 2515 731 2578 είς
774 2512 853 2579 ἢν
890 2512 1007 2580 ἐγὼ
1044 2509 1262 2573 είσάξω
1306 2507 1460 2577 ὑμᾶς
1498 2507 1639 2571 ἐκεῖ,
1672 2507 1744 2559 οὐ

185 2601 488 2663 ποιήσετε,
547 2600 642 2653 καί
674 2603 742 2653 ἐν
785 2600 908 2664 τοῖς
960 2600 1231 2669 νομίμοις
1430 2595 1625 2650 αὐτῶν
1671 2596 1743 2647 οὐ

187 2690 578 2755 πορεύσεσοε.
614 2688 776 2739 Ὥστε
834 2686 991 2739 τοῦτο
1046 2686 1190 2749 είκός
1232 2701 1335 2738 που
1517 2684 1578 2736 τδ
1607 2678 1745 2745 εἶδος

184 2780 285 2847 τῆς
341 2778 610 2847 ἁμαρτίας
665 2778 738 2846 μὴ
794 2776 1237 2846 ἐμπολιτεύεσθαι
1292 2775 1411 2828 τότε
1447 2773 1594 2844 παρά
1632 2776 1744 2835 τοῖς

185 2869 396 2921 ἔθνεσι’
428 2868 506 2920 διὸ
541 2868 674 2937 μηδὲ
726 2868 824 2936 τῆς
876 2870 959 2919 ἐπ’
994 2866 1141 2936 αύτῷ
1188 2864 1428 2933 φυλακῆς
1471 2863 1745 2932 προσδεη-

182 2955 342 3025 θῆναι
388 2955 477 3008 τδν
521 2956 831 3026 νομοθέτην,
863 2955 974 3008 ἀλλ’
1011 2954 1342 3023 ἀρκεσθῆναι
1372 2953 1446 3022 τῷ
1480 2952 1742 3020 ἁδιδάκτῳ

182 3043 294 3095 εθει
347 3046 479 3115 πρὸς
536 3045 633 3114 τὴν
678 3044 768 3096 τοῦ
809 3043 1008 3113 μύσους
1052 3042 1323 3112 διαϐολήν.
1382 3042 1507 3103 Πῶς
1545 3037 1740 3106 οὖν,τὸ

185 3134 373 3201 μεῖζον
434 3134 834 3203 ἀπαγορεύσας,
867 3133 925 3185 τδ
980 3132 1194 3185 ἔλαττον
1242 3130 1572 3198 ὲσιώπησενς
1618 3130 1736 3182 Ὅτι

182 3221 359 3275 ιδόκει
390 3222 615 3286 πολλοὺς
645 3223 754 3275 τῶν
787 3223 1149 3293 φιλοσάρκων,
1184 3223 1317 3291 πρὸς
1348 3222 1409 3273 τὸ
1434 3222 1513 3273 ἐτι
1539 3220 1736 3284 ζώσαις

180 3311 438 3379 ἀδελφαῖς
498 3316 759 3365 συνοικεῖν
784 3351 798 3375 ,
868 3313 928 3365 τὸ
980 3313 1280 3381 ὑπόδειγμα
1344 3311 1595 3380 βλάπτειν
1644 3310 1735 3363 τοῦ

184 3402 541 3470 πατριάρχου.
585 3402 759 3471 Ἠμᾶς
810 3402 864 3453 δὲ
913 3401 965 3454 τί
1007 3402 1112 3473 χρὴ
1150 3404 1356 3466 ποιεῖν;
1392 3402 1469 3454 Τὰ
1497 3418 1737 3472 γεγραμο

184 3491 325 3559 μένα
369 3491 623 3562 ).ἐγειν,ἢ
663 3492 730 3545 τὰ
780 3492 1117 3562 σιωπηθέντα
1174 3491 1734 3562 προσεξεργάζεσθαις

183 3580 392 3631 Αὐτίκα
416 3581 474 3631 τὸ
509 3584 581 3650 μὴ
624 3583 732 3634 δεῖν
782 3584 880 3652 μιᾶ
927 3583 1115 3652 ἑταίρᾳ
1167 3582 1463 3652 κεχρῆσθαι
1528 3583 1737 3653 πατέρα

184 3669 280 3721 καὶ
344 3671 456 3721 υίδν
506 3674 562 3723 ἐν
594 3671 693 3734 μὲν
720 3674 829 3734 τοῖς
852 3671 1034 3741 νόμοις
1061 3670 1270 3734 τούτοις
1313 3671 1372 3723 ού
1410 3672 1732 3750 γέγραπται,

186 3757 339 3826 παρά
364 3759 420 3810 δὲ
446 3758 520 3827 τῷ
551 3761 809 3829 Προφήτῃ
845 3761 1106 3831 μεγίστης
1137 3761 1467 3830 κατηγορίας
1494 3761 1732 3829 ἠξίωται.

192 3847 327 3909 Υἱὸς
354 3848 482 3915 γὰρ,
530 3849 682 3917 φησι,
727 3848 822 3901 καί
858 3849 1053 3915 πατὴρ
1076 3848 1224 3917 πρὸς
1254 3849 1367 3915 τὴν
1393 3850 1585 3917 αὐτὴν
1611 3864 1737 3903 παι⁸

184 3936 409 4001 ὄίσκην
433 3939 901 4005 εἰσεπορεύοντο.
920 3938 1066 3992 Πόσα
1084 3940 1139 3991 δὲ
1159 3941 1272 4009 είδη
1301 3940 1432 3994 ἀλλα
1467 3940 1575 3992 τῶν
1602 3941 1737 3992 ἀκα-

184 4024 399 4096 θάρτων
467 4028 649 4080 παθῶν
698 4028 759 4080 τὺ
812 4030 908 4097 μὲν
939 4029 1043 4082 τῶν
1071 4030 1335 4099 δαιμόνων
1376 4030 1735 4083 διδασκαλεῖον

187 4115 426 4183 ἐξεῦρεν,
459 4118 489 4185 ἡ
531 4116 612 4187 δὲγ
640 4117 758 4170 θεία
794 4118 983 4189 Γραφὴ
1039 4119 1406 4188 ἀπεσιώπησε,
1444 4120 1503 4172 τὸ
1544 4119 1735 4189 σεμνὸν

186 4204 383 4273 ἑαυτῆς
404 4208 522 4267 ταῖς
555 4206 660 4258 τῶν
688 4207 924 4277 αἰσχρῶν
951 4208 1261 4277 ὀνομασίαις
1287 4210 1735 4279 καταρρυπαίνειν

183 4295 283 4362 οὐχ
322 4294 635 4364 αἱρουμένη,
684 4295 816 4348 ἀλλά
848 4300 1078 4364 γενικοῖς
1114 4297 1333 4366 ὀνόμασι
1366 4298 1462 4362 τάς
1490 4300 1731 4372 ἀκαθαρ-

190 4381 308 4442 cia;
360 4380 621 4434 διέϐαλενῐ
667 4382 751 4444 Ὠς
782 4384 874 4435 καὶ
915 4385 941 4435 ὁ
986 4383 1273 4447 ἀπόστολος
1316 4386 1524 4449 Παῦλός
1562 4405 1727 4458 φησιιο
1763 4419 1807 4472 D

186 4470 438 4535 Πορνεία
456 4470 521 4521 δὲ
548 4472 640 4523 καί
671 4473 1002 4538 ἀκαθαρσία
1014 4472 1179 4528 πᾶσα
1201 4474 1351 4543 μηδὲ
1368 4475 1731 4545 ὀνομαζέσθω

185 4555 255 4605 ἐν
288 4555 447 4622 ὑμῖν,
470 4556 657 4633 καθὼς
689 4556 889 4624 πρέπει
932 4559 1118 4627 ἁγίοις
1137 4575 1152 4590 ’
1184 4560 1261 4630 τῷ
1282 4563 1375 4630 τῆς
1402 4563 1732 4634 ἀκαθαρσίας

184 4643 404 4711 ὀνόματι
461 4645 557 4707 τάς
606 4662 662 4696 τε
690 4647 1063 4716 τιῦννάῥρἐνων
1096 4649 1479 4719 ἀρρητοποιίας
1506 4652 1597 4703 καὶ
1634 4652 1731 4715 τὰς

181 4734 291 4786 τῶν
312 4732 534 4802 θηλειῶν
555 4734 1150 4804 περιλαμϐάνων.Ὢστε
1175 4738 1233 4790 οὐ
1265 4739 1474 4802 πάντως
1497 4741 1528 4811 ἡ
1556 4744 1729 4813 σιωπὴ

182 4824 366 4878 ἄδειαν
395 4825 544 4894 φέρει
578 4828 687 4888 τοῖς
725 4826 1039 4896 φιληδόνοις.

333 4990 475 5058 Ἐγὼ
496 4990 683 5045 δὶούδὲ
710 4990 1074 5062 σεσιωτῆσθαι
1098 4992 1159 5046 τὸ
1198 4995 1359 5064 μέρος
1388 4996 1541 5050 τοῦτό
1567 5016 1727 5070 φημι»

181 5082 318 5135 ἀλλά
352 5081 443 5134 καὶ
491 5082 628 5134 πάνυ
659 5081 897 5151 σφοδρῶς
930 5083 1355 5152 ἀηγορευκὲναι
1390 5087 1480 5139 τὸν
1507 5090 1729 5158 νομοθέ·

180 5188 296 5241 την.
323 5168 397 5221 “re
425 5169 549 5238 γὰρ,
600 5171 719 5222 Οὐκ
768 5170 1081 5237 εὶσελεύσῃ
1125 5172 1272 5239 πρὸς
1294 5174 1485 5229 πάντα
1516 5177 1730 5233 οὶκεῖον

178 5260 406 5324 σαρκός
433 5270 568 5321 σου,
616 5259 998 5326 ἀποκαλύψαι
1044 5262 1481 5332 ἀσχημοσύνην
1513 5267 1709 5323 αὐτῶν

178 5347 596 5415 ἑμπεριεκτικόν
626 5349 738 5400 ἐστι
765 5349 856 5399 καὶ
878 5348 1064 5400 τούτου
1092 5350 1181 5402 τοῦ
1212 5352 1379 5417 εἴδους
1405 5356 1505 5425 τῆς
1534 5358 1727 5412 οἰκειό-

177 5453 339 5505 τητος
390 5435 453 5486 Τί
478 5438 585 5505 γὰρ
606 5436 671 5487 ἂν
716 5437 919 5502 γένοιτο
951 5439 1270 5509 οίκειότερον
1296 5443 1449 5511 ἀνδρῖ
1472 5446 1569 5512 τῆς
1598 5448 1724 5499 ἑαυ-

173 5523 269 5574 τοῦ
296 5522 574 5589 γυναικὸς,
605 5523 801 5590 μᾶλλον
836 5524 889 5575 δὲ
912 5524 1009 5591 τῆς
1040 5528 1229 5579 ἑαυτοῦ
1261 5531 1486 5599 cap-46¢;
1521 5534 1593 5584 Οὐ
1619 5536 1726 5605 γὰρ

173 5614 253 5665 ἔτι
286 5612 392 5664 eisi.
417 5611 527 5673 δύο,
570 5611 701 5663 ἀλλὰ
737 5611 871 5682 σὰρξ
920 5614 1035 5681 μία.
1067 5615 1220 5679 Ὥστε
1244 5618 1330 5669 διά
1350 5620 1446 5688 τῆς
1474 5624 1724 5687 γυναικὸς

233 5768 248 5798 ⁸
277 5763 462 5822 Levit.
498 5768 731 5835 xvm,3.
812 5773 831 5804 '
875 5769 1039 5829 Amos
1070 5790 1127 5843 ιι,
1172 5776 1224 5845 7.
1301 5777 1320 5807 ³
1348 5777 1547 5846 Ephes.
1582 5797 1634 5849 v,
1673 5784 1728 5839 3.

1845 1882 1973 1936 tiam
2040 1883 2250 1936 tribuit.
2301 1875 2501 1935 Verum
2563 1884 2849 1952 oportebat
2897 1885 3172 1954 paulisper
3233 1884 3301 1939 ad
3340 1900 3405 1939 ea

1845 1988 1964 2041 qua:
2028 1972 2198 2043 legem
2261 1973 2572 2041 prmcedunt
2632 1975 3010 2039 recurrendo,
3092 1973 3404 2030 diﬂicultate

1844 2061 2083 2114 liberari.
2142 2060 2363 2115 Videtur
2392 2064 2535 2114 enim
2572 2077 2678 2116 non
2727 2077 2887 2118 omne
2914 2076 3261 2133 peccatorum
3310 2080 3403 2134 ge-

1844 2164 1948 2203 nus
2019 2151 2478 2219 comprehendere
2539 2150 2816 2221 Iegislator
2856 2169 2871 2205 :
2908 2154 3004 2209 sed
3061 2156 3404 2225 peculiariter

1843 2238 2219 2309 Egyptiorum
2279 2243 2420 2296 unde
2484 2238 2647 2297 Israel
2700 2245 2926 2308 exierat,
2982 2254 3038 2299 et
3066 2246 3403 2302 Chananeu-

1844 2340 1963 2378 rum
1995 2327 2059 2380 ad
2104 2342 2242 2396 quos
2292 2329 2754 2397 transferebatur,
2826 2349 3005 2389 mores
3052 2335 3399 2392 interdicere.

1846 2415 1937 2471 Sic
1969 2417 2112 2471 enim
2160 2419 2323 2473 habet
2364 2419 2429 2472 ad
2488 2421 2715 2475 verbum
2754 2440 2767 2475 :
2829 2424 3125 2477 Secundum
3154 2427 3404 2479 instituta

1844 2517 1995 2561 terra:
2047 2506 2264 2577 An‘gypti
2291 2548 2305 2574 ,
2348 2511 2401 2562 in
2457 2528 2560 2579 qua
2607 2511 2887 2567 habitastis
2937 2515 2991 2567 in
3019 2531 3082 2567 ea
3116 2554 3131 2578 ,
3165 2532 3267 2568 non
3318 2516 3405 2584 fa-

1844 2599 1990 2651 cietis
2036 2613 2055 2651 :
2108 2608 2159 2651 et
2212 2600 2492 2653 secundum
2539 2603 2781 2656 instituta
2818 2613 2969 2657 terra:
3001 2603 3289 2670 Chanaan,
3344 2607 3403 2658 in

1841 2701 1999 2754 quam
2028 2702 2121 2754 ego
2159 2686 2400 2739 inducam
2438 2704 2522 2741 eos
2572 2689 2699 2741 illuc
2726 2729 2740 2752 ,
2798 2707 2900 2745 non
2950 2692 3156 2759 facietis
3184 2730 3198 2755 ,
3242 2708 3406 2761 neque

1843 2776 1895 2827 in
1941 2776 2183 2845 legitimis
2246 2794 2425 2831 eorum
2488 2779 2827 2834 ambulabitis
2878 2777 2918 2834 ¹.
2958 2780 3264 2836 Verisimile
3316 2788 3401 2836 est

1844 2862 1944 2916 hoc
1975 2865 2181 2933 peccati
2220 2881 2391 2933 genus
2430 2873 2559 2920 tunc
2587 2868 2728 2922 inter
2754 2878 2943 2938 gentes
2976 2884 3085 2923 non
3134 2869 3397 2938 viguisse.

1843 2952 2179 3023 Quapropter
2213 2969 2349 3022 opus
2385 2970 2492 3009 non
2552 2956 2653 3009 fuit
2683 2958 3001 3025 legislatori,
3045 2968 3103 3013 ut
3137 2960 3268 3012 illud
3308 2974 3400 3014 ca-

1840 3043 2073 3098 vendum
2099 3054 2315 3098 curaret
2350 3062 2363 3097 :
2392 3047 2485 3100 sed
2521 3047 2654 3101 satis
2684 3048 2732 3101 ei
2778 3049 2877 3103 fuit
2906 3064 3022 3104 mos
3061 3065 3170 3103 non
3198 3050 3396 3106 doctus

1839 3129 1905 3182 ad
1957 3130 2179 3185 sceleris
2236 3133 2728 3200 reprehensionem.
2782 3136 3064 3201 Quomodo
3094 3138 3257 3207 igitur
3282 3154 3399 3193 ma-

1832 3218 1953 3286 jore
2005 3222 2209 3282 vetito,
2249 3222 2429 3273 minus
2484 3225 2881 3290 praetermisit?
2917 3226 3053 3291 Quia
3110 3230 3398 3284 videbatur

1836 3311 2021 3365 multis
2069 3313 2219 3364 carni
2281 3312 2705 3382 indulgentibus,
2740 3323 2941 3369 utcum
2968 3319 3254 3374 sororibus
3300 3320 3397 3372 ad-

1840 3398 1944 3453 huc
2005 3400 2312 3455 viventibus
2375 3404 2721 3469 habitarent,
2776 3408 2997 3461 noxium
3047 3424 3168 3463 esse
3214 3425 3397 3463 exem-

1836 3486 1981 3553 plum
2020 3490 2358 3555 patriarcha.
2394 3489 2502 3544 Nos
2534 3501 2711 3547 autem
2763 3496 2889 3563 quid
2927 3496 3104 3552 facere
3138 3503 3397 3568 oportet?

1837 3575 1965 3639 Quae
2006 3578 2207 3646 scripta
2239 3585 2366 3633 sunt
2400 3579 2600 3644 dicere,
2652 3598 2720 3635 an
2753 3588 3120 3652 praetermissa
3170 3604 3396 3643 accura-

1838 3665 1944 3719 tius
2000 3668 2287 3720 scrutari?
2332 3668 2629 3733 Protinus,
2676 3688 2783 3727 non
2836 3684 3083 3745 Oportere
3145 3678 3221 3731 uti
3286 3695 3393 3734 una

1838 3755 2026 3823 pellice
2058 3764 2261 3824 patrem
2293 3766 2347 3812 et
2392 3760 2595 3822 tilium,
2646 3762 2699 3814 in
2754 3764 2840 3817 his
2890 3765 3098 3834 legibus
3131 3768 3391 3831 scriptum

1835 3860 1945 3898 non
1978 3855 2059 3901 est
2091 3885 2105 3907 ,
2160 3847 2253 3901 sed
2316 3849 2455 3918 apud
2501 3849 2822 3921 PrOphetam
2877 3857 3088 3909 crimini
3155 3860 3391 3913 maximo

1835 3934 2011 3989 datur.
2046 3934 2231 3993 Filius
2274 3940 2442 4003 enim,
2487 3941 2696 4011 inquit,
2743 3952 2793 3997 et
2846 3955 2995 4012 pater
3043 3947 3112 3997 ad
3155 3950 3388 4002 eamdem

1835 4024 2061 4093 puellam
2094 4027 2517 4096 ingrediebantur
2572 4034 2611 4085 ⁸.
2666 4034 2808 4098 Quot
2851 4044 3026 4091 autem
3074 4038 3178 4091 alia
3232 4040 3387 4108 cupi-

1835 4110 2060 4165 ditatum
2135 4113 2471 4183 impurarum
2550 4133 2744 4189 genera
2807 4121 3111 4178 daamonum
3169 4113 3386 4195 quidem

1837 4202 2083 4256 doctrina
2117 4206 2463 4275 excogitavit,
2499 4210 2669 4262 tacuit
2702 4226 2830 4265 vero
2858 4212 3039 4266 divina
3078 4213 3383 4284 Scriptura,

1837 4293 2172 4349 honestatem
2220 4311 2372 4350 suam
2423 4312 2603 4352 rerum
2656 4302 2889 4370 turpium
2932 4307 3384 4373 appellationibus

1837 4383 2041 4438 fmdare
2078 4384 2269 4439 nolens
2289 4424 2305 4449 ,
2338 4385 2431 4440 sed
2461 4389 2754 4455 generatim
2782 4391 3120 4459 impuritates
3172 4398 3383 4465 vitupe-

1833 4474 2012 4527 ravit!
2068 4471 2159 4527 Sic
2190 4484 2248 4528 ut
2277 4484 2332 4528 et
2359 4473 2649 4545 Apostolus
2685 4477 2885 4537 Paulus
2922 4484 2996 4536 ait
3026 4502 3038 4537 :
3077 4482 3382 4541 Fornicatio

1835 4572 2004 4616 autem
2056 4572 2106 4617 et
2146 4567 2314 4619 omnis
2356 4568 2686 4621 immunditia
2740 4588 2801 4624 ne
2848 4575 3140 4627 nominetur
3176 4577 3381 4645 quidem

1834 4654 1887 4705 in
1922 4654 2084 4717 vobis,
2126 4655 2261 4707 sicut
2313 4654 2451 4708 decet
2512 4660 2763 4711 sanctos'
2823 4679 2836 4712 :
2879 4662 3231 4719 immunditiae
3277 4682 3380 4720 no-

1834 4741 1979 4794 mine
2014 4750 2123 4795 tum
2156 4743 2392 4797 virorum
2419 4753 2531 4798 tum
2558 4747 2843 4802 mulierum
2873 4751 3107 4806 obscena
3137 4754 3378 4809 facinora

1833 4830 2318 4897 comprehenderis.
2347 4833 2523 4898 Quare
2546 4849 2655 4890 non
2680 4839 2902 4893 omnino
2929 4840 3378 4899 silentiumlicen-

1832 4915 1961 4969 tiam
1984 4916 2077 4970 dat
2100 4917 2441 4991 voluptariis.

1862 5003 2015 5076 ιιι
2030 5005 2138 5075 Ego
2152 5015 2330 5061 autem
2343 5023 2517 5079 neque
2547 5013 2766 5066 tacitam
2798 5014 2942 5070 illam
2967 5026 3172 5087 partem
3208 5021 3376 5079 fuisse

1818 5092 1944 5148 dico
1980 5112 1994 5149 :
2042 5094 2151 5150 imo
2197 5095 2359 5150 etiam
2399 5112 2429 5152 a
2464 5099 2772 5170 legislatore
2812 5106 3158 5163 vehementer
3192 5112 3376 5166 admo-

1817 5183 1943 5238 dum
1970 5183 2138 5240 fuisse
2162 5186 2512 5255 prohibitam.
2555 5188 2691 5247 illud
2718 5194 2885 5261 enim,
2913 5193 3037 5249 Non
3071 5199 3373 5267 ingredieris

1816 5274 1886 5327 ad
1949 5292 2151 5328 omnem
2216 5279 2390 5332 carnis
2456 5288 2559 5334 tute
2633 5283 2846 5352 afﬁnem
2910 5287 2977 5339 ad
3043 5290 3371 5343 revelandam

1814 5382 1991 5420 eorum
2027 5369 2399 5435 turpitudinem
2434 5369 2475 5434 ‘,
2547 5372 2689 5429 hanc
2723 5376 2885 5431 etiam
2940 5380 3213 5435 aﬂinitatis
3248 5397 3370 5450 spe-

1815 5455 1950 5509 ciem
2000 5457 2400 5527 complectitur.
2450 5460 2660 5517 Etenim
2700 5466 2829 5535 quid
3048 5469 3164 5521 viro
3212 5470 3368 5526 aliine

1814 5543 1984 5611 magis
2022 5554 2104 5599 est
2133 5560 2293 5614 quam
2338 5561 2437 5601 sua
2482 5549 2655 5620 ipsius
2687 5570 2858 5621 uxor,
2908 5557 3013 5610 imo
3063 5573 3222 5626 quam
3268 5576 3364 5613 sua

1813 5631 1983 5700 ipsius
2033 5636 2202 5690 caro?
2256 5634 2374 5693 Non
2426 5642 2570 5696 enim
2619 5646 2853 5715 amplius
2882 5647 3000 5701 duae
3050 5656 3176 5703 sunt
3205 5693 3217 5712 .
3268 5653 3361 5705 sed

1829 5773 1849 5804 ⁸
1880 5772 2054 5837 Levit.
2075 5797 2231 5852 xvut,
2270 5786 2323 5842 6.
