4096 6456
695 362 802 426 815

1937 347 2209 412 ΤΗΕΟΙ).
2253 343 2652 410 BALSAMON

3807 325 3903 388 816

705 509 807 547 una
840 508 986 548 caro.
1041 493 1227 562 itaque
1265 504 1360 560 per
1389 501 1611 542 uxorem
1670 498 1824 540 soror
1884 480 1948 534 ad
2001 480 2101 533 viri
2142 479 2248 532 πιαί-

2353 473 2384 540 ἡ
2407 468 2607 536 ἀδελφὴ
2633 463 2769 534 πρὸς
2790 461 2886 533 τὴν
2917 457 3008 513 τοῦ
3035 456 3221 527 ἀνδρὸς
3245 454 3548 524 οἰκειότητα
3580 455 3900 522 μεταϐαίνει.

701 585 921 638 nitatem
985 583 1206 636 transit.
1269 576 1732 646 Quemadmodum
1805 573 1949 627 enim
2027 577 2251 622 matrem

703 674 886 726 uxoris
931 689 1035 725 non
1103 678 1361 735 assumct,
1415 683 1587 736 neque
1634 665 1795 732 tiliam
1848 659 2078 721 uxoris,
2130 672 2252 726 pro-

702 771 881 831 pterea
912 761 1054 830 quod
1094 775 1265 828 neque
1322 772 1476 812 suam
1537 756 1706 824 ipsius
1772 760 2029 810 matrem,
2079 762 2254 814 neque

701 866 853 904 suam
889 851 1058 918 ipsius
1095 848 1292 911 ﬁliam;
1345 848 1418 901 ita
1470 860 1567 898 nec
1622 844 1806 895 uxoris
1840 853 2107 898 sororem,
2135 850 2254 902 pro-

701 949 882 1010 pterea
914 939 1055 1008 quod
1099 955 1270 1004 neque
1327 951 1476 990 suam
1509 934 1676 1002 ipsius
1720 944 1978 984 sororem.
2035 925 2097 977 Et
2135 925 2253 976 vice

701 1045 877 1093 versa,
914 1043 1086 1097 neque
1133 1027 1287 1080 uxori
1323 1024 1503 1077 licebit
1542 1035 1662 1074 sese
1692 1018 1790 1070 viri
1847 1014 2092 1067 aﬂinibus
2124 1027 2252 1065 eon-

698 1120 942 1188 jungere.
1003 1117 1138 1170 Sunt
1176 1117 1315 1169 enim
1363 1114 1612 1180 utrinque
1651 1106 1953 1161 communia
1983 1103 2250 1154 aﬂinitatis

698 1212 840 1277 jura.
908 1207 1016 1276 Ego
1066 1220 1224 1274 porro
1272 1203 1490 1255 cuilibet
1557 1198 1622 1251 de
1697 1194 1900 1260 nuptiis
1947 1192 2252 1245 consulenti

703 1297 984 1360 testificor,
1019 1295 1295 1364 praeterire
1341 1294 1564 1360 ﬁguram
1598 1289 1759 1355 hujus
1783 1283 1988 1344 mundi,
2039 1291 2091 1335 ct
2119 1289 2254 1334 tem-

703 1403 803 1455 pus
825 1387 985 1439 breve
1011 1399 1153 1444 esse,
1208 1382 1271 1434 Ut
1298 1382 1383 1449 qui
1418 1380 1604 1430 habent
1649 1391 1834 1426 uxores
1867 1381 2113 1438 tanquam
2153 1385 2252 1419 non

705 1478 942 1529 habentes
965 1475 1067 1526 sint
1122 1471 1160 1525 ⁸.
1193 1471 1344 1535 Quod
1373 1471 1417 1522 si
1450 1468 1580 1521 milii
1609 1477 1884 1534 perperam
1911 1463 2048 1528 legat
2086 1459 2249 1511 illud:

703 1564 931 1618 Crescite
954 1572 999 1615 et
1035 1560 1454 1626 multiplicamini
1507 1556 1525 1584 '
1568 1577 1578 1608 :
1619 1554 1766 1606 rideo
1807 1553 1977 1618 legum
2011 1557 2250 1616 tempora

705 1669 813 1707 non
845 1653 1262 1705 discernentem.
1294 1645 1689 1700 Fornicationis
1726 1640 2019 1694 remedium
2055 1639 2254 1706 nuptiae

705 1739 972 1800 secundat,
1010 1751 1117 1790 non
1156 1735 1373 1788 occasio
1427 1732 1676 1785 lasciviat.
1729 1727 1785 1780 Si
1836 1741 1892 1778 se
1940 1741 2047 1777 non
2081 1725 2254 1778 conti-

706 1836 854 1890 nent,
886 1828 1108 1890 nubant,
1133 1825 1304 1896 inquit
1352 1827 1393 1889 ⁸,
1429 1837 1534 1876 non
1567 1835 1693 1874 vero
1715 1828 1765 1873 et
1795 1815 2058 1870 nubentes
2083 1815 2253 1884 legem

705 1921 923 1974 violent.

863 2008 953 2062 lsti
985 2014 1183 2071 autem,
1221 2021 1450 2076 quorum
1485 2006 1698 2060 animus
1735 2008 1862 2061 vitio
1898 2002 2253 2076 turpitudinis

708 2101 887 2169 lippus
913 2106 1014 2162 est,
1054 2113 1122 2152 ne
1153 2099 1217 2150 ad
1255 2105 1502 2149 naturam
1534 2098 1748 2166 quidem
1779 2099 2098 2167 respiciunt,
2137 2109 2255 2164 qua:

703 2191 815 2259 jam
862 2190 989 2244 olim
1029 2189 1243 2257 generis
1292 2188 1509 2240 nomina
1550 2186 1829 2240 discrevit.
1863 2189 1939 2239 Ex
1970 2201 2075 2256 qua
2110 2183 2253 2238 enim

708 2279 1028 2351 cognatione
1058 2283 1214 2329 natos
1252 2276 1637 2344 appellabunt?
1670 2275 1985 2340 Fratresne,
2015 2291 2082 2328 an
2125 2288 2256 2328 eon-

706 2365 957 2418 sobrinos
1022 2364 1336 2417 vocabunt?
1392 2362 1656 2430 siquidem
1718 2378 1909 2416 nomen
1969 2371 2255 2430 utrumque

705 2455 787 2510 eis
837 2454 908 2507 ob
957 2453 1330 2507 confusionem
1389 2452 1657 2519 congruit.
1712 2450 1788 2504 Ne
1827 2451 2030 2518 facias,
2071 2466 2103 2504 o
2153 2452 2250 2503 ho-

706 2559 826 2608 mo,
882 2543 1098 2595 amitam
1152 2556 1434 2594 novercam
1501 2539 1822 2603 infantium;
1878 2556 1976 2594 nec
2027 2556 2145 2610 qua:
2199 2541 2252 2592 in

705 2629 896 2683 matris
940 2629 1059 2682 loco
1104 2626 1283 2681 fovere
1320 2627 1497 2688 debet,
1528 2641 1646 2678 eam
1689 2625 2030 2680 aemulatione
2063 2625 2253 2693 impla-

708 2718 868 2771 cabili
922 2716 1238 2770 armaveris.
1275 2713 1406 2767 Nam
1459 2715 1633 2768 solum
1683 2728 2036 2768 novercarum
2085 2728 2254 2783 genus

707 2809 867 2860 etiam
900 2815 1023 2874 post
1054 2812 1283 2858 mortetn
1315 2803 1496 2857 odium
1530 2817 1590 2855 ac
1621 2803 1956 2856 inimicitiam
1989 2802 2250 2856 extendit.

709 2897 844 2958 lmo,
879 2896 970 2948 alii
1027 2895 1230 2947 inimici
1275 2893 1500 2946 mortuis
1532 2892 1980 2956 reconciliantur;
2013 2907 2254 2946 novercae

709 2987 890 3040 odisse
933 2993 1053 3054 post
1097 2991 1322 3036 mortem
1371 2981 1655 3048 incipiunt.
1709 2978 1928 3031 Summa
1982 2979 2252 3034 dictorum

709 3089 820 3128 haec
850 3082 931 3129 est
969 3094 980 3128 :
1021 3072 1076 3126 Si
1126 3073 1248 3141 quis
1298 3071 1532 3140 legitime
1579 3069 1796 3137 nuptias
1829 3071 2063 3137 appetit,
2110 3077 2253 3122 totus

708 3163 858 3216 orbis
897 3169 1167 3214 terrarum
1217 3167 1362 3228 patet
1394 3177 1406 3211 :
1449 3159 1533 3212 sin
1579 3157 1800 3211 libidine
1837 3159 2152 3226 impellitur,
2185 3159 2253 3212 ob

707 3250 760 3303 id
791 3250 960 3318 magis
987 3250 1146 3303 etiam
1177 3247 1517 3308 excludatur,
1553 3244 1617 3298 Ut
1655 3245 1822 3297 discat
1853 3263 1939 3298 vas
1965 3263 2116 3298 suum
2141 3263 2255 3314 pos-

705 3339 874 3392 sidere
902 3339 955 3390 in
999 3338 1412 3404 sanctiﬁcatione
1444 3345 1490 3388 ct
1527 3336 1719 3388 honore
1740 3372 1755 3395 ,
1781 3351 1881 3387 non
1921 3336 1973 3387 in
2013 3337 2252 3402 passione

706 3429 952 3482 desiderii
983 3428 1004 3459 δ
1035 3467 1047 3479 .
1080 3427 1158 3481 Me
1185 3429 1336 3495 plura
1377 3427 1558 3480 dicere
1589 3434 1869 3494 parantem
1902 3426 2094 3480 modus
2138 3427 2247 3494 epi-

707 3519 860 3573 stola:
889 3517 1127 3572 cohibet.
1165 3516 1366 3570 Precor
1399 3524 1598 3579 autem,
1636 3523 1692 3568 ut
1721 3515 1804 3568 vel
1837 3523 2021 3568 nostra
2065 3516 2251 3569 admo-

706 3609 840 3662 nitio
873 3608 1063 3662 vitium
1110 3614 1368 3676 superet,
1423 3605 1503 3658 τοι
1534 3620 1639 3659 non
1688 3614 1869 3674 serpat
1924 3605 1976 3658 in
2010 3615 2248 3660 nostram

705 3698 978 3765 regionem
1020 3697 1122 3750 hoc
1162 3695 1466 3764 piaculum;
1504 3693 1596 3748 sed
1630 3693 1684 3747 in
1713 3693 1912 3763 quibus
1955 3692 2248 3748 admissum

705 3794 786 3843 est
812 3785 966 3850 locis,
1000 3787 1052 3840 in
1081 3785 1167 3841 his
1201 3791 1530 3855 permaneat.

767 4241 959 4298 BALS.
1028 4242 1200 4312 Magni
1262 4240 1435 4296 Patris
1499 4244 1564 4298 ad
1622 4244 1909 4298 Diodorum
1973 4242 2234 4311 epistola,

691 4333 897 4387 etiamsi
926 4332 1072 4385 omni
1108 4331 1368 4400 sapientia
1398 4340 1448 4384 et
1475 4345 1599 4384 vera
1629 4331 1928 4398 eloquentia
1961 4333 2115 4400 plena
2145 4333 2238 4393 sit,

692 4434 740 4476 et
789 4421 1016 4488 Spiritus
1064 4420 1234 4473 sancti
1273 4433 1455 4473 vocem
1486 4419 1633 4485 edit;
1664 4429 1838 4472 tamen
1876 4435 1978 4473 non
2025 4428 2107 4472 est
2139 4418 2240 4470 hoc

694 4525 925 4577 tempore
946 4511 1246 4577 quaerenda.
1280 4509 1526 4560 Decernit
1558 4508 1699 4561 enim
1734 4523 1800 4561 ne
1830 4508 1878 4560 in
1910 4506 2236 4561 matrimonii

694 4601 1000 4654 societatem
1052 4599 1170 4651 dua:
1227 4612 1439 4651 sorores
1479 4613 1506 4648 a
1557 4599 1804 4666 quopiam
1869 4597 2234 4666 accipiantur,

693 4691 830 4759 quod
873 4687 961 4742 Dei
995 4691 1161 4758 gratia
1193 4689 1348 4742 hodie
1384 4702 1450 4740 ne
1481 4687 1531 4738 iu
1564 4697 1790 4740 mentem
1824 4687 2035 4754 quidem
2062 4685 2241 4738 homi-

694 4783 776 4835 nis
804 4779 1095 4835 Christiaui
1125 4778 1267 4832 venit
1292 4815 1308 4838 ,
1336 4787 1389 4831 et
1421 4784 1701 4844 propterea
1732 4788 1828 4828 nec
1858 4774 2117 4842 ampliore
2153 4774 2236 4826 iii-

695 4870 1070 4938 terpretatione
1100 4881 1234 4936 opus
1279 4864 1482 4919 habuit.
1518 4864 1662 4917 Habe
1693 4873 1869 4918 autem
1916 4863 2057 4916 hanc
2099 4861 2236 4915 divi-

697 4977 814 5013 nam
847 4958 1121 5028 epistolam
1151 4956 1360 5010 assidue
1401 4955 1450 5007 in
1492 4953 1770 5008 memoria.
1804 4953 1915 5008 Etsi
1950 4952 2091 5005 enim
2140 4950 2190 5004 id
2219 4989 2232 5010 .

696 5051 834 5122 quod
863 5051 917 5103 in
951 5064 1011 5103 ea
1039 5045 1310 5102 deﬁnitum
1343 5052 1445 5108 est,
1473 5059 1577 5097 non
1605 5051 1889 5108 tractatur;
1917 5055 2035 5110 qua;
2061 5050 2238 5094 tamen

696 5143 841 5194 inea
899 5135 1439 5207 comprehenduntur,
1491 5133 1906 5198 epicheremata,
1959 5131 2241 5194 enthyme-

694 5239 855 5293 mata,
891 5239 944 5284 et
977 5226 1458 5297 epenthymemata,
1489 5221 1569 5273 vel
1604 5221 1778 5288 potius
1808 5234 2136 5287 quaecunque
2174 5233 2238 5273 ex

697 5319 871 5375 Veteri
905 5314 1296 5388 (Testamento)
1329 5322 1381 5366 et
1416 5327 1478 5365 ex
1509 5325 1700 5378 magno
1727 5308 1967 5376 apostolo
2001 5307 2163 5360 Paulo
2187 5317 2240 5361 et

696 5410 986 5480 composita
1017 5415 1069 5462 et
1095 5405 1341 5478 opposita
1370 5400 1621 5463 fuerunt,
1661 5400 1713 5452 in
1754 5399 1868 5451 aliis
1895 5397 2071 5452 causis
2102 5397 2238 5449 mul-

788 5689 804 5720 ⁸
835 5693 853 5746 l
884 5691 1009 5746 Cor.
1042 5704 1138 5750 vn,
1173 5685 1259 5738 29.
1343 5674 1361 5703 ²
1397 5682 1533 5738 Gen.
1563 5691 1599 5742 ι,
1625 5676 1726 5742 28;
1769 5691 1843 5742 ix,
1885 5681 1934 5731 ι.

2364 561 2448 620 Ὠς
2477 558 2583 626 γὰρ
2620 555 2826 624 μητέρα
2850 549 3103 618 γυναικὸς
3138 547 3197 598 ού
3223 545 3468 615 λήψεται,
3497 544 3617 596 οὐδὲ
3645 542 3904 612 θυγατέρα

2351 650 2448 716 τῆς
2478 645 2752 713 γυναικὸς,
2801 642 2932 694 διότι
2966 638 3096 708 μηδὲ
3141 636 3240 706 τὴν
3277 633 3468 687 ἑαυτοῦ
3503 633 3735 703 μητέρα,
3784 632 3904 700 μηδὲ

2353 737 2447 805 τὴν
2477 733 2666 786 ἑαυτοῦ
2699 729 2968 799 θυγατέρα
2995 743 3009 756 θ
3037 725 3206 786 οὕτως
3238 721 3610 789 οὐδ’,άδελφὴν
3641 719 3902 788 γυναικὸς,

2352 825 2481 876 διότι
2506 824 2635 893 μηδὲ
2674 820 2904 888 ἀδελφὴν
2933 815 3142 869 ἐαυτοῦ.
3165 815 3270 867 Καὶ
3299 813 3358 864 τὸ
3387 811 3675 872 ἀνάπαλιν,
3704 809 3822 861 οῦδὲ
3845 812 3904 876 τῇ

2354 915 2572 982 γυναικὶ
2619 911 2829 975 ἐξέσται
2875 911 2985 969 τοῖς
3030 904 3247 964 οἰκείοις
3276 900 3368 953 τοῦ
3405 900 3596 970 ἀνδρὸς
3627 901 3903 952 συνοικεῖν,

2356 1004 2520 1055 Κοινὰ
2569 1002 2675 1070 γὰρ
2727 1003 2808 1052 ἐπ’
2847 997 3170 1067 ἀμφοτέρων
3223 993 3320 1061 τῆς
3375 991 3694 1056 συγγενείας
3744 987 3815 1039 τά
3839 987 3905 1038 δί-

2355 1110 2501 1144 καια.
2551 1089 2691 1157 Ἐγὼ
2715 1090 2768 1141 δὲ
2827 1087 2985 1139 παντὶ
3020 1084 3097 1153 τῷ
3150 1082 3278 1150 περὶ
3329 1081 3505 1148 γάμου
3547 1079 3907 1147 βουλευομένῳ

2353 1180 2805 1250 διαμαρτύρομαι,
2859 1179 2939 1228 ὅτι
2988 1175 3220 1243 παράγει
3247 1171 3307 1223 τὸ
3363 1169 3552 1237 σχῆμα
3579 1168 3672 1220 τοῦ
3712 1169 3905 1236 κόσμου

2352 1272 2560 1332 τούτου,
2598 1270 2690 1321 καὶ
2733 1270 2760 1320 ὀ
2808 1266 2995 1335 καιρὸς
3026 1261 3447 1330 συνεσταλμένος
3473 1259 3640 1318 ἐστὶν,
3661 1258 3796 1310 Ἵνα
3821 1255 3907 1306 καὶ

2353 1365 2404 1413 ci
2437 1362 2675 1426 ἔχοντες
2695 1355 2977 1424 γυναῖκας
3014 1353 3090 1416 ὼς
3115 1352 3198 1419 μὴ
3234 1351 3476 1416 ἔχοντες
3495 1343 3668 1400 ὦσιν.
3717 1344 3907 1396 Ἐὰνδέ

2356 1465 2443 1516 μοι
2503 1443 2955 1514 παραναγινώσκῃ
3006 1440 3084 1502 τὸ,
3134 1437 3477 1499 Α’ὺξάνεσθε
3535 1435 3631 1487 καί
3691 1436 3907 1496 πληθύ-

2352 1539 2558 1588 νεσθε·
2589 1531 2864 1598 καταγελῶ
2891 1529 2982 1581 τοῦ
3017 1528 3123 1579 τῶν
3151 1524 3478 1595 νομοθεσιῶν
3521 1525 3648 1581 τοὺς
3689 1523 3910 1590 nupsit;

2354 1625 2428 1694 μὴ
2493 1623 2870 1692 διακρίνοντος.
2928 1617 3182 1687 Πορνείας
3228 1613 3546 1683 παραμυθία
3590 1615 3618 1664 ό
3667 1612 3908 1679 δεύτερος

2351 1715 2547 1784 γάμος,
2602 1713 2701 1766 οὐκ
2751 1711 2956 1778 ἐφόδιον
2984 1712 3062 1770 είς
3093 1709 3397 1774 ἀσέλγειαν.
3426 1707 3489 1758 Εἰ
3517 1705 3616 1756 ούκ
3651 1706 3907 1772 ἐγκαρτε-

2355 1802 2620 1873 ρεύονται,
2674 1799 3101 1868 γαμησάτωσαν,
3155 1793 3318 1863 φησίν
3345 1811 3356 1824 ·
3418 1793 3539 1861 οὐχὶ
3581 1791 3640 1842 δὲ
3683 1791 3778 1843 καὶ
3815 1806 3909 1856 γα-

2354 1892 2576 1962 μοῦντες
2603 1889 3104 1960 παρανομείτωσαν.

2505 1983 2566 2034 οι
2593 1980 2646 2032 δὲ
2675 1981 2792 2032 οὐδὲ
2821 1978 2952 2048 πρὸς
2976 1978 3072 2046 τὴν
3096 1977 3252 2044 φύσιν
3283 1973 3703 2033 ἀποϐλέπουσιν,
3745 1972 3792 2022 οἱ
3817 1971 3910 2037 τὴν

2351 2071 2522 2139 ψυχὴν
2553 2067 2831 2136 λημῶντες
2881 2065 2958 2134 τῷ
2993 2064 3151 2116 πάθει
3177 2063 3272 2132 τῆς
3302 2061 3544 2130 ἀτιμίας,
3597 2060 3762 2112 πάλαι
3806 2061 3908 2110 δια-

2354 2159 2610 2227 κρίνασαν
2659 2154 2757 2216 τὰς
2805 2152 2897 2204 τοῦ
2950 2152 3138 2218 γένους
3193 2149 3580 2218 προσηγορίας.
3625 2148 3718 2199 Ἐκ
3758 2147 3909 2208 ποίας

2353 2246 2460 2314 γὰρ
2485 2243 2795 2312 συγγενείας
2821 2241 2946 2302 τοὺς
2971 2239 3325 2307 γεννηθέντας
3346 2236 3870 2306 προσαγορεύσουσιν
3891 2252 3907 2298 ;

2367 2335 2646 2401 ’Λδελφοὺς
2676 2333 2866 2392 αὐτοὺς
2904 2329 3143 2398 ἀλλήλων
3175 2329 3206 2397 ἢ
3235 2328 3487 2396 ἀνεψιοὺς
3515 2327 3907 2397 προσεροῦσινς

2358 2425 2639 2495 ἀμφότερα
2669 2423 2777 2491 γὰρ
2821 2421 2999 2481 αὐτοῖς
3039 2419 3408 2489 προσαρμόσει
3447 2420 3532 2470 διὰ
3576 2419 3672 2486 τὴν
3713 2417 3908 2485 σύγχυο

2357 2533 2454 2568 σιν.
2493 2515 2581 2582 Μὴ
2629 2514 2874 2580 ποιήσῃς,
2914 2502 2958 2560 ὦ
2999 2509 3268 2578 ἄνθρωπε,
3312 2510 3409 2577 τὴν
3445 2508 3594 2558 θείαν
3648 2506 3908 2576 μητρυιὰν

2353 2605 2459 2658 τῶν
2502 2603 2734 2673 νηπίων·
2786 2601 2916 2670 μηδέ
2969 2600 3065 2668 τὴν
3114 2600 3171 2649 ἐν
3220 2597 3421 2666 μητρὸς
3484 2596 3632 2658 τάξει
3692 2594 3907 2647 θάλπειν

2352 2693 2681 2761 ὀφείλουσαν,
2717 2689 2916 2758 ταύτην
2949 2687 3243 2755 ἐφοπλίσῃς
3280 2688 3396 2748 ταῖς
3441 2685 3772 2754 ἀμειλίκτοις
3812 2683 3905 2751 ζη-

2353 2781 2644 2843 λοτυπίαις.
2681 2780 2852 2833 Μόνον
2889 2777 2996 2847 γὰρ
3039 2777 3098 2828 τὸ
3138 2776 3291 2843 γένος
3480 2773 3590 2828 τῶν
3636 2771 3905 2842 μητρυιῶν

2355 2870 2445 2922 καὶ
2477 2869 2610 2937 μετὰ
2645 2867 2868 2921 θάνατον
2910 2865 3118 2918 ἐλαύνει
3162 2865 3259 2934 τὴν
3288 2863 3486 2934 ἔχθραν
3508 2881 3521 2892 ο
3554 2864 3749 2933 μᾶλλον
3775 2863 3828 2914 δὲ
3857 2865 3907 2914 οι

2357 2960 2452 3027 μὲν
2485 2957 2658 3020 ἄλλως
2706 2957 2946 3026 πολέμιοι
2992 2958 3103 3017 τοῖς
3151 2955 3432 3023 τεθνηκόστ
3477 2954 3816 3006 σπένδονται·
3851 2955 3905 3004 αἱ

2351 3049 2405 3100 δὲ
2448 3047 2704 3117 μητρυιαὶ
2732 3044 2821 3096 τοῦ
2861 3043 3048 3114 μίσους
3082 3043 3216 3112 μετὰ
3259 3041 3348 3094 τὸν
3376 3041 3603 3094 θάνατον
3637 3042 3902 3110 ἄρχονται.

2282 3112 2323 3169 C
2354 3112 2652 3205 Κεέςάλαιον
2676 3136 2730 3187 δὲ
2756 3112 2871 3186 τῶν*
2892 3133 3215 3203 είρημένων,
3235 3133 3297 3184 Ei
3332 3132 3428 3201 μὲν
3458 3132 3607 3201 νόμῳ
3627 3149 3712 3193 τις
3740 3133 3904 3201 ὁρμᾶ-

2351 3245 2437 3279 ται
2467 3227 2597 3296 πρὸς
2639 3225 2726 3277 τὸν
2763 3224 2958 3294 γάμον,
2985 3225 3225 3292 ἠνοικται
3269 3225 3415 3275 πᾶσα
3441 3224 3474 3291 ἡ
3506 3220 3825 3290 οἰκουμένη·
3858 3222 3906 3272 εί

2351 3317 2404 3368 δὲ
2445 3315 2691 3385 ἐμπαθὴς
2734 3313 2876 3382 αὐτῷ
2919 3315 2950 3383 ἡ
3012 3312 3233 3380 σπουδὴ,
3279 3312 3366 3364 διὰ
3409 3310 3568 3362 τοῦτο
3614 3312 3706 3362 καὶ
3751 3309 3905 3361 πλέον

2351 3402 2776 3470 άποκλεισθήτω,
2807 3402 2928 3454 'Ira
2959 3399 3116 3468 μάθῃ
3158 3400 3223 3452 τὸ
3265 3398 3479 3452 ἑαυτοῦ
3513 3398 3735 3463 σκεῦος
3772 3395 3904 3450 κτᾶ-

2350 3497 2488 3546 σθαι
2535 3492 2603 3542 ἐν
2646 3487 2913 3557 ἁγιασμῷ
2961 3488 3055 3539 καὶ
3105 3486 3260 3555 τιμῇ,
3284 3487 3368 3555 μὴ
3405 3487 3475 3540 ἐν
3508 3487 3680 3540 πάθει
3711 3488 3904 3541 ἐπιθυ·-

2347 3583 2504 3650 μίας.
2539 3578 2760 3632 Πλείονά
2792 3591 2857 3646 με
2891 3577 3066 3643 λέγειν
3095 3576 3417 3646 ὡρμημένον
3463 3577 3524 3628 τό
3574 3579 3770 3647 μέτρον
3813 3578 3905 3627 ἐπε

2352 3671 2461 3738 έχει
2626 3666 2723 3734 τῆς
2750 3664 3050 3733 ἐπιστολῆς.
3089 3665 3328 3733 Εὖχομαι
3359 3665 3413 3716 δὲ
3443 3664 3476 3733 ἢ
3512 3665 3610 3732 τὴν
3656 3662 3903 3734 παραίνε-

2355 3776 2438 3810 σιν
2472 3757 2622 3825 ἡμῶν
2664 3753 3006 3826 ἰσχυροτέραν
3045 3754 3138 3806 τοῦ
3179 3754 3382 3815 πάθους
3419 3753 3826 3822 ἀποδειχθῆναι,
3867 3754 3900 3822 ἢ

2359 3847 2432 3914 μὴ
2465 3845 2792 3914 ἐπιδημῆσαι
2821 3847 2882 3913 τῇ
2918 3843 3153 3912 ἡμετέρᾳ
3322 3842 3381 3894 τὸ
3416 3841 3548 3909 ἄγος
3577 3839 3762 3894 τοῦτο·
3789 3838 3897 3894 ἀλλ’

2355 3937 2410 3988 ἐν
2436 3929 2514 3997 οἷς
2540 3934 2604 3987 ἂν
2639 3932 2899 4002 ἐτολμήθη
2927 3933 3105 3994 τόποις
3138 3933 3504 4001 ὲναπομεῖναι.

2411 4241 2609 4296 ΒΑΛΣ.
2653 4239 2717 4293 Ἥ
2751 4237 2885 4309 πρδς
2915 4235 3180 4306 Διόδωρον
3237 4231 3496 4302 ἐπιστολὴ
3532 4231 3632 4286 τοῦ
3668 4232 3898 4302 μεγάλου

2348 4331 2591 4401 Πατέρος
2620 4331 2722 4383 κᾶν
2742 4330 2921 4398 πάσης
2951 4328 3144 4396 σοφίας
3172 4326 3271 4379 καὶ
3315 4322 3557 4394 ἀληθοῦς
3619 4323 3900 4393 ῥητορείας

2343 4422 2700 4491 πεπλησμένη
2727 4422 2861 4483 ἐστὶ,
2894 4422 2989 4472 καὶ
3020 4419 3120 4488 τὴν
3148 4418 3406 4487 κιννύραν
3463 4415 3559 4470 τοῦ
3637 4417 3896 4482 παναγίου

2341 4510 2658 4577 Πνεύματος
2715 4506 3227 4577 ὑποφθεγγίζηται,
3283 4505 3398 4558 ἀλλ’
3459 4507 3561 4558 οὐκ
3619 4505 3734 4557 ἔστι
3803 4504 3898 4571 ζη-

2340 4604 2508 4672 τητέα
2566 4603 2622 4653 ἐν
2645 4602 2764 4663 ταῖς
2789 4601 3095 4670 παρούσαις
3147 4600 3402 4669 ἡμέραις.
3473 4598 3747 4668 Ὀροθετεῖ
3795 4598 3900 4664 γὰρ

2344 4690 2543 4757 μηδένα
2592 4687 2890 4757 λαμϐάνειν
2951 4688 3089 4756 πρὸς
3158 4686 3446 4739 κοινωνίαν
3506 4685 3688 4754 γάμου
3747 4683 3896 4736 6.621-

2342 4780 2445 4847 φὰς
2472 4777 2582 4843 δύο,
2634 4779 2768 4846 ὅπερ
2800 4778 2933 4830 Θεοῦ
2988 4779 3168 4847 χάριτι
3233 4779 3468 4846 σήμερον
3536 4775 3654 4827 οὐδὲ
3701 4775 3893 4836 ιίςίν-

2344 4868 2578 4935 θύμησιν
2647 4867 2783 4929 ὅλως
2843 4867 3060 4935 ἔρχεται
3107 4864 3395 4933 ἀνθρώπου
3431 4865 3896 4933 Χριστιανοῦ,καὶ

2341 4953 2426 5005 διὰ
2456 4953 2613 5005 τοῦτο
2636 4954 2757 5005 οὐδὲ
2796 4954 3041 5014 πλείονος
3082 4953 3375 5020 ἑρμηνείας
3437 4953 3651 5021 ἐδεήθη.
3685 4952 3814 5019 Ἐχι
3847 4950 3900 5003 δὲ

2341 5041 2544 5110 ταύτην
2573 5040 2670 5110 τὴν
2702 5040 2853 5093 θείαν
2877 5039 3171 5108 ἐπιστολὴν
3201 5039 3468 5109 διηνεκῶς
3524 5039 3618 5091 ἐπὶ
3662 5041 3897 5107 μνήμης.

2345 5131 2461 5183 Κᾶν
2489 5130 2598 5200 γὰρ
2626 5130 2685 5182 τὸ
2724 5129 3038 5204 όροθέτημα
3078 5128 3286 5199 ταύτης
3348 5131 3410 5181 οὐ
3486 5130 3898 5198 «pensauerat,

2343 5218 2476 5270 ἀλλὰ
2506 5219 2573 5270 τὰ
2600 5221 2656 5271 ἐν
2685 5217 2856 5288 ταύτῃ
2895 5217 3282 5287 περιεχόμενα,
3351 5215 3783 5285 ἐπιχειρήματα,
3815 5219 3898 5265 ὲν-

2344 5307 2640 5377 θυμήματά
2672 5325 2730 5360 τε
2765 5309 2856 5361 καὶ
2914 5288 3350 5375 ἐπενθυμήματα
3407 5306 3503 5358 καὶ
3553 5307 3754 5375 μᾶλλον
3808 5307 3902 5356 ὅσα

2345 5398 2450 5450 διπὸ
2473 5415 2530 5450 τε
2564 5398 2664 5466 τῆς
2705 5399 2946 5459 Παλαιᾶς
2973 5398 3068 5450 καὶ
3134 5397 3227 5450 τοῦ
3288 5395 3530 5466 μεγάλου
3609 5394 3901 5450 ἀποστόλου

2014 5672 2031 5702 ³
2064 5677 2079 5729 l
2113 5677 2235 5730 Cor.
2266 5693 2365 5742 vn,
2402 5677 2453 5732 9.
2528 5675 2545 5704 ⁵
2591 5677 2608 5732 1
2646 5676 2835 5736 Thess.
2877 5692 2953 5744 tv,
2979 5679 3032 5734 4.
