  <div class='ocr_page' id='page_1' title='image "/cluster/home/n/w/nwhite01/storage/ocr_20150623/138/uva.x030486987/468.png"; bbox 0 0 4096 6476; ppageno 0'>
   <div class='ocr_carea' id='block_1_1' title="bbox 182 416 286 481">
    <p class='ocr_par' dir='ltr' id='par_1_1' title="bbox 182 416 286 481">
     <span class='ocr_line' id='line_1_1' title="bbox 182 416 286 481; baseline 0.019 -2"><span class='ocrx_word' id='word_1_1' title='bbox 182 416 286 481; x_wconf 80' lang='lat'><strong>817</strong></span> 
     </span>
    </p>
   </div>
   <div class='ocr_carea' id='block_1_2' title="bbox 1117 415 2523 484">
    <p class='ocr_par' dir='ltr' id='par_1_2' title="bbox 1117 415 2523 484">
     <span class='ocr_line' id='line_1_2' title="bbox 1117 415 2523 484; baseline 0.004 -5"><span class='ocrx_word' id='word_1_2' title='bbox 1117 415 1204 481; x_wconf 87' lang='lat' dir='ltr'><strong>IN</strong></span> <span class='ocrx_word' id='word_1_3' title='bbox 1233 415 1476 480; x_wconf 80' lang='lat' dir='ltr'><strong>EPIST.</strong></span> <span class='ocrx_word' id='word_1_4' title='bbox 1512 419 1574 480; x_wconf 93' lang='lat' dir='ltr'><strong>S.</strong></span> <span class='ocrx_word' id='word_1_5' title='bbox 1611 417 1903 479; x_wconf 80' lang='lat' dir='ltr'><strong>BASILII</strong></span> <span class='ocrx_word' id='word_1_6' title='bbox 1946 418 2051 480; x_wconf 78' lang='lat' dir='ltr'><strong>AD</strong></span> <span class='ocrx_word' id='word_1_7' title='bbox 2090 417 2523 484; x_wconf 73' lang='lat' dir='ltr'><strong>DIODORUM.</strong></span> 
     </span>
    </p>
   </div>
   <div class='ocr_carea' id='block_1_3' title="bbox 3329 417 3436 482">
    <p class='ocr_par' dir='ltr' id='par_1_3' title="bbox 3329 417 3436 482">
     <span class='ocr_line' id='line_1_3' title="bbox 3329 417 3436 482; baseline 0.019 -2"><span class='ocrx_word' id='word_1_8' title='bbox 3329 417 3436 482; x_wconf 80' lang='lat'><strong>818</strong></span> 
     </span>
    </p>
   </div>
   <div class='ocr_carea' id='block_1_4' title="bbox 187 526 1791 604">
    <p class='ocr_par' dir='ltr' id='par_1_4' title="bbox 187 529 1791 604">
     <span class='ocr_line' id='line_1_4' title="bbox 187 529 1791 604; baseline -0.002 -17"><span class='ocrx_word' id='word_1_9' title='bbox 187 531 400 587; x_wconf 84' lang='grc' dir='ltr'>Παύλου</span> <span class='ocrx_word' id='word_1_10' title='bbox 441 529 808 602; x_wconf 84' lang='grc' dir='ltr'>συνετέθησάν</span> <span class='ocrx_word' id='word_1_11' title='bbox 833 546 894 586; x_wconf 87' lang='grc' dir='ltr'><strong>τε</strong></span> <span class='ocrx_word' id='word_1_12' title='bbox 923 529 1021 586; x_wconf 74' lang='grc' dir='ltr'>καὶ</span> <span class='ocrx_word' id='word_1_13' title='bbox 1093 531 1449 604; x_wconf 86' lang='grc' dir='ltr'>ἀνετέθησαν,</span> <span class='ocrx_word' id='word_1_14' title='bbox 1502 531 1758 603; x_wconf 84' lang='grc' dir='ltr'>μεγάλως</span> <span class='ocrx_word' id='word_1_15' title='bbox 1789 584 1791 593; x_wconf 64' lang='grc'><strong>,</strong></span> 
     </span>
    </p>
   </div>
   <div class='ocr_carea' id='block_1_5' title="bbox 1895 526 3442 604">
    <p class='ocr_par' dir='ltr' id='par_1_5' title="bbox 1898 526 3442 598">
     <span class='ocr_line' id='line_1_5' title="bbox 1898 526 3442 598; baseline 0 -12"><span class='ocrx_word' id='word_1_16' title='bbox 1898 548 1985 587; x_wconf 92' lang='lat' dir='ltr'><strong>um</strong></span> <span class='ocrx_word' id='word_1_17' title='bbox 2020 531 2328 588; x_wconf 79' lang='lat' dir='ltr'><strong>conferunt.</strong></span> <span class='ocrx_word' id='word_1_18' title='bbox 2357 530 2494 588; x_wconf 85' lang='lat' dir='ltr'><strong>Nota</strong></span> <span class='ocrx_word' id='word_1_19' title='bbox 2526 539 2704 586; x_wconf 86' lang='lat' dir='ltr'><strong>autem</strong></span> <span class='ocrx_word' id='word_1_20' title='bbox 2727 543 2791 585; x_wconf 88' lang='lat' dir='ltr'><strong>ex</strong></span> <span class='ocrx_word' id='word_1_21' title='bbox 2821 544 2903 596; x_wconf 88' lang='lat' dir='ltr'><strong>ea,</strong></span> <span class='ocrx_word' id='word_1_22' title='bbox 2923 528 3064 598; x_wconf 91' lang='lat' dir='ltr'><strong>quod</strong></span> <span class='ocrx_word' id='word_1_23' title='bbox 3091 526 3442 586; x_wconf 74' lang='lat' dir='ltr'><strong>ecclesiastim</strong></span> 
     </span>
    </p>
   </div>
   <div class='ocr_carea' id='block_1_6' title="bbox 190 622 1760 696">
    <p class='ocr_par' dir='ltr' id='par_1_6' title="bbox 190 622 1760 696">
     <span class='ocr_line' id='line_1_6' title="bbox 190 622 1760 696; baseline -0.001 -16"><span class='ocrx_word' id='word_1_24' title='bbox 190 623 538 680; x_wconf 76' lang='grc' dir='ltr'><strong>συντελοῦσιν</strong></span> <span class='ocrx_word' id='word_1_25' title='bbox 566 625 660 678; x_wconf 73' lang='grc' dir='ltr'>επὶ</span> <span class='ocrx_word' id='word_1_26' title='bbox 705 623 924 696; x_wconf 81' lang='grc' dir='ltr'>έτέραις</span> <span class='ocrx_word' id='word_1_27' title='bbox 958 622 1274 680; x_wconf 74' lang='grc' dir='ltr'>ὕποθάσεσι.</span> <span class='ocrx_word' id='word_1_28' title='bbox 1326 624 1645 696; x_wconf 77' lang='grc' dir='ltr'>Σημείωσαι</span> <span class='ocrx_word' id='word_1_29' title='bbox 1693 623 1760 696; x_wconf 80' lang='grc' dir='ltr'>δὴ</span> 
     </span>
    </p>
   </div>
   <div class='ocr_carea' id='block_1_7' title="bbox 183 713 1763 786">
    <p class='ocr_par' dir='ltr' id='par_1_7' title="bbox 183 713 1763 786">
     <span class='ocr_line' id='line_1_7' title="bbox 183 713 1763 786; baseline -0.003 -15"><span class='ocrx_word' id='word_1_30' title='bbox 183 717 293 772; x_wconf 76' lang='grc' dir='ltr'>ἀπὸ</span> <span class='ocrx_word' id='word_1_31' title='bbox 345 715 554 786; x_wconf 77' lang='grc' dir='ltr'><strong>ταύτης</strong></span> <span class='ocrx_word' id='word_1_32' title='bbox 573 717 656 770; x_wconf 86' lang='grc' dir='ltr'>ὃτι</span> <span class='ocrx_word' id='word_1_33' title='bbox 685 715 779 770; x_wconf 83' lang='grc' dir='ltr'>καὶ</span> <span class='ocrx_word' id='word_1_34' title='bbox 821 716 891 770; x_wconf 70' lang='grc' dir='ltr'><strong>τά</strong></span> <span class='ocrx_word' id='word_1_35' title='bbox 920 713 1144 786; x_wconf 74' lang='grc' dir='ltr'>ἄγραφα</span> <span class='ocrx_word' id='word_1_36' title='bbox 1177 713 1610 784; x_wconf 73' lang='grc' dir='ltr'>ἰκκλησιαστικά</span> <span class='ocrx_word' id='word_1_37' title='bbox 1641 713 1763 785; x_wconf 79' lang='grc' dir='ltr'>έθη,</span> 
     </span>
    </p>
   </div>
   <div class='ocr_carea' id='block_1_8' title="bbox 189 803 1762 879">
    <p class='ocr_par' dir='ltr' id='par_1_8' title="bbox 189 803 1762 879">
     <span class='ocr_line' id='line_1_8' title="bbox 189 803 1762 879; baseline -0.001 -17"><span class='ocrx_word' id='word_1_38' title='bbox 189 808 268 872; x_wconf 85' lang='grc' dir='ltr'>ὠς</span> <span class='ocrx_word' id='word_1_39' title='bbox 295 809 346 862; x_wconf 84' lang='lat' dir='ltr'><strong>oi</strong></span> <span class='ocrx_word' id='word_1_40' title='bbox 370 806 643 879; x_wconf 77' lang='grc' dir='ltr'>ιγγραφοι</span> <span class='ocrx_word' id='word_1_41' title='bbox 673 807 922 871; x_wconf 82' lang='grc' dir='ltr'>κανόνες,</span> <span class='ocrx_word' id='word_1_42' title='bbox 950 804 1013 859; x_wconf 74' lang='grc' dir='ltr'><strong>τὸ</strong></span> <span class='ocrx_word' id='word_1_43' title='bbox 1044 803 1523 877; x_wconf 61' lang='grc' dir='ltr'><strong>ἀπαρεγχείρητον</strong></span> <span class='ocrx_word' id='word_1_44' title='bbox 1555 805 1762 876; x_wconf 72' lang='grc' dir='ltr'>ἔχουσι’</span> 
     </span>
    </p>
   </div>
   <div class='ocr_carea' id='block_1_9' title="bbox 185 893 1769 966">
    <p class='ocr_par' dir='ltr' id='par_1_9' title="bbox 185 893 1769 966">
     <span class='ocr_line' id='line_1_9' title="bbox 185 893 1769 966; baseline -0.001 -14"><span class='ocrx_word' id='word_1_45' title='bbox 185 898 281 953; x_wconf 75' lang='grc' dir='ltr'>καὶ</span> <span class='ocrx_word' id='word_1_46' title='bbox 319 899 403 954; x_wconf 87' lang='grc' dir='ltr'><strong>δτι</strong></span> <span class='ocrx_word' id='word_1_47' title='bbox 443 898 563 962; x_wconf 75' lang='grc' dir='ltr'>ταῖς</span> <span class='ocrx_word' id='word_1_48' title='bbox 597 896 920 958; x_wconf 74' lang='grc' dir='ltr'>Μωσαῐκαίς</span> <span class='ocrx_word' id='word_1_49' title='bbox 950 893 1296 964; x_wconf 68' lang='grc' dir='ltr'><strong>νομοθεσίαις</strong></span> <span class='ocrx_word' id='word_1_50' title='bbox 1331 893 1620 966; x_wconf 70' lang='grc' dir='ltr'><strong>προσέχειν</strong></span> <span class='ocrx_word' id='word_1_51' title='bbox 1667 895 1769 950; x_wconf 76' lang='grc' dir='ltr'>οὐκ</span> 
     </span>
    </p>
   </div>
   <div class='ocr_carea' id='block_1_10' title="bbox 1871 621 3449 693">
    <p class='ocr_par' dir='ltr' id='par_1_10' title="bbox 1871 621 3449 693">
     <span class='ocr_line' id='line_1_10' title="bbox 1871 621 3449 693; baseline -0.004 -13"><span class='ocrx_word' id='word_1_52' title='bbox 1871 624 2034 680; x_wconf 85' lang='lat' dir='ltr'><strong>etiam</strong></span> <span class='ocrx_word' id='word_1_53' title='bbox 2065 640 2171 679; x_wconf 92' lang='lat' dir='ltr'><strong>non</strong></span> <span class='ocrx_word' id='word_1_54' title='bbox 2207 623 2393 693; x_wconf 92' lang='lat' dir='ltr'><strong>scripti</strong></span> <span class='ocrx_word' id='word_1_55' title='bbox 2428 636 2629 688; x_wconf 91' lang='lat' dir='ltr'><strong>mores,</strong></span> <span class='ocrx_word' id='word_1_56' title='bbox 2667 621 2810 677; x_wconf 86' lang='lat' dir='ltr'><strong>sicut</strong></span> <span class='ocrx_word' id='word_1_57' title='bbox 2839 621 3021 692; x_wconf 92' lang='lat' dir='ltr'><strong>scripti</strong></span> <span class='ocrx_word' id='word_1_58' title='bbox 3052 634 3323 684; x_wconf 81' lang='lat' dir='ltr'><strong>canones,</strong></span> <span class='ocrx_word' id='word_1_59' title='bbox 3359 635 3449 674; x_wconf 84' lang='lat' dir='ltr'><strong>re-</strong></span> 
     </span>
    </p>
   </div>
   <div class='ocr_carea' id='block_1_11' title="bbox 1875 712 3450 786">
    <p class='ocr_par' dir='ltr' id='par_1_11' title="bbox 1875 712 3450 786">
     <span class='ocr_line' id='line_1_11' title="bbox 1875 712 3450 786; baseline -0.002 -17"><span class='ocrx_word' id='word_1_60' title='bbox 1875 713 2040 770; x_wconf 77' lang='lat' dir='ltr'><strong>futari</strong></span> <span class='ocrx_word' id='word_1_61' title='bbox 2073 730 2177 772; x_wconf 91' lang='lat' dir='ltr'><strong>non</strong></span> <span class='ocrx_word' id='word_1_62' title='bbox 2209 722 2432 785; x_wconf 79' lang='lat' dir='ltr'><strong>possunt</strong></span> <span class='ocrx_word' id='word_1_63' title='bbox 2455 731 2470 780; x_wconf 90' lang='lat'><strong>;</strong></span> <span class='ocrx_word' id='word_1_64' title='bbox 2491 722 2546 770; x_wconf 88' lang='lat' dir='ltr'><strong>et</strong></span> <span class='ocrx_word' id='word_1_65' title='bbox 2571 715 2713 786; x_wconf 89' lang='lat' dir='ltr'><strong>quod</strong></span> <span class='ocrx_word' id='word_1_66' title='bbox 2740 715 2883 783; x_wconf 81' lang='lat' dir='ltr'><strong>leges</strong></span> <span class='ocrx_word' id='word_1_67' title='bbox 2911 712 3161 768; x_wconf 76' lang='lat' dir='ltr'><strong>mosaica:</strong></span> <span class='ocrx_word' id='word_1_68' title='bbox 3193 727 3300 767; x_wconf 91' lang='lat' dir='ltr'><strong>non</strong></span> <span class='ocrx_word' id='word_1_69' title='bbox 3325 720 3450 767; x_wconf 93' lang='lat' dir='ltr'><strong>sunt</strong></span> 
     </span>
    </p>
   </div>
   <div class='ocr_carea' id='block_1_12' title="bbox 1878 800 3446 870">
    <p class='ocr_par' dir='ltr' id='par_1_12' title="bbox 1878 800 3446 870">
     <span class='ocr_line' id='line_1_12' title="bbox 1878 800 3446 870; baseline -0.003 -12"><span class='ocrx_word' id='word_1_70' title='bbox 1878 805 2237 860; x_wconf 72' lang='lat' dir='ltr'><strong>attendenda.</strong></span> <span class='ocrx_word' id='word_1_71' title='bbox 2272 804 2410 860; x_wconf 80' lang='lat' dir='ltr'><strong>Nota</strong></span> <span class='ocrx_word' id='word_1_72' title='bbox 2439 805 2602 860; x_wconf 86' lang='lat' dir='ltr'><strong>etiam</strong></span> <span class='ocrx_word' id='word_1_73' title='bbox 2635 803 2803 859; x_wconf 88' lang='lat' dir='ltr'><strong>multa</strong></span> <span class='ocrx_word' id='word_1_74' title='bbox 2826 801 2929 858; x_wconf 85' lang='lat' dir='ltr'><strong>alia</strong></span> <span class='ocrx_word' id='word_1_75' title='bbox 2955 818 3020 858; x_wconf 86' lang='lat' dir='ltr'><strong>ex</strong></span> <span class='ocrx_word' id='word_1_76' title='bbox 3054 803 3157 858; x_wconf 89' lang='lat' dir='ltr'><strong>hac</strong></span> <span class='ocrx_word' id='word_1_77' title='bbox 3199 800 3446 870; x_wconf 85' lang='lat' dir='ltr'><strong>cpistola,</strong></span> 
     </span>
    </p>
   </div>
   <div class='ocr_carea' id='block_1_13' title="bbox 1881 896 3343 969">
    <p class='ocr_par' dir='ltr' id='par_1_13' title="bbox 1881 896 3343 969">
     <span class='ocr_line' id='line_1_13' title="bbox 1881 896 3343 969; baseline -0.001 -19"><span class='ocrx_word' id='word_1_78' title='bbox 1881 910 2000 966; x_wconf 66' lang='lat' dir='ltr'><strong>quae</strong></span> <span class='ocrx_word' id='word_1_79' title='bbox 2027 905 2153 954; x_wconf 88' lang='lat' dir='ltr'><strong>sunt</strong></span> <span class='ocrx_word' id='word_1_80' title='bbox 2188 899 2456 969; x_wconf 77' lang='lat' dir='ltr'><strong>imprimis</strong></span> <span class='ocrx_word' id='word_1_81' title='bbox 2487 898 2791 955; x_wconf 87' lang='lat' dir='ltr'><strong>necessaria</strong></span> <span class='ocrx_word' id='word_1_82' title='bbox 2831 906 2886 952; x_wconf 91' lang='lat' dir='ltr'><strong>et</strong></span> <span class='ocrx_word' id='word_1_83' title='bbox 2913 898 3143 953; x_wconf 78' lang='lat' dir='ltr'><strong>maxime</strong></span> <span class='ocrx_word' id='word_1_84' title='bbox 3172 896 3343 952; x_wconf 89' lang='lat' dir='ltr'><strong>utilia.</strong></span> 
     </span>
    </p>
   </div>
   <div class='ocr_carea' id='block_1_14' title="bbox 188 988 3438 1064">
    <p class='ocr_par' dir='ltr' id='par_1_14' title="bbox 188 988 3438 1064">
     <span class='ocr_line' id='line_1_14' title="bbox 188 988 3438 1064; baseline -0 -18"><span class='ocrx_word' id='word_1_85' title='bbox 188 992 509 1063; x_wconf 81' lang='grc' dir='ltr'>ὀφείλομεν.</span> <span class='ocrx_word' id='word_1_86' title='bbox 526 989 639 1044; x_wconf 76' lang='grc' dir='ltr'><strong>Καὶ</strong></span> <span class='ocrx_word' id='word_1_87' title='bbox 653 989 818 1061; x_wconf 67' lang='grc' dir='ltr'>ἔτερα</span> <span class='ocrx_word' id='word_1_88' title='bbox 844 990 902 1044; x_wconf 73' lang='grc' dir='ltr'><strong>δι</strong></span> <span class='ocrx_word' id='word_1_89' title='bbox 923 988 1092 1043; x_wconf 88' lang='grc' dir='ltr'>πολλά</span> <span class='ocrx_word' id='word_1_90' title='bbox 1121 989 1581 1060; x_wconf 84' lang='grc' dir='ltr'>παρασημείωσαι</span> <span class='ocrx_word' id='word_1_91' title='bbox 1603 991 1669 1044; x_wconf 69' lang='grc' dir='ltr'>ἐκ</span> <span class='ocrx_word' id='word_1_92' title='bbox 1695 988 1898 1062; x_wconf 81' lang='grc' dir='ltr'>ταύτης</span> <span class='ocrx_word' id='word_1_93' title='bbox 1937 995 2033 1062; x_wconf 85' lang='grc' dir='ltr'>τῆς</span> <span class='ocrx_word' id='word_1_94' title='bbox 2063 993 2375 1062; x_wconf 68' lang='grc' dir='ltr'>ἐπιστολῆς,</span> <span class='ocrx_word' id='word_1_95' title='bbox 2393 990 2800 1064; x_wconf 80' lang='grc' dir='ltr'>ἀναγκαιότατά</span> <span class='ocrx_word' id='word_1_96' title='bbox 2820 1009 2879 1045; x_wconf 91' lang='grc' dir='ltr'><strong>τε</strong></span> <span class='ocrx_word' id='word_1_97' title='bbox 2900 989 2994 1044; x_wconf 75' lang='grc' dir='ltr'>καὶ</span> <span class='ocrx_word' id='word_1_98' title='bbox 3022 988 3438 1061; x_wconf 77' lang='grc' dir='ltr'><strong>χρησιμώτατα.</strong></span> 
     </span>
    </p>
   </div>
   <div class='ocr_carea' id='block_1_15' title="bbox 271 1080 1766 1151">
    <p class='ocr_par' dir='ltr' id='par_1_15' title="bbox 271 1080 1766 1151">
     <span class='ocr_line' id='line_1_15' title="bbox 271 1080 1766 1151; baseline -0.002 -14"><span class='ocrx_word' id='word_1_99' title='bbox 271 1082 517 1137; x_wconf 77' lang='grc' dir='ltr'><strong>ΖΩΝΑΡ.</strong></span> <span class='ocrx_word' id='word_1_100' title='bbox 555 1081 1029 1150; x_wconf 76' lang='grc' dir='ltr'>Προκαταστήσας</span> <span class='ocrx_word' id='word_1_101' title='bbox 1056 1080 1133 1151; x_wconf 86' lang='grc' dir='ltr'><strong>(α)</strong></span> <span class='ocrx_word' id='word_1_102' title='bbox 1173 1081 1439 1150; x_wconf 76' lang='grc' dir='ltr'>τὸνλόγον</span> <span class='ocrx_word' id='word_1_103' title='bbox 1498 1083 1527 1134; x_wconf 84' lang='grc' dir='ltr'><strong><em>ὁ</em></strong></span> <span class='ocrx_word' id='word_1_104' title='bbox 1584 1081 1766 1150; x_wconf 83' lang='grc' dir='ltr'>ἀγιος,</span> 
     </span>
    </p>
   </div>
   <div class='ocr_carea' id='block_1_16' title="bbox 190 1170 1768 1244">
    <p class='ocr_par' dir='ltr' id='par_1_16' title="bbox 190 1170 1768 1244">
     <span class='ocr_line' id='line_1_16' title="bbox 190 1170 1768 1244; baseline -0.001 -16"><span class='ocrx_word' id='word_1_105' title='bbox 190 1173 290 1228; x_wconf 80' lang='grc' dir='ltr'>καὶ</span> <span class='ocrx_word' id='word_1_106' title='bbox 321 1171 394 1236; x_wconf 83' lang='grc' dir='ltr'><strong>ώς</strong></span> <span class='ocrx_word' id='word_1_107' title='bbox 422 1175 480 1225; x_wconf 74' lang='grc' dir='ltr'>ὲν</span> <span class='ocrx_word' id='word_1_108' title='bbox 503 1170 654 1244; x_wconf 80' lang='grc' dir='ltr'>ἀλλῳ</span> <span class='ocrx_word' id='word_1_109' title='bbox 712 1170 992 1243; x_wconf 75' lang='grc' dir='ltr'>προσώπῳ</span> <span class='ocrx_word' id='word_1_110' title='bbox 1040 1170 1248 1244; x_wconf 79' lang='grc' dir='ltr'>τρέψας</span> <span class='ocrx_word' id='word_1_111' title='bbox 1296 1173 1390 1226; x_wconf 84' lang='grc' dir='ltr'><strong>τδν</strong></span> <span class='ocrx_word' id='word_1_112' title='bbox 1455 1171 1768 1244; x_wconf 76' lang='grc' dir='ltr'>γράψαντα,</span> 
     </span>
    </p>
   </div>
   <div class='ocr_carea' id='block_1_17' title="bbox 189 1262 1767 1336">
    <p class='ocr_par' dir='ltr' id='par_1_17' title="bbox 189 1262 1767 1336">
     <span class='ocr_line' id='line_1_17' title="bbox 189 1262 1767 1336; baseline -0.001 -18"><span class='ocrx_word' id='word_1_113' title='bbox 189 1266 288 1318; x_wconf 90' lang='grc' dir='ltr'><strong>νῦν</strong></span> <span class='ocrx_word' id='word_1_114' title='bbox 327 1266 423 1318; x_wconf 71' lang='grc' dir='ltr'>καὶ</span> <span class='ocrx_word' id='word_1_115' title='bbox 449 1264 588 1335; x_wconf 78' lang='grc' dir='ltr'>πρὸς</span> <span class='ocrx_word' id='word_1_116' title='bbox 617 1263 931 1336; x_wconf 76' lang='grc' dir='ltr'>ἀνατροπὴν</span> <span class='ocrx_word' id='word_1_117' title='bbox 956 1262 1050 1318; x_wconf 88' lang='grc' dir='ltr'><strong>τοῦ</strong></span> <span class='ocrx_word' id='word_1_118' title='bbox 1081 1264 1409 1336; x_wconf 79' lang='grc' dir='ltr'><strong>γράμματος</strong></span> <span class='ocrx_word' id='word_1_119' title='bbox 1437 1265 1636 1336; x_wconf 74' lang='grc' dir='ltr'>χωρεῖ·</span> <span class='ocrx_word' id='word_1_120' title='bbox 1667 1263 1767 1317; x_wconf 75' lang='grc' dir='ltr'>καὶ</span> 
     </span>
    </p>
   </div>
   <div class='ocr_carea' id='block_1_18' title="bbox 195 1353 1771 1426">
    <p class='ocr_par' dir='ltr' id='par_1_18' title="bbox 195 1353 1771 1426">
     <span class='ocr_line' id='line_1_18' title="bbox 195 1353 1771 1426; baseline -0.001 -17"><span class='ocrx_word' id='word_1_121' title='bbox 195 1354 416 1426; x_wconf 83' lang='grc' dir='ltr'>πρῶτον</span> <span class='ocrx_word' id='word_1_122' title='bbox 445 1354 550 1425; x_wconf 74' lang='grc' dir='ltr'>μὲν</span> <span class='ocrx_word' id='word_1_123' title='bbox 593 1353 657 1408; x_wconf 76' lang='grc' dir='ltr'>τὸ</span> <span class='ocrx_word' id='word_1_124' title='bbox 676 1353 798 1418; x_wconf 74' lang='grc' dir='ltr'>εθος</span> <span class='ocrx_word' id='word_1_125' title='bbox 827 1354 1193 1426; x_wconf 88' lang='grc' dir='ltr'>προϐάλλεται</span> <span class='ocrx_word' id='word_1_126' title='bbox 1250 1356 1347 1408; x_wconf 76' lang='grc' dir='ltr'>καὶ</span> <span class='ocrx_word' id='word_1_127' title='bbox 1393 1355 1563 1424; x_wconf 87' lang='grc' dir='ltr'>νόμου</span> <span class='ocrx_word' id='word_1_128' title='bbox 1595 1353 1771 1408; x_wconf 86' lang='grc' dir='ltr'>δύνα-</span> 
     </span>
    </p>
   </div>
   <div class='ocr_carea' id='block_1_19' title="bbox 202 1445 1773 1517">
    <p class='ocr_par' dir='ltr' id='par_1_19' title="bbox 202 1445 1773 1517">
     <span class='ocr_line' id='line_1_19' title="bbox 202 1445 1773 1517; baseline -0.001 -18"><span class='ocrx_word' id='word_1_129' title='bbox 202 1463 297 1517; x_wconf 91' lang='grc' dir='ltr'><strong>μιν</strong></span> <span class='ocrx_word' id='word_1_130' title='bbox 335 1445 484 1514; x_wconf 66' lang='grc' dir='ltr'>ἔχειν</span> <span class='ocrx_word' id='word_1_131' title='bbox 515 1445 705 1517; x_wconf 73' lang='grc' dir='ltr'>φησιν,</span> <span class='ocrx_word' id='word_1_132' title='bbox 737 1445 816 1510; x_wconf 88' lang='grc' dir='ltr'><strong>ώς</strong></span> <span class='ocrx_word' id='word_1_133' title='bbox 838 1445 952 1500; x_wconf 83' lang='grc' dir='ltr'><strong>τῶν</strong></span> <span class='ocrx_word' id='word_1_134' title='bbox 975 1445 1200 1517; x_wconf 78' lang='grc' dir='ltr'>θεσμῶν</span> <span class='ocrx_word' id='word_1_135' title='bbox 1225 1446 1347 1517; x_wconf 68' lang='grc' dir='ltr'>ἦτοι</span> <span class='ocrx_word' id='word_1_136' title='bbox 1403 1448 1516 1500; x_wconf 81' lang='grc' dir='ltr'><strong>τῶν</strong></span> <span class='ocrx_word' id='word_1_137' title='bbox 1558 1462 1773 1516; x_wconf 91' lang='grc' dir='ltr'>νενομι-</span> 
     </span>
    </p>
   </div>
   <div class='ocr_carea' id='block_1_20' title="bbox 203 1537 1776 1610">
    <p class='ocr_par' dir='ltr' id='par_1_20' title="bbox 203 1537 1776 1610">
     <span class='ocr_line' id='line_1_20' title="bbox 203 1537 1776 1610; baseline 0 -19"><span class='ocrx_word' id='word_1_138' title='bbox 203 1539 444 1609; x_wconf 80' lang='grc' dir='ltr'>σμένων,</span> <span class='ocrx_word' id='word_1_139' title='bbox 477 1537 587 1592; x_wconf 81' lang='grc' dir='ltr'><strong>τῶν</strong></span> <span class='ocrx_word' id='word_1_140' title='bbox 621 1537 964 1609; x_wconf 83' lang='grc' dir='ltr'>δεδογμένων</span> <span class='ocrx_word' id='word_1_141' title='bbox 987 1538 1094 1592; x_wconf 74' lang='grc' dir='ltr'><strong>ὑπὸ</strong></span> <span class='ocrx_word' id='word_1_142' title='bbox 1117 1538 1290 1608; x_wconf 77' lang='grc' dir='ltr'>ἀγίων</span> <span class='ocrx_word' id='word_1_143' title='bbox 1325 1538 1559 1610; x_wconf 86' lang='grc' dir='ltr'>ἀνδρῶν,</span> <span class='ocrx_word' id='word_1_144' title='bbox 1599 1555 1776 1609; x_wconf 86' lang='grc' dir='ltr'>παρα-</span> 
     </span>
    </p>
   </div>
   <div class='ocr_carea' id='block_1_21' title="bbox 197 1627 1779 1700">
    <p class='ocr_par' dir='ltr' id='par_1_21' title="bbox 197 1627 1779 1700">
     <span class='ocr_line' id='line_1_21' title="bbox 197 1627 1779 1700; baseline -0.002 -16"><span class='ocrx_word' id='word_1_145' title='bbox 197 1629 524 1697; x_wconf 71' lang='grc' dir='ltr'><strong>δεδομένων.</strong></span> <span class='ocrx_word' id='word_1_146' title='bbox 578 1629 694 1683; x_wconf 67' lang='lat' dir='ltr'><strong>Kal</strong></span> <span class='ocrx_word' id='word_1_147' title='bbox 727 1629 757 1682; x_wconf 78' lang='grc' dir='ltr'><strong>δ</strong></span> <span class='ocrx_word' id='word_1_148' title='bbox 779 1628 1063 1693; x_wconf 86' lang='grc' dir='ltr'>πολιτικὸς</span> <span class='ocrx_word' id='word_1_149' title='bbox 1091 1627 1150 1684; x_wconf 73' lang='lat' dir='ltr'><strong>st</strong></span> <span class='ocrx_word' id='word_1_150' title='bbox 1177 1629 1344 1700; x_wconf 84' lang='grc' dir='ltr'>νόμος</span> <span class='ocrx_word' id='word_1_151' title='bbox 1369 1628 1431 1682; x_wconf 77' lang='grc' dir='ltr'>τὸ</span> <span class='ocrx_word' id='word_1_152' title='bbox 1490 1629 1779 1699; x_wconf 84' lang='grc' dir='ltr'>κρατῆσαν</span> 
     </span>
    </p>
   </div>
   <div class='ocr_carea' id='block_1_22' title="bbox 203 1718 1778 1791">
    <p class='ocr_par' dir='ltr' id='par_1_22' title="bbox 203 1718 1778 1791">
     <span class='ocr_line' id='line_1_22' title="bbox 203 1718 1778 1791; baseline 0.002 -18"><span class='ocrx_word' id='word_1_153' title='bbox 203 1719 330 1784; x_wconf 68' lang='grc' dir='ltr'>ἔθος</span> <span class='ocrx_word' id='word_1_154' title='bbox 360 1719 527 1790; x_wconf 86' lang='grc' dir='ltr'>νόμου</span> <span class='ocrx_word' id='word_1_155' title='bbox 563 1719 799 1791; x_wconf 84' lang='grc' dir='ltr'>δύναμιν</span> <span class='ocrx_word' id='word_1_156' title='bbox 829 1718 975 1791; x_wconf 79' lang='grc' dir='ltr'>έχειν</span> <span class='ocrx_word' id='word_1_157' title='bbox 1020 1720 1400 1777; x_wconf 79' lang='grc' dir='ltr'>διακελεύεται</span> <span class='ocrx_word' id='word_1_158' title='bbox 1426 1737 1441 1754; x_wconf 79' lang='grc' dir='ltr'><strong><em>ο</em></strong></span> <span class='ocrx_word' id='word_1_159' title='bbox 1531 1721 1637 1776; x_wconf 82' lang='grc' dir='ltr'><strong>κάν</strong></span> <span class='ocrx_word' id='word_1_160' title='bbox 1701 1719 1778 1791; x_wconf 79' lang='grc' dir='ltr'>μὴ</span> 
     </span>
    </p>
   </div>
   <div class='ocr_carea' id='block_1_23' title="bbox 201 1811 1778 1883">
    <p class='ocr_par' dir='ltr' id='par_1_23' title="bbox 201 1811 1778 1883">
     <span class='ocr_line' id='line_1_23' title="bbox 201 1811 1778 1883; baseline -0.001 -17"><span class='ocrx_word' id='word_1_161' title='bbox 201 1813 309 1866; x_wconf 73' lang='grc' dir='ltr'><strong>ὑπὸ</strong></span> <span class='ocrx_word' id='word_1_162' title='bbox 343 1812 515 1880; x_wconf 89' lang='grc' dir='ltr'>ἀγίων</span> <span class='ocrx_word' id='word_1_163' title='bbox 537 1811 751 1883; x_wconf 86' lang='grc' dir='ltr'>ἀνδρῶν</span> <span class='ocrx_word' id='word_1_164' title='bbox 805 1812 875 1868; x_wconf 78' lang='grc' dir='ltr'>τὰ</span> <span class='ocrx_word' id='word_1_165' title='bbox 940 1812 1309 1883; x_wconf 68' lang='grc' dir='ltr'>νενομισμένα</span> <span class='ocrx_word' id='word_1_166' title='bbox 1367 1813 1483 1876; x_wconf 74' lang='grc' dir='ltr'>τοῖς</span> <span class='ocrx_word' id='word_1_167' title='bbox 1532 1811 1778 1876; x_wconf 82' lang='grc' dir='ltr'>πολίταις</span> 
     </span>
    </p>
   </div>
   <div class='ocr_carea' id='block_1_24' title="bbox 202 1901 1776 1975">
    <p class='ocr_par' dir='ltr' id='par_1_24' title="bbox 202 1901 1776 1975">
     <span class='ocr_line' id='line_1_24' title="bbox 202 1901 1776 1975; baseline 0.001 -18"><span class='ocrx_word' id='word_1_168' title='bbox 202 1902 706 1974; x_wconf 73' lang='grc' dir='ltr'>ὶδαγματίσθησαν.</span> <span class='ocrx_word' id='word_1_169' title='bbox 739 1903 883 1975; x_wconf 69' lang='grc' dir='ltr'>Φησὶ</span> <span class='ocrx_word' id='word_1_170' title='bbox 903 1904 1014 1975; x_wconf 89' lang='grc' dir='ltr'><strong>γάρ</strong></span> <span class='ocrx_word' id='word_1_171' title='bbox 1063 1903 1270 1975; x_wconf 85' lang='grc' dir='ltr'>βιϐλίον</span> <span class='ocrx_word' id='word_1_172' title='bbox 1311 1901 1356 1975; x_wconf 85' lang='grc' dir='ltr'><strong>β’</strong></span> <span class='ocrx_word' id='word_1_173' title='bbox 1391 1904 1503 1957; x_wconf 85' lang='grc' dir='ltr'><strong>τῶν</strong></span> <span class='ocrx_word' id='word_1_174' title='bbox 1550 1903 1776 1958; x_wconf 83' lang='grc' dir='ltr'>Βασιλι-</span> 
     </span>
    </p>
   </div>
   <div class='ocr_carea' id='block_1_25' title="bbox 199 1988 1779 2066">
    <p class='ocr_par' dir='ltr' id='par_1_25' title="bbox 199 1988 1779 2066">
     <span class='ocr_line' id='line_1_25' title="bbox 199 1988 1779 2066; baseline 0.001 -19"><span class='ocrx_word' id='word_1_175' title='bbox 199 1994 336 2059; x_wconf 85' lang='grc' dir='ltr'>κῶν,</span> <span class='ocrx_word' id='word_1_176' title='bbox 361 1993 528 2065; x_wconf 87' lang='grc' dir='ltr'>τίτλῳ</span> <span class='ocrx_word' id='word_1_177' title='bbox 555 2000 628 2061; x_wconf 84' lang='grc' dir='ltr'>α’,</span> <span class='ocrx_word' id='word_1_178' title='bbox 649 2010 779 2064; x_wconf 75' lang='grc' dir='ltr'>κεφ.</span> <span class='ocrx_word' id='word_1_179' title='bbox 813 1993 916 2065; x_wconf 70' lang='grc' dir='ltr'>λβθ,</span> <span class='ocrx_word' id='word_1_180' title='bbox 944 1994 1074 2066; x_wconf 76' lang='grc' dir='ltr'>περὶ</span> <span class='ocrx_word' id='word_1_181' title='bbox 1097 1988 1173 2049; x_wconf 78' lang='grc' dir='ltr'>ὧν</span> <span class='ocrx_word' id='word_1_182' title='bbox 1196 1995 1471 2066; x_wconf 77' lang='grc' dir='ltr'>ιγγραφος</span> <span class='ocrx_word' id='word_1_183' title='bbox 1505 1993 1568 2048; x_wconf 81' lang='grc' dir='ltr'>οὐ</span> <span class='ocrx_word' id='word_1_184' title='bbox 1601 1995 1779 2049; x_wconf 75' lang='grc' dir='ltr'>κειται</span> 
     </span>
    </p>
   </div>
   <div class='ocr_carea' id='block_1_26' title="bbox 203 2083 1779 2159">
    <p class='ocr_par' dir='ltr' id='par_1_26' title="bbox 203 2083 1779 2159">
     <span class='ocr_line' id='line_1_26' title="bbox 203 2083 1779 2159; baseline 0.003 -23"><span class='ocrx_word' id='word_1_185' title='bbox 203 2083 374 2154; x_wconf 88' lang='grc' dir='ltr'>νόμος</span> <span class='ocrx_word' id='word_1_186' title='bbox 407 2083 861 2155; x_wconf 81' lang='grc' dir='ltr'>παραφυλάττειν</span> <span class='ocrx_word' id='word_1_187' title='bbox 891 2085 1056 2141; x_wconf 77' lang='grc' dir='ltr'>δεῖτὸ</span> <span class='ocrx_word' id='word_1_188' title='bbox 1089 2085 1212 2151; x_wconf 74' lang='grc' dir='ltr'>ῐθος</span> <span class='ocrx_word' id='word_1_189' title='bbox 1277 2088 1372 2140; x_wconf 78' lang='grc' dir='ltr'>καὶ</span> <span class='ocrx_word' id='word_1_190' title='bbox 1429 2086 1531 2159; x_wconf 78' lang='grc' dir='ltr'>τὴν</span> <span class='ocrx_word' id='word_1_191' title='bbox 1613 2086 1779 2158; x_wconf 78' lang='grc' dir='ltr'>συνήο</span> 
     </span>
    </p>
   </div>
   <div class='ocr_carea' id='block_1_27' title="bbox 201 2172 1778 2250">
    <p class='ocr_par' dir='ltr' id='par_1_27' title="bbox 201 2172 1778 2250">
     <span class='ocr_line' id='line_1_27' title="bbox 201 2172 1778 2250; baseline 0.003 -21"><span class='ocrx_word' id='word_1_192' title='bbox 201 2175 378 2242; x_wconf 86' lang='grc' dir='ltr'>θειαν,</span> <span class='ocrx_word' id='word_1_193' title='bbox 407 2177 502 2230; x_wconf 73' lang='grc' dir='ltr'>καὶ</span> <span class='ocrx_word' id='word_1_194' title='bbox 544 2175 616 2232; x_wconf 84' lang='grc' dir='ltr'><strong>τά</strong></span> <span class='ocrx_word' id='word_1_195' title='bbox 643 2172 789 2248; x_wconf 60' lang='grc' dir='ltr'>ἑῆς.</span> <span class='ocrx_word' id='word_1_196' title='bbox 843 2178 954 2232; x_wconf 74' lang='grc' dir='ltr'><strong>Καὶ</strong></span> <span class='ocrx_word' id='word_1_197' title='bbox 1006 2174 1198 2243; x_wconf 80' lang='grc' dir='ltr'>αὖθις·</span> <span class='ocrx_word' id='word_1_198' title='bbox 1244 2178 1458 2234; x_wconf 79' lang='grc' dir='ltr'>Παλαιὰ</span> <span class='ocrx_word' id='word_1_199' title='bbox 1519 2179 1778 2250; x_wconf 85' lang='grc' dir='ltr'>συνήθεια</span> 
     </span>
    </p>
   </div>
   <div class='ocr_carea' id='block_1_28' title="bbox 199 2265 1784 2341">
    <p class='ocr_par' dir='ltr' id='par_1_28' title="bbox 199 2265 1784 2341">
     <span class='ocr_line' id='line_1_28' title="bbox 199 2265 1784 2341; baseline 0.001 -21"><span class='ocrx_word' id='word_1_200' title='bbox 199 2269 320 2321; x_wconf 78' lang='grc' dir='ltr'>ἀντὶ</span> <span class='ocrx_word' id='word_1_201' title='bbox 347 2267 513 2338; x_wconf 82' lang='grc' dir='ltr'>νόμου</span> <span class='ocrx_word' id='word_1_202' title='bbox 537 2269 884 2336; x_wconf 81' lang='grc' dir='ltr'>φυλάττεται.</span> <span class='ocrx_word' id='word_1_203' title='bbox 912 2271 1020 2324; x_wconf 74' lang='grc' dir='ltr'><strong>Καὶ</strong></span> <span class='ocrx_word' id='word_1_204' title='bbox 1054 2271 1216 2325; x_wconf 88' lang='grc' dir='ltr'>πάλιν</span> <span class='ocrx_word' id='word_1_205' title='bbox 1234 2265 1256 2304; x_wconf 68' lang='grc' dir='ltr'><strong>θ’</strong></span> <span class='ocrx_word' id='word_1_206' title='bbox 1290 2270 1356 2326; x_wconf 87' lang='grc' dir='ltr'><strong>Ἦ</strong></span> <span class='ocrx_word' id='word_1_207' title='bbox 1391 2273 1580 2341; x_wconf 75' lang='grc' dir='ltr'>μακρὰ</span> <span class='ocrx_word' id='word_1_208' title='bbox 1619 2271 1784 2340; x_wconf 75' lang='grc' dir='ltr'>συνή-</span> 
     </span>
    </p>
   </div>
   <div class='ocr_carea' id='block_1_29' title="bbox 200 2355 1780 2431">
    <p class='ocr_par' dir='ltr' id='par_1_29' title="bbox 200 2355 1780 2431">
     <span class='ocr_line' id='line_1_29' title="bbox 200 2355 1780 2431; baseline 0.001 -19"><span class='ocrx_word' id='word_1_209' title='bbox 200 2358 322 2413; x_wconf 85' lang='grc' dir='ltr'>θεια</span> <span class='ocrx_word' id='word_1_210' title='bbox 378 2358 501 2415; x_wconf 72' lang='grc' dir='ltr'>ἀντὶ</span> <span class='ocrx_word' id='word_1_211' title='bbox 526 2359 692 2429; x_wconf 82' lang='grc' dir='ltr'>νόμου</span> <span class='ocrx_word' id='word_1_212' title='bbox 742 2361 957 2429; x_wconf 81' lang='grc' dir='ltr'>κρατεῖ,</span> <span class='ocrx_word' id='word_1_213' title='bbox 996 2361 1053 2413; x_wconf 80' lang='grc' dir='ltr'>ἑν</span> <span class='ocrx_word' id='word_1_214' title='bbox 1089 2355 1171 2424; x_wconf 76' lang='grc' dir='ltr'>οἷς</span> <span class='ocrx_word' id='word_1_215' title='bbox 1211 2361 1312 2414; x_wconf 80' lang='grc' dir='ltr'>οὐκ</span> <span class='ocrx_word' id='word_1_216' title='bbox 1370 2361 1518 2414; x_wconf 74' lang='grc' dir='ltr'>εστιν</span> <span class='ocrx_word' id='word_1_217' title='bbox 1576 2360 1780 2431; x_wconf 80' lang='grc' dir='ltr'>ιγγρα-</span> 
     </span>
    </p>
   </div>
   <div class='ocr_carea' id='block_1_30' title="bbox 201 2444 1784 2522">
    <p class='ocr_par' dir='ltr' id='par_1_30' title="bbox 201 2444 1784 2522">
     <span class='ocr_line' id='line_1_30' title="bbox 201 2444 1784 2522; baseline 0.002 -20"><span class='ocrx_word' id='word_1_218' title='bbox 201 2467 321 2518; x_wconf 74' lang='grc' dir='ltr'>φος.</span> <span class='ocrx_word' id='word_1_219' title='bbox 406 2450 568 2513; x_wconf 81' lang='grc' dir='ltr'>Ἒθος</span> <span class='ocrx_word' id='word_1_220' title='bbox 627 2451 687 2504; x_wconf 74' lang='grc' dir='ltr'><strong>δε</strong></span> <span class='ocrx_word' id='word_1_221' title='bbox 736 2450 886 2518; x_wconf 89' lang='grc' dir='ltr'>λέγει</span> <span class='ocrx_word' id='word_1_222' title='bbox 937 2453 965 2504; x_wconf 81' lang='grc' dir='ltr'><strong>δ</strong></span> <span class='ocrx_word' id='word_1_223' title='bbox 1001 2451 1159 2519; x_wconf 74' lang='grc' dir='ltr'>ἅγιος</span> <span class='ocrx_word' id='word_1_224' title='bbox 1197 2444 1355 2514; x_wconf 68' lang='grc' dir='ltr'>οὗτος</span> <span class='ocrx_word' id='word_1_225' title='bbox 1381 2451 1443 2504; x_wconf 85' lang='grc' dir='ltr'><strong>τδ</strong></span> <span class='ocrx_word' id='word_1_226' title='bbox 1475 2452 1533 2504; x_wconf 75' lang='grc' dir='ltr'><strong>έν</strong></span> <span class='ocrx_word' id='word_1_227' title='bbox 1551 2455 1616 2522; x_wconf 79' lang='grc' dir='ltr'><strong>τῇ</strong></span> <span class='ocrx_word' id='word_1_228' title='bbox 1657 2452 1784 2505; x_wconf 77' lang='grc' dir='ltr'>Ἐκ·-</span> 
     </span>
    </p>
   </div>
   <div class='ocr_carea' id='block_1_31' title="bbox 205 2538 1784 2612">
    <p class='ocr_par' dir='ltr' id='par_1_31' title="bbox 205 2538 1784 2612">
     <span class='ocr_line' id='line_1_31' title="bbox 205 2538 1784 2612; baseline 0.003 -20"><span class='ocrx_word' id='word_1_229' title='bbox 205 2538 410 2611; x_wconf 78' lang='grc' dir='ltr'>κλησίᾳ</span> <span class='ocrx_word' id='word_1_230' title='bbox 431 2541 852 2611; x_wconf 64' lang='grc' dir='ltr'>ἐνεργούμενον.</span> <span class='ocrx_word' id='word_1_231' title='bbox 901 2541 1029 2596; x_wconf 81' lang='grc' dir='ltr'>Ἐὰν</span> <span class='ocrx_word' id='word_1_232' title='bbox 1086 2542 1197 2612; x_wconf 90' lang='grc' dir='ltr'><strong>γάρ</strong></span> <span class='ocrx_word' id='word_1_233' title='bbox 1229 2559 1313 2605; x_wconf 91' lang='grc' dir='ltr'><strong>τις</strong></span> <span class='ocrx_word' id='word_1_234' title='bbox 1336 2541 1492 2596; x_wconf 69' lang='grc' dir='ltr'>δυσὶν</span> <span class='ocrx_word' id='word_1_235' title='bbox 1523 2542 1784 2612; x_wconf 79' lang='grc' dir='ltr'>ἀδελφαῖς</span> 
     </span>
    </p>
   </div>
   <div class='ocr_carea' id='block_1_32' title="bbox 204 2628 1784 2702">
    <p class='ocr_par' dir='ltr' id='par_1_32' title="bbox 204 2628 1784 2702">
     <span class='ocr_line' id='line_1_32' title="bbox 204 2628 1784 2702; baseline 0.003 -20"><span class='ocrx_word' id='word_1_236' title='bbox 204 2628 471 2699; x_wconf 84' lang='grc' dir='ltr'>ἀθέσμως</span> <span class='ocrx_word' id='word_1_237' title='bbox 503 2630 698 2702; x_wconf 77' lang='grc' dir='ltr'>μιχθῇ,</span> <span class='ocrx_word' id='word_1_238' title='bbox 725 2630 913 2700; x_wconf 75' lang='grc' dir='ltr'>φησὶν,</span> <span class='ocrx_word' id='word_1_239' title='bbox 976 2630 1036 2684; x_wconf 84' lang='grc' dir='ltr'><strong>οὐ</strong></span> <span class='ocrx_word' id='word_1_240' title='bbox 1100 2630 1367 2701; x_wconf 87' lang='grc' dir='ltr'>πρότερον</span> <span class='ocrx_word' id='word_1_241' title='bbox 1417 2631 1784 2702; x_wconf 79' lang='grc' dir='ltr'>παραδέχεται</span> 
     </span>
    </p>
   </div>
   <div class='ocr_carea' id='block_1_33' title="bbox 205 2718 1784 2792">
    <p class='ocr_par' dir='ltr' id='par_1_33' title="bbox 205 2718 1784 2792">
     <span class='ocr_line' id='line_1_33' title="bbox 205 2718 1784 2792; baseline 0.003 -20"><span class='ocrx_word' id='word_1_242' title='bbox 205 2722 290 2784; x_wconf 86' lang='grc' dir='ltr'><strong>εἰς</strong></span> <span class='ocrx_word' id='word_1_243' title='bbox 340 2720 698 2792; x_wconf 81' lang='grc' dir='ltr'>Ἐκκλησίαν,</span> <span class='ocrx_word' id='word_1_244' title='bbox 722 2720 869 2791; x_wconf 76' lang='grc' dir='ltr'>είμὴ</span> <span class='ocrx_word' id='word_1_245' title='bbox 897 2720 1222 2792; x_wconf 81' lang='grc' dir='ltr'>χωρισθεῖεν</span> <span class='ocrx_word' id='word_1_246' title='bbox 1273 2719 1370 2774; x_wconf 85' lang='grc' dir='ltr'><strong>ἀπ’</strong></span> <span class='ocrx_word' id='word_1_247' title='bbox 1426 2718 1680 2791; x_wconf 72' lang='grc' dir='ltr'>ἀλλήλων</span> <span class='ocrx_word' id='word_1_248' title='bbox 1733 2723 1784 2775; x_wconf 76' lang='lat' dir='ltr'><strong>oi</strong></span> 
     </span>
    </p>
   </div>
   <div class='ocr_carea' id='block_1_34' title="bbox 204 2807 1788 2881">
    <p class='ocr_par' dir='ltr' id='par_1_34' title="bbox 204 2807 1788 2881">
     <span class='ocr_line' id='line_1_34' title="bbox 204 2807 1788 2881; baseline 0.003 -21"><span class='ocrx_word' id='word_1_249' title='bbox 204 2807 356 2862; x_wconf 79' lang='grc' dir='ltr'>οὕτω</span> <span class='ocrx_word' id='word_1_250' title='bbox 379 2808 716 2879; x_wconf 81' lang='grc' dir='ltr'>μιανθέντες,</span> <span class='ocrx_word' id='word_1_251' title='bbox 740 2808 818 2873; x_wconf 88' lang='grc' dir='ltr'><strong>ώς</strong></span> <span class='ocrx_word' id='word_1_252' title='bbox 846 2809 981 2879; x_wconf 76' lang='grc' dir='ltr'>μηδὲ</span> <span class='ocrx_word' id='word_1_253' title='bbox 1005 2808 1189 2877; x_wconf 85' lang='grc' dir='ltr'>γάμου</span> <span class='ocrx_word' id='word_1_254' title='bbox 1250 2807 1344 2861; x_wconf 86' lang='grc' dir='ltr'><strong>τοῦ</strong></span> <span class='ocrx_word' id='word_1_255' title='bbox 1401 2807 1646 2863; x_wconf 82' lang='grc' dir='ltr'>τοιούτου</span> <span class='ocrx_word' id='word_1_256' title='bbox 1683 2808 1788 2881; x_wconf 82' lang='grc' dir='ltr'><strong>μύ-</strong></span> 
     </span>
    </p>
   </div>
   <div class='ocr_carea' id='block_1_35' title="bbox 209 2895 1788 2972">
    <p class='ocr_par' dir='ltr' id='par_1_35' title="bbox 209 2895 1788 2972">
     <span class='ocr_line' id='line_1_35' title="bbox 209 2895 1788 2972; baseline 0.002 -20"><span class='ocrx_word' id='word_1_257' title='bbox 209 2916 344 2964; x_wconf 85' lang='grc' dir='ltr'>σους</span> <span class='ocrx_word' id='word_1_258' title='bbox 373 2898 752 2968; x_wconf 75' lang='grc' dir='ltr'>λογιζομένου.</span> <span class='ocrx_word' id='word_1_259' title='bbox 785 2902 906 2955; x_wconf 78' lang='grc' dir='ltr'><strong>Κάν</strong></span> <span class='ocrx_word' id='word_1_260' title='bbox 936 2895 1030 2953; x_wconf 75' lang='grc' dir='ltr'>οὖν</span> <span class='ocrx_word' id='word_1_261' title='bbox 1053 2900 1183 2954; x_wconf 78' lang='grc' dir='ltr'>ἀλλο</span> <span class='ocrx_word' id='word_1_262' title='bbox 1215 2918 1267 2954; x_wconf 92' lang='grc' dir='ltr'><strong>τι</strong></span> <span class='ocrx_word' id='word_1_263' title='bbox 1295 2899 1397 2955; x_wconf 81' lang='grc' dir='ltr'>οὐκ</span> <span class='ocrx_word' id='word_1_264' title='bbox 1430 2899 1651 2972; x_wconf 81' lang='grc' dir='ltr'>εῐχομεν</span> <span class='ocrx_word' id='word_1_265' title='bbox 1709 2902 1788 2956; x_wconf 86' lang='grc' dir='ltr'>εί-</span> 
     </span>
    </p>
   </div>
   <div class='ocr_carea' id='block_1_36' title="bbox 211 2989 1780 3062">
    <p class='ocr_par' dir='ltr' id='par_1_36' title="bbox 211 2989 1780 3062">
     <span class='ocr_line' id='line_1_36' title="bbox 211 2989 1780 3062; baseline 0.003 -20"><span class='ocrx_word' id='word_1_266' title='bbox 211 2992 362 3052; x_wconf 77' lang='grc' dir='ltr'>πετν,</span> <span class='ocrx_word' id='word_1_267' title='bbox 381 2990 540 3043; x_wconf 88' lang='grc' dir='ltr'>τοῦτο</span> <span class='ocrx_word' id='word_1_268' title='bbox 562 2989 624 3043; x_wconf 78' lang='grc' dir='ltr'><strong>τὸ</strong></span> <span class='ocrx_word' id='word_1_269' title='bbox 651 2989 772 3053; x_wconf 77' lang='grc' dir='ltr'>έθος</span> <span class='ocrx_word' id='word_1_270' title='bbox 787 2989 951 3061; x_wconf 67' lang='grc' dir='ltr'>ἤρκει</span> <span class='ocrx_word' id='word_1_271' title='bbox 983 2990 1064 3052; x_wconf 87' lang='grc' dir='ltr'><strong>είς</strong></span> <span class='ocrx_word' id='word_1_272' title='bbox 1084 2990 1405 3062; x_wconf 77' lang='grc' dir='ltr'>ἀποτροπὴν</span> <span class='ocrx_word' id='word_1_273' title='bbox 1449 2990 1545 3044; x_wconf 89' lang='grc' dir='ltr'><strong>τοῦ</strong></span> <span class='ocrx_word' id='word_1_274' title='bbox 1582 2990 1780 3046; x_wconf 86' lang='grc' dir='ltr'>κακοῦ.</span> 
     </span>
    </p>
   </div>
   <div class='ocr_carea' id='block_1_37' title="bbox 223 3080 1788 3154">
    <p class='ocr_par' dir='ltr' id='par_1_37' title="bbox 223 3080 1788 3154">
     <span class='ocr_line' id='line_1_37' title="bbox 223 3080 1788 3154; baseline 0.003 -22"><span class='ocrx_word' id='word_1_275' title='bbox 223 3081 381 3133; x_wconf 75' lang='grc' dir='ltr'>Ἐπεὶ</span> <span class='ocrx_word' id='word_1_276' title='bbox 408 3080 488 3147; x_wconf 67' lang='grc' dir='ltr'>δὲ,</span> <span class='ocrx_word' id='word_1_277' title='bbox 515 3082 706 3149; x_wconf 81' lang='grc' dir='ltr'>φησὶν,</span> <span class='ocrx_word' id='word_1_278' title='bbox 744 3082 772 3134; x_wconf 81' lang='grc'>6</span> <span class='ocrx_word' id='word_1_279' title='bbox 802 3081 1182 3151; x_wconf 83' lang='grc' dir='ltr'>συνηγορήσας</span> <span class='ocrx_word' id='word_1_280' title='bbox 1205 3081 1295 3134; x_wconf 74' lang='grc' dir='ltr'><strong>διὰ</strong></span> <span class='ocrx_word' id='word_1_281' title='bbox 1353 3081 1455 3152; x_wconf 78' lang='grc' dir='ltr'>τῆς</span> <span class='ocrx_word' id='word_1_282' title='bbox 1499 3081 1788 3154; x_wconf 70' lang='grc' dir='ltr'>ἐπιστολῆς</span> 
     </span>
    </p>
   </div>
   <div class='ocr_carea' id='block_1_38' title="bbox 211 3169 1786 3242">
    <p class='ocr_par' dir='ltr' id='par_1_38' title="bbox 211 3169 1786 3242">
     <span class='ocr_line' id='line_1_38' title="bbox 211 3169 1786 3242; baseline 0.001 -18"><span class='ocrx_word' id='word_1_283' title='bbox 211 3171 484 3241; x_wconf 61' lang='grc' dir='ltr'>τῷκαίῷ,</span> <span class='ocrx_word' id='word_1_284' title='bbox 515 3171 596 3242; x_wconf 83' lang='grc' dir='ltr'><strong>τῷ</strong></span> <span class='ocrx_word' id='word_1_285' title='bbox 640 3169 856 3240; x_wconf 84' lang='grc' dir='ltr'>παλαιῷ</span> <span class='ocrx_word' id='word_1_286' title='bbox 893 3172 1173 3242; x_wconf 71' lang='grc' dir='ltr'>ἐχρήσατο</span> <span class='ocrx_word' id='word_1_287' title='bbox 1195 3171 1367 3242; x_wconf 81' lang='grc' dir='ltr'>νόμῳ,</span> <span class='ocrx_word' id='word_1_288' title='bbox 1424 3170 1502 3242; x_wconf 86' lang='grc' dir='ltr'><strong>τῷ</strong></span> <span class='ocrx_word' id='word_1_289' title='bbox 1550 3171 1786 3241; x_wconf 74' lang='grc' dir='ltr'>λέγοντι,</span> 
     </span>
    </p>
   </div>
   <div class='ocr_carea' id='block_1_39' title="bbox 212 3262 1792 3333">
    <p class='ocr_par' dir='ltr' id='par_1_39' title="bbox 212 3262 1792 3333">
     <span class='ocr_line' id='line_1_39' title="bbox 212 3262 1792 3333; baseline 0.001 -15"><span class='ocrx_word' id='word_1_290' title='bbox 212 3263 490 3318; x_wconf 78' lang='grc' dir='ltr'>Γυναῖκα</span> <span class='ocrx_word' id='word_1_291' title='bbox 517 3262 610 3316; x_wconf 80' lang='grc' dir='ltr'><strong>ἐπ’</strong></span> <span class='ocrx_word' id='word_1_292' title='bbox 649 3262 889 3332; x_wconf 65' lang='grc' dir='ltr'>ἀδελφῇ</span> <span class='ocrx_word' id='word_1_293' title='bbox 918 3263 1110 3330; x_wconf 83' lang='grc' dir='ltr'>αὐτῆς</span> <span class='ocrx_word' id='word_1_294' title='bbox 1149 3264 1222 3318; x_wconf 85' lang='grc' dir='ltr'><strong>οὐ</strong></span> <span class='ocrx_word' id='word_1_295' title='bbox 1249 3262 1423 3332; x_wconf 70' lang='grc' dir='ltr'><strong>λήψῃ</strong></span> <span class='ocrx_word' id='word_1_296' title='bbox 1473 3263 1792 3333; x_wconf 75' lang='grc' dir='ltr'>ἀντίζηλον</span> 
     </span>
    </p>
   </div>
   <div class='ocr_carea' id='block_1_40' title="bbox 209 3354 1794 3426">
    <p class='ocr_par' dir='ltr' id='par_1_40' title="bbox 209 3354 1794 3426">
     <span class='ocr_line' id='line_1_40' title="bbox 209 3354 1794 3426; baseline 0.001 -16"><span class='ocrx_word' id='word_1_297' title='bbox 209 3355 610 3425; x_wconf 66' lang='grc' dir='ltr'>ἀποκαλύψαι</span> <span class='ocrx_word' id='word_1_298' title='bbox 637 3355 1082 3424; x_wconf 79' lang='grc' dir='ltr'>ἀσχημοσύνην</span> <span class='ocrx_word' id='word_1_299' title='bbox 1108 3354 1325 3424; x_wconf 80' lang='grc' dir='ltr'>αὐτῆς,</span> <span class='ocrx_word' id='word_1_300' title='bbox 1350 3354 1439 3408; x_wconf 74' lang='grc' dir='ltr'>ἔτι</span> <span class='ocrx_word' id='word_1_301' title='bbox 1469 3354 1661 3426; x_wconf 78' lang='grc' dir='ltr'>ζώσης</span> <span class='ocrx_word' id='word_1_302' title='bbox 1686 3359 1794 3412; x_wconf 83' lang='grc' dir='ltr'><strong>αὐ·</strong></span> 
     </span>
    </p>
   </div>
   <div class='ocr_carea' id='block_1_41' title="bbox 209 3443 1788 3518">
    <p class='ocr_par' dir='ltr' id='par_1_41' title="bbox 209 3443 1788 3518">
     <span class='ocr_line' id='line_1_41' title="bbox 209 3443 1788 3518; baseline 0.003 -20"><span class='ocrx_word' id='word_1_303' title='bbox 209 3445 329 3512; x_wconf 83' lang='grc' dir='ltr'>τῆς</span> <span class='ocrx_word' id='word_1_304' title='bbox 361 3458 374 3474; x_wconf 91' lang='grc'><strong>·</strong></span> <span class='ocrx_word' id='word_1_305' title='bbox 422 3443 726 3499; x_wconf 83' lang='grc' dir='ltr'>κάντεῦθεν</span> <span class='ocrx_word' id='word_1_306' title='bbox 767 3445 1096 3515; x_wconf 80' lang='grc' dir='ltr'>συνήγαγεν,</span> <span class='ocrx_word' id='word_1_307' title='bbox 1131 3445 1216 3499; x_wconf 85' lang='grc' dir='ltr'><strong>δτι</strong></span> <span class='ocrx_word' id='word_1_308' title='bbox 1244 3448 1616 3516; x_wconf 86' lang='grc' dir='ltr'>συγχωρεῖται</span> <span class='ocrx_word' id='word_1_309' title='bbox 1643 3447 1788 3518; x_wconf 66' lang='grc' dir='ltr'><strong>λαμ⁶</strong></span> 
     </span>
    </p>
   </div>
   <div class='ocr_carea' id='block_1_42' title="bbox 211 3536 1792 3609">
    <p class='ocr_par' dir='ltr' id='par_1_42' title="bbox 211 3536 1792 3609">
     <span class='ocr_line' id='line_1_42' title="bbox 211 3536 1792 3609; baseline 0.001 -20"><span class='ocrx_word' id='word_1_310' title='bbox 211 3539 404 3591; x_wconf 84' lang='grc' dir='ltr'>ϐάνειν</span> <span class='ocrx_word' id='word_1_311' title='bbox 433 3536 849 3606; x_wconf 80' lang='grc' dir='ltr'>τελευτησάσης</span> <span class='ocrx_word' id='word_1_312' title='bbox 877 3537 978 3607; x_wconf 72' lang='grc' dir='ltr'>τὴν</span> <span class='ocrx_word' id='word_1_313' title='bbox 1010 3537 1248 3608; x_wconf 79' lang='grc' dir='ltr'>ἀδελφὴν</span> <span class='ocrx_word' id='word_1_314' title='bbox 1281 3537 1456 3607; x_wconf 77' lang='grc' dir='ltr'>αὐτῆς</span> <span class='ocrx_word' id='word_1_315' title='bbox 1481 3555 1494 3570; x_wconf 89' lang='grc'><strong>·</strong></span> <span class='ocrx_word' id='word_1_316' title='bbox 1576 3539 1792 3609; x_wconf 86' lang='grc' dir='ltr'>πρῶτον</span> 
     </span>
    </p>
   </div>
   <div class='ocr_carea' id='block_1_43' title="bbox 217 3627 1794 3699">
    <p class='ocr_par' dir='ltr' id='par_1_43' title="bbox 217 3627 1794 3699">
     <span class='ocr_line' id='line_1_43' title="bbox 217 3627 1794 3699; baseline 0.001 -18"><span class='ocrx_word' id='word_1_317' title='bbox 217 3631 321 3698; x_wconf 74' lang='grc' dir='ltr'>μὶν</span> <span class='ocrx_word' id='word_1_318' title='bbox 351 3630 378 3681; x_wconf 83' lang='grc' dir='ltr'><strong>δ</strong></span> <span class='ocrx_word' id='word_1_319' title='bbox 416 3629 574 3698; x_wconf 84' lang='grc' dir='ltr'>ἀγιος</span> <span class='ocrx_word' id='word_1_320' title='bbox 597 3629 777 3696; x_wconf 83' lang='grc' dir='ltr'>λέγει,</span> <span class='ocrx_word' id='word_1_321' title='bbox 803 3630 884 3682; x_wconf 86' lang='grc' dir='ltr'>ὅτι</span> <span class='ocrx_word' id='word_1_322' title='bbox 912 3628 1011 3682; x_wconf 80' lang='grc' dir='ltr'>ὅσα</span> <span class='ocrx_word' id='word_1_323' title='bbox 1041 3627 1256 3699; x_wconf 83' lang='grc' dir='ltr'>δνόμος</span> <span class='ocrx_word' id='word_1_324' title='bbox 1336 3629 1510 3698; x_wconf 80' lang='grc' dir='ltr'>λέγει,</span> <span class='ocrx_word' id='word_1_325' title='bbox 1587 3633 1700 3693; x_wconf 81' lang='grc' dir='ltr'>τοῖς</span> <span class='ocrx_word' id='word_1_326' title='bbox 1737 3633 1794 3684; x_wconf 81' lang='grc' dir='ltr'>ὲν</span> 
     </span>
    </p>
   </div>
   <div class='ocr_carea' id='block_1_44' title="bbox 211 3717 1792 3792">
    <p class='ocr_par' dir='ltr' id='par_1_44' title="bbox 211 3717 1792 3792">
     <span class='ocr_line' id='line_1_44' title="bbox 211 3717 1792 3792; baseline 0.001 -20"><span class='ocrx_word' id='word_1_327' title='bbox 211 3719 293 3790; x_wconf 80' lang='grc' dir='ltr'>τῷ</span> <span class='ocrx_word' id='word_1_328' title='bbox 320 3719 469 3789; x_wconf 82' lang='grc' dir='ltr'>νόμῳ</span> <span class='ocrx_word' id='word_1_329' title='bbox 494 3720 666 3774; x_wconf 82' lang='grc' dir='ltr'>λαλεῖ.</span> <span class='ocrx_word' id='word_1_330' title='bbox 700 3719 762 3773; x_wconf 85' lang='grc' dir='ltr'><strong>Εί</strong></span> <span class='ocrx_word' id='word_1_331' title='bbox 804 3717 913 3790; x_wconf 79' lang='grc' dir='ltr'><strong>γάρ</strong></span> <span class='ocrx_word' id='word_1_332' title='bbox 957 3718 1032 3789; x_wconf 79' lang='grc' dir='ltr'>μὴ</span> <span class='ocrx_word' id='word_1_333' title='bbox 1062 3718 1218 3775; x_wconf 79' lang='grc' dir='ltr'>τοῦτο</span> <span class='ocrx_word' id='word_1_334' title='bbox 1246 3718 1342 3772; x_wconf 81' lang='grc' dir='ltr'>καὶ</span> <span class='ocrx_word' id='word_1_335' title='bbox 1375 3720 1792 3792; x_wconf 86' lang='grc' dir='ltr'>περιτμηθησό-</span> 
     </span>
    </p>
   </div>
   <div class='ocr_carea' id='block_1_45' title="bbox 224 3806 1794 3883">
    <p class='ocr_par' dir='ltr' id='par_1_45' title="bbox 224 3806 1794 3883">
     <span class='ocr_line' id='line_1_45' title="bbox 224 3806 1794 3883; baseline -0.005 -19"><span class='ocrx_word' id='word_1_336' title='bbox 224 3810 391 3880; x_wconf 84' lang='grc' dir='ltr'>μεθα,</span> <span class='ocrx_word' id='word_1_337' title='bbox 435 3810 529 3864; x_wconf 80' lang='grc' dir='ltr'>καὶ</span> <span class='ocrx_word' id='word_1_338' title='bbox 569 3812 636 3864; x_wconf 74' lang='grc' dir='ltr'><strong>τὰ</strong></span> <span class='ocrx_word' id='word_1_339' title='bbox 709 3810 966 3864; x_wconf 85' lang='grc' dir='ltr'>Σάϐϐατα</span> <span class='ocrx_word' id='word_1_340' title='bbox 1026 3806 1358 3879; x_wconf 76' lang='grc' dir='ltr'>φυλάξομεν,</span> <span class='ocrx_word' id='word_1_341' title='bbox 1415 3813 1511 3865; x_wconf 75' lang='grc' dir='ltr'>καὶ</span> <span class='ocrx_word' id='word_1_342' title='bbox 1576 3811 1794 3883; x_wconf 76' lang='grc' dir='ltr'>βρωμά.</span> 
     </span>
    </p>
   </div>
   <div class='ocr_carea' id='block_1_46' title="bbox 220 3902 1798 3975">
    <p class='ocr_par' dir='ltr' id='par_1_46' title="bbox 220 3902 1798 3975">
     <span class='ocr_line' id='line_1_46' title="bbox 220 3902 1798 3975; baseline -0.001 -19"><span class='ocrx_word' id='word_1_343' title='bbox 220 3922 333 3957; x_wconf 81' lang='grc' dir='ltr'><strong>των</strong></span> <span class='ocrx_word' id='word_1_344' title='bbox 371 3904 647 3975; x_wconf 81' lang='grc' dir='ltr'>διαφόρων</span> <span class='ocrx_word' id='word_1_345' title='bbox 685 3902 1033 3973; x_wconf 74' lang='grc' dir='ltr'>ἀφεξόμεθα·</span> <span class='ocrx_word' id='word_1_346' title='bbox 1071 3904 1130 3956; x_wconf 80' lang='grc' dir='ltr'>οὐ</span> <span class='ocrx_word' id='word_1_347' title='bbox 1155 3903 1264 3972; x_wconf 85' lang='grc' dir='ltr'><strong>γὰρ</strong></span> <span class='ocrx_word' id='word_1_348' title='bbox 1287 3903 1395 3957; x_wconf 86' lang='grc' dir='ltr'><strong>τῶν</strong></span> <span class='ocrx_word' id='word_1_349' title='bbox 1444 3903 1798 3974; x_wconf 72' lang='grc' dir='ltr'>περιποιοῦν-</span> 
     </span>
    </p>
   </div>
   <div class='ocr_carea' id='block_1_47' title="bbox 218 3993 1799 4065">
    <p class='ocr_par' dir='ltr' id='par_1_47' title="bbox 218 3993 1799 4065">
     <span class='ocr_line' id='line_1_47' title="bbox 218 3993 1799 4065; baseline -0.001 -17"><span class='ocrx_word' id='word_1_350' title='bbox 218 4013 332 4050; x_wconf 88' lang='grc' dir='ltr'><strong>των</strong></span> <span class='ocrx_word' id='word_1_351' title='bbox 356 3996 488 4065; x_wconf 80' lang='grc' dir='ltr'>ἡμῖν</span> <span class='ocrx_word' id='word_1_352' title='bbox 528 3994 722 4064; x_wconf 79' lang='grc' dir='ltr'>ἡδονὰς</span> <span class='ocrx_word' id='word_1_353' title='bbox 765 3993 1104 4063; x_wconf 75' lang='grc' dir='ltr'>ἀνθεξόμεθα</span> <span class='ocrx_word' id='word_1_354' title='bbox 1152 3994 1217 4047; x_wconf 73' lang='grc' dir='ltr'>ὲκ</span> <span class='ocrx_word' id='word_1_355' title='bbox 1241 3993 1335 4047; x_wconf 90' lang='grc' dir='ltr'><strong>τοῦ</strong></span> <span class='ocrx_word' id='word_1_356' title='bbox 1388 3993 1650 4049; x_wconf 76' lang='grc' dir='ltr'>παλαιοῦο</span> <span class='ocrx_word' id='word_1_357' title='bbox 1690 3994 1799 4046; x_wconf 83' lang='grc' dir='ltr'><strong>τῶν</strong></span> 
     </span>
    </p>
   </div>
   <div class='ocr_carea' id='block_1_48' title="bbox 216 4082 1802 4155">
    <p class='ocr_par' dir='ltr' id='par_1_48' title="bbox 216 4082 1802 4155">
     <span class='ocr_line' id='line_1_48' title="bbox 216 4082 1802 4155; baseline 0.002 -19"><span class='ocrx_word' id='word_1_358' title='bbox 216 4085 275 4136; x_wconf 80' lang='grc' dir='ltr'>δὲ</span> <span class='ocrx_word' id='word_1_359' title='bbox 317 4083 454 4153; x_wconf 85' lang='grc' dir='ltr'>βαρύ</span> <span class='ocrx_word' id='word_1_360' title='bbox 486 4101 540 4137; x_wconf 89' lang='grc' dir='ltr'><strong>τι</strong></span> <span class='ocrx_word' id='word_1_361' title='bbox 567 4084 800 4153; x_wconf 77' lang='grc' dir='ltr'>ἑχόντων</span> <span class='ocrx_word' id='word_1_362' title='bbox 819 4082 1149 4154; x_wconf 78' lang='grc' dir='ltr'>ἀφεξόμεθα,</span> <span class='ocrx_word' id='word_1_363' title='bbox 1187 4084 1283 4136; x_wconf 80' lang='grc' dir='ltr'>καὶ</span> <span class='ocrx_word' id='word_1_364' title='bbox 1309 4085 1376 4155; x_wconf 78' lang='grc' dir='ltr'>τῇ</span> <span class='ocrx_word' id='word_1_365' title='bbox 1416 4084 1505 4138; x_wconf 88' lang='grc' dir='ltr'><strong>διά</strong></span> <span class='ocrx_word' id='word_1_366' title='bbox 1529 4084 1624 4138; x_wconf 83' lang='grc' dir='ltr'><strong>τοῦ</strong></span> <span class='ocrx_word' id='word_1_367' title='bbox 1668 4086 1802 4154; x_wconf 82' lang='grc' dir='ltr'>Χρι-</span> 
     </span>
    </p>
   </div>
   <div class='ocr_carea' id='block_1_49' title="bbox 221 4174 1798 4246">
    <p class='ocr_par' dir='ltr' id='par_1_49' title="bbox 221 4174 1798 4246">
     <span class='ocr_line' id='line_1_49' title="bbox 221 4174 1798 4246; baseline 0.002 -20"><span class='ocrx_word' id='word_1_368' title='bbox 221 4176 351 4227; x_wconf 83' lang='grc' dir='ltr'>στοῦ</span> <span class='ocrx_word' id='word_1_369' title='bbox 384 4177 516 4245; x_wconf 70' lang='grc' dir='ltr'>ἡμῖν</span> <span class='ocrx_word' id='word_1_370' title='bbox 550 4174 766 4246; x_wconf 77' lang='grc' dir='ltr'>δοθείσῃ</span> <span class='ocrx_word' id='word_1_371' title='bbox 820 4174 1106 4244; x_wconf 74' lang='grc' dir='ltr'>ἐλευθερία</span> <span class='ocrx_word' id='word_1_372' title='bbox 1126 4174 1249 4228; x_wconf 87' lang='grc' dir='ltr'>τότε</span> <span class='ocrx_word' id='word_1_373' title='bbox 1278 4174 1798 4246; x_wconf 77' lang='grc' dir='ltr'>προσδραμούμεθα.</span> 
     </span>
    </p>
   </div>
   <div class='ocr_carea' id='block_1_50' title="bbox 231 4263 1806 4335">
    <p class='ocr_par' dir='ltr' id='par_1_50' title="bbox 231 4263 1806 4335">
     <span class='ocr_line' id='line_1_50' title="bbox 231 4263 1806 4335; baseline -0.001 -16"><span class='ocrx_word' id='word_1_374' title='bbox 231 4266 295 4319; x_wconf 90' lang='lat'><strong>&#39;0</strong></span> <span class='ocrx_word' id='word_1_375' title='bbox 321 4269 431 4335; x_wconf 68' lang='grc' dir='ltr'><strong>γάρ</strong></span> <span class='ocrx_word' id='word_1_376' title='bbox 481 4265 576 4319; x_wconf 89' lang='grc' dir='ltr'><strong>τοῦ</strong></span> <span class='ocrx_word' id='word_1_377' title='bbox 619 4263 858 4334; x_wconf 80' lang='grc' dir='ltr'>Χριστοῦ</span> <span class='ocrx_word' id='word_1_378' title='bbox 897 4267 1062 4334; x_wconf 85' lang='grc' dir='ltr'>νόμος</span> <span class='ocrx_word' id='word_1_379' title='bbox 1095 4263 1466 4333; x_wconf 75' lang='grc' dir='ltr'>ἠλευθέρωσεν</span> <span class='ocrx_word' id='word_1_380' title='bbox 1500 4265 1648 4332; x_wconf 76' lang='grc' dir='ltr'>ἡμᾶς</span> <span class='ocrx_word' id='word_1_381' title='bbox 1695 4264 1806 4318; x_wconf 82' lang='grc' dir='ltr'><strong>τῶν</strong></span> 
     </span>
    </p>
   </div>
   <div class='ocr_carea' id='block_1_51' title="bbox 221 4354 1807 4429">
    <p class='ocr_par' dir='ltr' id='par_1_51' title="bbox 221 4354 1807 4429">
     <span class='ocr_line' id='line_1_51' title="bbox 221 4354 1807 4429; baseline -0.001 -17"><span class='ocrx_word' id='word_1_382' title='bbox 221 4357 439 4429; x_wconf 83' lang='grc' dir='ltr'>βαρέων</span> <span class='ocrx_word' id='word_1_383' title='bbox 471 4355 564 4410; x_wconf 84' lang='grc' dir='ltr'><strong>τοῦ</strong></span> <span class='ocrx_word' id='word_1_384' title='bbox 593 4357 785 4425; x_wconf 87' lang='grc' dir='ltr'>νόμου,</span> <span class='ocrx_word' id='word_1_385' title='bbox 839 4355 947 4408; x_wconf 78' lang='grc' dir='ltr'><strong>τῶν</strong></span> <span class='ocrx_word' id='word_1_386' title='bbox 974 4354 1072 4424; x_wconf 79' lang='grc' dir='ltr'>τῆς</span> <span class='ocrx_word' id='word_1_387' title='bbox 1102 4354 1406 4425; x_wconf 81' lang='grc' dir='ltr'>περιτομῆς</span> <span class='ocrx_word' id='word_1_388' title='bbox 1439 4354 1666 4426; x_wconf 79' lang='grc' dir='ltr'>δηλαδὴ,</span> <span class='ocrx_word' id='word_1_389' title='bbox 1712 4359 1807 4411; x_wconf 74' lang='grc' dir='ltr'><strong>καὶ</strong></span> 
     </span>
    </p>
   </div>
   <div class='ocr_carea' id='block_1_52' title="bbox 214 4444 1806 4522">
    <p class='ocr_par' dir='ltr' id='par_1_52' title="bbox 214 4444 1806 4522">
     <span class='ocr_line' id='line_1_52' title="bbox 214 4444 1806 4522; baseline -0.001 -20"><span class='ocrx_word' id='word_1_390' title='bbox 214 4449 320 4516; x_wconf 84' lang='grc' dir='ltr'>τῆς</span> <span class='ocrx_word' id='word_1_391' title='bbox 359 4449 468 4502; x_wconf 82' lang='grc' dir='ltr'><strong>τῶν</strong></span> <span class='ocrx_word' id='word_1_392' title='bbox 492 4445 892 4517; x_wconf 84' lang='grc' dir='ltr'>κεκωλυμένων</span> <span class='ocrx_word' id='word_1_393' title='bbox 945 4444 1250 4522; x_wconf 73' lang='grc' dir='ltr'>βρωμάτιον</span> <span class='ocrx_word' id='word_1_394' title='bbox 1295 4448 1527 4518; x_wconf 79' lang='grc' dir='ltr'>ἀποχῆς,</span> <span class='ocrx_word' id='word_1_395' title='bbox 1576 4448 1668 4501; x_wconf 89' lang='grc' dir='ltr'><strong>τοῦ</strong></span> <span class='ocrx_word' id='word_1_396' title='bbox 1716 4447 1806 4501; x_wconf 88' lang='grc' dir='ltr'><strong>τδν</strong></span> 
     </span>
    </p>
   </div>
   <div class='ocr_carea' id='block_1_53' title="bbox 218 4533 1882 4606">
    <p class='ocr_par' dir='ltr' id='par_1_53' title="bbox 218 4533 1882 4606">
     <span class='ocr_line' id='line_1_53' title="bbox 218 4533 1882 4606; baseline -0.001 -17"><span class='ocrx_word' id='word_1_397' title='bbox 218 4536 492 4606; x_wconf 79' lang='grc' dir='ltr'>γονορρυἧ</span> <span class='ocrx_word' id='word_1_398' title='bbox 539 4534 850 4603; x_wconf 84' lang='grc' dir='ltr'>ἀκάθαρτον</span> <span class='ocrx_word' id='word_1_399' title='bbox 903 4533 1209 4605; x_wconf 86' lang='grc' dir='ltr'>κρίνεσθαι,</span> <span class='ocrx_word' id='word_1_400' title='bbox 1251 4535 1348 4586; x_wconf 72' lang='grc' dir='ltr'>καὶ</span> <span class='ocrx_word' id='word_1_401' title='bbox 1396 4535 1488 4588; x_wconf 76' lang='grc' dir='ltr'>τὸν</span> <span class='ocrx_word' id='word_1_402' title='bbox 1526 4535 1803 4605; x_wconf 81' lang='grc' dir='ltr'>ἁψάμενον</span> <span class='ocrx_word' id='word_1_403' title='bbox 1830 4534 1882 4594; x_wconf 90' lang='lat' dir='ltr'><strong>D</strong></span> 
     </span>
    </p>
   </div>
   <div class='ocr_carea' id='block_1_54' title="bbox 218 4623 1806 4696">
    <p class='ocr_par' dir='ltr' id='par_1_54' title="bbox 218 4623 1806 4696">
     <span class='ocr_line' id='line_1_54' title="bbox 218 4623 1806 4696; baseline 0.002 -17"><span class='ocrx_word' id='word_1_404' title='bbox 218 4625 443 4696; x_wconf 78' lang='grc' dir='ltr'>νεκροῦ,</span> <span class='ocrx_word' id='word_1_405' title='bbox 501 4628 596 4678; x_wconf 73' lang='grc' dir='ltr'>καὶ</span> <span class='ocrx_word' id='word_1_406' title='bbox 647 4624 738 4677; x_wconf 81' lang='grc' dir='ltr'>τὸν</span> <span class='ocrx_word' id='word_1_407' title='bbox 785 4623 1158 4694; x_wconf 82' lang='grc' dir='ltr'>λεπρωθέντα,</span> <span class='ocrx_word' id='word_1_408' title='bbox 1207 4624 1303 4677; x_wconf 73' lang='grc' dir='ltr'>καὶ</span> <span class='ocrx_word' id='word_1_409' title='bbox 1349 4626 1526 4680; x_wconf 81' lang='grc' dir='ltr'>ἀλλων</span> <span class='ocrx_word' id='word_1_410' title='bbox 1573 4627 1806 4684; x_wconf 85' lang='grc' dir='ltr'>πολλῶν.</span> 
     </span>
    </p>
   </div>
   <div class='ocr_carea' id='block_1_55' title="bbox 231 4716 1810 4789">
    <p class='ocr_par' dir='ltr' id='par_1_55' title="bbox 231 4716 1810 4789">
     <span class='ocr_line' id='line_1_55' title="bbox 231 4716 1810 4789; baseline -0.001 -15"><span class='ocrx_word' id='word_1_411' title='bbox 231 4718 582 4789; x_wconf 79' lang='grc' dir='ltr'>Ἠρωτήθην,</span> <span class='ocrx_word' id='word_1_412' title='bbox 618 4717 804 4787; x_wconf 78' lang='grc' dir='ltr'>φησὶν,</span> <span class='ocrx_word' id='word_1_413' title='bbox 824 4718 872 4769; x_wconf 89' lang='grc' dir='ltr'><strong>εί</strong></span> <span class='ocrx_word' id='word_1_414' title='bbox 905 4716 1216 4786; x_wconf 83' lang='grc' dir='ltr'>γέγραπται</span> <span class='ocrx_word' id='word_1_415' title='bbox 1249 4717 1548 4789; x_wconf 86' lang='grc' dir='ltr'>λαμϐάνειν</span> <span class='ocrx_word' id='word_1_416' title='bbox 1576 4720 1810 4787; x_wconf 79' lang='grc' dir='ltr'>γυναῖκα</span> 
     </span>
    </p>
   </div>
   <div class='ocr_carea' id='block_1_56' title="bbox 223 4808 1802 4881">
    <p class='ocr_par' dir='ltr' id='par_1_56' title="bbox 223 4808 1802 4881">
     <span class='ocr_line' id='line_1_56' title="bbox 223 4808 1802 4881; baseline 0.001 -16"><span class='ocrx_word' id='word_1_417' title='bbox 223 4811 312 4864; x_wconf 74' lang='grc' dir='ltr'><strong>ἐπ’</strong></span> <span class='ocrx_word' id='word_1_418' title='bbox 346 4810 572 4879; x_wconf 81' lang='grc' dir='ltr'>ἀδελφῇ,</span> <span class='ocrx_word' id='word_1_419' title='bbox 595 4811 762 4881; x_wconf 75' lang='grc' dir='ltr'>ἠγουν</span> <span class='ocrx_word' id='word_1_420' title='bbox 792 4810 840 4861; x_wconf 83' lang='grc' dir='ltr'><strong>εί</strong></span> <span class='ocrx_word' id='word_1_421' title='bbox 873 4808 973 4879; x_wconf 84' lang='grc' dir='ltr'>τῆς</span> <span class='ocrx_word' id='word_1_422' title='bbox 1003 4809 1264 4877; x_wconf 71' lang='grc' dir='ltr'>γυναικὸς</span> <span class='ocrx_word' id='word_1_423' title='bbox 1287 4811 1488 4874; x_wconf 72' lang='grc' dir='ltr'>αὐτοὺς</span> <span class='ocrx_word' id='word_1_424' title='bbox 1521 4808 1618 4881; x_wconf 80' lang='grc' dir='ltr'>τὴν</span> <span class='ocrx_word' id='word_1_425' title='bbox 1653 4810 1802 4866; x_wconf 84' lang='grc' dir='ltr'>ἀδελ-</span> 
     </span>
    </p>
   </div>
   <div class='ocr_carea' id='block_1_57' title="bbox 225 4903 1808 4976">
    <p class='ocr_par' dir='ltr' id='par_1_57' title="bbox 225 4903 1808 4976">
     <span class='ocr_line' id='line_1_57' title="bbox 225 4903 1808 4976; baseline -0.008 -17"><span class='ocrx_word' id='word_1_426' title='bbox 225 4907 336 4976; x_wconf 77' lang='grc' dir='ltr'>φὴν</span> <span class='ocrx_word' id='word_1_427' title='bbox 389 4905 565 4969; x_wconf 76' lang='grc' dir='ltr'>ἔξεστι</span> <span class='ocrx_word' id='word_1_428' title='bbox 625 4904 926 4974; x_wconf 76' lang='grc' dir='ltr'>λαμϐάνειν</span> <span class='ocrx_word' id='word_1_429' title='bbox 980 4905 1128 4958; x_wconf 87' lang='grc' dir='ltr'>τινί·</span> <span class='ocrx_word' id='word_1_430' title='bbox 1165 4909 1261 4960; x_wconf 82' lang='grc' dir='ltr'>καὶ</span> <span class='ocrx_word' id='word_1_431' title='bbox 1300 4903 1454 4960; x_wconf 76' lang='grc' dir='ltr'>εἷπον</span> <span class='ocrx_word' id='word_1_432' title='bbox 1483 4907 1566 4959; x_wconf 82' lang='grc' dir='ltr'>ὅτι</span> <span class='ocrx_word' id='word_1_433' title='bbox 1623 4907 1684 4959; x_wconf 81' lang='grc' dir='ltr'>οὺ</span> <span class='ocrx_word' id='word_1_434' title='bbox 1715 4907 1808 4973; x_wconf 84' lang='grc' dir='ltr'>γέ..</span> 
     </span>
    </p>
   </div>
   <div class='ocr_carea' id='block_1_58' title="bbox 223 4995 1812 5066">
    <p class='ocr_par' dir='ltr' id='par_1_58' title="bbox 223 4995 1812 5066">
     <span class='ocr_line' id='line_1_58' title="bbox 223 4995 1812 5066; baseline -0.001 -17"><span class='ocrx_word' id='word_1_435' title='bbox 223 5012 494 5066; x_wconf 87' lang='grc' dir='ltr'>γραπται.</span> <span class='ocrx_word' id='word_1_436' title='bbox 524 4997 703 5065; x_wconf 80' lang='grc' dir='ltr'>Ὅπερ</span> <span class='ocrx_word' id='word_1_437' title='bbox 743 4995 838 5048; x_wconf 71' lang='grc' dir='ltr'>καὶ</span> <span class='ocrx_word' id='word_1_438' title='bbox 887 4995 1087 5066; x_wconf 80' lang='grc' dir='ltr'>ἀληθές</span> <span class='ocrx_word' id='word_1_439' title='bbox 1117 4997 1287 5060; x_wconf 75' lang='grc' dir='ltr'>ἐστιν,</span> <span class='ocrx_word' id='word_1_440' title='bbox 1335 4995 1470 5050; x_wconf 86' lang='grc' dir='ltr'><strong>ἀλλά</strong></span> <span class='ocrx_word' id='word_1_441' title='bbox 1513 4996 1610 5050; x_wconf 72' lang='grc' dir='ltr'>καὶ</span> <span class='ocrx_word' id='word_1_442' title='bbox 1634 4997 1812 5063; x_wconf 83' lang='grc' dir='ltr'>ἀσφα-</span> 
     </span>
    </p>
   </div>
   <div class='ocr_carea' id='block_1_59' title="bbox 224 5086 1810 5157">
    <p class='ocr_par' dir='ltr' id='par_1_59' title="bbox 224 5086 1810 5157">
     <span class='ocr_line' id='line_1_59' title="bbox 224 5086 1810 5157; baseline -0.002 -17"><span class='ocrx_word' id='word_1_443' title='bbox 224 5089 340 5151; x_wconf 82' lang='grc' dir='ltr'>λές.</span> <span class='ocrx_word' id='word_1_444' title='bbox 381 5087 456 5140; x_wconf 83' lang='grc' dir='ltr'>Τὸ</span> <span class='ocrx_word' id='word_1_445' title='bbox 489 5087 548 5140; x_wconf 77' lang='grc' dir='ltr'>δὲ</span> <span class='ocrx_word' id='word_1_446' title='bbox 582 5087 990 5155; x_wconf 75' lang='grc' dir='ltr'>συλλογίζεσθαι</span> <span class='ocrx_word' id='word_1_447' title='bbox 1018 5089 1079 5140; x_wconf 76' lang='grc' dir='ltr'>τὸ</span> <span class='ocrx_word' id='word_1_448' title='bbox 1121 5087 1416 5156; x_wconf 73' lang='grc' dir='ltr'>σιωπηθὲν,</span> <span class='ocrx_word' id='word_1_449' title='bbox 1465 5088 1632 5157; x_wconf 72' lang='grc' dir='ltr'>ἤγουν</span> <span class='ocrx_word' id='word_1_450' title='bbox 1687 5086 1810 5140; x_wconf 65' lang='grc' dir='ltr'>επεὶ</span> 
     </span>
    </p>
   </div>
   <div class='ocr_carea' id='block_1_60' title="bbox 225 5171 1805 5247">
    <p class='ocr_par' dir='ltr' id='par_1_60' title="bbox 225 5171 1805 5247">
     <span class='ocr_line' id='line_1_60' title="bbox 225 5171 1805 5247; baseline -0.001 -15"><span class='ocrx_word' id='word_1_451' title='bbox 225 5180 257 5232; x_wconf 84' lang='grc' dir='ltr'><strong>δ</strong></span> <span class='ocrx_word' id='word_1_452' title='bbox 289 5177 454 5246; x_wconf 87' lang='grc' dir='ltr'>νόμος</span> <span class='ocrx_word' id='word_1_453' title='bbox 480 5171 658 5244; x_wconf 72' lang='grc' dir='ltr'>εἶπεν,</span> <span class='ocrx_word' id='word_1_454' title='bbox 692 5177 798 5242; x_wconf 80' lang='grc' dir='ltr'>ὅτι,</span> <span class='ocrx_word' id='word_1_455' title='bbox 835 5180 918 5232; x_wconf 84' lang='grc' dir='ltr'><strong>Οὐ</strong></span> <span class='ocrx_word' id='word_1_456' title='bbox 944 5177 1118 5245; x_wconf 72' lang='grc' dir='ltr'><strong><em>λήψῃ</em></strong></span> <span class='ocrx_word' id='word_1_457' title='bbox 1155 5176 1415 5247; x_wconf 76' lang='grc' dir='ltr'>γυναῖκα</span> <span class='ocrx_word' id='word_1_458' title='bbox 1443 5177 1536 5228; x_wconf 78' lang='grc' dir='ltr'><strong>ἐπ’</strong></span> <span class='ocrx_word' id='word_1_459' title='bbox 1568 5175 1805 5246; x_wconf 71' lang='grc' dir='ltr'>ἀδελφῇ</span> 
     </span>
    </p>
   </div>
   <div class='ocr_carea' id='block_1_61' title="bbox 228 5264 1805 5337">
    <p class='ocr_par' dir='ltr' id='par_1_61' title="bbox 228 5264 1805 5337">
     <span class='ocr_line' id='line_1_61' title="bbox 228 5264 1805 5337; baseline -0.002 -15"><span class='ocrx_word' id='word_1_460' title='bbox 228 5264 424 5334; x_wconf 79' lang='grc' dir='ltr'>αὐτῆς</span> <span class='ocrx_word' id='word_1_461' title='bbox 456 5265 795 5337; x_wconf 65' lang='grc' dir='ltr'>ἁντιζηλον,</span> <span class='ocrx_word' id='word_1_462' title='bbox 823 5267 922 5322; x_wconf 81' lang='grc' dir='ltr'><strong>καί</strong></span> <span class='ocrx_word' id='word_1_463' title='bbox 957 5270 1045 5323; x_wconf 73' lang='grc' dir='ltr'>ἔτι</span> <span class='ocrx_word' id='word_1_464' title='bbox 1076 5267 1270 5333; x_wconf 82' lang='grc' dir='ltr'>ζώσης</span> <span class='ocrx_word' id='word_1_465' title='bbox 1306 5266 1520 5334; x_wconf 84' lang='grc' dir='ltr'>αὐτῆς,</span> <span class='ocrx_word' id='word_1_466' title='bbox 1575 5267 1805 5320; x_wconf 88' lang='grc' dir='ltr'>ἀκόλου-</span> 
     </span>
    </p>
   </div>
   <div class='ocr_carea' id='block_1_62' title="bbox 229 5359 1804 5429">
    <p class='ocr_par' dir='ltr' id='par_1_62' title="bbox 229 5359 1804 5429">
     <span class='ocr_line' id='line_1_62' title="bbox 229 5359 1804 5429; baseline -0.001 -18"><span class='ocrx_word' id='word_1_467' title='bbox 229 5359 329 5411; x_wconf 74' lang='grc' dir='ltr'><strong>θόν</strong></span> <span class='ocrx_word' id='word_1_468' title='bbox 356 5359 525 5424; x_wconf 73' lang='grc' dir='ltr'>ἐστιν,</span> <span class='ocrx_word' id='word_1_469' title='bbox 557 5359 640 5411; x_wconf 84' lang='grc' dir='ltr'>ὅτι</span> <span class='ocrx_word' id='word_1_470' title='bbox 677 5362 812 5428; x_wconf 86' lang='grc' dir='ltr'><strong>μετά</strong></span> <span class='ocrx_word' id='word_1_471' title='bbox 840 5362 1069 5415; x_wconf 84' lang='grc' dir='ltr'>θάνατον</span> <span class='ocrx_word' id='word_1_472' title='bbox 1104 5360 1163 5412; x_wconf 76' lang='grc' dir='ltr'><strong>οὐ</strong></span> <span class='ocrx_word' id='word_1_473' title='bbox 1191 5361 1460 5413; x_wconf 80' lang='grc' dir='ltr'>κωλύεται</span> <span class='ocrx_word' id='word_1_474' title='bbox 1511 5359 1612 5429; x_wconf 82' lang='grc' dir='ltr'>τὴν</span> <span class='ocrx_word' id='word_1_475' title='bbox 1648 5359 1804 5412; x_wconf 80' lang='grc' dir='ltr'>ἀδελ-</span> 
     </span>
    </p>
   </div>
   <div class='ocr_carea' id='block_1_63' title="bbox 233 5449 1809 5522">
    <p class='ocr_par' dir='ltr' id='par_1_63' title="bbox 233 5449 1809 5522">
     <span class='ocr_line' id='line_1_63' title="bbox 233 5449 1809 5522; baseline 0 -21"><span class='ocrx_word' id='word_1_476' title='bbox 233 5449 344 5520; x_wconf 79' lang='grc' dir='ltr'>φὴν</span> <span class='ocrx_word' id='word_1_477' title='bbox 376 5451 474 5519; x_wconf 82' lang='grc' dir='ltr'>τῆς</span> <span class='ocrx_word' id='word_1_478' title='bbox 501 5451 763 5517; x_wconf 68' lang='grc' dir='ltr'>γυναικδς</span> <span class='ocrx_word' id='word_1_479' title='bbox 791 5451 1119 5519; x_wconf 83' lang='grc' dir='ltr'>λαμϐάνειν,</span> <span class='ocrx_word' id='word_1_480' title='bbox 1150 5452 1224 5514; x_wconf 81' lang='grc' dir='ltr'><strong>ὡς</strong></span> <span class='ocrx_word' id='word_1_481' title='bbox 1261 5453 1459 5522; x_wconf 81' lang='grc' dir='ltr'>μηκέτι</span> <span class='ocrx_word' id='word_1_482' title='bbox 1521 5450 1621 5518; x_wconf 82' lang='grc' dir='ltr'>τῆς</span> <span class='ocrx_word' id='word_1_483' title='bbox 1651 5449 1809 5520; x_wconf 81' lang='grc' dir='ltr'>ζηλο-</span> 
     </span>
    </p>
   </div>
   <div class='ocr_carea' id='block_1_64' title="bbox 233 5540 1805 5612">
    <p class='ocr_par' dir='ltr' id='par_1_64' title="bbox 233 5540 1805 5612">
     <span class='ocr_line' id='line_1_64' title="bbox 233 5540 1805 5612; baseline 0 -18"><span class='ocrx_word' id='word_1_484' title='bbox 233 5541 440 5604; x_wconf 81' lang='grc' dir='ltr'>τυπίας</span> <span class='ocrx_word' id='word_1_485' title='bbox 480 5543 748 5611; x_wconf 71' lang='grc' dir='ltr'>ἐσομένης</span> <span class='ocrx_word' id='word_1_486' title='bbox 778 5559 793 5574; x_wconf 77' lang='grc' dir='ltr'>ο</span> <span class='ocrx_word' id='word_1_487' title='bbox 823 5543 981 5596; x_wconf 80' lang='grc' dir='ltr'>τοῦτο</span> <span class='ocrx_word' id='word_1_488' title='bbox 1004 5582 1020 5603; x_wconf 89' lang='grc'><strong>.</strong></span> <span class='ocrx_word' id='word_1_489' title='bbox 1050 5545 1207 5612; x_wconf 71' lang='grc' dir='ltr'>φησὶ,</span> <span class='ocrx_word' id='word_1_490' title='bbox 1238 5543 1299 5596; x_wconf 75' lang='grc' dir='ltr'>τὸ</span> <span class='ocrx_word' id='word_1_491' title='bbox 1352 5540 1579 5595; x_wconf 84' lang='grc' dir='ltr'>τοιαῦτα</span> <span class='ocrx_word' id='word_1_492' title='bbox 1626 5542 1805 5608; x_wconf 82' lang='grc' dir='ltr'>λέγειν</span> 
     </span>
    </p>
   </div>
   <div class='ocr_carea' id='block_1_65' title="bbox 235 5632 1806 5701">
    <p class='ocr_par' dir='ltr' id='par_1_65' title="bbox 235 5632 1806 5701">
     <span class='ocr_line' id='line_1_65' title="bbox 235 5632 1806 5701; baseline 0.001 -17"><span class='ocrx_word' id='word_1_493' title='bbox 235 5632 558 5700; x_wconf 81' lang='grc' dir='ltr'>νομοθετεῖν</span> <span class='ocrx_word' id='word_1_494' title='bbox 586 5633 704 5685; x_wconf 70' lang='grc' dir='ltr'>ἔστι</span> <span class='ocrx_word' id='word_1_495' title='bbox 735 5637 828 5686; x_wconf 74' lang='grc' dir='ltr'>καὶ</span> <span class='ocrx_word' id='word_1_496' title='bbox 863 5634 1096 5696; x_wconf 86' lang='grc' dir='ltr'>οἰκείους</span> <span class='ocrx_word' id='word_1_497' title='bbox 1120 5634 1465 5700; x_wconf 82' lang='grc' dir='ltr'>συνεισάγειν</span> <span class='ocrx_word' id='word_1_498' title='bbox 1498 5633 1719 5701; x_wconf 80' lang='grc' dir='ltr'>νόμους,</span> <span class='ocrx_word' id='word_1_499' title='bbox 1749 5634 1806 5686; x_wconf 79' lang='grc' dir='ltr'>οὐ</span> 
     </span>
    </p>
   </div>
   <div class='ocr_carea' id='block_1_66' title="bbox 236 5722 1810 5793">
    <p class='ocr_par' dir='ltr' id='par_1_66' title="bbox 236 5722 1810 5793">
     <span class='ocr_line' id='line_1_66' title="bbox 236 5722 1810 5793; baseline -0.001 -17"><span class='ocrx_word' id='word_1_500' title='bbox 236 5722 308 5776; x_wconf 75' lang='grc' dir='ltr'><strong>τὰ</strong></span> <span class='ocrx_word' id='word_1_501' title='bbox 342 5723 436 5776; x_wconf 81' lang='grc' dir='ltr'><strong>τοῦ</strong></span> <span class='ocrx_word' id='word_1_502' title='bbox 469 5725 637 5792; x_wconf 79' lang='grc' dir='ltr'>νόμον</span> <span class='ocrx_word' id='word_1_503' title='bbox 692 5723 875 5789; x_wconf 81' lang='grc' dir='ltr'>λέγειν</span> <span class='ocrx_word' id='word_1_504' title='bbox 908 5740 923 5755; x_wconf 86' lang='grc'><strong>·</strong></span> <span class='ocrx_word' id='word_1_505' title='bbox 960 5726 1007 5777; x_wconf 82' lang='grc' dir='ltr'><strong>εί</strong></span> <span class='ocrx_word' id='word_1_506' title='bbox 1040 5725 1148 5793; x_wconf 83' lang='grc' dir='ltr'><strong>γὰρ</strong></span> <span class='ocrx_word' id='word_1_507' title='bbox 1178 5724 1362 5793; x_wconf 78' lang='grc' dir='ltr'>δῶμεν</span> <span class='ocrx_word' id='word_1_508' title='bbox 1411 5726 1545 5791; x_wconf 80' lang='grc' dir='ltr'>μετᾶ</span> <span class='ocrx_word' id='word_1_509' title='bbox 1581 5724 1810 5778; x_wconf 70' lang='grc' dir='ltr'>θάνατον</span> 
     </span>
    </p>
   </div>
   <div class='ocr_carea' id='block_1_67' title="bbox 348 5819 917 5882">
    <p class='ocr_par' dir='ltr' id='par_1_67' title="bbox 348 5819 917 5882">
     <span class='ocr_line' id='line_1_67' title="bbox 348 5819 917 5882; baseline 0 -9"><span class='ocrx_word' id='word_1_510' title='bbox 348 5823 362 5850; x_wconf 83' lang='grc'>¹</span> <span class='ocrx_word' id='word_1_511' title='bbox 407 5819 588 5873; x_wconf 62' lang='lat' dir='ltr'><strong>Leuit.</strong></span> <span class='ocrx_word' id='word_1_512' title='bbox 627 5835 786 5882; x_wconf 70' lang='lat' dir='ltr'><strong>xvrtt,</strong></span> <span class='ocrx_word' id='word_1_513' title='bbox 835 5823 917 5875; x_wconf 85' lang='lat' dir='ltr'><strong>l8.</strong></span> 
     </span>
    </p>
   </div>
   <div class='ocr_carea' id='block_1_68' title="bbox 1941 1083 3445 1151">
    <p class='ocr_par' dir='ltr' id='par_1_68' title="bbox 1941 1083 3445 1151">
     <span class='ocr_line' id='line_1_68' title="bbox 1941 1083 3445 1151; baseline -0.002 -14"><span class='ocrx_word' id='word_1_514' title='bbox 1941 1083 2196 1140; x_wconf 80' lang='lat' dir='ltr'><strong>ZONAR.</strong></span> <span class='ocrx_word' id='word_1_515' title='bbox 2227 1084 2362 1140; x_wconf 88' lang='lat' dir='ltr'><strong>Cum</strong></span> <span class='ocrx_word' id='word_1_516' title='bbox 2397 1091 2620 1141; x_wconf 85' lang='lat' dir='ltr'><strong>sanctus</strong></span> <span class='ocrx_word' id='word_1_517' title='bbox 2645 1096 2948 1140; x_wconf 78' lang='lat' dir='ltr'><strong>sermonem</strong></span> <span class='ocrx_word' id='word_1_518' title='bbox 2981 1088 3356 1151; x_wconf 71' lang='lat' dir='ltr'><strong>praeparasset,</strong></span> <span class='ocrx_word' id='word_1_519' title='bbox 3390 1088 3445 1134; x_wconf 89' lang='lat' dir='ltr'><strong>et</strong></span> 
     </span>
    </p>
   </div>
   <div class='ocr_carea' id='block_1_69' title="bbox 1869 1171 3444 1244">
    <p class='ocr_par' dir='ltr' id='par_1_69' title="bbox 1869 1171 3444 1244">
     <span class='ocr_line' id='line_1_69' title="bbox 1869 1171 3444 1244; baseline -0.003 -16"><span class='ocrx_word' id='word_1_520' title='bbox 1869 1172 2117 1242; x_wconf 63' lang='lat' dir='ltr'><strong>epistolae</strong></span> <span class='ocrx_word' id='word_1_521' title='bbox 2169 1175 2492 1244; x_wconf 86' lang='lat' dir='ltr'><strong>scriptorem</strong></span> <span class='ocrx_word' id='word_1_522' title='bbox 2545 1182 2801 1244; x_wconf 88' lang='lat' dir='ltr'><strong>tanquam</strong></span> <span class='ocrx_word' id='word_1_523' title='bbox 2847 1172 2900 1227; x_wconf 94' lang='lat' dir='ltr'><strong>in</strong></span> <span class='ocrx_word' id='word_1_524' title='bbox 2948 1171 3107 1226; x_wconf 84' lang='lat' dir='ltr'><strong>aliam</strong></span> <span class='ocrx_word' id='word_1_525' title='bbox 3157 1184 3444 1239; x_wconf 82' lang='lat' dir='ltr'><strong>personam</strong></span> 
     </span>
    </p>
   </div>
   <div class='ocr_carea' id='block_1_70' title="bbox 1873 1259 3443 1335">
    <p class='ocr_par' dir='ltr' id='par_1_70' title="bbox 1873 1259 3443 1335">
     <span class='ocr_line' id='line_1_70' title="bbox 1873 1259 3443 1335; baseline -0.001 -20"><span class='ocrx_word' id='word_1_526' title='bbox 1873 1264 2147 1330; x_wconf 66' lang='lat' dir='ltr'><strong>vertisset,</strong></span> <span class='ocrx_word' id='word_1_527' title='bbox 2175 1280 2323 1320; x_wconf 89' lang='lat' dir='ltr'><strong>nunc</strong></span> <span class='ocrx_word' id='word_1_528' title='bbox 2345 1273 2400 1320; x_wconf 89' lang='lat' dir='ltr'><strong>et</strong></span> <span class='ocrx_word' id='word_1_529' title='bbox 2423 1265 2491 1320; x_wconf 90' lang='lat' dir='ltr'><strong>ad</strong></span> <span class='ocrx_word' id='word_1_530' title='bbox 2515 1263 2703 1335; x_wconf 77' lang='lat' dir='ltr'><strong>scripti</strong></span> <span class='ocrx_word' id='word_1_531' title='bbox 2720 1261 3146 1319; x_wconf 79' lang='lat' dir='ltr'><strong>confutationem</strong></span> <span class='ocrx_word' id='word_1_532' title='bbox 3175 1259 3443 1329; x_wconf 74' lang='lat' dir='ltr'><strong>procedit.</strong></span> 
     </span>
    </p>
   </div>
   <div class='ocr_carea' id='block_1_71' title="bbox 1878 1348 3446 1422">
    <p class='ocr_par' dir='ltr' id='par_1_71' title="bbox 1878 1348 3446 1422">
     <span class='ocr_line' id='line_1_71' title="bbox 1878 1348 3446 1422; baseline -0.004 -15"><span class='ocrx_word' id='word_1_533' title='bbox 1878 1351 1944 1407; x_wconf 82' lang='lat' dir='ltr'><strong>Et</strong></span> <span class='ocrx_word' id='word_1_534' title='bbox 1992 1352 2173 1422; x_wconf 90' lang='lat' dir='ltr'><strong>primo</strong></span> <span class='ocrx_word' id='word_1_535' title='bbox 2214 1353 2434 1422; x_wconf 84' lang='lat' dir='ltr'><strong>quidem</strong></span> <span class='ocrx_word' id='word_1_536' title='bbox 2478 1352 2919 1410; x_wconf 85' lang='lat' dir='ltr'><strong>consuetudinem</strong></span> <span class='ocrx_word' id='word_1_537' title='bbox 2965 1348 3172 1417; x_wconf 80' lang='lat' dir='ltr'><strong>objicit,</strong></span> <span class='ocrx_word' id='word_1_538' title='bbox 3217 1362 3446 1416; x_wconf 82' lang='lat' dir='ltr'><strong>eamque</strong></span> 
     </span>
    </p>
   </div>
   <div class='ocr_carea' id='block_1_72' title="bbox 1874 1436 3442 1511">
    <p class='ocr_par' dir='ltr' id='par_1_72' title="bbox 1874 1436 3442 1511">
     <span class='ocr_line' id='line_1_72' title="bbox 1874 1436 3442 1511; baseline -0.001 -20"><span class='ocrx_word' id='word_1_539' title='bbox 1874 1436 2008 1508; x_wconf 88' lang='lat' dir='ltr'><strong>legis</strong></span> <span class='ocrx_word' id='word_1_540' title='bbox 2038 1439 2145 1494; x_wconf 90' lang='lat' dir='ltr'><strong>vim</strong></span> <span class='ocrx_word' id='word_1_541' title='bbox 2174 1439 2376 1497; x_wconf 83' lang='lat' dir='ltr'><strong>habere</strong></span> <span class='ocrx_word' id='word_1_542' title='bbox 2401 1442 2618 1507; x_wconf 84' lang='lat' dir='ltr'><strong>asserit,</strong></span> <span class='ocrx_word' id='word_1_543' title='bbox 2643 1440 2896 1511; x_wconf 89' lang='lat' dir='ltr'><strong>quoniam</strong></span> <span class='ocrx_word' id='word_1_544' title='bbox 2922 1439 3063 1494; x_wconf 85' lang='lat' dir='ltr'><strong>ritus</strong></span> <span class='ocrx_word' id='word_1_545' title='bbox 3088 1437 3201 1493; x_wconf 86' lang='lat' dir='ltr'><strong>sive</strong></span> <span class='ocrx_word' id='word_1_546' title='bbox 3219 1443 3442 1499; x_wconf 83' lang='lat' dir='ltr'><strong>statuta,</strong></span> 
     </span>
    </p>
   </div>
   <div class='ocr_carea' id='block_1_73' title="bbox 1875 1526 3445 1599">
    <p class='ocr_par' dir='ltr' id='par_1_73' title="bbox 1875 1526 3445 1599">
     <span class='ocr_line' id='line_1_73' title="bbox 1875 1526 3445 1599; baseline -0.003 -16"><span class='ocrx_word' id='word_1_547' title='bbox 1875 1544 1905 1583; x_wconf 88' lang='lat' dir='ltr'><strong>a</strong></span> <span class='ocrx_word' id='word_1_548' title='bbox 1939 1531 2140 1587; x_wconf 81' lang='lat' dir='ltr'><strong>sanctis</strong></span> <span class='ocrx_word' id='word_1_549' title='bbox 2163 1530 2421 1588; x_wconf 83' lang='lat' dir='ltr'><strong>Patribus</strong></span> <span class='ocrx_word' id='word_1_550' title='bbox 2454 1533 2674 1588; x_wconf 86' lang='lat' dir='ltr'><strong>decreta</strong></span> <span class='ocrx_word' id='word_1_551' title='bbox 2697 1571 2712 1599; x_wconf 95' lang='lat'><strong>,</strong></span> <span class='ocrx_word' id='word_1_552' title='bbox 2744 1529 2938 1587; x_wconf 80' lang='lat' dir='ltr'><strong>tradita</strong></span> <span class='ocrx_word' id='word_1_553' title='bbox 2967 1536 3112 1585; x_wconf 90' lang='lat' dir='ltr'><strong>sunt.</strong></span> <span class='ocrx_word' id='word_1_554' title='bbox 3133 1527 3272 1594; x_wconf 84' lang='lat' dir='ltr'><strong>Quin</strong></span> <span class='ocrx_word' id='word_1_555' title='bbox 3308 1526 3445 1581; x_wconf 87' lang='lat' dir='ltr'><strong>civi-</strong></span> 
     </span>
    </p>
   </div>
   <div class='ocr_carea' id='block_1_74' title="bbox 1874 1618 3446 1698">
    <p class='ocr_par' dir='ltr' id='par_1_74' title="bbox 1874 1618 3446 1698">
     <span class='ocr_line' id='line_1_74' title="bbox 1874 1618 3446 1698; baseline -0.004 -19"><span class='ocrx_word' id='word_1_556' title='bbox 1874 1622 1943 1680; x_wconf 90' lang='lat' dir='ltr'><strong>lis</strong></span> <span class='ocrx_word' id='word_1_557' title='bbox 2004 1626 2166 1680; x_wconf 88' lang='lat' dir='ltr'><strong>etiam</strong></span> <span class='ocrx_word' id='word_1_558' title='bbox 2226 1625 2313 1681; x_wconf 90' lang='lat' dir='ltr'><strong>lex</strong></span> <span class='ocrx_word' id='word_1_559' title='bbox 2368 1625 2747 1698; x_wconf 67' lang='lat' dir='ltr'><strong>pravalentem</strong></span> <span class='ocrx_word' id='word_1_560' title='bbox 2814 1621 3260 1679; x_wconf 89' lang='lat' dir='ltr'><strong>consuetudinem</strong></span> <span class='ocrx_word' id='word_1_561' title='bbox 3312 1618 3446 1688; x_wconf 89' lang='lat' dir='ltr'><strong>legis</strong></span> 
     </span>
    </p>
   </div>
   <div class='ocr_carea' id='block_1_75' title="bbox 1874 1709 3449 1787">
    <p class='ocr_par' dir='ltr' id='par_1_75' title="bbox 1874 1709 3449 1787">
     <span class='ocr_line' id='line_1_75' title="bbox 1874 1709 3449 1787; baseline -0.006 -16"><span class='ocrx_word' id='word_1_562' title='bbox 1874 1715 2022 1772; x_wconf 89' lang='lat' dir='ltr'><strong>vires</strong></span> <span class='ocrx_word' id='word_1_563' title='bbox 2046 1716 2247 1772; x_wconf 81' lang='lat' dir='ltr'><strong>habere</strong></span> <span class='ocrx_word' id='word_1_564' title='bbox 2269 1715 2426 1787; x_wconf 79' lang='lat' dir='ltr'><strong>jubet</strong></span> <span class='ocrx_word' id='word_1_565' title='bbox 2456 1733 2472 1771; x_wconf 90' lang='lat'><strong>:</strong></span> <span class='ocrx_word' id='word_1_566' title='bbox 2508 1715 2635 1771; x_wconf 90' lang='lat' dir='ltr'><strong>licet</strong></span> <span class='ocrx_word' id='word_1_567' title='bbox 2665 1729 2790 1786; x_wconf 72' lang='lat' dir='ltr'><strong>qum</strong></span> <span class='ocrx_word' id='word_1_568' title='bbox 2809 1713 3021 1770; x_wconf 84' lang='lat' dir='ltr'><strong>civibus</strong></span> <span class='ocrx_word' id='word_1_569' title='bbox 3054 1709 3294 1765; x_wconf 88' lang='lat' dir='ltr'><strong>instituta</strong></span> <span class='ocrx_word' id='word_1_570' title='bbox 3321 1719 3449 1765; x_wconf 89' lang='lat' dir='ltr'><strong>sunt</strong></span> 
     </span>
    </p>
   </div>
   <div class='ocr_carea' id='block_1_76' title="bbox 1878 1798 3454 1864">
    <p class='ocr_par' dir='ltr' id='par_1_76' title="bbox 1878 1798 3454 1864">
     <span class='ocr_line' id='line_1_76' title="bbox 1878 1798 3454 1864; baseline -0.006 -2"><span class='ocrx_word' id='word_1_571' title='bbox 1878 1822 1983 1864; x_wconf 92' lang='lat' dir='ltr'><strong>non</strong></span> <span class='ocrx_word' id='word_1_572' title='bbox 2014 1821 2045 1862; x_wconf 78' lang='grc' dir='ltr'><strong>ε</strong></span> <span class='ocrx_word' id='word_1_573' title='bbox 2075 1806 2279 1864; x_wconf 76' lang='lat' dir='ltr'><strong>sanctis</strong></span> <span class='ocrx_word' id='word_1_574' title='bbox 2305 1805 2439 1862; x_wconf 81' lang='lat' dir='ltr'><strong>viris</strong></span> <span class='ocrx_word' id='word_1_575' title='bbox 2468 1807 2683 1861; x_wconf 89' lang='lat' dir='ltr'><strong>decreta</strong></span> <span class='ocrx_word' id='word_1_576' title='bbox 2713 1804 2930 1860; x_wconf 80' lang='lat' dir='ltr'><strong>iuerint;</strong></span> <span class='ocrx_word' id='word_1_577' title='bbox 2973 1801 3118 1858; x_wconf 84' lang='lat' dir='ltr'><strong>Dicit</strong></span> <span class='ocrx_word' id='word_1_578' title='bbox 3146 1801 3289 1856; x_wconf 90' lang='lat' dir='ltr'><strong>enim</strong></span> <span class='ocrx_word' id='word_1_579' title='bbox 3315 1798 3454 1854; x_wconf 90' lang='lat' dir='ltr'><strong>liber</strong></span> 
     </span>
    </p>
   </div>
   <div class='ocr_carea' id='block_1_77' title="bbox 1881 1890 3452 1969">
    <p class='ocr_par' dir='ltr' id='par_1_77' title="bbox 1881 1890 3452 1969">
     <span class='ocr_line' id='line_1_77' title="bbox 1881 1890 3452 1969; baseline -0.008 -14"><span class='ocrx_word' id='word_1_580' title='bbox 1881 1913 1943 1963; x_wconf 88' lang='lat' dir='ltr'><strong>ll,</strong></span> <span class='ocrx_word' id='word_1_581' title='bbox 1971 1899 2054 1954; x_wconf 87' lang='lat' dir='ltr'><strong>tit.</strong></span> <span class='ocrx_word' id='word_1_582' title='bbox 2079 1899 2135 1963; x_wconf 72' lang='grc' dir='ltr'>Ι,</span> <span class='ocrx_word' id='word_1_583' title='bbox 2151 1911 2276 1969; x_wconf 90' lang='lat' dir='ltr'><strong>cap.</strong></span> <span class='ocrx_word' id='word_1_584' title='bbox 2302 1896 2374 1954; x_wconf 71' lang='lat'><strong>32</strong></span> <span class='ocrx_word' id='word_1_585' title='bbox 2403 1894 2621 1954; x_wconf 86' lang='lat' dir='ltr'><strong>Basilic.</strong></span> <span class='ocrx_word' id='word_1_586' title='bbox 2649 1911 2664 1951; x_wconf 89' lang='lat'><strong>:</strong></span> <span class='ocrx_word' id='word_1_587' title='bbox 2694 1894 2769 1952; x_wconf 88' lang='lat' dir='ltr'><strong>De</strong></span> <span class='ocrx_word' id='word_1_588' title='bbox 2787 1895 2984 1966; x_wconf 85' lang='lat' dir='ltr'><strong>quibus</strong></span> <span class='ocrx_word' id='word_1_589' title='bbox 3008 1892 3205 1962; x_wconf 84' lang='lat' dir='ltr'><strong>scripta</strong></span> <span class='ocrx_word' id='word_1_590' title='bbox 3235 1890 3316 1947; x_wconf 90' lang='lat' dir='ltr'><strong>lex</strong></span> <span class='ocrx_word' id='word_1_591' title='bbox 3345 1903 3452 1944; x_wconf 91' lang='lat' dir='ltr'><strong>non</strong></span> 
     </span>
    </p>
   </div>
   <div class='ocr_carea' id='block_1_78' title="bbox 1880 1982 3455 2055">
    <p class='ocr_par' dir='ltr' id='par_1_78' title="bbox 1880 1982 3455 2055">
     <span class='ocr_line' id='line_1_78' title="bbox 1880 1982 3455 2055; baseline -0.007 -8"><span class='ocrx_word' id='word_1_592' title='bbox 1880 1999 2080 2055; x_wconf 85' lang='lat' dir='ltr'><strong>exstat,</strong></span> <span class='ocrx_word' id='word_1_593' title='bbox 2119 1990 2176 2046; x_wconf 91' lang='lat' dir='ltr'><strong>in</strong></span> <span class='ocrx_word' id='word_1_594' title='bbox 2224 1989 2309 2046; x_wconf 87' lang='lat' dir='ltr'><strong>his</strong></span> <span class='ocrx_word' id='word_1_595' title='bbox 2349 2003 2556 2047; x_wconf 86' lang='lat' dir='ltr'><strong>morem</strong></span> <span class='ocrx_word' id='word_1_596' title='bbox 2589 1997 2645 2045; x_wconf 91' lang='lat' dir='ltr'><strong>et</strong></span> <span class='ocrx_word' id='word_1_597' title='bbox 2690 1987 3133 2045; x_wconf 85' lang='lat' dir='ltr'><strong>consuetudinem</strong></span> <span class='ocrx_word' id='word_1_598' title='bbox 3176 1982 3455 2040; x_wconf 87' lang='lat' dir='ltr'><strong>custodire</strong></span> 
     </span>
    </p>
   </div>
   <div class='ocr_carea' id='block_1_79' title="bbox 1881 2073 3455 2150">
    <p class='ocr_par' dir='ltr' id='par_1_79' title="bbox 1881 2073 3455 2150">
     <span class='ocr_line' id='line_1_79' title="bbox 1881 2073 3455 2150; baseline -0.005 -14"><span class='ocrx_word' id='word_1_599' title='bbox 1881 2087 2116 2150; x_wconf 79' lang='lat' dir='ltr'><strong>Oportet,</strong></span> <span class='ocrx_word' id='word_1_600' title='bbox 2133 2089 2189 2136; x_wconf 89' lang='lat' dir='ltr'><strong>et</strong></span> <span class='ocrx_word' id='word_1_601' title='bbox 2206 2093 2328 2150; x_wconf 73' lang='lat' dir='ltr'><strong>quae</strong></span> <span class='ocrx_word' id='word_1_602' title='bbox 2351 2086 2671 2149; x_wconf 90' lang='lat' dir='ltr'><strong>sequuntur.</strong></span> <span class='ocrx_word' id='word_1_603' title='bbox 2709 2075 2867 2149; x_wconf 68' lang='grc'><strong>142</strong></span> <span class='ocrx_word' id='word_1_604' title='bbox 2910 2075 2976 2132; x_wconf 84' lang='grc' dir='ltr'>Ει</span> <span class='ocrx_word' id='word_1_605' title='bbox 3007 2090 3221 2132; x_wconf 87' lang='lat' dir='ltr'><strong>rursum</strong></span> <span class='ocrx_word' id='word_1_606' title='bbox 3254 2090 3270 2130; x_wconf 90' lang='lat'><strong>:</strong></span> <span class='ocrx_word' id='word_1_607' title='bbox 3299 2073 3455 2129; x_wconf 82' lang='lat' dir='ltr'><strong>Anti-</strong></span> 
     </span>
    </p>
   </div>
   <div class='ocr_carea' id='block_1_80' title="bbox 1883 2162 3452 2241">
    <p class='ocr_par' dir='ltr' id='par_1_80' title="bbox 1883 2162 3452 2241">
     <span class='ocr_line' id='line_1_80' title="bbox 1883 2162 3452 2241; baseline -0.005 -17"><span class='ocrx_word' id='word_1_608' title='bbox 1883 2183 1990 2241; x_wconf 84' lang='lat' dir='ltr'><strong>qua</strong></span> <span class='ocrx_word' id='word_1_609' title='bbox 2011 2175 2346 2227; x_wconf 82' lang='lat' dir='ltr'><strong>consuetudo</strong></span> <span class='ocrx_word' id='word_1_610' title='bbox 2373 2182 2472 2239; x_wconf 88' lang='lat' dir='ltr'><strong>pro</strong></span> <span class='ocrx_word' id='word_1_611' title='bbox 2494 2167 2613 2240; x_wconf 85' lang='lat' dir='ltr'><strong>lege</strong></span> <span class='ocrx_word' id='word_1_612' title='bbox 2639 2166 2957 2224; x_wconf 86' lang='lat' dir='ltr'><strong>custoditur.</strong></span> <span class='ocrx_word' id='word_1_613' title='bbox 2980 2164 3114 2220; x_wconf 90' lang='lat' dir='ltr'><strong>item</strong></span> <span class='ocrx_word' id='word_1_614' title='bbox 3140 2182 3154 2219; x_wconf 88' lang='lat'><strong>:</strong></span> <span class='ocrx_word' id='word_1_615' title='bbox 3186 2162 3452 2218; x_wconf 89' lang='lat' dir='ltr'><strong>Diuturna</strong></span> 
     </span>
    </p>
   </div>
   <div class='ocr_carea' id='block_1_81' title="bbox 1882 2254 3457 2332">
    <p class='ocr_par' dir='ltr' id='par_1_81' title="bbox 1882 2254 3457 2332">
     <span class='ocr_line' id='line_1_81' title="bbox 1882 2254 3457 2332; baseline -0.009 -12"><span class='ocrx_word' id='word_1_616' title='bbox 1882 2261 2222 2320; x_wconf 88' lang='lat' dir='ltr'><strong>consuetudo</strong></span> <span class='ocrx_word' id='word_1_617' title='bbox 2249 2274 2348 2332; x_wconf 88' lang='lat' dir='ltr'><strong>pro</strong></span> <span class='ocrx_word' id='word_1_618' title='bbox 2374 2261 2494 2331; x_wconf 88' lang='lat' dir='ltr'><strong>lege</strong></span> <span class='ocrx_word' id='word_1_619' title='bbox 2525 2259 2776 2326; x_wconf 91' lang='lat' dir='ltr'><strong>obtinet,</strong></span> <span class='ocrx_word' id='word_1_620' title='bbox 2816 2259 2872 2314; x_wconf 94' lang='lat' dir='ltr'><strong>in</strong></span> <span class='ocrx_word' id='word_1_621' title='bbox 2907 2256 3102 2329; x_wconf 83' lang='lat' dir='ltr'><strong>quibus</strong></span> <span class='ocrx_word' id='word_1_622' title='bbox 3140 2254 3225 2312; x_wconf 90' lang='lat' dir='ltr'><strong>lex</strong></span> <span class='ocrx_word' id='word_1_623' title='bbox 3256 2254 3457 2323; x_wconf 86' lang='lat' dir='ltr'><strong>scripta</strong></span> 
     </span>
    </p>
   </div>
   <div class='ocr_carea' id='block_1_82' title="bbox 1884 2344 3457 2412">
    <p class='ocr_par' dir='ltr' id='par_1_82' title="bbox 1884 2344 3457 2412">
     <span class='ocr_line' id='line_1_82' title="bbox 1884 2344 3457 2412; baseline -0.01 0"><span class='ocrx_word' id='word_1_624' title='bbox 1884 2354 2086 2412; x_wconf 88' lang='lat' dir='ltr'><strong>deiicit.</strong></span> <span class='ocrx_word' id='word_1_625' title='bbox 2119 2353 2221 2411; x_wconf 79' lang='lat' dir='ltr'><strong>Hic</strong></span> <span class='ocrx_word' id='word_1_626' title='bbox 2247 2359 2426 2409; x_wconf 88' lang='lat' dir='ltr'><strong>autem</strong></span> <span class='ocrx_word' id='word_1_627' title='bbox 2454 2359 2671 2409; x_wconf 85' lang='lat' dir='ltr'><strong>sanctus</strong></span> <span class='ocrx_word' id='word_1_628' title='bbox 2698 2352 2863 2407; x_wconf 87' lang='lat' dir='ltr'><strong>Pater</strong></span> <span class='ocrx_word' id='word_1_629' title='bbox 2889 2344 3328 2406; x_wconf 87' lang='lat' dir='ltr'><strong>consuetudinem</strong></span> <span class='ocrx_word' id='word_1_630' title='bbox 3356 2359 3457 2398; x_wconf 87' lang='lat' dir='ltr'><strong>vo-</strong></span> 
     </span>
    </p>
   </div>
   <div class='ocr_carea' id='block_1_83' title="bbox 1883 2435 3455 2512">
    <p class='ocr_par' dir='ltr' id='par_1_83' title="bbox 1883 2435 3455 2512">
     <span class='ocr_line' id='line_1_83' title="bbox 1883 2435 3455 2512; baseline -0.007 -11"><span class='ocrx_word' id='word_1_631' title='bbox 1883 2451 1993 2509; x_wconf 85' lang='lat' dir='ltr'><strong>cat,</strong></span> <span class='ocrx_word' id='word_1_632' title='bbox 2022 2443 2166 2512; x_wconf 91' lang='lat' dir='ltr'><strong>quod</strong></span> <span class='ocrx_word' id='word_1_633' title='bbox 2201 2443 2255 2497; x_wconf 93' lang='lat' dir='ltr'><strong>in</strong></span> <span class='ocrx_word' id='word_1_634' title='bbox 2287 2441 2528 2500; x_wconf 87' lang='lat' dir='ltr'><strong>Ecclesia</strong></span> <span class='ocrx_word' id='word_1_635' title='bbox 2565 2441 2707 2498; x_wconf 84' lang='lat' dir='ltr'><strong>valet</strong></span> <span class='ocrx_word' id='word_1_636' title='bbox 2736 2457 2752 2496; x_wconf 90' lang='lat'><strong>:</strong></span> <span class='ocrx_word' id='word_1_637' title='bbox 2781 2439 2839 2498; x_wconf 89' lang='lat' dir='ltr'><strong>Si</strong></span> <span class='ocrx_word' id='word_1_638' title='bbox 2889 2439 3010 2508; x_wconf 87' lang='lat' dir='ltr'><strong>quis</strong></span> <span class='ocrx_word' id='word_1_639' title='bbox 3037 2437 3183 2493; x_wconf 92' lang='lat' dir='ltr'><strong>enim</strong></span> <span class='ocrx_word' id='word_1_640' title='bbox 3224 2435 3455 2498; x_wconf 86' lang='lat' dir='ltr'><strong>duabus,</strong></span> 
     </span>
    </p>
   </div>
   <div class='ocr_carea' id='block_1_84' title="bbox 1884 2528 3459 2603">
    <p class='ocr_par' dir='ltr' id='par_1_84' title="bbox 1884 2528 3459 2603">
     <span class='ocr_line' id='line_1_84' title="bbox 1884 2528 3459 2603; baseline -0.005 -15"><span class='ocrx_word' id='word_1_641' title='bbox 1884 2531 2110 2603; x_wconf 89' lang='lat' dir='ltr'><strong>inquit,</strong></span> <span class='ocrx_word' id='word_1_642' title='bbox 2164 2532 2446 2588; x_wconf 87' lang='lat' dir='ltr'><strong>sororibus</strong></span> <span class='ocrx_word' id='word_1_643' title='bbox 2511 2532 2790 2602; x_wconf 86' lang='lat' dir='ltr'><strong>illegitime</strong></span> <span class='ocrx_word' id='word_1_644' title='bbox 2853 2528 3292 2592; x_wconf 82' lang='lat' dir='ltr'><strong>commisceatur,</strong></span> <span class='ocrx_word' id='word_1_645' title='bbox 3353 2541 3459 2582; x_wconf 81' lang='lat' dir='ltr'><strong>non</strong></span> 
     </span>
    </p>
   </div>
   <div class='ocr_carea' id='block_1_85' title="bbox 1884 2617 3464 2693">
    <p class='ocr_par' dir='ltr' id='par_1_85' title="bbox 1884 2617 3464 2693">
     <span class='ocr_line' id='line_1_85' title="bbox 1884 2617 3464 2693; baseline -0.003 -16"><span class='ocrx_word' id='word_1_646' title='bbox 1884 2621 2038 2693; x_wconf 89' lang='lat' dir='ltr'><strong>prius</strong></span> <span class='ocrx_word' id='word_1_647' title='bbox 2063 2621 2115 2676; x_wconf 89' lang='lat' dir='ltr'><strong>in</strong></span> <span class='ocrx_word' id='word_1_648' title='bbox 2148 2620 2447 2679; x_wconf 72' lang='lat' dir='ltr'><strong>Ecclesium</strong></span> <span class='ocrx_word' id='word_1_649' title='bbox 2491 2621 2791 2693; x_wconf 86' lang='lat' dir='ltr'><strong>recipitur,</strong></span> <span class='ocrx_word' id='word_1_650' title='bbox 2841 2621 2948 2678; x_wconf 88' lang='lat' dir='ltr'><strong>nisi</strong></span> <span class='ocrx_word' id='word_1_651' title='bbox 2994 2622 3085 2691; x_wconf 92' lang='lat' dir='ltr'><strong>qui</strong></span> <span class='ocrx_word' id='word_1_652' title='bbox 3138 2621 3245 2676; x_wconf 83' lang='lat' dir='ltr'><strong>hoc</strong></span> <span class='ocrx_word' id='word_1_653' title='bbox 3301 2617 3464 2674; x_wconf 91' lang='lat' dir='ltr'><strong>modo</strong></span> 
     </span>
    </p>
   </div>
   <div class='ocr_carea' id='block_1_86' title="bbox 1889 2713 3464 2786">
    <p class='ocr_par' dir='ltr' id='par_1_86' title="bbox 1889 2713 3464 2786">
     <span class='ocr_line' id='line_1_86' title="bbox 1889 2713 3464 2786; baseline -0.005 -16"><span class='ocrx_word' id='word_1_654' title='bbox 1889 2713 2344 2781; x_wconf 85' lang='lat' dir='ltr'><strong>contaminamur,</strong></span> <span class='ocrx_word' id='word_1_655' title='bbox 2390 2729 2422 2770; x_wconf 88' lang='lat' dir='ltr'><strong>a</strong></span> <span class='ocrx_word' id='word_1_656' title='bbox 2471 2729 2531 2772; x_wconf 88' lang='lat' dir='ltr'><strong>se</strong></span> <span class='ocrx_word' id='word_1_657' title='bbox 2586 2714 2821 2771; x_wconf 83' lang='lat' dir='ltr'><strong>invicem</strong></span> <span class='ocrx_word' id='word_1_658' title='bbox 2873 2720 3232 2786; x_wconf 87' lang='lat' dir='ltr'><strong>separentur,</strong></span> <span class='ocrx_word' id='word_1_659' title='bbox 3279 2719 3464 2779; x_wconf 78' lang='lat' dir='ltr'><strong>utpote</strong></span> 
     </span>
    </p>
   </div>
   <div class='ocr_carea' id='block_1_87' title="bbox 1887 2804 3462 2878">
    <p class='ocr_par' dir='ltr' id='par_1_87' title="bbox 1887 2804 3462 2878">
     <span class='ocr_line' id='line_1_87' title="bbox 1887 2804 3462 2878; baseline -0.003 -17"><span class='ocrx_word' id='word_1_660' title='bbox 1887 2806 2029 2877; x_wconf 89' lang='lat' dir='ltr'><strong>quod</strong></span> <span class='ocrx_word' id='word_1_661' title='bbox 2067 2821 2242 2878; x_wconf 90' lang='lat' dir='ltr'><strong>neque</strong></span> <span class='ocrx_word' id='word_1_662' title='bbox 2282 2807 2688 2864; x_wconf 81' lang='lat' dir='ltr'><strong>matrimonium</strong></span> <span class='ocrx_word' id='word_1_663' title='bbox 2715 2814 2927 2863; x_wconf 88' lang='lat' dir='ltr'><strong>tantum</strong></span> <span class='ocrx_word' id='word_1_664' title='bbox 2954 2804 3130 2862; x_wconf 88' lang='lat' dir='ltr'><strong>scelus</strong></span> <span class='ocrx_word' id='word_1_665' title='bbox 3159 2811 3462 2873; x_wconf 89' lang='lat' dir='ltr'><strong>reputetur.</strong></span> 
     </span>
    </p>
   </div>
   <div class='ocr_carea' id='block_1_88' title="bbox 1888 2895 3465 2968">
    <p class='ocr_par' dir='ltr' id='par_1_88' title="bbox 1888 2895 3465 2968">
     <span class='ocr_line' id='line_1_88' title="bbox 1888 2895 3465 2968; baseline -0.003 -14"><span class='ocrx_word' id='word_1_666' title='bbox 1888 2900 2146 2966; x_wconf 82' lang='lat' dir='ltr'><strong>Quamvis</strong></span> <span class='ocrx_word' id='word_1_667' title='bbox 2185 2899 2364 2968; x_wconf 88' lang='lat' dir='ltr'><strong>itaque</strong></span> <span class='ocrx_word' id='word_1_668' title='bbox 2393 2899 2528 2954; x_wconf 87' lang='lat' dir='ltr'><strong>nihil</strong></span> <span class='ocrx_word' id='word_1_669' title='bbox 2554 2897 2698 2955; x_wconf 88' lang='lat' dir='ltr'><strong>aliud</strong></span> <span class='ocrx_word' id='word_1_670' title='bbox 2732 2899 2910 2955; x_wconf 86' lang='lat' dir='ltr'><strong>dicere</strong></span> <span class='ocrx_word' id='word_1_671' title='bbox 2955 2895 3304 2958; x_wconf 87' lang='lat' dir='ltr'><strong>haberemus.</strong></span> <span class='ocrx_word' id='word_1_672' title='bbox 3351 2895 3465 2951; x_wconf 76' lang='lat' dir='ltr'><strong>hanc</strong></span> 
     </span>
    </p>
   </div>
   <div class='ocr_carea' id='block_1_89' title="bbox 1890 2986 3467 3056">
    <p class='ocr_par' dir='ltr' id='par_1_89' title="bbox 1890 2986 3467 3056">
     <span class='ocr_line' id='line_1_89' title="bbox 1890 2986 3467 3056; baseline -0.004 -10"><span class='ocrx_word' id='word_1_673' title='bbox 1890 2990 2226 3046; x_wconf 89' lang='lat' dir='ltr'><strong>consuetudo</strong></span> <span class='ocrx_word' id='word_1_674' title='bbox 2247 2990 2388 3046; x_wconf 89' lang='lat' dir='ltr'><strong>malo</strong></span> <span class='ocrx_word' id='word_1_675' title='bbox 2420 2990 2508 3047; x_wconf 87' lang='lat' dir='ltr'><strong>isti</strong></span> <span class='ocrx_word' id='word_1_676' title='bbox 2542 2990 2836 3048; x_wconf 87' lang='lat' dir='ltr'><strong>evertendo</strong></span> <span class='ocrx_word' id='word_1_677' title='bbox 2864 2988 3081 3047; x_wconf 84' lang='lat' dir='ltr'><strong>suiiicit.</strong></span> <span class='ocrx_word' id='word_1_678' title='bbox 3112 2986 3467 3056; x_wconf 86' lang='lat' dir='ltr'><strong>Quandoqui-</strong></span> 
     </span>
    </p>
   </div>
   <div class='ocr_carea' id='block_1_90' title="bbox 1889 3075 3466 3151">
    <p class='ocr_par' dir='ltr' id='par_1_90' title="bbox 1889 3075 3466 3151">
     <span class='ocr_line' id='line_1_90' title="bbox 1889 3075 3466 3151; baseline -0.003 -16"><span class='ocrx_word' id='word_1_679' title='bbox 1889 3079 2010 3135; x_wconf 89' lang='lat' dir='ltr'><strong>dem</strong></span> <span class='ocrx_word' id='word_1_680' title='bbox 2043 3090 2222 3136; x_wconf 86' lang='lat' dir='ltr'><strong>autem</strong></span> <span class='ocrx_word' id='word_1_681' title='bbox 2255 3081 2345 3149; x_wconf 89' lang='lat' dir='ltr'><strong>qui</strong></span> <span class='ocrx_word' id='word_1_682' title='bbox 2389 3081 2489 3136; x_wconf 89' lang='lat' dir='ltr'><strong>hoc</strong></span> <span class='ocrx_word' id='word_1_683' title='bbox 2537 3081 2760 3147; x_wconf 89' lang='lat' dir='ltr'><strong>malum,</strong></span> <span class='ocrx_word' id='word_1_684' title='bbox 2820 3080 3014 3151; x_wconf 91' lang='lat' dir='ltr'><strong>inquit,</strong></span> <span class='ocrx_word' id='word_1_685' title='bbox 3060 3092 3155 3148; x_wconf 90' lang='lat' dir='ltr'><strong>per</strong></span> <span class='ocrx_word' id='word_1_686' title='bbox 3184 3075 3466 3148; x_wconf 90' lang='lat' dir='ltr'><strong>epistolam</strong></span> 
     </span>
    </p>
   </div>
   <div class='ocr_carea' id='block_1_91' title="bbox 1893 3169 3470 3242">
    <p class='ocr_par' dir='ltr' id='par_1_91' title="bbox 1893 3169 3470 3242">
     <span class='ocr_line' id='line_1_91' title="bbox 1893 3169 3470 3242; baseline -0.003 -14"><span class='ocrx_word' id='word_1_687' title='bbox 1893 3172 2156 3238; x_wconf 81' lang='lat' dir='ltr'><strong>defendit,</strong></span> <span class='ocrx_word' id='word_1_688' title='bbox 2187 3172 2356 3229; x_wconf 83' lang='lat' dir='ltr'><strong>veteri</strong></span> <span class='ocrx_word' id='word_1_689' title='bbox 2385 3171 2499 3242; x_wconf 89' lang='lat' dir='ltr'><strong>lege</strong></span> <span class='ocrx_word' id='word_1_690' title='bbox 2528 3173 2702 3229; x_wconf 89' lang='lat' dir='ltr'><strong>utitur</strong></span> <span class='ocrx_word' id='word_1_691' title='bbox 2741 3173 2956 3229; x_wconf 88' lang='lat' dir='ltr'><strong>dicente</strong></span> <span class='ocrx_word' id='word_1_692' title='bbox 2979 3175 2998 3226; x_wconf 72' lang='grc' dir='ltr'><strong>τ’</strong></span> <span class='ocrx_word' id='word_1_693' title='bbox 3020 3170 3296 3226; x_wconf 73' lang='lat' dir='ltr'><strong>Mulierem</strong></span> <span class='ocrx_word' id='word_1_694' title='bbox 3326 3169 3470 3224; x_wconf 82' lang='lat' dir='ltr'><strong>zelo-</strong></span> 
     </span>
    </p>
   </div>
   <div class='ocr_carea' id='block_1_92' title="bbox 1895 3263 3471 3336">
    <p class='ocr_par' dir='ltr' id='par_1_92' title="bbox 1895 3263 3471 3336">
     <span class='ocr_line' id='line_1_92' title="bbox 1895 3263 3471 3336; baseline -0.007 -11"><span class='ocrx_word' id='word_1_695' title='bbox 1895 3276 2073 3335; x_wconf 73' lang='lat' dir='ltr'><strong>typum</strong></span> <span class='ocrx_word' id='word_1_696' title='bbox 2103 3282 2260 3335; x_wconf 81' lang='lat' dir='ltr'><strong>super</strong></span> <span class='ocrx_word' id='word_1_697' title='bbox 2281 3281 2513 3323; x_wconf 84' lang='lat' dir='ltr'><strong>sororem</strong></span> <span class='ocrx_word' id='word_1_698' title='bbox 2535 3264 2649 3336; x_wconf 84' lang='lat' dir='ltr'><strong>ejus</strong></span> <span class='ocrx_word' id='word_1_699' title='bbox 2677 3280 2780 3321; x_wconf 87' lang='lat' dir='ltr'><strong>non</strong></span> <span class='ocrx_word' id='word_1_700' title='bbox 2806 3263 3027 3336; x_wconf 81' lang='lat' dir='ltr'><strong>accipies</strong></span> <span class='ocrx_word' id='word_1_701' title='bbox 3045 3266 3113 3320; x_wconf 85' lang='lat' dir='ltr'><strong>ad</strong></span> <span class='ocrx_word' id='word_1_702' title='bbox 3138 3263 3471 3320; x_wconf 78' lang='lat' dir='ltr'><strong>revelandsm</strong></span> 
     </span>
    </p>
   </div>
   <div class='ocr_carea' id='block_1_93' title="bbox 1895 3355 3473 3429">
    <p class='ocr_par' dir='ltr' id='par_1_93' title="bbox 1895 3355 3473 3429">
     <span class='ocr_line' id='line_1_93' title="bbox 1895 3355 3473 3429; baseline 0.001 -21"><span class='ocrx_word' id='word_1_703' title='bbox 1895 3358 2274 3426; x_wconf 81' lang='lat' dir='ltr'><strong>turpitudinem</strong></span> <span class='ocrx_word' id='word_1_704' title='bbox 2308 3359 2443 3429; x_wconf 81' lang='lat' dir='ltr'><strong>ejus,</strong></span> <span class='ocrx_word' id='word_1_705' title='bbox 2475 3362 2594 3429; x_wconf 86' lang='lat' dir='ltr'><strong>ipsa</strong></span> <span class='ocrx_word' id='word_1_706' title='bbox 2643 3359 2815 3412; x_wconf 81' lang='lat' dir='ltr'><strong>adhuc</strong></span> <span class='ocrx_word' id='word_1_707' title='bbox 2855 3359 3084 3414; x_wconf 72' lang='lat' dir='ltr'><strong>uiuente‘</strong></span> <span class='ocrx_word' id='word_1_708' title='bbox 3114 3374 3130 3423; x_wconf 88' lang='lat'><strong>;</strong></span> <span class='ocrx_word' id='word_1_709' title='bbox 3178 3364 3233 3410; x_wconf 87' lang='lat' dir='ltr'><strong>et</strong></span> <span class='ocrx_word' id='word_1_710' title='bbox 3275 3355 3473 3411; x_wconf 86' lang='lat' dir='ltr'><strong>exinde</strong></span> 
     </span>
    </p>
   </div>
   <div class='ocr_carea' id='block_1_94' title="bbox 1894 3449 3470 3522">
    <p class='ocr_par' dir='ltr' id='par_1_94' title="bbox 1894 3449 3470 3522">
     <span class='ocr_line' id='line_1_94' title="bbox 1894 3449 3470 3522; baseline -0.003 -19"><span class='ocrx_word' id='word_1_711' title='bbox 1894 3449 2119 3520; x_wconf 78' lang='lat' dir='ltr'><strong>colligit,</strong></span> <span class='ocrx_word' id='word_1_712' title='bbox 2151 3452 2292 3518; x_wconf 86' lang='lat' dir='ltr'><strong>quod</strong></span> <span class='ocrx_word' id='word_1_713' title='bbox 2315 3452 2432 3522; x_wconf 84' lang='lat' dir='ltr'><strong>ejus</strong></span> <span class='ocrx_word' id='word_1_714' title='bbox 2463 3451 2758 3507; x_wconf 72' lang='lat' dir='ltr'><strong>demortua:</strong></span> <span class='ocrx_word' id='word_1_715' title='bbox 2789 3463 3034 3506; x_wconf 89' lang='lat' dir='ltr'><strong>sororem</strong></span> <span class='ocrx_word' id='word_1_716' title='bbox 3069 3450 3316 3518; x_wconf 89' lang='lat' dir='ltr'><strong>accipere</strong></span> <span class='ocrx_word' id='word_1_717' title='bbox 3342 3459 3470 3500; x_wconf 84' lang='lat' dir='ltr'><strong>con-</strong></span> 
     </span>
    </p>
   </div>
   <div class='ocr_carea' id='block_1_95' title="bbox 1896 3537 3472 3608">
    <p class='ocr_par' dir='ltr' id='par_1_95' title="bbox 1896 3537 3472 3608">
     <span class='ocr_line' id='line_1_95' title="bbox 1896 3537 3472 3608; baseline -0.004 -15"><span class='ocrx_word' id='word_1_718' title='bbox 1896 3538 2128 3594; x_wconf 84' lang='lat' dir='ltr'><strong>ceditur.</strong></span> <span class='ocrx_word' id='word_1_719' title='bbox 2167 3540 2351 3594; x_wconf 87' lang='lat' dir='ltr'><strong>Primo</strong></span> <span class='ocrx_word' id='word_1_720' title='bbox 2381 3539 2594 3608; x_wconf 90' lang='lat' dir='ltr'><strong>quidem</strong></span> <span class='ocrx_word' id='word_1_721' title='bbox 2647 3546 2870 3594; x_wconf 90' lang='lat' dir='ltr'><strong>sanctus</strong></span> <span class='ocrx_word' id='word_1_722' title='bbox 2906 3540 3003 3605; x_wconf 90' lang='lat' dir='ltr'><strong>ait,</strong></span> <span class='ocrx_word' id='word_1_723' title='bbox 3044 3537 3189 3608; x_wconf 85' lang='lat' dir='ltr'><strong>quod</strong></span> <span class='ocrx_word' id='word_1_724' title='bbox 3211 3549 3472 3606; x_wconf 70' lang='lat' dir='ltr'><strong>quaecun-</strong></span> 
     </span>
    </p>
   </div>
   <div class='ocr_carea' id='block_1_96' title="bbox 1897 3626 3469 3702">
    <p class='ocr_par' dir='ltr' id='par_1_96' title="bbox 1897 3626 3469 3702">
     <span class='ocr_line' id='line_1_96' title="bbox 1897 3626 3469 3702; baseline -0.003 -18"><span class='ocrx_word' id='word_1_725' title='bbox 1897 3645 2003 3699; x_wconf 88' lang='lat' dir='ltr'><strong>que</strong></span> <span class='ocrx_word' id='word_1_726' title='bbox 2036 3631 2118 3684; x_wconf 82' lang='lat' dir='ltr'><strong>lcx</strong></span> <span class='ocrx_word' id='word_1_727' title='bbox 2153 3631 2306 3694; x_wconf 81' lang='lat' dir='ltr'><strong>dicit,</strong></span> <span class='ocrx_word' id='word_1_728' title='bbox 2343 3631 2408 3686; x_wconf 89' lang='lat' dir='ltr'><strong>iis</strong></span> <span class='ocrx_word' id='word_1_729' title='bbox 2438 3646 2556 3701; x_wconf 74' lang='lat' dir='ltr'><strong>qua:</strong></span> <span class='ocrx_word' id='word_1_730' title='bbox 2591 3640 2720 3688; x_wconf 90' lang='lat' dir='ltr'><strong>sunt</strong></span> <span class='ocrx_word' id='word_1_731' title='bbox 2753 3631 2804 3687; x_wconf 93' lang='lat' dir='ltr'><strong>in</strong></span> <span class='ocrx_word' id='word_1_732' title='bbox 2851 3629 2968 3702; x_wconf 89' lang='lat' dir='ltr'><strong>lege</strong></span> <span class='ocrx_word' id='word_1_733' title='bbox 3017 3629 3182 3692; x_wconf 84' lang='lat' dir='ltr'><strong>dicit:</strong></span> <span class='ocrx_word' id='word_1_734' title='bbox 3232 3626 3469 3696; x_wconf 79' lang='lat' dir='ltr'><strong>a‘lioquln</strong></span> 
     </span>
    </p>
   </div>
   <div class='ocr_carea' id='block_1_97' title="bbox 1899 3722 3468 3788">
    <p class='ocr_par' dir='ltr' id='par_1_97' title="bbox 1899 3722 3468 3788">
     <span class='ocr_line' id='line_1_97' title="bbox 1899 3722 3468 3788; baseline -0.003 -9"><span class='ocrx_word' id='word_1_735' title='bbox 1899 3724 2039 3779; x_wconf 80' lang='lat' dir='ltr'><strong>enim</strong></span> <span class='ocrx_word' id='word_1_736' title='bbox 2077 3732 2129 3777; x_wconf 92' lang='lat' dir='ltr'><strong>et</strong></span> <span class='ocrx_word' id='word_1_737' title='bbox 2159 3723 2640 3788; x_wconf 87' lang='lat' dir='ltr'><strong>circumcidemur,</strong></span> <span class='ocrx_word' id='word_1_738' title='bbox 2679 3734 2735 3780; x_wconf 88' lang='lat' dir='ltr'><strong>et</strong></span> <span class='ocrx_word' id='word_1_739' title='bbox 2762 3722 2999 3780; x_wconf 87' lang='lat' dir='ltr'><strong>Sabbata</strong></span> <span class='ocrx_word' id='word_1_740' title='bbox 3033 3723 3468 3786; x_wconf 87' lang='lat' dir='ltr'><strong>observabimus,</strong></span> 
     </span>
    </p>
   </div>
   <div class='ocr_carea' id='block_1_98' title="bbox 1901 3814 3474 3886">
    <p class='ocr_par' dir='ltr' id='par_1_98' title="bbox 1901 3814 3474 3886">
     <span class='ocr_line' id='line_1_98' title="bbox 1901 3814 3474 3886; baseline -0.001 -18"><span class='ocrx_word' id='word_1_741' title='bbox 1901 3825 1952 3870; x_wconf 81' lang='lat' dir='ltr'><strong>ct</strong></span> <span class='ocrx_word' id='word_1_742' title='bbox 1995 3831 2021 3868; x_wconf 80' lang='grc' dir='ltr'><strong>ο</strong></span> <span class='ocrx_word' id='word_1_743' title='bbox 2057 3815 2220 3870; x_wconf 79' lang='lat' dir='ltr'><strong>variis</strong></span> <span class='ocrx_word' id='word_1_744' title='bbox 2246 3814 2381 3873; x_wconf 89' lang='lat' dir='ltr'><strong>cibis</strong></span> <span class='ocrx_word' id='word_1_745' title='bbox 2422 3815 2836 3873; x_wconf 88' lang='lat' dir='ltr'><strong>abstinebimus.</strong></span> <span class='ocrx_word' id='word_1_746' title='bbox 2879 3816 3064 3886; x_wconf 83' lang='lat' dir='ltr'><strong>Neque</strong></span> <span class='ocrx_word' id='word_1_747' title='bbox 3104 3815 3248 3869; x_wconf 91' lang='lat' dir='ltr'><strong>enim</strong></span> <span class='ocrx_word' id='word_1_748' title='bbox 3277 3828 3345 3868; x_wconf 90' lang='lat' dir='ltr'><strong>ex</strong></span> <span class='ocrx_word' id='word_1_749' title='bbox 3377 3829 3474 3867; x_wconf 78' lang='lat' dir='ltr'><strong>ve-</strong></span> 
     </span>
    </p>
   </div>
   <div class='ocr_carea' id='block_1_99' title="bbox 1903 3906 3480 3979">
    <p class='ocr_par' dir='ltr' id='par_1_99' title="bbox 1903 3906 3480 3979">
     <span class='ocr_line' id='line_1_99' title="bbox 1903 3906 3480 3979; baseline -0.002 -18"><span class='ocrx_word' id='word_1_750' title='bbox 1903 3907 2001 3961; x_wconf 88' lang='lat' dir='ltr'><strong>teri</strong></span> <span class='ocrx_word' id='word_1_751' title='bbox 2051 3922 2150 3961; x_wconf 88' lang='lat' dir='ltr'><strong>nos</strong></span> <span class='ocrx_word' id='word_1_752' title='bbox 2193 3907 2310 3979; x_wconf 85' lang='lat' dir='ltr'><strong>lege</strong></span> <span class='ocrx_word' id='word_1_753' title='bbox 2358 3909 2761 3965; x_wconf 87' lang='lat' dir='ltr'><strong>continebimus</strong></span> <span class='ocrx_word' id='word_1_754' title='bbox 2794 3909 2860 3964; x_wconf 87' lang='lat' dir='ltr'><strong>ab</strong></span> <span class='ocrx_word' id='word_1_755' title='bbox 2913 3908 2979 3964; x_wconf 88' lang='lat' dir='ltr'><strong>iis</strong></span> <span class='ocrx_word' id='word_1_756' title='bbox 3013 3922 3132 3978; x_wconf 75' lang='lat' dir='ltr'><strong>qua:</strong></span> <span class='ocrx_word' id='word_1_757' title='bbox 3173 3906 3480 3974; x_wconf 86' lang='lat' dir='ltr'><strong>voluptates</strong></span> 
     </span>
    </p>
   </div>
   <div class='ocr_carea' id='block_1_100' title="bbox 1904 3997 3477 4070">
    <p class='ocr_par' dir='ltr' id='par_1_100' title="bbox 1904 3997 3477 4070">
     <span class='ocr_line' id='line_1_100' title="bbox 1904 3997 3477 4070; baseline 0 -19"><span class='ocrx_word' id='word_1_758' title='bbox 1904 3999 2060 4056; x_wconf 87' lang='lat' dir='ltr'><strong>nobis</strong></span> <span class='ocrx_word' id='word_1_759' title='bbox 2086 4001 2391 4056; x_wconf 79' lang='lat' dir='ltr'><strong>conferunt.</strong></span> <span class='ocrx_word' id='word_1_760' title='bbox 2419 3998 2501 4054; x_wconf 84' lang='lat' dir='ltr'><strong>Ab</strong></span> <span class='ocrx_word' id='word_1_761' title='bbox 2532 4001 2596 4054; x_wconf 91' lang='lat' dir='ltr'><strong>iis</strong></span> <span class='ocrx_word' id='word_1_762' title='bbox 2616 4007 2822 4066; x_wconf 91' lang='lat' dir='ltr'><strong>autem,</strong></span> <span class='ocrx_word' id='word_1_763' title='bbox 2855 4013 2972 4069; x_wconf 72' lang='lat' dir='ltr'><strong>qua:</strong></span> <span class='ocrx_word' id='word_1_764' title='bbox 2999 4010 3162 4070; x_wconf 85' lang='lat' dir='ltr'><strong>grave</strong></span> <span class='ocrx_word' id='word_1_765' title='bbox 3193 3997 3393 4067; x_wconf 86' lang='lat' dir='ltr'><strong>aliquid</strong></span> <span class='ocrx_word' id='word_1_766' title='bbox 3424 3998 3477 4051; x_wconf 89' lang='lat' dir='ltr'><strong>in</strong></span> 
     </span>
    </p>
   </div>
   <div class='ocr_carea' id='block_1_101' title="bbox 1906 4089 3480 4158">
    <p class='ocr_par' dir='ltr' id='par_1_101' title="bbox 1906 4089 3480 4158">
     <span class='ocr_line' id='line_1_101' title="bbox 1906 4089 3480 4158; baseline -0.003 -11"><span class='ocrx_word' id='word_1_767' title='bbox 1906 4107 1964 4148; x_wconf 89' lang='lat' dir='ltr'><strong>se</strong></span> <span class='ocrx_word' id='word_1_768' title='bbox 1989 4092 2291 4158; x_wconf 90' lang='lat' dir='ltr'><strong>continent,</strong></span> <span class='ocrx_word' id='word_1_769' title='bbox 2320 4089 2740 4156; x_wconf 88' lang='lat' dir='ltr'><strong>abstinebimus;</strong></span> <span class='ocrx_word' id='word_1_770' title='bbox 2773 4099 2827 4145; x_wconf 90' lang='lat' dir='ltr'><strong>et</strong></span> <span class='ocrx_word' id='word_1_771' title='bbox 2868 4090 2934 4144; x_wconf 93' lang='lat' dir='ltr'><strong>ad</strong></span> <span class='ocrx_word' id='word_1_772' title='bbox 2967 4089 3272 4145; x_wconf 81' lang='lat' dir='ltr'><strong>libertatem</strong></span> <span class='ocrx_word' id='word_1_773' title='bbox 3326 4089 3480 4143; x_wconf 87' lang='lat' dir='ltr'><strong>nobis</strong></span> 
     </span>
    </p>
   </div>
   <div class='ocr_carea' id='block_1_102' title="bbox 1906 4180 3483 4255">
    <p class='ocr_par' dir='ltr' id='par_1_102' title="bbox 1906 4180 3483 4255">
     <span class='ocr_line' id='line_1_102' title="bbox 1906 4180 3483 4255; baseline -0.003 -15"><span class='ocrx_word' id='word_1_774' title='bbox 1906 4200 2004 4255; x_wconf 69' lang='lat' dir='ltr'><strong>per</strong></span> <span class='ocrx_word' id='word_1_775' title='bbox 2042 4185 2320 4240; x_wconf 87' lang='lat' dir='ltr'><strong>Christum</strong></span> <span class='ocrx_word' id='word_1_776' title='bbox 2367 4196 2682 4239; x_wconf 84' lang='lat' dir='ltr'><strong>concessam</strong></span> <span class='ocrx_word' id='word_1_777' title='bbox 2725 4192 2852 4238; x_wconf 90' lang='lat' dir='ltr'><strong>tunc</strong></span> <span class='ocrx_word' id='word_1_778' title='bbox 2879 4181 3276 4251; x_wconf 82' lang='lat' dir='ltr'><strong>coniugiemus.</strong></span> <span class='ocrx_word' id='word_1_779' title='bbox 3320 4180 3483 4235; x_wconf 80' lang='lat' dir='ltr'><strong>Nam-</strong></span> 
     </span>
    </p>
   </div>
   <div class='ocr_carea' id='block_1_103' title="bbox 1909 4273 3483 4345">
    <p class='ocr_par' dir='ltr' id='par_1_103' title="bbox 1909 4273 3483 4345">
     <span class='ocr_line' id='line_1_103' title="bbox 1909 4273 3483 4345; baseline 0 -19"><span class='ocrx_word' id='word_1_780' title='bbox 1909 4292 2014 4345; x_wconf 85' lang='lat' dir='ltr'><strong>que</strong></span> <span class='ocrx_word' id='word_1_781' title='bbox 2044 4276 2127 4330; x_wconf 88' lang='lat' dir='ltr'><strong>lex</strong></span> <span class='ocrx_word' id='word_1_782' title='bbox 2163 4274 2360 4331; x_wconf 86' lang='lat' dir='ltr'><strong>Christi</strong></span> <span class='ocrx_word' id='word_1_783' title='bbox 2391 4274 2458 4331; x_wconf 89' lang='lat' dir='ltr'><strong>ab</strong></span> <span class='ocrx_word' id='word_1_784' title='bbox 2489 4276 2578 4342; x_wconf 86' lang='lat' dir='ltr'><strong>iis,</strong></span> <span class='ocrx_word' id='word_1_785' title='bbox 2612 4289 2732 4344; x_wconf 64' lang='lat' dir='ltr'><strong>qua</strong></span> <span class='ocrx_word' id='word_1_786' title='bbox 2760 4275 2812 4329; x_wconf 94' lang='lat' dir='ltr'><strong>in</strong></span> <span class='ocrx_word' id='word_1_787' title='bbox 2844 4273 2959 4344; x_wconf 85' lang='lat' dir='ltr'><strong>lege</strong></span> <span class='ocrx_word' id='word_1_788' title='bbox 2988 4274 3169 4344; x_wconf 79' lang='lat' dir='ltr'><strong>gravia</strong></span> <span class='ocrx_word' id='word_1_789' title='bbox 3202 4281 3350 4335; x_wconf 88' lang='lat' dir='ltr'><strong>sunt,</strong></span> <span class='ocrx_word' id='word_1_790' title='bbox 3382 4287 3483 4326; x_wconf 90' lang='lat' dir='ltr'><strong>nos</strong></span> 
     </span>
    </p>
   </div>
   <div class='ocr_carea' id='block_1_104' title="bbox 1909 4364 3478 4431">
    <p class='ocr_par' dir='ltr' id='par_1_104' title="bbox 1909 4364 3478 4431">
     <span class='ocr_line' id='line_1_104' title="bbox 1909 4364 3478 4431; baseline -0.003 -9"><span class='ocrx_word' id='word_1_791' title='bbox 1909 4367 2189 4431; x_wconf 80' lang='lat' dir='ltr'><strong>liberavit;</strong></span> <span class='ocrx_word' id='word_1_792' title='bbox 2222 4382 2248 4419; x_wconf 86' lang='lat' dir='ltr'><strong>a</strong></span> <span class='ocrx_word' id='word_1_793' title='bbox 2287 4367 2704 4422; x_wconf 80' lang='lat' dir='ltr'><strong>circumcisione</strong></span> <span class='ocrx_word' id='word_1_794' title='bbox 2739 4366 2964 4429; x_wconf 89' lang='lat' dir='ltr'><strong>scilicet,</strong></span> <span class='ocrx_word' id='word_1_795' title='bbox 2995 4364 3062 4418; x_wconf 87' lang='lat' dir='ltr'><strong>ab</strong></span> <span class='ocrx_word' id='word_1_796' title='bbox 3087 4364 3412 4418; x_wconf 84' lang='lat' dir='ltr'><strong>abstinentia</strong></span> <span class='ocrx_word' id='word_1_797' title='bbox 3446 4379 3478 4418; x_wconf 79' lang='grc' dir='ltr'><strong>α</strong></span> 
     </span>
    </p>
   </div>
   <div class='ocr_carea' id='block_1_105' title="bbox 1912 4453 3484 4527">
    <p class='ocr_par' dir='ltr' id='par_1_105' title="bbox 1912 4453 3484 4527">
     <span class='ocr_line' id='line_1_105' title="bbox 1912 4453 3484 4527; baseline -0.003 -17"><span class='ocrx_word' id='word_1_798' title='bbox 1912 4457 2197 4527; x_wconf 82' lang='lat' dir='ltr'><strong>prohibitis</strong></span> <span class='ocrx_word' id='word_1_799' title='bbox 2223 4457 2382 4523; x_wconf 90' lang='lat' dir='ltr'><strong>cibis,</strong></span> <span class='ocrx_word' id='word_1_800' title='bbox 2416 4460 2481 4511; x_wconf 86' lang='lat' dir='ltr'><strong>ab</strong></span> <span class='ocrx_word' id='word_1_801' title='bbox 2510 4472 2575 4513; x_wconf 90' lang='lat' dir='ltr'><strong>eo</strong></span> <span class='ocrx_word' id='word_1_802' title='bbox 2606 4455 3219 4526; x_wconf 83' lang='lat' dir='ltr'><strong>immundojudicando,</strong></span> <span class='ocrx_word' id='word_1_803' title='bbox 3252 4456 3344 4525; x_wconf 90' lang='lat' dir='ltr'><strong>qui</strong></span> <span class='ocrx_word' id='word_1_804' title='bbox 3387 4453 3484 4507; x_wconf 86' lang='lat' dir='ltr'><strong>litt-</strong></span> 
     </span>
    </p>
   </div>
   <div class='ocr_carea' id='block_1_106' title="bbox 1911 4541 3483 4618">
    <p class='ocr_par' dir='ltr' id='par_1_106' title="bbox 1911 4541 3483 4618">
     <span class='ocr_line' id='line_1_106' title="bbox 1911 4541 3483 4618; baseline -0.003 -16"><span class='ocrx_word' id='word_1_805' title='bbox 1911 4564 2035 4602; x_wconf 88' lang='lat' dir='ltr'><strong>xum</strong></span> <span class='ocrx_word' id='word_1_806' title='bbox 2075 4549 2302 4605; x_wconf 86' lang='lat' dir='ltr'><strong>seminis</strong></span> <span class='ocrx_word' id='word_1_807' title='bbox 2334 4562 2526 4618; x_wconf 88' lang='lat' dir='ltr'><strong>passus</strong></span> <span class='ocrx_word' id='word_1_808' title='bbox 2557 4557 2674 4610; x_wconf 89' lang='lat' dir='ltr'><strong>est,</strong></span> <span class='ocrx_word' id='word_1_809' title='bbox 2701 4541 2793 4616; x_wconf 73' lang='lat' dir='ltr'><strong>qui</strong></span> <span class='ocrx_word' id='word_1_810' title='bbox 2829 4555 3098 4601; x_wconf 87' lang='lat' dir='ltr'><strong>mortuum</strong></span> <span class='ocrx_word' id='word_1_811' title='bbox 3133 4545 3346 4615; x_wconf 86' lang='lat' dir='ltr'><strong>tetigit,</strong></span> <span class='ocrx_word' id='word_1_812' title='bbox 3390 4546 3483 4614; x_wconf 87' lang='lat' dir='ltr'><strong>qui</strong></span> 
     </span>
    </p>
   </div>
   <div class='ocr_carea' id='block_1_107' title="bbox 1910 4636 3482 4708">
    <p class='ocr_par' dir='ltr' id='par_1_107' title="bbox 1910 4636 3482 4708">
     <span class='ocr_line' id='line_1_107' title="bbox 1910 4636 3482 4708; baseline 0 -16"><span class='ocrx_word' id='word_1_813' title='bbox 1910 4639 2054 4708; x_wconf 84' lang='lat' dir='ltr'><strong>lepra</strong></span> <span class='ocrx_word' id='word_1_814' title='bbox 2093 4639 2323 4694; x_wconf 80' lang='lat' dir='ltr'><strong>iniectus</strong></span> <span class='ocrx_word' id='word_1_815' title='bbox 2351 4651 2436 4694; x_wconf 88' lang='lat' dir='ltr'><strong>est</strong></span> <span class='ocrx_word' id='word_1_816' title='bbox 2465 4679 2479 4704; x_wconf 96' lang='lat'><strong>,</strong></span> <span class='ocrx_word' id='word_1_817' title='bbox 2510 4648 2564 4694; x_wconf 91' lang='lat' dir='ltr'><strong>et</strong></span> <span class='ocrx_word' id='word_1_818' title='bbox 2597 4639 2718 4694; x_wconf 89' lang='lat' dir='ltr'><strong>aliis</strong></span> <span class='ocrx_word' id='word_1_819' title='bbox 2747 4653 2911 4708; x_wconf 88' lang='lat' dir='ltr'><strong>quam</strong></span> <span class='ocrx_word' id='word_1_820' title='bbox 2944 4637 3213 4707; x_wconf 88' lang='lat' dir='ltr'><strong>plurimis.</strong></span> <span class='ocrx_word' id='word_1_821' title='bbox 3246 4636 3482 4692; x_wconf 86' lang='lat' dir='ltr'><strong>interro-</strong></span> 
     </span>
    </p>
   </div>
   <div class='ocr_carea' id='block_1_108' title="bbox 1911 4728 3481 4800">
    <p class='ocr_par' dir='ltr' id='par_1_108' title="bbox 1911 4728 3481 4800">
     <span class='ocr_line' id='line_1_108' title="bbox 1911 4728 3481 4800; baseline -0.003 -17"><span class='ocrx_word' id='word_1_822' title='bbox 1911 4741 2064 4798; x_wconf 81' lang='lat' dir='ltr'><strong>gatus</strong></span> <span class='ocrx_word' id='word_1_823' title='bbox 2091 4745 2233 4794; x_wconf 87' lang='lat' dir='ltr'><strong>sum,</strong></span> <span class='ocrx_word' id='word_1_824' title='bbox 2264 4731 2457 4800; x_wconf 88' lang='lat' dir='ltr'><strong>inquit,</strong></span> <span class='ocrx_word' id='word_1_825' title='bbox 2491 4745 2557 4784; x_wconf 87' lang='lat' dir='ltr'><strong>an</strong></span> <span class='ocrx_word' id='word_1_826' title='bbox 2597 4729 2858 4799; x_wconf 89' lang='lat' dir='ltr'><strong>scriptum</strong></span> <span class='ocrx_word' id='word_1_827' title='bbox 2885 4728 2957 4784; x_wconf 88' lang='lat' dir='ltr'><strong>sit</strong></span> <span class='ocrx_word' id='word_1_828' title='bbox 2995 4729 3239 4796; x_wconf 85' lang='lat' dir='ltr'><strong>accipere</strong></span> <span class='ocrx_word' id='word_1_829' title='bbox 3262 4742 3481 4782; x_wconf 83' lang='lat' dir='ltr'><strong>uxorem</strong></span> 
     </span>
    </p>
   </div>
   <div class='ocr_carea' id='block_1_109' title="bbox 1912 4818 3483 4888">
    <p class='ocr_par' dir='ltr' id='par_1_109' title="bbox 1912 4818 3483 4888">
     <span class='ocr_line' id='line_1_109' title="bbox 1912 4818 3483 4888; baseline -0.002 -15"><span class='ocrx_word' id='word_1_830' title='bbox 1912 4820 1978 4873; x_wconf 89' lang='lat' dir='ltr'><strong>ad</strong></span> <span class='ocrx_word' id='word_1_831' title='bbox 2026 4834 2307 4886; x_wconf 88' lang='lat' dir='ltr'><strong>sororem;</strong></span> <span class='ocrx_word' id='word_1_832' title='bbox 2343 4820 2596 4874; x_wconf 88' lang='lat' dir='ltr'><strong>nimirum</strong></span> <span class='ocrx_word' id='word_1_833' title='bbox 2646 4834 2712 4872; x_wconf 92' lang='lat' dir='ltr'><strong>au</strong></span> <span class='ocrx_word' id='word_1_834' title='bbox 2764 4819 2925 4873; x_wconf 87' lang='lat' dir='ltr'><strong>liceat</strong></span> <span class='ocrx_word' id='word_1_835' title='bbox 2959 4818 3191 4888; x_wconf 86' lang='lat' dir='ltr'><strong>cuipiam</strong></span> <span class='ocrx_word' id='word_1_836' title='bbox 3242 4831 3483 4872; x_wconf 90' lang='lat' dir='ltr'><strong>sororem</strong></span> 
     </span>
    </p>
   </div>
   <div class='ocr_carea' id='block_1_110' title="bbox 1913 4906 3487 4976">
    <p class='ocr_par' dir='ltr' id='par_1_110' title="bbox 1913 4906 3487 4976">
     <span class='ocr_line' id='line_1_110' title="bbox 1913 4906 3487 4976; baseline -0.002 -15"><span class='ocrx_word' id='word_1_837' title='bbox 1913 4908 2100 4963; x_wconf 85' lang='lat' dir='ltr'><strong>uxoris</strong></span> <span class='ocrx_word' id='word_1_838' title='bbox 2129 4923 2241 4962; x_wconf 70' lang='lat' dir='ltr'><strong>sua:</strong></span> <span class='ocrx_word' id='word_1_839' title='bbox 2271 4909 2500 4973; x_wconf 87' lang='lat' dir='ltr'><strong>ducere;</strong></span> <span class='ocrx_word' id='word_1_840' title='bbox 2529 4917 2584 4960; x_wconf 91' lang='lat' dir='ltr'><strong>et</strong></span> <span class='ocrx_word' id='word_1_841' title='bbox 2611 4908 2720 4962; x_wconf 87' lang='lat' dir='ltr'><strong>dixi</strong></span> <span class='ocrx_word' id='word_1_842' title='bbox 2749 4922 2852 4962; x_wconf 91' lang='lat' dir='ltr'><strong>nou</strong></span> <span class='ocrx_word' id='word_1_843' title='bbox 2887 4906 3146 4975; x_wconf 89' lang='lat' dir='ltr'><strong>scriptum</strong></span> <span class='ocrx_word' id='word_1_844' title='bbox 3176 4920 3315 4972; x_wconf 88' lang='lat' dir='ltr'><strong>esse;</strong></span> <span class='ocrx_word' id='word_1_845' title='bbox 3343 4908 3487 4976; x_wconf 86' lang='lat' dir='ltr'><strong>quod</strong></span> 
     </span>
    </p>
   </div>
   <div class='ocr_carea' id='block_1_111' title="bbox 1917 4999 3488 5069">
    <p class='ocr_par' dir='ltr' id='par_1_111' title="bbox 1917 4999 3488 5069">
     <span class='ocr_line' id='line_1_111' title="bbox 1917 4999 3488 5069; baseline -0.002 -15"><span class='ocrx_word' id='word_1_846' title='bbox 1917 5015 2106 5055; x_wconf 84' lang='lat' dir='ltr'><strong>verum</strong></span> <span class='ocrx_word' id='word_1_847' title='bbox 2141 5009 2246 5064; x_wconf 86' lang='lat' dir='ltr'><strong>est,</strong></span> <span class='ocrx_word' id='word_1_848' title='bbox 2283 5010 2445 5069; x_wconf 90' lang='lat' dir='ltr'><strong>atque</strong></span> <span class='ocrx_word' id='word_1_849' title='bbox 2475 5001 2638 5054; x_wconf 89' lang='lat' dir='ltr'><strong>etiam</strong></span> <span class='ocrx_word' id='word_1_850' title='bbox 2672 5008 2866 5054; x_wconf 90' lang='lat' dir='ltr'><strong>tutum.</strong></span> <span class='ocrx_word' id='word_1_851' title='bbox 2898 4999 2975 5053; x_wconf 86' lang='lat' dir='ltr'><strong>Ex</strong></span> <span class='ocrx_word' id='word_1_852' title='bbox 3006 5014 3069 5054; x_wconf 91' lang='lat' dir='ltr'><strong>eo</strong></span> <span class='ocrx_word' id='word_1_853' title='bbox 3100 5010 3278 5053; x_wconf 81' lang='lat' dir='ltr'><strong>autem</strong></span> <span class='ocrx_word' id='word_1_854' title='bbox 3301 5040 3314 5062; x_wconf 94' lang='lat'><strong>,</strong></span> <span class='ocrx_word' id='word_1_855' title='bbox 3341 4999 3488 5066; x_wconf 86' lang='lat' dir='ltr'><strong>quod</strong></span> 
     </span>
    </p>
   </div>
   <div class='ocr_carea' id='block_1_112' title="bbox 1920 5088 3486 5158">
    <p class='ocr_par' dir='ltr' id='par_1_112' title="bbox 1920 5088 3486 5158">
     <span class='ocr_line' id='line_1_112' title="bbox 1920 5088 3486 5158; baseline -0.001 -15"><span class='ocrx_word' id='word_1_856' title='bbox 1920 5107 2025 5144; x_wconf 90' lang='lat' dir='ltr'><strong>non</strong></span> <span class='ocrx_word' id='word_1_857' title='bbox 2060 5091 2264 5145; x_wconf 88' lang='lat' dir='ltr'><strong>dictum</strong></span> <span class='ocrx_word' id='word_1_858' title='bbox 2295 5100 2399 5155; x_wconf 88' lang='lat' dir='ltr'><strong>est,</strong></span> <span class='ocrx_word' id='word_1_859' title='bbox 2431 5091 2721 5146; x_wconf 87' lang='lat' dir='ltr'><strong>illationetn</strong></span> <span class='ocrx_word' id='word_1_860' title='bbox 2767 5090 2965 5153; x_wconf 78' lang='lat' dir='ltr'><strong>facere,</strong></span> <span class='ocrx_word' id='word_1_861' title='bbox 3010 5103 3201 5158; x_wconf 89' lang='lat' dir='ltr'><strong>nempe</strong></span> <span class='ocrx_word' id='word_1_862' title='bbox 3231 5088 3486 5157; x_wconf 89' lang='lat' dir='ltr'><strong>quoniam</strong></span> 
     </span>
    </p>
   </div>
   <div class='ocr_carea' id='block_1_113' title="bbox 1917 5180 3488 5252">
    <p class='ocr_par' dir='ltr' id='par_1_113' title="bbox 1917 5180 3488 5252">
     <span class='ocr_line' id='line_1_113' title="bbox 1917 5180 3488 5252; baseline 0 -18"><span class='ocrx_word' id='word_1_863' title='bbox 1917 5180 1997 5235; x_wconf 87' lang='lat' dir='ltr'><strong>lcx</strong></span> <span class='ocrx_word' id='word_1_864' title='bbox 2031 5183 2157 5236; x_wconf 87' lang='lat' dir='ltr'><strong>dicit</strong></span> <span class='ocrx_word' id='word_1_865' title='bbox 2179 5222 2193 5245; x_wconf 94' lang='lat'><strong>,</strong></span> <span class='ocrx_word' id='word_1_866' title='bbox 2221 5183 2365 5252; x_wconf 86' lang='lat' dir='ltr'><strong>quod</strong></span> <span class='ocrx_word' id='word_1_867' title='bbox 2401 5181 2525 5236; x_wconf 83' lang='lat' dir='ltr'><strong>Non</strong></span> <span class='ocrx_word' id='word_1_868' title='bbox 2571 5184 2792 5252; x_wconf 83' lang='lat' dir='ltr'><strong>accipies</strong></span> <span class='ocrx_word' id='word_1_869' title='bbox 2828 5198 3042 5236; x_wconf 72' lang='lat' dir='ltr'><strong>uxorem</strong></span> <span class='ocrx_word' id='word_1_870' title='bbox 3076 5182 3371 5251; x_wconf 74' lang='lat' dir='ltr'><strong>zelotypum</strong></span> <span class='ocrx_word' id='word_1_871' title='bbox 3418 5181 3488 5234; x_wconf 81' lang='lat' dir='ltr'><strong>ad</strong></span> 
     </span>
    </p>
   </div>
   <div class='ocr_carea' id='block_1_114' title="bbox 1913 5275 3488 5343">
    <p class='ocr_par' dir='ltr' id='par_1_114' title="bbox 1913 5275 3488 5343">
     <span class='ocr_line' id='line_1_114' title="bbox 1913 5275 3488 5343; baseline 0.002 -18"><span class='ocrx_word' id='word_1_872' title='bbox 1913 5289 2145 5327; x_wconf 84' lang='lat' dir='ltr'><strong>sororem</strong></span> <span class='ocrx_word' id='word_1_873' title='bbox 2172 5276 2358 5341; x_wconf 85' lang='lat' dir='ltr'><strong>ipsius,</strong></span> <span class='ocrx_word' id='word_1_874' title='bbox 2391 5275 2504 5340; x_wconf 81' lang='lat' dir='ltr'><strong>ipsa</strong></span> <span class='ocrx_word' id='word_1_875' title='bbox 2531 5277 2689 5329; x_wconf 85' lang='lat' dir='ltr'><strong>etiam</strong></span> <span class='ocrx_word' id='word_1_876' title='bbox 2712 5275 2881 5329; x_wconf 83' lang='lat' dir='ltr'><strong>adhuc</strong></span> <span class='ocrx_word' id='word_1_877' title='bbox 2910 5275 3128 5341; x_wconf 73' lang='lat' dir='ltr'><strong>vivente,</strong></span> <span class='ocrx_word' id='word_1_878' title='bbox 3152 5288 3488 5343; x_wconf 86' lang='lat' dir='ltr'><strong>consequens</strong></span> 
     </span>
    </p>
   </div>
   <div class='ocr_carea' id='block_1_115' title="bbox 1915 5365 3489 5434">
    <p class='ocr_par' dir='ltr' id='par_1_115' title="bbox 1915 5365 3489 5434">
     <span class='ocr_line' id='line_1_115' title="bbox 1915 5365 3489 5434; baseline 0.001 -16"><span class='ocrx_word' id='word_1_879' title='bbox 1915 5375 1996 5418; x_wconf 77' lang='grc' dir='ltr'><strong>εει</strong></span> <span class='ocrx_word' id='word_1_880' title='bbox 2028 5365 2170 5432; x_wconf 87' lang='lat' dir='ltr'><strong>quod</strong></span> <span class='ocrx_word' id='word_1_881' title='bbox 2203 5377 2322 5434; x_wconf 89' lang='lat' dir='ltr'><strong>post</strong></span> <span class='ocrx_word' id='word_1_882' title='bbox 2366 5374 2592 5420; x_wconf 90' lang='lat' dir='ltr'><strong>mortem</strong></span> <span class='ocrx_word' id='word_1_883' title='bbox 2636 5381 2879 5422; x_wconf 88' lang='lat' dir='ltr'><strong>sororem</strong></span> <span class='ocrx_word' id='word_1_884' title='bbox 2915 5366 3102 5422; x_wconf 88' lang='lat' dir='ltr'><strong>uxoris</strong></span> <span class='ocrx_word' id='word_1_885' title='bbox 3135 5367 3330 5421; x_wconf 90' lang='lat' dir='ltr'><strong>ducere</strong></span> <span class='ocrx_word' id='word_1_886' title='bbox 3379 5379 3489 5420; x_wconf 89' lang='lat' dir='ltr'><strong>non</strong></span> 
     </span>
    </p>
   </div>
   <div class='ocr_carea' id='block_1_116' title="bbox 1917 5455 3488 5526">
    <p class='ocr_par' dir='ltr' id='par_1_116' title="bbox 1917 5455 3488 5526">
     <span class='ocr_line' id='line_1_116' title="bbox 1917 5455 3488 5526; baseline 0.003 -19"><span class='ocrx_word' id='word_1_887' title='bbox 1917 5455 2253 5522; x_wconf 85' lang='lat' dir='ltr'><strong>prohibetur,</strong></span> <span class='ocrx_word' id='word_1_888' title='bbox 2291 5465 2350 5510; x_wconf 88' lang='lat' dir='ltr'><strong>ut</strong></span> <span class='ocrx_word' id='word_1_889' title='bbox 2399 5456 2665 5526; x_wconf 86' lang='lat' dir='ltr'><strong>zelotypia</strong></span> <span class='ocrx_word' id='word_1_890' title='bbox 2702 5457 2932 5526; x_wconf 86' lang='lat' dir='ltr'><strong>amplius</strong></span> <span class='ocrx_word' id='word_1_891' title='bbox 2985 5472 3090 5512; x_wconf 91' lang='lat' dir='ltr'><strong>non</strong></span> <span class='ocrx_word' id='word_1_892' title='bbox 3138 5457 3341 5524; x_wconf 81' lang='lat' dir='ltr'><strong>futura,</strong></span> <span class='ocrx_word' id='word_1_893' title='bbox 3383 5457 3488 5512; x_wconf 84' lang='lat' dir='ltr'><strong>hoc</strong></span> 
     </span>
    </p>
   </div>
   <div class='ocr_carea' id='block_1_117' title="bbox 1919 5546 3487 5617">
    <p class='ocr_par' dir='ltr' id='par_1_117' title="bbox 1919 5546 3487 5617">
     <span class='ocr_line' id='line_1_117' title="bbox 1919 5546 3487 5617; baseline 0.003 -20"><span class='ocrx_word' id='word_1_894' title='bbox 1919 5546 2114 5613; x_wconf 74' lang='lat' dir='ltr'><strong>inquit,</strong></span> <span class='ocrx_word' id='word_1_895' title='bbox 2149 5546 2294 5609; x_wconf 85' lang='lat' dir='ltr'><strong>talia,</strong></span> <span class='ocrx_word' id='word_1_896' title='bbox 2325 5546 2530 5602; x_wconf 86' lang='lat' dir='ltr'><strong>scilicet</strong></span> <span class='ocrx_word' id='word_1_897' title='bbox 2559 5548 2740 5602; x_wconf 90' lang='lat' dir='ltr'><strong>dicere</strong></span> <span class='ocrx_word' id='word_1_898' title='bbox 2768 5557 2849 5603; x_wconf 91' lang='lat' dir='ltr'><strong>est</strong></span> <span class='ocrx_word' id='word_1_899' title='bbox 2881 5549 3049 5617; x_wconf 85' lang='lat' dir='ltr'><strong>legem</strong></span> <span class='ocrx_word' id='word_1_900' title='bbox 3083 5547 3247 5613; x_wconf 87' lang='lat' dir='ltr'><strong>l&#39;crre,</strong></span> <span class='ocrx_word' id='word_1_901' title='bbox 3274 5558 3329 5602; x_wconf 91' lang='lat' dir='ltr'><strong>et</strong></span> <span class='ocrx_word' id='word_1_902' title='bbox 3359 5562 3487 5617; x_wconf 86' lang='lat' dir='ltr'><strong>pro-</strong></span> 
     </span>
    </p>
   </div>
   <div class='ocr_carea' id='block_1_118' title="bbox 1921 5635 3490 5710">
    <p class='ocr_par' dir='ltr' id='par_1_118' title="bbox 1921 5635 3490 5710">
     <span class='ocr_line' id='line_1_118' title="bbox 1921 5635 3490 5710; baseline 0.003 -22"><span class='ocrx_word' id='word_1_903' title='bbox 1921 5638 2067 5705; x_wconf 84' lang='lat' dir='ltr'><strong>prius</strong></span> <span class='ocrx_word' id='word_1_904' title='bbox 2096 5635 2240 5704; x_wconf 85' lang='lat' dir='ltr'><strong>leges</strong></span> <span class='ocrx_word' id='word_1_905' title='bbox 2268 5637 2632 5702; x_wconf 88' lang='lat' dir='ltr'><strong>introducere,</strong></span> <span class='ocrx_word' id='word_1_906' title='bbox 2666 5653 2770 5692; x_wconf 83' lang='lat' dir='ltr'><strong>non</strong></span> <span class='ocrx_word' id='word_1_907' title='bbox 2797 5653 2858 5696; x_wconf 87' lang='lat' dir='ltr'><strong>ea</strong></span> <span class='ocrx_word' id='word_1_908' title='bbox 2887 5653 3006 5710; x_wconf 71' lang='lat' dir='ltr'><strong>qum</strong></span> <span class='ocrx_word' id='word_1_909' title='bbox 3036 5647 3161 5694; x_wconf 90' lang='lat' dir='ltr'><strong>sunt</strong></span> <span class='ocrx_word' id='word_1_910' title='bbox 3203 5638 3336 5708; x_wconf 74' lang='lat' dir='ltr'><strong>legis</strong></span> <span class='ocrx_word' id='word_1_911' title='bbox 3366 5655 3490 5707; x_wconf 88' lang='lat' dir='ltr'><strong>pro-</strong></span> 
     </span>
    </p>
   </div>
   <div class='ocr_carea' id='block_1_119' title="bbox 1926 5727 3488 5799">
    <p class='ocr_par' dir='ltr' id='par_1_119' title="bbox 1926 5727 3488 5799">
     <span class='ocr_line' id='line_1_119' title="bbox 1926 5727 3488 5799; baseline 0.005 -17"><span class='ocrx_word' id='word_1_912' title='bbox 1926 5729 2086 5782; x_wconf 68' lang='grc' dir='ltr'>[ωτι-ο.</span> <span class='ocrx_word' id='word_1_913' title='bbox 2127 5727 2192 5781; x_wconf 64' lang='lat' dir='ltr'><strong>Si.</strong></span> <span class='ocrx_word' id='word_1_914' title='bbox 2217 5728 2411 5784; x_wconf 85' lang='lat' dir='ltr'><strong>demus</strong></span> <span class='ocrx_word' id='word_1_915' title='bbox 2427 5729 2599 5794; x_wconf 91' lang='lat' dir='ltr'><strong>enim,</strong></span> <span class='ocrx_word' id='word_1_916' title='bbox 2623 5737 2744 5799; x_wconf 81' lang='lat' dir='ltr'><strong>post</strong></span> <span class='ocrx_word' id='word_1_917' title='bbox 2778 5741 3005 5787; x_wconf 88' lang='lat' dir='ltr'><strong>mortem</strong></span> <span class='ocrx_word' id='word_1_918' title='bbox 3033 5731 3220 5787; x_wconf 64' lang='lat' dir='ltr'><strong>uxoris</strong></span> <span class='ocrx_word' id='word_1_919' title='bbox 3249 5747 3488 5790; x_wconf 73' lang='grc' dir='ltr'>ειιι-ιιτυειι</span> 
     </span>
    </p>
   </div>
   <div class='ocr_carea' id='block_1_120' title="bbox 305 5914 2633 5981">
    <p class='ocr_par' dir='ltr' id='par_1_120' title="bbox 305 5914 2633 5981">
     <span class='ocr_line' id='line_1_120' title="bbox 305 5914 2633 5981; baseline 0.001 -16"><span class='ocrx_word' id='word_1_920' title='bbox 305 5918 376 5981; x_wconf 67' lang='grc' dir='ltr'><strong>ζα)</strong></span> <span class='ocrx_word' id='word_1_921' title='bbox 405 5915 540 5966; x_wconf 78' lang='lat' dir='ltr'><strong>llath</strong></span> <span class='ocrx_word' id='word_1_922' title='bbox 564 5916 1026 5979; x_wconf 80' lang='lat' dir='ltr'><strong>interpretationem</strong></span> <span class='ocrx_word' id='word_1_923' title='bbox 1047 5915 1184 5967; x_wconf 85' lang='lat' dir='ltr'><strong>dedit</strong></span> <span class='ocrx_word' id='word_1_924' title='bbox 1215 5914 1515 5978; x_wconf 72' lang='lat' dir='ltr'><strong>Devercgius</strong></span> <span class='ocrx_word' id='word_1_925' title='bbox 1545 5917 1594 5966; x_wconf 88' lang='lat' dir='ltr'><strong>in</strong></span> <span class='ocrx_word' id='word_1_926' title='bbox 1621 5915 1751 5966; x_wconf 79' lang='lat' dir='ltr'><strong>uotis</strong></span> <span class='ocrx_word' id='word_1_927' title='bbox 1778 5928 1840 5966; x_wconf 90' lang='lat' dir='ltr'><strong>ex</strong></span> <span class='ocrx_word' id='word_1_928' title='bbox 1867 5916 2035 5968; x_wconf 86' lang='lat' dir='ltr'><strong>codice</strong></span> <span class='ocrx_word' id='word_1_929' title='bbox 2058 5915 2466 5969; x_wconf 76' lang='lat' dir='ltr'><strong>Amerbachiano.</strong></span> <span class='ocrx_word' id='word_1_930' title='bbox 2493 5914 2633 5968; x_wconf 75' lang='lat' dir='ltr'><strong>Eun.</strong></span> 
     </span>
    </p>
   </div>
  </div>
