4096 6450
696 396 800 458 819

1937 394 2215 454 ΤΗΕΟῘ).
2256 391 2348 451 BA
2358 391 2654 464 LSAMON

3807 386 3903 450 820

695 505 858 572 ipsius
888 504 935 555 el
976 503 1225 571 accipere
1256 501 1437 566 licere,
1476 501 1564 569 qui
1602 511 1828 556 mortua?
1872 503 2097 556 maritus
2127 501 2245 566 fuit,

2356 502 2454 570 τῆς
2479 499 2742 568 γυναικὸς
2772 497 2870 568 τὴν
2893 497 3130 568 ἀδελφὴν
3153 497 3322 566 αὐτῆς
3367 496 3668 566 λαμϐάνειν
3698 496 3790 550 τδν
3816 502 3905 567 τῆς

688 596 939 660 queuiam
975 593 1251 663 zelmypia:
1280 593 1460 662 passio
1501 593 1675 649 locum
1715 594 1942 663 amplius
1989 608 2095 646 non
2145 593 2240 646 ha—

688 687 850 745 heat,
882 699 1000 738 eam
1050 683 1276 753 accipiet
1311 685 1471 737 etiam
1515 685 1626 753 ipsa
1661 684 1888 747 vivente,
1947 685 1990 737 si
2030 698 2244 737 sorores

690 776 968 845 zelotypiae
1018 776 1316 844 passionem
1349 791 1474 845 erga
1530 790 1587 829 se
1635 775 1860 829 invicem
1895 789 1998 828 non
2040 775 2242 826 habue-

691 870 818 920 rint.
853 867 954 919 Sed
980 866 1119 920 dicet
1152 866 1344 935 aliquis
1379 867 1478 920 hoc
1506 883 1609 921 non
1639 867 1894 935 scriptum
1929 879 2047 920 esse
2089 881 2102 916 :
2153 879 2243 916 ve-

689 973 807 1010 rum
851 972 948 1012 nec
975 958 1102 1011 illud
1128 958 1386 1025 scriptum
1413 968 1515 1022 est,
1543 967 1601 1011 ut
1631 967 1751 1028 post
1779 967 2006 1010 mortem
2039 955 2245 1010 scilicet

691 1048 933 1101 mulieris
968 1048 1192 1102 maritus
1226 1049 1340 1117 ejus
1383 1057 1606 1102 mortuae
1638 1061 1879 1104 sororem
1928 1047 1979 1100 in
2022 1059 2241 1101 uxorem

691 1141 928 1191 duceret.
968 1138 1167 1194 Deinde
1203 1138 1371 1204 addit,
1403 1139 1544 1208 quod
1573 1140 1615 1193 si
1647 1152 1709 1193 ea
1741 1153 1860 1206 qua:
1889 1147 2050 1201 retro,
2085 1135 2244 1206 paulo

688 1243 732 1282 si
754 1228 895 1282 ilicet
923 1237 1068 1293 ante,
1101 1231 1151 1282 in
1177 1229 1294 1298 lege
1322 1229 1460 1283 dicta
1489 1237 1636 1294 sunt,
1671 1227 2120 1288 consideraveris,
2161 1223 2242 1278 ul-

689 1319 870 1371 tcriori
900 1319 1138 1372 molestia
1172 1319 1430 1373 liberatus
1475 1319 1603 1374 eris.
1648 1316 1766 1373 Non
1811 1332 2022 1372 omnem
2058 1317 2200 1371 enim
2227 1358 2240 1380 ,

689 1408 898 1472 inquit,
925 1417 1264 1474 peccatorum
1300 1409 1531 1476 speciem
1563 1407 1835 1477 legislator
1876 1406 1944 1460 ibi
1997 1419 2243 1472 compre-

688 1498 920 1552 hendere
947 1499 1045 1552 sibi
1077 1500 1356 1568 proposuit
1390 1515 1404 1553 :
1431 1499 1523 1554 sed
1574 1508 1787 1567 peccata
1821 1497 2198 1568 Egyptiorum
2228 1537 2242 1562 ,

689 1590 827 1643 inter
867 1603 1000 1657 quos
1027 1589 1373 1645 Hebraeorum
1415 1590 1642 1660 populus
1683 1598 1935 1658 tanquam
1978 1589 2243 1657 peregrini

698 1692 853 1734 antea
885 1681 1219 1745 habitarant;
1257 1689 1310 1734 et
1339 1681 1797 1744 Chananmorum,
1827 1679 1891 1733 ad
1922 1693 2053 1746 quos
2086 1686 2236 1732 trau-

690 1772 892 1825 sierunt
925 1780 976 1826 et
1009 1771 1490 1841 transmigrarunt;
1523 1770 1662 1839 quod
1708 1769 1999 1824 verisimile
2025 1778 2142 1831 est;
2195 1777 2246 1819 et

2355 592 2764 663 τελευτησάσης
2801 590 2992 662 ἀνδρα,
3022 590 3112 645 διὰ
3135 590 3199 645 τὸ
3245 589 3443 660 μηκέτι
3504 590 3566 643 τὸ
3597 589 3697 657 τῆς
3755 590 3908 659 ζηλο-

2355 685 2553 747 τυπίας
2599 685 2768 749 πάθος
2809 687 2990 755 χώραν
3040 683 3212 752 ἔχειν,
3269 681 3504 750 λήψεται
3561 681 3769 747 ταύτην
3822 682 3910 732 καὶ

2355 773 2532 839 ζώσης
2565 772 2802 842 ὲκείνης,
2831 773 2880 825 εί
2908 771 3252 842 ἀζηλότυπον
3289 771 3431 840 πρὸς
3459 768 3700 839 ἀλλήλας
3754 769 3910 831 πάθος

2345 864 2518 931 ἔχοιεν
2551 866 2604 915 αί
2631 863 2879 929 ἀδελφαί.
2923 861 3068 914 Ἀλλ’
3105 862 3226 931 ἐρεῖ
3253 878 3336 923 τις
3395 861 3479 913 ὅτι
3513 861 3674 913 τοῦτο
3735 860 3796 912 οὗ
3823 860 3910 926 12'-

2351 969 2591 1021 γραπται
2619 969 2630 982 ·
2660 952 2775 1005 ἀλλ’
2797 953 2916 1006 οὐδὲ
2940 953 3115 1005 ἐκεῖνο
3139 952 3467 1020 γέγραπται,
3501 949 3560 1001 τὸ
3587 951 3727 1018 μετὰ
3751 949 3908 1002 θανα-

2347 1060 2436 1094 τον
2465 1040 2665 1109 δηλαδή
2685 1041 2782 1110 τῆς
2807 1039 3064 1107 γυναικὸς
3087 1039 3176 1092 τὸν
3203 1039 3419 1107 ἐκείνης
3449 1036 3618 1106 ἀνδρα
3647 1034 3747 1104 τὴν
3767 1034 3908 1087 ἀδελ-

2349 1135 2453 1202 φὴν
2477 1132 2571 1198 τῆς
2606 1132 3002 1200 τελευτησάσης
3037 1132 3119 1192 εἰς
3151 1131 3388 1196 γυναῖκα
3433 1125 3754 1195 λαμσάνειν.
3785 1119 3908 1176 Εἶτα

2348 1225 2567 1291 ἐπάγει,
2586 1228 2667 1280 ὅτι
2699 1226 2746 1276 εί
2773 1223 2841 1274 τὰ
2868 1222 3096 1276 κατόπιν
3120 1221 3217 1289 τῆς
3240 1217 3564 1287 νομοθεσίας
3592 1215 3906 1284 σκοπήσεις,

2350 1315 2417 1368 τά
2445 1315 2668 1368 ὄπισθεν
2692 1312 2916 1384 δηλαδὴ,
2970 1310 3364 1379 ἀπαλλαγήση,
3391 1306 3760 1378 πραγμάτων.
3842 1305 3910 1356 Οὐ

2350 1408 2458 1473 γὰρ
2491 1406 2597 1456 πᾶν
2629 1396 2768 1463 εἶδος
2798 1403 2824 1454 ὁ
2852 1400 3151 1470 νομοθέτης
3180 1396 3441 1460 ἐνταῦθα,
3494 1395 3649 1464 φησι,
3690 1393 3914 1462 περιλα-

2352 1495 2465 1546 ϐεῖν
2499 1491 2913 1563 ἁμαρτημάτων
2943 1489 3204 1558 προέθετο
3227 1502 3242 1517 ’
3267 1487 3406 1539 ἀλλά
3434 1485 3504 1538 τὰ
3555 1485 3666 1536 τῶν
3739 1485 3911 1550 Αίγυο

2351 1586 2538 1643 πτέων,
2570 1579 2651 1645 οἷς
2703 1581 2949 1650 παρῲκει
3001 1580 3193 1648 πρώην
3227 1578 3254 1630 ό
3297 1576 3567 1646 Ἐϐραίων
3613 1575 3770 1638 λαὸς,
3819 1579 3910 1627 καὶ

2351 1676 2415 1728 τά
2452 1673 2556 1725 τῶν
2585 1672 2927 1732 Χαναναίων,
2961 1670 3096 1739 πρὸς
3114 1667 3208 1730 οὒς
3236 1667 3558 1737 μετετίθετο
3610 1667 3710 1720 καὶ
3741 1665 3916 1734 μετῴο

2354 1783 2532 1826 κιςτο,
2556 1765 2649 1816 καὶ
2675 1764 2820 1824 είκός
2849 1765 2987 1816 ἐστι.
3023 1762 3134 1816 Καὶ
3163 1763 3246 1814 ὅτι
3294 1758 3452 1813 τοῦτο
3519 1757 3580 1814 τὸ
3627 1751 3770 1818 εἶδος
3825 1753 3915 1807 τοῦ

691 1862 829 1926 quod
877 1860 1033 1914 istam
1083 1868 1421 1927 peccatorum
1471 1860 1746 1928 speciem,
1805 1874 1908 1926 qua
1960 1859 2080 1927 quis
2131 1865 2245 1927 post

2351 1859 2764 1932 ἁμαρτήματος,
2800 1854 2860 1906 τὸ
2893 1855 3030 1922 μετά
3058 1854 3286 1906 θάνατον
3329 1850 3429 1918 τῆς
3472 1845 3734 1916 γυναικὸς
3755 1843 3914 1897 αὑτοῦ

691 1957 912 2002 mortem
964 1949 1145 2002 uxoris
1202 1962 1308 2002 sua:
1366 1962 1606 2004 sororem
1665 1948 1784 2018 ejus
1831 1949 1976 2002 ducit
2029 1947 2245 2020 [Moses]

691 2045 969 2100 prepterea
1024 2036 1316 2104 prohibuit,
1369 2036 1511 2104 quod
1558 2037 1660 2091 viri
1709 2036 1966 2090 luxuriosi
2017 2037 2248 2104 patriar-

692 2128 844 2177 cham
879 2125 1135 2179 Iacobum
1176 2142 1272 2192 pro
1308 2127 1550 2195 exemplo
1599 2127 1868 2181 habebant
1891 2167 1906 2191 ,
1944 2128 2033 2194 qui
2062 2129 2245 2182 eodem

692 2227 930 2284 tempore
963 2217 1172 2271 duabus
1198 2217 1496 2281 sororibus,
1540 2219 1680 2272 Leia:
1716 2229 1763 2271 ct
1814 2220 2053 2281 Racheli,
2086 2221 2248 2273 coha-

693 2307 899 2358 hitavit.
934 2306 1092 2359 Multa
1142 2316 1320 2360 autem
1355 2308 1501 2370 dicit,
1535 2322 1564 2360 a
1604 2308 1718 2376 lege
1752 2309 1968 2378 quidem
2024 2310 2244 2364 silentio

693 2399 1072 2459 praetermissa,
1103 2407 1150 2451 ct
1206 2408 1381 2450 tamen
1435 2398 1695 2466 prohibita
1729 2413 1849 2452 esse
1891 2416 1903 2452 :
1937 2400 2094 2466 quale
2123 2410 2201 2454 est
2230 2440 2243 2464 ,

693 2493 897 2552 patrem
924 2492 974 2535 et
1004 2484 1168 2537 lilium
1205 2485 1386 2539 eadem
1447 2485 1633 2554 pellice
1665 2501 1766 2540 non
1803 2487 1898 2539 uti.
1929 2485 2096 2554 llnjus
2128 2486 2244 2552 qui~

692 2575 808 2626 dent
841 2571 924 2625 lex
952 2585 1054 2624 non
1089 2571 1368 2624 meminit:
1400 2573 1660 2640 propheta
1687 2587 1817 2626 vero
1853 2582 2105 2638 tanquam
2139 2573 2249 2625 ille-

692 2665 931 2732 gitimam
965 2662 1227 2714 actionem
1262 2665 1555 2724 accusavit,
1589 2662 1796 2724 dicens,
1837 2663 1981 2728 ﬁlius
2012 2674 2057 2716 et
2097 2673 2248 2730 pater

693 2755 758 2803 ad
813 2756 1044 2805 eamdem
1097 2750 1322 2818 puellam
1371 2751 1798 2821 ingrediebantur
1869 2789 1881 2802 .
1915 2751 1978 2804 Et
2031 2752 2244 2816 quidem

695 2841 993 2906 Daemones,
1037 2841 1229 2919 inquit,
1267 2842 1432 2896 multa
1488 2842 1881 2896 immuudarum
1935 2844 2241 2911 passionum

695 2945 888 2999 genera
922 2933 1256 2986 docuerunt:
1289 2934 1464 2987 divina
1498 2943 1672 2987 autem
1704 2933 1982 3002 Scriptura
2033 2936 2144 2990 haec
2175 2937 2247 2989 si-

697 3019 864 3076 lentio
896 3019 1254 3088 praetermisit,
1285 3028 1338 3073 et
1368 3023 1466 3074 sub
1498 3022 1731 3087 generali
1765 3022 2118 3076 immunditiei
2151 3037 2246 3074 no-

695 3109 839 3163 mine
877 3108 1298 3174 comprehendit,
1331 3123 1396 3161 ne
1425 3110 1779 3168 sanctimonia
1807 3111 1973 3180 ipsius
2002 3113 2232 3178 turpium

2349 1967 2467 2000 τινα
2506 1947 2807 2015 λαμϐάνειν
2834 1945 2932 2012 τὴν
2993 1943 3230 2014 ἀδελφὴν
3312 1941 3551 2010 ἑκείνης,
3611 1937 3698 1990 διὰ
3763 1936 3917 1989 τοῦτο

2350 2037 2646 2094 ἐκώλυσεν,
2671 2035 2752 2085 ὅτι
2782 2034 2862 2093 εἰς
2891 2032 3202 2099 ὑπόδειγμα
3225 2027 3370 2098 εἶχον
3422 2031 3471 2082 οἱ
3503 2028 3794 2083 ἀκόλαστοι
3825 2026 3915 2080 τδν

2350 2126 2690 2194 πατριάρχην
2729 2122 2924 2176 Ἰακὼό
2956 2124 3352 2190 συνοικήσαντα
3375 2119 3516 2174 κατά
3539 2119 3737 2172 ταύτὸν
3766 2118 3916 2172 δυσὶν

2348 2216 2626 2281 ἀδελφαῖς,
2658 2216 2723 2283 τῇ
2746 2230 2800 2264 τε
2835 2211 2968 2283 Λείᾳ
2994 2214 3084 2265 καὶ
3115 2217 3178 2279 τῇ
3239 2212 3457 2280 Ῥαχὴλ.
3495 2211 3675 2263 Πολλὰ
3727 2210 3783 2262 δι
3824 2208 3913 2259 λέ-

2349 2323 2431 2372 γει
2463 2305 2538 2372 τῷ
2565 2306 2712 2373 νόμῳ
2745 2305 2841 2371 μὲν
2898 2303 3258 2372 σιωπηθῆναι,
3282 2301 3622 2355 κεκωλῦσθαι
3647 2301 3705 2352 δὲ
3735 2301 3910 2366 ὅμως·

2348 2392 2458 2446 οἷόν
2489 2396 2602 2445 ἐστι
2633 2394 2690 2444 τὸ
2725 2395 2796 2463 μὴ
2823 2395 2924 2463 μιᾷ
2959 2392 3206 2461 παλλακῇ
3235 2391 3534 2462 κεχρῆσθαι
3583 2389 3797 2460 πατέρα
3829 2389 3914 2440 καὶ

2349 2486 2483 2538 υἱόν.
2511 2483 2712 2536 Τούτου
2745 2484 2841 2551 μὲν
2878 2485 2906 2534 ὁ
2935 2484 3097 2553 νόμος
3125 2484 3225 2536 οὐκ
3286 2482 3691 2550 ἐμνημόνευσεν
3728 2496 3744 2511 '
3780 2482 3807 2532 ό
3861 2481 3914 2532 δὲ

2348 2577 2631 2644 προφήτης
2677 2575 2750 2636 ὡς
2783 2573 3024 2642 ἀθέσμου
3077 2573 3176 2640 τῆς
3223 2573 3475 2640 πράξεως
3511 2571 3912 2639 κατηγόρησεν,

2348 2665 2514 2718 εἰπών
2547 2679 2560 2695 ο
2607 2665 2660 2716 '0
2715 2663 2846 2728 υἱὸς
2913 2662 3010 2714 καί
3046 2665 3078 2715 ό
3125 2661 3320 2728 πατὴρ
3370 2661 3520 2726 πρὸς
3565 2661 3682 2724 τὴν
3727 2660 3916 2725 αὐτὴν·

2347 2753 2674 2817 παιδίσκην
2711 2753 3188 2818 εἰσεπορεύοντο.
3221 2752 3329 2804 Καὶ
3384 2753 3431 2803 οἱ
3501 2749 3597 2818 μὲν
3645 2749 3912 2817 δαίμονες,

2347 2845 2504 2912 φησι,
2546 2842 2715 2894 πολλὰ
2751 2841 2870 2909 εἴδη
2898 2841 3006 2892 τῶν
3041 2839 3364 2908 ἀκαθάρτων
3395 2837 3585 2890 παθῶν
3618 2836 3866 2898 ἐδίδαξαν
3896 2851 3909 2865 ·

2348 2937 2380 3003 η
2411 2935 2466 2986 δὲ
2495 2931 2612 2986 θεία
2646 2931 2838 3000 Γραφὴ
2893 2931 3063 2983 ταῦτα
3111 2930 3528 3000 παρεσιὼπησε,
3571 2929 3665 2981 καὶ
3717 2928 3914 2994 γενικῷ

2346 3024 2568 3091 ὀνόματι
2591 3023 2686 3089 τῆς
2728 3021 3066 3090 ἀκαθαρσίας
3100 3021 3363 3085 διέλαόεν,
3397 3021 3483 3072 ἵνα
3541 3019 3616 3088 μὴ
3651 3022 3685 3090 ἡ
3731 3019 3915 3087 σεμνόο

2344 3129 2441 3179 της
2479 3112 2646 3179 αὐτῆς
2704 3112 2825 3173 ταῖς
2891 3111 3001 3162 τῶν
3035 3111 3278 3180 αίσχρῶν
3338 3111 3656 3179 ὀνομασίαις
3710 3112 3912 3178 καταρο

697 3199 1142 3269 appellationibus
1171 3200 1650 3256 contaminaretur.
1688 3201 1749 3254 Et
1779 3203 2089 3271 Apostolus,
2119 3203 2243 3256 0m-

2351 3202 2671 3270 ρυπσίνοιτο.
2700 3199 2808 3253 Καὶ
2841 3199 2868 3252 ό
2890 3200 3227 3262 ’Δπόστολος.
3260 3203 3513 3268 Πορνεία
3544 3201 3614 3252 δὲ
3637 3201 3737 3253 καὶ
3764 3201 3906 3254 ἀκα-

696 3290 800 3354 nis,
836 3289 1043 3357 inquit.
1082 3289 1358 3356 fornicatio
1394 3301 1443 3344 et
1487 3291 1838 3344 immundities
1888 3293 2023 3344 inter
2057 3309 2139 3346 res
2184 3311 2245 3346 ne

697 3381 990 3432 nominetur
1023 3380 1061 3444 ⁸,
1094 3382 1191 3434 sub
1241 3380 1592 3436 immunditiei
1652 3382 1864 3436 nomine
1895 3398 2107 3437 omnem
2150 3384 2244 3436 ob.

696 3472 1015 3525 scenitatem
1072 3472 1565 3540 comprehendens;
1599 3473 1733 3526 adeo
1760 3483 1816 3527 ut
1848 3474 1990 3528 nulla
2027 3489 2245 3543 prorsus

697 3560 996 3614 libidinosis
1025 3571 1239 3629 propter
1269 3561 1540 3616 silentium
1573 3564 1797 3632 turpiter
1816 3563 2003 3632 agendi
2029 3565 2244 3617 licentia

699 3651 876 3711 detur.
917 3651 1116 3704 Deinde
1141 3660 1192 3703 et
1227 3652 1432 3706 lortiori
1474 3663 1688 3706 sanctus
1719 3665 2029 3722 argumento
2057 3657 2242 3720 utitur,

697 3739 902 3801 dicens,
937 3753 1107 3808 neque
1141 3740 1275 3794 hanc
1299 3752 1499 3809 partem
1533 3743 1644 3796 sive
1677 3745 1908 3812 speciem
1944 3746 2098 3813 hujus
2126 3763 2246 3814 pec-

698 3829 802 3881 cati
829 3828 1043 3883 silentio
1078 3843 1105 3881 a
1133 3829 1245 3897 lege
1275 3831 1689 3899 praetermissam
1721 3845 1861 3887 esse.
1893 3833 2244 3904 Quandoqui-

699 3922 816 3973 dem
853 3921 992 3973 enim
1040 3920 1091 3972 in
1126 3935 1185 3974 ea
1225 3921 1481 3986 scriptum
1518 3929 1600 3975 est
1623 3962 1638 3986 ,
1678 3919 1800 3973 Non
1836 3923 2140 3990 ingrediaris
2179 3927 2247 3975 ad

695 4011 923 4078 quamvis
958 4013 1395 4080 consanguineum
1446 4013 1619 4064 carnis
1663 4022 1765 4064 tua:
1815 4013 1882 4064 ad
1918 4015 2248 4066 revelandam

698 4100 810 4166 ejus
857 4101 1228 4168 turpitudinem
1264 4101 1306 4163 ',
1350 4101 1450 4155 hoc
1499 4102 1658 4154 etiam
1701 4117 1868 4169 genus
1916 4103 2245 4171 prohibetur.

701 4191 759 4243 Si
795 4192 934 4245 enim
970 4191 1158 4244 mulier
1187 4199 1240 4244 et
1268 4191 1348 4244 vir
1383 4207 1485 4244 una
1525 4193 1628 4246 sint
1655 4208 1801 4258 caro,
1829 4193 1980 4261 juxta
2006 4194 2247 4262 Scriptu-

701 4297 840 4345 ram,
871 4281 1008 4336 inter
1036 4283 1202 4335 virum
1232 4291 1283 4334 ct
1315 4282 1496 4335 uxoris
1527 4284 1692 4352 ipsius
1731 4299 1966 4339 sororem
2001 4299 2246 4355 magnam

700 4370 918 4422 utnnino
963 4370 1482 4439 consanguinitalem
1513 4387 1635 4426 esse
1662 4374 1922 4440 quispiam
1955 4375 2247 4429 existimet.

703 4456 766 4508 lit
796 4455 1245 4522 quemadmodum
1298 4471 1456 4512 nemo
1493 4472 1717 4514 matrem
1757 4462 1937 4514 uxoris
1971 4477 2079 4515 sua:
2106 4503 2120 4524 ,
2164 4463 2249 4515 vel

702 4541 864 4594 ﬁliam
893 4559 956 4596 ex
984 4543 1086 4597 alio
1117 4543 1164 4596 ei
1197 4542 1312 4598 viro
1343 4547 1596 4612 genitam,
1627 4559 1841 4614 propter
1871 4551 2248 4616 consanguini-

702 4642 866 4686 tatcm
893 4635 1149 4702 accipiet;
1175 4649 1347 4703 neque
1375 4636 1534 4688 etiam
1560 4645 1784 4688 matrem
1819 4652 1968 4690 suam
1997 4639 2245 4692 ﬁliamve:

703 4726 782 4778 sic
831 4739 1002 4792 neque
1035 4725 1217 4778 uxoris
1263 4726 1432 4780 sorori
1483 4724 1872 4793 conjungetnr;
1904 4727 2097 4795 quippe
2149 4743 2247 4782 nec

702 4815 872 4868 sorori
905 4829 1032 4867 sum.
1077 4813 1218 4867 Idem
1253 4823 1426 4867 autem
1465 4815 1633 4882 inquit
1661 4823 1714 4868 et
1749 4817 1814 4868 de
1851 4816 2074 4870 muliere
2105 4832 2121 4868 :
2156 4831 2248 4870 ne-

701 4920 805 4971 que
841 4905 982 4959 enim
1024 4905 1215 4959 mulier
1242 4906 1417 4959 mariti
1451 4906 1530 4959 sui
1571 4904 1804 4959 defuncti
1842 4905 1996 4959 fratri
2024 4909 2248 4974 conjun-

703 5008 892 5065 getur;
939 5012 1112 5064 neque
1159 4999 1277 5051 aliis
1315 4996 1360 5050 ei
1413 5013 1507 5066 per
1559 4998 1926 5066 cognationem
1982 4998 2248 5052 afﬁnibus.

705 5087 893 5141 Postea
926 5087 1227 5154 Apostolica
1256 5089 1503 5154 producit
1530 5088 1714 5150 verba,
1737 5098 1788 5140 et
1817 5087 1879 5140 ad
1913 5088 2137 5157 aliquos.
2164 5090 2253 5157 qui

703 5176 1084 5243 iliud,Crescite
1107 5187 1153 5229 el
1178 5177 1597 5245 multiplicamini
1619 5180 1658 5244 ³,
1683 5178 1962 5245 objiciunt,
1981 5181 2127 5243 dicit,
2149 5180 2250 5232 Eos

704 5269 938 5330 derideo,
978 5267 1068 5333 qui
1100 5267 1484 5335 legislationutu
1519 5277 1757 5334 tempora
1789 5283 1891 5321 non
1923 5270 2253 5324 discernunt.

703 5356 816 5412 lloc
837 5357 1035 5416 dicens,
1059 5357 1308 5423 quoniam
1332 5357 1477 5422 illud,
1498 5357 1723 5412 Crescite
1737 5369 1784 5411 et
1809 5360 2249 5426 multiplicamini,

702 5447 843 5500 Deus
870 5447 935 5497 ad
973 5444 1214 5498 homines
1251 5446 1426 5514 primo
1459 5455 1667 5503 creatos
1697 5453 2066 5517 pronuntiavit
2126 5467 2242 5514 cum

703 5537 936 5589 nuntium
970 5535 1251 5588 multitudo
1279 5536 1550 5590 hominum
1585 5547 1766 5602 esset,
1798 5547 1851 5592 et
1883 5553 2107 5595 necesse
2133 5556 2250 5594 om-

703 5611 833 5711 pino
860 5633 1021 5690 esset,
1055 5633 1110 5677 ut
1136 5624 1322 5679 Adami
1354 5625 1504 5681 liberi
1531 5628 1637 5683 sibi
1666 5628 1890 5683 iuric'em
1931 5630 2250 5698 copularen-

777 5747 789 5799 ξ
823 5743 1022 5814 Ephcs.
1065 5763 1116 5814 ν,
1152 5743 1203 5798 5.
1282 5748 1302 5779 ¹
1327 5745 1498 5805 chit.
1532 5766 1682 5815 xvut,
1729 5749 1813 5804 l8.
1889 5748 1908 5781 ³
1937 5748 2070 5804 Gen.
2115 5765 2149 5812 ι,
2181 5748 2272 5804 28.

2347 3295 2562 3361 θαρσιά
2593 3293 2758 3347 πᾶσα
2788 3292 2941 3361 μηδέ
2972 3291 3370 3361 ὀνομαζέσθω,
3403 3295 3591 3362 φησὶν,
3637 3292 3708 3344 ἐν
3754 3291 3909 3359 ὑμῖν,

2345 3383 2422 3450 τῷ
2455 3383 2552 3452 τῆς
2614 3383 2902 3443 ἀκολασίας
2973 3383 3194 3451 ὀνόματι
3259 3384 3442 3434 πᾶσαν
3518 3382 3912 3451 ἀρρητοποιίαν

2349 3472 2679 3541 περιλαϐών.
2709 3474 2870 3524 Ὥστε
2897 3472 2957 3524 οὗ
2989 3473 3204 3533 πάντως
3235 3471 3386 3524 ἄδεια
3411 3471 3622 3524 δέδοται
3685 3475 3794 3536 τοῖς
3825 3489 3911 3539 φι-

2348 3563 2583 3632 ληδόνοις
2621 3562 2707 3614 διὰ
2736 3563 2835 3630 τῆς
2868 3563 3078 3631 σιωπῆς
3150 3563 3557 3632 αίηρουργείν.
3615 3562 3749 3616 Εἶτα
3828 3565 3914 3613 καὶ

2352 3651 2649 3720 βιαιότερον
2681 3653 2948 3720 ἐπιχειρεῖ
2975 3653 3002 3704 ὁ
3029 3650 3205 3716 ἅγιος,
3242 3651 3416 3717 λέγων
3446 3651 3529 3703 ὅτι
3577 3651 3700 3703 οὐδὲ
3728 3651 3915 3702 σεσιώ-

2351 3759 2518 3809 πηται
2575 3743 2652 3810 τῷ
2703 3744 2851 3810 νόμῳ
2903 3741 2965 3794 τὸ
3001 3741 3163 3812 μέρος
3223 3740 3401 3806 τοῦτο,
3450 3743 3620 3809 ἤγουν
3669 3743 3731 3793 τδ
3781 3736 3916 3804 εἶδος

2348 3832 2535 3884 τούτου
2589 3830 2680 3883 τοῦ
2734 3832 3126 3901 ἁμαρτήματος
3160 3847 3173 3861 ο
3235 3832 3360 3883 ἐπεὶ
3425 3829 3534 3898 γάρ
3612 3831 3914 3898 γέγραπται

2350 3923 2406 3974 ιν
2463 3919 2631 3987 αὐτῷ,
2686 3921 2806 3972 Οὐκ
2874 3921 3197 3987 είσελεύσῃ
3262 3920 3412 3988 πρὸς
3466 3919 3666 3971 πάντα
3699 3919 3917 3971 οἰκεῖον

2350 4014 2575 4079 σαρκός
2667 4023 2782 4062 σου
2856 4008 3246 4076 ἀποκαλύψαι
3317 4009 3763 4077 ἀσχημοσύνην
3818 4012 3918 4063 αὺ-

2351 4101 2481 4166 τοῦ,
2529 4101 2624 4153 καὶ
2678 4101 2832 4153 τοῦτο
2855 4102 2914 4152 τὸ
2966 4094 3106 4160 εἶδος
3151 4098 3548 4169 ἀπηγόρευται.
3616 4101 3679 4152 Εἰ
3750 4101 3914 4169 γάρὴ

2351 4191 2486 4260 γυνὴ
2517 4191 2610 4244 καὶ
2659 4195 2686 4245 ὁ
2715 4191 2854 4260 ἀνὴρ
2877 4189 3013 4259 σάρξ
3043 4189 3150 4241 εισι
3197 4190 3317 4259 μία,
3349 4190 3490 4243 κατά
3535 4191 3635 4260 τὴν
3674 4191 3916 4260 Γραφὴν,

2352 4281 2567 4344 πάντως
2598 4281 2838 4352 μεγάλην
2885 4280 2951 4334 ἀν
2983 4295 3067 4342 τις
3123 4279 3396 4332 οίκείωσιν
3453 4275 3592 4331 εἶναι
3649 4280 3920 4346 λογίσαιτο

2355 4371 2487 4441 πρὸς
2517 4374 2606 4424 τὸν
2636 4372 2801 4441 ἀνδρα
2823 4375 2886 4440 τῇ
2914 4374 3013 4440 τῆς
3045 4370 3304 4437 γυναικός
3330 4369 3499 4422 αὐτοῦ
3533 4370 3763 4439 ἀδελφῇ.
3803 4372 3912 4423 Καὶ

2359 4463 2545 4530 ὥσπερ
2574 4461 2781 4530 μητέρα
2810 4477 2893 4522 τις
2925 4460 3130 4522 οἰκείας
3183 4460 3462 4527 γυναικὸς,
3537 4461 3813 4530 θυγατέρα
3862 4461 3916 4524 ἐξ

2357 4556 2543 4623 ἑτέρου
2569 4553 2758 4621 ἀνδρὸς
2784 4553 3064 4621 τεχθεῖταν
3093 4553 3252 4621 αὐτῇ.
3287 4555 3349 4605 οὐ
3390 4553 3646 4621 λήψεται,
3706 4552 3798 4603 διά
3820 4551 3915 4620 τὴν

2357 4644 2645 4705 οἰκείωσιν,
2677 4643 2796 4695 οὑδι
2826 4643 2921 4710 μέν
2949 4660 3030 4695 τοι
3059 4642 3159 4712 τὴν
3181 4643 3388 4696 οίκείαν
3421 4643 3668 4711 μητέραν
3694 4642 3727 4711 ἦ
3758 4642 3919 4710 θυγα-

2356 4733 2488 4802 τέρα
2506 4732 2676 4793 οὕτως
2692 4731 2808 4784 οὐδὲ
2833 4732 2930 4799 τῆς
2949 4733 3222 4797 γυναικόςσ
3241 4731 3361 4784 οὐδὲ
3377 4731 3515 4802 γυνὴ
3533 4733 3639 4803 γὰρ
3668 4733 3745 4802 τῷ
3769 4732 3920 4787 ἀδελ-

2357 4822 2442 4893 φῷ
2499 4822 2593 4874 τοῦ
2626 4820 2814 4891 ἀνδρὸς
2845 4820 3012 4888 αὐτῆς
3045 4819 3293 4884 θανόντος
3328 4822 3754 4892 συναφθήσεται,
3803 4822 3918 4874 οὐδὲ

2355 4915 2466 4976 τοίς
2504 4912 2684 4973 ἀλλοις
2714 4910 2907 4977 ἐκείνῳ
2931 4910 3150 4973 οἰκείοις
3197 4911 3680 4979 κατὰσυγγένειαν,
3700 4908 3831 4966 Εἶτα
3857 4913 3919 4966 τά

2353 5004 2680 5058 ἀποστολικὰ
2715 5004 3204 5072 ὲπάγειρήματαο
3272 5005 3368 5057 καὶ
3430 5006 3567 5073 πρός
3622 5023 3778 5070 τινας
3836 5008 3914 5067 τὸ,

2351 5095 2701 5158 Αὐξάνεσθε
2723 5093 2818 5147 καὶ
2845 5096 3228 5158 πληθύνεσθε
3287 5095 3761 5167 προϐαλλομένους
3789 5098 3917 5166 φησι

2354 5185 2656 5251 καταγελῶ,
2687 5184 2795 5237 τῶν
2826 5186 2900 5254 μὴ
2921 5185 3306 5256 διακρινόντων
3336 5188 3464 5246 τοὺς
3512 5190 3743 5256 καιροὺς
3809 5188 3913 5239 τῶν

2359 5275 2712 5345 νομοθεσιῶν,
2743 5273 2899 5326 τοῦτο
2924 5274 3117 5340 λέγων,
3172 5273 3339 5328 ὅτιτὸ
3396 5274 3750 5336 Αὺξὰνεσθε
3825 5273 3916 5327 καὶ

2361 5369 2743 5432 πληθύνεσθε
2773 5365 2907 5435 πρὸς
2935 5367 3060 5427 τοὺς
3117 5367 3577 5432 πρωτοπλάστους
3633 5367 3852 5439 εἴρηκεν
3892 5367 3919 5418 ό

2361 5459 2516 5520 Θεὸς,
2569 5459 2657 5510 ὅτε
2717 5455 2869 5509 οὔπω
2925 5455 3126 5525 πλῆθος
3177 5457 3506 5526 ἀνθρώπων,
3564 5461 3660 5511 καὶ
3708 5459 3918 5527 ἀνάγκη

2360 5549 2574 5607 πάντως
2607 5549 2728 5608 τοὺς
2751 5546 2842 5599 τοῦ
2890 5545 3060 5616 ’Λδὶμ
3085 5547 3280 5609 παῖδας
3334 5548 3585 5615 ἀλλήλοις
3648 5549 3914 5602 συνάπτε-

2359 5641 2503 5690 σθαι.
2530 5636 2682 5690 Κατὰ
2712 5636 2899 5689 τοῦτον
2928 5632 3020 5689 οὖν
3045 5637 3134 5688 τὸν
3158 5635 3316 5702 λόγον
3369 5637 3462 5689 καὶ
3531 5635 3628 5690 νῦν
3678 5635 3918 5706 ἀλλήλοις
