  <div class='ocr_page' id='page_1' title='image "/cluster/home/n/w/nwhite01/storage/ocr_20150623/138/uva.x030486987/470.png"; bbox 0 0 4096 6456; ppageno 0'>
   <div class='ocr_carea' id='block_1_1' title="bbox 287 377 393 443">
    <p class='ocr_par' dir='ltr' id='par_1_1' title="bbox 287 377 393 443">
     <span class='ocr_line' id='line_1_1' title="bbox 287 377 393 443; baseline -0.047 1"><span class='ocrx_word' id='word_1_1' title='bbox 287 377 393 443; x_wconf 76' lang='grc'><strong>821</strong></span> 
     </span>
    </p>
   </div>
   <div class='ocr_carea' id='block_1_2' title="bbox 880 364 1867 438">
    <p class='ocr_par' dir='ltr' id='par_1_2' title="bbox 880 367 1867 438">
     <span class='ocr_line' id='line_1_2' title="bbox 880 367 1867 438; baseline -0.01 0"><span class='ocrx_word' id='word_1_2' title='bbox 880 378 963 438; x_wconf 87' lang='grc' dir='ltr'>ΙΝ</span> <span class='ocrx_word' id='word_1_3' title='bbox 1001 376 1239 437; x_wconf 84' lang='grc' dir='ltr'><strong>ΕΡ18Τ.</strong></span> <span class='ocrx_word' id='word_1_4' title='bbox 1289 375 1347 436; x_wconf 89' lang='lat' dir='ltr'><strong>S.</strong></span> <span class='ocrx_word' id='word_1_5' title='bbox 1386 371 1672 436; x_wconf 79' lang='lat' dir='ltr'><strong>BASILII</strong></span> <span class='ocrx_word' id='word_1_6' title='bbox 1704 370 1805 429; x_wconf 79' lang='lat' dir='ltr'><strong>AD</strong></span> <span class='ocrx_word' id='word_1_7' title='bbox 1843 367 1867 428; x_wconf 86' lang='lat'>(</span> 
     </span>
    </p>
   </div>
   <div class='ocr_carea' id='block_1_3' title="bbox 1967 364 2921 438">
    <p class='ocr_par' dir='ltr' id='par_1_3' title="bbox 1967 364 2921 430">
     <span class='ocr_line' id='line_1_3' title="bbox 1967 364 2921 430; baseline -0.001 -3"><span class='ocrx_word' id='word_1_8' title='bbox 1967 367 2304 430; x_wconf 75' lang='lat' dir='ltr'><strong>EGORIUM</strong></span> <span class='ocrx_word' id='word_1_9' title='bbox 2338 364 2921 427; x_wconf 72' lang='lat' dir='ltr'><strong>PRESBYTERUM.</strong></span> 
     </span>
    </p>
   </div>
   <div class='ocr_carea' id='block_1_4' title="bbox 3425 359 3531 421">
    <p class='ocr_par' dir='ltr' id='par_1_4' title="bbox 3425 359 3531 421">
     <span class='ocr_line' id='line_1_4' title="bbox 3425 359 3531 421; baseline -0.019 0"><span class='ocrx_word' id='word_1_10' title='bbox 3425 359 3531 421; x_wconf 77' lang='grc'><strong>822</strong></span> 
     </span>
    </p>
   </div>
   <div class='ocr_carea' id='block_1_5' title="bbox 284 477 1867 567">
    <p class='ocr_par' dir='ltr' id='par_1_5' title="bbox 284 492 1865 567">
     <span class='ocr_line' id='line_1_5' title="bbox 284 492 1865 567; baseline -0.004 -16"><span class='ocrx_word' id='word_1_11' title='bbox 284 497 733 567; x_wconf 68' lang='grc' dir='ltr'>συναφθήσονται</span> <span class='ocrx_word' id='word_1_12' title='bbox 766 493 986 561; x_wconf 76' lang='grc' dir='ltr'>ἀδελφοί</span> <span class='ocrx_word' id='word_1_13' title='bbox 1022 510 1036 524; x_wconf 87' lang='grc'><strong>·</strong></span> <span class='ocrx_word' id='word_1_14' title='bbox 1062 493 1155 545; x_wconf 75' lang='grc' dir='ltr'>καὶ</span> <span class='ocrx_word' id='word_1_15' title='bbox 1185 492 1280 545; x_wconf 71' lang='grc' dir='ltr'>ἐπὶ</span> <span class='ocrx_word' id='word_1_16' title='bbox 1302 492 1535 556; x_wconf 87' lang='grc' dir='ltr'>τούτοις,</span> <span class='ocrx_word' id='word_1_17' title='bbox 1567 492 1754 563; x_wconf 72' lang='grc' dir='ltr'>φησὶν,</span> <span class='ocrx_word' id='word_1_18' title='bbox 1783 492 1865 544; x_wconf 79' lang='grc' dir='ltr'><strong>ὅτι</strong></span> 
     </span>
    </p>
   </div>
   <div class='ocr_carea' id='block_1_6' title="bbox 1967 477 3528 567">
    <p class='ocr_par' dir='ltr' id='par_1_6' title="bbox 1970 477 3528 553">
     <span class='ocr_line' id='line_1_6' title="bbox 1970 477 3528 553; baseline -0.006 -13"><span class='ocrx_word' id='word_1_19' title='bbox 1970 495 2076 540; x_wconf 89' lang='lat' dir='ltr'><strong>tur.</strong></span> <span class='ocrx_word' id='word_1_20' title='bbox 2105 484 2267 541; x_wconf 80' lang='lat' dir='ltr'><strong>Juxta</strong></span> <span class='ocrx_word' id='word_1_21' title='bbox 2298 485 2453 539; x_wconf 83' lang='lat' dir='ltr'><strong>istam</strong></span> <span class='ocrx_word' id='word_1_22' title='bbox 2482 484 2663 553; x_wconf 85' lang='lat' dir='ltr'><strong>itaque</strong></span> <span class='ocrx_word' id='word_1_23' title='bbox 2695 480 2962 536; x_wconf 89' lang='lat' dir='ltr'><strong>rationem</strong></span> <span class='ocrx_word' id='word_1_24' title='bbox 3004 479 3196 533; x_wconf 75' lang='lat' dir='ltr'><strong>fratres</strong></span> <span class='ocrx_word' id='word_1_25' title='bbox 3230 477 3528 532; x_wconf 85' lang='lat' dir='ltr'><strong>etiamnum</strong></span> 
     </span>
    </p>
   </div>
   <div class='ocr_carea' id='block_1_7' title="bbox 281 585 1857 656">
    <p class='ocr_par' dir='ltr' id='par_1_7' title="bbox 281 585 1857 656">
     <span class='ocr_line' id='line_1_7' title="bbox 281 585 1857 656; baseline -0.003 -13"><span class='ocrx_word' id='word_1_26' title='bbox 281 594 313 644; x_wconf 77' lang='grc' dir='ltr'><strong>ὁ</strong></span> <span class='ocrx_word' id='word_1_27' title='bbox 354 592 607 656; x_wconf 77' lang='grc' dir='ltr'>δεύτερος</span> <span class='ocrx_word' id='word_1_28' title='bbox 637 586 810 655; x_wconf 83' lang='grc' dir='ltr'>γάμος</span> <span class='ocrx_word' id='word_1_29' title='bbox 838 586 1093 654; x_wconf 79' lang='grc' dir='ltr'>πορνείας</span> <span class='ocrx_word' id='word_1_30' title='bbox 1124 585 1449 654; x_wconf 87' lang='grc' dir='ltr'>παραμυθία</span> <span class='ocrx_word' id='word_1_31' title='bbox 1497 587 1637 649; x_wconf 73' lang='grc' dir='ltr'>ἐστὶ,</span> <span class='ocrx_word' id='word_1_32' title='bbox 1695 602 1857 639; x_wconf 81' lang='grc' dir='ltr'>τουτ-</span> 
     </span>
    </p>
   </div>
   <div class='ocr_carea' id='block_1_8' title="bbox 284 675 1860 747">
    <p class='ocr_par' dir='ltr' id='par_1_8' title="bbox 284 675 1860 747">
     <span class='ocr_line' id='line_1_8' title="bbox 284 675 1860 747; baseline -0.003 -13"><span class='ocrx_word' id='word_1_33' title='bbox 284 684 462 742; x_wconf 79' lang='grc' dir='ltr'>έστιν,</span> <span class='ocrx_word' id='word_1_34' title='bbox 485 680 572 731; x_wconf 83' lang='grc' dir='ltr'><strong>ῖνα</strong></span> <span class='ocrx_word' id='word_1_35' title='bbox 604 678 678 747; x_wconf 81' lang='grc' dir='ltr'>μὴ</span> <span class='ocrx_word' id='word_1_36' title='bbox 709 680 785 739; x_wconf 86' lang='grc' dir='ltr'>εἱς</span> <span class='ocrx_word' id='word_1_37' title='bbox 817 677 1073 747; x_wconf 81' lang='grc' dir='ltr'><strong>πορνείαν</strong></span> <span class='ocrx_word' id='word_1_38' title='bbox 1104 675 1465 731; x_wconf 80' lang='grc' dir='ltr'>ἐκκυλίωνται</span> <span class='ocrx_word' id='word_1_39' title='bbox 1486 677 1536 728; x_wconf 84' lang='lat' dir='ltr'><strong>oi</strong></span> <span class='ocrx_word' id='word_1_40' title='bbox 1562 676 1860 745; x_wconf 75' lang='grc' dir='ltr'>ἄνθρωποι.</span> 
     </span>
    </p>
   </div>
   <div class='ocr_carea' id='block_1_9' title="bbox 286 766 1864 839">
    <p class='ocr_par' dir='ltr' id='par_1_9' title="bbox 286 766 1864 839">
     <span class='ocr_line' id='line_1_9' title="bbox 286 766 1864 839; baseline -0.003 -17"><span class='ocrx_word' id='word_1_41' title='bbox 286 773 387 822; x_wconf 66' lang='grc' dir='ltr'><strong>Διὶ</strong></span> <span class='ocrx_word' id='word_1_42' title='bbox 413 768 576 821; x_wconf 79' lang='grc' dir='ltr'>τοῦτο</span> <span class='ocrx_word' id='word_1_43' title='bbox 602 770 948 836; x_wconf 80' lang='grc' dir='ltr'><strong>συνεχωρήθη</strong></span> <span class='ocrx_word' id='word_1_44' title='bbox 985 770 1017 838; x_wconf 73' lang='grc' dir='ltr'>ἡ</span> <span class='ocrx_word' id='word_1_45' title='bbox 1046 769 1295 839; x_wconf 81' lang='grc' dir='ltr'>διγαμία,</span> <span class='ocrx_word' id='word_1_46' title='bbox 1334 767 1447 821; x_wconf 80' lang='grc' dir='ltr'>ἀλλ’</span> <span class='ocrx_word' id='word_1_47' title='bbox 1475 767 1571 835; x_wconf 81' lang='grc' dir='ltr'><strong>οὐχ</strong></span> <span class='ocrx_word' id='word_1_48' title='bbox 1606 768 1693 819; x_wconf 82' lang='grc' dir='ltr'>ἵνα</span> <span class='ocrx_word' id='word_1_49' title='bbox 1729 766 1864 833; x_wconf 80' lang='grc' dir='ltr'>πρό-</span> 
     </span>
    </p>
   </div>
   <div class='ocr_carea' id='block_1_10' title="bbox 290 848 1863 928">
    <p class='ocr_par' dir='ltr' id='par_1_10' title="bbox 290 848 1863 928">
     <span class='ocr_line' id='line_1_10' title="bbox 290 848 1863 928; baseline -0.003 -15"><span class='ocrx_word' id='word_1_50' title='bbox 290 877 460 926; x_wconf 68' lang='grc' dir='ltr'>φασις</span> <span class='ocrx_word' id='word_1_51' title='bbox 499 861 713 927; x_wconf 80' lang='grc' dir='ltr'>γίνηται</span> <span class='ocrx_word' id='word_1_52' title='bbox 749 860 1060 925; x_wconf 74' lang='grc' dir='ltr'><strong>ἀσελγείας.</strong></span> <span class='ocrx_word' id='word_1_53' title='bbox 1086 862 1194 914; x_wconf 78' lang='grc' dir='ltr'>Καὶ</span> <span class='ocrx_word' id='word_1_54' title='bbox 1218 861 1310 912; x_wconf 75' lang='grc' dir='ltr'><strong>τὸν</strong></span> <span class='ocrx_word' id='word_1_55' title='bbox 1338 860 1512 928; x_wconf 78' lang='grc' dir='ltr'>μέγαν</span> <span class='ocrx_word' id='word_1_56' title='bbox 1544 848 1775 922; x_wconf 79' lang='grc' dir='ltr'><strong>Παῦλον,</strong></span> <span class='ocrx_word' id='word_1_57' title='bbox 1804 856 1863 919; x_wconf 81' lang='grc' dir='ltr'>ὃς</span> 
     </span>
    </p>
   </div>
   <div class='ocr_carea' id='block_1_11' title="bbox 288 948 1863 1021">
    <p class='ocr_par' dir='ltr' id='par_1_11' title="bbox 288 948 1863 1021">
     <span class='ocr_line' id='line_1_11' title="bbox 288 948 1863 1021; baseline -0.001 -20"><span class='ocrx_word' id='word_1_58' title='bbox 288 954 383 1002; x_wconf 58' lang='grc' dir='ltr'>τὶν</span> <span class='ocrx_word' id='word_1_59' title='bbox 413 949 665 1020; x_wconf 64' lang='grc' dir='ltr'>ὃεὺτερυν</span> <span class='ocrx_word' id='word_1_60' title='bbox 694 955 967 1020; x_wconf 80' lang='grc' dir='ltr'><strong>συγχωρεῖ</strong></span> <span class='ocrx_word' id='word_1_61' title='bbox 996 955 1195 1021; x_wconf 85' lang='grc' dir='ltr'>γάμον.</span> <span class='ocrx_word' id='word_1_62' title='bbox 1228 951 1470 1021; x_wconf 78' lang='grc' dir='ltr'><strong>παράγει</strong></span> <span class='ocrx_word' id='word_1_63' title='bbox 1507 950 1755 1016; x_wconf 84' lang='grc' dir='ltr'>λέγοντα,</span> <span class='ocrx_word' id='word_1_64' title='bbox 1792 948 1863 1003; x_wconf 78' lang='grc' dir='ltr'><strong>ει</strong></span> 
     </span>
    </p>
   </div>
   <div class='ocr_carea' id='block_1_12' title="bbox 288 1040 1864 1111">
    <p class='ocr_par' dir='ltr' id='par_1_12' title="bbox 288 1040 1864 1111">
     <span class='ocr_line' id='line_1_12' title="bbox 288 1040 1864 1111; baseline -0.001 -16"><span class='ocrx_word' id='word_1_65' title='bbox 288 1045 407 1095; x_wconf 71' lang='grc' dir='ltr'><strong>οὐκ</strong></span> <span class='ocrx_word' id='word_1_66' title='bbox 443 1044 904 1111; x_wconf 74' lang='grc' dir='ltr'><strong>ἐγκρατεύονται</strong></span> <span class='ocrx_word' id='word_1_67' title='bbox 923 1042 1395 1111; x_wconf 72' lang='grc' dir='ltr'>γαμησάτωσαν,</span> <span class='ocrx_word' id='word_1_68' title='bbox 1414 1041 1508 1094; x_wconf 77' lang='grc' dir='ltr'><strong>καὶ</strong></span> <span class='ocrx_word' id='word_1_69' title='bbox 1539 1040 1602 1092; x_wconf 79' lang='grc' dir='ltr'><strong>οὐ</strong></span> <span class='ocrx_word' id='word_1_70' title='bbox 1660 1040 1864 1108; x_wconf 70' lang='grc' dir='ltr'>προσέ-</span> 
     </span>
    </p>
   </div>
   <div class='ocr_carea' id='block_1_13' title="bbox 294 1127 1864 1202">
    <p class='ocr_par' dir='ltr' id='par_1_13' title="bbox 294 1127 1864 1202">
     <span class='ocr_line' id='line_1_13' title="bbox 294 1127 1864 1202; baseline 0 -19"><span class='ocrx_word' id='word_1_71' title='bbox 294 1133 442 1195; x_wconf 81' lang='grc' dir='ltr'>θετο,</span> <span class='ocrx_word' id='word_1_72' title='bbox 476 1135 762 1201; x_wconf 75' lang='grc' dir='ltr'>φησ“ιν,ὃτι</span> <span class='ocrx_word' id='word_1_73' title='bbox 793 1133 1101 1202; x_wconf 75' lang='grc' dir='ltr'><strong>γαμοῦντες</strong></span> <span class='ocrx_word' id='word_1_74' title='bbox 1137 1132 1647 1202; x_wconf 83' lang='grc' dir='ltr'>παρανομείτωσαν.</span> <span class='ocrx_word' id='word_1_75' title='bbox 1728 1127 1864 1185; x_wconf 81' lang='grc' dir='ltr'>Εἶτα</span> 
     </span>
    </p>
   </div>
   <div class='ocr_carea' id='block_1_14' title="bbox 295 1223 1862 1293">
    <p class='ocr_par' dir='ltr' id='par_1_14' title="bbox 295 1223 1862 1293">
     <span class='ocr_line' id='line_1_14' title="bbox 295 1223 1862 1293; baseline 0.001 -17"><span class='ocrx_word' id='word_1_76' title='bbox 295 1229 393 1277; x_wconf 75' lang='grc' dir='ltr'><strong>καὶ</strong></span> <span class='ocrx_word' id='word_1_77' title='bbox 424 1226 660 1278; x_wconf 80' lang='grc' dir='ltr'>ἄλλωθεν</span> <span class='ocrx_word' id='word_1_78' title='bbox 689 1224 1090 1286; x_wconf 74' lang='grc' dir='ltr'><strong>κατασκευάζει</strong></span> <span class='ocrx_word' id='word_1_79' title='bbox 1122 1224 1218 1293; x_wconf 84' lang='grc' dir='ltr'><strong>τὴν</strong></span> <span class='ocrx_word' id='word_1_80' title='bbox 1271 1224 1500 1277; x_wconf 78' lang='grc' dir='ltr'>ἀτοπίαν</span> <span class='ocrx_word' id='word_1_81' title='bbox 1556 1223 1658 1291; x_wconf 80' lang='grc' dir='ltr'>τῆς</span> <span class='ocrx_word' id='word_1_82' title='bbox 1718 1224 1862 1293; x_wconf 78' lang='grc' dir='ltr'>πρά·</span> 
     </span>
    </p>
   </div>
   <div class='ocr_carea' id='block_1_15' title="bbox 294 1311 1860 1382">
    <p class='ocr_par' dir='ltr' id='par_1_15' title="bbox 294 1311 1860 1382">
     <span class='ocr_line' id='line_1_15' title="bbox 294 1311 1860 1382; baseline 0.003 -19"><span class='ocrx_word' id='word_1_83' title='bbox 294 1313 458 1377; x_wconf 81' lang='grc' dir='ltr'>ξεως,</span> <span class='ocrx_word' id='word_1_84' title='bbox 479 1313 674 1379; x_wconf 85' lang='grc' dir='ltr'>λέγων,</span> <span class='ocrx_word' id='word_1_85' title='bbox 714 1313 773 1368; x_wconf 86' lang='grc' dir='ltr'>Ὀ</span> <span class='ocrx_word' id='word_1_86' title='bbox 797 1312 896 1381; x_wconf 83' lang='grc' dir='ltr'><strong>τὴν</strong></span> <span class='ocrx_word' id='word_1_87' title='bbox 925 1313 1023 1381; x_wconf 79' lang='grc' dir='ltr'><strong>τῆς</strong></span> <span class='ocrx_word' id='word_1_88' title='bbox 1038 1311 1378 1382; x_wconf 80' lang='grc' dir='ltr'><strong>ἀπελθούσης</strong></span> <span class='ocrx_word' id='word_1_89' title='bbox 1404 1313 1664 1380; x_wconf 70' lang='grc' dir='ltr'>γυναικὸς</span> <span class='ocrx_word' id='word_1_90' title='bbox 1695 1313 1860 1367; x_wconf 75' lang='grc' dir='ltr'>αὐτοῦ</span> 
     </span>
    </p>
   </div>
   <div class='ocr_carea' id='block_1_16' title="bbox 295 1401 1864 1473">
    <p class='ocr_par' dir='ltr' id='par_1_16' title="bbox 295 1401 1864 1473">
     <span class='ocr_line' id='line_1_16' title="bbox 295 1401 1864 1473; baseline 0.002 -20"><span class='ocrx_word' id='word_1_91' title='bbox 295 1401 483 1454; x_wconf 82' lang='grc' dir='ltr'>λαϐὼν</span> <span class='ocrx_word' id='word_1_92' title='bbox 512 1402 771 1471; x_wconf 78' lang='grc' dir='ltr'>ἀδελφὴν,</span> <span class='ocrx_word' id='word_1_93' title='bbox 802 1404 897 1455; x_wconf 77' lang='grc' dir='ltr'>καὶ</span> <span class='ocrx_word' id='word_1_94' title='bbox 960 1403 1491 1473; x_wconf 80' lang='grc' dir='ltr'>παιδοποιησάμενος</span> <span class='ocrx_word' id='word_1_95' title='bbox 1545 1403 1605 1468; x_wconf 77' lang='grc' dir='ltr'><strong>ἐξ</strong></span> <span class='ocrx_word' id='word_1_96' title='bbox 1637 1403 1864 1472; x_wconf 76' lang='grc' dir='ltr'>ἀμφοῖν,</span> 
     </span>
    </p>
   </div>
   <div class='ocr_carea' id='block_1_17' title="bbox 298 1490 1862 1563">
    <p class='ocr_par' dir='ltr' id='par_1_17' title="bbox 298 1490 1862 1563">
     <span class='ocr_line' id='line_1_17' title="bbox 298 1490 1862 1563; baseline 0.002 -20"><span class='ocrx_word' id='word_1_97' title='bbox 298 1490 466 1543; x_wconf 86' lang='grc' dir='ltr'>ποίαν</span> <span class='ocrx_word' id='word_1_98' title='bbox 547 1494 657 1553; x_wconf 74' lang='grc' dir='ltr'>τοῖς</span> <span class='ocrx_word' id='word_1_99' title='bbox 711 1493 918 1555; x_wconf 75' lang='grc' dir='ltr'>τέκνοις</span> <span class='ocrx_word' id='word_1_100' title='bbox 970 1496 1344 1563; x_wconf 83' lang='grc' dir='ltr'>προσηγορίαν</span> <span class='ocrx_word' id='word_1_101' title='bbox 1406 1494 1862 1562; x_wconf 69' lang='grc' dir='ltr'>περιποιήσεταις</span> 
     </span>
    </p>
   </div>
   <div class='ocr_carea' id='block_1_18' title="bbox 296 1582 1865 1654">
    <p class='ocr_par' dir='ltr' id='par_1_18' title="bbox 296 1582 1865 1654">
     <span class='ocr_line' id='line_1_18' title="bbox 296 1582 1865 1654; baseline 0.002 -19"><span class='ocrx_word' id='word_1_102' title='bbox 296 1583 398 1635; x_wconf 76' lang='grc' dir='ltr'>καὶ</span> <span class='ocrx_word' id='word_1_103' title='bbox 452 1582 567 1644; x_wconf 84' lang='grc' dir='ltr'>πῶς</span> <span class='ocrx_word' id='word_1_104' title='bbox 589 1582 847 1652; x_wconf 75' lang='grc' dir='ltr'><strong>ἀλλήλους</strong></span> <span class='ocrx_word' id='word_1_105' title='bbox 875 1586 925 1636; x_wconf 84' lang='lat' dir='ltr'><strong>oi</strong></span> <span class='ocrx_word' id='word_1_106' title='bbox 946 1584 1131 1647; x_wconf 85' lang='grc' dir='ltr'>παῖδες</span> <span class='ocrx_word' id='word_1_107' title='bbox 1150 1583 1474 1638; x_wconf 77' lang='grc' dir='ltr'>καλέσουσιν</span> <span class='ocrx_word' id='word_1_108' title='bbox 1499 1602 1515 1651; x_wconf 90' lang='lat'><strong>;</strong></span> <span class='ocrx_word' id='word_1_109' title='bbox 1556 1586 1865 1654; x_wconf 78' lang='grc' dir='ltr'>’Δδελφοὺς,</span> 
     </span>
    </p>
   </div>
   <div class='ocr_carea' id='block_1_19' title="bbox 296 1673 1868 1749">
    <p class='ocr_par' dir='ltr' id='par_1_19' title="bbox 296 1673 1868 1749">
     <span class='ocr_line' id='line_1_19' title="bbox 296 1673 1868 1749; baseline 0.006 -24"><span class='ocrx_word' id='word_1_110' title='bbox 296 1673 375 1735; x_wconf 82' lang='grc' dir='ltr'>ὡς</span> <span class='ocrx_word' id='word_1_111' title='bbox 403 1673 460 1739; x_wconf 80' lang='grc' dir='ltr'>ἐξ</span> <span class='ocrx_word' id='word_1_112' title='bbox 490 1675 607 1738; x_wconf 78' lang='grc' dir='ltr'>ἑνὸς</span> <span class='ocrx_word' id='word_1_113' title='bbox 636 1675 1019 1745; x_wconf 79' lang='grc' dir='ltr'>προσελθόντες</span> <span class='ocrx_word' id='word_1_114' title='bbox 1049 1676 1278 1745; x_wconf 73' lang='grc' dir='ltr'>πατρὸς,</span> <span class='ocrx_word' id='word_1_115' title='bbox 1312 1677 1345 1746; x_wconf 77' lang='grc' dir='ltr'>ἢ</span> <span class='ocrx_word' id='word_1_116' title='bbox 1409 1678 1668 1748; x_wconf 82' lang='grc' dir='ltr'>ἀνεψιοὺς</span> <span class='ocrx_word' id='word_1_117' title='bbox 1698 1680 1868 1749; x_wconf 76' lang='grc' dir='ltr'>ἡγουν</span> 
     </span>
    </p>
   </div>
   <div class='ocr_carea' id='block_1_20' title="bbox 296 1764 1865 1839">
    <p class='ocr_par' dir='ltr' id='par_1_20' title="bbox 296 1764 1865 1839">
     <span class='ocr_line' id='line_1_20' title="bbox 296 1764 1865 1839; baseline 0.008 -24"><span class='ocrx_word' id='word_1_118' title='bbox 296 1764 646 1831; x_wconf 75' lang='grc' dir='ltr'>ἐξαδέλφους,</span> <span class='ocrx_word' id='word_1_119' title='bbox 676 1765 749 1827; x_wconf 83' lang='grc' dir='ltr'>ὡς</span> <span class='ocrx_word' id='word_1_120' title='bbox 772 1767 837 1817; x_wconf 82' lang='grc' dir='ltr'><strong>ἐκ</strong></span> <span class='ocrx_word' id='word_1_121' title='bbox 858 1766 951 1818; x_wconf 83' lang='grc' dir='ltr'>δύο</span> <span class='ocrx_word' id='word_1_122' title='bbox 972 1766 1256 1836; x_wconf 87' lang='grc' dir='ltr'>γενόμενοι</span> <span class='ocrx_word' id='word_1_123' title='bbox 1332 1770 1611 1839; x_wconf 76' lang='grc' dir='ltr'>ὁδελφῶνς</span> <span class='ocrx_word' id='word_1_124' title='bbox 1654 1773 1865 1827; x_wconf 81' lang='grc' dir='ltr'>Πολλα-</span> 
     </span>
    </p>
   </div>
   <div class='ocr_carea' id='block_1_21' title="bbox 294 1854 1861 1931">
    <p class='ocr_par' dir='ltr' id='par_1_21' title="bbox 294 1854 1861 1931">
     <span class='ocr_line' id='line_1_21' title="bbox 294 1854 1861 1931; baseline 0.007 -25"><span class='ocrx_word' id='word_1_125' title='bbox 294 1856 395 1923; x_wconf 78' lang='grc' dir='ltr'>χοῦ</span> <span class='ocrx_word' id='word_1_126' title='bbox 426 1856 485 1907; x_wconf 74' lang='grc' dir='ltr'><strong>δὲ</strong></span> <span class='ocrx_word' id='word_1_127' title='bbox 512 1854 773 1925; x_wconf 72' lang='grc' dir='ltr'>εὕρηνται</span> <span class='ocrx_word' id='word_1_128' title='bbox 824 1857 975 1927; x_wconf 71' lang='grc' dir='ltr'>παρὰ</span> <span class='ocrx_word' id='word_1_129' title='bbox 1004 1860 1117 1921; x_wconf 84' lang='grc' dir='ltr'>τοῖς</span> <span class='ocrx_word' id='word_1_130' title='bbox 1138 1859 1391 1925; x_wconf 73' lang='grc' dir='ltr'>παλαιοῖς</span> <span class='ocrx_word' id='word_1_131' title='bbox 1423 1861 1503 1931; x_wconf 77' lang='grc' dir='ltr'>τῷ</span> <span class='ocrx_word' id='word_1_132' title='bbox 1553 1862 1664 1917; x_wconf 84' lang='grc' dir='ltr'><strong>τῶν</strong></span> <span class='ocrx_word' id='word_1_133' title='bbox 1733 1864 1861 1919; x_wconf 65' lang='lat' dir='ltr'><strong>dve-</strong></span> 
     </span>
    </p>
   </div>
   <div class='ocr_carea' id='block_1_22' title="bbox 293 1948 1860 2024">
    <p class='ocr_par' dir='ltr' id='par_1_22' title="bbox 293 1948 1860 2024">
     <span class='ocr_line' id='line_1_22' title="bbox 293 1948 1860 2024; baseline 0.005 -25"><span class='ocrx_word' id='word_1_134' title='bbox 293 1948 439 2015; x_wconf 73' lang='grc' dir='ltr'><strong>ψιῶν</strong></span> <span class='ocrx_word' id='word_1_135' title='bbox 465 1948 784 2018; x_wconf 83' lang='grc' dir='ltr'>καλούμενοι</span> <span class='ocrx_word' id='word_1_136' title='bbox 810 1950 1034 2016; x_wconf 83' lang='grc' dir='ltr'>ὀνόματι</span> <span class='ocrx_word' id='word_1_137' title='bbox 1080 1952 1131 2003; x_wconf 90' lang='grc' dir='ltr'><strong>οί</strong></span> <span class='ocrx_word' id='word_1_138' title='bbox 1182 1952 1484 2021; x_wconf 81' lang='grc' dir='ltr'>ἐξάδελφοι·</span> <span class='ocrx_word' id='word_1_139' title='bbox 1525 1954 1860 2024; x_wconf 81' lang='grc' dir='ltr'>’Δμφότεραι</span> 
     </span>
    </p>
   </div>
   <div class='ocr_carea' id='block_1_23' title="bbox 295 2039 1863 2115">
    <p class='ocr_par' dir='ltr' id='par_1_23' title="bbox 295 2039 1863 2115">
     <span class='ocr_line' id='line_1_23' title="bbox 295 2039 1863 2115; baseline 0.005 -25"><span class='ocrx_word' id='word_1_140' title='bbox 295 2039 431 2115; x_wconf 76' lang='grc' dir='ltr'>γάρ,</span> <span class='ocrx_word' id='word_1_141' title='bbox 456 2041 611 2108; x_wconf 78' lang='grc' dir='ltr'>φησὶ,</span> <span class='ocrx_word' id='word_1_142' title='bbox 649 2041 709 2092; x_wconf 75' lang='grc' dir='ltr'>αἱ</span> <span class='ocrx_word' id='word_1_143' title='bbox 738 2040 979 2109; x_wconf 81' lang='grc' dir='ltr'>κλήσεις,</span> <span class='ocrx_word' id='word_1_144' title='bbox 1011 2044 1044 2111; x_wconf 73' lang='grc' dir='ltr'><strong>ἡ</strong></span> <span class='ocrx_word' id='word_1_145' title='bbox 1076 2041 1185 2094; x_wconf 84' lang='grc' dir='ltr'>τῶν</span> <span class='ocrx_word' id='word_1_146' title='bbox 1211 2042 1454 2110; x_wconf 81' lang='grc' dir='ltr'>ἀδέλφων</span> <span class='ocrx_word' id='word_1_147' title='bbox 1486 2042 1728 2113; x_wconf 82' lang='grc' dir='ltr'>δηλονότι</span> <span class='ocrx_word' id='word_1_148' title='bbox 1768 2045 1863 2098; x_wconf 57' lang='grc' dir='ltr'><strong>καὶ⁸</strong></span> 
     </span>
    </p>
   </div>
   <div class='ocr_carea' id='block_1_24' title="bbox 291 2131 1863 2205">
    <p class='ocr_par' dir='ltr' id='par_1_24' title="bbox 291 2131 1863 2205">
     <span class='ocr_line' id='line_1_24' title="bbox 291 2131 1863 2205; baseline 0.004 -23"><span class='ocrx_word' id='word_1_149' title='bbox 291 2131 407 2184; x_wconf 84' lang='grc' dir='ltr'><strong>τῶν</strong></span> <span class='ocrx_word' id='word_1_150' title='bbox 446 2131 703 2201; x_wconf 77' lang='grc' dir='ltr'>ἀνεψιῶν,</span> <span class='ocrx_word' id='word_1_151' title='bbox 731 2133 914 2195; x_wconf 85' lang='grc' dir='ltr'>αὐτοῖς</span> <span class='ocrx_word' id='word_1_152' title='bbox 938 2134 1383 2203; x_wconf 79' lang='grc' dir='ltr'>προσαρμόζουσι</span> <span class='ocrx_word' id='word_1_153' title='bbox 1409 2134 1497 2187; x_wconf 79' lang='grc' dir='ltr'><strong>διὰ</strong></span> <span class='ocrx_word' id='word_1_154' title='bbox 1524 2134 1625 2204; x_wconf 84' lang='grc' dir='ltr'><strong>τὴν</strong></span> <span class='ocrx_word' id='word_1_155' title='bbox 1660 2135 1863 2205; x_wconf 88' lang='grc' dir='ltr'>σύγχυ-</span> 
     </span>
    </p>
   </div>
   <div class='ocr_carea' id='block_1_25' title="bbox 297 2220 1871 2295">
    <p class='ocr_par' dir='ltr' id='par_1_25' title="bbox 297 2220 1871 2295">
     <span class='ocr_line' id='line_1_25' title="bbox 297 2220 1871 2295; baseline 0.006 -24"><span class='ocrx_word' id='word_1_156' title='bbox 297 2236 385 2271; x_wconf 86' lang='grc' dir='ltr'><strong>σιν</strong></span> <span class='ocrx_word' id='word_1_157' title='bbox 408 2220 505 2288; x_wconf 79' lang='grc' dir='ltr'>τῆς</span> <span class='ocrx_word' id='word_1_158' title='bbox 534 2222 872 2287; x_wconf 73' lang='grc' dir='ltr'>συγγενείας.</span> <span class='ocrx_word' id='word_1_159' title='bbox 915 2223 1022 2273; x_wconf 75' lang='grc' dir='ltr'>Καὶ</span> <span class='ocrx_word' id='word_1_160' title='bbox 1045 2221 1123 2273; x_wconf 77' lang='grc' dir='ltr'>ἔτι</span> <span class='ocrx_word' id='word_1_161' title='bbox 1170 2223 1565 2290; x_wconf 73' lang='grc' dir='ltr'>ἐπαγωνίζεται</span> <span class='ocrx_word' id='word_1_162' title='bbox 1594 2225 1759 2295; x_wconf 72' lang='grc' dir='ltr'>λόγῳ,</span> <span class='ocrx_word' id='word_1_163' title='bbox 1782 2227 1871 2280; x_wconf 80' lang='grc' dir='ltr'><strong>λέ-</strong></span> 
     </span>
    </p>
   </div>
   <div class='ocr_carea' id='block_1_26' title="bbox 296 2310 1865 2386">
    <p class='ocr_par' dir='ltr' id='par_1_26' title="bbox 296 2310 1865 2386">
     <span class='ocr_line' id='line_1_26' title="bbox 296 2310 1865 2386; baseline 0.006 -27"><span class='ocrx_word' id='word_1_164' title='bbox 296 2326 436 2374; x_wconf 85' lang='grc' dir='ltr'>γων,</span> <span class='ocrx_word' id='word_1_165' title='bbox 471 2311 614 2362; x_wconf 81' lang='grc' dir='ltr'>ὄτι“ό</span> <span class='ocrx_word' id='word_1_166' title='bbox 641 2310 822 2363; x_wconf 88' lang='grc' dir='ltr'>λαϐὼν</span> <span class='ocrx_word' id='word_1_167' title='bbox 866 2312 965 2381; x_wconf 77' lang='grc' dir='ltr'><strong>τὴν</strong></span> <span class='ocrx_word' id='word_1_168' title='bbox 998 2312 1230 2382; x_wconf 77' lang='grc' dir='ltr'>ἀδελφὴν</span> <span class='ocrx_word' id='word_1_169' title='bbox 1272 2314 1375 2382; x_wconf 83' lang='grc' dir='ltr'>τῆς</span> <span class='ocrx_word' id='word_1_170' title='bbox 1424 2315 1693 2384; x_wconf 78' lang='grc' dir='ltr'>προτέρας</span> <span class='ocrx_word' id='word_1_171' title='bbox 1723 2332 1865 2386; x_wconf 89' lang='grc' dir='ltr'>συμ-</span> 
     </span>
    </p>
   </div>
   <div class='ocr_carea' id='block_1_27' title="bbox 298 2397 1862 2473">
    <p class='ocr_par' dir='ltr' id='par_1_27' title="bbox 298 2397 1862 2473">
     <span class='ocr_line' id='line_1_27' title="bbox 298 2397 1862 2473; baseline 0.006 -25"><span class='ocrx_word' id='word_1_172' title='bbox 298 2397 439 2461; x_wconf 79' lang='grc' dir='ltr'>ϐίου,</span> <span class='ocrx_word' id='word_1_173' title='bbox 472 2398 571 2467; x_wconf 85' lang='grc' dir='ltr'><strong>τὴν</strong></span> <span class='ocrx_word' id='word_1_174' title='bbox 601 2399 752 2451; x_wconf 80' lang='grc' dir='ltr'>θείαν</span> <span class='ocrx_word' id='word_1_175' title='bbox 786 2400 893 2453; x_wconf 82' lang='grc' dir='ltr'><strong>τῶν</strong></span> <span class='ocrx_word' id='word_1_176' title='bbox 919 2401 1110 2454; x_wconf 79' lang='grc' dir='ltr'>ἑαυτοῦ</span> <span class='ocrx_word' id='word_1_177' title='bbox 1143 2402 1366 2468; x_wconf 84' lang='grc' dir='ltr'>τέκνων,</span> <span class='ocrx_word' id='word_1_178' title='bbox 1395 2403 1506 2456; x_wconf 83' lang='grc' dir='ltr'>τῶν</span> <span class='ocrx_word' id='word_1_179' title='bbox 1547 2404 1610 2456; x_wconf 84' lang='grc' dir='ltr'><strong>ἐκ</strong></span> <span class='ocrx_word' id='word_1_180' title='bbox 1648 2406 1862 2473; x_wconf 85' lang='grc' dir='ltr'>πρώτου</span> 
     </span>
    </p>
   </div>
   <div class='ocr_carea' id='block_1_28' title="bbox 300 2491 1865 2563">
    <p class='ocr_par' dir='ltr' id='par_1_28' title="bbox 300 2491 1865 2563">
     <span class='ocr_line' id='line_1_28' title="bbox 300 2491 1865 2563; baseline 0.003 -20"><span class='ocrx_word' id='word_1_181' title='bbox 300 2491 509 2559; x_wconf 82' lang='grc' dir='ltr'>γάμου,</span> <span class='ocrx_word' id='word_1_182' title='bbox 541 2491 858 2560; x_wconf 80' lang='grc' dir='ltr'>καθίστησιν</span> <span class='ocrx_word' id='word_1_183' title='bbox 886 2492 1065 2545; x_wconf 77' lang='grc' dir='ltr'>αὐτῶν</span> <span class='ocrx_word' id='word_1_184' title='bbox 1103 2492 1395 2561; x_wconf 83' lang='grc' dir='ltr'>μητρυιάν,</span> <span class='ocrx_word' id='word_1_185' title='bbox 1428 2494 1522 2548; x_wconf 75' lang='grc' dir='ltr'><strong>καὶ</strong></span> <span class='ocrx_word' id='word_1_186' title='bbox 1544 2494 1865 2563; x_wconf 74' lang='grc' dir='ltr'>ὀφείλουσαν</span> 
     </span>
    </p>
   </div>
   <div class='ocr_carea' id='block_1_29' title="bbox 301 2580 1867 2649">
    <p class='ocr_par' dir='ltr' id='par_1_29' title="bbox 301 2580 1867 2649">
     <span class='ocr_line' id='line_1_29' title="bbox 301 2580 1867 2649; baseline 0.005 -19"><span class='ocrx_word' id='word_1_187' title='bbox 301 2580 558 2649; x_wconf 77' lang='grc' dir='ltr'>στέργειν</span> <span class='ocrx_word' id='word_1_188' title='bbox 580 2580 777 2642; x_wconf 79' lang='grc' dir='ltr'>αὐτοὺς</span> <span class='ocrx_word' id='word_1_189' title='bbox 799 2580 874 2643; x_wconf 87' lang='grc' dir='ltr'>ὡς</span> <span class='ocrx_word' id='word_1_190' title='bbox 898 2581 1314 2649; x_wconf 79' lang='grc' dir='ltr'>ἀδελφόπαιδας’</span> <span class='ocrx_word' id='word_1_191' title='bbox 1346 2583 1468 2637; x_wconf 81' lang='grc' dir='ltr'>κατ’</span> <span class='ocrx_word' id='word_1_192' title='bbox 1501 2585 1681 2637; x_wconf 82' lang='grc' dir='ltr'>αὐτῶν</span> <span class='ocrx_word' id='word_1_193' title='bbox 1712 2586 1867 2638; x_wconf 82' lang='grc' dir='ltr'>ὁπλί-</span> 
     </span>
    </p>
   </div>
   <div class='ocr_carea' id='block_1_30' title="bbox 299 2671 1863 2744">
    <p class='ocr_par' dir='ltr' id='par_1_30' title="bbox 299 2671 1863 2744">
     <span class='ocr_line' id='line_1_30' title="bbox 299 2671 1863 2744; baseline 0.006 -23"><span class='ocrx_word' id='word_1_194' title='bbox 299 2671 383 2733; x_wconf 74' lang='grc' dir='ltr'>ζει</span> <span class='ocrx_word' id='word_1_195' title='bbox 409 2671 575 2741; x_wconf 71' lang='grc' dir='ltr'>αὐτὴν</span> <span class='ocrx_word' id='word_1_196' title='bbox 599 2671 1029 2737; x_wconf 80' lang='grc' dir='ltr'>ζηλοτυποῦσαν.</span> <span class='ocrx_word' id='word_1_197' title='bbox 1060 2674 1271 2744; x_wconf 80' lang='grc' dir='ltr'>Ὠσπερ</span> <span class='ocrx_word' id='word_1_198' title='bbox 1294 2676 1403 2742; x_wconf 79' lang='grc' dir='ltr'>γὰρ</span> <span class='ocrx_word' id='word_1_199' title='bbox 1432 2676 1659 2743; x_wconf 84' lang='grc' dir='ltr'>φυσικόν</span> <span class='ocrx_word' id='word_1_200' title='bbox 1682 2694 1735 2729; x_wconf 89' lang='grc' dir='ltr'><strong>τι</strong></span> <span class='ocrx_word' id='word_1_201' title='bbox 1757 2678 1863 2731; x_wconf 85' lang='grc' dir='ltr'>πά-</span> 
     </span>
    </p>
   </div>
   <div class='ocr_carea' id='block_1_31' title="bbox 300 2759 1866 2833">
    <p class='ocr_par' dir='ltr' id='par_1_31' title="bbox 300 2759 1866 2833">
     <span class='ocr_line' id='line_1_31' title="bbox 300 2759 1866 2833; baseline 0.004 -21"><span class='ocrx_word' id='word_1_202' title='bbox 300 2759 395 2821; x_wconf 77' lang='grc' dir='ltr'><strong>θος</strong></span> <span class='ocrx_word' id='word_1_203' title='bbox 419 2762 537 2820; x_wconf 86' lang='grc' dir='ltr'>ταῖς</span> <span class='ocrx_word' id='word_1_204' title='bbox 569 2762 854 2829; x_wconf 79' lang='grc' dir='ltr'>μητρυιαῖς</span> <span class='ocrx_word' id='word_1_205' title='bbox 877 2762 1014 2831; x_wconf 75' lang='grc' dir='ltr'>πρὸς</span> <span class='ocrx_word' id='word_1_206' title='bbox 1038 2763 1164 2825; x_wconf 81' lang='grc' dir='ltr'>τοὺς</span> <span class='ocrx_word' id='word_1_207' title='bbox 1193 2763 1252 2828; x_wconf 78' lang='grc' dir='ltr'>ἐξ</span> <span class='ocrx_word' id='word_1_208' title='bbox 1284 2764 1443 2817; x_wconf 76' lang='grc' dir='ltr'>ἄλλον</span> <span class='ocrx_word' id='word_1_209' title='bbox 1470 2766 1652 2833; x_wconf 76' lang='grc' dir='ltr'>γάμου</span> <span class='ocrx_word' id='word_1_210' title='bbox 1670 2766 1866 2830; x_wconf 79' lang='grc' dir='ltr'>παῖδας</span> 
     </span>
    </p>
   </div>
   <div class='ocr_carea' id='block_1_32' title="bbox 294 2848 1866 2924">
    <p class='ocr_par' dir='ltr' id='par_1_32' title="bbox 294 2848 1866 2924">
     <span class='ocr_line' id='line_1_32' title="bbox 294 2848 1866 2924; baseline 0.006 -24"><span class='ocrx_word' id='word_1_211' title='bbox 294 2848 411 2900; x_wconf 81' lang='grc' dir='ltr'><strong>τῶν</strong></span> <span class='ocrx_word' id='word_1_212' title='bbox 440 2850 653 2903; x_wconf 83' lang='grc' dir='ltr'>οἰκείων</span> <span class='ocrx_word' id='word_1_213' title='bbox 674 2851 883 2921; x_wconf 80' lang='grc' dir='ltr'>ἀνδρῶν</span> <span class='ocrx_word' id='word_1_214' title='bbox 912 2853 943 2921; x_wconf 77' lang='grc' dir='ltr'>ἡ</span> <span class='ocrx_word' id='word_1_215' title='bbox 978 2850 1274 2922; x_wconf 77' lang='grc' dir='ltr'>ζηλοτυπία</span> <span class='ocrx_word' id='word_1_216' title='bbox 1308 2854 1598 2924; x_wconf 83' lang='grc' dir='ltr'>ἐμφύεται,</span> <span class='ocrx_word' id='word_1_217' title='bbox 1618 2857 1711 2908; x_wconf 78' lang='grc' dir='ltr'><strong>καὶ</strong></span> <span class='ocrx_word' id='word_1_218' title='bbox 1756 2859 1866 2919; x_wconf 86' lang='grc' dir='ltr'>τοῖς</span> 
     </span>
    </p>
   </div>
   <div class='ocr_carea' id='block_1_33' title="bbox 302 2940 1867 3024">
    <p class='ocr_par' dir='ltr' id='par_1_33' title="bbox 302 2940 1867 3024">
     <span class='ocr_line' id='line_1_33' title="bbox 302 2940 1867 3024; baseline 0.006 -34"><span class='ocrx_word' id='word_1_219' title='bbox 302 2940 409 3024; x_wconf 77' lang='grc' dir='ltr'>μὲν</span> <span class='ocrx_word' id='word_1_220' title='bbox 433 2941 667 3010; x_wconf 88' lang='grc' dir='ltr'>ἐχθροῖς,</span> <span class='ocrx_word' id='word_1_221' title='bbox 699 2942 967 2997; x_wconf 81' lang='grc' dir='ltr'>θανόντων</span> <span class='ocrx_word' id='word_1_222' title='bbox 991 2944 1099 2996; x_wconf 82' lang='grc' dir='ltr'><strong>τῶν</strong></span> <span class='ocrx_word' id='word_1_223' title='bbox 1123 2945 1382 2999; x_wconf 77' lang='grc' dir='ltr'>ἐναντίων</span> <span class='ocrx_word' id='word_1_224' title='bbox 1401 2946 1606 3009; x_wconf 78' lang='grc' dir='ltr'>αὐτοῖς,</span> <span class='ocrx_word' id='word_1_225' title='bbox 1629 2948 1691 3000; x_wconf 82' lang='grc' dir='ltr'>τὸ</span> <span class='ocrx_word' id='word_1_226' title='bbox 1713 2951 1867 3016; x_wconf 77' lang='grc' dir='ltr'>μῖσος</span> 
     </span>
    </p>
   </div>
   <div class='ocr_carea' id='block_1_34' title="bbox 296 3031 1867 3109">
    <p class='ocr_par' dir='ltr' id='par_1_34' title="bbox 296 3031 1867 3109">
     <span class='ocr_line' id='line_1_34' title="bbox 296 3031 1867 3109; baseline 0.006 -27"><span class='ocrx_word' id='word_1_227' title='bbox 296 3031 632 3099; x_wconf 77' lang='grc' dir='ltr'>ἀμϐλύνεται</span> <span class='ocrx_word' id='word_1_228' title='bbox 655 3050 669 3065; x_wconf 90' lang='grc'><strong>·</strong></span> <span class='ocrx_word' id='word_1_229' title='bbox 696 3036 752 3087; x_wconf 86' lang='grc' dir='ltr'>αἱ</span> <span class='ocrx_word' id='word_1_230' title='bbox 777 3035 833 3088; x_wconf 79' lang='grc' dir='ltr'>δὲ</span> <span class='ocrx_word' id='word_1_231' title='bbox 854 3035 1118 3105; x_wconf 75' lang='grc' dir='ltr'>μητρυιαὶ</span> <span class='ocrx_word' id='word_1_232' title='bbox 1143 3036 1239 3107; x_wconf 77' lang='grc' dir='ltr'><strong>τῆς</strong></span> <span class='ocrx_word' id='word_1_233' title='bbox 1262 3035 1463 3107; x_wconf 74' lang='grc' dir='ltr'>ἔχθρας</span> <span class='ocrx_word' id='word_1_234' title='bbox 1486 3039 1621 3109; x_wconf 68' lang='grc' dir='ltr'>πρὸς</span> <span class='ocrx_word' id='word_1_235' title='bbox 1649 3040 1748 3102; x_wconf 74' lang='grc' dir='ltr'>τὰς</span> <span class='ocrx_word' id='word_1_236' title='bbox 1770 3041 1867 3093; x_wconf 82' lang='grc' dir='ltr'>άν-</span> 
     </span>
    </p>
   </div>
   <div class='ocr_carea' id='block_1_35' title="bbox 1962 561 3530 650">
    <p class='ocr_par' dir='ltr' id='par_1_35' title="bbox 1962 561 3530 650">
     <span class='ocr_line' id='line_1_35' title="bbox 1962 561 3530 650; baseline -0.008 -14"><span class='ocrx_word' id='word_1_237' title='bbox 1962 580 2061 637; x_wconf 88' lang='lat' dir='ltr'><strong>sibi</strong></span> <span class='ocrx_word' id='word_1_238' title='bbox 2080 581 2307 635; x_wconf 81' lang='lat' dir='ltr'><strong>invicem</strong></span> <span class='ocrx_word' id='word_1_239' title='bbox 2325 577 2746 650; x_wconf 83' lang='lat' dir='ltr'><strong>conjungentur?</strong></span> <span class='ocrx_word' id='word_1_240' title='bbox 2769 575 2925 646; x_wconf 66' lang='lat'><strong>153</strong></span> <span class='ocrx_word' id='word_1_241' title='bbox 2938 572 3159 639; x_wconf 74' lang='lat' dir='ltr'><strong>Adbmc,</strong></span> <span class='ocrx_word' id='word_1_242' title='bbox 3173 572 3269 633; x_wconf 83' lang='lat' dir='ltr'><strong>ait.</strong></span> <span class='ocrx_word' id='word_1_243' title='bbox 3284 561 3422 641; x_wconf 78' lang='lat' dir='ltr'><strong>quod</strong></span> <span class='ocrx_word' id='word_1_244' title='bbox 3440 585 3530 626; x_wconf 84' lang='lat' dir='ltr'><strong>se-</strong></span> 
     </span>
    </p>
   </div>
   <div class='ocr_carea' id='block_1_36' title="bbox 1961 662 3523 726">
    <p class='ocr_par' dir='ltr' id='par_1_36' title="bbox 1961 662 3523 726">
     <span class='ocr_line' id='line_1_36' title="bbox 1961 662 3523 726; baseline -0.007 -1"><span class='ocrx_word' id='word_1_245' title='bbox 1961 672 2196 725; x_wconf 90' lang='lat' dir='ltr'><strong>cundum</strong></span> <span class='ocrx_word' id='word_1_246' title='bbox 2242 669 2640 724; x_wconf 91' lang='lat' dir='ltr'><strong>matrimonium</strong></span> <span class='ocrx_word' id='word_1_247' title='bbox 2680 664 3057 721; x_wconf 82' lang='lat' dir='ltr'><strong>fornicationis</strong></span> <span class='ocrx_word' id='word_1_248' title='bbox 3088 662 3383 717; x_wconf 83' lang='lat' dir='ltr'><strong>remedium</strong></span> <span class='ocrx_word' id='word_1_249' title='bbox 3408 670 3523 726; x_wconf 86' lang='lat' dir='ltr'><strong>est;</strong></span> 
     </span>
    </p>
   </div>
   <div class='ocr_carea' id='block_1_37' title="bbox 1964 754 3521 826">
    <p class='ocr_par' dir='ltr' id='par_1_37' title="bbox 1964 754 3521 826">
     <span class='ocr_line' id='line_1_37' title="bbox 1964 754 3521 826; baseline -0.008 -9"><span class='ocrx_word' id='word_1_250' title='bbox 1964 763 2067 818; x_wconf 90' lang='lat' dir='ltr'><strong>hoc</strong></span> <span class='ocrx_word' id='word_1_251' title='bbox 2096 771 2199 826; x_wconf 85' lang='lat' dir='ltr'><strong>est,</strong></span> <span class='ocrx_word' id='word_1_252' title='bbox 2229 777 2297 816; x_wconf 90' lang='lat' dir='ltr'><strong>ne</strong></span> <span class='ocrx_word' id='word_1_253' title='bbox 2322 762 2568 815; x_wconf 84' lang='lat' dir='ltr'><strong>homines</strong></span> <span class='ocrx_word' id='word_1_254' title='bbox 2596 760 2663 814; x_wconf 88' lang='lat' dir='ltr'><strong>ad</strong></span> <span class='ocrx_word' id='word_1_255' title='bbox 2691 757 3103 813; x_wconf 76' lang='lat' dir='ltr'><strong>fornicationem</strong></span> <span class='ocrx_word' id='word_1_256' title='bbox 3128 754 3521 819; x_wconf 79' lang='lat' dir='ltr'><strong>evolverentur;</strong></span> 
     </span>
    </p>
   </div>
   <div class='ocr_carea' id='block_1_38' title="bbox 1965 843 3529 922">
    <p class='ocr_par' dir='ltr' id='par_1_38' title="bbox 1965 843 3529 922">
     <span class='ocr_line' id='line_1_38' title="bbox 1965 843 3529 922; baseline -0.006 -19"><span class='ocrx_word' id='word_1_257' title='bbox 1965 862 2247 922; x_wconf 78' lang='lat' dir='ltr'><strong>propterea</strong></span> <span class='ocrx_word' id='word_1_258' title='bbox 2290 865 2544 907; x_wconf 87' lang='lat' dir='ltr'><strong>concessa</strong></span> <span class='ocrx_word' id='word_1_259' title='bbox 2574 857 2655 904; x_wconf 88' lang='lat' dir='ltr'><strong>est</strong></span> <span class='ocrx_word' id='word_1_260' title='bbox 2693 849 2947 919; x_wconf 84' lang='lat' dir='ltr'><strong>digamia,</strong></span> <span class='ocrx_word' id='word_1_261' title='bbox 2998 845 3094 902; x_wconf 88' lang='lat' dir='ltr'><strong>sed</strong></span> <span class='ocrx_word' id='word_1_262' title='bbox 3130 860 3235 899; x_wconf 89' lang='lat' dir='ltr'><strong>non</strong></span> <span class='ocrx_word' id='word_1_263' title='bbox 3265 853 3322 899; x_wconf 93' lang='lat' dir='ltr'><strong>ut</strong></span> <span class='ocrx_word' id='word_1_264' title='bbox 3349 843 3529 898; x_wconf 85' lang='lat' dir='ltr'><strong>libidi-</strong></span> 
     </span>
    </p>
   </div>
   <div class='ocr_carea' id='block_1_39' title="bbox 1966 933 3531 1009">
    <p class='ocr_par' dir='ltr' id='par_1_39' title="bbox 1966 933 3531 1009">
     <span class='ocr_line' id='line_1_39' title="bbox 1966 933 3531 1009; baseline -0.006 -13"><span class='ocrx_word' id='word_1_265' title='bbox 1966 944 2050 996; x_wconf 86' lang='lat' dir='ltr'><strong>nis</strong></span> <span class='ocrx_word' id='word_1_266' title='bbox 2080 942 2356 997; x_wconf 83' lang='lat' dir='ltr'><strong>excusatio</strong></span> <span class='ocrx_word' id='word_1_267' title='bbox 2402 950 2567 997; x_wconf 79' lang='lat' dir='ltr'><strong>esset.</strong></span> <span class='ocrx_word' id='word_1_268' title='bbox 2601 940 2665 995; x_wconf 84' lang='lat' dir='ltr'><strong>Et</strong></span> <span class='ocrx_word' id='word_1_269' title='bbox 2711 952 2967 1009; x_wconf 86' lang='lat' dir='ltr'><strong>magnum</strong></span> <span class='ocrx_word' id='word_1_270' title='bbox 3010 936 3276 1000; x_wconf 89' lang='lat' dir='ltr'><strong>Paulum,</strong></span> <span class='ocrx_word' id='word_1_271' title='bbox 3304 933 3394 1002; x_wconf 85' lang='lat' dir='ltr'><strong>qui</strong></span> <span class='ocrx_word' id='word_1_272' title='bbox 3444 946 3531 987; x_wconf 82' lang='lat' dir='ltr'><strong>se-</strong></span> 
     </span>
    </p>
   </div>
   <div class='ocr_carea' id='block_1_40' title="bbox 1966 1024 3526 1094">
    <p class='ocr_par' dir='ltr' id='par_1_40' title="bbox 1966 1024 3526 1094">
     <span class='ocr_line' id='line_1_40' title="bbox 1966 1024 3526 1094; baseline -0.009 -5"><span class='ocrx_word' id='word_1_273' title='bbox 1966 1035 2197 1089; x_wconf 85' lang='lat' dir='ltr'><strong>cundum</strong></span> <span class='ocrx_word' id='word_1_274' title='bbox 2238 1031 2637 1087; x_wconf 80' lang='lat' dir='ltr'><strong>matrimonium</strong></span> <span class='ocrx_word' id='word_1_275' title='bbox 2685 1030 2973 1094; x_wconf 90' lang='lat' dir='ltr'><strong>concedit,</strong></span> <span class='ocrx_word' id='word_1_276' title='bbox 3023 1027 3175 1091; x_wconf 84' lang='lat' dir='ltr'><strong>citat,</strong></span> <span class='ocrx_word' id='word_1_277' title='bbox 3216 1024 3480 1081; x_wconf 86' lang='lat' dir='ltr'><strong>dicentem</strong></span> <span class='ocrx_word' id='word_1_278' title='bbox 3511 1060 3526 1085; x_wconf 90' lang='lat'><strong>,</strong></span> 
     </span>
    </p>
   </div>
   <div class='ocr_carea' id='block_1_41' title="bbox 1968 1115 3525 1190">
    <p class='ocr_par' dir='ltr' id='par_1_41' title="bbox 1968 1115 3525 1190">
     <span class='ocr_line' id='line_1_41' title="bbox 1968 1115 3525 1190; baseline -0.008 -11"><span class='ocrx_word' id='word_1_279' title='bbox 1968 1124 2027 1179; x_wconf 87' lang='lat' dir='ltr'><strong>Si</strong></span> <span class='ocrx_word' id='word_1_280' title='bbox 2083 1141 2137 1179; x_wconf 80' lang='lat' dir='ltr'><strong>se</strong></span> <span class='ocrx_word' id='word_1_281' title='bbox 2186 1141 2287 1178; x_wconf 86' lang='lat' dir='ltr'><strong>non</strong></span> <span class='ocrx_word' id='word_1_282' title='bbox 2326 1126 2644 1190; x_wconf 83' lang='lat' dir='ltr'><strong>contineant,</strong></span> <span class='ocrx_word' id='word_1_283' title='bbox 2682 1121 3077 1175; x_wconf 84' lang='lat' dir='ltr'><strong>matrimonium</strong></span> <span class='ocrx_word' id='word_1_284' title='bbox 3122 1115 3473 1171; x_wconf 79' lang='lat' dir='ltr'><strong>contrahant‘</strong></span> <span class='ocrx_word' id='word_1_285' title='bbox 3510 1130 3525 1166; x_wconf 91' lang='lat'><strong>:</strong></span> 
     </span>
    </p>
   </div>
   <div class='ocr_carea' id='block_1_42' title="bbox 1965 1210 3527 1285">
    <p class='ocr_par' dir='ltr' id='par_1_42' title="bbox 1965 1210 3527 1285">
     <span class='ocr_line' id='line_1_42' title="bbox 1965 1210 3527 1285; baseline -0.01 -14"><span class='ocrx_word' id='word_1_286' title='bbox 1965 1225 2020 1271; x_wconf 90' lang='lat' dir='ltr'><strong>et</strong></span> <span class='ocrx_word' id='word_1_287' title='bbox 2052 1231 2161 1271; x_wconf 90' lang='lat' dir='ltr'><strong>non</strong></span> <span class='ocrx_word' id='word_1_288' title='bbox 2210 1216 2426 1285; x_wconf 85' lang='lat' dir='ltr'><strong>adjecit,</strong></span> <span class='ocrx_word' id='word_1_289' title='bbox 2455 1215 2605 1278; x_wconf 85' lang='lat' dir='ltr'><strong>dicit,</strong></span> <span class='ocrx_word' id='word_1_290' title='bbox 2640 1213 2782 1283; x_wconf 88' lang='lat' dir='ltr'><strong>quod</strong></span> <span class='ocrx_word' id='word_1_291' title='bbox 2816 1225 3016 1266; x_wconf 80' lang='lat' dir='ltr'><strong>uxores</strong></span> <span class='ocrx_word' id='word_1_292' title='bbox 3051 1210 3309 1263; x_wconf 85' lang='lat' dir='ltr'><strong>ducentes</strong></span> <span class='ocrx_word' id='word_1_293' title='bbox 3340 1214 3527 1257; x_wconf 85' lang='lat' dir='ltr'><strong>contra</strong></span> 
     </span>
    </p>
   </div>
   <div class='ocr_carea' id='block_1_43' title="bbox 1964 1295 3528 1378">
    <p class='ocr_par' dir='ltr' id='par_1_43' title="bbox 1964 1295 3528 1378">
     <span class='ocr_line' id='line_1_43' title="bbox 1964 1295 3528 1378; baseline -0.009 -15"><span class='ocrx_word' id='word_1_294' title='bbox 1964 1309 2137 1378; x_wconf 89' lang='lat' dir='ltr'><strong>legem</strong></span> <span class='ocrx_word' id='word_1_295' title='bbox 2195 1307 2415 1362; x_wconf 80' lang='lat' dir='ltr'><strong>faciunt.</strong></span> <span class='ocrx_word' id='word_1_296' title='bbox 2449 1308 2644 1362; x_wconf 86' lang='lat' dir='ltr'><strong>Postea</strong></span> <span class='ocrx_word' id='word_1_297' title='bbox 2692 1302 2912 1359; x_wconf 88' lang='lat' dir='ltr'><strong>aliunde</strong></span> <span class='ocrx_word' id='word_1_298' title='bbox 2943 1302 3105 1356; x_wconf 84' lang='lat' dir='ltr'><strong>etiam</strong></span> <span class='ocrx_word' id='word_1_299' title='bbox 3155 1295 3387 1378; x_wconf 84' lang='lat' dir='ltr'><strong>actionis</strong></span> <span class='ocrx_word' id='word_1_300' title='bbox 3435 1295 3528 1349; x_wconf 86' lang='lat' dir='ltr'><strong>ab-</strong></span> 
     </span>
    </p>
   </div>
   <div class='ocr_carea' id='block_1_44' title="bbox 1964 1372 3525 1465">
    <p class='ocr_par' dir='ltr' id='par_1_44' title="bbox 1964 1372 3525 1465">
     <span class='ocr_line' id='line_1_44' title="bbox 1964 1372 3525 1465; baseline -0.01 -12"><span class='ocrx_word' id='word_1_301' title='bbox 1964 1398 2279 1453; x_wconf 86' lang='lat' dir='ltr'><strong>surditatem</strong></span> <span class='ocrx_word' id='word_1_302' title='bbox 2305 1397 2559 1461; x_wconf 86' lang='lat' dir='ltr'><strong>ostendit,</strong></span> <span class='ocrx_word' id='word_1_303' title='bbox 2586 1395 2789 1462; x_wconf 88' lang='lat' dir='ltr'><strong>dicens,</strong></span> <span class='ocrx_word' id='word_1_304' title='bbox 2824 1395 2916 1465; x_wconf 88' lang='lat' dir='ltr'><strong>qui</strong></span> <span class='ocrx_word' id='word_1_305' title='bbox 2954 1400 3175 1447; x_wconf 67' lang='lat' dir='ltr'><strong>mortuae</strong></span> <span class='ocrx_word' id='word_1_306' title='bbox 3206 1372 3387 1441; x_wconf 79' lang='lat' dir='ltr'><strong>uxoris</strong></span> <span class='ocrx_word' id='word_1_307' title='bbox 3415 1400 3525 1439; x_wconf 71' lang='lat' dir='ltr'><strong>sua:</strong></span> 
     </span>
    </p>
   </div>
   <div class='ocr_carea' id='block_1_45' title="bbox 1966 1476 3526 1555">
    <p class='ocr_par' dir='ltr' id='par_1_45' title="bbox 1966 1476 3526 1555">
     <span class='ocr_line' id='line_1_45' title="bbox 1966 1476 3526 1555; baseline -0.01 -10"><span class='ocrx_word' id='word_1_308' title='bbox 1966 1505 2207 1545; x_wconf 87' lang='lat' dir='ltr'><strong>sororem</strong></span> <span class='ocrx_word' id='word_1_309' title='bbox 2238 1490 2406 1555; x_wconf 91' lang='lat' dir='ltr'><strong>ducit,</strong></span> <span class='ocrx_word' id='word_1_310' title='bbox 2435 1496 2490 1544; x_wconf 90' lang='lat' dir='ltr'><strong>et</strong></span> <span class='ocrx_word' id='word_1_311' title='bbox 2520 1488 2658 1544; x_wconf 85' lang='lat' dir='ltr'><strong>filios</strong></span> <span class='ocrx_word' id='word_1_312' title='bbox 2683 1499 2747 1541; x_wconf 88' lang='lat' dir='ltr'><strong>ex</strong></span> <span class='ocrx_word' id='word_1_313' title='bbox 2799 1484 3057 1540; x_wconf 88' lang='lat' dir='ltr'><strong>ambabus</strong></span> <span class='ocrx_word' id='word_1_314' title='bbox 3099 1480 3286 1551; x_wconf 85' lang='lat' dir='ltr'><strong>gignit,</strong></span> <span class='ocrx_word' id='word_1_315' title='bbox 3316 1476 3526 1545; x_wconf 87' lang='lat' dir='ltr'><strong>qualem</strong></span> 
     </span>
    </p>
   </div>
   <div class='ocr_carea' id='block_1_46' title="bbox 1966 1569 3529 1649">
    <p class='ocr_par' dir='ltr' id='par_1_46' title="bbox 1966 1569 3529 1649">
     <span class='ocr_line' id='line_1_46' title="bbox 1966 1569 3529 1649; baseline -0.01 -15"><span class='ocrx_word' id='word_1_316' title='bbox 1966 1580 2151 1635; x_wconf 87' lang='lat' dir='ltr'><strong>liberis</strong></span> <span class='ocrx_word' id='word_1_317' title='bbox 2184 1579 2593 1649; x_wconf 84' lang='lat' dir='ltr'><strong>appellationem</strong></span> <span class='ocrx_word' id='word_1_318' title='bbox 2641 1575 2919 1645; x_wconf 77' lang='lat' dir='ltr'><strong>imponet?</strong></span> <span class='ocrx_word' id='word_1_319' title='bbox 2947 1582 3002 1628; x_wconf 89' lang='lat' dir='ltr'><strong>et</strong></span> <span class='ocrx_word' id='word_1_320' title='bbox 3033 1572 3299 1643; x_wconf 91' lang='lat' dir='ltr'><strong>quomodo</strong></span> <span class='ocrx_word' id='word_1_321' title='bbox 3344 1583 3403 1622; x_wconf 87' lang='lat' dir='ltr'><strong>se</strong></span> <span class='ocrx_word' id='word_1_322' title='bbox 3446 1569 3529 1620; x_wconf 54' lang='lat' dir='ltr'><strong>in.</strong></span> 
     </span>
    </p>
   </div>
   <div class='ocr_carea' id='block_1_47' title="bbox 1968 1661 3531 1740">
    <p class='ocr_par' dir='ltr' id='par_1_47' title="bbox 1968 1661 3531 1740">
     <span class='ocr_line' id='line_1_47' title="bbox 1968 1661 3531 1740; baseline -0.008 -17"><span class='ocrx_word' id='word_1_323' title='bbox 1968 1671 2142 1725; x_wconf 83' lang='lat' dir='ltr'><strong>vicem</strong></span> <span class='ocrx_word' id='word_1_324' title='bbox 2184 1670 2335 1740; x_wconf 83' lang='lat' dir='ltr'><strong>pueri</strong></span> <span class='ocrx_word' id='word_1_325' title='bbox 2382 1667 2701 1724; x_wconf 80' lang='lat' dir='ltr'><strong>vocabunt?</strong></span> <span class='ocrx_word' id='word_1_326' title='bbox 2748 1666 2967 1720; x_wconf 82' lang='lat' dir='ltr'><strong>Fratres</strong></span> <span class='ocrx_word' id='word_1_327' title='bbox 2989 1703 3003 1730; x_wconf 94' lang='lat'><strong>,</strong></span> <span class='ocrx_word' id='word_1_328' title='bbox 3035 1670 3093 1716; x_wconf 90' lang='lat' dir='ltr'><strong>ut</strong></span> <span class='ocrx_word' id='word_1_329' title='bbox 3120 1661 3208 1730; x_wconf 88' lang='lat' dir='ltr'><strong>qui</strong></span> <span class='ocrx_word' id='word_1_330' title='bbox 3242 1673 3350 1714; x_wconf 91' lang='lat' dir='ltr'><strong>uno</strong></span> <span class='ocrx_word' id='word_1_331' title='bbox 3380 1666 3531 1728; x_wconf 88' lang='lat' dir='ltr'><strong>patre</strong></span> 
     </span>
    </p>
   </div>
   <div class='ocr_carea' id='block_1_48' title="bbox 1970 1752 3521 1831">
    <p class='ocr_par' dir='ltr' id='par_1_48' title="bbox 1970 1752 3521 1831">
     <span class='ocr_line' id='line_1_48' title="bbox 1970 1752 3521 1831; baseline -0.01 -15"><span class='ocrx_word' id='word_1_332' title='bbox 1970 1762 2215 1831; x_wconf 77' lang='lat' dir='ltr'><strong>prognati</strong></span> <span class='ocrx_word' id='word_1_333' title='bbox 2245 1770 2400 1826; x_wconf 83' lang='lat' dir='ltr'><strong>sunt;</strong></span> <span class='ocrx_word' id='word_1_334' title='bbox 2436 1775 2502 1814; x_wconf 93' lang='lat' dir='ltr'><strong>an</strong></span> <span class='ocrx_word' id='word_1_335' title='bbox 2533 1758 2785 1827; x_wconf 66' lang='grc' dir='ltr'>ἀνεψιοὺς</span> <span class='ocrx_word' id='word_1_336' title='bbox 2813 1756 2927 1811; x_wconf 84' lang='lat' dir='ltr'><strong>sive</strong></span> <span class='ocrx_word' id='word_1_337' title='bbox 2953 1752 3329 1814; x_wconf 80' lang='lat' dir='ltr'><strong>consobrinos,</strong></span> <span class='ocrx_word' id='word_1_338' title='bbox 3364 1758 3422 1803; x_wconf 89' lang='lat' dir='ltr'><strong>ut</strong></span> <span class='ocrx_word' id='word_1_339' title='bbox 3457 1764 3521 1801; x_wconf 84' lang='lat' dir='ltr'><strong>cx</strong></span> 
     </span>
    </p>
   </div>
   <div class='ocr_carea' id='block_1_49' title="bbox 1893 1826 3526 1909">
    <p class='ocr_par' dir='ltr' id='par_1_49' title="bbox 1893 1826 3526 1909">
     <span class='ocr_line' id='line_1_49' title="bbox 1893 1826 3526 1909; baseline -0.012 1"><span class='ocrx_word' id='word_1_340' title='bbox 1893 1826 1937 1881; x_wconf 73' lang='grc' dir='ltr'>Β</span> <span class='ocrx_word' id='word_1_341' title='bbox 1964 1826 2174 1909; x_wconf 76' lang='lat' dir='ltr'><strong>duabus</strong></span> <span class='ocrx_word' id='word_1_342' title='bbox 2197 1853 2473 1909; x_wconf 82' lang='lat' dir='ltr'><strong>sororibus</strong></span> <span class='ocrx_word' id='word_1_343' title='bbox 2496 1826 2691 1906; x_wconf 69' lang='lat' dir='ltr'><strong>naiosi</strong></span> <span class='ocrx_word' id='word_1_344' title='bbox 2718 1847 2988 1901; x_wconf 80' lang='lat' dir='ltr'><strong>Multoties</strong></span> <span class='ocrx_word' id='word_1_345' title='bbox 3012 1852 3190 1898; x_wconf 87' lang='lat' dir='ltr'><strong>autem</strong></span> <span class='ocrx_word' id='word_1_346' title='bbox 3217 1838 3526 1897; x_wconf 89' lang='lat' dir='ltr'><strong>consobrini</strong></span> 
     </span>
    </p>
   </div>
   <div class='ocr_carea' id='block_1_50' title="bbox 1963 1931 3523 2018">
    <p class='ocr_par' dir='ltr' id='par_1_50' title="bbox 1963 1931 3523 2018">
     <span class='ocr_line' id='line_1_50' title="bbox 1963 1931 3523 2018; baseline -0.013 -15"><span class='ocrx_word' id='word_1_347' title='bbox 1963 1949 2103 2018; x_wconf 87' lang='lat' dir='ltr'><strong>apud</strong></span> <span class='ocrx_word' id='word_1_348' title='bbox 2151 1956 2360 2001; x_wconf 76' lang='lat' dir='ltr'><strong>veteres</strong></span> <span class='ocrx_word' id='word_1_349' title='bbox 2409 1942 2619 2013; x_wconf 77' lang='grc' dir='ltr'>ἀνεψιοὶ</span> <span class='ocrx_word' id='word_1_350' title='bbox 2672 1940 2800 1996; x_wconf 88' lang='lat' dir='ltr'><strong>dicti</strong></span> <span class='ocrx_word' id='word_1_351' title='bbox 2856 1938 3228 1994; x_wconf 90' lang='lat' dir='ltr'><strong>inveniuntur.</strong></span> <span class='ocrx_word' id='word_1_352' title='bbox 3282 1931 3523 1999; x_wconf 87' lang='lat' dir='ltr'><strong>Utraque</strong></span> 
     </span>
    </p>
   </div>
   <div class='ocr_carea' id='block_1_51' title="bbox 1963 2025 3527 2105">
    <p class='ocr_par' dir='ltr' id='par_1_51' title="bbox 1963 2025 3527 2105">
     <span class='ocr_line' id='line_1_51' title="bbox 1963 2025 3527 2105; baseline -0.012 -13"><span class='ocrx_word' id='word_1_353' title='bbox 1963 2037 2106 2092; x_wconf 89' lang='lat' dir='ltr'><strong>enim</strong></span> <span class='ocrx_word' id='word_1_354' title='bbox 2139 2035 2443 2105; x_wconf 83' lang='lat' dir='ltr'><strong>appellatio,</strong></span> <span class='ocrx_word' id='word_1_355' title='bbox 2476 2032 2647 2102; x_wconf 85' lang='lat' dir='ltr'><strong>inquit</strong></span> <span class='ocrx_word' id='word_1_356' title='bbox 2670 2071 2684 2097; x_wconf 93' lang='lat'><strong>,</strong></span> <span class='ocrx_word' id='word_1_357' title='bbox 2713 2029 2941 2084; x_wconf 79' lang='lat' dir='ltr'><strong>fratrum</strong></span> <span class='ocrx_word' id='word_1_358' title='bbox 2989 2025 3193 2083; x_wconf 86' lang='lat' dir='ltr'><strong>scilicet</strong></span> <span class='ocrx_word' id='word_1_359' title='bbox 3235 2033 3290 2077; x_wconf 88' lang='lat' dir='ltr'><strong>et</strong></span> <span class='ocrx_word' id='word_1_360' title='bbox 3338 2033 3527 2076; x_wconf 82' lang='lat' dir='ltr'><strong>conso-</strong></span> 
     </span>
    </p>
   </div>
   <div class='ocr_carea' id='block_1_52' title="bbox 1962 2111 3523 2195">
    <p class='ocr_par' dir='ltr' id='par_1_52' title="bbox 1962 2111 3523 2195">
     <span class='ocr_line' id='line_1_52' title="bbox 1962 2111 3523 2195; baseline -0.015 -11"><span class='ocrx_word' id='word_1_361' title='bbox 1962 2129 2267 2192; x_wconf 87' lang='lat' dir='ltr'><strong>brinorum,</strong></span> <span class='ocrx_word' id='word_1_362' title='bbox 2289 2126 2355 2181; x_wconf 91' lang='lat' dir='ltr'><strong>iis</strong></span> <span class='ocrx_word' id='word_1_363' title='bbox 2374 2133 2594 2195; x_wconf 88' lang='lat' dir='ltr'><strong>propter</strong></span> <span class='ocrx_word' id='word_1_364' title='bbox 2624 2120 2962 2192; x_wconf 75' lang='lat' dir='ltr'><strong>cognationis</strong></span> <span class='ocrx_word' id='word_1_365' title='bbox 2986 2114 3355 2173; x_wconf 79' lang='lat' dir='ltr'><strong>confusionem</strong></span> <span class='ocrx_word' id='word_1_366' title='bbox 3390 2111 3523 2163; x_wconf 80' lang='lat' dir='ltr'><strong>ada-</strong></span> 
     </span>
    </p>
   </div>
   <div class='ocr_carea' id='block_1_53' title="bbox 1967 2197 3526 2287">
    <p class='ocr_par' dir='ltr' id='par_1_53' title="bbox 1967 2197 3526 2287">
     <span class='ocr_line' id='line_1_53' title="bbox 1967 2197 3526 2287; baseline -0.013 -15"><span class='ocrx_word' id='word_1_367' title='bbox 1967 2227 2205 2287; x_wconf 88' lang='lat' dir='ltr'><strong>ptantur.</strong></span> <span class='ocrx_word' id='word_1_368' title='bbox 2244 2216 2435 2269; x_wconf 78' lang='lat' dir='ltr'><strong>Adhuc</strong></span> <span class='ocrx_word' id='word_1_369' title='bbox 2459 2214 2621 2269; x_wconf 89' lang='lat' dir='ltr'><strong>etiam</strong></span> <span class='ocrx_word' id='word_1_370' title='bbox 2656 2212 2867 2266; x_wconf 85' lang='lat' dir='ltr'><strong>ratione</strong></span> <span class='ocrx_word' id='word_1_371' title='bbox 2898 2214 3106 2271; x_wconf 88' lang='lat' dir='ltr'><strong>certat,</strong></span> <span class='ocrx_word' id='word_1_372' title='bbox 3138 2204 3339 2266; x_wconf 87' lang='lat' dir='ltr'><strong>dicens,</strong></span> <span class='ocrx_word' id='word_1_373' title='bbox 3386 2197 3526 2268; x_wconf 87' lang='lat' dir='ltr'><strong>quod</strong></span> 
     </span>
    </p>
   </div>
   <div class='ocr_carea' id='block_1_54' title="bbox 1965 2292 3526 2380">
    <p class='ocr_par' dir='ltr' id='par_1_54' title="bbox 1965 2292 3526 2380">
     <span class='ocr_line' id='line_1_54' title="bbox 1965 2292 3526 2380; baseline -0.013 -17"><span class='ocrx_word' id='word_1_374' title='bbox 1965 2310 2055 2380; x_wconf 87' lang='lat' dir='ltr'><strong>qui</strong></span> <span class='ocrx_word' id='word_1_375' title='bbox 2089 2308 2286 2377; x_wconf 83' lang='lat' dir='ltr'><strong>prioris</strong></span> <span class='ocrx_word' id='word_1_376' title='bbox 2320 2305 2562 2374; x_wconf 79' lang='lat' dir='ltr'><strong>conjugis</strong></span> <span class='ocrx_word' id='word_1_377' title='bbox 2598 2316 2836 2358; x_wconf 85' lang='lat' dir='ltr'><strong>sororem</strong></span> <span class='ocrx_word' id='word_1_378' title='bbox 2871 2300 3039 2355; x_wconf 80' lang='lat' dir='ltr'><strong>ducit.</strong></span> <span class='ocrx_word' id='word_1_379' title='bbox 3072 2309 3290 2352; x_wconf 87' lang='lat' dir='ltr'><strong>suorum</strong></span> <span class='ocrx_word' id='word_1_380' title='bbox 3321 2306 3385 2345; x_wconf 76' lang='lat' dir='ltr'><strong>ex</strong></span> <span class='ocrx_word' id='word_1_381' title='bbox 3416 2292 3526 2359; x_wconf 89' lang='lat' dir='ltr'><strong>pri-</strong></span> 
     </span>
    </p>
   </div>
   <div class='ocr_carea' id='block_1_55' title="bbox 1968 2395 3529 2455">
    <p class='ocr_par' dir='ltr' id='par_1_55' title="bbox 1968 2395 3529 2455">
     <span class='ocr_line' id='line_1_55' title="bbox 1968 2395 3529 2455; baseline -0.014 -2"><span class='ocrx_word' id='word_1_382' title='bbox 1968 2414 2055 2455; x_wconf 90' lang='lat' dir='ltr'><strong>mo</strong></span> <span class='ocrx_word' id='word_1_383' title='bbox 2101 2397 2447 2454; x_wconf 89' lang='lat' dir='ltr'><strong>matrimonio</strong></span> <span class='ocrx_word' id='word_1_384' title='bbox 2498 2397 2786 2449; x_wconf 89' lang='lat' dir='ltr'><strong>liberorum</strong></span> <span class='ocrx_word' id='word_1_385' title='bbox 2837 2398 3181 2444; x_wconf 87' lang='lat' dir='ltr'><strong>materteram</strong></span> <span class='ocrx_word' id='word_1_386' title='bbox 3243 2395 3529 2438; x_wconf 80' lang='lat' dir='ltr'><strong>novercam</strong></span> 
     </span>
    </p>
   </div>
   <div class='ocr_carea' id='block_1_56' title="bbox 1967 2471 3531 2555">
    <p class='ocr_par' dir='ltr' id='par_1_56' title="bbox 1967 2471 3531 2555">
     <span class='ocr_line' id='line_1_56' title="bbox 1967 2471 3531 2555; baseline -0.014 -9"><span class='ocrx_word' id='word_1_387' title='bbox 1967 2506 2152 2546; x_wconf 87' lang='lat' dir='ltr'><strong>eorum</strong></span> <span class='ocrx_word' id='word_1_388' title='bbox 2182 2490 2333 2554; x_wconf 81' lang='lat' dir='ltr'><strong>facit,</strong></span> <span class='ocrx_word' id='word_1_389' title='bbox 2362 2497 2416 2543; x_wconf 89' lang='lat' dir='ltr'><strong>et</strong></span> <span class='ocrx_word' id='word_1_390' title='bbox 2462 2487 2748 2555; x_wconf 74' lang='lat' dir='ltr'><strong>obligatam</strong></span> <span class='ocrx_word' id='word_1_391' title='bbox 2780 2497 2875 2537; x_wconf 89' lang='lat' dir='ltr'><strong>eos</strong></span> <span class='ocrx_word' id='word_1_392' title='bbox 2911 2491 3165 2548; x_wconf 88' lang='lat' dir='ltr'><strong>tauquam</strong></span> <span class='ocrx_word' id='word_1_393' title='bbox 3201 2481 3423 2543; x_wconf 88' lang='lat' dir='ltr'><strong>nepotes</strong></span> <span class='ocrx_word' id='word_1_394' title='bbox 3451 2471 3531 2525; x_wconf 90' lang='lat' dir='ltr'><strong>di-</strong></span> 
     </span>
    </p>
   </div>
   <div class='ocr_carea' id='block_1_57' title="bbox 1968 2566 3527 2652">
    <p class='ocr_par' dir='ltr' id='par_1_57' title="bbox 1968 2566 3527 2652">
     <span class='ocr_line' id='line_1_57' title="bbox 1968 2566 3527 2652; baseline -0.016 -14"><span class='ocrx_word' id='word_1_395' title='bbox 1968 2586 2165 2652; x_wconf 78' lang='lat' dir='ltr'><strong>ligere;</strong></span> <span class='ocrx_word' id='word_1_396' title='bbox 2210 2595 2437 2649; x_wconf 80' lang='lat' dir='ltr'><strong>eamque</strong></span> <span class='ocrx_word' id='word_1_397' title='bbox 2475 2588 2661 2634; x_wconf 87' lang='lat' dir='ltr'><strong>contra</strong></span> <span class='ocrx_word' id='word_1_398' title='bbox 2710 2574 2831 2628; x_wconf 88' lang='lat' dir='ltr'><strong>illos</strong></span> <span class='ocrx_word' id='word_1_399' title='bbox 2883 2569 3147 2639; x_wconf 78' lang='lat' dir='ltr'><strong>zelotypia</strong></span> <span class='ocrx_word' id='word_1_400' title='bbox 3194 2566 3527 2620; x_wconf 86' lang='lat' dir='ltr'><strong>laborantem</strong></span> 
     </span>
    </p>
   </div>
   <div class='ocr_carea' id='block_1_58' title="bbox 1969 2651 3528 2735">
    <p class='ocr_par' dir='ltr' id='par_1_58' title="bbox 1969 2651 3528 2735">
     <span class='ocr_line' id='line_1_58' title="bbox 1969 2651 3528 2735; baseline -0.015 -10"><span class='ocrx_word' id='word_1_401' title='bbox 1969 2681 2177 2735; x_wconf 83' lang='lat' dir='ltr'><strong>armat;</strong></span> <span class='ocrx_word' id='word_1_402' title='bbox 2209 2669 2454 2724; x_wconf 86' lang='lat' dir='ltr'><strong>novercis</strong></span> <span class='ocrx_word' id='word_1_403' title='bbox 2484 2666 2627 2722; x_wconf 84' lang='lat' dir='ltr'><strong>enim</strong></span> <span class='ocrx_word' id='word_1_404' title='bbox 2658 2666 2708 2718; x_wconf 93' lang='lat' dir='ltr'><strong>in</strong></span> <span class='ocrx_word' id='word_1_405' title='bbox 2747 2662 3040 2732; x_wconf 75' lang='lat' dir='ltr'><strong>coniugum</strong></span> <span class='ocrx_word' id='word_1_406' title='bbox 3071 2668 3288 2712; x_wconf 88' lang='lat' dir='ltr'><strong>suorum</strong></span> <span class='ocrx_word' id='word_1_407' title='bbox 3318 2668 3384 2707; x_wconf 89' lang='lat' dir='ltr'><strong>cx</strong></span> <span class='ocrx_word' id='word_1_408' title='bbox 3424 2651 3528 2704; x_wconf 85' lang='lat' dir='ltr'><strong>alio</strong></span> 
     </span>
    </p>
   </div>
   <div class='ocr_carea' id='block_1_59' title="bbox 1969 2741 3528 2826">
    <p class='ocr_par' dir='ltr' id='par_1_59' title="bbox 1969 2741 3528 2826">
     <span class='ocr_line' id='line_1_59' title="bbox 1969 2741 3528 2826; baseline -0.015 -9"><span class='ocrx_word' id='word_1_409' title='bbox 1969 2761 2311 2817; x_wconf 86' lang='lat' dir='ltr'><strong>matrimonio</strong></span> <span class='ocrx_word' id='word_1_410' title='bbox 2363 2760 2562 2813; x_wconf 89' lang='lat' dir='ltr'><strong>liberos</strong></span> <span class='ocrx_word' id='word_1_411' title='bbox 2619 2755 2883 2826; x_wconf 81' lang='lat' dir='ltr'><strong>zelotypia</strong></span> <span class='ocrx_word' id='word_1_412' title='bbox 2942 2759 3197 2818; x_wconf 87' lang='lat' dir='ltr'><strong>tanquam</strong></span> <span class='ocrx_word' id='word_1_413' title='bbox 3258 2741 3528 2799; x_wconf 85' lang='lat' dir='ltr'><strong>naturalis</strong></span> 
     </span>
    </p>
   </div>
   <div class='ocr_carea' id='block_1_60' title="bbox 1969 2832 3531 2919">
    <p class='ocr_par' dir='ltr' id='par_1_60' title="bbox 1969 2832 3531 2919">
     <span class='ocr_line' id='line_1_60' title="bbox 1969 2832 3531 2919; baseline -0.013 -16"><span class='ocrx_word' id='word_1_414' title='bbox 1969 2849 2146 2919; x_wconf 84' lang='lat' dir='ltr'><strong>passio</strong></span> <span class='ocrx_word' id='word_1_415' title='bbox 2178 2849 2557 2918; x_wconf 85' lang='lat' dir='ltr'><strong>ingeneratur;</strong></span> <span class='ocrx_word' id='word_1_416' title='bbox 2585 2853 2637 2900; x_wconf 88' lang='lat' dir='ltr'><strong>et</strong></span> <span class='ocrx_word' id='word_1_417' title='bbox 2662 2841 2895 2897; x_wconf 89' lang='lat' dir='ltr'><strong>inimicis</strong></span> <span class='ocrx_word' id='word_1_418' title='bbox 2921 2838 3163 2907; x_wconf 89' lang='lat' dir='ltr'><strong>quidem,</strong></span> <span class='ocrx_word' id='word_1_419' title='bbox 3191 2848 3312 2889; x_wconf 89' lang='lat' dir='ltr'><strong>cum</strong></span> <span class='ocrx_word' id='word_1_420' title='bbox 3340 2832 3531 2886; x_wconf 86' lang='lat' dir='ltr'><strong>adver-</strong></span> 
     </span>
    </p>
   </div>
   <div class='ocr_carea' id='block_1_61' title="bbox 1969 2925 3520 3010">
    <p class='ocr_par' dir='ltr' id='par_1_61' title="bbox 1969 2925 3520 3010">
     <span class='ocr_line' id='line_1_61' title="bbox 1969 2925 3520 3010; baseline -0.014 -15"><span class='ocrx_word' id='word_1_421' title='bbox 1969 2940 2097 2995; x_wconf 89' lang='lat' dir='ltr'><strong>sarii</strong></span> <span class='ocrx_word' id='word_1_422' title='bbox 2134 2941 2374 3010; x_wconf 87' lang='lat' dir='ltr'><strong>ipsorum</strong></span> <span class='ocrx_word' id='word_1_423' title='bbox 2416 2935 2610 2991; x_wconf 89' lang='lat' dir='ltr'><strong>mortui</strong></span> <span class='ocrx_word' id='word_1_424' title='bbox 2643 2940 2788 2996; x_wconf 88' lang='lat' dir='ltr'><strong>sunt,</strong></span> <span class='ocrx_word' id='word_1_425' title='bbox 2819 2930 2999 2986; x_wconf 89' lang='lat' dir='ltr'><strong>odium</strong></span> <span class='ocrx_word' id='word_1_426' title='bbox 3027 2925 3387 2982; x_wconf 87' lang='lat' dir='ltr'><strong>obtunditur:</strong></span> <span class='ocrx_word' id='word_1_427' title='bbox 3423 2934 3520 2975; x_wconf 86' lang='lat' dir='ltr'><strong>no-</strong></span> 
     </span>
    </p>
   </div>
   <div class='ocr_carea' id='block_1_62' title="bbox 1971 3012 3528 3084">
    <p class='ocr_par' dir='ltr' id='par_1_62' title="bbox 1971 3012 3528 3084">
     <span class='ocr_line' id='line_1_62' title="bbox 1971 3012 3528 3084; baseline -0.012 -3"><span class='ocrx_word' id='word_1_428' title='bbox 1971 3044 2151 3084; x_wconf 68' lang='lat' dir='ltr'><strong>vercae</strong></span> <span class='ocrx_word' id='word_1_429' title='bbox 2193 3038 2371 3082; x_wconf 84' lang='lat' dir='ltr'><strong>autem</strong></span> <span class='ocrx_word' id='word_1_430' title='bbox 2423 3024 2761 3081; x_wconf 85' lang='lat' dir='ltr'><strong>inimicitiam</strong></span> <span class='ocrx_word' id='word_1_431' title='bbox 2808 3027 2993 3075; x_wconf 89' lang='lat' dir='ltr'><strong>contra</strong></span> <span class='ocrx_word' id='word_1_432' title='bbox 3044 3013 3262 3072; x_wconf 67' lang='lat' dir='ltr'><strong>aemulas</strong></span> <span class='ocrx_word' id='word_1_433' title='bbox 3291 3012 3528 3080; x_wconf 82' lang='lat' dir='ltr'><strong>ipsarum</strong></span> 
     </span>
    </p>
   </div>
   <div class='ocr_carea' id='block_1_63' title="bbox 293 3101 1867 3201">
    <p class='ocr_par' dir='ltr' id='par_1_63' title="bbox 293 3101 1858 3201">
     <span class='ocr_line' id='line_1_63' title="bbox 293 3101 1858 3201; baseline 0.004 -24"><span class='ocrx_word' id='word_1_434' title='bbox 293 3123 554 3193; x_wconf 79' lang='grc' dir='ltr'>τιζήλους</span> <span class='ocrx_word' id='word_1_435' title='bbox 580 3127 772 3190; x_wconf 76' lang='grc' dir='ltr'>αὐταῖς</span> <span class='ocrx_word' id='word_1_436' title='bbox 796 3101 936 3195; x_wconf 75' lang='grc' dir='ltr'>μετά</span> <span class='ocrx_word' id='word_1_437' title='bbox 956 3101 1048 3182; x_wconf 77' lang='grc' dir='ltr'><strong>τὸν</strong></span> <span class='ocrx_word' id='word_1_438' title='bbox 1080 3101 1566 3183; x_wconf 40' lang='grc' dir='ltr'>ἐκείνων-θάνατον</span> <span class='ocrx_word' id='word_1_439' title='bbox 1587 3132 1858 3201; x_wconf 76' lang='grc' dir='ltr'>ἄρχονται.</span> 
     </span>
    </p>
   </div>
   <div class='ocr_carea' id='block_1_64' title="bbox 1967 3101 3529 3201">
    <p class='ocr_par' dir='ltr' id='par_1_64' title="bbox 1971 3101 3529 3190">
     <span class='ocr_line' id='line_1_64' title="bbox 1971 3101 3529 3190; baseline -0.015 -14"><span class='ocrx_word' id='word_1_440' title='bbox 1971 3130 2087 3190; x_wconf 87' lang='lat' dir='ltr'><strong>post</strong></span> <span class='ocrx_word' id='word_1_441' title='bbox 2112 3133 2295 3175; x_wconf 89' lang='lat' dir='ltr'><strong>earum</strong></span> <span class='ocrx_word' id='word_1_442' title='bbox 2326 3126 2555 3173; x_wconf 89' lang='lat' dir='ltr'><strong>mortem</strong></span> <span class='ocrx_word' id='word_1_443' title='bbox 2605 3112 2889 3181; x_wconf 88' lang='lat' dir='ltr'><strong>incipiunt.</strong></span> <span class='ocrx_word' id='word_1_444' title='bbox 2924 3108 3143 3162; x_wconf 86' lang='lat' dir='ltr'><strong>Summa</strong></span> <span class='ocrx_word' id='word_1_445' title='bbox 3177 3112 3353 3159; x_wconf 86' lang='lat' dir='ltr'><strong>autem</strong></span> <span class='ocrx_word' id='word_1_446' title='bbox 3382 3142 3400 3168; x_wconf 90' lang='lat'><strong>,</strong></span> <span class='ocrx_word' id='word_1_447' title='bbox 3443 3101 3529 3155; x_wconf 89' lang='lat' dir='ltr'><strong>in-</strong></span> 
     </span>
    </p>
   </div>
   <div class='ocr_carea' id='block_1_65' title="bbox 300 3215 1863 3289">
    <p class='ocr_par' dir='ltr' id='par_1_65' title="bbox 300 3215 1863 3289">
     <span class='ocr_line' id='line_1_65' title="bbox 300 3215 1863 3289; baseline 0.005 -23"><span class='ocrx_word' id='word_1_448' title='bbox 300 3215 619 3283; x_wconf 80' lang='grc' dir='ltr'>Κεφά).αιον</span> <span class='ocrx_word' id='word_1_449' title='bbox 642 3217 720 3283; x_wconf 75' lang='grc' dir='ltr'><strong>δέ,</strong></span> <span class='ocrx_word' id='word_1_450' title='bbox 762 3219 917 3288; x_wconf 70' lang='grc' dir='ltr'>φησὶ,</span> <span class='ocrx_word' id='word_1_451' title='bbox 949 3219 1057 3271; x_wconf 82' lang='grc' dir='ltr'><strong>τῶν</strong></span> <span class='ocrx_word' id='word_1_452' title='bbox 1100 3221 1409 3289; x_wconf 79' lang='grc' dir='ltr'>είρημένων</span> <span class='ocrx_word' id='word_1_453' title='bbox 1443 3222 1748 3284; x_wconf 78' lang='grc' dir='ltr'>τουτέστιν,</span> <span class='ocrx_word' id='word_1_454' title='bbox 1776 3223 1863 3275; x_wconf 83' lang='grc' dir='ltr'><strong>ἵνα</strong></span> 
     </span>
    </p>
   </div>
   <div class='ocr_carea' id='block_1_66' title="bbox 302 3303 1865 3379">
    <p class='ocr_par' dir='ltr' id='par_1_66' title="bbox 302 3303 1865 3379">
     <span class='ocr_line' id='line_1_66' title="bbox 302 3303 1865 3379; baseline 0.006 -26"><span class='ocrx_word' id='word_1_455' title='bbox 302 3303 590 3371; x_wconf 86' lang='grc' dir='ltr'>συντόμως</span> <span class='ocrx_word' id='word_1_456' title='bbox 630 3305 771 3358; x_wconf 80' lang='grc' dir='ltr'>εῐπω</span> <span class='ocrx_word' id='word_1_457' title='bbox 797 3305 859 3357; x_wconf 82' lang='grc' dir='ltr'>τὸ</span> <span class='ocrx_word' id='word_1_458' title='bbox 890 3307 999 3358; x_wconf 80' lang='grc' dir='ltr'>πᾶν</span> <span class='ocrx_word' id='word_1_459' title='bbox 1028 3322 1042 3336; x_wconf 93' lang='grc'><strong>·</strong></span> <span class='ocrx_word' id='word_1_460' title='bbox 1101 3308 1149 3359; x_wconf 84' lang='grc' dir='ltr'><strong>εί</strong></span> <span class='ocrx_word' id='word_1_461' title='bbox 1198 3308 1295 3374; x_wconf 80' lang='grc' dir='ltr'>μὲν</span> <span class='ocrx_word' id='word_1_462' title='bbox 1326 3309 1354 3360; x_wconf 81' lang='grc' dir='ltr'><strong>ὁ</strong></span> <span class='ocrx_word' id='word_1_463' title='bbox 1387 3309 1865 3379; x_wconf 82' lang='grc' dir='ltr'>δευτερογαμῆσαι</span> 
     </span>
    </p>
   </div>
   <div class='ocr_carea' id='block_1_67' title="bbox 298 3391 1863 3471">
    <p class='ocr_par' dir='ltr' id='par_1_67' title="bbox 298 3391 1863 3471">
     <span class='ocr_line' id='line_1_67' title="bbox 298 3391 1863 3471; baseline 0.007 -29"><span class='ocrx_word' id='word_1_464' title='bbox 298 3391 484 3457; x_wconf 79' lang='grc' dir='ltr'>ζητῶν</span> <span class='ocrx_word' id='word_1_465' title='bbox 520 3394 752 3463; x_wconf 86' lang='grc' dir='ltr'>νόμιμον</span> <span class='ocrx_word' id='word_1_466' title='bbox 782 3394 924 3448; x_wconf 81' lang='grc' dir='ltr'>θέλει</span> <span class='ocrx_word' id='word_1_467' title='bbox 982 3396 1310 3463; x_wconf 79' lang='grc' dir='ltr'>συναλλάξαι</span> <span class='ocrx_word' id='word_1_468' title='bbox 1371 3399 1569 3466; x_wconf 83' lang='grc' dir='ltr'>γάμον,</span> <span class='ocrx_word' id='word_1_469' title='bbox 1619 3401 1863 3471; x_wconf 76' lang='grc' dir='ltr'>ἧνοικται</span> 
     </span>
    </p>
   </div>
   <div class='ocr_carea' id='block_1_68' title="bbox 299 3479 1864 3559">
    <p class='ocr_par' dir='ltr' id='par_1_68' title="bbox 299 3479 1864 3559">
     <span class='ocr_line' id='line_1_68' title="bbox 299 3479 1864 3559; baseline 0.004 -27"><span class='ocrx_word' id='word_1_470' title='bbox 299 3479 457 3549; x_wconf 69' lang='grc' dir='ltr'><strong>αὐτῷ</strong></span> <span class='ocrx_word' id='word_1_471' title='bbox 498 3484 703 3548; x_wconf 75' lang='grc' dir='ltr'>πᾶσαή</span> <span class='ocrx_word' id='word_1_472' title='bbox 735 3484 1047 3556; x_wconf 65' lang='grc' dir='ltr'>οἰκουμένη,</span> <span class='ocrx_word' id='word_1_473' title='bbox 1104 3487 1195 3539; x_wconf 74' lang='grc' dir='ltr'><strong>καὶ</strong></span> <span class='ocrx_word' id='word_1_474' title='bbox 1248 3487 1346 3540; x_wconf 71' lang='grc' dir='ltr'><strong>οὐκ</strong></span> <span class='ocrx_word' id='word_1_475' title='bbox 1398 3487 1664 3557; x_wconf 67' lang='grc' dir='ltr'>ἐπιλείψει</span> <span class='ocrx_word' id='word_1_476' title='bbox 1715 3490 1864 3559; x_wconf 71' lang='grc' dir='ltr'>αὐτῷ</span> 
     </span>
    </p>
   </div>
   <div class='ocr_carea' id='block_1_69' title="bbox 298 3567 1865 3647">
    <p class='ocr_par' dir='ltr' id='par_1_69' title="bbox 298 3567 1865 3647">
     <span class='ocr_line' id='line_1_69' title="bbox 298 3567 1865 3647; baseline 0.004 -22"><span class='ocrx_word' id='word_1_477' title='bbox 298 3567 527 3644; x_wconf 76' lang='grc' dir='ltr'>γυνὴ,ᾔ</span> <span class='ocrx_word' id='word_1_478' title='bbox 557 3575 931 3644; x_wconf 81' lang='grc' dir='ltr'>συμϐιώσεται</span> <span class='ocrx_word' id='word_1_479' title='bbox 965 3578 1106 3631; x_wconf 78' lang='grc' dir='ltr'>κατὰ</span> <span class='ocrx_word' id='word_1_480' title='bbox 1151 3579 1348 3647; x_wconf 76' lang='grc' dir='ltr'>νόμους</span> <span class='ocrx_word' id='word_1_481' title='bbox 1370 3595 1386 3612; x_wconf 75' lang='grc'><strong><em>⁸</em></strong></span> <span class='ocrx_word' id='word_1_482' title='bbox 1419 3580 1547 3633; x_wconf 77' lang='grc' dir='ltr'><strong>εἰδὲ</strong></span> <span class='ocrx_word' id='word_1_483' title='bbox 1572 3579 1659 3632; x_wconf 74' lang='grc' dir='ltr'><strong>διὰ</strong></span> <span class='ocrx_word' id='word_1_484' title='bbox 1694 3580 1865 3643; x_wconf 82' lang='grc' dir='ltr'>πάθος</span> 
     </span>
    </p>
   </div>
   <div class='ocr_carea' id='block_1_70' title="bbox 298 3661 1866 3737">
    <p class='ocr_par' dir='ltr' id='par_1_70' title="bbox 298 3661 1866 3737">
     <span class='ocr_line' id='line_1_70' title="bbox 298 3661 1866 3737; baseline 0.006 -25"><span class='ocrx_word' id='word_1_485' title='bbox 298 3661 457 3731; x_wconf 78' lang='grc' dir='ltr'>ζητεῖ</span> <span class='ocrx_word' id='word_1_486' title='bbox 480 3666 542 3734; x_wconf 78' lang='grc' dir='ltr'>τῇ</span> <span class='ocrx_word' id='word_1_487' title='bbox 571 3664 627 3716; x_wconf 80' lang='grc' dir='ltr'><strong>δέ</strong></span> <span class='ocrx_word' id='word_1_488' title='bbox 656 3665 933 3735; x_wconf 83' lang='grc' dir='ltr'>ἐρωτικῶς</span> <span class='ocrx_word' id='word_1_489' title='bbox 949 3666 1079 3729; x_wconf 88' lang='grc' dir='ltr'>ῖσως</span> <span class='ocrx_word' id='word_1_490' title='bbox 1099 3667 1463 3737; x_wconf 85' lang='grc' dir='ltr'>διακείμενος,</span> <span class='ocrx_word' id='word_1_491' title='bbox 1484 3670 1577 3721; x_wconf 81' lang='grc' dir='ltr'><strong>καὶ</strong></span> <span class='ocrx_word' id='word_1_492' title='bbox 1605 3668 1693 3721; x_wconf 79' lang='grc' dir='ltr'><strong>διὰ</strong></span> <span class='ocrx_word' id='word_1_493' title='bbox 1707 3669 1866 3722; x_wconf 83' lang='grc' dir='ltr'>τοῦτο</span> 
     </span>
    </p>
   </div>
   <div class='ocr_carea' id='block_1_71' title="bbox 301 3754 1867 3827">
    <p class='ocr_par' dir='ltr' id='par_1_71' title="bbox 301 3754 1867 3827">
     <span class='ocr_line' id='line_1_71' title="bbox 301 3754 1867 3827; baseline 0.004 -22"><span class='ocrx_word' id='word_1_494' title='bbox 301 3754 548 3806; x_wconf 79' lang='grc' dir='ltr'>σπεύδων</span> <span class='ocrx_word' id='word_1_495' title='bbox 575 3757 871 3826; x_wconf 72' lang='grc' dir='ltr'>ωζυγῆναι</span> <span class='ocrx_word' id='word_1_496' title='bbox 906 3757 1065 3826; x_wconf 76' lang='grc' dir='ltr'>αὐτῇ,</span> <span class='ocrx_word' id='word_1_497' title='bbox 1114 3757 1202 3810; x_wconf 75' lang='grc' dir='ltr'><strong>διὰ</strong></span> <span class='ocrx_word' id='word_1_498' title='bbox 1233 3757 1389 3811; x_wconf 75' lang='grc' dir='ltr'>τοῦτο</span> <span class='ocrx_word' id='word_1_499' title='bbox 1450 3758 1648 3827; x_wconf 78' lang='grc' dir='ltr'>μᾶλλον</span> <span class='ocrx_word' id='word_1_500' title='bbox 1733 3760 1867 3812; x_wconf 81' lang='grc' dir='ltr'>ἁπο-</span> 
     </span>
    </p>
   </div>
   <div class='ocr_carea' id='block_1_72' title="bbox 300 3844 1867 3920">
    <p class='ocr_par' dir='ltr' id='par_1_72' title="bbox 300 3844 1867 3920">
     <span class='ocr_line' id='line_1_72' title="bbox 300 3844 1867 3920; baseline 0.006 -24"><span class='ocrx_word' id='word_1_501' title='bbox 300 3844 636 3915; x_wconf 75' lang='grc' dir='ltr'>κλεισθήτω,</span> <span class='ocrx_word' id='word_1_502' title='bbox 658 3848 743 3900; x_wconf 80' lang='grc' dir='ltr'>ἵνα</span> <span class='ocrx_word' id='word_1_503' title='bbox 782 3849 930 3920; x_wconf 80' lang='grc' dir='ltr'>μάθῃ</span> <span class='ocrx_word' id='word_1_504' title='bbox 952 3850 1014 3901; x_wconf 79' lang='grc' dir='ltr'>τὸ</span> <span class='ocrx_word' id='word_1_505' title='bbox 1050 3849 1246 3903; x_wconf 79' lang='grc' dir='ltr'>ἐαυτοῦ</span> <span class='ocrx_word' id='word_1_506' title='bbox 1272 3850 1487 3914; x_wconf 82' lang='grc' dir='ltr'>σκεῦος,</span> <span class='ocrx_word' id='word_1_507' title='bbox 1520 3852 1617 3903; x_wconf 71' lang='grc' dir='ltr'><strong>καὶ</strong></span> <span class='ocrx_word' id='word_1_508' title='bbox 1647 3850 1716 3904; x_wconf 68' lang='grc' dir='ltr'><strong>τά</strong></span> <span class='ocrx_word' id='word_1_509' title='bbox 1738 3850 1867 3919; x_wconf 73' lang='grc' dir='ltr'><strong>ἑξῆς</strong></span> 
     </span>
    </p>
   </div>
   <div class='ocr_carea' id='block_1_73' title="bbox 299 3938 1867 4010">
    <p class='ocr_par' dir='ltr' id='par_1_73' title="bbox 299 3938 1867 4010">
     <span class='ocr_line' id='line_1_73' title="bbox 299 3938 1867 4010; baseline 0.003 -21"><span class='ocrx_word' id='word_1_510' title='bbox 299 3938 398 3990; x_wconf 84' lang='grc' dir='ltr'>τοῦ</span> <span class='ocrx_word' id='word_1_511' title='bbox 447 3938 775 3992; x_wconf 80' lang='grc' dir='ltr'>Ἀποστόλου</span> <span class='ocrx_word' id='word_1_512' title='bbox 808 3941 1055 4010; x_wconf 75' lang='grc' dir='ltr'>ῥήματα.</span> <span class='ocrx_word' id='word_1_513' title='bbox 1126 3939 1476 4008; x_wconf 80' lang='grc' dir='ltr'>Ἐϐουλόμην,</span> <span class='ocrx_word' id='word_1_514' title='bbox 1552 3940 1708 4008; x_wconf 72' lang='grc' dir='ltr'>φησὶ,</span> <span class='ocrx_word' id='word_1_515' title='bbox 1775 3941 1867 3994; x_wconf 70' lang='grc' dir='ltr'><strong>καὶ</strong></span> 
     </span>
    </p>
   </div>
   <div class='ocr_carea' id='block_1_74' title="bbox 301 4029 1867 4101">
    <p class='ocr_par' dir='ltr' id='par_1_74' title="bbox 301 4029 1867 4101">
     <span class='ocr_line' id='line_1_74' title="bbox 301 4029 1867 4101; baseline 0.002 -20"><span class='ocrx_word' id='word_1_516' title='bbox 301 4029 527 4083; x_wconf 88' lang='grc' dir='ltr'>πλείονα</span> <span class='ocrx_word' id='word_1_517' title='bbox 556 4030 787 4099; x_wconf 76' lang='grc' dir='ltr'>γράψαι,</span> <span class='ocrx_word' id='word_1_518' title='bbox 820 4029 935 4082; x_wconf 82' lang='grc' dir='ltr'>ἀλλ’</span> <span class='ocrx_word' id='word_1_519' title='bbox 988 4030 1175 4101; x_wconf 78' lang='grc' dir='ltr'>ἐπέχει</span> <span class='ocrx_word' id='word_1_520' title='bbox 1239 4047 1306 4101; x_wconf 88' lang='grc' dir='ltr'><strong>με</strong></span> <span class='ocrx_word' id='word_1_521' title='bbox 1356 4032 1523 4101; x_wconf 78' lang='grc' dir='ltr'>ῆγουν</span> <span class='ocrx_word' id='word_1_522' title='bbox 1573 4031 1867 4084; x_wconf 78' lang='grc' dir='ltr'>ἀνακόπτει</span> 
     </span>
    </p>
   </div>
   <div class='ocr_carea' id='block_1_75' title="bbox 296 4121 1867 4193">
    <p class='ocr_par' dir='ltr' id='par_1_75' title="bbox 296 4121 1867 4193">
     <span class='ocr_line' id='line_1_75' title="bbox 296 4121 1867 4193; baseline 0.002 -21"><span class='ocrx_word' id='word_1_523' title='bbox 296 4122 362 4173; x_wconf 71' lang='grc' dir='ltr'>τὸ</span> <span class='ocrx_word' id='word_1_524' title='bbox 405 4124 603 4191; x_wconf 82' lang='grc' dir='ltr'>μέτρον</span> <span class='ocrx_word' id='word_1_525' title='bbox 652 4122 751 4191; x_wconf 81' lang='grc' dir='ltr'>τῆς</span> <span class='ocrx_word' id='word_1_526' title='bbox 786 4122 1083 4191; x_wconf 78' lang='grc' dir='ltr'>ἐπιστολῆς</span> <span class='ocrx_word' id='word_1_527' title='bbox 1117 4139 1133 4154; x_wconf 80' lang='grc' dir='ltr'><strong><em>ο</em></strong></span> <span class='ocrx_word' id='word_1_528' title='bbox 1202 4124 1263 4175; x_wconf 83' lang='grc' dir='ltr'><strong>οὐ</strong></span> <span class='ocrx_word' id='word_1_529' title='bbox 1311 4124 1422 4192; x_wconf 79' lang='grc' dir='ltr'><strong>γὰρ</strong></span> <span class='ocrx_word' id='word_1_530' title='bbox 1478 4121 1867 4193; x_wconf 84' lang='grc' dir='ltr'>μακρηγορίαν</span> 
     </span>
    </p>
   </div>
   <div class='ocr_carea' id='block_1_76' title="bbox 299 4212 1867 4283">
    <p class='ocr_par' dir='ltr' id='par_1_76' title="bbox 299 4212 1867 4283">
     <span class='ocr_line' id='line_1_76' title="bbox 299 4212 1867 4283; baseline -0.001 -19"><span class='ocrx_word' id='word_1_531' title='bbox 299 4213 447 4283; x_wconf 75' lang='grc' dir='ltr'>ἔχειν</span> <span class='ocrx_word' id='word_1_532' title='bbox 473 4214 554 4266; x_wconf 84' lang='grc' dir='ltr'>δεῖ</span> <span class='ocrx_word' id='word_1_533' title='bbox 602 4212 701 4275; x_wconf 77' lang='grc' dir='ltr'><strong>τὰς</strong></span> <span class='ocrx_word' id='word_1_534' title='bbox 744 4214 1053 4275; x_wconf 75' lang='grc' dir='ltr'>ἐπιστολάς.</span> <span class='ocrx_word' id='word_1_535' title='bbox 1088 4212 1331 4282; x_wconf 74' lang='grc' dir='ltr'>Εὖχομαι</span> <span class='ocrx_word' id='word_1_536' title='bbox 1359 4212 1437 4275; x_wconf 77' lang='grc' dir='ltr'><strong>δὲ,</strong></span> <span class='ocrx_word' id='word_1_537' title='bbox 1478 4216 1513 4281; x_wconf 77' lang='grc' dir='ltr'>ἢ</span> <span class='ocrx_word' id='word_1_538' title='bbox 1536 4213 1635 4281; x_wconf 81' lang='grc' dir='ltr'><strong>τὴν</strong></span> <span class='ocrx_word' id='word_1_539' title='bbox 1668 4213 1867 4282; x_wconf 77' lang='grc' dir='ltr'>παραίο</span> 
     </span>
    </p>
   </div>
   <div class='ocr_carea' id='block_1_77' title="bbox 301 4301 1865 4375">
    <p class='ocr_par' dir='ltr' id='par_1_77' title="bbox 301 4301 1865 4375">
     <span class='ocr_line' id='line_1_77' title="bbox 301 4301 1865 4375; baseline 0 -20"><span class='ocrx_word' id='word_1_540' title='bbox 301 4320 456 4356; x_wconf 84' lang='grc' dir='ltr'>νεσιν</span> <span class='ocrx_word' id='word_1_541' title='bbox 492 4303 850 4375; x_wconf 79' lang='grc' dir='ltr'>ἰσχυροτέραν</span> <span class='ocrx_word' id='word_1_542' title='bbox 885 4304 977 4356; x_wconf 83' lang='grc' dir='ltr'>τοῦ</span> <span class='ocrx_word' id='word_1_543' title='bbox 1004 4303 1218 4366; x_wconf 76' lang='grc' dir='ltr'>πάθους</span> <span class='ocrx_word' id='word_1_544' title='bbox 1250 4302 1527 4371; x_wconf 81' lang='grc' dir='ltr'>γενέσθαι,</span> <span class='ocrx_word' id='word_1_545' title='bbox 1596 4303 1721 4357; x_wconf 70' lang='grc' dir='ltr'>ἀντὶ</span> <span class='ocrx_word' id='word_1_546' title='bbox 1769 4301 1865 4355; x_wconf 70' lang='grc' dir='ltr'>τοῦ</span> 
     </span>
    </p>
   </div>
   <div class='ocr_carea' id='block_1_78' title="bbox 1968 3193 3524 3281">
    <p class='ocr_par' dir='ltr' id='par_1_78' title="bbox 1968 3193 3524 3281">
     <span class='ocr_line' id='line_1_78' title="bbox 1968 3193 3524 3281; baseline -0.015 -16"><span class='ocrx_word' id='word_1_547' title='bbox 1968 3213 2104 3281; x_wconf 87' lang='lat' dir='ltr'><strong>quit,</strong></span> <span class='ocrx_word' id='word_1_548' title='bbox 2134 3224 2340 3273; x_wconf 86' lang='lat' dir='ltr'><strong>eorum,</strong></span> <span class='ocrx_word' id='word_1_549' title='bbox 2368 3221 2486 3275; x_wconf 80' lang='lat' dir='ltr'><strong>quae</strong></span> <span class='ocrx_word' id='word_1_550' title='bbox 2519 3205 2660 3259; x_wconf 86' lang='lat' dir='ltr'><strong>dicta</strong></span> <span class='ocrx_word' id='word_1_551' title='bbox 2704 3208 2872 3265; x_wconf 88' lang='lat' dir='ltr'><strong>sunt,</strong></span> <span class='ocrx_word' id='word_1_552' title='bbox 2902 3200 3016 3253; x_wconf 71' lang='lat' dir='ltr'><strong>haec</strong></span> <span class='ocrx_word' id='word_1_553' title='bbox 3045 3206 3149 3262; x_wconf 87' lang='lat' dir='ltr'><strong>est,</strong></span> <span class='ocrx_word' id='word_1_554' title='bbox 3183 3204 3240 3248; x_wconf 91' lang='lat' dir='ltr'><strong>ut</strong></span> <span class='ocrx_word' id='word_1_555' title='bbox 3286 3193 3524 3248; x_wconf 89' lang='lat' dir='ltr'><strong>breviter</strong></span> 
     </span>
    </p>
   </div>
   <div class='ocr_carea' id='block_1_79' title="bbox 1969 3284 3527 3358">
    <p class='ocr_par' dir='ltr' id='par_1_79' title="bbox 1969 3284 3527 3358">
     <span class='ocr_line' id='line_1_79' title="bbox 1969 3284 3527 3358; baseline -0.016 0"><span class='ocrx_word' id='word_1_556' title='bbox 1969 3304 2221 3358; x_wconf 87' lang='lat' dir='ltr'><strong>nimirum</strong></span> <span class='ocrx_word' id='word_1_557' title='bbox 2254 3307 2424 3352; x_wconf 89' lang='lat' dir='ltr'><strong>totum</strong></span> <span class='ocrx_word' id='word_1_558' title='bbox 2452 3296 2649 3356; x_wconf 86' lang='lat' dir='ltr'><strong>dicam,</strong></span> <span class='ocrx_word' id='word_1_559' title='bbox 2674 3293 2720 3347; x_wconf 94' lang='lat' dir='ltr'><strong>si</strong></span> <span class='ocrx_word' id='word_1_560' title='bbox 2748 3292 2815 3355; x_wconf 89' lang='lat' dir='ltr'><strong>is,</strong></span> <span class='ocrx_word' id='word_1_561' title='bbox 2844 3290 2935 3357; x_wconf 89' lang='lat' dir='ltr'><strong>qui</strong></span> <span class='ocrx_word' id='word_1_562' title='bbox 2968 3285 3232 3342; x_wconf 83' lang='lat' dir='ltr'><strong>secundas</strong></span> <span class='ocrx_word' id='word_1_563' title='bbox 3262 3284 3400 3337; x_wconf 87' lang='lat' dir='ltr'><strong>inire</strong></span> <span class='ocrx_word' id='word_1_564' title='bbox 3426 3298 3527 3336; x_wconf 84' lang='lat' dir='ltr'><strong>nu-</strong></span> 
     </span>
    </p>
   </div>
   <div class='ocr_carea' id='block_1_80' title="bbox 1967 3372 3528 3460">
    <p class='ocr_par' dir='ltr' id='par_1_80' title="bbox 1967 3372 3528 3460">
     <span class='ocr_line' id='line_1_80' title="bbox 1967 3372 3528 3460; baseline -0.013 -16"><span class='ocrx_word' id='word_1_565' title='bbox 1967 3393 2104 3460; x_wconf 82' lang='lat' dir='ltr'><strong>ptias</strong></span> <span class='ocrx_word' id='word_1_566' title='bbox 2136 3388 2348 3458; x_wconf 74' lang='lat' dir='ltr'><strong>qurerit,</strong></span> <span class='ocrx_word' id='word_1_567' title='bbox 2372 3384 2666 3454; x_wconf 84' lang='lat' dir='ltr'><strong>legitimum</strong></span> <span class='ocrx_word' id='word_1_568' title='bbox 2707 3378 3027 3434; x_wconf 83' lang='lat' dir='ltr'><strong>contrahere</strong></span> <span class='ocrx_word' id='word_1_569' title='bbox 3075 3373 3200 3429; x_wconf 88' lang='lat' dir='ltr'><strong>velit</strong></span> <span class='ocrx_word' id='word_1_570' title='bbox 3247 3372 3528 3427; x_wconf 83' lang='lat' dir='ltr'><strong>matrimo-</strong></span> 
     </span>
    </p>
   </div>
   <div class='ocr_carea' id='block_1_81' title="bbox 1969 3462 3527 3546">
    <p class='ocr_par' dir='ltr' id='par_1_81' title="bbox 1969 3462 3527 3546">
     <span class='ocr_line' id='line_1_81' title="bbox 1969 3462 3527 3546; baseline -0.013 -11"><span class='ocrx_word' id='word_1_571' title='bbox 1969 3484 2135 3546; x_wconf 82' lang='lat' dir='ltr'><strong>nium,</strong></span> <span class='ocrx_word' id='word_1_572' title='bbox 2162 3489 2305 3535; x_wconf 90' lang='lat' dir='ltr'><strong>totus</strong></span> <span class='ocrx_word' id='word_1_573' title='bbox 2333 3485 2601 3532; x_wconf 89' lang='lat' dir='ltr'><strong>terrarum</strong></span> <span class='ocrx_word' id='word_1_574' title='bbox 2628 3471 2778 3527; x_wconf 87' lang='lat' dir='ltr'><strong>orbis</strong></span> <span class='ocrx_word' id='word_1_575' title='bbox 2806 3470 2855 3526; x_wconf 91' lang='lat' dir='ltr'><strong>ei</strong></span> <span class='ocrx_word' id='word_1_576' title='bbox 2889 3477 3067 3538; x_wconf 87' lang='lat' dir='ltr'><strong>patet;</strong></span> <span class='ocrx_word' id='word_1_577' title='bbox 3102 3480 3200 3520; x_wconf 90' lang='lat' dir='ltr'><strong>nec</strong></span> <span class='ocrx_word' id='word_1_578' title='bbox 3229 3464 3277 3518; x_wconf 90' lang='lat' dir='ltr'><strong>ei</strong></span> <span class='ocrx_word' id='word_1_579' title='bbox 3308 3462 3527 3517; x_wconf 77' lang='lat' dir='ltr'><strong>deficiet</strong></span> 
     </span>
    </p>
   </div>
   <div class='ocr_carea' id='block_1_82' title="bbox 1968 3552 3524 3639">
    <p class='ocr_par' dir='ltr' id='par_1_82' title="bbox 1968 3552 3524 3639">
     <span class='ocr_line' id='line_1_82' title="bbox 1968 3552 3524 3639; baseline -0.017 -12"><span class='ocrx_word' id='word_1_580' title='bbox 1968 3573 2177 3637; x_wconf 83' lang='lat' dir='ltr'><strong>mulier,</strong></span> <span class='ocrx_word' id='word_1_581' title='bbox 2203 3582 2434 3639; x_wconf 87' lang='lat' dir='ltr'><strong>quacum</strong></span> <span class='ocrx_word' id='word_1_582' title='bbox 2475 3566 2638 3619; x_wconf 86' lang='lat' dir='ltr'><strong>vitam</strong></span> <span class='ocrx_word' id='word_1_583' title='bbox 2680 3559 2918 3630; x_wconf 76' lang='lat' dir='ltr'><strong>legitime</strong></span> <span class='ocrx_word' id='word_1_584' title='bbox 2976 3555 3273 3623; x_wconf 83' lang='lat' dir='ltr'><strong>transigat;</strong></span> <span class='ocrx_word' id='word_1_585' title='bbox 3310 3552 3391 3605; x_wconf 90' lang='lat' dir='ltr'><strong>sin</strong></span> <span class='ocrx_word' id='word_1_586' title='bbox 3431 3566 3524 3603; x_wconf 83' lang='lat' dir='ltr'><strong>au-</strong></span> 
     </span>
    </p>
   </div>
   <div class='ocr_carea' id='block_1_83' title="bbox 1967 3645 3524 3727">
    <p class='ocr_par' dir='ltr' id='par_1_83' title="bbox 1967 3645 3524 3727">
     <span class='ocr_line' id='line_1_83' title="bbox 1967 3645 3524 3727; baseline -0.016 -9"><span class='ocrx_word' id='word_1_587' title='bbox 1967 3671 2100 3727; x_wconf 85' lang='lat' dir='ltr'><strong>tem,</strong></span> <span class='ocrx_word' id='word_1_588' title='bbox 2144 3674 2329 3715; x_wconf 87' lang='lat' dir='ltr'><strong>amore</strong></span> <span class='ocrx_word' id='word_1_589' title='bbox 2373 3656 2598 3712; x_wconf 82' lang='lat' dir='ltr'><strong>forsitan</strong></span> <span class='ocrx_word' id='word_1_590' title='bbox 2636 3655 2911 3713; x_wconf 86' lang='lat' dir='ltr'><strong>incensus,</strong></span> <span class='ocrx_word' id='word_1_591' title='bbox 2954 3656 3175 3717; x_wconf 85' lang='lat' dir='ltr'><strong>propter</strong></span> <span class='ocrx_word' id='word_1_592' title='bbox 3222 3645 3524 3713; x_wconf 79' lang='lat' dir='ltr'><strong>passionem</strong></span> 
     </span>
    </p>
   </div>
   <div class='ocr_carea' id='block_1_84' title="bbox 1968 3730 3525 3812">
    <p class='ocr_par' dir='ltr' id='par_1_84' title="bbox 1968 3730 3525 3812">
     <span class='ocr_line' id='line_1_84' title="bbox 1968 3730 3525 3812; baseline -0.018 -5"><span class='ocrx_word' id='word_1_593' title='bbox 1968 3754 2107 3806; x_wconf 87' lang='lat' dir='ltr'><strong>hanc</strong></span> <span class='ocrx_word' id='word_1_594' title='bbox 2137 3763 2300 3803; x_wconf 89' lang='lat' dir='ltr'><strong>unam</strong></span> <span class='ocrx_word' id='word_1_595' title='bbox 2338 3746 2436 3799; x_wconf 86' lang='lat' dir='ltr'><strong>sibi</strong></span> <span class='ocrx_word' id='word_1_596' title='bbox 2472 3742 2685 3812; x_wconf 66' lang='lat' dir='ltr'><strong>quaerit,</strong></span> <span class='ocrx_word' id='word_1_597' title='bbox 2718 3753 2782 3794; x_wconf 89' lang='lat' dir='ltr'><strong>ac</strong></span> <span class='ocrx_word' id='word_1_598' title='bbox 2813 3735 3042 3807; x_wconf 87' lang='lat' dir='ltr'><strong>proinde</strong></span> <span class='ocrx_word' id='word_1_599' title='bbox 3065 3733 3113 3787; x_wconf 89' lang='lat' dir='ltr'><strong>ei</strong></span> <span class='ocrx_word' id='word_1_600' title='bbox 3141 3730 3389 3801; x_wconf 74' lang='lat' dir='ltr'><strong>conjungi</strong></span> <span class='ocrx_word' id='word_1_601' title='bbox 3414 3737 3525 3783; x_wconf 87' lang='lat' dir='ltr'><strong>stu-</strong></span> 
     </span>
    </p>
   </div>
   <div class='ocr_carea' id='block_1_85' title="bbox 1967 3823 3524 3908">
    <p class='ocr_par' dir='ltr' id='par_1_85' title="bbox 1967 3823 3524 3908">
     <span class='ocr_line' id='line_1_85' title="bbox 1967 3823 3524 3908; baseline -0.015 -12"><span class='ocrx_word' id='word_1_602' title='bbox 1967 3843 2090 3906; x_wconf 90' lang='lat' dir='ltr'><strong>det,</strong></span> <span class='ocrx_word' id='word_1_603' title='bbox 2130 3848 2348 3908; x_wconf 83' lang='lat' dir='ltr'><strong>propter</strong></span> <span class='ocrx_word' id='word_1_604' title='bbox 2368 3849 2485 3890; x_wconf 89' lang='lat' dir='ltr'><strong>eam</strong></span> <span class='ocrx_word' id='word_1_605' title='bbox 2519 3844 2738 3888; x_wconf 86' lang='lat' dir='ltr'><strong>causam</strong></span> <span class='ocrx_word' id='word_1_606' title='bbox 2768 3827 2949 3898; x_wconf 86' lang='lat' dir='ltr'><strong>potius</strong></span> <span class='ocrx_word' id='word_1_607' title='bbox 2977 3824 3317 3887; x_wconf 77' lang='lat' dir='ltr'><strong>excludatur,</strong></span> <span class='ocrx_word' id='word_1_608' title='bbox 3350 3832 3407 3873; x_wconf 85' lang='grc' dir='ltr'><strong>ιιι</strong></span> <span class='ocrx_word' id='word_1_609' title='bbox 3442 3823 3524 3872; x_wconf 85' lang='lat' dir='ltr'><strong>di-</strong></span> 
     </span>
    </p>
   </div>
   <div class='ocr_carea' id='block_1_86' title="bbox 1967 3912 3526 3992">
    <p class='ocr_par' dir='ltr' id='par_1_86' title="bbox 1967 3912 3526 3992">
     <span class='ocr_line' id='line_1_86' title="bbox 1967 3912 3526 3992; baseline -0.015 -5"><span class='ocrx_word' id='word_1_610' title='bbox 1967 3940 2086 3988; x_wconf 86' lang='lat' dir='ltr'><strong>scat</strong></span> <span class='ocrx_word' id='word_1_611' title='bbox 2120 3945 2217 3985; x_wconf 86' lang='lat' dir='ltr'><strong>vas</strong></span> <span class='ocrx_word' id='word_1_612' title='bbox 2253 3941 2432 3991; x_wconf 85' lang='lat' dir='ltr'><strong>suum,</strong></span> <span class='ocrx_word' id='word_1_613' title='bbox 2470 3934 2526 3979; x_wconf 93' lang='lat' dir='ltr'><strong>et</strong></span> <span class='ocrx_word' id='word_1_614' title='bbox 2570 3936 2689 3992; x_wconf 70' lang='lat' dir='ltr'><strong>quae</strong></span> <span class='ocrx_word' id='word_1_615' title='bbox 2718 3927 3016 3988; x_wconf 91' lang='lat' dir='ltr'><strong>sequuntur</strong></span> <span class='ocrx_word' id='word_1_616' title='bbox 3060 3912 3298 3984; x_wconf 81' lang='lat' dir='ltr'><strong>Apostoli</strong></span> <span class='ocrx_word' id='word_1_617' title='bbox 3343 3913 3526 3965; x_wconf 84' lang='lat' dir='ltr'><strong>verba.</strong></span> 
     </span>
    </p>
   </div>
   <div class='ocr_carea' id='block_1_87' title="bbox 1968 4003 3529 4091">
    <p class='ocr_par' dir='ltr' id='par_1_87' title="bbox 1968 4003 3529 4091">
     <span class='ocr_line' id='line_1_87' title="bbox 1968 4003 3529 4091; baseline -0.017 -12"><span class='ocrx_word' id='word_1_618' title='bbox 1968 4024 2035 4079; x_wconf 87' lang='lat' dir='ltr'><strong>Et</strong></span> <span class='ocrx_word' id='word_1_619' title='bbox 2081 4020 2255 4091; x_wconf 89' lang='lat' dir='ltr'><strong>plura,</strong></span> <span class='ocrx_word' id='word_1_620' title='bbox 2290 4016 2485 4085; x_wconf 86' lang='lat' dir='ltr'><strong>inquit,</strong></span> <span class='ocrx_word' id='word_1_621' title='bbox 2511 4013 2749 4069; x_wconf 87' lang='lat' dir='ltr'><strong>scribere</strong></span> <span class='ocrx_word' id='word_1_622' title='bbox 2777 4007 2944 4072; x_wconf 86' lang='lat' dir='ltr'><strong>volui,</strong></span> <span class='ocrx_word' id='word_1_623' title='bbox 2970 4007 3064 4062; x_wconf 87' lang='lat' dir='ltr'><strong>sed</strong></span> <span class='ocrx_word' id='word_1_624' title='bbox 3106 4003 3341 4073; x_wconf 64' lang='lat' dir='ltr'><strong>epistolae</strong></span> <span class='ocrx_word' id='word_1_625' title='bbox 3376 4017 3529 4055; x_wconf 82' lang='lat' dir='ltr'><strong>meu-</strong></span> 
     </span>
    </p>
   </div>
   <div class='ocr_carea' id='block_1_88' title="bbox 1971 4095 3533 4172">
    <p class='ocr_par' dir='ltr' id='par_1_88' title="bbox 1971 4095 3533 4172">
     <span class='ocr_line' id='line_1_88' title="bbox 1971 4095 3533 4172; baseline -0.018 -2"><span class='ocrx_word' id='word_1_626' title='bbox 1971 4127 2096 4172; x_wconf 87' lang='lat' dir='ltr'><strong>sura</strong></span> <span class='ocrx_word' id='word_1_627' title='bbox 2129 4126 2215 4167; x_wconf 89' lang='lat' dir='ltr'><strong>me</strong></span> <span class='ocrx_word' id='word_1_628' title='bbox 2244 4107 2471 4171; x_wconf 86' lang='lat' dir='ltr'><strong>inhibet,</strong></span> <span class='ocrx_word' id='word_1_629' title='bbox 2506 4105 2621 4160; x_wconf 81' lang='lat' dir='ltr'><strong>sive</strong></span> <span class='ocrx_word' id='word_1_630' title='bbox 2650 4101 2872 4169; x_wconf 84' lang='lat' dir='ltr'><strong>impedit</strong></span> <span class='ocrx_word' id='word_1_631' title='bbox 2902 4114 2917 4155; x_wconf 91' lang='lat'><strong>:</strong></span> <span class='ocrx_word' id='word_1_632' title='bbox 2945 4096 3200 4165; x_wconf 86' lang='lat' dir='ltr'><strong>epistolas</strong></span> <span class='ocrx_word' id='word_1_633' title='bbox 3230 4095 3373 4149; x_wconf 86' lang='lat' dir='ltr'><strong>enim</strong></span> <span class='ocrx_word' id='word_1_634' title='bbox 3411 4107 3533 4145; x_wconf 81' lang='lat' dir='ltr'><strong>vcr-</strong></span> 
     </span>
    </p>
   </div>
   <div class='ocr_carea' id='block_1_89' title="bbox 1969 4180 3529 4272">
    <p class='ocr_par' dir='ltr' id='par_1_89' title="bbox 1969 4180 3529 4272">
     <span class='ocr_line' id='line_1_89' title="bbox 1969 4180 3529 4272; baseline -0.017 -10"><span class='ocrx_word' id='word_1_635' title='bbox 1969 4208 2162 4262; x_wconf 87' lang='lat' dir='ltr'><strong>borum</strong></span> <span class='ocrx_word' id='word_1_636' title='bbox 2190 4198 2556 4272; x_wconf 77' lang='lat' dir='ltr'><strong>prolixitatem</strong></span> <span class='ocrx_word' id='word_1_637' title='bbox 2586 4193 2788 4249; x_wconf 86' lang='lat' dir='ltr'><strong>habere</strong></span> <span class='ocrx_word' id='word_1_638' title='bbox 2818 4206 2924 4245; x_wconf 93' lang='lat' dir='ltr'><strong>non</strong></span> <span class='ocrx_word' id='word_1_639' title='bbox 2948 4196 3181 4259; x_wconf 73' lang='lat' dir='ltr'><strong>oportet.</strong></span> <span class='ocrx_word' id='word_1_640' title='bbox 3205 4185 3404 4241; x_wconf 83' lang='lat' dir='ltr'><strong>Precor</strong></span> <span class='ocrx_word' id='word_1_641' title='bbox 3430 4180 3529 4237; x_wconf 76' lang='lat' dir='ltr'><strong>au-</strong></span> 
     </span>
    </p>
   </div>
   <div class='ocr_carea' id='block_1_90' title="bbox 1972 4274 3531 4366">
    <p class='ocr_par' dir='ltr' id='par_1_90' title="bbox 1972 4274 3531 4366">
     <span class='ocr_line' id='line_1_90' title="bbox 1972 4274 3531 4366; baseline -0.019 -13"><span class='ocrx_word' id='word_1_642' title='bbox 1972 4309 2097 4361; x_wconf 88' lang='lat' dir='ltr'><strong>tem,</strong></span> <span class='ocrx_word' id='word_1_643' title='bbox 2140 4294 2224 4348; x_wconf 89' lang='lat' dir='ltr'><strong>vel</strong></span> <span class='ocrx_word' id='word_1_644' title='bbox 2249 4293 2403 4366; x_wconf 66' lang='lat' dir='ltr'><strong>hanc</strong></span> <span class='ocrx_word' id='word_1_645' title='bbox 2432 4286 2860 4343; x_wconf 80' lang='lat' dir='ltr'><strong>exhortationem</strong></span> <span class='ocrx_word' id='word_1_646' title='bbox 2893 4279 3142 4350; x_wconf 86' lang='lat' dir='ltr'><strong>passione</strong></span> <span class='ocrx_word' id='word_1_647' title='bbox 3179 4274 3531 4347; x_wconf 89' lang='lat' dir='ltr'><strong>potentiorem</strong></span> 
     </span>
    </p>
   </div>
   <div class='ocr_carea' id='block_1_91' title="bbox 303 4364 1867 4465">
    <p class='ocr_par' dir='ltr' id='par_1_91' title="bbox 303 4393 1867 4465">
     <span class='ocr_line' id='line_1_91' title="bbox 303 4393 1867 4465; baseline -0.003 -18"><span class='ocrx_word' id='word_1_648' title='bbox 303 4394 523 4465; x_wconf 77' lang='grc' dir='ltr'>ἰσχύσαι</span> <span class='ocrx_word' id='word_1_649' title='bbox 547 4396 821 4460; x_wconf 84' lang='grc' dir='ltr'>τοσοῦτον,</span> <span class='ocrx_word' id='word_1_650' title='bbox 852 4394 993 4448; x_wconf 78' lang='grc' dir='ltr'>ὥστε</span> <span class='ocrx_word' id='word_1_651' title='bbox 1019 4394 1177 4446; x_wconf 80' lang='grc' dir='ltr'>λῦσαι</span> <span class='ocrx_word' id='word_1_652' title='bbox 1218 4395 1278 4447; x_wconf 60' lang='grc' dir='ltr'>τῧ</span> <span class='ocrx_word' id='word_1_653' title='bbox 1307 4393 1479 4453; x_wconf 80' lang='grc' dir='ltr'>πάθος</span> <span class='ocrx_word' id='word_1_654' title='bbox 1512 4410 1526 4422; x_wconf 89' lang='grc'><strong>·</strong></span> <span class='ocrx_word' id='word_1_655' title='bbox 1578 4394 1612 4463; x_wconf 71' lang='grc' dir='ltr'>ἦ</span> <span class='ocrx_word' id='word_1_656' title='bbox 1673 4394 1746 4462; x_wconf 80' lang='grc' dir='ltr'>μὴ</span> <span class='ocrx_word' id='word_1_657' title='bbox 1790 4394 1867 4455; x_wconf 87' lang='grc' dir='ltr'><strong>είς</strong></span> 
     </span>
    </p>
   </div>
   <div class='ocr_carea' id='block_1_92' title="bbox 1967 4364 3532 4465">
    <p class='ocr_par' dir='ltr' id='par_1_92' title="bbox 1974 4364 3532 4453">
     <span class='ocr_line' id='line_1_92' title="bbox 1974 4364 3532 4453; baseline -0.018 -10"><span class='ocrx_word' id='word_1_658' title='bbox 1974 4388 2111 4453; x_wconf 86' lang='lat' dir='ltr'><strong>tieri,</strong></span> <span class='ocrx_word' id='word_1_659' title='bbox 2141 4364 2377 4447; x_wconf 6' lang='lat' dir='ltr'><strong>bocypest,</strong></span> <span class='ocrx_word' id='word_1_660' title='bbox 2417 4389 2623 4435; x_wconf 86' lang='lat' dir='ltr'><strong>tantum</strong></span> <span class='ocrx_word' id='word_1_661' title='bbox 2648 4376 2851 4439; x_wconf 87' lang='lat' dir='ltr'><strong>valere,</strong></span> <span class='ocrx_word' id='word_1_662' title='bbox 2882 4382 2941 4427; x_wconf 89' lang='lat' dir='ltr'><strong>ut</strong></span> <span class='ocrx_word' id='word_1_663' title='bbox 2970 4370 3279 4442; x_wconf 83' lang='lat' dir='ltr'><strong>passionem</strong></span> <span class='ocrx_word' id='word_1_664' title='bbox 3320 4364 3532 4425; x_wconf 84' lang='lat' dir='ltr'><strong>solvat;</strong></span> 
     </span>
    </p>
   </div>
   <div class='ocr_carea' id='block_1_93' title="bbox 300 4452 1867 4557">
    <p class='ocr_par' dir='ltr' id='par_1_93' title="bbox 300 4452 1867 4557">
     <span class='ocr_line' id='line_1_93' title="bbox 300 4452 1867 4557; baseline -0.002 -18"><span class='ocrx_word' id='word_1_665' title='bbox 300 4452 403 4557; x_wconf 66' lang='grc' dir='ltr'><strong>τὴῖ</strong></span> <span class='ocrx_word' id='word_1_666' title='bbox 443 4490 718 4557; x_wconf 78' lang='grc' dir='ltr'>ἡμετέραν</span> <span class='ocrx_word' id='word_1_667' title='bbox 758 4452 942 4557; x_wconf 59' lang='grc' dir='ltr'>χιθραν</span> <span class='ocrx_word' id='word_1_668' title='bbox 990 4488 1049 4539; x_wconf 74' lang='grc' dir='ltr'>τὸ</span> <span class='ocrx_word' id='word_1_669' title='bbox 1102 4487 1234 4553; x_wconf 85' lang='grc' dir='ltr'>ἄγος</span> <span class='ocrx_word' id='word_1_670' title='bbox 1291 4486 1447 4538; x_wconf 71' lang='grc' dir='ltr'>τοῦτο</span> <span class='ocrx_word' id='word_1_671' title='bbox 1479 4452 1752 4555; x_wconf 44' lang='lat' dir='ltr'><strong>imo-ﬁdat,</strong></span> <span class='ocrx_word' id='word_1_672' title='bbox 1794 4452 1867 4554; x_wconf 69' lang='grc' dir='ltr'><strong>μη</strong></span> 
     </span>
    </p>
   </div>
   <div class='ocr_carea' id='block_1_94' title="bbox 1967 4452 3532 4557">
    <p class='ocr_par' dir='ltr' id='par_1_94' title="bbox 1977 4452 3532 4542">
     <span class='ocr_line' id='line_1_94' title="bbox 1977 4452 3532 4542; baseline -0.016 -11"><span class='ocrx_word' id='word_1_673' title='bbox 1977 4480 2059 4534; x_wconf 89' lang='lat' dir='ltr'><strong>vel</strong></span> <span class='ocrx_word' id='word_1_674' title='bbox 2092 4452 2265 4533; x_wconf 84' lang='lat' dir='ltr'><strong>scelus</strong></span> <span class='ocrx_word' id='word_1_675' title='bbox 2315 4472 2457 4529; x_wconf 88' lang='lat' dir='ltr'><strong>istud</strong></span> <span class='ocrx_word' id='word_1_676' title='bbox 2504 4471 2557 4524; x_wconf 89' lang='lat' dir='ltr'><strong>in</strong></span> <span class='ocrx_word' id='word_1_677' title='bbox 2604 4478 2843 4523; x_wconf 85' lang='lat' dir='ltr'><strong>nostram</strong></span> <span class='ocrx_word' id='word_1_678' title='bbox 2878 4464 3154 4542; x_wconf 71' lang='lat' dir='ltr'><strong>regionem</strong></span> <span class='ocrx_word' id='word_1_679' title='bbox 3189 4473 3293 4512; x_wconf 91' lang='lat' dir='ltr'><strong>non</strong></span> <span class='ocrx_word' id='word_1_680' title='bbox 3324 4455 3532 4515; x_wconf 85' lang='lat' dir='ltr'><strong>venire,</strong></span> 
     </span>
    </p>
   </div>
   <div class='ocr_carea' id='block_1_95' title="bbox 303 4575 1866 4646">
    <p class='ocr_par' dir='ltr' id='par_1_95' title="bbox 303 4575 1866 4646">
     <span class='ocr_line' id='line_1_95' title="bbox 303 4575 1866 4646; baseline -0.001 -18"><span class='ocrx_word' id='word_1_681' title='bbox 303 4579 653 4645; x_wconf 72' lang='grc' dir='ltr'>προχωρῆσαι</span> <span class='ocrx_word' id='word_1_682' title='bbox 686 4578 747 4630; x_wconf 74' lang='grc' dir='ltr'>τὸ</span> <span class='ocrx_word' id='word_1_683' title='bbox 784 4577 998 4646; x_wconf 85' lang='grc' dir='ltr'>μίασμα</span> <span class='ocrx_word' id='word_1_684' title='bbox 1019 4577 1174 4629; x_wconf 76' lang='grc' dir='ltr'>τοῦτο</span> <span class='ocrx_word' id='word_1_685' title='bbox 1205 4578 1283 4635; x_wconf 84' lang='grc' dir='ltr'>εἰς</span> <span class='ocrx_word' id='word_1_686' title='bbox 1309 4576 1406 4646; x_wconf 74' lang='grc' dir='ltr'>τὴν</span> <span class='ocrx_word' id='word_1_687' title='bbox 1431 4575 1586 4645; x_wconf 72' lang='grc' dir='ltr'>ἡμῶν</span> <span class='ocrx_word' id='word_1_688' title='bbox 1613 4575 1825 4646; x_wconf 80' lang='grc' dir='ltr'>ἐνορίαν</span> <span class='ocrx_word' id='word_1_689' title='bbox 1850 4589 1866 4606; x_wconf 88' lang='grc'><strong>·</strong></span> 
     </span>
    </p>
   </div>
   <div class='ocr_carea' id='block_1_96' title="bbox 306 4667 1467 4735">
    <p class='ocr_par' dir='ltr' id='par_1_96' title="bbox 306 4667 1467 4735">
     <span class='ocr_line' id='line_1_96' title="bbox 306 4667 1467 4735; baseline 0.002 -17"><span class='ocrx_word' id='word_1_690' title='bbox 306 4668 425 4728; x_wconf 75' lang='grc' dir='ltr'>ἀλλ’</span> <span class='ocrx_word' id='word_1_691' title='bbox 460 4669 592 4719; x_wconf 79' lang='grc' dir='ltr'>ὅπου</span> <span class='ocrx_word' id='word_1_692' title='bbox 621 4667 913 4735; x_wconf 79' lang='grc' dir='ltr'>ἐτολμήθη,</span> <span class='ocrx_word' id='word_1_693' title='bbox 946 4669 1062 4719; x_wconf 80' lang='grc' dir='ltr'>ἐκεῖ</span> <span class='ocrx_word' id='word_1_694' title='bbox 1089 4669 1467 4734; x_wconf 70' lang='grc' dir='ltr'>ἐναπομεῖναι.</span> 
     </span>
    </p>
   </div>
   <div class='ocr_carea' id='block_1_97' title="bbox 1978 4544 3528 4624">
    <p class='ocr_par' dir='ltr' id='par_1_97' title="bbox 1978 4544 3528 4624">
     <span class='ocr_line' id='line_1_97' title="bbox 1978 4544 3528 4624; baseline -0.019 0"><span class='ocrx_word' id='word_1_695' title='bbox 1978 4571 2134 4624; x_wconf 86' lang='lat' dir='ltr'><strong>istam</strong></span> <span class='ocrx_word' id='word_1_696' title='bbox 2167 4566 2375 4622; x_wconf 78' lang='lat' dir='ltr'><strong>scilicet</strong></span> <span class='ocrx_word' id='word_1_697' title='bbox 2423 4562 2478 4615; x_wconf 91' lang='lat' dir='ltr'><strong>in</strong></span> <span class='ocrx_word' id='word_1_698' title='bbox 2524 4566 2707 4614; x_wconf 86' lang='lat' dir='ltr'><strong>nostra</strong></span> <span class='ocrx_word' id='word_1_699' title='bbox 2757 4554 3034 4610; x_wconf 89' lang='lat' dir='ltr'><strong>territoria</strong></span> <span class='ocrx_word' id='word_1_700' title='bbox 3078 4565 3183 4605; x_wconf 92' lang='lat' dir='ltr'><strong>non</strong></span> <span class='ocrx_word' id='word_1_701' title='bbox 3236 4544 3528 4617; x_wconf 84' lang='lat' dir='ltr'><strong>procedere</strong></span> 
     </span>
    </p>
   </div>
   <div class='ocr_carea' id='block_1_98' title="bbox 1980 4642 3461 4719">
    <p class='ocr_par' dir='ltr' id='par_1_98' title="bbox 1980 4642 3461 4719">
     <span class='ocr_line' id='line_1_98' title="bbox 1980 4642 3461 4719; baseline -0.02 -1"><span class='ocrx_word' id='word_1_702' title='bbox 1980 4656 2412 4719; x_wconf 78' lang='lat' dir='ltr'><strong>itntnnnditiem;</strong></span> <span class='ocrx_word' id='word_1_703' title='bbox 2447 4652 2539 4708; x_wconf 90' lang='lat' dir='ltr'><strong>sed</strong></span> <span class='ocrx_word' id='word_1_704' title='bbox 2568 4649 2658 4707; x_wconf 90' lang='lat' dir='ltr'><strong>ubi</strong></span> <span class='ocrx_word' id='word_1_705' title='bbox 2685 4656 2861 4715; x_wconf 77' lang='lat' dir='ltr'><strong>empta</strong></span> <span class='ocrx_word' id='word_1_706' title='bbox 2888 4652 2992 4711; x_wconf 88' lang='lat' dir='ltr'><strong>est,</strong></span> <span class='ocrx_word' id='word_1_707' title='bbox 3023 4642 3097 4698; x_wconf 89' lang='lat' dir='ltr'><strong>ibi</strong></span> <span class='ocrx_word' id='word_1_708' title='bbox 3128 4647 3461 4708; x_wconf 88' lang='lat' dir='ltr'><strong>permaneat.</strong></span> 
     </span>
    </p>
   </div>
   <div class='ocr_carea' id='block_1_99' title="bbox 307 4742 3535 4833">
    <p class='ocr_par' dir='ltr' id='par_1_99' title="bbox 307 4742 3535 4833">
     <span class='ocr_line' id='line_1_99' title="bbox 307 4742 3535 4833; baseline -0.01 -5"><span class='ocrx_word' id='word_1_709' title='bbox 307 4775 687 4829; x_wconf 76' lang='grc' dir='ltr'><strong>ΤΟΥΛΥΤΟΥ</strong></span> <span class='ocrx_word' id='word_1_710' title='bbox 704 4776 879 4827; x_wconf 80' lang='grc' dir='ltr'><strong>ΠΡΟΣ</strong></span> <span class='ocrx_word' id='word_1_711' title='bbox 897 4775 1278 4828; x_wconf 76' lang='grc' dir='ltr'><strong>ΓΡΗΓΟΗΟΝ</strong></span> <span class='ocrx_word' id='word_1_712' title='bbox 1296 4772 1805 4833; x_wconf 76' lang='grc' dir='ltr'><strong>ΠΡΕΣΒΥΤΕΡΟΝ,</strong></span> <span class='ocrx_word' id='word_1_713' title='bbox 1821 4771 1991 4825; x_wconf 82' lang='grc' dir='ltr'><strong>ΩΣΪΕ</strong></span> <span class='ocrx_word' id='word_1_714' title='bbox 2009 4763 2423 4822; x_wconf 77' lang='grc' dir='ltr'><strong>ΧΩΡΙΣῘΗΝΛΙ</strong></span> <span class='ocrx_word' id='word_1_715' title='bbox 2439 4757 2672 4814; x_wconf 79' lang='grc' dir='ltr'><strong>ΑΥΤΟΝ</strong></span> <span class='ocrx_word' id='word_1_716' title='bbox 2690 4755 2827 4809; x_wconf 86' lang='grc' dir='ltr'><strong>ΤΟΥ</strong></span> <span class='ocrx_word' id='word_1_717' title='bbox 2843 4747 3198 4807; x_wconf 79' lang='grc' dir='ltr'><strong>ΣΥΝΟῙΚΟΥ</strong></span> <span class='ocrx_word' id='word_1_718' title='bbox 3210 4742 3535 4799; x_wconf 78' lang='grc' dir='ltr'><strong>ΓΥΝΔΙΟΥ.</strong></span> 
     </span>
    </p>
   </div>
   <div class='ocr_carea' id='block_1_100' title="bbox 307 4836 3532 4935">
    <p class='ocr_par' dir='ltr' id='par_1_100' title="bbox 307 4836 3532 4935">
     <span class='ocr_line' id='line_1_100' title="bbox 307 4836 3532 4935; baseline -0.011 -4"><span class='ocrx_word' id='word_1_719' title='bbox 307 4868 669 4931; x_wconf 69' lang='lat' dir='ltr'><strong>EIUSDEM</strong></span> <span class='ocrx_word' id='word_1_720' title='bbox 705 4868 813 4927; x_wconf 81' lang='lat' dir='ltr'><strong>AD</strong></span> <span class='ocrx_word' id='word_1_721' title='bbox 854 4862 1332 4928; x_wconf 66' lang='grc' dir='ltr'>ριιειλοιιιωι</span> <span class='ocrx_word' id='word_1_722' title='bbox 1376 4865 1982 4935; x_wconf 72' lang='lat' dir='ltr'><strong>PRESBYTERUM,</strong></span> <span class='ocrx_word' id='word_1_723' title='bbox 2030 4861 2132 4921; x_wconf 83' lang='lat' dir='ltr'><strong>UT</strong></span> <span class='ocrx_word' id='word_1_724' title='bbox 2176 4852 2646 4918; x_wconf 75' lang='lat' dir='ltr'><strong>SEPARETUR</strong></span> <span class='ocrx_word' id='word_1_725' title='bbox 2696 4852 2746 4908; x_wconf 82' lang='grc' dir='ltr'><strong>Α</strong></span> <span class='ocrx_word' id='word_1_726' title='bbox 2789 4838 3303 4908; x_wconf 79' lang='lat' dir='ltr'><strong>MULIERCULA</strong></span> <span class='ocrx_word' id='word_1_727' title='bbox 3374 4836 3532 4897; x_wconf 77' lang='lat' dir='ltr'><strong>CUM</strong></span> 
     </span>
    </p>
   </div>
   <div class='ocr_carea' id='block_1_101' title="bbox 1567 4938 2257 5015">
    <p class='ocr_par' dir='ltr' id='par_1_101' title="bbox 1567 4938 2257 5015">
     <span class='ocr_line' id='line_1_101' title="bbox 1567 4938 2257 5015; baseline -0.014 -11"><span class='ocrx_word' id='word_1_728' title='bbox 1567 4944 1728 5015; x_wconf 84' lang='lat' dir='ltr'><strong>QUA</strong></span> <span class='ocrx_word' id='word_1_729' title='bbox 1764 4938 2257 5003; x_wconf 75' lang='lat' dir='ltr'><strong>HABITABAT.</strong></span> 
     </span>
    </p>
   </div>
   <div class='ocr_carea' id='block_1_102' title="bbox 868 5021 1267 5094">
    <p class='ocr_par' dir='ltr' id='par_1_102' title="bbox 868 5021 1267 5094">
     <span class='ocr_line' id='line_1_102' title="bbox 868 5021 1267 5094; baseline 0 -19"><span class='ocrx_word' id='word_1_730' title='bbox 868 5021 1105 5094; x_wconf 59' lang='lat' dir='ltr'><strong>sane}:</strong></span> <span class='ocrx_word' id='word_1_731' title='bbox 1143 5021 1267 5074; x_wconf 78' lang='lat'><strong>119&#39;.</strong></span> 
     </span>
    </p>
   </div>
   <div class='ocr_carea' id='block_1_103' title="bbox 410 5103 1877 5194">
    <p class='ocr_par' dir='ltr' id='par_1_103' title="bbox 410 5103 1877 5194">
     <span class='ocr_line' id='line_1_103' title="bbox 410 5103 1877 5194; baseline -0.003 -10"><span class='ocrx_word' id='word_1_732' title='bbox 410 5124 685 5194; x_wconf 78' lang='grc' dir='ltr'>Ἐνέτυχόν</span> <span class='ocrx_word' id='word_1_733' title='bbox 715 5137 806 5175; x_wconf 86' lang='grc' dir='ltr'><strong>σου</strong></span> <span class='ocrx_word' id='word_1_734' title='bbox 842 5119 952 5175; x_wconf 75' lang='grc' dir='ltr'>τοῖς</span> <span class='ocrx_word' id='word_1_735' title='bbox 979 5112 1266 5181; x_wconf 79' lang='grc' dir='ltr'>γράμμασι</span> <span class='ocrx_word' id='word_1_736' title='bbox 1299 5104 1432 5175; x_wconf 72' lang='grc' dir='ltr'><strong>μετά</strong></span> <span class='ocrx_word' id='word_1_737' title='bbox 1468 5103 1643 5194; x_wconf 75' lang='grc' dir='ltr'><strong>πάσης</strong></span> <span class='ocrx_word' id='word_1_738' title='bbox 1678 5118 1877 5194; x_wconf 42' lang='grc' dir='ltr'><strong>μακρῗ</strong></span> 
     </span>
    </p>
   </div>
   <div class='ocr_carea' id='block_1_104' title="bbox 336 5190 1882 5290">
    <p class='ocr_par' dir='ltr' id='par_1_104' title="bbox 336 5190 1882 5290">
     <span class='ocr_line' id='line_1_104' title="bbox 336 5190 1882 5290; baseline -0.025 -14"><span class='ocrx_word' id='word_1_739' title='bbox 336 5220 551 5290; x_wconf 86' lang='grc' dir='ltr'>θυμίας,</span> <span class='ocrx_word' id='word_1_740' title='bbox 595 5190 688 5265; x_wconf 60' lang='grc' dir='ltr'><strong>καὶ</strong></span> <span class='ocrx_word' id='word_1_741' title='bbox 723 5205 999 5275; x_wconf 73' lang='grc' dir='ltr'>ἐθαύμασα</span> <span class='ocrx_word' id='word_1_742' title='bbox 1034 5200 1170 5261; x_wconf 76' lang='grc' dir='ltr'>πῶς,</span> <span class='ocrx_word' id='word_1_743' title='bbox 1210 5195 1497 5290; x_wconf 78' lang='grc' dir='ltr'>δυνάμενος</span> <span class='ocrx_word' id='word_1_744' title='bbox 1529 5193 1667 5290; x_wconf 54' lang='grc' dir='ltr'>Ῐιμῖν</span> <span class='ocrx_word' id='word_1_745' title='bbox 1702 5190 1882 5290; x_wconf 69' lang='grc' dir='ltr'>συντό-</span> 
     </span>
    </p>
   </div>
   <div class='ocr_carea' id='block_1_105' title="bbox 343 5278 1888 5382">
    <p class='ocr_par' dir='ltr' id='par_1_105' title="bbox 343 5278 1888 5382">
     <span class='ocr_line' id='line_1_105' title="bbox 343 5278 1888 5382; baseline -0.019 -25"><span class='ocrx_word' id='word_1_746' title='bbox 343 5278 456 5382; x_wconf 55' lang='grc' dir='ltr'><strong>μως</strong></span> <span class='ocrx_word' id='word_1_747' title='bbox 485 5278 579 5360; x_wconf 67' lang='grc' dir='ltr'><strong>καὶ</strong></span> <span class='ocrx_word' id='word_1_748' title='bbox 608 5298 840 5356; x_wconf 82' lang='grc' dir='ltr'>εὐκόλως</span> <span class='ocrx_word' id='word_1_749' title='bbox 868 5286 1310 5382; x_wconf 42' lang='grc' dir='ltr'>ἀπολογήσασθαι.</span> <span class='ocrx_word' id='word_1_750' title='bbox 1353 5281 1454 5382; x_wconf 49' lang='grc' dir='ltr'><strong>διὰ.</strong></span> <span class='ocrx_word' id='word_1_751' title='bbox 1488 5280 1593 5333; x_wconf 83' lang='grc' dir='ltr'>τῶν</span> <span class='ocrx_word' id='word_1_752' title='bbox 1635 5278 1888 5382; x_wconf 67' lang='grc' dir='ltr'>πραγμά-</span> 
     </span>
    </p>
   </div>
   <div class='ocr_carea' id='block_1_106' title="bbox 340 5366 1888 5462">
    <p class='ocr_par' dir='ltr' id='par_1_106' title="bbox 340 5366 1888 5462">
     <span class='ocr_line' id='line_1_106' title="bbox 340 5366 1888 5462; baseline -0.026 -9"><span class='ocrx_word' id='word_1_753' title='bbox 340 5366 468 5462; x_wconf 60' lang='grc' dir='ltr'>των,</span> <span class='ocrx_word' id='word_1_754' title='bbox 501 5396 612 5453; x_wconf 84' lang='grc' dir='ltr'>τοῖς</span> <span class='ocrx_word' id='word_1_755' title='bbox 650 5388 746 5459; x_wconf 81' lang='grc' dir='ltr'><strong>μὲν</strong></span> <span class='ocrx_word' id='word_1_756' title='bbox 784 5377 1266 5450; x_wconf 77' lang='grc' dir='ltr'>κατηγορουμένοις</span> <span class='ocrx_word' id='word_1_757' title='bbox 1296 5370 1567 5440; x_wconf 78' lang='grc' dir='ltr'>ἐπιμένειν</span> <span class='ocrx_word' id='word_1_758' title='bbox 1602 5366 1888 5434; x_wconf 78' lang='grc' dir='ltr'>καταδέχῃ,</span> 
     </span>
    </p>
   </div>
   <div class='ocr_carea' id='block_1_107' title="bbox 343 5457 1891 5557">
    <p class='ocr_par' dir='ltr' id='par_1_107' title="bbox 343 5457 1891 5557">
     <span class='ocr_line' id='line_1_107' title="bbox 343 5457 1891 5557; baseline -0.025 -14"><span class='ocrx_word' id='word_1_759' title='bbox 343 5457 523 5557; x_wconf 83' lang='grc' dir='ltr'>λόγοις</span> <span class='ocrx_word' id='word_1_760' title='bbox 556 5483 612 5535; x_wconf 69' lang='grc' dir='ltr'><strong>δὲ</strong></span> <span class='ocrx_word' id='word_1_761' title='bbox 649 5457 872 5550; x_wconf 77' lang='grc' dir='ltr'>μακροῖς</span> <span class='ocrx_word' id='word_1_762' title='bbox 903 5468 1224 5541; x_wconf 87' lang='grc' dir='ltr'>θεραπεύειν</span> <span class='ocrx_word' id='word_1_763' title='bbox 1254 5464 1545 5531; x_wconf 72' lang='grc' dir='ltr'>ἐπιχειρεῖς</span> <span class='ocrx_word' id='word_1_764' title='bbox 1578 5458 1645 5509; x_wconf 71' lang='grc' dir='ltr'>τὰ</span> <span class='ocrx_word' id='word_1_765' title='bbox 1673 5457 1891 5557; x_wconf 38' lang='lat' dir='ltr'><strong>navium.</strong></span> 
     </span>
    </p>
   </div>
   <div class='ocr_carea' id='block_1_108' title="bbox 349 5544 1897 5642">
    <p class='ocr_par' dir='ltr' id='par_1_108' title="bbox 349 5544 1897 5642">
     <span class='ocr_line' id='line_1_108' title="bbox 349 5544 1897 5642; baseline -0.03 -12"><span class='ocrx_word' id='word_1_766' title='bbox 349 5544 719 5642; x_wconf 30' lang='grc' dir='ltr'>θέτε-πρῶτοι</span> <span class='ocrx_word' id='word_1_767' title='bbox 759 5544 880 5617; x_wconf 70' lang='grc' dir='ltr'>οὗτε</span> <span class='ocrx_word' id='word_1_768' title='bbox 929 5559 1097 5629; x_wconf 83' lang='grc' dir='ltr'>μόνοι,</span> <span class='ocrx_word' id='word_1_769' title='bbox 1143 5550 1476 5642; x_wconf 72' lang='grc' dir='ltr'><strong>ῐΙαρηγόριε,Δ</strong></span> <span class='ocrx_word' id='word_1_770' title='bbox 1510 5544 1897 5642; x_wconf 48' lang='grc' dir='ltr'>ἐνομοθετήσῗ-</span> 
     </span>
    </p>
   </div>
   <div class='ocr_carea' id='block_1_109' title="bbox 2464 4995 3021 5061">
    <p class='ocr_par' dir='ltr' id='par_1_109' title="bbox 2464 4995 3021 5061">
     <span class='ocr_line' id='line_1_109' title="bbox 2464 4995 3021 5061; baseline -0.022 0"><span class='ocrx_word' id='word_1_771' title='bbox 2464 5002 2695 5061; x_wconf 72' lang='lat' dir='ltr'><strong>CANON</strong></span> <span class='ocrx_word' id='word_1_772' title='bbox 2730 4995 3021 5058; x_wconf 66' lang='lat' dir='ltr'><strong>LXXXIX.</strong></span> 
     </span>
    </p>
   </div>
   <div class='ocr_carea' id='block_1_110' title="bbox 2052 5075 3525 5168">
    <p class='ocr_par' dir='ltr' id='par_1_110' title="bbox 2052 5075 3525 5168">
     <span class='ocr_line' id='line_1_110' title="bbox 2052 5075 3525 5168; baseline -0.018 -17"><span class='ocrx_word' id='word_1_773' title='bbox 2052 5101 2177 5168; x_wconf 77' lang='lat' dir='ltr'><strong>Legi</strong></span> <span class='ocrx_word' id='word_1_774' title='bbox 2214 5108 2333 5151; x_wconf 87' lang='lat' dir='ltr'><strong>tuas</strong></span> <span class='ocrx_word' id='word_1_775' title='bbox 2363 5095 2571 5148; x_wconf 86' lang='lat' dir='ltr'><strong>litteras</strong></span> <span class='ocrx_word' id='word_1_776' title='bbox 2617 5103 2742 5144; x_wconf 89' lang='lat' dir='ltr'><strong>cum</strong></span> <span class='ocrx_word' id='word_1_777' title='bbox 2782 5083 2929 5139; x_wconf 89' lang='lat' dir='ltr'><strong>omni</strong></span> <span class='ocrx_word' id='word_1_778' title='bbox 2974 5075 3266 5168; x_wconf 76' lang='lat' dir='ltr'><strong>patientia;</strong></span> <span class='ocrx_word' id='word_1_779' title='bbox 3297 5086 3525 5168; x_wconf 79' lang='lat' dir='ltr'><strong>sumque</strong></span> 
     </span>
    </p>
   </div>
   <div class='ocr_carea' id='block_1_111' title="bbox 1982 5162 3529 5247">
    <p class='ocr_par' dir='ltr' id='par_1_111' title="bbox 1982 5162 3529 5247">
     <span class='ocr_line' id='line_1_111' title="bbox 1982 5162 3529 5247; baseline -0.019 -6"><span class='ocrx_word' id='word_1_780' title='bbox 1982 5162 2277 5241; x_wconf 68' lang='lat' dir='ltr'><strong>admiratus</strong></span> <span class='ocrx_word' id='word_1_781' title='bbox 2299 5224 2312 5247; x_wconf 94' lang='lat'><strong>,</strong></span> <span class='ocrx_word' id='word_1_782' title='bbox 2352 5198 2448 5238; x_wconf 90' lang='lat' dir='ltr'><strong>cur</strong></span> <span class='ocrx_word' id='word_1_783' title='bbox 2484 5194 2608 5235; x_wconf 90' lang='lat' dir='ltr'><strong>eum</strong></span> <span class='ocrx_word' id='word_1_784' title='bbox 2660 5175 2843 5246; x_wconf 90' lang='lat' dir='ltr'><strong>possis</strong></span> <span class='ocrx_word' id='word_1_785' title='bbox 2879 5170 3021 5241; x_wconf 88' lang='lat' dir='ltr'><strong>apud</strong></span> <span class='ocrx_word' id='word_1_786' title='bbox 3067 5182 3167 5222; x_wconf 91' lang='lat' dir='ltr'><strong>nos</strong></span> <span class='ocrx_word' id='word_1_787' title='bbox 3216 5162 3451 5218; x_wconf 86' lang='lat' dir='ltr'><strong>breviter</strong></span> <span class='ocrx_word' id='word_1_788' title='bbox 3475 5169 3529 5213; x_wconf 88' lang='lat' dir='ltr'><strong>et</strong></span> 
     </span>
    </p>
   </div>
   <div class='ocr_carea' id='block_1_112' title="bbox 1986 5253 3529 5331">
    <p class='ocr_par' dir='ltr' id='par_1_112' title="bbox 1986 5253 3529 5331">
     <span class='ocr_line' id='line_1_112' title="bbox 1986 5253 3529 5331; baseline -0.019 -1"><span class='ocrx_word' id='word_1_789' title='bbox 1986 5275 2142 5329; x_wconf 79' lang='lat' dir='ltr'><strong>facile</strong></span> <span class='ocrx_word' id='word_1_790' title='bbox 2196 5272 2351 5326; x_wconf 87' lang='lat' dir='ltr'><strong>factis</strong></span> <span class='ocrx_word' id='word_1_791' title='bbox 2384 5270 2491 5323; x_wconf 90' lang='lat' dir='ltr'><strong>tuis</strong></span> <span class='ocrx_word' id='word_1_792' title='bbox 2541 5278 2759 5321; x_wconf 83' lang='lat' dir='ltr'><strong>causam</strong></span> <span class='ocrx_word' id='word_1_793' title='bbox 2796 5274 2988 5331; x_wconf 84' lang='lat' dir='ltr'><strong>agerc,</strong></span> <span class='ocrx_word' id='word_1_794' title='bbox 3041 5257 3097 5309; x_wconf 91' lang='lat' dir='ltr'><strong>in</strong></span> <span class='ocrx_word' id='word_1_795' title='bbox 3147 5253 3308 5308; x_wconf 82' lang='lat' dir='ltr'><strong>rebus</strong></span> <span class='ocrx_word' id='word_1_796' title='bbox 3344 5261 3529 5317; x_wconf 82' lang='lat' dir='ltr'><strong>repre-</strong></span> 
     </span>
    </p>
   </div>
   <div class='ocr_carea' id='block_1_113' title="bbox 1986 5342 3533 5431">
    <p class='ocr_par' dir='ltr' id='par_1_113' title="bbox 1986 5342 3533 5431">
     <span class='ocr_line' id='line_1_113' title="bbox 1986 5342 3533 5431; baseline -0.019 -13"><span class='ocrx_word' id='word_1_797' title='bbox 1986 5364 2170 5420; x_wconf 87' lang='lat' dir='ltr'><strong>hensis</strong></span> <span class='ocrx_word' id='word_1_798' title='bbox 2197 5361 2485 5431; x_wconf 85' lang='lat' dir='ltr'><strong>persistere</strong></span> <span class='ocrx_word' id='word_1_799' title='bbox 2503 5358 2657 5420; x_wconf 86' lang='lat' dir='ltr'><strong>velis,</strong></span> <span class='ocrx_word' id='word_1_800' title='bbox 2685 5368 2746 5407; x_wconf 90' lang='lat' dir='ltr'><strong>ac</strong></span> <span class='ocrx_word' id='word_1_801' title='bbox 2770 5350 2948 5419; x_wconf 77' lang='lat' dir='ltr'><strong>longis</strong></span> <span class='ocrx_word' id='word_1_802' title='bbox 2978 5342 3317 5401; x_wconf 82' lang='lat' dir='ltr'><strong>sermonibus</strong></span> <span class='ocrx_word' id='word_1_803' title='bbox 3341 5351 3533 5391; x_wconf 85' lang='lat' dir='ltr'><strong>curare</strong></span> 
     </span>
    </p>
   </div>
   <div class='ocr_carea' id='block_1_114' title="bbox 1990 5426 3533 5509">
    <p class='ocr_par' dir='ltr' id='par_1_114' title="bbox 1990 5426 3533 5509">
     <span class='ocr_line' id='line_1_114' title="bbox 1990 5426 3533 5509; baseline -0.019 -2"><span class='ocrx_word' id='word_1_804' title='bbox 1990 5462 2163 5507; x_wconf 87' lang='lat' dir='ltr'><strong>tentes</strong></span> <span class='ocrx_word' id='word_1_805' title='bbox 2196 5448 2537 5505; x_wconf 87' lang='lat' dir='ltr'><strong>insanabilia.</strong></span> <span class='ocrx_word' id='word_1_806' title='bbox 2592 5436 2702 5496; x_wconf 69' lang='lat' dir='ltr'><strong>Nec</strong></span> <span class='ocrx_word' id='word_1_807' title='bbox 2738 5438 2930 5509; x_wconf 85' lang='lat' dir='ltr'><strong>primi.</strong></span> <span class='ocrx_word' id='word_1_808' title='bbox 2967 5448 3068 5489; x_wconf 88' lang='lat' dir='ltr'><strong>nec</strong></span> <span class='ocrx_word' id='word_1_809' title='bbox 3097 5432 3227 5492; x_wconf 89' lang='lat' dir='ltr'><strong>soli,</strong></span> <span class='ocrx_word' id='word_1_810' title='bbox 3262 5426 3533 5492; x_wconf 78' lang='lat' dir='ltr'><strong>Paregori,</strong></span> 
     </span>
    </p>
   </div>
   <div class='ocr_carea' id='block_1_115' title="bbox 1995 5516 3539 5603">
    <p class='ocr_par' dir='ltr' id='par_1_115' title="bbox 1995 5516 3539 5603">
     <span class='ocr_line' id='line_1_115' title="bbox 1995 5516 3539 5603; baseline -0.02 -4"><span class='ocrx_word' id='word_1_811' title='bbox 1995 5543 2345 5603; x_wconf 85' lang='lat' dir='ltr'><strong>sancivimus,</strong></span> <span class='ocrx_word' id='word_1_812' title='bbox 2379 5546 2437 5593; x_wconf 89' lang='lat' dir='ltr'><strong>ut</strong></span> <span class='ocrx_word' id='word_1_813' title='bbox 2472 5553 2537 5592; x_wconf 92' lang='lat' dir='ltr'><strong>ne</strong></span> <span class='ocrx_word' id='word_1_814' title='bbox 2560 5550 2665 5590; x_wconf 90' lang='lat' dir='ltr'><strong>una</strong></span> <span class='ocrx_word' id='word_1_815' title='bbox 2698 5549 2819 5587; x_wconf 91' lang='lat' dir='ltr'><strong>cum</strong></span> <span class='ocrx_word' id='word_1_816' title='bbox 2854 5529 2988 5583; x_wconf 76' lang='lat' dir='ltr'><strong>viris</strong></span> <span class='ocrx_word' id='word_1_817' title='bbox 3017 5525 3321 5579; x_wconf 85' lang='lat' dir='ltr'><strong>habitarent</strong></span> <span class='ocrx_word' id='word_1_818' title='bbox 3348 5516 3539 5569; x_wconf 50' lang='lat' dir='ltr'><strong>mulie-</strong></span> 
     </span>
    </p>
   </div>
   <div class='ocr_carea' id='block_1_116' title="bbox 345 5607 1867 5737">
    <p class='ocr_par' dir='ltr' id='par_1_116' title="bbox 345 5607 1867 5737">
     <span class='ocr_line' id='line_1_116' title="bbox 345 5607 1867 5737; baseline -0.023 -19"><span class='ocrx_word' id='word_1_819' title='bbox 762 5607 989 5715; x_wconf 44' lang='grc' dir='ltr'>άνδ-ράζι</span> <span class='ocrx_word' id='word_1_820' title='bbox 1133 5607 1416 5709; x_wconf 53' lang='grc' dir='ltr'>συνοικεῖν.</span> <span class='ocrx_word' id='word_1_821' title='bbox 1458 5607 1615 5689; x_wconf 11' lang='grc' dir='ltr'><strong>ν’Λλλί</strong></span> <span class='ocrx_word' id='word_1_822' title='bbox 1632 5607 1867 5702; x_wconf 75' lang='grc' dir='ltr'>ἀνάγνωθ</span> 
     </span>
    </p>
   </div>
   <div class='ocr_carea' id='block_1_117' title="bbox 1967 5607 3539 5737">
    <p class='ocr_par' dir='ltr' id='par_1_117' title="bbox 1999 5607 3539 5700">
     <span class='ocr_line' id='line_1_117' title="bbox 1999 5607 3539 5700; baseline -0.02 -10"><span class='ocrx_word' id='word_1_823' title='bbox 1999 5650 2105 5689; x_wconf 81' lang='lat' dir='ltr'><strong>res.</strong></span> <span class='ocrx_word' id='word_1_824' title='bbox 2157 5631 2264 5687; x_wconf 87' lang='lat' dir='ltr'><strong>Sed</strong></span> <span class='ocrx_word' id='word_1_825' title='bbox 2296 5631 2412 5700; x_wconf 83' lang='lat' dir='ltr'><strong>lege</strong></span> <span class='ocrx_word' id='word_1_826' title='bbox 2446 5641 2707 5683; x_wconf 84' lang='lat' dir='ltr'><strong>canoncm</strong></span> <span class='ocrx_word' id='word_1_827' title='bbox 2742 5638 2772 5677; x_wconf 90' lang='lat' dir='ltr'><strong>a</strong></span> <span class='ocrx_word' id='word_1_828' title='bbox 2806 5619 3007 5676; x_wconf 87' lang='lat' dir='ltr'><strong>sanctis</strong></span> <span class='ocrx_word' id='word_1_829' title='bbox 3043 5613 3245 5671; x_wconf 84' lang='lat' dir='ltr'><strong>nostris</strong></span> <span class='ocrx_word' id='word_1_830' title='bbox 3294 5607 3539 5662; x_wconf 79' lang='lat' dir='ltr'><strong>Patribns</strong></span> 
     </span>
    </p>
   </div>
   <div class='ocr_carea' id='block_1_118' title="bbox 456 5759 888 5827">
    <p class='ocr_par' dir='ltr' id='par_1_118' title="bbox 456 5759 888 5827">
     <span class='ocr_line' id='line_1_118' title="bbox 456 5759 888 5827; baseline -0.025 1"><span class='ocrx_word' id='word_1_831' title='bbox 456 5773 471 5804; x_wconf 89' lang='grc'>¹</span> <span class='ocrx_word' id='word_1_832' title='bbox 508 5765 677 5827; x_wconf 86' lang='lat' dir='ltr'><strong>lCor.</strong></span> <span class='ocrx_word' id='word_1_833' title='bbox 705 5780 795 5827; x_wconf 86' lang='lat' dir='ltr'><strong>vtt,</strong></span> <span class='ocrx_word' id='word_1_834' title='bbox 834 5759 888 5818; x_wconf 83' lang='lat'><strong>9.</strong></span> 
     </span>
    </p>
   </div>
  </div>
