4096 6458
632 357 736 420 823

1856 371 2132 434 THEOD.
2179 373 2407 434 BALSA
2420 371 2577 434 ΜοΝ

3745 368 3843 433 824

631 480 841 533 editum
872 481 924 534 in
958 483 1163 550 synodo
1195 482 1409 538 Niczena
1434 525 1447 545 ,
1482 487 1571 555 qui
1622 489 1906 545 manifeste
1960 494 2163 548 sancivi

2293 495 2384 547 τὸν
2416 495 2756 564 ἐξενεχθέντα
2811 495 3007 548 κανόνα
3055 495 3202 566 παρά
3240 497 3346 549 τῶν
3393 500 3561 566 άγίων
3597 503 3843 574 Πατέρων

635 581 923 626 extraneas
952 572 1206 627 mulieres
1235 588 1343 627 non
1370 590 1511 630 esse.
1548 575 1669 630 Vita
1701 587 1882 634 autem
1914 583 2104 638 calebs
2135 584 2190 638 in

632 679 697 716 co
722 664 1056 717 honestatem
1101 663 1296 729 habet,
1327 673 1443 719 uta
1479 669 1727 722 convictu
1755 671 1999 725 mulieris
2035 687 2189 740 sepa-

633 759 801 804 retur.
852 749 1028 815 Quare
1079 752 1124 804 si
1159 751 1282 819 quis
1311 752 1476 806 verbo
1507 754 1814 822 professus,
1862 758 2037 827 reipsa
2069 772 2189 827 qua:

631 839 1043 906 conjugatorum
1077 845 1203 892 sunt
1249 838 1407 903 facit,
1440 842 1613 909 palam
1645 851 1728 897 est
1753 856 1874 898 eum
1903 847 2185 914 virginita-

630 929 700 980 t's
730 927 943 994 quidem
995 927 1335 983 honestatem
1382 929 1436 983 in
1488 933 1708 987 nomine
1758 937 2040 1003 persequi,
2091 938 2183 990 sed

629 1030 967 1084 nequaquam
993 1016 1061 1070 ab
1091 1018 1349 1074 indecora
1384 1020 1663 1090 voluptate
1694 1022 1987 1078 abstinere.
2012 1024 2186 1078 Tanto

628 1119 756 1172 ergo
797 1105 968 1173 magis
1013 1106 1296 1175 oportebat
1319 1114 1372 1161 te
1406 1110 1756 1176 postulationi
1799 1121 1998 1166 nostra:
2029 1112 2185 1166 facile

627 1191 840 1255 cedere,
872 1200 1074 1260 quanto
1105 1200 1159 1247 te
1193 1194 1272 1248 ais
1299 1209 1420 1248 esse
1461 1196 1766 1252 liberiorem
1795 1199 1862 1253 ab
1885 1201 2033 1254 omni
2059 1215 2181 1256 cor-

630 1293 798 1347 porea
825 1279 1067 1335 libidine.
1101 1279 1286 1351 Neque
1316 1283 1461 1338 enim
1490 1284 1666 1338 virum
1714 1288 2052 1358 septuaginta
2085 1304 2184 1344 au-

626 1385 732 1427 nos
747 1382 928 1426 natum
944 1377 1200 1433 existimo
1217 1380 1505 1438 libidinose
1525 1384 1770 1440 habitare
1785 1403 1906 1441 cum
1925 1391 2182 1445 muliere:

629 1475 731 1560 nec
749 1463 890 1530 quod
911 1472 1068 1560 turpe
1087 1469 1303 1542 aliquod
1327 1471 1538 1530 facinus
1557 1474 1747 1530 fuisset
1763 1477 2080 1544 admissum,
2107 1479 2186 1533 id-

629 1554 777 1604 circo
804 1554 1198 1626 constituiqua:
1223 1563 1512 1630 constitui;
1548 1563 1641 1619 sed
1663 1564 1804 1634 quod
1835 1567 1902 1620 ab
1928 1566 2184 1636 Apostolo

627 1639 916 1697 didicimus
954 1643 1334 1704 oﬂendiculum
1365 1651 1520 1707 fratri
1553 1669 1661 1709 non
1694 1671 1892 1724 ponere
1922 1657 1989 1710 ad
2021 1671 2182 1711 scan-

2293 586 2448 654 ὴμῶν
2474 583 2581 636 τῶν
2615 586 2671 637 ἑν
2715 585 2778 652 τῇ
2824 585 3021 656 συνόδῳ
3060 586 3311 649 Νικαίας,
3345 589 3401 651 ὃς
3443 591 3689 661 φανερῶς
3747 592 3844 644 ἀπ-

2293 675 2557 744 ηγόρευσε
2609 675 2986 738 συνεισακτοὺς
3171 676 3245 746 μὴ
3273 674 3427 731 εἶναι.
3619 680 3844 749 Ἀγαμία

2292 767 2348 818 δὲ
2380 766 2436 819 ιν
2465 763 2635 834 τούτῳ
2661 764 2773 834 ἔχει
2808 764 2866 817 τδ
2900 766 3113 835 σεμνὰν,
3163 769 3220 820 ἑν
3260 768 3335 836 τῷ
3377 768 3702 838 κεχωρίσθαι
3755 772 3845 839 τῆς

2295 854 2433 924 μετά
2456 855 2710 922 γυναικὸς
2881 853 3169 922 διαγωγῆς.
3212 855 3299 918 Ὠς
3327 855 3421 908 ἑάν
3448 857 3844 926 ἀπαγγελλόμε-

2291 944 2379 1008 νός
2406 961 2489 1006 τις
2512 943 2588 1013 τῷ
2611 943 2851 1012 ὀνόματι,
2889 943 3033 1013 ἔργῳ
3069 943 3138 995 τὰ
3163 943 3269 996 τῶν
3292 943 3507 1011 γυναιξὶ⁸
3538 947 3845 998 συνοικούν-

2289 1052 2397 1089 των
2422 1036 2569 1104 ποιῇ,
2599 1032 2755 1102 δῆλός
2797 1034 2913 1086 ἐστι
2954 1034 3016 1085 τὸ
3046 1035 3142 1102 μὲν
3169 1035 3268 1103 τῆς
3314 1035 3608 1103 παρθενίας
3654 1035 3845 1104 σεμνὸν

2291 1126 2348 1178 ὲν
2371 1127 2436 1195 τῇ
2469 1123 2805 1195 προσηγορίᾳ
2832 1123 3061 1183 διώκων,
3089 1123 3180 1175 τοῦ
3209 1124 3266 1176 δὲ
3300 1125 3421 1177 καθ’
3445 1125 3639 1195 ἡδονὴν
3670 1126 3844 1195 ἀπρε-

2293 1212 2428 1274 ποῦς
2478 1213 2551 1282 μὴ
2592 1212 2976 1280 ἀφιστάμενος.
3024 1212 3274 1281 Τοσούτῳ
3309 1207 3400 1264 οὖν
3449 1214 3647 1282 μᾶλλον
3681 1216 3842 1284 ἐχρῆν

2293 1317 2353 1354 σε
2383 1301 2616 1364 εὐκόλως
2659 1296 2796 1366 ε’ίξαι
2845 1301 2999 1371 ἡμῶν
3038 1304 3102 1370 τῇ
3146 1300 3384 1364 ἀξιώσει,
3413 1302 3629 1372 ὅσῳπερ
3673 1303 3844 1370 λέγεις

2289 1393 2568 1463 ἐλεύθερος
2586 1389 2723 1446 εἶναι
2755 1395 2953 1458 παντὸς
2981 1399 3292 1467 σωματικοῦ
3322 1400 3548 1462 πάθους,
3582 1399 3719 1453 Οὔτε
3744 1403 3846 1474 γὰρ

2282 1482 2374 1534 τὸν
2433 1483 2894 1555 ἑϐδομηκονταετῆ
2961 1489 3217 1555 γεγονότα
3282 1490 3540 1560 πείθομαι
3590 1491 3845 1560 ἐμπαθῶς

2285 1577 2548 1627 συνοικεῖν
2574 1576 2810 1642 γυναικὶ,
2841 1575 2962 1628 οὕτε
3010 1578 3086 1641 ὡς
3129 1580 3482 1650 ἐπιγενομένη
3533 1580 3638 1632 τινὶ
3666 1582 3847 1651 ἀτόπῳ

2285 1661 2476 1730 πράξει
2531 1663 2810 1732 ὠρίσαμεν
2849 1662 2885 1716 ἀ
2920 1663 3229 1734 ὼρίσαμεν’
3281 1667 3394 1720 ἀλλ’
3443 1669 3633 1738 ἐπειδὴ
3681 1669 3845 1721 ἐδιδά-

625 1729 880 1827 όιιιυωί.
938 1730 1154 1792 Scimus
1187 1749 1365 1794 autem
1421 1742 1563 1811 quod
1622 1758 1652 1796 a
1711 1745 1986 1800 nonnullis
2038 1755 2168 1801 recte

2281 1729 2487 1820 χθημεν
2521 1729 2669 1824 παρά
2692 1729 2784 1806 τοῦ
2831 1729 3149 1808 ’Δποστόλου
3175 1757 3249 1826 μὴ
3273 1757 3477 1811 τιθέναι
3513 1729 3844 1827 πρόσκομμα

623 1819 864 1885 geritur,
921 1823 1042 1878 aliis
1101 1829 1444 1884 occasionem
1499 1847 1618 1887 esse
1666 1834 1943 1903 peccandi.
2007 1835 2168 1900 Quare

2281 1811 2357 1910 τῷ
2370 1811 2614 1914 ..ἀδελφῷ
2659 1847 2738 1907 ei;
2786 1845 3100 1900 σκάνδαλον.

625 1909 969 1976 ρταεεὶρίιῐιυε
1016 1922 1326 1970 sanctorum
1376 1919 1598 1974 Palmm
1628 1921 1904 1976 decretum
1950 1939 2181 1993 sequen-

623 2004 726 2057 tes,
761 2005 816 2050 ut
844 2013 873 2050 a
896 2001 1214 2057 muliercula
1243 2009 1535 2076 separeris.
1570 2009 1710 2076 Quid
1745 2012 1908 2081 igitur
1935 2013 2180 2083 cborepi-

621 2099 844 2156 scopum
875 2090 1114 2155 incusas,
1145 2102 1198 2148 et
1228 2097 1430 2152 veteris
1457 2098 1754 2154 inimicitiae
1782 2101 1916 2157 facis
1948 2105 2178 2158 mentio-

621 2178 783 2230 nem?
818 2177 956 2242 Quid
988 2182 1055 2237 de
1086 2185 1244 2240 nobis
1287 2189 1531 2256 quereris
1578 2192 1721 2260 quod
1755 2190 1942 2247 faciles
1974 2195 2178 2247 calum-

619 2265 728 2318 niis
762 2282 920 2324 aures
960 2273 1296 2339 praabeamus
1328 2314 1342 2340 ,
1377 2291 1440 2331 ac
1475 2293 1584 2332 non
1614 2281 1797 2349 potius
1827 2282 1894 2336 de
1931 2291 1984 2337 te
2022 2284 2172 2352 ipse,

617 2355 711 2423 qui
738 2357 932 2412 adduci
967 2376 1075 2415 non
1126 2371 1300 2431 potes,
1334 2373 1391 2418 ut
1429 2382 1459 2419 a
1497 2369 1739 2424 mulieris
1783 2373 2176 2427 consuetudine

617 2445 880 2501 recedas?
914 2447 1059 2518 Ejice
1094 2451 1257 2520 igitur
1287 2453 1432 2507 illam
1662 2473 1727 2513 ex
1777 2460 1884 2514 tuis
1927 2459 2132 2515 aedibus
2156 2500 2171 2524 ,

613 2543 668 2588 ct
700 2536 752 2591 in
789 2540 1119 2595 monasterio
1140 2543 1430 2598 constitue.
1468 2542 1549 2598 Sit
1580 2544 1669 2600 illa
1696 2561 1820 2602 cum
1847 2549 2169 2618 virginibus.

610 2637 665 2680 et
694 2629 832 2695 apud
883 2637 934 2683 te
964 2632 1201 2685 serviant
1233 2633 1366 2699 viri,
1402 2641 1462 2687 ut
1492 2650 1560 2689 ne
1591 2635 1682 2691 Dei
1723 2651 1919 2694 nomen
1957 2651 2171 2709 propter

610 2731 708 2770 vos
737 2717 1159 2786 blasphemetur.
1202 2721 1326 2778 Haec
1351 2723 1522 2778 donec
1549 2723 1763 2790 feceris,
1799 2728 2168 2793 innumerabi-

609 2807 679 2858 lia
707 2824 824 2876 quae
856 2825 950 2878 per
976 2813 1230 2881 epistolas
1262 2814 1456 2869 scribis
1489 2815 1623 2869 nihil
1655 2824 1709 2871 te
1745 2817 2037 2886 juvabunt;
2072 2822 2164 2877 sed

3284 1848 3520 1918 Οἴδαμεν
3568 1849 3648 1910 δὲ,
3679 1850 3760 1902 ὅτι
3784 1850 3842 1901 τὸ

2281 1932 2432 2000 παρά
2482 1949 2642 1986 τινων
2692 1935 2860 2002 ὑγιῶς
2906 1937 3182 2006 γινόμενον
3224 1938 3401 2001 ἀλλοις
3443 1939 3665 2009 ἀφορμὴ
3710 1940 3840 2009 πρὸς

2278 2021 2553 2090 ἁμαρτίαν
2579 2024 2830 2095 ὑπάρχει.
3043 2028 3242 2081 Τούτου
3281 2029 3465 2081 ἕνεκεν
3512 2029 3838 2098 προσετάξα-

2280 2127 2400 2179 μεν,
2438 2114 2689 2183 ἑπόμενοι
2717 2119 2783 2186 τῇ
2823 2116 3049 2185 διαταγῇ
3076 2117 3183 2170 τῶν
3221 2118 3390 2184 άγίων
3424 2119 3703 2186 Πατέρων,
3738 2136 3838 2187 χω-

2280 2201 2526 2272 ρισθῆναί
2553 2221 2613 2256 σε
2641 2204 2734 2266 τοῦ
2758 2207 2999 2272 γυναίου.
3036 2207 3100 2258 Τί
3129 2202 3219 2258 οὖν
3240 2207 3488 2273 ἐγκαλεῖς
3503 2207 3581 2275 τῷ
3606 2223 3836 2276 χωρεπιο

2278 2293 2483 2362 σκόπῳ,
2533 2295 2624 2347 καὶ
2656 2293 2889 2358 παλαιᾶς
2919 2295 3116 2367 ἔχθρας
3150 2295 3458 2366 μέμνησαις
3493 2296 3557 2346 Τί
3601 2295 3658 2348 δὲ
3695 2296 3834 2364 ἡμᾶς

2276 2382 2611 2452 καταμέμφῃ
2663 2383 2738 2445 ὡς
2784 2385 3036 2446 εὐκόλους
3073 2384 3242 2440 ἀκοὰς
3273 2384 3493 2452 ἔχοντας
3537 2386 3617 2445 εἰς
3651 2384 3714 2436 τὸ
3741 2384 3833 2446 τὰς

2271 2469 2519 2534 διαϐολάς
2557 2472 2908 2542 προσίεσθαι;
2969 2473 3082 2527 ἀλλ’
3127 2474 3247 2542 ούχὶ
3282 2473 3490 2543 σεαυτῷ
3533 2472 3610 2542 μὴ
3655 2474 3830 2541 ἀνεχοο

2274 2558 2420 2628 μένῳ
2598 2560 2896 2628 ἀποστῆναι
2943 2561 3039 2631 τῆς
3087 2563 3221 2631 πρὸς
3278 2563 3375 2630 τὴν
3418 2563 3649 2628 γυναῖκα
3715 2577 3833 2612 συν-

2269 2643 2490 2711 ηθείας;
2530 2645 2793 2697 ’Έκϐαλλε
2827 2647 3001 2701 τοίνυν
3032 2648 3200 2718 αὐτὴν
3241 2649 3348 2700 ἀπὸ
3389 2647 3483 2699 τοῦ
3533 2648 3683 2700 οίκον
3719 2665 3829 2712 σου,

2272 2733 2363 2784 καὶ
2396 2734 2735 2802 κατάστησον
2777 2735 2943 2806 αὐτὴν
2975 2737 3030 2786 ὲν
3082 2738 3447 2806 μοναστηρίῳ.
3657 2737 3831 2790 Ἔστω

2271 2822 2452 2890 ἐκείνη
2498 2823 2634 2893 μετά
2679 2824 2984 2894 παρθένων,
3027 2827 3119 2878 καὶ
3165 2829 3229 2880 σὺ
3284 2827 3557 2897 ὑπηρετοῦ
3612 2828 3702 2881 ὑπ’
3745 2829 3830 2878 ἀν-

609 2899 858 2953 morieris
895 2902 1126 2966 otiosus,
1168 2918 1232 2957 ac
1266 2904 1460 2961 reddes
1497 2904 1726 2960 Domino
1767 2907 2028 2962 rationem
2069 2910 2163 2963 otii

2274 2911 2442 2981 δρῶν,
2493 2914 2578 2966 ῖνα
2613 2914 2686 2983 μὴ
2719 2916 2778 2967 τὸ
2823 2915 2990 2984 ὄνομα
3017 2916 3110 2968 τοῦ
3143 2916 3278 2969 Θεοῦ
3319 2918 3384 2969 δι’
3415 2918 3560 2986 ὑμᾶς
3599 2917 3827 2986 βλαστη-

606 2987 704 3038 tui.
763 2986 916 3050 Quod
976 2993 1021 3045 si
1084 3007 1252 3048 ausus
1307 2994 1475 3050 fueris
1531 2998 1665 3050 citra
1733 2998 2160 3053 emendationem

2274 3003 2455 3070 μῆται.
2495 3004 2638 3067 Ἕως
2671 3005 2715 3055 δ’
2762 3005 2827 3056 ἄν
2856 3006 3024 3058 ταῦτα
3063 3011 3240 3076 ποιῇς,
3273 3010 3326 3060 αἱ
3378 3008 3655 3076 μυριάδες,
3693 3008 3826 3074 ειπερ

605 3077 966 3132 sacerdotium
1012 3081 1106 3134 tibi
1151 3083 1468 3146 vindicare.
1524 3085 1807 3140 anathema
1857 3087 1965 3139 eris
2019 3088 2164 3139 omni

2274 3090 2603 3159 συγγράφεις
2778 3093 2864 3146 διὰ
2912 3095 3019 3146 τῶν
3067 3097 3381 3157 ἐπιστολῶν,
3426 3097 3578 3149 οὐδὲν
3625 3097 3827 3166 ὠφελή-

603 3164 838 3232 populo;
871 3173 922 3219 et
967 3169 1058 3237 qui
1099 3177 1152 3224 te
1190 3174 1526 3242 receperint,
1571 3171 2023 3228 excommunicati
2071 3187 2164 3240 per

2274 3178 2421 3228 σουσί
2450 3194 2508 3228 σε
2530 3195 2542 3207 ·
2593 3179 2728 3246 ἀλλά
2757 3182 3094 3252 τελευτήσεις
3138 3184 3344 3253 ἀργῶν,
3389 3185 3482 3236 καὶ
3531 3184 3722 3246 δώσεις
3751 3184 3824 3252 τῷ

601 3267 816 3307 omnem
849 3255 1144 3314 Ecclesiam
1167 3274 1346 3316 erunt.

2274 3266 2458 3335 Κυρίῳ
2481 3266 2640 3334 λόγον
2668 3271 2766 3338 τῆς
2794 3273 3015 3324 σεαυτοῦ
3045 3275 3259 3342 ἀργίας.
3308 3275 3430 3328 Ἐὰν
3457 3276 3513 3327 δὲ
3535 3276 3819 3346 τολμήσῃς.

604 3341 679 3411 μὴ
718 3343 1144 3418 διορθωσάμενος
1178 3352 1422 3415 σεαυτὸν,
1455 3355 1773 3424 ἀντέχεσθαι
1841 3355 1935 3424 τῆς
1968 3355 2281 3426 ίερωσύνης,
2351 3359 2595 3430 ἀνάθεμα
2626 3362 2720 3434 ἔσῃ
2756 3365 2914 3417 παντὶ
2943 3367 3018 3435 τῷ
3044 3367 3172 3438 λαῷ.
3240 3371 3332 3422 καὶ
3359 3371 3407 3422 oi
3441 3341 3714 3438 δεχόμενοί
3747 3341 3821 3420 ⁷σε

601 3439 925 3508 ἐκκήρυκτοι
961 3446 1098 3498 κατά
1134 3451 1312 3502 πᾶσαν
1355 3451 1678 3520 Ἐκκλησίαν
1704 3453 2041 3520 γενήσονται.

658 3566 855 3622 BALS.
930 3566 1226 3636 Gregorius
1278 3567 1498 3637 quidam
1575 3563 1857 3635 presbyter
1933 3561 2164 3616 habebat

591 3659 882 3729 quamdam
911 3658 1284 3713 mulierculam
1315 3660 1362 3712 ei
1394 3658 1775 3713 inservientem
1815 3673 1828 3709 :
1866 3653 2006 3723 quod
2034 3668 2156 3706 cum

583 3760 807 3806 sanctus
839 3750 1216 3812 intellexisset,
1245 3750 1434 3817 petivit
1474 3766 1502 3803 a
1543 3747 1876 3819 presbytero.
1928 3754 1988 3797 ut
2040 3760 2158 3798 mu-

580 3842 768 3896 lierem
802 3843 960 3895 domo
991 3857 1086 3896 sua
1126 3841 1440 3910 expelleret.
1475 3843 1524 3895 ls
1547 3855 1674 3900 vero
1705 3839 1770 3891 ad
1817 3837 1964 3890 illum
1992 3837 2058 3888 de
2089 3849 2154 3888 ea

580 3950 639 3987 re
667 3932 902 4002 seipsum
931 3931 1225 3986 defendens
1255 3931 1504 4001 scripsit;
1547 3944 1775 4001 magnus
1805 3940 2020 3995 quoque
2048 3925 2152 3978 Ba-

2274 3926 2614 3996 λογούμενος,
2647 3929 2743 3980 καὶ
2776 3929 2804 3978 ὁ
2834 3927 3006 3993 μέγας
3044 3925 3326 3987 Βασίλειος
3354 3925 3668 3993 ἀντέγραψε
3703 3924 3825 3993 πρὶς

578 4024 731 4078 silius
760 4024 999 4078 vicissim
1031 4024 1099 4078 ad
1147 4025 1521 4094 presbyterum
1573 4019 1873 4088 rescripsit.
1923 4017 2018 4071 Est
2056 4030 2154 4070 au-

2274 4019 2351 4071 τὸν
2379 4018 2774 4088 πρεσϐύτερον.
2814 4017 3002 4070 Ἐοικε
3035 4018 3090 4069 δὲ
3116 4017 3206 4070 τὸν
3265 4016 3644 4086 πρεσϐύτερον
3679 4018 3733 4068 ὲν
3766 4019 3824 4082 τῇ

573 4126 684 4169 tem
715 4115 1011 4169 verisimile
1040 4116 1412 4185 presbyterum
1439 4114 1491 4167 iu
1527 4128 1621 4168 sua
1649 4111 1876 4180 epistola
1908 4116 2152 4165 sanctum

2274 4109 2518 4179 ἐπιστολῆ
2543 4109 2708 4163 αὑτοῦ
2743 4110 2975 4175 ἀξιῶσαι
3006 4112 3095 4164 τδν
3116 4110 3272 4176 ἆγιον
3301 4110 3678 4180 μακροθύμως
3707 4112 3824 4163 ἁνα-

577 4221 820 4277 rngasse,
854 4216 909 4260 ut
937 4207 1147 4262 litteras
1181 4221 1304 4260 cum
1357 4205 1764 4274 longanimitate
1808 4201 2011 4271 legeret
2043 4213 2056 4250 :
2086 4197 2153 4251 ad

2274 4200 2468 4269 γνῶναι
2501 4202 2568 4254 τὰ
2602 4202 2908 4271 γράμματα
2941 4219 2953 4230 ·
2985 4201 3122 4266 πρὸς
3154 4202 3216 4253 ὃν
3273 4200 3618 4270 ἀντέγραψεν
3648 4204 3674 4254 ό
3725 4201 3824 4253 Πα-

573 4316 734 4369 qucm
788 4300 1070 4370 rescripsit
1115 4298 1302 4353 Pater.
1361 4299 1493 4353 Cum
1551 4298 1696 4353 omni
1742 4295 2153 4367 longanimitate

2274 4294 2382 4362 ιὴρ,
2404 4294 2485 4347 ὃτι
2504 4294 2658 4347 Μετά
2687 4295 2866 4364 πάσης
2901 4292 3289 4363 μακροθυμίας
3319 4293 3572 4363 ἐνέτυχόν
3605 4311 3697 4345 σου
3723 4294 3824 4353 τοῖς

572 4405 694 4447 tuas
735 4393 941 4447 litteras
969 4392 1097 4463 legi,
1131 4400 1186 4446 et
1219 4393 1449 4446 miratus
1480 4406 1596 4445 sum
1631 4389 1793 4458 quod,
1843 4403 1964 4442 cum
2012 4401 2138 4455 pos-

2274 4385 2580 4455 γράμμασι,
2613 4386 2709 4438 καὶ
2762 4385 3053 4455 ἐθαύμασα
3088 4387 3194 4450 ὅτι,
3223 4385 3526 4454 δυνάμενος
3557 4385 3824 4452 συντόμως

570 4500 656 4538 scs
687 4499 781 4554 per
806 4499 891 4538 res
920 4485 1158 4539 breviter
1187 4484 1535 4552 respondere,
1577 4481 1782 4536 scilicet
1822 4495 1918 4549 per
1949 4478 2144 4532 mulie-

2274 4475 2703 4545 ἰπολογήσασθαι
2752 4475 2840 4529 διὰ
2872 4476 3241 4547 πραγμάτων,
3269 4477 3437 4546 ἦγουν
3464 4477 3551 4530 διὰ
3577 4475 3671 4529 τοῦ
3701 4476 3822 4527 ἀπη-

571 4576 643 4627 iis
679 4574 1139 4636 amandationem;
1173 4574 1227 4629 in
1257 4573 1342 4638 iis,
1378 4587 1605 4642 quorum
1654 4570 1951 4633 accusaris,
1983 4571 2146 4622 rebus

2274 4565 2578 4635 τέμψασθαι
2603 4567 2702 4638 τὴν
2749 4568 3006 4632 γυναῖκα,
3029 4569 3140 4629 τοῖς
3191 4567 3288 4635 μὲν
3313 4568 3818 4637 κατηγορουμένοις,

569 4666 778 4721 scilicet
823 4665 955 4731 ipsis
1003 4673 1224 4733 propter
1263 4679 1395 4733 quas
1429 4664 1703 4718 accusatio
1735 4661 1976 4717 instituta
2020 4671 2102 4714 est
2128 4701 2142 4726 ,

2274 4659 2369 4728 ξτοι
2393 4659 2504 4719 τοῖς
2527 4658 2851 4727 πράγμασιν
2882 4658 3087 4721 αὐτοῖς,
3114 4660 3180 4711 δι’
3212 4659 3247 4712 ἃ
3283 4660 3316 4728 ἡ
3349 4658 3672 4726 κατηγορία,
3707 4659 3821 4710 ἑπι-

569 4769 927 4818 pcrmaucas;
963 4753 1146 4806 verbis
1177 4762 1354 4806 autem
1380 4763 1431 4806 te
1449 4751 1716 4806 defendis.
1743 4752 1942 4806 Deinde
1974 4750 2102 4805 dicit
2129 4768 2141 4802 :

2274 4751 2562 4811 tévstg'ati
2588 4749 2642 4801 δὲ
2674 4748 2816 4818 λόγῳ
2861 4749 3160 4815 ἀπολογίας
3197 4753 3390 4811 ποιεῖς.
3421 4745 3556 4802 Εἶτά
3579 4765 3712 4816 φησι
3744 4749 3818 4800 ὅτι

571 4847 681 4900 Nos
715 4860 810 4900 nec
843 4843 1000 4911 primi
1037 4857 1135 4898 nec
1165 4843 1264 4898 soli
1297 4842 1610 4908 statuimus,
1643 4856 1708 4896 ne
1736 4841 1990 4894 mulieres
2019 4854 2140 4894 cum

2274 4839 2388 4892 tiara
2421 4841 2625 4908 πρῶτοι
2655 4840 2777 4894 οὗτε
2805 4841 2956 4909 μόνοι
2979 4843 3138 4911 ἡμεῖς
3158 4840 3441 4908 ὡρίσαμεν
3466 4839 3540 4908 μὴ
3564 4840 3818 4891 συνοικεῖν

574 4941 729 4997 viris.
762 4938 974 4992 scilicet
1003 4935 1253 5002 sacratis,
1285 4935 1692 4999 cohabitarent;
1729 4933 1820 4986 sed
1871 4933 1984 5002 lege
2017 4946 2141 4985 can.

2274 4931 2525 5000 wdpdcw,
2583 4931 2900 5000 ίερωμένοις
2945 4931 3163 5000 δηλαδὴ,
3201 4933 3503 4998 γυναῖκας’
3543 4930 3658 4981 ἀλλ’
3698 4929 3814 4981 ἀνάο

2347 3561 2542 3614 ΒΛΛΣ.
2581 3560 2878 3630 Γρηγόριός
2906 3578 2985 3624 τις
3022 3561 3391 3630 πρεσϐύτερος
3425 3560 3652 3627 γύναιον
3697 3558 3830 3628 είχεν

2272 3651 2580 3721 ὑπηρετοῦν
2646 3650 2794 3720 αύτῷ
2833 3650 2906 3701 ’δ
2943 3649 3130 3717 μαθὼν
3189 3652 3216 3702 ό
3278 3650 3432 3716 ἅγιος
3491 3651 3692 3719 ἀπῄθει
3747 3650 3828 3703 τὸν

2269 3740 2642 3812 πρεσϐύτερον
2669 3741 2917 3793 ἑκσεῖσαι
2952 3741 3050 3810 τῆς
3085 3740 3367 3802 κατοικίας
3401 3740 3567 3792 αὐτοῦ
3625 3739 3685 3791 τὸ
3740 3739 3826 3800 γύ-

2266 3852 2433 3888 ναιον.
2470 3834 2528 3886 Ὀ
2564 3833 2620 3886 δὲ
2651 3832 2858 3901 ἔγραψε
2895 3833 3022 3900 περὶ
3055 3833 3244 3886 τούτου
3296 3832 3432 3902 πρὸς
3474 3832 3640 3884 αὑτὸν
3699 3835 3824 3885 ἀπο·

571 5049 692 5101 syu.
725 5030 977 5091 Nicaeum,
1015 5034 1105 5098 qui
1151 5028 1423 5096 prohibuit
1469 5041 1536 5081 ne
1577 5026 1686 5082 sint
1735 5024 2138 5079 introductitize.

572 5124 679 5176 Eas
707 5130 882 5176 autem
921 5120 1317 5181 introductitias
1350 5117 1586 5187 appellat
1615 5118 1801 5171 tertius
1842 5116 1999 5170 dictae
2047 5130 2141 5184 sy-

571 5212 699 5264 nodi
733 5225 927 5273 canon,
959 5223 1077 5276 qua:
1109 5206 1525 5260 introducantur
1555 5207 1605 5259 in
1633 5208 1775 5260 aedes
1806 5214 2139 5260 sacratorum

573 5301 878 5359 hominum.
903 5300 993 5369 qui
1026 5313 1222 5354 uxores
1251 5312 1354 5351 non
1387 5299 1676 5358 duxerunt,
1710 5305 1764 5350 et
1791 5311 1910 5350 cum
1941 5297 2022 5350 eis
2052 5311 2142 5349 co-

574 5391 836 5449 habitant.
868 5388 970 5454 Qui
1014 5399 1189 5444 autem
1239 5386 1536 5442 cznlibatum
1570 5385 1796 5455 professi
1830 5395 1995 5448 sunt,
2030 5387 2143 5437 lau-

575 5483 731 5544 dem,
769 5481 963 5548 inquit,
995 5480 1107 5534 sive
1139 5479 1206 5534 ob
1241 5476 1650 5541 continentiam,
1688 5475 1912 5544 gloriam
1977 5476 2142 5528 habe-

574 5571 730 5636 bunt,
785 5569 827 5624 si
878 5585 904 5621 a
962 5569 1274 5625 mulieribus
1320 5575 1658 5638 separentur.
1705 5565 1761 5621 Si
1797 5565 1913 5634 quis
1965 5573 2141 5617 autem

575 5663 943 5737 virginitatem
968 5661 1307 5731 proﬁteatur,
1339 5677 1459 5717 cum
1497 5659 1813 5715 mulieribus
1838 5672 1961 5713 vero
1982 5655 2142 5711 coha-

683 5777 883 5832 ‘Rmn.
927 5794 1013 5830 xw
1072 5778 1148 5830 l3.

2249 5024 2412 5090 γνωθι
2440 5025 2527 5074 τὸν
2563 5025 2759 5076 κανόνα
2790 5024 2888 5090 τῆς
2919 5025 2976 5074 ὲν
3004 5022 3208 5090 Nimia
3240 5021 3477 5081 συνόδου.
3523 5021 3580 5082 ὃς
3607 5019 3812 5085 ἀπηγό·

2255 5131 2412 5182 ρευσε
2447 5114 2830 5175 συνεισὰκτους
2869 5112 2942 5182 μὴ
2969 5108 3132 5165 εἶναι.
3169 5112 3563 5174 Συνεισάκτους
3592 5111 3649 5162 δὲ
3677 5109 3812 5176 λέγει

2248 5207 2275 5256 ὁ
2298 5205 2495 5266 κανὼν,
2521 5204 2577 5261 ὃς
2603 5203 2782 5273 τρίτος
2798 5206 2914 5256 ἐστὶ
2932 5203 3032 5272 τῆς
3052 5203 3350 5273 εἰρημένης
3367 5201 3608 5263 συνόδου,
3629 5200 3723 5259 τὰς
3741 5202 3810 5259 εἰς

2247 5297 2528 5357 κατοικίας
2569 5296 2885 5364 ἱερωμένων
2939 5294 3158 5360 άςύγων
3205 5291 3669 5358 συνεισαγομένας
3723 5291 3810 5342 ml.

2248 5385 2606 5448 κατοικούσας
2639 5389 2734 5439 σὺν
2766 5388 2971 5448 αὐτοῖς.
3005 5387 3067 5439 Ol
3091 5385 3146 5437 δὲ
3174 5382 3632 5451 ἐπαγγειλάμενοι
3678 5383 3808 5446 ἁγα-

2250 5478 2377 5546 μίαν
2401 5477 2605 5546 ἔχουσι,
2649 5478 2782 5547 φησὶ
2809 5479 2870 5528 τδ
2911 5475 3124 5544 σεμνὸν,
3157 5475 3326 5543 ἤγουν
3365 5472 3425 5524 τὸ
3471 5472 3567 5524 ἐπὶ
3607 5487 3807 5538 σωφρο-

2250 5569 2382 5637 σᾶνῃ
2407 5569 2645 5637 ἔντιμον,
2671 5569 2728 5620 ὲν
2762 5565 2838 5636 τῷ
2863 5563 3191 5636 κεχωρίσθαι
3221 5563 3328 5616 ἀπὸ
3349 5562 3648 5630 γυναικῶν,
3690 5559 3809 5613 Ἐάν

2248 5658 2302 5711 δέ
2327 5676 2410 5720 τις
2435 5659 2800 5730 ὲπαγγέληται
2833 5656 3175 5726 παρθενείαν,
3217 5655 3439 5727 συνοικῇ
3464 5652 3520 5707 δὲ
3547 5651 3807 5722 γυναιξὶν,
