4096 6454
210 378 318 439 8‘25

819 386 899 445 IN
946 386 1181 446 EPIST.
1224 386 1280 447 S.
1328 383 1607 448 BASiLil
1644 389 1743 451 AD
1783 392 2249 460 GREGOEHUM
2282 401 2858 465 I’RESBYI‘ERU“.

3368 411 3475 475 8‘26

211 488 387 556 ενομα
439 491 598 559 μόνον
633 494 767 565 ἔχει,
816 499 875 550 οὗ
908 499 1015 568 μὴν
1079 501 1171 552 καὶ
1231 501 1362 553 αὐτὸ
1416 503 1475 553 τι
1537 506 1784 573 πρᾶγμα.

1902 515 2052 579 bZtet,
2076 518 2236 573 habet
2264 519 2436 572 solum
2472 536 2690 585 nomen,
2716 537 2816 574 non
2849 531 3022 575 autem
3054 529 3105 573 et
3137 537 3246 574 rem
3278 522 3468 588 ipsum.

221 579 382 634 Ἐπεὶ
410 577 527 647 οὖν,
556 586 710 656 φησὶ,
744 586 924 655 λέγεις
961 589 1248 661 ἐλεύθερος
1273 587 1412 644 εἶναι
1457 593 1658 657 παντὸς
1688 610 1796 649 σω·

215 673 453 739 ματικοῦ
484 676 712 742 πάθους,
747 679 853 732 ἔδει
894 698 953 733 σε
987 681 1075 736 διά
1101 683 1263 736 τοῦτο
1301 683 1505 753 μᾶλλον
1565 685 1796 739 ἀκολού-

211 762 325 825 θως
357 764 702 834 ὑποταγῆναι
738 770 801 838 τῇ
834 767 1058 833 ἀξιώσει
1088 771 1265 846 ήμῶν,
1322 773 1417 826 καὶ
1463 774 1798 844 ἀποπέμψα-

213 854 342 906 σθαι
368 855 432 908 τὺ
459 854 703 920 γύναιον.
746 858 859 912 Οὐκ
894 855 1018 913 εἷπε
1051 865 1118 933 τῇ
1149 861 1393 915 κελεύσει
1441 863 1473 934 ἢ
1521 867 1587 935 τῇ
1629 883 1797 935 προσο

208 944 390 1011 τάξει,
424 945 562 1000 ἀλλά
582 950 646 1018 τῇ
673 948 895 1016 ἀξιώσει
933 953 1023 1005 διὰ
1053 952 1544 1024 μετριοφροσύνην.
1579 956 1652 1008 Οὐ
1685 958 1795 1024 γὰρ

209 1037 284 1100 ώς
314 1038 580 1106 ἐμπαθῶς
606 1057 722 1106 σου,
755 1044 913 1111 φησὶ,
942 1047 1156 1114 ἔχοντος
1181 1044 1317 1114 πρὸς
1338 1045 1399 1098 τὸ
1431 1047 1676 1112 γύναιον,
1701 1049 1793 1100 καὶ

206 1127 295 1181 διὰ
324 1131 527 1198 πρᾶξιν
556 1133 759 1186 ἄτοπον
795 1133 1077 1206 ώρίσαμεν
1105 1137 1364 1190 ἐκϐαλεῖν
1387 1138 1540 1191 αὐτό.
1577 1139 1652 1190 Οὐ
1680 1139 1792 1208 γὰρ

205 1223 298 1274 τόν
331 1223 709 1294 ἐόδομήκοντα
741 1227 981 1298 ζήσαντα
997 1232 1221 1298 χρόνους
1242 1230 1486 1284 πιστεύω
1521 1231 1790 1298 ἐμπαθῶς

208 1317 486 1368 συνοικεῖν
519 1319 773 1385 γυναικίο
808 1321 944 1373 ἁ).λά
973 1322 1060 1374 eia
1089 1322 1150 1375 τὸ
1176 1325 1467 1394 εἰρημένον
1516 1324 1593 1393 τῷ
1632 1325 1792 1377 Ἀπο-

205 1403 404 1472 στόλῳ,
445 1407 506 1460 τδ
553 1410 629 1478 μὴ
692 1410 900 1463 τιθέναι
970 1413 1307 1484 πρόσκομμα
1365 1415 1441 1482 τῷ
1488 1413 1703 1483 ἀδελφῷ
1755 1414 1786 1485 ἢ

203 1492 524 1554 σκάνδαλον,
564 1498 636 1551 Τὸ
671 1499 779 1568 γὰρ
841 1501 974 1570 παρ’
1025 1502 1202 1557 ἄλλων
1267 1505 1490 1567 ἀπαθῶς
1550 1505 1784 1574 ἢαγίως

200 1584 495 1653 γινόμενον
527 1587 709 1650 ἀλλοις
739 1589 1017 1659 πρόφασις
1078 1594 1234 1648 ἔσται
1290 1596 1428 1666 πρὸς
1487 1597 1784 1666 ἁμαρτίαν.

200 1672 274 1726 Σὺ
305 1675 410 1742 μὲν
437 1677 563 1746 γὰρ,
594 1679 784 1748 φησὶν,
823 1681 954 1745 ἴσως
979 1683 1207 1745 ἀπαθῶς
1266 1689 1540 1749 συνοικεῖς
1571 1687 1647 1755 τῷ
1695 1704 1787 1754 γυ-

196 1763 368 1834 ναίῳο
403 1766 592 1835 ἔτερος
620 1769 698 1833 δὲ,
754 1772 1061 1843 ὑπόδειγμα
1097 1776 1281 1829 λαϐών
1329 1795 1412 1839 σε,
1470 1781 1783 1846 συνοικήσει

1906 608 2086 680 143’
2115 610 2250 676 Quia
2278 623 2426 679 ergo,
2481 611 2674 680 inquit,
2722 613 2856 668 dicis
2896 621 2947 666 te
3000 627 3120 668 esse
3150 613 3376 668 liberum
3407 614 3474 664 ah

1901 701 2049 754 omni
2086 701 2491 771 perturbatione
2523 705 2813 772 corporali,
2851 720 2916 759 eo
2962 713 3015 758 te
3069 705 3240 774 magis
3288 713 3473 771 postu-

1903 791 2084 845 lationi
2117 801 2317 845 nostra;
2343 793 2668 848 submittere
2713 799 3114 863 consequenter
3167 795 3469 861 oportebat.

1899 891 1950 935 ct
1973 885 2345 938 mulierculam
2383 886 2681 940 dimittere.
2731 885 2847 941 Non
2881 889 3017 941 dixit
3056 895 3258 952 autem,
3290 885 3468 950 jusSui

1899 976 1980 1028 vel
2032 976 2305 1040 mandato,
2362 978 2456 1031 sed
2511 977 2880 1048 postulationi,
2943 978 3220 1032 modestiae
3282 992 3465 1030 causa.

1896 1066 2012 1120 Non
2063 1067 2230 1132 enim,
2269 1076 2524 1137 tanquam
2556 1070 2608 1120 in
2647 1068 3022 1124 mulierculam
3079 1066 3341 1121 amatorie
3387 1065 3470 1117 επί-

1895 1159 2068 1213 fectus
2096 1160 2190 1224 sis,
2223 1158 2420 1228 inquit.
2454 1169 2507 1214 et
2538 1168 2759 1230 propter
2792 1169 3003 1225 turpem
3063 1160 3327 1212 actionem
3363 1157 3461 1209 de-

1894 1252 2168 1304 crevimus
2200 1265 2318 1304 eam
2346 1250 2703 1319 ejiciendum;
2761 1265 2858 1304 nec
2900 1249 3064 1302 credo
3115 1259 3470 1317 septuagena-

1895 1344 2034 1396 rium
2056 1343 2323 1395 amatorie
2350 1341 2605 1396 allectum
2637 1357 2761 1395 cum
2812 1339 3042 1394 muliere
3105 1340 3422 1392 cohabitare
3451 1357 3464 1390 :

1892 1431 1984 1485 sed
2013 1439 2235 1500 propter
2271 1429 2344 1492 id,
2382 1429 2524 1497 quod
2554 1429 2622 1481 ab
2650 1429 2907 1498 Apostolo
2951 1428 3151 1481 dictum
3179 1435 3301 1492 est;
3362 1443 3467 1480 non

1891 1535 2018 1574 esse
2051 1519 2202 1573 fratri
2260 1518 2492 1571 dandum
2555 1517 2940 1573 olfendiculum
3006 1517 3086 1571 vel
3128 1516 3465 1572 scandalum.

1890 1610 2042 1676 Quod
2077 1610 2222 1663 enim
2269 1610 2337 1664 ab
2373 1611 2492 1665 aliis
2545 1627 2678 1664 sane
2714 1611 2791 1672 lit,
2823 1620 2876 1665 et
2908 1610 3111 1678 absque
3153 1609 3260 1663 ulla
3303 1607 3467 1661 animi

1891 1705 2319 1772 perturbatione,
2351 1709 2455 1760 erit
2483 1705 2606 1759 aliis
2635 1704 2840 1773 peccati
2875 1705 3109 1758 occasio.
3167 1703 3245 1756 Tu
3301 1703 3465 1766 enim,

1892 1797 2085 1867 inquit,
2133 1797 2370 1852 fortasse
2402 1813 2522 1851 cum
2563 1797 2817 1858 muliere,
2868 1808 3206 1861 nequaquam
3258 1794 3309 1845 in
3347 1806 3465 1846 eam

195 1853 413 1925 γυναίῳ
440 1856 540 1909 οὐκ
574 1857 823 1926 ἀπαθῶς,
854 1862 886 1930 ἦ
935 1864 1026 1918 καὶ
1056 1866 1201 1919 κατὰ
1235 1866 1331 1918 σοῦ
1387 1867 1540 1935 σχοίη
1572 1866 1780 1936 ὑπολή-

1887 1889 2133 1951 allectus,
2200 1887 2479 1942 cohabitas
2524 1904 2538 1940 :
2578 1888 2717 1940 alius
2764 1899 2895 1938 vero
2955 1894 3103 1937 tuum
3161 1881 3463 1947 exemplum

193 1943 320 2012 ψεις
345 1947 445 1999 οὐκ
468 1947 706 2016 ἀγαθὰς,
739 1953 834 2005 καὶ
865 1953 1019 2008 ἔσται
1068 1957 1227 2009 τοῦτο
1275 1959 1355 2020 εἰς
1411 1957 1641 2026 ἀτιμίαν
1683 1960 1781 2027 τῆς

193 2035 508 2109 ῑεροσύνης.
538 2040 605 2092 Τί
631 2040 726 2096 οὖν
756 2045 1010 2111 ἐγκαλεῖς
1039 2047 1118 2117 τῷ
1150 2049 1559 2120 χωρεπισκόπῳ
1585 2068 1598 2116 ;
1634 2050 1782 2104 Ἐοι-

191 2143 291 2178 κεν
319 2123 416 2181 οὖν
444 2133 598 2200 παρὰ
617 2134 710 2185 τοῦ
744 2140 1168 2206 χωρεπισκόπου
1199 2144 1504 2212 μηνυθῆναι
1530 2161 1608 2215 τῳ
1640 2145 1781 2215 ἀγῖῳ

187 2218 283 2270 τάσ
304 2220 435 2288 περὶ
468 2221 563 2275 τοῦ
597 2225 939 2280 ἐπεισάκτου
969 2230 1216 2296 γυναίου.
1251 2231 1398 2285 Τίδέ
1429 2233 1576 2285 αἰτία
1613 2235 1781 2304 ἡμᾶς,

186 2309 266 2372 ὡς
296 2313 540 2378 εὐκόλως
567 2319 665 2381 τάς
694 2319 952 2383 διαϐολὰς
1006 2322 1498 2394 προσδεχομένους,
1526 2324 1621 2377 καὶ
1658 2324 1780 2395 οὐχὶ

191 2403 402 2470 μᾶλλον
433 2407 647 2472 ἑαυτὸν,
694 2410 768 2478 μὴ
807 2411 1139 2482 ἀνεχόμενον
1172 2416 1478 2484 ἀποστῆναι
1529 2415 1629 2486 τῆς
1683 2433 1780 2485 γυ·

187 2493 421 2561 ναικόῖς
462 2498 820 2569 Κατάστησον
858 2499 972 2566 οὖν,
1039 2505 1226 2571 φησὶν,
1285 2506 1456 2573 αὐτὴν
1519 2509 1575 2559 ἐν
1618 2511 1777 2578 μονῇ,

193 2585 262 2634 σὺ
294 2585 572 2657 ὑπηρετοῦ
607 2592 759 2660 παρά
792 2593 1002 2664 ἀνδρῶν
1043 2596 1188 2657 Ἕως
1220 2596 1287 2648 ἂν
1317 2597 1491 2650 ταῦτα
1524 2600 1778 2668 ποιήσῃς,

192 2677 230 2730 ἃ
261 2680 521 2747 γράφεις,
548 2683 722 2737 πολλὰ
749 2686 899 2750 ὄντα,
931 2687 1084 2741 οὐδὲν
1113 2688 1461 2759 ὠφελήσουσι
1505 2707 1585 2755 σε,
1644 2691 1782 2744 ἀλλά

193 2771 550 2842 τελευτήσεις
608 2776 820 2844 ἀργῶν,
870 2780 991 2831 ἀντὶ
1020 2779 1112 2832 τοῦ
1145 2780 1250 2842 ἓως
1276 2781 1467 2843 τέλους
1503 2781 1603 2849 τῆς
1631 2781 1779 2850 ζωῆς

196 2879 295 2913 σου
329 2865 429 2917 οὒκ
459 2866 774 2934 ἐνεργήσεις
803 2867 879 2931 ώς
913 2870 1114 2937 ἱερεὺς,
1136 2871 1521 2940 ἀφωρισμένος
1550 2871 1645 2936 ὢν,
1685 2872 1780 2926 καὶ

195 2953 397 3016 δώσεις
433 2954 592 3020 λόγον
619 2955 697 3025 τῷ
729 2958 920 3027 Κυρίῳ
949 2959 1047 3028 τῆς
1086 2959 1280 3013 ἑαυτοῦ
1322 2961 1570 3032 ἀργείας,
1608 2962 1684 3024 ὡς
1724 2962 1784 3028 ἐξ

193 3049 377 3110 αἰτίας
409 3067 501 3102 σου
532 3053 733 3122 ταύτης
765 3070 848 3108 σοι
872 3053 1344 3124 ἐπενηνεγμένης.
1405 3057 1531 3109 Ἐἀν
1593 3058 1652 3111 δέ
1705 3058 1780 3128 μὴ

190 3142 636 3212 διορθωσάμενος
663 3144 946 3216 τολμήσῃς
1006 3147 1336 3217 ἱερουργεῖν,
1370 3148 1622 3218 ἀνάθεμα
1653 3149 1776 3220 ἔσῃ,

190 3234 288 3286 καὶ
317 3233 366 3284 οξ
394 3234 673 3304 δεχόμενοί
700 3253 755 3288 σε
794 3237 1184 3307 ἱερουργοῦντα
1229 3239 1412 3309 πάσης
1452 3240 1780 3310 όμηγύρεως

192 3324 404 3378 πιστῶν
459 3329 996 3398 ὲκκηρυχθήσονται.
1071 3329 1372 3399 ’Λνάγνωθι
1423 3333 1519 3384 καὶ
1577 3333 1676 3400 τῆς
1717 3333 1777 3385 ἐν

203 3417 512 3488 Ἀντιοχείᾳ
536 3419 754 3472 συνόδου
781 3420 983 3473 κανόνα
995 3418 1060 3482 δ’,
1090 3421 1185 3473 καὶ
1206 3421 1306 3491 τῆς
1325 3424 1384 3475 ἐν
1432 3422 1510 3491 τῷ
1525 3423 1778 3492 Τρούλλῳ

193 3510 404 3560 κανόνα
440 3515 501 3572 ε’,
543 3511 636 3562 καὶ
687 3512 784 3579 τῆς
832 3513 890 3563 ἐν
938 3512 1143 3580 Νικαία
1190 3512 1418 3582 πρώτης
1470 3515 1672 3567 κανόνα
1707 3513 1776 3580 γ’.

193 3601 308 3652 Καὶ
339 3599 508 3653 ταῦτα
536 3601 637 3667 μὲν
657 3600 854 3664 οὕτως.
906 3603 1057 3655 Ἐπεὶ
1088 3603 1145 3656 δέ
1181 3619 1345 3665 τινες,
1386 3603 1661 3673 χρώμενοι
1703 3605 1781 3675 τῷ

191 3692 364 3759 τρίτῳ
397 3694 586 3745 κανόνι
612 3697 710 3763 τῆς
749 3691 798 3747 α’
842 3695 1059 3748 συνόδου
1115 3696 1211 3748 καὶ
1265 3697 1378 3759 τοῖς
1421 3697 1634 3766 ῥήμασι
1681 3698 1779 3766 τῆς

192 3781 482 3850 παρούσης
506 3783 822 3853 ἐπιστολῆς,
856 3784 1070 3838 θέλουσι
1101 3785 1178 3856 μὴ
1206 3787 1473 3839 συνοικεῖν
1501 3788 1630 3844 τοὺς
1657 3788 1779 3841 ἐπι-

196 3875 437 3937 σκόπους
470 3874 568 3928 καὶ
617 3877 747 3940 τοὺς
783 3876 1082 3947 κληρικοὺς
1120 3881 1263 3948 μετὰ
1296 3878 1403 3931 τῶν
1440 3879 1781 3947 συγγενικῶν

193 3967 380 4017 αὐτῶν
458 3968 784 4021 ἀνυπόπτων
871 3968 1207 4039 προσώπων,
1264 3970 1499 4040 ἐχόντων
1583 3971 1783 4039 γύναια

195 4056 535 4126 ὑπουργικά,
584 4057 836 4126 λέγοντες
886 4060 1330 4130 περιγράφεσθαι
1368 4062 1496 4124 τοὺς
1526 4064 1780 4130 κανόνας,

195 4149 293 4202 saw
324 4149 381 4201 δέ
413 4149 490 4218 τῷ
540 4150 767 4220 ὀνόματι
822 4152 920 4219 τῆς
972 4151 1283 4206 ἀνυπόπτου
1342 4153 1680 4223 προσγενοῦς
1733 4157 1781 4207 oi

198 4244 496 4312 ἱερώμενοι
523 4245 649 4304 τοὺς
691 4245 920 4306 πιστοὺς
951 4244 1368 4309 σκανδαλίζουσι
1399 4245 1486 4299 διὰ
1518 4246 1620 4315 τῆς
1647 4247 1784 4317 μετά

194 4335 307 4386 τῶν
343 4333 553 4386 λοιπῶν
586 4335 824 4402 γυναίων
853 4335 1245 4404 συνοικήσεως,
1279 4335 1461 4403 φαιιέν
1493 4338 1576 4389 ὅτι
1608 4338 1656 4389 οἱ
1684 4340 1784 4406 μὲν

195 4426 496 4480 ἐπίσκοποι
557 4426 666 4478 ἀπὸ
751 4428 848 4494 τῆς
914 4428 1347 4481 ’1ουστινιανείου
1398 4428 1643 4500 Νεαρᾶς,
1685 4432 1785 4500 τῆς

1884 1991 2101 2036 secutus
2125 1995 2245 2035 cum
2273 1978 2501 2033 muliere
2531 1976 2887 2037 cohabitabit,
2921 1991 3026 2029 non
3062 1974 3178 2029 sine
3204 1973 3462 2026 amatoria

1886 2073 2049 2126 animi
2081 2073 2522 2140 perturbatione;
2555 2071 2636 2124 vel
2679 2085 2786 2123 non
2819 2069 3016 2122 bonam
3047 2068 3113 2121 de
3169 2076 3221 2120 te
3274 2063 3468 2118 existi-

1885 2161 2174 2215 mationem
2206 2160 2448 2224 habebit,
2481 2171 2534 2214 et
2565 2162 2670 2213 erit
2712 2160 2813 2213 hoc
2844 2157 2896 2211 iu
2944 2155 3238 2211 sacerdotii
3302 2155 3466 2207 dede-

1885 2267 2000 2305 cus.
2033 2251 2172 2316 Quid
2200 2266 2329 2319 ergo
2370 2251 2820 2319 chorepiscopum
2884 2247 3150 2302 accusas?
3187 2244 3278 2299 Est
3334 2257 3465 2312 ergo

1886 2343 2202 2408 verisimile,
2261 2342 2716 2412 chorepiscopum
2793 2341 2858 2395 de
2923 2336 3290 2394 itttrodttctitia
3349 2350 3465 2386 mtt—

1886 2435 2105 2487 licrcula
2133 2443 2324 2488 saneto
2373 2433 2664 2488 indicasse.
2721 2429 2861 2497 Quid
2899 2443 3030 2500 ergo
3081 2441 3178 2482 nos
3211 2437 3460 2485 accusas,

1887 2535 2140 2593 tanquam
2165 2525 2258 2593 qui
2306 2525 2604 2578 calumnias
2639 2521 2798 2577 facile
2829 2520 3206 2579 admittamus,
3242 2525 3296 2570 et
3356 2531 3461 2570 nou

1885 2617 2066 2684 potius
2099 2617 2354 2682 teipsum,
2388 2614 2506 2684 qui,
2550 2622 2666 2666 uta
2726 2612 2952 2665 muliere
3017 2607 3309 2678 separeris.
3357 2622 3461 2658 non

1881 2707 2143 2775 possisin
2177 2707 2416 2759 animum
2473 2705 2770 2759 inducere?
2806 2703 2996 2757 Statue
3048 2715 3203 2769 ergo,
3261 2697 3459 2766 inquit.

1882 2812 2001 2852 eam
2048 2796 2102 2850 in
2153 2795 2504 2859 monasterio,
2536 2804 2592 2849 et
2644 2794 2737 2848 tibi
2767 2793 2867 2846 viri
2913 2791 3242 2846 ministrent.
3275 2788 3460 2854 Quan-

1881 2887 1971 2940 diu
2009 2889 2121 2940 ha-e
2157 2887 2312 2950 iacis,
2347 2885 2534 2947 multa,
2569 2900 2690 2954 qua:
2759 2883 2978 2947 scribis,
3041 2879 3175 2934 nihil
3224 2889 3274 2932 te
3305 2877 3464 2942 juva-

1885 2980 2056 3043 bunt;
2094 2979 2185 3032 sed
2218 2981 2425 3031 otiosus
2460 2977 2732 3040 morieris,
2767 2975 2817 3029 id
2851 2982 2953 3040 est,
2997 2986 3166 3041 usque
3199 2970 3261 3024 ad
3300 2971 3460 3023 linem

1885 3071 2010 3122 vitae
2050 3086 2156 3122 non
2193 3069 2506 3133 operabcris
2563 3079 2622 3122 ut
2674 3067 2953 3129 sacerdos,
2998 3078 3119 3119 cum
3156 3063 3231 3116 sis
3280 3075 3461 3129 segre-

1807 3206 1850 3262 C
1885 3170 2063 3229 gaius,
2115 3171 2165 3212 et
2194 3160 2413 3213 domino
2451 3158 2712 3211 rationem
2748 3157 2824 3211 tui
2857 3154 2953 3207 otii
2991 3152 3202 3214 reddes,
3271 3159 3461 3219 utpote

1886 3251 2034 3319 quod
2068 3251 2163 3304 tibi
2218 3267 2282 3305 ex
2347 3253 2445 3304 hac
2493 3259 2586 3302 tua
2647 3262 2812 3303 causa
2863 3247 3169 3317 iniunctum
3215 3243 3303 3298 sit.
3364 3241 3458 3295 Sin

1885 3354 2064 3396 autem
2109 3357 2213 3394 non
2244 3351 2525 3395 correctus
2560 3339 2870 3394 sacriﬁcare
2918 3352 3081 3392 ausus
3139 3336 3325 3398 fueris,
3354 3337 3462 3387 eris

1885 3437 2195 3497 anathema,
2229 3443 2280 3484 ιιι
2331 3434 2419 3499 qui
2478 3443 2527 3485 te
2582 3433 2981 3487 sacriﬁcantem
3029 3427 3355 3495 suscipiunt,
3392 3429 3460 3480 ab

1885 3525 2032 3579 omni
2108 3522 2343 3574 {idolium
2412 3531 2556 3575 cmtu
2625 3522 3044 3576 abdicabuntur.
3099 3517 3238 3588 Lege
3291 3517 3457 3572 etiam

1885 3626 2002 3680 syn.
2039 3609 2292 3661 Autiot‘h.
2335 3622 2457 3660 can.
2495 3609 2601 3661 iet
2631 3623 2752 3675 syn.
2789 3607 2841 3660 in
2901 3607 3083 3660 Trullo
3135 3621 3258 3659 can.
3318 3605 3351 3656 5
3402 3608 3460 3650 et

1887 3701 2116 3754 Nirmnm
2145 3701 2332 3768 prima:
2369 3715 2488 3753 can.
2526 3700 2578 3752 3.
2632 3698 2693 3751 Et
2728 3699 2842 3752 haec
2897 3697 3115 3766 quidem
3147 3697 3228 3752 sic
3269 3711 3328 3750 se
3363 3697 3460 3748 ba-

1884 3792 2034 3846 bent.
2070 3790 2173 3845 Sed
2205 3790 2331 3859 quia
2361 3789 2606 3844 nonnulli
2656 3791 2873 3843 tertium
2902 3790 3091 3858 primm
3141 3789 3325 3858 synodi
3359 3802 3456 3840 ca-

1885 3896 2080 3935 nouem
2113 3879 2421 3944 all'erentes,
2455 3890 2508 3934 et
2537 3879 2697 3933 verba
2730 3879 2894 3947 hujus
2944 3877 3211 3946 epistolae,
3265 3877 3454 3930 volunt

1883 3974 2168 4042 episcopos
2196 3981 2247 4026 et
2275 3970 2528 4034 clericos,
2560 3984 2684 4025 cum
2737 3971 2851 4024 suis
2883 3970 3128 4038 cognatis
3153 3967 3400 4038 personis
3430 3983 3460 4018 a

1886 4065 2191 4133 suspicione
2217 4062 2428 4127 alienis,
2460 4076 2578 4131 quae
2604 4061 2808 4117 habent
2836 4061 3089 4116 mulieres
3125 4060 3227 4116 sibi
3273 4061 3460 4114 deser-

1885 4159 2113 4221 vientes,
2169 4171 2275 4210 non
2334 4154 2692 4221 cohabitare,
2775 4155 3016 4209 dicentes
3087 4151 3456 4208 circumscribi

1887 4260 2146 4312 canones,
2177 4246 2220 4300 si
2249 4245 2350 4308 sub
2377 4246 2599 4299 nomine
2640 4253 2881 4312 cognatae
2914 4257 3022 4298 non
3059 4251 3345 4309 suspeetze,
3396 4240 3456 4302 ii,

1887 4339 1978 4408 qtti
2013 4345 2139 4393 sunt
2170 4336 2394 4399 sacrati,
2423 4334 2607 4389 fideles
2636 4333 2912 4389 oﬂ‘endant
2939 4349 3036 4403 per
3093 4329 3459 4387 eohabitatio—

1890 4446 2015 4486 nem
2058 4444 2179 4483 cum
2218 4428 2338 4482 aliis
2363 4428 2707 4489 mulieribus,
2739 4425 2990 4490 dicimus,
3017 4423 3160 4493 quod
3217 4421 3457 4490 episcopi

198 4520 335 4589 παρ’
374 4518 532 4587 ἡμῶν
561 4520 1056 4592 καταστρωθείσης
1090 4522 1170 4584 εἰς
1212 4521 1313 4589 τὴν
1364 4521 1666 4592 ἑρμηνείαν
1684 4523 1780 4575 τοῦ

1887 4522 2099 4592 quidem
2127 4533 2154 4571 a
2186 4517 2470 4573 Justiniani
2500 4517 2740 4578 Novella,
2775 4531 2892 4583 qua:
2919 4530 2949 4569 a
2993 4513 3147 4568 nobis
3165 4513 3267 4567 sita
3297 4521 3380 4565 est
3405 4512 3458 4564 iu

196 4610 245 4677 γ’
284 4609 513 4671 κανόνος
570 4609 670 4678 τῆς
713 4614 758 4662 α’
812 4609 1055 4676 συνόδου,
1140 4609 1441 4664 κωλύονται
1513 4614 1784 4664 συνοικεῖν

197 4702 473 4773 οέᾳδήτινι
528 4701 789 4768 γυναικίο
822 4702 949 4762 τοὺς
986 4701 1042 4754 δὲ
1081 4701 1388 4770 κληρικοὺς
1440 4701 1633 4772 ἠθελον
1685 4703 1784 4772 μὲν

198 4798 297 4848 καὶ
326 4794 525 4855 αὐτοὺς
558 4792 914 4862 ἀγιοπρεπῶς
959 4794 1080 4863 ζῇν,
1136 4793 1233 4846 καὶ
1283 4795 1426 4848 πάνυ
1481 4794 1784 4864 ἀπέχεσθαι

197 4890 299 4952 τῆς
332 4885 473 4956 μετὰ
495 4886 771 4952 γυναικῶν
801 4884 1164 4953 οἱωνδήτινων
1195 4886 1581 4954 συνοικήσεως.
1635 4886 1700 4939 Ei
1729 4884 1786 4937 δὲ

199 4979 364 5030 τοῦτο
386 4978 446 5028 οὐ
470 4977 749 5040 δύνανται,
777 4970 948 5038 οὗτοι,
976 4975 1051 5038 ὡς
1093 4977 1221 5044 ἐμοὶ
1251 4977 1426 5047 δοκεῖ,
1485 4975 1786 5039 ἀκινδύνως

203 5067 522 5122 συνοικοῦσι
561 5067 698 5136 μετά
744 5066 1002 5135 μητέρων
1035 5066 1131 5117 καὶ
1165 5066 1414 5136 ἀδελφῶν
1457 5067 1553 5119 καὶ
1584 5068 1786 5120 λοιπῶν

200 5161 534 5213 ἀνυπόπτων
563 5155 896 5227 προσώπων,
934 5155 1035 5208 κᾶν
1069 5157 1236 5226 ἔχωσι
1285 5156 1459 5208 ταῦτα
1518 5158 1786 5224 γυναῖκας

206 5253 344 5324 πρὸς
377 5251 684 5320 ὑπηρεσίαν
717 5249 1183 5318 χρησιμευοόσας.
1230 5247 1288 5298 '0
1306 5247 1414 5315 γὰρ
1439 5248 1612 5317 μέγας
1634 5242 1788 5310 οὗτος

205 5345 399 5414 Πατὴρ
426 5343 483 5394 τὸ
502 5341 930 5394 ἀσκανδάλιστον
980 5339 1089 5390 τῶν
1133 5337 1344 5390 πολλῶν
1399 5338 1787 5407 πραγματευό-

207 5455 393 5504 μενος,
426 5433 721 5502 διωρίσατο
756 5431 1167 5501 μετοικισθῆναι
1201 5430 1311 5483 ἀπὸ
1344 5429 1438 5482 τοῦ
1473 5430 1781 5499 Γρηγορίου

202 5529 266 5580 τὸ
287 5532 536 5593 γύναιον,
564 5522 666 5572 οὐκ
696 5521 962 5590 ὁροθετῶν
994 5518 1054 5570 τὸ
1084 5518 1160 5588 μὴ
1209 5519 1481 5569 συνοικεῖν
1513 5517 1605 5570 τὸν
1636 5518 1786 5588 ἱερω-

207 5619 369 5688 μένον
421 5613 759 5675 ἀνυπόπτοις
829 5609 1162 5680 προσώποις,
1226 5608 1321 5661 ἐὰν
1390 5609 1510 5675 μεθ’
1576 5610 1786 5661 ἑαυτῶν

205 5711 375 5780 ἔχωσι
412 5705 510 5759 καὶ
544 5705 711 5769 ἕτερα
761 5703 977 5769 γύναια.
1024 5703 1134 5754 Καὶ
1177 5703 1298 5752 ἐπεὶ
1339 5699 1433 5752 τοῦ
1484 5699 1784 5769 ἱερωμένου

205 5798 588 5857 συνοικοῦντος
617 5796 755 5854 μετὰ
787 5796 1097 5846 ἀνυπόπτου
1135 5790 1425 5854 προσώπου
1456 5795 1601 5849 amp,
1629 5791 1775 5844 πάν,

1888 4610 2340 4679 interpretatione
2367 4609 2512 4663 tertii
2580 4608 2809 4662 canonis
2864 4605 3052 4674 prima:
3096 4604 3286 4672 synodi
3329 4618 3461 4670 pro~

1887 4704 2282 4758 hibenturcum
2309 4700 2500 4768 quavis
2561 4699 2787 4752 muliere
2828 4696 3166 4751 cohabitare.
3217 4693 3462 4747 Clericos

1887 4805 2064 4849 autem
2097 4787 2290 4847 velle'm
2338 4790 2555 4858 quidem
2597 4799 2651 4842 et
2692 4789 2839 4856 ipsos
2895 4793 3081 4841 sancte
3142 4785 3345 4844 vivere,
3407 4796 3464 4835 et

1888 4885 2107 4939 omnino
2139 4882 2415 4937 abstinere
2446 4882 2512 4933 ab
2548 4879 2884 4934 habitatione
2907 4893 3028 4932 cum
3085 4875 3211 4929 ullis
3268 4873 3459 4926 mulie-

1891 4977 2058 5028 ribus.
2103 4972 2200 5026 Sin
2246 4981 2427 5026 autem
2461 4971 2562 5025 hoc
2603 4986 2708 5025 non
2747 4979 2992 5038 possunt,
3043 4977 3101 5022 ut
3160 4967 3288 5020 mihi
3341 4966 3464 5032 qui-

1889 5068 2006 5121 dem
2044 5064 2275 5123 videtur,
2310 5078 2429 5115 cum
2486 5062 2748 5114 matribus
2808 5069 2863 5113 et
2908 5060 3187 5113 sororibus
3233 5065 3289 5110 et
3340 5057 3463 5109 aliis

1889 5169 1992 5207 non
2031 5153 2302 5220 suspectis
2325 5150 2578 5219 personis
2630 5150 2833 5216 absque
2881 5146 3118 5216 periculo
3167 5143 3464 5198 versabun-

1888 5255 2010 5310 tur;
2041 5243 2253 5298 etiamsi
2278 5259 2355 5297 ere
2385 5243 2619 5296 habeant
2671 5241 2925 5294 mulieres
2969 5239 3034 5292 ad
3097 5236 3458 5292 ministerium

1889 5335 2062 5387 utiles.
2112 5332 2211 5385 llic
2275 5331 2420 5384 enim
2485 5345 2711 5400 magnus
2777 5327 2937 5381 Pater
2992 5327 3096 5380 hoc
3153 5339 3340 5394 agens,
3404 5332 3462 5376 ut

1889 5425 2178 5480 multorum
2208 5420 2594 5475 oﬂ‘endieulum
2637 5419 2878 5481 tollatur,
2930 5415 3120 5471 statuit
3172 5414 3459 5468 muliercu-

1889 5518 1993 5571 lam
2023 5532 2049 5566 a
2081 5514 2344 5582 Gregorio
2381 5513 2698 5566 discedere:
2767 5523 2874 5562 non
2931 5507 3229 5561 decernens
3277 5518 3461 5558 sacra-

1891 5619 1999 5659 tum
2035 5606 2306 5658 hominem
2365 5617 2489 5655 cum
2539 5599 2764 5654 minime
2818 5596 3082 5666 suspectis
3142 5593 3460 5647 mulieribus

1890 5715 1992 5753 non
2021 5696 2354 5755 cohabitare.
2391 5694 2433 5746 si
2469 5692 2603 5745 alias
2648 5705 2833 5746 secum
2875 5690 3110 5744 habeout
3160 5685 3458 5738 muliercu-

1893 5795 1986 5846 las.
2024 5794 2082 5844 Ε·
2118 5790 2237 5850 quia
2271 5785 2552 5841 sacerdote
2582 5799 2701 5838 cum
2741 5797 2845 5836 uou
2905 5789 3152 5843 suSpeCta
3212 5789 3450 5844 persona
