4096 6474
256 441 369 504 829

1014 430 1096 493 ΙΝ
1142 432 1377 493 EPIST.
1424 432 1482 492 S.
1525 433 1807 494 BASlLli
1854 435 1952 505 AD
1992 432 2635 496 CHUREPISCOPOS.

3350 429 3459 497 830

254 558 389 609 σιῶν
436 556 791 627 ἀπελήλαται,
842 553 936 608 καὶ
971 551 1238 623 φοϐοῦμαι
1287 552 1362 623 μὴ
1396 552 1546 611 ,κατά
1599 552 1815 623 μικρὸν,

1907 561 2003 628 sit;
2030 567 2084 616 et
2111 560 2296 626 timeo,
2319 576 2386 615 ne
2415 558 2693 630 paulatim,
2718 558 2817 612 bac
2847 555 3203 613 indifferentia
3233 570 3455 628 progre-

253 648 356 715 τῆς
395 646 710 715 ἀδιαφορίας
748 643 947 712 ταύτης
982 644 1086 713 ὁδῷ
1120 643 1430 713 προϊούσης,
1467 646 1547 706 είς
1578 642 1815 712 παντελῆ

259 733 522 803 σύγχυσιν
553 734 677 803 ἔλθη
712 732 778 785 τὰ
810 734 907 801 τῆς
962 733 1282 802 Ἐκκλησίας
1311 733 1627 802 πράγματα.
1679 730 1817 795 τοὺς

256 823 662 891 ὑπηρετοῦντας
691 825 754 891 τῇ
804 822 1092 892 Ἐκκλησία
1126 823 1157 891 ἡ
1189 823 1353 875 πάλαι
1393 826 1511 885 ταῖς
1551 821 1643 875 τοῦ
1680 821 1815 875 Θεοῦ

271 911 617 979 Ἐκκλησίαις
660 909 1115 979 ἐμπολιτευομένη
1149 910 1405 979 συνήθεια
1460 910 1597 980 μετά
1639 911 1818 981 πάσης

257 999 543 1071 ἀκριὸείας
605 999 972 1069 δοκιμάζουσα
1039 1000 1393 1071 παρεδέχετο·
1467 1000 1560 1053 καὶ
1629 1001 1820 1055 ἐπολυ-

259 1092 626 1160 πραγμονείτο
654 1091 801 1141 πᾶσα
836 1089 1012 1142 αὑτῶν
1058 1090 1090 1159 η
1120 1090 1450 1158 ἀναστροφὴ,
1487 1091 1533 1142 εί
1594 1089 1668 1159 μὴ
1706 1091 1817 1143 λοί-

257 1181 406 1250 δοροι
455 1181 611 1242 εἰσιν,
654 1180 702 1231 εἰ
761 1180 835 1249 μὴ
884 1179 1123 1248 μέθυσοι,
1168 1181 1213 1231 εί
1250 1180 1322 1249 μὴ
1363 1180 1638 1249 πρόχειροι
1684 1180 1819 1248 πρὸς

258 1269 361 1329 τὰς
398 1267 593 1337 μάχας,
628 1268 673 1318 εί
711 1265 1141 1333 παιδαγωγοῦσιν
1182 1263 1386 1319 ἔαυτῶν
1428 1267 1524 1336 τὴν
1574 1267 1816 1337 νεότητα,

260 1356 403 1415 ὥστε
453 1355 747 1424 κατορθοῦν
776 1355 1032 1409 δύνασθαι
1079 1356 1167 1408 τὸν
1209 1355 1495 1425 ἀγιασμδν,
1547 1352 1606 1410 οὑ
1650 1359 1819 1427 χωρὶς

260 1445 438 1507 οὐδεὶς
469 1444 655 1512 ὄψεται
686 1446 774 1497 τὸν
810 1445 1032 1515 Κύριον.
1077 1446 1184 1497 Καὶ
1226 1446 1382 1497 τοῦτο
1422 1446 1678 1514 ἐξήταζον
1722 1448 1818 1518 μὲν

261 1534 619 1606 πρεσὸύτεροι
654 1535 749 1586 καὶ
779 1534 1010 1588 διάκονοι
1043 1536 1409 1599 συνοικοῦντες
1463 1538 1665 1600 αὑτοῖς,
1722 1539 1820 1590 ἐπ-

264 1626 527 1694 ανέφερον
554 1625 608 1677 δὲ
638 1628 750 1688 τοῖς
794 1626 1240 1695 χωρεπισκόποις,
1289 1626 1358 1687 οἳ,
1407 1627 1504 1689 τάς
1534 1627 1679 1697 παρά
1712 1627 1819 1681 τῶν

261 1716 531 1785 ἀληθινῶς
596 1716 1008 1787 μαρτυρούντων
1069 1717 1347 1785 δεξάμενοι
1418 1718 1663 1787 ψήφους,
1729 1720 1821 1773 καὶ

1896 653 2111 715 dientc,
2146 668 2234 706 res
2265 652 2645 707 ecclesiasticae
2678 650 2731 702 in
2769 664 3037 704 summam
3074 647 3447 703 confusionem

1894 741 2233 796 delabantur.
2278 740 2571 795 Observata
2602 739 2729 793 olim
2781 737 2836 791 in
2894 736 2986 789 Dei
3035 736 3289 792 Ecelesiis
3318 751 3453 790 con-

1898 830 2127 884 suetudo
2158 830 2413 883 Ecclesia:
2443 828 2718 881 ministros
2748 826 2894 881 omni
2930 826 3204 895 diligentia
3251 826 3448 895 proba-

1899 926 1984 971 tos
2013 918 2361 977 admittebat;
2394 932 2457 970 ac
2500 916 2553 969 in
2591 930 2804 968 omnem
2834 930 3019 968 eorum
3072 915 3233 966 vitam
3265 915 3449 967 sedulo

1897 1002 2268 1072 inquirebatur
2306 1020 2319 1056 :
2356 1017 2425 1055 an
2471 1018 2578 1056 non
2626 1010 2813 1056 essent
2863 1002 3154 1064 maledici,
3207 1017 3309 1072 an_
3341 1018 3451 1057 nou

1896 1089 2120 1151 ebriosi,
2150 1105 2218 1142 an
2252 1106 2359 1144 non
2395 1090 2626 1159 prompti
2658 1090 2722 1143 ad
2754 1105 2981 1159 pugnas,
3010 1090 3447 1160 an‘juventutetn

1896 1194 2048 1231 suam
2084 1178 2390 1242 frenarent,
2448 1181 2519 1232 ita
2571 1187 2631 1232 ut
2683 1180 3130 1240 sanctimoniam,
3172 1168 3287 1233 sine
3343 1194 3448 1247 qua

1896 1264 2064 1317 Deum
2118 1280 2276 1319 nemo
2322 1265 2527 1317 Videbit
2583 1268 2628 1329 ',
2668 1280 2919 1338 exercere
2975 1274 3215 1334 possent.
3274 1270 3449 1333 Atque

1896 1356 1999 1407 hoc
2051 1355 2430 1407 examinabant
2471 1354 2688 1423 quidem
2742 1356 3038 1425 presbyteri
3094 1363 3145 1408 et
3199 1354 3446 1415 diaconi.

1894 1443 1988 1512 qui
2030 1458 2136 1495 una
2180 1457 2304 1495 cum
2353 1442 2487 1511 ipsis
2535 1443 2889 1497 habitabant:
2927 1444 3231 1498 referebant
3269 1453 3446 1496 autent

1896 1531 1965 1585 ad
1992 1532 2429 1602 cborepiscopos,
2468 1534 2559 1601 qui
2592 1548 2717 1586 cum
2746 1533 3003 1602 sutl'ragia
3035 1534 3246 1587 testium
3287 1549 3444 1586 vera-

1894 1624 2037 1673 cium
2070 1621 2435 1688 accepissent,
2468 1635 2530 1672 ac
2550 1622 2864 1689 episcopum
2901 1620 3329 1683 admonuissent,
3361 1620 3439 1672 sic

1894 1716 2229 1763 sacratorum
2264 1723 2490 1762 numero
2543 1710 2847 1763 ministrum
2893 1710 3255 1763 ascribebaut.
3290 1706 3446 1761 Nunc

261 1806 674 1876 ὑπομνήσαντες
696 1806 787 1857 τὸν
820 1806 1131 1867 ἐπίσκοπον,
1152 1807 1323 1867 οὑτως
1369 1807 1690 1877 ἐνηρίθμουν
1731 1809 1820 1861 τὸν

1907 1807 2078 1853 autem
2113 1801 2343 1869 primum
2387 1798 2602 1867 quidem
2652 1814 2752 1853 nos
2776 1800 3143 1857 excludentes.
3178 1813 3239 1850 ac
3269 1812 3335 1851 ne
3363 1813 3449 1850 re-

264 1895 544 1963 ὑπηρέτην
571 1894 648 1963 τῷ
678 1894 919 1963 τάγματι
950 1896 1055 1946 τῶν
1092 1896 1403 1963 ἱερατικῶν.
1610 1897 1722 1949 Νῦν
1762 1896 1819 1948 δὲ

261 1984 481 2052 πρῶτον
533 1986 649 2054 μὲν,
682 1987 824 2055 ἡμᾶς
852 1986 1256 2055 παρωσάμενοι,
1300 1988 1392 2038 καὶ
1441 1987 1573 2055 μηδὲ
1621 1989 1819 2039 ἐπανα-

262 2071 452 2141 φέρειν
496 2073 623 2141 ἡμῖν
671 2074 1103 2142 καταδεχόμενοι,
1155 2076 1232 2135 είς
1278 2075 1502 2137 ἑαυτοὺς
1552 2077 1649 2145 τὴν
1691 2074 1819 2142 ὃλην

261 2160 657 2226 περιεστήσατε
692 2160 974 2212 αὑθεντίαν
996 2177 1007 2188 '
1038 2162 1245 2223 ἔπειτα,
1276 2161 1819 2231 καταρῤᾳθυμοῦντες

258 2244 358 2296 τοῦ
402 2246 741 2316 πράγματος,
779 2249 1163 2317 πρεσϐυτέροις
1190 2252 1281 2301 καὶ
1309 2250 1570 2312 διακόνοις
1600 2248 1820 2318 ἐπετρέ-

258 2334 423 2402 ψατε,
452 2334 542 2397 οὓς
584 2336 648 2387 ἂν
676 2337 926 2389 ἐθέλωσιν
970 2338 1075 2390 ἀπὸ
1128 2340 1473 2404 ἁνεξετάστου
1517 2339 1652 2407 βίου,
1683 2341 1819 2392 κατὰ

262 2423 658 2490 πῳσπάθειαν,
687 2425 720 2492 ἢ
749 2424 844 2493 τὴν
877 2426 983 2477 ἀπὸ
1018 2429 1351 2491 συγγενείας,
1382 2428 1412 2495 ἢ
1447 2428 1544 2495 τὴν
1573 2428 1631 2490 ἐξ
1656 2428 1819 2497 ἄλλης

259 2511 409 2572 τινὸς
435 2512 633 2579 φιλίας,
657 2514 962 2581 ἐπεισάγειν
988 2518 1050 2583 τῇ
1089 2514 1377 2584 Ἐκκλησία
1402 2517 1525 2576 τοὺς
1547 2516 1813 2581 ἀναξίους.

264 2584 362 2638 Διὺ
398 2583 576 2635 πολλοὶ
614 2585 710 2652 μὲν
740 2587 1002 2655 ὑπηρέται
1045 2583 1396 2659 ἀριθμοῦνται
1435 2594 1554 2644 καθ’
1583 2595 1813 2661 ἑκάστην

261 2667 479 2740 κώμην,
510 2671 656 2736 ἀξιος
691 2671 747 2725 δὲ
782 2673 1115 2743 λειτουργίας
1148 2678 1239 2729 τοῦ
1283 2678 1663 2750 θυσιαστηρίου
1694 2681 1811 2732 οὐδὲ

262 2755 351 2820 εἷς
386 2798 403 2823 ,
576 2760 650 2823 ὼς
696 2761 849 2830 ὑμεῖς
898 2765 1046 2816 αὑτοὶ
1102 2770 1443 2838 μαρτυρεῖτε,
1491 2770 1815 2840 ἀποροῦντες

262 2848 475 2926 ἀνδρῶν
492 2850 549 2903 ἐν
572 2854 689 2914 ταῖς
701 2853 1079 2923 ψηφοφορίαις.
1108 2856 1255 2909 Ἐπεὶ
1271 2854 1360 2909 οὖν
1376 2859 1485 2927 ὁρῶ
1498 2860 1558 2912 τὸ
1584 2862 1811 2930 πρᾶγμα

262 2937 449 2991 λοιπὸν
508 2941 586 3001 εὶς
642 2941 934 3009 ἀνήκεστον
989 2944 1205 3013 προϊὸν,
1266 2947 1497 3015 μάλιστα
1541 2948 1656 3011 νῦν,
1706 2949 1811 3000 τῶν

262 3023 531 3079 πλείστων
565 3028 711 3099 φόϐῳ
742 3031 837 3100 τῆς
872 3033 1250 3102 στρατολογίας
1279 3036 1655 3089 είσποιούντων
1683 3040 1810 3090 ἐαυ-

1899 1889 2040 1944 ferre
2061 1889 2279 1957 quidem
2307 1888 2373 1941 ad
2402 1903 2501 1941 nos
2523 1887 2744 1955 dignati,
2773 1902 2985 1939 omnem
3014 1888 3065 1939 in
3095 1888 3449 1954 vosmetipsos

1902 1977 2277 2031 auctoritatem
2303 1976 2656 2030 transtulistis
2686 1994 2698 2030 :
2724 1976 2917 2029 deinde
2954 1991 3059 2029 rem
3096 1976 3446 2043 negligentes,

1897 2066 2224 2135 presbyteris
2276 2076 2328 2118 et
2359 2065 2603 2119 diaconis
2632 2065 2973 2133 pennisistis,
3000 2073 3053 2117 ut
3077 2080 3212 2131 quos
3233 2065 3447 2123 vellent,

1902 2154 2008 2206 vita
2050 2169 2157 2208 non
2196 2154 2523 2217 examinata,
2559 2151 2855 2206 secundum
2898 2154 3059 2203 animi
3088 2153 3444 2211 allectiunem.

1899 2253 1992 2296 aut
2030 2259 2097 2297 ex
2148 2244 2624 2311 consanguinitate
2671 2251 2864 2307 ortam,
2916 2251 3007 2295 aut
3040 2258 3103 2295 ex
3133 2244 3235 2294 alia
3271 2242 3447 2308 aliqua

1898 2334 2169 2396 amicitia,
2232 2335 2284 2385 in
2356 2332 2651 2387 Ecclesium
2714 2333 2960 2400 indignos
3022 2329 3446 2387 introducerent.

1900 2421 2240 2489 Quapmpter
2288 2422 2441 2473 multi
2488 2422 2701 2489 quidem
2752 2421 2984 2473 ministri
3037 2420 3088 2471 in
3124 2432 3445 2486 unoquoque

1897 2525 2033 2579 pago
2065 2519 2415 2562 numerantur
2453 2529 2465 2563 :
2504 2510 2594 2564 sed
2621 2511 2814 2579 dignus
2847 2510 3146 2563 ministerio
3196 2508 3440 2562 altarium

1912 2611 1978 2648 ne
2012 2612 2149 2650 unus
2196 2599 2434 2667 quidem,
2474 2609 2531 2652 ut
2579 2616 2673 2654 vos
2706 2602 2807 2669 ipsi
2854 2595 3242 2664 tcstificainini,
3276 2598 3447 2651 homi-

1914 2700 2040 2737 num
2090 2689 2312 2754 penuria
2359 2690 2666 2745 laborantes
2695 2690 2749 2743 in
2783 2691 3157 2744 electionibus.
3191 2684 3455 2749 Quoniam

1915 2772 2077 2841 igitur
2104 2776 2255 2831 video
2276 2793 2389 2831 rem
2414 2779 2467 2831 in
2500 2781 2698 2833 malum
2720 2779 2830 2846 jam
2860 2777 3158 2831 insanabile
3184 2772 3452 2843 progredi,

1913 2877 2059 2916 nunc
2081 2870 2393 2933 praesertim,
2424 2882 2543 2921 cum
2576 2868 2792 2935 plurimi
2824 2866 3030 2921 militia:
3054 2872 3222 2925 metu,
3249 2861 3456 2929 seipse:

1914 2952 1967 3006 in
2018 2955 2373 3011 ministerium
2428 2958 2749 3027 conjiciant,
2796 2956 3103 3012 necessario
3147 2951 3353 3006 accessi
3386 2952 3454 3003 ad

1912 3038 2129 3093 Patrum
2178 3057 2411 3097 canones
2455 3044 2825 3108 renovandos;
2863 3057 2925 3095 ac
2962 3041 3114 3094 vobis
3155 3038 3355 3097 scribo,
3398 3043 3457 3088 ut

262 3113 397 3203 τοὺς
416 3116 479 3184 τῇ
515 3115 799 3187 ὑπηρεσία,
841 3120 1147 3187 ἀναγκαίως
1184 3118 1343 3191 ἦλθον
1384 3126 1463 3187 εἰς
1491 3124 1554 3175 τὸ
1581 3125 1813 3177 ἀνανεώ-

1912 3128 2145 3185 mittatis
2200 3131 2330 3183 mihi
2390 3132 2689 3201 catalogum
2755 3130 3125 3183 ministrorum
3193 3126 3461 3192 cujusque

264 3200 463 3252 σασθαι
488 3203 611 3264 τοὺς
658 3206 765 3257 τῶν
795 3207 1051 3277 Πατέρων
1096 3211 1355 3274 κανόναςο
1389 3214 1482 3265 καὶ
1521 3214 1814 3266 ἐπιστέλλω

265 3287 396 3355 ὑμῖν
427 3290 734 3344 ἀποστεῖλαί
764 3311 853 3362 μοι
882 3295 978 3365 τὴν
1005 3298 1325 3370 ἀναγραφὴν
1353 3301 1587 3371 ἑκάστης
1622 3302 1813 3373 κώμης

261 3375 376 3429 τῶν
402 3378 826 3449 ὑπηρετούντων,
860 3385 953 3436 καὶ
984 3386 1087 3439 ὑπὸ
1112 3388 1253 3451 τίνος
1282 3390 1528 3459 είσῆκται
1558 3391 1809 3454 ἕκαστος,

265 3466 363 3517 καὶ
393 3467 449 3518 ἐν
488 3468 623 3538 ποίῳ
653 3470 750 3539 βίῳ
796 3474 958 3527 ἐστίν.
1016 3476 1204 3545 Ἔχετε
1246 3478 1301 3530 δὲ
1346 3481 1438 3532 καὶ
1485 3482 1638 3534 αὐτοὶ
1684 3485 1813 3553 παρ’

265 3554 478 3619 ἑαυτοῖς
498 3558 593 3629 τὴν
622 3560 956 3632 ἀναγραφὴν,
990 3563 1125 3617 ὥστε
1151 3569 1530 3637 συγκρίνεσθαι
1550 3575 1661 3634 τοῖς
1684 3574 1811 3642 παρ’

261 3642 399 3710 ἡμῖν
422 3645 796 3716 ἀποκειμένοις
814 3653 1097 3719 γράμμασι
1126 3652 1193 3705 τὰ
1219 3654 1475 3725 ὑμέτερα,
1503 3658 1597 3709 καὶ
1625 3659 1814 3727 μηδενὶ

264 3729 465 3794 ἐξεῖναι
498 3734 704 3799 ἑαυτὸν,
752 3738 839 3790 ὅτε
879 3738 1141 3807 βούλεται,
1191 3744 1616 3812 παρεγγράφειν,
1659 3746 1813 3799 Οὕτω

267 3819 469 3888 μέντοι,
506 3824 642 3890 μετά
683 3825 781 3894 τὴν
825 3826 1047 3897 πρώτην
1093 3830 1410 3898 ἐπινέμησιν
1456 3834 1509 3884 εί
1538 3850 1679 3895 τινες
1712 3834 1813 3886 ὑπὸ

263 3909 647 3979 πρεσϐυτέρων
676 3913 1022 3983 εἰσήχθησαν,
1056 3916 1144 3968 ἐπὶ
1174 3919 1299 3980 τοὺς
1337 3918 1555 3983 λαῖκοὺς
1581 3923 1808 3992 ἀπορρι-

262 3996 457 4064 φῶσιν.
499 4000 733 4052 ’Δνωθεν
775 4002 830 4054 δὲ
875 4003 1095 4071 γένηται
1134 4006 1308 4058 αὐτῶν
1351 4011 1475 4077 παρ’
1538 4010 1689 4079 ὑμῶν
1725 4011 1811 4076 ἐξ·

261 4084 447 4148 έτασις
466 4102 479 4115 ο
513 4088 612 4139 κᾶν
647 4090 743 4158 μὲν
774 4092 909 4157 ἀξιοι
943 4085 1064 4156 ὦσι,
1090 4096 1153 4163 τῇ
1184 4093 1420 4165 ὑμετέρα
1447 4096 1607 4167 ψήφῳ
1637 4115 1811 4169 παρα-

259 4172 603 4243 δεχθήκωσαν
686 4178 1132 4247 Ἐπικαθαρίσατε
1337 4183 1436 4252 τὴν
1467 4185 1808 4255 Ἐκκλησίαν,

260 4264 389 4325 τοὺς
432 4265 681 4330 ἀναξίους
724 4268 891 4336 αὑτῆς
934 4268 1329 4334 ἀπελάσαντες,
1360 4272 1576 4324 καὶτοῦ
1632 4274 1815 4326 λοιποῦ

260 4351 542 4417 ἐξετάζετε
720 4356 816 4425 μὲν
834 4357 958 4420 τοὺς
984 4358 1162 4421 ἀξίους
1187 4360 1277 4411 καὶ
1306 4360 1671 4429 παραδέχεσθε
1692 4380 1705 4392 ·
1740 4364 1815 4433 μὴ

1913 3218 2057 3286 βδεῖν
2084 3228 2138 3272 ει
2160 3234 2191 3272 ει
2219 3235 2326 3293 quo
2350 3220 2579 3289 quisque
2786 3218 3126 3273 introductus
3149 3216 3239 3278 sit,
3264 3222 3318 3267 et
3338 3227 3460 3282 qua:

1912 3306 2034 3373 ejus
2082 3307 2154 3362 sit
2190 3307 2403 3362 vivendi
2444 3300 2599 3363 ratio.
2636 3307 2839 3362 llabete
2888 3315 3064 3361 autem
3098 3312 3150 3358 et
3177 3302 3282 3372 ipsi
3316 3299 3458 3370 apud

1913 3410 2009 3450 vos
2033 3397 2356 3465 catalogum,
2386 3407 2444 3450 ut
2472 3412 2594 3451 cum
2620 3397 2838 3466 scriptis
2870 3396 3010 3465 apud
3062 3408 3163 3448 nos
3203 3389 3460 3459 repositis

1913 3494 2092 3539 vestra
2140 3486 2510 3552 conterantur,
2547 3502 2645 3543 nec
2693 3488 2944 3556 cuiquam
2982 3486 3141 3538 liceat
3193 3482 3457 3549 seipsum,

1914 3588 2037 3626 cum
2070 3575 2323 3639 voluerit,
2356 3576 2671 3631 inscribere.
2697 3574 2775 3628 lta
2800 3589 2953 3638 sane,
2995 3572 3043 3627 si
3074 3571 3165 3640 qui
3191 3579 3312 3638 post
3346 3570 3459 3638 pri-

1914 3675 2057 3713 mam
2090 3662 2437 3717 indictionem
2468 3678 2497 3716 ε
2531 3664 2857 3732 presbyteris
2896 3659 3189 3716 introducti
3234 3658 3461 3720 iuerint,

1912 3747 2051 3801 inter
2093 3750 2257 3804 laicos
2295 3751 2630 3819 rejiciantur.
2674 3750 2869 3805 Eorum
2916 3759 3093 3805 autem
3131 3763 3358 3805 examen
3394 3747 3460 3800 de

1916 3837 2125 3906 integro
2154 3839 2397 3907 repetite,
2427 3848 2479 3893 et
2510 3841 2554 3893 si
2585 3841 2730 3909 digni
2758 3840 2978 3903 fuerint,
3004 3838 3258 3906 suffragio
3280 3846 3462 3895 vestro

1916 3926 2303 3994 suscipiantur.
2354 3928 2655 3999 Expurgate
2705 3929 3035 3990 Ecclesiam,
3090 3926 3338 3995 indignos
3391 3939 3462 3979 ex

1911 4029 1974 4068 ea
1995 4015 2294 4083 ejicicntes.
2318 4017 2491 4086 Atque
2511 4017 2566 4069 in
2597 4027 2868 4086 posterum
2896 4017 3195 4071 examinate
3221 4015 3455 4082 quidem,

1913 4104 2007 4171 qui
2048 4104 2195 4175 digni
2234 4107 2378 4171 sint,
2418 4116 2470 4161 et
2506 4122 2601 4160 eos
2649 4105 2912 4159 admittite
2952 4124 2967 4159 :
3006 4106 3101 4160 sed
3151 4105 3301 4172 prius
3352 4116 3459 4155 non

1916 4193 2194 4255 ascribite,
2229 4210 2390 4262 quant
2424 4194 2490 4247 ad
2528 4208 2629 4247 nos
2658 4194 2987 4259 retuleritis;
3024 4201 3116 4245 aut
3144 4193 3333 4245 scitote
3361 4190 3464 4242 lai-

1923 4294 2044 4333 cum
2073 4281 2313 4334 futurum
2339 4297 2482 4344 esse,
2512 4282 2603 4351 qui
2633 4282 2749 4337 sine
2779 4292 2968 4336 nostro
2991 4282 3195 4351 judicio
3220 4283 3271 4333 in
3302 4278 3461 4334 mini-

1921 4370 2143 4423 sterium
2169 4370 2329 4424 fuerit
2356 4372 2645 4425 admissus.

259 4442 542 4514 ἀριθμεῖτε
577 4447 630 4500 δὲ
660 4448 787 4517 πρὶν
831 4452 909 4509 εις
945 4451 1089 4520 ἡμᾶς
1134 4455 1541 4520 ἐπανενεγκεῖν
1578 4455 1610 4521 ἢ
1656 4457 1964 4527 γινώσκετε,
1998 4464 2079 4515 ὅτι
2144 4463 2325 4526 λαὶκὸς
2360 4464 2509 4516 ἔσται
2571 4466 2599 4515 ό
2659 4465 2786 4517 ἄνευ
2815 4465 3085 4533 ἡμετέρας
3112 4462 3331 4531 γνώμης
3379 4460 3459 4523 εις

263 4537 561 4608 ὑπηρεσίαν
590 4541 963 4611 παραδεχθείς.

313 4637 510 4691 ΒΔΛΣ.
541 4637 696 4700 Τίνες
720 4634 861 4708 ἦσαν
886 4641 935 4692 oi
958 4640 1386 4711 χωρεπίσκοποι,
1413 4642 1508 4695 καὶ
1526 4640 1648 4694 τίνα
1669 4640 1814 4713 εῐχον

1991 4645 2186 4699 BALS.
2217 4646 2446 4712 Quinam
2477 4654 2633 4700 erant
2680 4644 3089 4716 chorepiscopi,
3138 4657 3194 4701 et
3241 4664 3493 4719 quanam

235 4730 448 4791 δέκαια,
487 4728 702 4798 εἴρηται
733 4729 813 4791 εἰς
845 4728 939 4781 τὸν
972 4730 1033 4780 ιδ’
1064 4730 1262 4781 κανόνα
1292 4729 1389 4796 τῆς
1424 4732 1480 4782 ἐν
1511 4729 1814 4785 Νεοκαισα-

244 4818 368 4889 psi;
391 4819 626 4878 συνόδου.
642 4820 737 4871 καὶ
760 4820 839 4881 είς
863 4820 952 4873 τὸν
980 4818 1041 4872 ιδ’
1061 4821 1262 4873 κανόνα
1285 4820 1385 4888 τῆς
1403 4822 1459 4871 ἐν
1477 4821 1778 4894 Ἀντιοχείᾳ
1799 4838 1814 4852 ⁸

239 4909 335 4961 καὶ
375 4908 462 4960 διὰ
488 4908 646 4962 τοῦτο
679 4910 910 4964 ἐνταῦθα
947 4910 1199 4981 περιττὸν
1235 4910 1485 4982 ἐλογίσθη
1531 4930 1620 4980 μοι
1657 4913 1818 4983 χάριν

235 4997 354 5049 τῶν
394 4999 572 5051 αὑτῶν
614 4999 989 5067 παλιλλογεϊν·
1030 5000 1123 5052 καὶ
1173 4998 1375 5069 μᾶλλον
1409 5002 1491 5053 ὅτι
1534 5002 1601 5053 τά
1646 5003 1703 5052 ἐν
1750 5006 1815 5072 τῇ

239 5087 499 5160 παρούσῃ
547 5090 803 5160 ἐπιστολῇ
855 5093 1219 5160 περιεχόμενα
1270 5092 1433 5161 χάριν
1484 5094 1592 5145 τῶν
1642 5111 1817 5162 χωρε-

236 5177 531 5231 πισκόττων
566 5182 865 5250 ἐσχόλασαν
895 5181 1177 5243 παντελῶς
1199 5223 1214 5244 ,
1246 5182 1340 5234 καὶ
1376 5184 1575 5245 πάντες
1604 5185 1652 5234 οἱ
1690 5184 1819 5252 κλη-

243 5268 390 5339 ρικοὶ
424 5270 574 5338 παρά
601 5271 711 5324 τῶν
735 5272 1047 5326 ἐπισκόπων
1078 5274 1321 5341 γίνονται
1356 5276 1497 5327 κατὰ
1530 5276 1698 5344 μόνην
1731 5276 1818 5327 60-

243 5362 509 5431 κιμασίαν
538 5362 742 5419 αὐτῶν.

319 5457 565 5512 ΖΩΝΔΡ.
600 5460 851 5513 Δίτιᾶται
880 5460 956 5530 (α)
987 5462 1015 5512 δ
1044 5462 1214 5529 μέγας
1239 5459 1515 5521 Βασίλειος
1545 5461 1670 5520 τοὺς
1697 5460 1825 5512 ὑπο-

248 5553 537 5621 κειμένους
581 5551 729 5622 αὑτῷ
778 5552 1251 5622 χωρεπισκόπους,
1298 5552 1373 5614 ὡς
1432 5550 1554 5604 καθ’
1595 5551 1825 5615 ἑαυτοὺς

321 5670 339 5701 ³
368 5668 537 5725 Hebr.
571 5684 668 5734 xtl,
690 5670 775 5725 Η.

1914 4738 2039 4804 jura
2068 4738 2333 4792 habebant
2366 4779 2381 4801 ,
2430 4738 2631 4791 dictum
2673 4748 2758 4792 est
2806 4739 2859 4791 in
2912 4753 3122 4792 canone
3181 4739 3247 4793 ιι
3303 4744 3492 4813 synodi

1919 4830 2340 4887 Neocasarianaa
2367 4842 2423 4888 et
2461 4834 2515 4888 in
2548 4848 2670 4887 can.
2714 4833 2779 4888 10
2822 4833 3072 4888 Antioch.
3106 4849 3225 4904 syn.
3272 4846 3326 4889 et
3372 4836 3494 4891 ideo

1920 4922 2008 4976 ltic
2036 4922 2164 4976 milii
2194 4938 2652 4991 supervacaneum
2688 4923 2858 4979 visum
2892 4935 2976 4979 est
3004 4925 3189 4979 eadem
3226 4939 3489 4994 repetere;

1919 5023 1975 5065 et
2002 5026 2066 5066 eo
2104 5013 2297 5081 magis,
2327 5015 2495 5081 quod,
2527 5027 2645 5082 quae
2682 5013 2736 5067 in
2764 5016 3014 5083 presenti
3060 5016 3286 5081 epistola
3320 5021 3497 5072 conti-

1916 5112 2113 5159 nentur
2140 5106 2208 5158 de
2247 5105 2693 5174 cborepiscopis,
2735 5106 2955 5161 omnino
3004 5106 3391 5171 exoleverunt,
3439 5118 3495 5165 rt

1918 5210 2106 5250 omnes
2137 5195 2316 5251 clerici
2358 5197 2494 5250 nunt
2524 5197 2592 5252 ab
2613 5197 2879 5267 episcopis
2907 5197 3017 5253 sola
3069 5198 3307 5268 ipsorqu
3370 5216 3495 5271 pro.

1920 5285 2156 5339 batione.

1997 5463 2249 5519 ZONAR.
2305 5466 2530 5540 Magnus
2602 5468 2832 5525 Basilius
2899 5473 3321 5542 cborepiscopos
3388 5471 3492 5530 sibi

1926 5555 2199 5623 subjectos
2234 5557 2600 5626 reprehendit,
2630 5563 2774 5631 quod
2802 5577 2898 5633 per
2935 5564 3144 5634 seipsos
3192 5562 3497 5619 tonstitue-

312 5763 386 5825 (α)
408 5762 552 5825 Apud
572 5761 898 5828 nere-regium
924 5764 972 5813 ln
998 5759 1129 5832 uotis
1159 5774 1223 5811 ex
1258 5759 1426 5811 codice
1454 5758 1860 5813 Amerbacbiano.
1891 5758 2027 5811 Eutr.
