4096 6456
601 386 706 451 831

1872 395 2147 459 THEOD.
2181 397 2272 456 BA
2287 397 2586 459 LSAMON
3769 402 3864 464 832

610 478 715 531 rint
748 479 1050 545 ministros,
1068 490 1121 536 et
1145 485 1588 542 consuetudinem
1623 488 2001 555 transiliertnt,
2024 505 2183 559 quam

2303 490 2668 552 ιαθιστῶντας
2695 492 2997 562 ὑπηρέτας,
3028 492 3121 544 καὶ
3154 493 3253 561 τὴν
3280 491 3572 560 συνήθειαν
3601 491 3867 559 παραϐαί-

612 571 922 629 obtinuisse
961 575 1122 640 dicit,
1147 586 1205 630 ut
1232 578 1305 631 illi
1342 593 1436 647 per
1472 581 1890 651 eborcpiseOpos
1948 581 2185 652 episcopi

609 666 879 721 sententia
909 667 1101 721 ﬂerent
1124 685 1138 722 :
1161 678 1216 726 et
1252 670 1303 724 in
1334 682 1607 739 posterum
1637 689 1870 729 canones
1896 674 2184 728 instaurari

600 755 772 822 jubet,
814 758 929 813 sive
960 769 1077 828 post
1138 763 1368 830 primam
1430 764 1776 836 ἐπινέμησιν.
1831 765 2190 836 Ἐπινὲμησιν

609 853 784 897 autem
820 845 1168 903 indictionem
1218 860 1374 905 vocat
1407 868 1421 906 :
1457 863 1506 906 et
1566 854 1716 921 ipsos
1745 855 1962 923 quidem
1997 855 2188 925 dignos

607 934 884 1004 inquirere
913 948 968 993 et
1001 943 1318 1008 approbare,
1355 959 1456 996 non
1488 953 1666 999 autem
1714 962 1808 1000 eos
1844 948 1893 1000 in
1929 946 2074 1000 clero
2099 962 2190 1001 or-

614 1026 825 1091 dinare,
855 1030 960 1083 nisi
990 1029 1054 1082 ad
1082 1030 1255 1097 ipsum
1291 1033 1436 1102 prius
1469 1033 1706 1088 referant
1732 1075 1746 1095 .
1800 1052 1920 1104 qua:
1969 1037 2036 1092 ad
2097 1051 2190 1091 eos

612 1125 876 1185 spectant.
913 1119 1016 1174 Eos
1050 1129 1254 1186 autem,
1289 1125 1376 1192 qui
1416 1124 1493 1177 sic
1543 1141 1647 1178 non
1703 1127 2026 1180 ordinantur
2055 1168 2069 1193 ,
2121 1128 2187 1181 ad

609 1209 857 1266 laicosse
891 1213 1238 1287 detrusurum
1268 1216 1646 1274 comminatur.
1674 1219 1862 1274 Utrum
1908 1222 2029 1278 talis
2086 1223 2188 1277 ita-

608 1310 713 1363 que
738 1306 865 1352 tunc
895 1303 1158 1370 temporis
1186 1306 1515 1358 consuetudo
1547 1307 1845 1370 obtinebat,
1923 1326 2004 1363 me
2036 1313 2186 1366 latet.

612 1388 926 1458 llnjusmodi
958 1404 1134 1446 autem
1173 1409 1344 1448 canon
1376 1397 1428 1450 in
1453 1398 1672 1464 synodis
1697 1414 1761 1453 eo
1790 1402 2190 1468 antiquioribus

617 1494 722 1533 non
755 1480 1064 1551 invenitur;
1105 1487 1198 1541 sed
1246 1490 1422 1557 potius
1463 1492 1700 1544 decinius
1764 1496 1948 1563 synodi
1999 1497 2190 1548 Antio-

613 1573 819 1640 cbenm,
859 1593 980 1643 quas
1010 1591 1199 1634 sancto
1233 1582 1332 1634 bne
1365 1580 1522 1635 Patre
1555 1584 1835 1650 antiquior
1873 1595 1952 1637 est
1978 1627 1992 1646 ,
2019 1602 2188 1640 canon

613 1663 1013 1734 cborepiscopis
1037 1680 1090 1723 et
1119 1670 1499 1729 subdiaconns.
1538 1674 1626 1741 qui
1664 1674 1892 1728 ministri
1918 1677 2079 1729 etiam
2112 1678 2193 1730 di-

617 1765 835 1822 cuntur,
866 1768 918 1812 et
952 1759 1181 1815 lectores
1216 1771 1269 1816 et
1305 1764 1605 1819 exorcistas
1642 1766 1974 1819 constituere
2004 1782 2194 1822 conce-

615 1849 726 1912 dit;
760 1850 1004 1905 decernit
1037 1864 1215 1907 autem
1250 1871 1317 1909 ne
1356 1856 1652 1926 presbyteri
1684 1869 1738 1911 et
1765 1860 1972 1912 diaconi
2005 1876 2032 1912 a
2060 1862 2191 1915 cbo-

612 1939 1304 2010 repismpisprdinentur,
1351 1947 1453 2000 nisi
1497 1949 1731 2017 episcopi
1784 1953 2044 2003 sententia
2104 1955 2190 2006 eui

614 2028 996 2095 subjiciuntur.
1034 2033 1138 2087 Sed
1170 2036 1412 2092 decimus
1442 2048 1666 2106 quartus
1689 2041 1879 2110 synodi
1913 2040 2190 2096 Neocaesa-

616 2118 808 2175 riensis
854 2137 1024 2176 canon
1086 2127 1507 2198 cliorepiscopos
1579 2139 1763 2201 typum
1849 2135 2187 2204 septuaginta

615 2214 984 2283 apostolorum
1009 2231 1198 2284 gerere
1239 2220 1389 2275 dicit.

2292 599 2505 650 νοντας,
2533 585 2600 654 ἦν
2623 583 2772 651 λέγει
2805 584 3104 654 κρατῆσαι,
3137 583 3278 636 ὥστε
3310 583 3506 654 γνώμῃ
3537 583 3633 637 τοῦ
3658 586 3870 639 ἐπισκό-

2293 691 2395 726 που
2425 675 2674 741 γίνεσθαι
2711 677 2864 743 παρὰ
2900 675 3008 728 τῶν
3033 676 3470 746 χωριπισιιόπων
3506 675 3742 742 αὐτοὺς,
3775 677 3866 730 καὶ

2291 766 2386 818 τοῦ
2419 765 2606 818 λοιποῦ
2641 767 2982 821 ἀνανεῶσθαι
3011 768 3137 829 τοὺς
3170 768 3403 830 κανόνας
3431 767 3677 830 ἁπαιτεῐ,
3706 768 3870 837 ἦγουν

2295 857 2433 925 μετὰ
2475 857 2574 926 τὴν
2619 857 2844 927 πρώτην
2874 859 3216 927 ὲπινέμησιν.
3274 858 3636 929 Ἑπινιμησιν
3677 858 3735 912 δι
3774 857 3870 929 τὴν

2295 948 2527 1000 ῐνδικτον
2609 948 2792 1016 λέγει,
2849 950 2938 1003 καὶ
2998 951 3194 1012 αὐτοὺς
3252 951 3352 1020 μὲν
3417 948 3697 1016 ἐξετάζειν
3747 950 3868 1005 τοὺς

2293 1039 2498 1104 ἀξίους,
2526 1041 2620 1091 καὶ
2651 1041 3074 1112 παραδέχεσθαι,
3105 1043 3180 1110 μὴ
3207 1042 3566 1098 κατατάττειν
3587 1043 3644 1096 δὲ
3673 1042 3866 1107 αὐτοὺς

2292 1131 2351 1182 tv
2381 1129 2458 1200 τῷ
2486 1131 2692 1201 κλήρῳ,
2730 1134 2777 1185 εί
2808 1133 2884 1202 μὴ
2914 1134 3236 1204 ἀναφέροιεν
3266 1135 3335 1187 τὰ
3369 1135 3496 1202 περὶ
3523 1133 3704 1188 αὐτῶν
3736 1133 3866 1202 πρὸς

2294 1223 2476 1276 αὐτόν.
2520 1223 2662 1286 Τοὺς
2691 1224 2748 1276 δὲ
2791 1224 2865 1294 μὴ
2912 1225 3058 1279 οὔτω
3087 1227 3498 1293 καταταγέντας
3539 1226 3758 1279 ἀπειλεῖ
3792 1225 3867 1285 εις

2291 1315 2418 1377 τοὺς
2483 1315 2706 1378 λαϊκοὺς
2771 1317 3110 1380 ιξωθεῖσθαι.
3171 1319 3228 1370 Et
3299 1318 3399 1384 μὲν
3457 1314 3550 1370 οὖν
3611 1317 3866 1385 συνήθεια

2294 1404 2517 1472 ἐκράτει
2541 1407 2665 1460 τότε
2691 1408 2937 1478 τοιαύτη,
2962 1409 3062 1462 ούιι
3086 1409 3200 1462 οἶδα
3218 1425 3230 1438 ·
3258 1408 3439 1462 κανὼν
3465 1409 3521 1463 δὲ
3549 1409 3792 1471 τοιοῦτος
3813 1410 3876 1459 ἰν.

2293 1500 2415 1559 ταῖς
2453 1500 2913 1568 προγενεστέραις
2945 1499 3158 1553 ἐκείνου
3195 1501 3435 1562 συνόδοις
3469 1500 3568 1570 οὐχ
3600 1499 3829 1569 εὓρηται
3852 1514 3864 1528 ·

2295 1591 2431 1644 ἀλλὰ
2463 1593 2666 1660 μᾶλλον
2695 1595 2723 1646 δ
2755 1599 2821 1646 ια’
2853 1591 3032 1645 κανὼν
3060 1592 3162 1660 τῆς
3191 1594 3248 1644 ὲν
3291 1593 3594 1663 Ἀντιοχείᾳ
3628 1592 3864 1654 συνόδιυ,

2297 1683 2665 1750 παλαιοτέροις
2702 1683 2870 1752 οὗσης
2927 1682 3019 1736 τοῦ
3067 1683 3225 1751 ἁγίου
3276 1683 3492 1746 τούτου,
3531 1684 3718 1736 δίδωσι
3763 1682 3866 1744 τοῖς

2295 1775 2735 1844 χωρεπισκόποις
2759 1776 2854 1828 καὶ
2883 1774 3288 1840 ὑποδιακόνους,
3309 1774 3511 1835 οἵτινες
3541 1773 3638 1836 καὶ
3669 1775 3870 1841 ὑπηρε-

2296 1880 2387 1916 ται
2424 1862 2714 1929 λέγονται,
2757 1867 2850 1918 καὶ
2895 1862 3250 1931 ἀναγνώστας
3285 1863 3382 1916 καὶ
3411 1861 3744 1931 ἐφορκιστὰς
3779 1879 3870 1914 κα-

2300 1953 2529 2025 θιστᾷνο
2567 1957 2976 2026 πρεσϐυτέρους
3019 1957 3076 2008 δὲ
3122 1956 3220 2009 καὶ
3263 1955 3544 2017 διακόνους
3583 1953 3756 2024 ὁρίζει
3801 1953 3868 2023 μή

2299 2048 2624 2116 χειροτονεῖν
2656 2047 2784 2110 τοὺς
2813 2046 3288 2116 χωρεπισκόπους,
3341 2046 3392 2098 ει
3446 2047 3522 2116 μὴ
3546 2043 3742 2118 γνώμῃ
3782 2042 3865 2098 τοῦ

2298 2137 2600 2189 ἐπισκόπου
2643 2131 2688 2205 ᾧ
2734 2137 3071 2191 ὑπόκεινται.
3126 2139 3186 2190 ⁸0
3241 2138 3298 2191 δὶ
3361 2140 3424 2192 ιδ’
3482 2139 3580 2202 τῆς
3632 2139 3689 2190 ὲν
3737 2137 3864 2191 Neo-

2302 2228 2596 2298 καισαρείᾳ
2643 2230 2862 2282 συνόδου
2906 2229 3090 2282 κανὼν
3136 2229 3309 2283 τύπον
3343 2230 3454 2283 τῶν
3493 2227 3536 2282 δ’
3566 2230 3866 2284 ἀποστόλων

2302 2322 2520 2389 ἐπέχειν
2563 2322 3020 2391 χωρεπισκόπους
3056 2323 3209 2392 φησί.

637 2506 3839 2550 .._.._____________________________________________

1137 2913 1428 3000 ΠΡΟΣ
1492 2919 1783 3006 ΤΟΥΣ
1858 2910 2032 3006 ΥΦ’
2094 2921 2538 3008 ΕΑΥΤΟΝ
2610 2925 3343 3012 ΕΠΙΣΚΟΠΟΥΣ

1635 3102 1816 3156 Ὥστε
1837 3103 1923 3171 μὴ
1968 3106 2327 3172 χειροτονεῖν
2372 3108 2469 3159 ἐπὶ
2520 3108 2846 3175 χρήμασιν.

1931 3453 2070 3562 EJ
2097 3449 2556 3563 USDEM

1282 3695 1426 3780 AD
1509 3694 2146 3786 ICPISCOPOS
2219 3700 2446 3786 SIBI
2529 3700 3193 3794 SUBJECTOS

1688 3895 1780 3957 Nc
1803 3904 2072 3971 propter
2107 3895 2404 3970 pecunias
2455 3897 2765 3958 ordinent.

1051 4143 1207 4214 145
1224 4149 1452 4205 (ΞΑΝΟΝ
1477 4148 1612 4204 XCI.

2898 4149 3134 4207 ΚΛΝΩΝ
3168 4150 3287 4219 ιιΑκ

699 4247 794 4302 Rei
845 4245 1142 4314 turpitudo,
1195 4247 1259 4296 de
1323 4259 1426 4312 qua
1474 4244 1673 4308 scribo,
1723 4242 1825 4297 hoc
1882 4243 1996 4312 ipso
2053 4243 2187 4311 quod

2368 4241 2442 4295 Τὸ
2495 4240 2594 4294 τοῦ
2670 4241 2994 4313 πράγματος
3071 4243 3296 4308 ἄτοπον,
3356 4243 3487 4314 περὶ
3542 4239 3603 4298 οὗ
3664 4247 3865 4314 γράφω,

647 4336 698 4389 in
727 4334 1085 4399 suspicionem
1113 4329 1330 4380 omnino
1350 4326 1493 4378 venit
1522 4340 1584 4379 ac
1614 4339 1915 4379 sermonem
1938 4365 1951 4388 ,
1996 4324 2182 4379 dolore

644 4426 878 4476 animum
928 4436 1103 4474 meum
1136 4418 1416 4487 implevit:
1464 4417 1723 4470 hactenus
1770 4430 1899 4469 sane
1943 4417 2054 4469 visa
2103 4424 2184 4471 est

645 4514 772 4565 mihi
820 4510 1169 4564 incredibilis.
1223 4507 1374 4571 Quod
1424 4521 1553 4574 ergo
1601 4505 1666 4559 de
1714 4507 1800 4557 illa
1841 4506 2060 4569 scribo,
2091 4506 2182 4574 qui

646 4602 749 4655 sibi
792 4601 904 4669 ipse
945 4598 1197 4652 conscius
1236 4605 1350 4658 est,
1388 4595 1616 4662 accipiat
1661 4602 1720 4644 ut
1769 4592 2063 4656 medelam;
2092 4593 2184 4660 qui

646 4699 819 4742 autem
871 4704 976 4740 non
1027 4687 1315 4746 conscius,
1377 4691 1434 4734 ut
1492 4680 1988 4749 pra-munitionem;
2026 4680 2186 4732 indif-

651 4783 825 4832 ferens
855 4793 1017 4840 vero,
1067 4773 1205 4842 quod
1252 4773 1464 4841 quidem
1512 4770 1770 4838 deprecor
1823 4784 1889 4820 ne
1933 4769 1988 4820 in
2034 4769 2186 4823 vobis

650 4867 966 4934 reperiatur,
996 4874 1053 4917 ut
1081 4862 1510 4916 obtestationem.
1545 4856 1683 4921 Quid
1706 4865 1883 4909 autem
1914 4864 2016 4920 est,
2044 4856 2186 4924 quod

649 4953 808 5003 dit-oi
838 4950 1093 5002 Dicuntur
1123 4947 1362 5000 nonnulli
1401 4961 1464 4998 ex
1498 4945 1646 4998 vobis
1678 4944 1744 4995 ab
1798 4945 1862 4996 iis
1918 4943 2005 5012 qui
2038 4943 2186 4996 ordi-

652 5049 881 5100 nantur,
917 5037 1172 5106 pecunias
1202 5036 1443 5101 accipere
1470 5073 1483 5094 ,
1515 5033 1673 5099 idque
1721 5032 1932 5100 pietatis
1972 5033 2189 5085 nomine

651 5130 978 5183 inumbrare.
1017 5125 1126 5178 Hoc
1162 5132 1334 5176 autem
1372 5124 1522 5191 pejus
1569 5129 1668 5174 est.
1713 5121 1920 5175 Etenim
1975 5121 2022 5174 si
2064 5121 2188 5189 quis

651 5221 848 5273 malum
904 5218 1006 5272 sub
1059 5217 1235 5284 specie
1291 5204 1429 5268 booi‘
1473 5214 1717 5280 perlicit,
1776 5226 1930 5279 poena
1986 5212 2188 5279 duplici

651 5314 842 5376 dignus
869 5316 980 5360 est:
1015 5305 1442 5375 quandoquidem
1468 5313 1519 5356 ct
1549 5302 1691 5370 quod
1719 5317 1822 5355 non
1852 5309 2047 5354 bonum
2083 5313 2187 5362 est.

653 5397 799 5458 facit,
835 5405 886 5447 et
920 5396 1089 5445 utitur
1134 5393 1197 5446 ad
1241 5401 1513 5461 peceatum
1548 5389 1989 5442 committendum
2025 5394 2186 5450 bono.

654 5493 712 5536 ut
768 5487 838 5536 ita
889 5486 1093 5549 dicam,
1155 5482 1417 5548 adjutore.
1472 5480 1593 5533 llaec
1640 5480 1685 5532 si
1743 5481 1812 5530 ita
1866 5494 1923 5533 se
1972 5479 2188 5542 habent,

653 5576 905 5641 deinceps
959 5589 1062 5626 non
1121 5574 1286 5631 liant,
1339 5572 1430 5624 sed
1491 5570 1875 5623 emendentur:
1926 5569 2188 5636 siquidem

657 5680 873 5721 necesse
915 5673 997 5718 est
1033 5662 1210 5716 dicere
1260 5669 1536 5730 argentum
1584 5659 1900 5727 accipienti,
1952 5659 2091 5726 quod
2125 5662 2190 5711 ab

655 5755 913 5822 apostolis
951 5753 1150 5807 dictum
1181 5761 1258 5805 est
1293 5750 1337 5802 ei
1367 5788 1378 5810 ,
1425 5748 1514 5816 qni
1545 5747 1672 5800 dare
1701 5746 1905 5800 volebat
1933 5782 1946 5810 ,
1985 5754 2039 5798 ut
2073 5746 2187 5815 Spi-

2315 4327 2446 4380 διύτι
2481 4324 2579 4394 μὲν
2754 4322 2888 4385 ὅλως
2913 4322 3236 4392 ὑπωπτεύθη
3271 4322 3368 4376 καὶ
3395 4323 3634 4395 ὲλαλήθη
3653 4363 3669 4388 ,
3697 4327 3868 4396 ὀδύνης

2316 4413 2600 4484 ἐπλήρωσέ
2633 4429 2730 4482 μου
2765 4414 2863 4482 τὴν
2900 4413 3098 4481 ψυχήν·
3137 4414 3272 4475 τέως
3315 4412 3371 4465 δὲ
3409 4414 3581 4483 ἐφάνη
3630 4431 3718 4482 μοι
3759 4414 3871 4466 dm-

2317 4521 2460 4557 στον.
2495 4505 2569 4558 Τὸ
2600 4500 2690 4558 οὖν
2732 4505 2859 4572 περὶ
2892 4503 3054 4555 αὑτοῦ
3084 4503 3319 4572 γράμμα
3345 4504 3373 4554 ὁ
3401 4505 3498 4571 μὲν
3533 4503 3870 4569 συνεγνωκὼς

2316 4595 2488 4664 ἑαυτῷ
2527 4594 2764 4658 δεξάσθω
2801 4594 2876 4654 ὡς
2917 4594 3072 4662 ἴαμα,
3121 4596 3148 4645 ό
3199 4591 3255 4644 δὲ
3301 4592 3374 4661 μὴ
3415 4592 3768 4659 συνεγνωκὼς
3803 4592 3869 4652 ὡς

2316 4684 2804 4754 προφυλακτήριον·
2832 4685 2860 4734 ὁ
2881 4683 2936 4733 δὲ
2969 4683 3276 4750 ἀδιάφορος,
3307 4681 3449 4750 ὅπερ.
3465 4682 3769 4749 ἀπεύχομαι
3793 4682 3868 4746 ἐφ’

2316 4773 2440 4841 ὑμῖν
2497 4772 2803 4841 εὑρεθῆναι,
2847 4770 2923 4833 ὡς
2974 4769 3392 4839 διαμαρτυρίαν.
3449 4769 3512 4819 Τί
3568 4769 3624 4820 δέ
3669 4772 3809 4821 ἐστιν
3844 4767 3869 4818 ὃ

2313 4862 2483 4929 λέγω;
2519 4861 2655 4913 Φασί
2682 4878 2831 4924 τινας
3040 4859 3192 4927 ὑμῶν
3226 4859 3376 4928 παρὰ
3410 4857 3517 4909 τῶν
3551 4875 3869 4928 χειροτονου-

2317 4951 2488 5019 μένων
2533 4949 2825 5019 λαμόἀνειν
2871 4949 3143 5017 χρήματα’
3186 4946 3518 5008 ἐπισκιάζειν
3562 4946 3618 4997 δὲ
3654 4947 3864 5014 ὀνόματι

2313 5040 2604 5100 εὐσεϐείας.
2648 5037 2815 5089 Τοῦτο
2853 5037 2908 5088 δὲ
2951 5036 3126 5106 χεῖρόν
3164 5036 3326 5087 ἐστιν.
3369 5035 3494 5087 Ἐὰν
3538 5034 3646 5102 γάρ
3687 5051 3766 5094 τις
3811 5033 3864 5084 τὸ

2314 5129 2476 5180 κακὸν
2507 5129 2563 5180 ὲν
2587 5129 2928 5196 προσχήματι
2975 5125 3066 5179 τοῦ
3109 5124 3309 5192 ἀγαθοῦ
3349 5127 3496 5193 ποιῇ,
3535 5123 3864 5184 διπλασίονος

2309 5218 2574 5287 τιμωρίας
2605 5219 2748 5270 ἐστὶν
2787 5217 2954 5282 ἄξιος·
2997 5217 3129 5268 διότι
3166 5215 3295 5268 αὑτό
3328 5232 3387 5268 τε
3425 5216 3486 5269 τὸ
3525 5217 3625 5268 οὐκ
3672 5214 3862 5283 ἀγαθὸν

2309 5307 2612 5375 ἐργάζεται,
2653 5307 2747 5359 καὶ
2790 5308 3050 5376 κέχρηται
3096 5308 3175 5367 είς
3210 5304 3272 5360 τὸ
3312 5305 3528 5358 τελέσαι
3564 5307 3660 5376 τὴν
3691 5307 3860 5374 ἀμαρ-

2308 5397 2440 5454 τίαν,
2479 5396 2551 5458 ὡς
2583 5395 2646 5447 ἂν
2680 5397 2820 5447 εῐποι
2844 5412 2945 5458 τις,
2978 5395 3054 5463 τῷ
3077 5394 3224 5464 καλῷ
3387 5396 3652 5466 συνεργῷ.
3688 5396 3859 5448 Ταῦτα

2309 5483 2354 5530 εἰ
2387 5478 2553 5541 οὕτως
2582 5481 2715 5548 ἔχει,
2743 5480 2836 5531 τοῦ
2865 5480 3047 5531 λοιποῦ
3087 5481 3160 5550 μὴ
3195 5481 3449 5547 γινέσθω,
3485 5483 3619 5535 ἀλλὰ
3652 5483 3858 5553 διορθωο

2309 5568 2468 5636 Oritur
2520 5570 2640 5620 ἐπεὶ
2677 5570 2885 5638 ἀνάγκη
2924 5568 3098 5635 λέγειν
3145 5569 3280 5639 πρὸς
3331 5571 3423 5622 τὸν
3469 5571 3751 5641 δεχόμενον
3800 5572 3855 5623 τὸ

2308 5657 2581 5725 ἀργύριον,
2621 5659 2754 5727 ὅπερ
2791 5658 2992 5728 ὲρῤήθη
3041 5658 3186 5726 παρὰ
3229 5659 3336 5712 τῶν
3374 5662 3685 5716 ἀποστόλων
3728 5661 3854 5732 πρὸς

2307 5747 2394 5800 τὸν
2433 5745 2646 5800 Θέλοντα
2679 5746 2880 5812 δοῦναι,
2917 5748 3000 5800 ἵνα
3043 5747 3354 5812 Πνεύματος
3389 5750 3544 5818 ἁγίου
3578 5752 3853 5822 μετουσίαν
