4096 6456
230 345 340 411 833
1151 351 1230 410 ΙΝ
1272 352 1516 416 EPIST.
1559 355 1620 414 S.
1659 353 1944 417 BASlLII
1978 356 2079 416 AD
2110 355 2535 418 EPISCOPOS.
3345 359 3448 424 834

232 479 539 549 ὼνήσηταιο
579 478 647 534 Τὸ
680 479 957 548 ἀργύριόν
991 493 1105 531 σου
1135 479 1255 531 σὺν
1279 483 1375 534 σοὶ
1404 483 1497 547 ειη
1528 483 1614 547 είς
1638 479 1787 534 dati)-
1822 482 1849 536 Α

1822 482 1864 537 Α
1905 481 2042 538 ritus
2087 481 2260 536 sancti
2295 479 2759 550 participationem
2802 487 2999 564 emeret
3038 496 3051 531 :
3091 476 3317 531 Pecunia
3352 491 3439 532 ιιια

233 565 426 616 λείαν.
485 567 818 636 Κουφότερος
866 568 971 637 γὰρ
1023 569 1052 619 6
1099 567 1168 619 δι’
1193 570 1442 638 ἀπειρίαν
1484 571 1790 640 ὠνήσασθαι

1903 589 2066 630 tecum
2103 575 2171 626 sit
2207 573 2260 624 in
2311 570 2647 637 perditionem
2702 567 2742 620 ⁸.
2801 565 2933 619 Nam
2976 568 3146 621 levius
3181 568 3445 638 delinquit

237 653 458 723 θέλωνῆ
489 655 516 705 6
541 657 856 726 πιπράσκων
890 659 986 726 τὴν
1029 656 1118 710 τοῦ
1151 659 1283 710 θεοῦ
1321 659 1543 729 δωρεάν.
1588 662 1788 730 Πρᾶσις

1904 665 1993 733 qui
2021 679 2126 732 pra:
2163 662 2375 717 insoltia
2407 673 2586 713 emere
2617 657 2762 718 vult,
2789 672 2948 725 quam
2980 659 3070 726 qui
3115 657 3203 711 Dei
3244 661 3443 712 donum

235 742 347 812 γὰρ
391 745 618 809 ἐγένετο·
661 747 750 798 καὶ
784 745 814 794 ὂ
857 747 918 798 σὺ
953 747 1156 815 δωρεὰν
1189 747 1395 812 ἔλαϐες,
1441 749 1535 801 ἐὰν
1582 751 1786 818 πωλῇς.

1905 751 2108 804 vendit.
2141 749 2390 802 Venditio
2417 749 2560 801 enim
2605 745 2744 798 facta
2781 755 2894 808 est;
2928 747 3146 813 etquod
3188 755 3242 799 tu
3275 750 3443 816 gratis

236 831 437 884 ὡσανεὶ
599 836 940 902 πεπραμένος
971 835 1046 903 τῷ
1079 837 1306 905 Σατανᾷ,
1331 839 1670 909 ἀφαιρεθήσῃ
1696 839 1788 890 τοῦ

1905 835 2158 903 accepisti
2182 873 2195 895 ,
2227 835 2280 886 id
2310 835 2354 886 si
2389 832 2712 894 vendideris,
2743 841 2992 900 tanquam
3010 832 3224 888 Satanae
3260 839 3411 888 vendi
3431 866 3444 875 -

234 920 587 988 χαρίσματος.
635 923 942 993 Καπηλείαν
991 925 1095 994 γὰρ
1133 927 1439 991 ὲπεισάγεις
1473 931 1583 989 τοῖς
1632 945 1790 980 πνευ-

1906 931 1993 977 tus
2037 923 2208 990 gratia
2242 923 2539 989 privabere.
2570 918 2704 972 Nam
2741 921 3123 989 cauponariatu
3150 922 3448 976 introducis

238 1013 519 1077 ματικοίς,
569 1012 660 1063 καὶ
720 1015 782 1082 τῇ
835 1011 1155 1083 Ἐκκλησία,
1205 1015 1328 1066 ἔνθα
1385 1017 1788 1086 πεπιστεύμεθα

1907 1012 1962 1064 in
1989 1027 2077 1065 res
2111 1012 2440 1079 spirituales,
2473 1018 2526 1061 et
2565 1009 2620 1062 in
2661 1009 2830 1076 ipsam
2863 1009 3179 1074 Ecclesium,
3209 1012 3298 1064 ubi
3329 1028 3445 1064 cor-

237 1095 397 1165 σῶμα
432 1098 521 1148 καὶ
564 1093 699 1166 αἷμα
739 1099 991 1168 Χριστοῦ.
1031 1101 1209 1153 Ταῦτα
1255 1102 1394 1152 οὕτω
1444 1103 1684 1168 γίνεσῦαι
1727 1107 1786 1156 οὐ

1908 1115 2007 1168 pus
2046 1108 2098 1151 et
2128 1099 2350 1167 sanguis
2382 1097 2583 1150 Christi
2614 1095 2924 1148 concredita
2956 1098 3111 1150 nobis
3148 1107 3291 1152 sunt.
3328 1099 3447 1153 Haec

232 1187 359 1255 χρή.
410 1187 473 1238 Ὃ
499 1186 553 1237 δέ
587 1187 699 1237 ἐστι
732 1203 1004 1255 τεχνασμα
1025 1221 1040 1247 ,
1194 1188 1354 1254 λέγω.
1389 1190 1682 1258 Νομίζουσι
1713 1193 1784 1261 μὴ

1908 1191 1976 1242 ita
2017 1189 2130 1241 ﬁeri
2165 1204 2270 1243 non
2322 1194 2554 1255 oportet.
2597 1185 2765 1249 Quale
2813 1194 2990 1238 autem
3040 1189 3110 1239 sit
3141 1188 3447 1253 artiﬁcium,

234 1275 567 1344 ἁμαρτάνειν
609 1275 686 1344 τῷ
738 1276 810 1343 μὴ
856 1277 1285 1345 προλαμϐάνειν,
1326 1277 1459 1330 ἀλλὰ
1512 1280 1645 1347 μετὰ
1690 1282 1787 1350 τήν

1908 1278 2102 1330 dicam.
2135 1278 2328 1328 Putant
2356 1291 2412 1328 se
2437 1275 2556 1327 ideo
2585 1289 2690 1326 non
2726 1287 2952 1341 peccare
2977 1313 2991 1336 ,
3021 1276 3161 1342 quod
3191 1292 3297 1328 non
3329 1287 3450 1330 ante

232 1365 564 1435 χειροτονίαν
592 1366 898 1435 λαμϐάνειν.
921 1367 1113 1419 Λαϐεἰν
1133 1368 1188 1418 δὲ
1209 1367 1352 1417 ἔστιν
1376 1368 1462 1418 ὅτε
1491 1368 1552 1433 δή
1581 1385 1704 1419 ποτε
1728 1369 1786 1420 τὸ

1909 1368 2208 1433 accipiant,
2261 1366 2353 1416 sed
2400 1374 2519 1430 post
2573 1364 2965 1416 ordinationem
3017 1367 3304 1434 accipiant.
3348 1368 3454 1419 Ac-

232 1452 438 1506 λαϐεἰν.
1908 1456 2087 1522 ciperc
2118 1461 2297 1505 autem
2351 1459 2432 1504 est
2465 1451 2898 1518 quandocunque
2934 1451 3198 1518 accipere.

388 1541 690 1610 Παρακαλῶ
721 1539 808 1594 οὖν
840 1543 1038 1613 ταύτην
1063 1546 1158 1612 τὴν
1189 1544 1442 1614 πρόσοδον
1463 1585 1476 1606 ,
1507 1546 1699 1614 μᾶλλον
1728 1548 1783 1598 δὲ

2066 1542 2212 1609 Rogo
2247 1542 2453 1608 itaque,
2502 1539 2730 1592 reditum
2757 1541 2928 1602 illum,
2960 1541 3066 1593 imo
3107 1543 3285 1608 potius
3313 1542 3451 1594 viam

227 1633 329 1701 τὴν
365 1635 718 1702 προσαγωγὴν
752 1634 844 1702 τὴν
871 1635 962 1685 ἐπὶ
993 1635 1210 1700 γέενναν
1239 1636 1521 1686 ἀπόθεσθε
1555 1638 1646 1686 καὶ
1683 1643 1775 1706 μὴ,

1914 1627 1964 1680 itt
2015 1629 2310 1694 gehennam
2370 1625 2655 1679 ducentem
2721 1625 3049 1693 relinquite,
3113 1642 3210 1679 nec
3265 1643 3454 1680 manus

229 1723 330 1784 τὰς
366 1725 546 1790 χεῖρας
587 1723 902 1790 μολύναντες
940 1723 1194 1784 τοιούτοις
1231 1724 1526 1791 λήμμασιν,
1559 1726 1778 1785 ἑαυτοὺς
1835 1770 1846 1822 Ι

1838 1770 1872 1822 Β
1909 1715 2174 1782 ejusmodi
2212 1715 2524 1768 muneribus
2572 1716 3034 1778 contaminantes,
3072 1715 3320 1784 indignos
3361 1734 3455 1771 vos

229 1812 480 1876 ἀναξίους
504 1813 760 1878 ποιήσητε
787 1811 878 1861 τοῦ
901 1811 1160 1862 ἐπιτελεῖν
1185 1813 1322 1877 ἁγνὰ
1487 1814 1772 1880 μυστήρια.
1835 1805 1846 1822 ¹

1838 1805 1872 1822 ”
1910 1805 2173 1866 etiieiatis,
2207 1806 2296 1872 qui
2331 1805 2588 1873 mysteria
2633 1811 2820 1856 sancta
2855 1805 3156 1859 celebretis.
3191 1807 3455 1874 Ignoscite

230 1900 512 1966 Σύγγνωτε
552 1901 606 1951 δέ
647 1916 752 1967 μοι.
802 1900 1017 1968 Πρῶτον
1051 1901 1146 1968 μὲν
1185 1900 1255 1960 ὡς
1433 1898 1732 1966 ἀπιστήσας
1759 1937 1773 1960 ,

1912 1905 2087 1946 autem
2112 1895 2261 1947 mihi.
2289 1893 2526 1947 Primum
2550 1895 2768 1962 quidem
2797 1902 3049 1962 tanquam
3076 1911 3182 1948 non
3208 1899 3453 1963 credens,

227 1985 350 2042 εἶτα
377 1991 449 2052 ὡς
467 1989 699 2048 πεισθεὶς
719 1989 939 2040 ἀπειλῶ.
977 1988 1040 2040 Εἴ
1063 2006 1140 2048 τις
1173 1989 1307 2056 μετὰ
1333 1988 1530 2056 ταύτην
1557 2005 1656 2055 μου
1679 1987 1776 2055 τὴν

1913 1985 2104 2037 deinde
2158 1995 2409 2053 tanquam
2456 1983 2612 2037 (idem
2663 1984 2968 2047 adhibens,
3005 1986 3343 2040 interminor.
3400 1989 3455 2044 Si

229 2079 512 2146 ἐπιστολήν
563 2078 781 2146 πράξειε
831 2095 882 2129 τι
940 2078 1193 2139 τοιοῦτον,
1249 2078 1354 2128 τῶν
1409 2079 1506 2145 μὲν
1549 2076 1776 2128 ἐνταῦθα

1912 2075 2032 2140 quis
2058 2082 2177 2141 post
2207 2075 2344 2126 hanc
2386 2087 2557 2125 meam
2591 2073 2874 2141 epistolam
2906 2075 3009 2128 tale
3055 2077 3258 2143 aliquid
3287 2079 3458 2132 adtul-

228 2163 623 2232 θυσιαστηρξων
655 2165 992 2232 ἀναχωρήσει
1036 2182 1050 2196 ο
1189 2165 1408 2230 ζητήσει
1439 2163 1493 2213 δὲ
1525 2163 1651 2214 ἔνθα
1681 2163 1774 2225 τὴν

1915 2164 2075 2225 serit,
2114 2163 2180 2214 ab
2213 2162 2297 2215 his
2331 2163 2544 2229 quidem
2579 2178 2698 2230 qua:
2731 2163 2818 2217 hic
2861 2172 2988 2217 sunt
3019 2165 3279 2219 altaribus
3311 2183 3457 2221 sece~

222 2250 320 2300 τοῦ
375 2249 505 2300 θεοῦ
565 2249 767 2317 δωρεὰν
825 2250 1100 2319 ἀγοράζων
1156 2253 1487 2320 μεταπωλείν
1535 2254 1771 2306 δύναται.

1915 2255 2031 2308 det:
2065 2266 2266 2320 quaeret
2317 2265 2491 2306 autem
2526 2253 2620 2306 ubi
2665 2251 2758 2306 Dei
2804 2255 3004 2306 donum
3050 2269 3234 2307 cmens
3283 2255 3460 2306 denuo

240 2341 431 2409 Ἡμεῖς
473 2339 582 2410 γὰρ
627 2340 720 2392 καὶ
773 2341 824 2392 αἱ
877 2339 1190 2408 Ἐκκλησίαι
1237 2341 1328 2391 τοῦ
1371 2340 1501 2392 Θεοῦ
1529 2342 1776 2408 τοιαύτην

1913 2342 2199 2395 divendere
2226 2351 2407 2409 queat.
2645 2343 2753 2397 Nos
2780 2345 2920 2395 enim
2955 2359 3019 2395 ac
3059 2343 3151 2396 Dei
3203 2343 3459 2395 ECclesia:

231 2430 518 2498 συνήθειαν
555 2430 653 2482 οὐκ
691 2429 901 2498 ἔχομεν.
957 2430 1050 2482 Ἐν
1099 2430 1152 2480 δὲ
1185 2430 1435 2497 προσθεὶς
1483 2431 1774 2498 παύσομαι.

1913 2431 2353 2484 c.,nsuetudinem
2389 2432 2549 2484 talem
2585 2447 2690 2484 non
2724 2433 3004 2485 habemus.
3047 2433 3311 2484 Caeterum
3356 2447 3461 2483 uno

230 2517 330 2567 Διὰ
362 2516 718 2586 φιλαργυρίαν
748 2518 952 2584 γίνεται
993 2517 1180 2569 ταῦτα.
1238 2518 1299 2569 Ἦ
1340 2518 1395 2568 δὲ
1452 2519 1777 2588 φιλαργυρία

1913 2522 2094 2573 addito
2127 2521 2389 2575 desinam.
2423 2523 2644 2590 Propter
2675 2523 2951 2576 avaritiam
2989 2524 3087 2574 ista
3133 2524 3284 2574 ﬁunt.
3325 2523 3459 2574 Ava~

229 2605 326 2657 καὶ
358 2607 480 2676 ῥίζα
529 2608 737 2658 πάντων
775 2608 880 2658 τῶν
912 2609 1094 2659 κακῶν
1142 2611 1274 2669 ἐστι,
1319 2609 1410 2660 καὶ
1458 2609 1777 2676 ὀνομάζεται

1913 2611 2036 2661 ritia
2086 2621 2262 2662 autem
2299 2617 2352 2662 et
2382 2610 2535 2662 radix
2577 2611 2839 2662 malorum
2872 2610 3110 2662 omnium
3138 2620 3218 2662 est
3242 2649 3254 2671 ,
3289 2619 3340 2661 et
3373 2626 3463 2661 vo-

229 2692 652 2760 εἰδωλολατρεία.
688 2693 777 2762 Μὴ
821 2690 912 2746 οὖν
941 2695 1043 2763 πρὸ
1075 2695 1167 2747 τοῦ
1208 2697 1439 2764 Χριστοῦ
1618 2698 1778 2766 τιμή-

1913 2707 2068 2750 catur
2100 2699 2422 2751 idololatria.
2554 2698 2731 2752 Nolite
2761 2699 2926 2767 igitur
2964 2699 3181 2752 Christo
3213 2700 3466 2767 praeferre

229 2799 361 2850 σητε
411 2782 477 2833 τὰ
530 2783 720 2834 εἴδωλα
747 2783 833 2834 διὰ
877 2784 1065 2852 μικρὸν
1116 2785 1406 2855 ἀργύριον·
1459 2788 1590 2855 μηδὲ
1619 2788 1777 2840 πάλιν

1914 2787 2204 2841 simulacra
2248 2787 2316 2838 ob
2353 2787 2622 2840 modicum
2660 2797 2975 2854 argentum;
3015 2803 3111 2840 nec
3147 2805 3335 2842 rursus
3371 2789 3466 2841 Ju-

227 2871 321 2921 τὺν
369 2868 564 2921 Ἰούδαν
604 2869 930 2938 μιμήσησθε,
961 2871 1205 2940 λήμματι
1251 2875 1626 2944 παραδιδόντες
1657 2876 1776 2928 δεύ-

1912 2875 2033 2927 dam
2064 2876 2281 2936 imitari,
2319 2884 2556 2942 quaestus
2581 2891 2745 2928 causa
2783 2878 2975 2928 iterum
3011 2879 3286 2930 tradentes
3319 2894 3461 2935 cum.

227 2977 285 3011 τε
297 2977 386 3027 ρον
418 2961 506 3011 τὸν
531 2959 671 3024 ἅπαξ
708 2960 845 3030 ὑπὲρ
887 2962 1041 3030 ήμῶν
1071 2964 1461 3033 σταυρωθέντα.
1512 2967 1658 3018 Ἐπεὶ
1684 2967 1777 3019 καὶ

1913 2963 2004 3030 qui
2057 2962 2220 3015 semel
2263 2977 2358 3030 pro
2405 2962 2560 3015 nobis
2614 2962 2904 3014 cruciﬁxus
2952 2971 3052 3015 est.
3111 2964 3362 3031 Alioquin
3416 2973 3469 3018 ιι

228 3049 297 3100 τὰ
325 3049 495 3118 χωρία
542 3050 633 3100 καὶ
681 3049 735 3100 ai
785 3051 959 3118 χεῖρες
991 3050 1096 3103 τῶν
1136 3053 1258 3113 τοὺς
1296 3055 1536 3122 καρποὺς
1576 3054 1776 3108 τούτων

1915 3052 2028 3118 agri
2061 3061 2112 3104 et
2145 3064 2336 3102 manus
2367 3063 2591 3112 eorum,
2628 3049 2720 3117 qui
2753 3049 2849 3102 hos
2894 3048 3104 3102 fructus
3139 3052 3464 3118 percipiunt,

227 3136 531 3208 δεχομένων
570 3135 869 3206 Ἀκελδαμὰ
1045 3139 1418 3210 κληθήσονται.
1823 3122 1844 3177 (

1045 3139 1418 3210 κληθήσονται.
1823 3122 1867 3178 C
1911 3138 2199 3192 Aceldama
2227 3137 2586 3191 vocabuntur.

300 3246 489 3302 ΒᾹΛΣ.
519 3244 641 3307 Πῶς
660 3242 974 3306 κολάζονται
993 3243 1042 3294 oi
1066 3242 1154 3295 ἐπὶ
1169 3244 1409 3312 χρήμασι
1431 3243 1794 3312 χειροτονοῦν-ι

1974 3247 2165 3301 BALS.
2219 3248 2493 3313 Quomodo
2550 3246 2841 3316 puniuntur
2887 3249 2978 3318 qui
3025 3252 3265 3319 pecuniis
3319 3255 3469 3308 ordi-

222 3357 317 3405 τις
349 3338 443 3394 καὶ
474 3333 960 3408 χειροτονούμενοι,
995 3332 1205 3404 ἐρρήθη
1234 3331 1567 3401 πλατύτερον
1591 3333 1668 3394 είς
1695 3333 1792 3399 τὴν

1901 3348 2031 3390 nant
2061 3350 2111 3392 et
2145 3341 2494 3402 ordinantur,
2522 3340 2574 3392 in
2611 3353 2732 3393 can.
2767 3340 2836 3396 29
2881 3351 3190 3395 sanctorum
3247 3361 3466 3413 aposto-

226 3431 525 3502 ἑρμηνείαν
558 3427 652 3481 τοῦ
699 3425 779 3479 κθ⁹
819 3426 1040 3487 κανόνος
1081 3424 1188 3477 τῶν
1229 3424 1400 3491 ἁγίων
1437 3425 1790 3487 ἀποστόλων,

1901 3431 2070 3482 lorum
2106 3431 2553 3498 interpretatione
2585 3430 2754 3486 iusius
2785 3430 2986 3486 dictum
3013 3443 3117 3497 est,
3149 3434 3200 3486 in
3237 3450 3357 3489 can.
3391 3439 3422 3489 9.
3450 3479 3464 3502 ,

227 3527 308 3587 είς
339 3523 431 3575 τὸν
470 3520 515 3591 β’
545 3518 748 3573 κανόνα
771 3517 871 3587 τῆς
895 3515 937 3569 δ’
967 3516 1210 3577 συνόδου,
1243 3517 1321 3578 είς
1360 3514 1451 3567 τὸν
1485 3513 1564 3584 κβ⁹
1596 3516 1796 3568 κανόνα

1895 3534 2014 3588 syu.
2047 3519 2101 3585 4,
2140 3521 2190 3573 in
2223 3519 2458 3582 can.22,
2500 3535 2620 3589 syn.
2663 3522 2695 3573 6
2723 3531 2777 3575 et
2822 3522 2872 3574 in
2919 3523 2952 3575 5
3002 3532 3056 3577 et
3110 3524 3176 3577 t9
3229 3528 3467 3593 septima:

228 3617 328 3684 τῆς
359 3619 414 3676 ς’
441 3611 684 3672 συνόδου,
709 3609 803 3663 καὶ
831 3611 912 3671 είς
940 3607 1032 3662 τὸν
1058 3614 1099 3659 ε’
1121 3607 1212 3660 καὶ
1238 3606 1302 3658 ιθ¹
1332 3606 1432 3674 τῆς
1467 3605 1514 3670 ζ’
1541 3607 1760 3659 συνόδου
1781 3624 1794 3639 ο

1895 3627 2014 3682 syn.
2050 3621 2102 3664 et
2131 3612 2244 3680 lege
2272 3627 2367 3665 eos
2404 3627 2701 3680 eorumque
2759 3611 2919 3684 146
2966 3613 3467 3682 interpretationes.

229 3707 322 3760 καὶ
337 3702 605 3772 ἀνάγνωθι
632 3701 847 3761 τούτους
869 3702 960 3752 καὶ⁵
983 3699 1080 3762 τὰς
1101 3698 1395 3769 ἑρμηνείας
1419 3698 1616 3752 αὐτῶν.
1643 3699 1796 3751 Ἐπεὶ

1897 3703 2160 3767 Quoniam
2217 3713 2393 3756 autem
2429 3717 2665 3772 praesens
2718 3716 2931 3774 quoque
2975 3705 3240 3772 epistola,
3302 3718 3359 3760 ut
3413 3719 3468 3761 et

227 3797 281 3849 δὲ
312 3797 406 3849 καὶ
435 3799 468 3864 ὴ
498 3793 746 3863 παροῦσα
776 3790 1032 3861 ἐπιστολὴ
1056 3832 1070 3857 ,
1098 3791 1172 3854 ὡς
1206 3790 1302 3843 καὶ
1327 3791 1376 3842 οί
1409 3791 1634 3853 κανόνες
1656 3829 1672 3854 ,
1702 3808 1796 3842 κα-

1895 3809 2151 3854 canones.
2185 3795 2504 3862 depositioni
2538 3793 2779 3862 subiicit,
2814 3805 2918 3848 tarn
2950 3810 3042 3849 eos
3067 3799 3157 3864 qui
3188 3799 3465 3862 ordinant,

229 3887 470 3959 θαιρέσει
494 3883 890 3938 καθυποϐάλλει
918 3883 1042 3945 τοὺς
1080 3880 1522 3952 χειροτονοῦντας
1549 3883 1647 3936 καὶ
1671 3883 1796 3944 τοὺς

1897 3901 2054 3954 quam
2086 3886 2176 3952 qui
2207 3889 2546 3949 ordinantur,
2578 3884 2696 3960 sive.
2717 3895 2839 3937 ante
2859 3888 3250 3940 ordina:ionem
3299 3904 3463 3955 pecu-

229 3976 757 4052 χειροτονουμόνους,
796 3973 895 4027 κᾶν
930 3973 1036 4042 πρὸ
1065 3975 1162 4042 τῆς
1193 3973 1529 4044 χειροτονίας
1560 3973 1795 4028 λάϐωσιν

1896 3977 2014 4030 nias
2037 3976 2340 4043 acceperint
2368 3976 2447 4028 vel
2467 3975 2746 4038 dederint;
2769 3976 2882 4029 sive
2903 3988 3022 4044 pOst
3048 3977 3463 4032 ordinationem:

228 4077 261 4143 ἢ
290 4072 520 4127 δώσουσι
551 4070 833 4140 χρήματα,
866 4065 968 4118 κᾶν
1001 4064 1139 4134 μετὰ
1167 4066 1265 4133 τήν
1296 4067 1632 4134 χειροτονίαν
1659 4082 1676 4099 ο
1705 4065 1798 4117 σύ-

1895 4079 1947 4121 et
1976 4067 2089 4120 hinc
2121 4077 2174 4119 et
2203 4066 2288 4118 Illa
2314 4065 2601 4133 c0njunge,
2623 4076 2675 4119 et
2709 4083 2802 4135 per
2831 4067 3066 4136 gladium
3101 4070 3346 4137 spiritus,
3372 4071 3463 4137 qui

233 4169 400 4236 ναψον
427 4163 602 4216 ταῦτα
630 4176 688 4212 τε
719 4161 968 4222 κάκεῖνα,
998 4159 1092 4210 καὶ
1124 4157 1210 4211 διὰ
1242 4159 1341 4227 τῆς
1372 4162 1568 4228 νοητῆς
1597 4158 1799 4228 μαχαί.

1898 4157 2217 4226 intelligitur
2245 4196 2260 4221 ,
2288 4155 2530 4208 avaritia:
2570 4156 3028 4225 perturbationem
3051 4197 3064 4219 ,
3122 4159 3296 4226 quoad
3353 4163 3469 4224 eius

229 4278 332 4334 ρας
370 4257 464 4312 τοῦ
502 4253 816 4321 Πνιύματης
849 4251 908 4303 τό
940 4251 1038 4318 τῆς
1076 4250 1438 4318 φιλαργυρίας
1480 4250 1647 4311 πάθος
1671 4293 1683 4313 ,
1721 4250 1795 4310 ὠς
1828 4309 1846 4334 Ι

1853 4312 1868 4334 ἱ
1901 4249 2013 4303 ﬁeri
2041 4258 2234 4317 potest,
2267 4248 2521 4301 radicitus
2548 4249 2830 4300 exscinde.
2875 4248 3078 4300 Przedia
3109 4257 3310 4312 autem,
3348 4266 3470 4316 qua:

224 4309 776 4417 ἕλλόιζοτόμήσον.
797 4309 891 4392 γτὰ
925 4309 1109 4408 μέντοι
1135 4309 1478 4406 cantio-395a
1509 4309 1682 4406 χωρία
1707 4309 1792 4390 διά
1827 4309 1841 4362 1

1849 4310 1868 4361 )
1898 4309 2159 4406 ejusmodi
2187 4309 2430 4406 pecuniis
2457 4348 2710 4397 emuntur
2735 4375 2749 4400 ,
2780 4338 3190 4405 appellabuntur
3215 4377 3227 4399 ,
3258 4309 3429 4404 inquit
3451 4376 3466 4398 ,

223 4444 336 4497 τῶν
354 4439 610 4492 τοιούτων
639 4432 936 4504 χρημάτων
966 4429 1288 4496 Ἀκέλὸαμα,
1312 4429 1464 4497 φησὶ,
1498 4428 1794 4497 κληθήσον-

1899 4430 2210 4491 Akeldama,
2238 4429 2379 4496 quod
2412 4437 2494 4482 cst
2524 4427 2840 4480 Hebraicum
2873 4466 2888 4489 ,
2925 4437 2980 4480 et
3029 4427 3214 4480 Cra-ee
3244 4445 3465 4493 exples-

223 4552 317 4589 ται
339 4535 476 4600 δπερ
521 4525 804 4596 Ἐϐραῖκόν
833 4527 970 4585 ἐστι,
1004 4523 1097 4575 καὶ
1128 4521 1622 4590 ὲξελληνιζόμενον,
1659 4520 1789 4589 τιμὴ

1899 4538 2042 4587 sum,
2073 4521 2300 4591 pretium
2332 4529 2385 4570 et
2438 4517 2694 4584 pra‘dium
2731 4517 3012 4583 sanguinis
3047 4517 3463 4584 interpretatur;

227 4630 325 4680 καὶ
351 4623 546 4693 χωρίον
569 4619 797 4687 αἵματος
819 4613 1199 4684 ἑρμηνεύεται,
1225 4613 1438 4681 είρηται
1462 4613 1519 4665 ὲν
1535 4615 1600 4682 τῇ
1628 4612 1794 4681 βίϐλῳ

1892 4614 2092 4667 dictum
2127 4611 2181 4664 in
2206 4611 2344 4663 libro
2371 4612 2622 4661 Actuum.
2654 4609 2766 4660 Hoc
2797 4616 2879 4660 est
2905 4617 3101 4670 autem,
3138 4608 3277 4674 quod
3305 4609 3467 4671 dicit;

229 4716 341 4771 τῶν
375 4712 653 4780 Πρὰξεων.
688 4706 857 4760 Τοῦτο
889 4706 944 4757 δέ
977 4706 1123 4756 ἐστιν
1153 4704 1180 4755 ὃ
1209 4704 1381 4770 λέγει,
1414 4704 1520 4767 ὅτι,
1547 4702 1740 4771 ὥσπερ
1767 4703 1794 4753 6

1900 4705 2039 4770 quod
2071 4702 2518 4768 quemadmodum
2551 4713 2697 4766 ager,
2729 4698 2819 4764 qui
2847 4708 3058 4764 emptus
3089 4710 3171 4751 est
3213 4699 3467 4766 pecunia,

228 4811 319 4863 διὰ
365 4805 476 4857 τῶν
529 4801 828 4870 ἀργυρίων,
879 4791 955 4850 ὧν
992 4795 1204 4865 ἐπράθη
1249 4795 1336 4847 διὰ
1385 4792 1481 4845 τοῦ
1543 4793 1712 4846 Ἰούδα
1766 4793 1796 4844 6

1899 4808 2003 4862 qua
2039 4792 2287 4846 venditus
2309 4801 2391 4845 est
2418 4807 2447 4843 a
2479 4788 2616 4844 luda
2649 4789 2935 4852 Dominus,
2966 4789 3196 4858 pretium
3245 4792 3467 4858 stingui.

233 4897 460 4968 Κύριος,
509 4887 834 4959 ἀγορασθεὶς
888 4887 1054 4955 ἀγρδις
1104 4885 1236 4953 τιμὴ
1283 4886 1512 4952 αἵματος
1567 4882 1788 4952 ἐκλήθη,

1901 4886 1985 4937 nis
2016 4892 2097 4936 est
2127 4882 2422 4951 appellatus
2457 4898 2470 4933 :
2509 4880 2582 4932 ita
2613 4886 2666 4933 et
2701 4879 2960 4946 pecuniae,
2997 4893 3116 4948 qua:
3160 4877 3233 4931 ab
3277 4879 3343 4930 iis
3377 4893 3467 4930 ορ-

230 4989 378 5042 οὓτω
440 4983 534 5037 καὶ
593 4983 662 5033 τὰ
726 4975 1112 5045 λαμϐανόμενα
1176 4974 1416 5044 ἀργύρια
1477 4976 1626 5042 παρὰ
1685 4973 1793 5024 τῶν

1901 4975 2193 5042 cipiuntur,
2223 4974 2312 5039 qui
2347 4969 2559 5023 Domini
2600 4970 2816 5023 domum
2844 4969 3080 5023 vendunt
3111 5008 3125 5032 ,
3173 4979 3232 5021 et
3268 4969 3469 5022 disces--

234 5079 558 5133 πωλούντων
576 5072 674 5140 τὴν
699 5067 907 5137 δωρεάν
933 5066 1022 5119 τοῦ
1052 5067 1209 5128 Θεοῦ,
1240 5066 1332 5117 καὶ
1360 5065 1414 5116 αί
1442 5065 1670 5132 ἐνορίαι,
1701 5067 1794 5116 καὶ

1901 5079 2007 5128 ses,
2041 5075 2092 5119 et
2124 5063 2250 5127 vici,
2285 5063 2336 5113 in
2371 5061 2566 5129 quibus
2596 5059 2672 5114 illi
2707 5059 2796 5127 qui
2823 5058 3310 5123 dantordinantur,
3346 5075 3469 5127 prc-

235 5173 290 5226 αί
312 5168 496 5235 κῶμαι
514 5167 570 5216 ὲν
588 5158 674 5224 αῖς
699 5160 747 5215 οἱ
763 5158 993 5219 διδόντες
1009 5156 1460 5226 χειροτονοῦνται,
1479 5154 1613 5225 τιμὴ
1631 5155 1797 5222 αἵμα-

1455 5154 1797 5225 ,τιμὴαῖμα-
1903 5157 2034 5210 tiutn
2069 5151 2343 5223 sanguinis
2373 5161 2534 5207 erunt
2565 5162 2617 5206 et
2647 5150 3072 5220 appellabuntur.

231 5278 323 5321 τος
361 5258 573 5310 ῑσονται
605 5253 698 5305 καὶ
731 5250 1118 5319 κληθήσονται.

303 5347 547 5402 ΖΩΝΔΡ.
593 5343 732 5412 Πρὸς
773 5341 896 5403 τοὺς
943 5340 1172 5402 οἰκείους
1215 5340 1287 5409 (α)
1334 5338 1668 5401 ἐπισκόπους
1709 5336 1801 5403 ἔγ-

1977 5331 2228 5388 ZONAR.
2287 5335 2368 5386 Ad
2418 5333 2701 5402 episcopos
2774 5345 2901 5388 suos
2965 5330 3190 5400 scripsit
3244 5341 3467 5382 sanctus

361 5581 482 5634 Act.
519 5591 632 5638 \‘tll,
656 5576 750 5630 20.

294 5697 367 5759 ia)
395 5695 459 5743 lix
485 5691 652 5741 codice
677 5688 1081 5748 Amerbachiauo,
1107 5685 1156 5736 in
1188 5683 1316 5735 notis
1341 5683 1626 5747 Beveregii.
