  <div class='ocr_page' id='page_1' title='image "/cluster/home/n/w/nwhite01/storage/ocr_20150623/138/uva.x030486987/478.png"; bbox 0 0 4096 6476; ppageno 0'>
   <div class='ocr_carea' id='block_1_1' title="bbox 168 374 278 450">
    <p class='ocr_par' dir='ltr' id='par_1_1' title="bbox 168 374 278 450">
     <span class='ocr_line' id='line_1_1' title="bbox 168 374 278 450; baseline 0 -1"><span class='ocrx_word' id='word_1_1' title='bbox 168 374 278 450; x_wconf 84' lang='lat'><strong>837</strong></span> 
     </span>
    </p>
   </div>
   <div class='ocr_carea' id='block_1_2' title="bbox 1118 385 2496 456">
    <p class='ocr_par' dir='ltr' id='par_1_2' title="bbox 1118 385 2496 456">
     <span class='ocr_line' id='line_1_2' title="bbox 1118 385 2496 456; baseline 0.005 -7"><span class='ocrx_word' id='word_1_2' title='bbox 1118 387 1198 450; x_wconf 84' lang='lat' dir='ltr'><strong>IN</strong></span> <span class='ocrx_word' id='word_1_3' title='bbox 1229 388 1472 452; x_wconf 78' lang='lat' dir='ltr'><strong>EPIST.</strong></span> <span class='ocrx_word' id='word_1_4' title='bbox 1503 390 1564 452; x_wconf 91' lang='lat' dir='ltr'><strong>S.</strong></span> <span class='ocrx_word' id='word_1_5' title='bbox 1599 385 1886 450; x_wconf 77' lang='lat' dir='ltr'><strong>BASILII</strong></span> <span class='ocrx_word' id='word_1_6' title='bbox 1921 389 2024 450; x_wconf 81' lang='grc' dir='ltr'><strong>ΔΙ)</strong></span> <span class='ocrx_word' id='word_1_7' title='bbox 2062 390 2496 456; x_wconf 84' lang='lat' dir='ltr'><strong>EPISCOPOS.</strong></span> 
     </span>
    </p>
   </div>
   <div class='ocr_carea' id='block_1_3' title="bbox 3335 397 3442 463">
    <p class='ocr_par' dir='ltr' id='par_1_3' title="bbox 3335 397 3442 463">
     <span class='ocr_line' id='line_1_3' title="bbox 3335 397 3442 463; baseline 0 0"><span class='ocrx_word' id='word_1_8' title='bbox 3335 397 3442 463; x_wconf 82' lang='lat'><strong>838</strong></span> 
     </span>
    </p>
   </div>
   <div class='ocr_carea' id='block_1_4' title="bbox 170 495 1763 576">
    <p class='ocr_par' dir='ltr' id='par_1_4' title="bbox 170 495 1762 572">
     <span class='ocr_line' id='line_1_4' title="bbox 170 495 1762 572; baseline 0.003 -21"><span class='ocrx_word' id='word_1_9' title='bbox 170 495 486 567; x_wconf 79' lang='grc' dir='ltr'><strong>Παρακαλῶ</strong></span> <span class='ocrx_word' id='word_1_10' title='bbox 512 496 626 564; x_wconf 81' lang='grc' dir='ltr'><strong>οῦν,</strong></span> <span class='ocrx_word' id='word_1_11' title='bbox 653 497 918 552; x_wconf 75' lang='grc' dir='ltr'><strong>ἀπόθεσθε</strong></span> <span class='ocrx_word' id='word_1_12' title='bbox 947 499 1149 572; x_wconf 85' lang='grc' dir='ltr'><strong>ταύτην</strong></span> <span class='ocrx_word' id='word_1_13' title='bbox 1175 501 1277 571; x_wconf 82' lang='grc' dir='ltr'><strong>τὴν</strong></span> <span class='ocrx_word' id='word_1_14' title='bbox 1306 503 1592 571; x_wconf 86' lang='grc' dir='ltr'><strong>πρόσοδον,</strong></span> <span class='ocrx_word' id='word_1_15' title='bbox 1625 503 1762 572; x_wconf 82' lang='grc' dir='ltr'><strong>μᾶλ-</strong></span> 
     </span>
    </p>
   </div>
   <div class='ocr_carea' id='block_1_5' title="bbox 1870 495 3446 576">
    <p class='ocr_par' dir='ltr' id='par_1_5' title="bbox 1870 503 3446 576">
     <span class='ocr_line' id='line_1_5' title="bbox 1870 503 3446 576; baseline 0.006 -20"><span class='ocrx_word' id='word_1_16' title='bbox 1870 512 1952 557; x_wconf 85' lang='lat' dir='ltr'><strong>est</strong></span> <span class='ocrx_word' id='word_1_17' title='bbox 1971 506 2400 574; x_wconf 89' lang='lat' dir='ltr'><strong>quandocunque</strong></span> <span class='ocrx_word' id='word_1_18' title='bbox 2417 506 2683 576; x_wconf 80' lang='lat' dir='ltr'><strong>accipere.</strong></span> <span class='ocrx_word' id='word_1_19' title='bbox 2705 503 2962 571; x_wconf 79' lang='lat' dir='ltr'><strong>Quamvis</strong></span> <span class='ocrx_word' id='word_1_20' title='bbox 2982 503 3126 560; x_wconf 88' lang='lat' dir='ltr'><strong>enim</strong></span> <span class='ocrx_word' id='word_1_21' title='bbox 3151 507 3275 574; x_wconf 71' lang='lat' dir='ltr'><strong>quis</strong></span> <span class='ocrx_word' id='word_1_22' title='bbox 3295 509 3446 576; x_wconf 78' lang='lat' dir='ltr'><strong>priul</strong></span> 
     </span>
    </p>
   </div>
   <div class='ocr_carea' id='block_1_6' title="bbox 163 589 1754 665">
    <p class='ocr_par' dir='ltr' id='par_1_6' title="bbox 163 589 1754 665">
     <span class='ocr_line' id='line_1_6' title="bbox 163 589 1754 665; baseline 0.004 -23"><span class='ocrx_word' id='word_1_23' title='bbox 163 589 258 643; x_wconf 86' lang='grc' dir='ltr'><strong>λον</strong></span> <span class='ocrx_word' id='word_1_24' title='bbox 289 592 349 645; x_wconf 64' lang='grc' dir='ltr'><strong>δί</strong></span> <span class='ocrx_word' id='word_1_25' title='bbox 379 591 478 662; x_wconf 71' lang='grc' dir='ltr'><strong>τὴν</strong></span> <span class='ocrx_word' id='word_1_26' title='bbox 510 593 878 663; x_wconf 76' lang='grc' dir='ltr'><strong>προσαγωγὴν</strong></span> <span class='ocrx_word' id='word_1_27' title='bbox 912 593 1011 663; x_wconf 74' lang='grc' dir='ltr'><strong>τὴν</strong></span> <span class='ocrx_word' id='word_1_28' title='bbox 1043 594 1137 646; x_wconf 68' lang='grc' dir='ltr'><strong>ἐπὶ</strong></span> <span class='ocrx_word' id='word_1_29' title='bbox 1168 596 1397 662; x_wconf 80' lang='grc' dir='ltr'><strong>γέενναν</strong></span> <span class='ocrx_word' id='word_1_30' title='bbox 1420 611 1437 628; x_wconf 79' lang='grc' dir='ltr'><strong><em>ο</em></strong></span> <span class='ocrx_word' id='word_1_31' title='bbox 1472 598 1504 664; x_wconf 76' lang='grc' dir='ltr'>ἡ</span> <span class='ocrx_word' id='word_1_32' title='bbox 1543 596 1654 665; x_wconf 73' lang='grc' dir='ltr'><strong>γὰρ</strong></span> <span class='ocrx_word' id='word_1_33' title='bbox 1689 597 1754 649; x_wconf 77' lang='grc' dir='ltr'><strong>ὲκ</strong></span> 
     </span>
    </p>
   </div>
   <div class='ocr_carea' id='block_1_7' title="bbox 163 680 1753 758">
    <p class='ocr_par' dir='ltr' id='par_1_7' title="bbox 163 680 1753 758">
     <span class='ocr_line' id='line_1_7' title="bbox 163 680 1753 758; baseline 0.004 -25"><span class='ocrx_word' id='word_1_34' title='bbox 163 680 428 751; x_wconf 83' lang='grc' dir='ltr'><strong>τοιαύτης</strong></span> <span class='ocrx_word' id='word_1_35' title='bbox 478 683 654 747; x_wconf 80' lang='grc' dir='ltr'><strong>αἰτίας</strong></span> <span class='ocrx_word' id='word_1_36' title='bbox 701 683 966 753; x_wconf 75' lang='grc' dir='ltr'><strong>πρόσοδος</strong></span> <span class='ocrx_word' id='word_1_37' title='bbox 1006 686 1274 755; x_wconf 74' lang='grc' dir='ltr'><strong>προσάγει</strong></span> <span class='ocrx_word' id='word_1_38' title='bbox 1304 690 1369 757; x_wconf 78' lang='grc' dir='ltr'><strong>τῇ</strong></span> <span class='ocrx_word' id='word_1_39' title='bbox 1419 690 1612 758; x_wconf 82' lang='grc' dir='ltr'><strong>γεέννῃ</strong></span> <span class='ocrx_word' id='word_1_40' title='bbox 1663 687 1753 740; x_wconf 81' lang='grc' dir='ltr'><strong>τὸν</strong></span> 
     </span>
    </p>
   </div>
   <div class='ocr_carea' id='block_1_8' title="bbox 164 772 1756 848">
    <p class='ocr_par' dir='ltr' id='par_1_8' title="bbox 164 772 1756 848">
     <span class='ocr_line' id='line_1_8' title="bbox 164 772 1756 848; baseline 0.006 -25"><span class='ocrx_word' id='word_1_41' title='bbox 164 772 453 842; x_wconf 76' lang='grc' dir='ltr'><strong>χρώμενον</strong></span> <span class='ocrx_word' id='word_1_42' title='bbox 471 775 628 846; x_wconf 78' lang='grc' dir='ltr'><strong>αὐτῇ.</strong></span> <span class='ocrx_word' id='word_1_43' title='bbox 649 775 756 829; x_wconf 75' lang='grc' dir='ltr'><strong>Καὶ</strong></span> <span class='ocrx_word' id='word_1_44' title='bbox 784 777 857 848; x_wconf 74' lang='grc' dir='ltr'><strong>μὴ</strong></span> <span class='ocrx_word' id='word_1_45' title='bbox 878 777 978 840; x_wconf 80' lang='grc' dir='ltr'><strong>τὰς</strong></span> <span class='ocrx_word' id='word_1_46' title='bbox 997 781 1184 847; x_wconf 74' lang='grc' dir='ltr'><strong>χεῖρας</strong></span> <span class='ocrx_word' id='word_1_47' title='bbox 1203 779 1521 848; x_wconf 84' lang='grc' dir='ltr'><strong>μολύνοντες</strong></span> <span class='ocrx_word' id='word_1_48' title='bbox 1539 778 1646 833; x_wconf 78' lang='grc' dir='ltr'><strong>ἀπὸ</strong></span> <span class='ocrx_word' id='word_1_49' title='bbox 1660 779 1756 832; x_wconf 86' lang='grc' dir='ltr'><strong>τοῦ</strong></span> 
     </span>
    </p>
   </div>
   <div class='ocr_carea' id='block_1_9' title="bbox 164 864 1756 941">
    <p class='ocr_par' dir='ltr' id='par_1_9' title="bbox 164 864 1756 941">
     <span class='ocr_line' id='line_1_9' title="bbox 164 864 1756 941; baseline 0.006 -27"><span class='ocrx_word' id='word_1_50' title='bbox 164 864 475 933; x_wconf 75' lang='grc' dir='ltr'><strong>λαμϐάνειν</strong></span> <span class='ocrx_word' id='word_1_51' title='bbox 497 905 509 926; x_wconf 87' lang='grc'><strong>,</strong></span> <span class='ocrx_word' id='word_1_52' title='bbox 539 867 647 918; x_wconf 81' lang='grc' dir='ltr'><strong>ἀπὸ</strong></span> <span class='ocrx_word' id='word_1_53' title='bbox 695 869 879 937; x_wconf 80' lang='grc' dir='ltr'><strong>πόρων</strong></span> <span class='ocrx_word' id='word_1_54' title='bbox 911 870 1171 922; x_wconf 80' lang='grc' dir='ltr'><strong>τοιούτων</strong></span> <span class='ocrx_word' id='word_1_55' title='bbox 1206 871 1460 936; x_wconf 75' lang='grc' dir='ltr'><strong>ἀναξίους</strong></span> <span class='ocrx_word' id='word_1_56' title='bbox 1491 873 1756 941; x_wconf 81' lang='grc' dir='ltr'><strong>ποιήσητε</strong></span> 
     </span>
    </p>
   </div>
   <div class='ocr_carea' id='block_1_10' title="bbox 165 952 1756 1034">
    <p class='ocr_par' dir='ltr' id='par_1_10' title="bbox 165 952 1756 1034">
     <span class='ocr_line' id='line_1_10' title="bbox 165 952 1756 1034; baseline 0.004 -26"><span class='ocrx_word' id='word_1_57' title='bbox 165 952 400 1016; x_wconf 71' lang='grc' dir='ltr'><strong>ἑαυτοὺς</strong></span> <span class='ocrx_word' id='word_1_58' title='bbox 426 954 514 1007; x_wconf 83' lang='grc' dir='ltr'><strong>τοῦ</strong></span> <span class='ocrx_word' id='word_1_59' title='bbox 537 958 1092 1026; x_wconf 75' lang='grc' dir='ltr'><strong>μεταχειρίζεσθαιτὰ</strong></span> <span class='ocrx_word' id='word_1_60' title='bbox 1113 960 1244 1028; x_wconf 81' lang='grc' dir='ltr'><strong>ἆγια</strong></span> <span class='ocrx_word' id='word_1_61' title='bbox 1277 962 1569 1031; x_wconf 75' lang='grc' dir='ltr'><strong>μυστήρια,</strong></span> <span class='ocrx_word' id='word_1_62' title='bbox 1589 964 1756 1034; x_wconf 67' lang='grc' dir='ltr'><strong>ἤγουν</strong></span> 
     </span>
    </p>
   </div>
   <div class='ocr_carea' id='block_1_11' title="bbox 163 1045 1756 1123">
    <p class='ocr_par' dir='ltr' id='par_1_11' title="bbox 163 1045 1756 1123">
     <span class='ocr_line' id='line_1_11' title="bbox 163 1045 1756 1123; baseline 0.007 -27"><span class='ocrx_word' id='word_1_63' title='bbox 163 1045 263 1097; x_wconf 82' lang='grc' dir='ltr'><strong>τοῦ</strong></span> <span class='ocrx_word' id='word_1_64' title='bbox 317 1047 622 1116; x_wconf 73' lang='grc' dir='ltr'><strong>ἱερουργεῖν</strong></span> <span class='ocrx_word' id='word_1_65' title='bbox 669 1049 762 1100; x_wconf 77' lang='grc' dir='ltr'><strong>καὶ</strong></span> <span class='ocrx_word' id='word_1_66' title='bbox 808 1049 956 1102; x_wconf 83' lang='grc' dir='ltr'><strong>θύειν</strong></span> <span class='ocrx_word' id='word_1_67' title='bbox 1003 1051 1063 1103; x_wconf 73' lang='grc' dir='ltr'><strong>τὸ</strong></span> <span class='ocrx_word' id='word_1_68' title='bbox 1111 1052 1272 1122; x_wconf 82' lang='grc' dir='ltr'><strong>σῶμα</strong></span> <span class='ocrx_word' id='word_1_69' title='bbox 1322 1055 1418 1105; x_wconf 75' lang='grc' dir='ltr'><strong>καὶ</strong></span> <span class='ocrx_word' id='word_1_70' title='bbox 1470 1055 1608 1123; x_wconf 87' lang='grc' dir='ltr'><strong>αίμα</strong></span> <span class='ocrx_word' id='word_1_71' title='bbox 1659 1055 1756 1107; x_wconf 86' lang='grc' dir='ltr'><strong>τοῦ</strong></span> 
     </span>
    </p>
   </div>
   <div class='ocr_carea' id='block_1_12' title="bbox 163 1136 1755 1212">
    <p class='ocr_par' dir='ltr' id='par_1_12' title="bbox 163 1136 1755 1212">
     <span class='ocr_line' id='line_1_12' title="bbox 163 1136 1755 1212; baseline 0.004 -24"><span class='ocrx_word' id='word_1_72' title='bbox 163 1136 431 1206; x_wconf 73' lang='grc' dir='ltr'><strong>Χριστοῦ.</strong></span> <span class='ocrx_word' id='word_1_73' title='bbox 468 1139 591 1189; x_wconf 72' lang='grc' dir='ltr'><strong>Ὀτι</strong></span> <span class='ocrx_word' id='word_1_74' title='bbox 625 1137 680 1190; x_wconf 79' lang='grc' dir='ltr'><strong>δὲ</strong></span> <span class='ocrx_word' id='word_1_75' title='bbox 718 1141 796 1200; x_wconf 80' lang='grc' dir='ltr'><strong>εἰς</strong></span> <span class='ocrx_word' id='word_1_76' title='bbox 847 1139 1075 1209; x_wconf 80' lang='grc' dir='ltr'><strong>ἀπειλὴν</strong></span> <span class='ocrx_word' id='word_1_77' title='bbox 1107 1143 1434 1212; x_wconf 79' lang='grc' dir='ltr'><strong>περιέστησε</strong></span> <span class='ocrx_word' id='word_1_78' title='bbox 1469 1142 1562 1196; x_wconf 76' lang='grc' dir='ltr'><strong>τὸν</strong></span> <span class='ocrx_word' id='word_1_79' title='bbox 1598 1143 1755 1209; x_wconf 85' lang='grc' dir='ltr'><strong>λόγον</strong></span> 
     </span>
    </p>
   </div>
   <div class='ocr_carea' id='block_1_13' title="bbox 174 1227 1756 1302">
    <p class='ocr_par' dir='ltr' id='par_1_13' title="bbox 174 1227 1756 1302">
     <span class='ocr_line' id='line_1_13' title="bbox 174 1227 1756 1302; baseline 0.004 -22"><span class='ocrx_word' id='word_1_80' title='bbox 174 1230 202 1280; x_wconf 75' lang='grc' dir='ltr'><strong><em>ὁ</em></strong></span> <span class='ocrx_word' id='word_1_81' title='bbox 234 1227 413 1293; x_wconf 70' lang='grc' dir='ltr'><strong>ἅγιος,</strong></span> <span class='ocrx_word' id='word_1_82' title='bbox 453 1229 625 1281; x_wconf 83' lang='grc' dir='ltr'><strong>εἰπὼν</strong></span> <span class='ocrx_word' id='word_1_83' title='bbox 675 1230 732 1281; x_wconf 74' lang='grc' dir='ltr'><strong>ἐν</strong></span> <span class='ocrx_word' id='word_1_84' title='bbox 763 1230 902 1300; x_wconf 80' lang='grc' dir='ltr'><strong>ἀρχῇ</strong></span> <span class='ocrx_word' id='word_1_85' title='bbox 932 1234 1028 1300; x_wconf 74' lang='grc' dir='ltr'><strong>τῆς</strong></span> <span class='ocrx_word' id='word_1_86' title='bbox 1060 1235 1375 1302; x_wconf 80' lang='grc' dir='ltr'><strong>ἐπιστολῆς,</strong></span> <span class='ocrx_word' id='word_1_87' title='bbox 1408 1236 1491 1287; x_wconf 84' lang='grc' dir='ltr'><strong>ὅτι</strong></span> <span class='ocrx_word' id='word_1_88' title='bbox 1524 1235 1756 1288; x_wconf 78' lang='grc' dir='ltr'><strong>ἄπιστον</strong></span> 
     </span>
    </p>
   </div>
   <div class='ocr_carea' id='block_1_14' title="bbox 164 1320 1756 1396">
    <p class='ocr_par' dir='ltr' id='par_1_14' title="bbox 164 1320 1756 1396">
     <span class='ocr_line' id='line_1_14' title="bbox 164 1320 1756 1396; baseline 0.005 -28"><span class='ocrx_word' id='word_1_89' title='bbox 164 1320 470 1389; x_wconf 67' lang='grc' dir='ltr'><strong>ἡγησάμην</strong></span> <span class='ocrx_word' id='word_1_90' title='bbox 492 1320 550 1372; x_wconf 73' lang='grc' dir='ltr'><strong>τὸ</strong></span> <span class='ocrx_word' id='word_1_91' title='bbox 566 1323 820 1389; x_wconf 77' lang='grc' dir='ltr'><strong>πρᾶγμα,</strong></span> <span class='ocrx_word' id='word_1_92' title='bbox 852 1321 1187 1392; x_wconf 79' lang='grc' dir='ltr'><strong>συγγνώμην</strong></span> <span class='ocrx_word' id='word_1_93' title='bbox 1205 1325 1366 1377; x_wconf 84' lang='grc' dir='ltr'><strong>αίτεῖ.</strong></span> <span class='ocrx_word' id='word_1_94' title='bbox 1400 1324 1461 1375; x_wconf 85' lang='grc' dir='ltr'><em>Ἥ</em></span> <span class='ocrx_word' id='word_1_95' title='bbox 1481 1325 1536 1377; x_wconf 73' lang='grc' dir='ltr'><strong>δὲ</strong></span> <span class='ocrx_word' id='word_1_96' title='bbox 1560 1327 1756 1396; x_wconf 83' lang='grc' dir='ltr'><strong>ἀπειλή</strong></span> 
     </span>
    </p>
   </div>
   <div class='ocr_carea' id='block_1_15' title="bbox 167 1412 1758 1486">
    <p class='ocr_par' dir='ltr' id='par_1_15' title="bbox 167 1412 1758 1486">
     <span class='ocr_line' id='line_1_15' title="bbox 167 1412 1758 1486; baseline 0.004 -25"><span class='ocrx_word' id='word_1_97' title='bbox 167 1412 290 1463; x_wconf 76' lang='grc' dir='ltr'><strong>ἐστι</strong></span> <span class='ocrx_word' id='word_1_98' title='bbox 345 1413 402 1462; x_wconf 73' lang='grc' dir='ltr'><strong>τδ</strong></span> <span class='ocrx_word' id='word_1_99' title='bbox 457 1413 654 1480; x_wconf 73' lang='grc' dir='ltr'><strong>μηκέτι</strong></span> <span class='ocrx_word' id='word_1_100' title='bbox 705 1413 938 1481; x_wconf 81' lang='grc' dir='ltr'><strong>ἐαϐῆναι</strong></span> <span class='ocrx_word' id='word_1_101' title='bbox 990 1413 1080 1465; x_wconf 78' lang='grc' dir='ltr'><strong>τὸν</strong></span> <span class='ocrx_word' id='word_1_102' title='bbox 1129 1416 1266 1483; x_wconf 83' lang='grc' dir='ltr'><strong>μετὰ</strong></span> <span class='ocrx_word' id='word_1_103' title='bbox 1313 1417 1411 1484; x_wconf 78' lang='grc' dir='ltr'><strong>τὴν</strong></span> <span class='ocrx_word' id='word_1_104' title='bbox 1466 1417 1758 1486; x_wconf 73' lang='grc' dir='ltr'><strong>ἐπιστολὴν</strong></span> 
     </span>
    </p>
   </div>
   <div class='ocr_carea' id='block_1_16' title="bbox 165 1499 1754 1578">
    <p class='ocr_par' dir='ltr' id='par_1_16' title="bbox 165 1499 1754 1578">
     <span class='ocr_line' id='line_1_16' title="bbox 165 1499 1754 1578; baseline 0.008 -27"><span class='ocrx_word' id='word_1_105' title='bbox 165 1499 416 1554; x_wconf 70' lang='grc' dir='ltr'><strong>τοιοῦτον</strong></span> <span class='ocrx_word' id='word_1_106' title='bbox 455 1518 506 1553; x_wconf 90' lang='grc' dir='ltr'><strong>τι</strong></span> <span class='ocrx_word' id='word_1_107' title='bbox 552 1504 851 1572; x_wconf 82' lang='grc' dir='ltr'><strong>ποιήσαντα</strong></span> <span class='ocrx_word' id='word_1_108' title='bbox 888 1505 968 1566; x_wconf 75' lang='grc' dir='ltr'><strong>εἰς</strong></span> <span class='ocrx_word' id='word_1_109' title='bbox 1009 1504 1396 1575; x_wconf 80' lang='grc' dir='ltr'><strong>Θυσιαστήριον</strong></span> <span class='ocrx_word' id='word_1_110' title='bbox 1433 1509 1754 1578; x_wconf 77' lang='grc' dir='ltr'><strong>ἐνεργῆσαι.</strong></span> 
     </span>
    </p>
   </div>
   <div class='ocr_carea' id='block_1_17' title="bbox 179 1590 1760 1664">
    <p class='ocr_par' dir='ltr' id='par_1_17' title="bbox 179 1590 1760 1664">
     <span class='ocr_line' id='line_1_17' title="bbox 179 1590 1760 1664; baseline 0.007 -21"><span class='ocrx_word' id='word_1_111' title='bbox 179 1590 558 1662; x_wconf 77' lang='grc' dir='ltr'><strong>’Ᾱναχωρὴσει</strong></span> <span class='ocrx_word' id='word_1_112' title='bbox 608 1595 740 1664; x_wconf 78' lang='grc' dir='ltr'><strong>γὰρ,</strong></span> <span class='ocrx_word' id='word_1_113' title='bbox 791 1597 976 1663; x_wconf 66' lang='grc' dir='ltr'><strong>φησιν,</strong></span> <span class='ocrx_word' id='word_1_114' title='bbox 1019 1598 1044 1648; x_wconf 85' lang='grc' dir='ltr'>ὁ</span> <span class='ocrx_word' id='word_1_115' title='bbox 1087 1596 1327 1659; x_wconf 81' lang='grc' dir='ltr'><strong>τοιοῦτος</strong></span> <span class='ocrx_word' id='word_1_116' title='bbox 1375 1599 1485 1651; x_wconf 83' lang='grc' dir='ltr'><strong>τῶν</strong></span> <span class='ocrx_word' id='word_1_117' title='bbox 1524 1600 1760 1654; x_wconf 77' lang='grc' dir='ltr'><strong>ἐνταῦθα</strong></span> 
     </span>
    </p>
   </div>
   <div class='ocr_carea' id='block_1_18' title="bbox 166 1681 1756 1758">
    <p class='ocr_par' dir='ltr' id='par_1_18' title="bbox 166 1681 1756 1758">
     <span class='ocr_line' id='line_1_18' title="bbox 166 1681 1756 1758; baseline 0.006 -25"><span class='ocrx_word' id='word_1_118' title='bbox 166 1681 598 1752; x_wconf 77' lang='grc' dir='ltr'><strong>Ουσιαστηρῖων,</strong></span> <span class='ocrx_word' id='word_1_119' title='bbox 631 1687 754 1738; x_wconf 72' lang='grc' dir='ltr'><strong>ἀντὶ</strong></span> <span class='ocrx_word' id='word_1_120' title='bbox 779 1686 870 1738; x_wconf 85' lang='grc' dir='ltr'><strong>τοῦ</strong></span> <span class='ocrx_word' id='word_1_121' title='bbox 895 1686 1277 1756; x_wconf 77' lang='grc' dir='ltr'><strong>κωλυθήσεται</strong></span> <span class='ocrx_word' id='word_1_122' title='bbox 1304 1681 1403 1755; x_wconf 78' lang='grc' dir='ltr'><strong>ᾧδε</strong></span> <span class='ocrx_word' id='word_1_123' title='bbox 1435 1691 1756 1758; x_wconf 76' lang='grc' dir='ltr'><strong>ἱερατεύειν,</strong></span> 
     </span>
    </p>
   </div>
   <div class='ocr_carea' id='block_1_19' title="bbox 166 1768 1758 1848">
    <p class='ocr_par' dir='ltr' id='par_1_19' title="bbox 166 1768 1758 1848">
     <span class='ocr_line' id='line_1_19' title="bbox 166 1768 1758 1848; baseline 0.009 -31"><span class='ocrx_word' id='word_1_124' title='bbox 166 1768 263 1819; x_wconf 72' lang='grc' dir='ltr'><strong>καὶ</strong></span> <span class='ocrx_word' id='word_1_125' title='bbox 285 1768 473 1821; x_wconf 71' lang='grc' dir='ltr'><strong>λοιπὸν</strong></span> <span class='ocrx_word' id='word_1_126' title='bbox 495 1771 658 1839; x_wconf 81' lang='grc' dir='ltr'><strong>ἄλλην</strong></span> <span class='ocrx_word' id='word_1_127' title='bbox 681 1774 866 1842; x_wconf 88' lang='grc' dir='ltr'><strong>χώραν</strong></span> <span class='ocrx_word' id='word_1_128' title='bbox 898 1775 1136 1844; x_wconf 79' lang='grc' dir='ltr'><strong>αἰτήσει.</strong></span> <span class='ocrx_word' id='word_1_129' title='bbox 1161 1778 1217 1829; x_wconf 80' lang='grc' dir='ltr'><strong>ἐν</strong></span> <span class='ocrx_word' id='word_1_130' title='bbox 1314 1779 1633 1842; x_wconf 75' lang='grc' dir='ltr'><strong>ὲξωνίσεται</strong></span> <span class='ocrx_word' id='word_1_131' title='bbox 1657 1781 1758 1848; x_wconf 83' lang='grc' dir='ltr'><strong>τὴν</strong></span> 
     </span>
    </p>
   </div>
   <div class='ocr_carea' id='block_1_20' title="bbox 1863 596 3447 669">
    <p class='ocr_par' dir='ltr' id='par_1_20' title="bbox 1863 596 3447 669">
     <span class='ocr_line' id='line_1_20' title="bbox 1863 596 3447 669; baseline 0.005 -21"><span class='ocrx_word' id='word_1_132' title='bbox 1863 611 1968 650; x_wconf 93' lang='lat' dir='ltr'><strong>non</strong></span> <span class='ocrx_word' id='word_1_133' title='bbox 1998 600 2292 666; x_wconf 86' lang='lat' dir='ltr'><strong>acceperit,</strong></span> <span class='ocrx_word' id='word_1_134' title='bbox 2323 599 2406 652; x_wconf 80' lang='lat' dir='ltr'><strong>vel</strong></span> <span class='ocrx_word' id='word_1_135' title='bbox 2435 596 2653 666; x_wconf 81' lang='lat' dir='ltr'><strong>quando</strong></span> <span class='ocrx_word' id='word_1_136' title='bbox 2685 596 2918 662; x_wconf 85' lang='lat' dir='ltr'><strong>ordinat,</strong></span> <span class='ocrx_word' id='word_1_137' title='bbox 2955 597 3052 652; x_wconf 81' lang='lat' dir='ltr'><strong>sed</strong></span> <span class='ocrx_word' id='word_1_138' title='bbox 3097 598 3278 666; x_wconf 88' lang='lat' dir='ltr'><strong>aliquo</strong></span> <span class='ocrx_word' id='word_1_139' title='bbox 3323 610 3447 669; x_wconf 73' lang='lat' dir='ltr'><strong>post</strong></span> 
     </span>
    </p>
   </div>
   <div class='ocr_carea' id='block_1_21' title="bbox 1863 684 3445 758">
    <p class='ocr_par' dir='ltr' id='par_1_21' title="bbox 1863 684 3445 758">
     <span class='ocr_line' id='line_1_21' title="bbox 1863 684 3445 758; baseline 0 -18"><span class='ocrx_word' id='word_1_140' title='bbox 1863 695 2128 754; x_wconf 78' lang='lat' dir='ltr'><strong>tempore.</strong></span> <span class='ocrx_word' id='word_1_141' title='bbox 2157 695 2382 758; x_wconf 91' lang='lat' dir='ltr'><strong>propter</strong></span> <span class='ocrx_word' id='word_1_142' title='bbox 2411 686 2632 741; x_wconf 73' lang='lat' dir='ltr'><strong>ordines</strong></span> <span class='ocrx_word' id='word_1_143' title='bbox 2673 701 2703 740; x_wconf 89' lang='lat' dir='ltr'><strong>a</strong></span> <span class='ocrx_word' id='word_1_144' title='bbox 2758 700 2818 739; x_wconf 83' lang='lat' dir='ltr'><strong>se</strong></span> <span class='ocrx_word' id='word_1_145' title='bbox 2866 684 3114 748; x_wconf 77' lang='lat' dir='ltr'><strong>collatos,</strong></span> <span class='ocrx_word' id='word_1_146' title='bbox 3170 685 3310 738; x_wconf 89' lang='lat' dir='ltr'><strong>idem</strong></span> <span class='ocrx_word' id='word_1_147' title='bbox 3361 696 3445 740; x_wconf 83' lang='lat' dir='ltr'><strong>est</strong></span> 
     </span>
    </p>
   </div>
   <div class='ocr_carea' id='block_1_22' title="bbox 1865 775 3445 846">
    <p class='ocr_par' dir='ltr' id='par_1_22' title="bbox 1865 775 3445 846">
     <span class='ocr_line' id='line_1_22' title="bbox 1865 775 3445 846; baseline -0.002 -15"><span class='ocrx_word' id='word_1_148' title='bbox 1865 786 2172 846; x_wconf 85' lang='lat' dir='ltr'><strong>peccatum.</strong></span> <span class='ocrx_word' id='word_1_149' title='bbox 2201 777 2481 831; x_wconf 78' lang='lat' dir='ltr'><strong>Adhortor</strong></span> <span class='ocrx_word' id='word_1_150' title='bbox 2515 776 2700 845; x_wconf 91' lang='lat' dir='ltr'><strong>igitur,</strong></span> <span class='ocrx_word' id='word_1_151' title='bbox 2737 786 2795 829; x_wconf 91' lang='lat' dir='ltr'><strong>ut</strong></span> <span class='ocrx_word' id='word_1_152' title='bbox 2827 777 2968 829; x_wconf 84' lang='lat' dir='ltr'><strong>hunc</strong></span> <span class='ocrx_word' id='word_1_153' title='bbox 2994 775 3275 844; x_wconf 85' lang='lat' dir='ltr'><strong>deponatis</strong></span> <span class='ocrx_word' id='word_1_154' title='bbox 3305 776 3445 830; x_wconf 82' lang='lat' dir='ltr'><strong>redi-</strong></span> 
     </span>
    </p>
   </div>
   <div class='ocr_carea' id='block_1_23' title="bbox 1861 865 3440 937">
    <p class='ocr_par' dir='ltr' id='par_1_23' title="bbox 1861 865 3440 937">
     <span class='ocr_line' id='line_1_23' title="bbox 1861 865 3440 937; baseline -0.001 -16"><span class='ocrx_word' id='word_1_155' title='bbox 1861 877 1993 933; x_wconf 95' lang='lat' dir='ltr'><strong>tum,</strong></span> <span class='ocrx_word' id='word_1_156' title='bbox 2021 869 2104 922; x_wconf 85' lang='lat' dir='ltr'><strong>vel</strong></span> <span class='ocrx_word' id='word_1_157' title='bbox 2138 869 2317 936; x_wconf 83' lang='lat' dir='ltr'><strong>potius</strong></span> <span class='ocrx_word' id='word_1_158' title='bbox 2347 866 2413 923; x_wconf 84' lang='lat' dir='ltr'><strong>ad</strong></span> <span class='ocrx_word' id='word_1_159' title='bbox 2453 868 2755 937; x_wconf 85' lang='lat' dir='ltr'><strong>gehennam</strong></span> <span class='ocrx_word' id='word_1_160' title='bbox 2787 868 2989 920; x_wconf 88' lang='lat' dir='ltr'><strong>aditum</strong></span> <span class='ocrx_word' id='word_1_161' title='bbox 3017 883 3038 931; x_wconf 69' lang='grc' dir='ltr'><strong>ς</strong></span> <span class='ocrx_word' id='word_1_162' title='bbox 3067 867 3273 921; x_wconf 85' lang='lat' dir='ltr'><strong>reditus</strong></span> <span class='ocrx_word' id='word_1_163' title='bbox 3294 865 3440 920; x_wconf 90' lang='lat' dir='ltr'><strong>enim</strong></span> 
     </span>
    </p>
   </div>
   <div class='ocr_carea' id='block_1_24' title="bbox 1860 956 3447 1028">
    <p class='ocr_par' dir='ltr' id='par_1_24' title="bbox 1860 956 3447 1028">
     <span class='ocr_line' id='line_1_24' title="bbox 1860 956 3447 1028; baseline -0.001 -17"><span class='ocrx_word' id='word_1_164' title='bbox 1860 958 1962 1012; x_wconf 84' lang='lat' dir='ltr'><strong>hoc</strong></span> <span class='ocrx_word' id='word_1_165' title='bbox 1991 959 2152 1013; x_wconf 90' lang='lat' dir='ltr'><strong>modo</strong></span> <span class='ocrx_word' id='word_1_166' title='bbox 2185 958 2484 1028; x_wconf 76' lang='lat' dir='ltr'><strong>acquisitus</strong></span> <span class='ocrx_word' id='word_1_167' title='bbox 2531 972 2595 1011; x_wconf 92' lang='lat' dir='ltr'><strong>eo</strong></span> <span class='ocrx_word' id='word_1_168' title='bbox 2627 965 2863 1010; x_wconf 90' lang='lat' dir='ltr'><strong>utentem</strong></span> <span class='ocrx_word' id='word_1_169' title='bbox 2906 956 2970 1008; x_wconf 87' lang='lat' dir='ltr'><strong>ad</strong></span> <span class='ocrx_word' id='word_1_170' title='bbox 3016 959 3316 1023; x_wconf 74' lang='lat' dir='ltr'><strong>gehennam</strong></span> <span class='ocrx_word' id='word_1_171' title='bbox 3349 959 3447 1009; x_wconf 83' lang='lat' dir='ltr'><strong>du-</strong></span> 
     </span>
    </p>
   </div>
   <div class='ocr_carea' id='block_1_25' title="bbox 1857 1048 3444 1118">
    <p class='ocr_par' dir='ltr' id='par_1_25' title="bbox 1857 1048 3444 1118">
     <span class='ocr_line' id='line_1_25' title="bbox 1857 1048 3444 1118; baseline -0.002 -14"><span class='ocrx_word' id='word_1_172' title='bbox 1857 1051 1932 1104; x_wconf 88' lang='lat' dir='ltr'><strong>cit</strong></span> <span class='ocrx_word' id='word_1_173' title='bbox 1978 1069 1993 1106; x_wconf 87' lang='lat'><strong>:</strong></span> <span class='ocrx_word' id='word_1_174' title='bbox 2036 1061 2089 1106; x_wconf 92' lang='lat' dir='ltr'><strong>et</strong></span> <span class='ocrx_word' id='word_1_175' title='bbox 2125 1066 2195 1104; x_wconf 94' lang='lat' dir='ltr'><strong>ne</strong></span> <span class='ocrx_word' id='word_1_176' title='bbox 2246 1066 2436 1104; x_wconf 90' lang='lat' dir='ltr'><strong>manus</strong></span> <span class='ocrx_word' id='word_1_177' title='bbox 2483 1060 2690 1103; x_wconf 78' lang='lat' dir='ltr'><strong>vestras</strong></span> <span class='ocrx_word' id='word_1_178' title='bbox 2746 1048 3059 1118; x_wconf 84' lang='lat' dir='ltr'><strong>accipiendo</strong></span> <span class='ocrx_word' id='word_1_179' title='bbox 3103 1049 3444 1116; x_wconf 86' lang='lat' dir='ltr'><strong>polluentes,</strong></span> 
     </span>
    </p>
   </div>
   <div class='ocr_carea' id='block_1_26' title="bbox 1865 1139 3444 1208">
    <p class='ocr_par' dir='ltr' id='par_1_26' title="bbox 1865 1139 3444 1208">
     <span class='ocr_line' id='line_1_26' title="bbox 1865 1139 3444 1208; baseline -0.001 -15"><span class='ocrx_word' id='word_1_180' title='bbox 1865 1155 1961 1206; x_wconf 89' lang='lat' dir='ltr'><strong>per</strong></span> <span class='ocrx_word' id='word_1_181' title='bbox 1991 1142 2299 1207; x_wconf 74' lang='lat' dir='ltr'><strong>huiusmodi</strong></span> <span class='ocrx_word' id='word_1_182' title='bbox 2337 1151 2574 1208; x_wconf 61' lang='lat' dir='ltr'><strong>quaestus</strong></span> <span class='ocrx_word' id='word_1_183' title='bbox 2622 1149 2832 1192; x_wconf 83' lang='lat' dir='ltr'><strong>vosmet</strong></span> <span class='ocrx_word' id='word_1_184' title='bbox 2877 1140 3125 1207; x_wconf 77' lang='lat' dir='ltr'><strong>indignos</strong></span> <span class='ocrx_word' id='word_1_185' title='bbox 3173 1139 3444 1205; x_wconf 88' lang='lat' dir='ltr'><strong>reddatis,</strong></span> 
     </span>
    </p>
   </div>
   <div class='ocr_carea' id='block_1_27' title="bbox 1859 1231 3448 1301">
    <p class='ocr_par' dir='ltr' id='par_1_27' title="bbox 1859 1231 3448 1301">
     <span class='ocr_line' id='line_1_27' title="bbox 1859 1231 3448 1301; baseline -0.001 -18"><span class='ocrx_word' id='word_1_186' title='bbox 1859 1232 1949 1300; x_wconf 85' lang='lat' dir='ltr'><strong>qui</strong></span> <span class='ocrx_word' id='word_1_187' title='bbox 1979 1243 2165 1286; x_wconf 81' lang='lat' dir='ltr'><strong>sancta</strong></span> <span class='ocrx_word' id='word_1_188' title='bbox 2200 1232 2452 1301; x_wconf 83' lang='lat' dir='ltr'><strong>mysteria</strong></span> <span class='ocrx_word' id='word_1_189' title='bbox 2483 1233 2830 1286; x_wconf 87' lang='lat' dir='ltr'><strong>contrectetis</strong></span> <span class='ocrx_word' id='word_1_190' title='bbox 2859 1247 2873 1295; x_wconf 87' lang='lat'><strong>;</strong></span> <span class='ocrx_word' id='word_1_191' title='bbox 2907 1231 3160 1283; x_wconf 87' lang='lat' dir='ltr'><strong>nimirum</strong></span> <span class='ocrx_word' id='word_1_192' title='bbox 3222 1231 3311 1298; x_wconf 86' lang='lat' dir='ltr'><strong>qui</strong></span> <span class='ocrx_word' id='word_1_193' title='bbox 3359 1247 3448 1284; x_wconf 77' lang='lat' dir='ltr'><strong>sa-</strong></span> 
     </span>
    </p>
   </div>
   <div class='ocr_carea' id='block_1_28' title="bbox 1857 1321 3444 1389">
    <p class='ocr_par' dir='ltr' id='par_1_28' title="bbox 1857 1321 3444 1389">
     <span class='ocr_line' id='line_1_28' title="bbox 1857 1321 3444 1389; baseline -0.004 -13"><span class='ocrx_word' id='word_1_194' title='bbox 1857 1337 1949 1376; x_wconf 86' lang='lat' dir='ltr'><strong>cra</strong></span> <span class='ocrx_word' id='word_1_195' title='bbox 1989 1324 2272 1376; x_wconf 82' lang='lat' dir='ltr'><strong>celebretis</strong></span> <span class='ocrx_word' id='word_1_196' title='bbox 2306 1332 2360 1376; x_wconf 87' lang='lat' dir='ltr'><strong>et</strong></span> <span class='ocrx_word' id='word_1_197' title='bbox 2404 1338 2596 1388; x_wconf 80' lang='lat' dir='ltr'><strong>corpus</strong></span> <span class='ocrx_word' id='word_1_198' title='bbox 2625 1333 2677 1375; x_wconf 82' lang='lat' dir='ltr'><strong>et</strong></span> <span class='ocrx_word' id='word_1_199' title='bbox 2716 1322 3032 1389; x_wconf 85' lang='lat' dir='ltr'><strong>sanguinem</strong></span> <span class='ocrx_word' id='word_1_200' title='bbox 3064 1322 3262 1375; x_wconf 85' lang='lat' dir='ltr'><strong>Christi</strong></span> <span class='ocrx_word' id='word_1_201' title='bbox 3307 1321 3444 1376; x_wconf 74' lang='lat' dir='ltr'><strong>oﬂ&#39;e-</strong></span> 
     </span>
    </p>
   </div>
   <div class='ocr_carea' id='block_1_29' title="bbox 1861 1413 3447 1477">
    <p class='ocr_par' dir='ltr' id='par_1_29' title="bbox 1861 1413 3447 1477">
     <span class='ocr_line' id='line_1_29' title="bbox 1861 1413 3447 1477; baseline -0.002 -11"><span class='ocrx_word' id='word_1_202' title='bbox 1861 1413 2012 1466; x_wconf 88' lang='lat' dir='ltr'><strong>ratis.</strong></span> <span class='ocrx_word' id='word_1_203' title='bbox 2047 1417 2312 1477; x_wconf 82' lang='lat' dir='ltr'><strong>Quoniam</strong></span> <span class='ocrx_word' id='word_1_204' title='bbox 2351 1425 2528 1466; x_wconf 83' lang='lat' dir='ltr'><strong>autem</strong></span> <span class='ocrx_word' id='word_1_205' title='bbox 2561 1413 2860 1465; x_wconf 79' lang='lat' dir='ltr'><strong>orationem</strong></span> <span class='ocrx_word' id='word_1_206' title='bbox 2918 1421 3140 1465; x_wconf 68' lang='lat' dir='ltr'><strong>sanctus</strong></span> <span class='ocrx_word' id='word_1_207' title='bbox 3173 1413 3238 1464; x_wconf 90' lang='lat' dir='ltr'><strong>ad</strong></span> <span class='ocrx_word' id='word_1_208' title='bbox 3276 1413 3447 1464; x_wconf 77' lang='lat' dir='ltr'><strong>minas</strong></span> 
     </span>
    </p>
   </div>
   <div class='ocr_carea' id='block_1_30' title="bbox 1861 1505 3444 1573">
    <p class='ocr_par' dir='ltr' id='par_1_30' title="bbox 1861 1505 3444 1573">
     <span class='ocr_line' id='line_1_30' title="bbox 1861 1505 3444 1573; baseline -0.003 -15"><span class='ocrx_word' id='word_1_209' title='bbox 1861 1517 2219 1568; x_wconf 84' lang='lat' dir='ltr'><strong>converterat,</strong></span> <span class='ocrx_word' id='word_1_210' title='bbox 2258 1507 2409 1558; x_wconf 85' lang='lat' dir='ltr'><strong>initio</strong></span> <span class='ocrx_word' id='word_1_211' title='bbox 2445 1505 2696 1573; x_wconf 61' lang='lat' dir='ltr'><strong>Epistolx</strong></span> <span class='ocrx_word' id='word_1_212' title='bbox 2727 1505 2911 1558; x_wconf 91' lang='lat' dir='ltr'><strong>dicens</strong></span> <span class='ocrx_word' id='word_1_213' title='bbox 2939 1541 2954 1565; x_wconf 91' lang='lat'><strong>,</strong></span> <span class='ocrx_word' id='word_1_214' title='bbox 2990 1505 3130 1570; x_wconf 80' lang='lat' dir='ltr'><strong>quod</strong></span> <span class='ocrx_word' id='word_1_215' title='bbox 3195 1519 3306 1555; x_wconf 88' lang='lat' dir='ltr'><strong>rem</strong></span> <span class='ocrx_word' id='word_1_216' title='bbox 3362 1505 3444 1554; x_wconf 86' lang='lat' dir='ltr'><strong>itt-</strong></span> 
     </span>
    </p>
   </div>
   <div class='ocr_carea' id='block_1_31' title="bbox 1862 1593 3451 1662">
    <p class='ocr_par' dir='ltr' id='par_1_31' title="bbox 1862 1593 3451 1662">
     <span class='ocr_line' id='line_1_31' title="bbox 1862 1593 3451 1662; baseline -0.001 -15"><span class='ocrx_word' id='word_1_217' title='bbox 1862 1594 2171 1648; x_wconf 81' lang='lat' dir='ltr'><strong>credibilem</strong></span> <span class='ocrx_word' id='word_1_218' title='bbox 2231 1596 2578 1659; x_wconf 78' lang='lat' dir='ltr'><strong>existimavi,</strong></span> <span class='ocrx_word' id='word_1_219' title='bbox 2637 1596 2846 1647; x_wconf 89' lang='lat' dir='ltr'><strong>veniam</strong></span> <span class='ocrx_word' id='word_1_220' title='bbox 2907 1595 3059 1662; x_wconf 90' lang='lat' dir='ltr'><strong>petit.</strong></span> <span class='ocrx_word' id='word_1_221' title='bbox 3087 1593 3451 1646; x_wconf 72' lang='lat' dir='ltr'><strong>Comminatio</strong></span> 
     </span>
    </p>
   </div>
   <div class='ocr_carea' id='block_1_32' title="bbox 1861 1683 3450 1754">
    <p class='ocr_par' dir='ltr' id='par_1_32' title="bbox 1861 1683 3450 1754">
     <span class='ocr_line' id='line_1_32' title="bbox 1861 1683 3450 1754; baseline -0.001 -16"><span class='ocrx_word' id='word_1_222' title='bbox 1861 1695 1964 1749; x_wconf 92' lang='lat' dir='ltr'><strong>est,</strong></span> <span class='ocrx_word' id='word_1_223' title='bbox 1991 1686 2130 1750; x_wconf 82' lang='lat' dir='ltr'><strong>quod</strong></span> <span class='ocrx_word' id='word_1_224' title='bbox 2153 1687 2243 1754; x_wconf 92' lang='lat' dir='ltr'><strong>qui</strong></span> <span class='ocrx_word' id='word_1_225' title='bbox 2277 1697 2398 1754; x_wconf 78' lang='lat' dir='ltr'><strong>post</strong></span> <span class='ocrx_word' id='word_1_226' title='bbox 2426 1688 2566 1738; x_wconf 88' lang='lat' dir='ltr'><strong>banc</strong></span> <span class='ocrx_word' id='word_1_227' title='bbox 2596 1685 2885 1751; x_wconf 83' lang='lat' dir='ltr'><strong>Epistolam</strong></span> <span class='ocrx_word' id='word_1_228' title='bbox 2913 1685 3120 1748; x_wconf 75' lang='lat' dir='ltr'><strong>aliquid</strong></span> <span class='ocrx_word' id='word_1_229' title='bbox 3147 1683 3450 1738; x_wconf 76' lang='lat' dir='ltr'><strong>istiu~modi</strong></span> 
     </span>
    </p>
   </div>
   <div class='ocr_carea' id='block_1_33' title="bbox 1863 1775 3440 1844">
    <p class='ocr_par' dir='ltr' id='par_1_33' title="bbox 1863 1775 3440 1844">
     <span class='ocr_line' id='line_1_33' title="bbox 1863 1775 3440 1844; baseline -0.001 -15"><span class='ocrx_word' id='word_1_230' title='bbox 1863 1779 2272 1844; x_wconf 86' lang='lat' dir='ltr'><strong>perpetraverit,</strong></span> <span class='ocrx_word' id='word_1_231' title='bbox 2306 1777 2370 1829; x_wconf 89' lang='lat' dir='ltr'><strong>ad</strong></span> <span class='ocrx_word' id='word_1_232' title='bbox 2400 1778 2569 1829; x_wconf 80' lang='lat' dir='ltr'><strong>altare</strong></span> <span class='ocrx_word' id='word_1_233' title='bbox 2601 1775 2830 1844; x_wconf 76' lang='lat' dir='ltr'><strong>amplius</strong></span> <span class='ocrx_word' id='word_1_234' title='bbox 2863 1775 3143 1828; x_wconf 84' lang='lat' dir='ltr'><strong>celebrare</strong></span> <span class='ocrx_word' id='word_1_235' title='bbox 3176 1791 3279 1827; x_wconf 87' lang='lat' dir='ltr'><strong>non</strong></span> <span class='ocrx_word' id='word_1_236' title='bbox 3313 1790 3440 1842; x_wconf 79' lang='lat' dir='ltr'><strong>per-</strong></span> 
     </span>
    </p>
   </div>
   <div class='ocr_carea' id='block_1_34' title="bbox 163 1852 1763 1938">
    <p class='ocr_par' dir='ltr' id='par_1_34' title="bbox 163 1859 1760 1938">
     <span class='ocr_line' id='line_1_34' title="bbox 163 1859 1760 1938; baseline 0.008 -28"><span class='ocrx_word' id='word_1_237' title='bbox 163 1859 384 1928; x_wconf 80' lang='grc' dir='ltr'><strong>δωρεὰν</strong></span> <span class='ocrx_word' id='word_1_238' title='bbox 418 1861 512 1913; x_wconf 88' lang='grc' dir='ltr'><strong>τοῦ</strong></span> <span class='ocrx_word' id='word_1_239' title='bbox 544 1862 677 1915; x_wconf 84' lang='grc' dir='ltr'><strong>Θεοῦ</strong></span> <span class='ocrx_word' id='word_1_240' title='bbox 700 1903 713 1926; x_wconf 87' lang='grc'><strong>,</strong></span> <span class='ocrx_word' id='word_1_241' title='bbox 746 1865 842 1915; x_wconf 59' lang='grc' dir='ltr'><strong>καὶ⁵</strong></span> <span class='ocrx_word' id='word_1_242' title='bbox 876 1866 1262 1934; x_wconf 79' lang='grc' dir='ltr'><strong>μεταπωλήσει</strong></span> <span class='ocrx_word' id='word_1_243' title='bbox 1297 1869 1487 1938; x_wconf 75' lang='grc' dir='ltr'><strong>αὐτὴν.</strong></span> <span class='ocrx_word' id='word_1_244' title='bbox 1525 1872 1633 1922; x_wconf 65' lang='grc' dir='ltr'><strong>Καὶ</strong></span> <span class='ocrx_word' id='word_1_245' title='bbox 1669 1874 1760 1923; x_wconf 73' lang='grc' dir='ltr'><strong>ἐπὶ</strong></span> 
     </span>
    </p>
   </div>
   <div class='ocr_carea' id='block_1_35' title="bbox 1870 1852 3453 1938">
    <p class='ocr_par' dir='ltr' id='par_1_35' title="bbox 1870 1867 3453 1936">
     <span class='ocr_line' id='line_1_35' title="bbox 1870 1867 3453 1936; baseline 0 -15"><span class='ocrx_word' id='word_1_246' title='bbox 1870 1876 2126 1922; x_wconf 74' lang='lat' dir='ltr'><strong>mittetur.</strong></span> <span class='ocrx_word' id='word_1_247' title='bbox 2161 1867 2308 1923; x_wconf 82' lang='lat' dir='ltr'><strong>Talis</strong></span> <span class='ocrx_word' id='word_1_248' title='bbox 2336 1871 2478 1921; x_wconf 87' lang='lat' dir='ltr'><strong>enim</strong></span> <span class='ocrx_word' id='word_1_249' title='bbox 2517 1871 2583 1920; x_wconf 90' lang='lat' dir='ltr'><strong>ab</strong></span> <span class='ocrx_word' id='word_1_250' title='bbox 2621 1867 2906 1929; x_wconf 87' lang='lat' dir='ltr'><strong>altaribus.</strong></span> <span class='ocrx_word' id='word_1_251' title='bbox 2944 1868 3158 1936; x_wconf 90' lang='lat' dir='ltr'><strong>inquit.</strong></span> <span class='ocrx_word' id='word_1_252' title='bbox 3195 1884 3313 1934; x_wconf 73' lang='lat' dir='ltr'><strong>qua:</strong></span> <span class='ocrx_word' id='word_1_253' title='bbox 3367 1870 3453 1921; x_wconf 83' lang='lat' dir='ltr'><strong>hic</strong></span> 
     </span>
    </p>
   </div>
   <div class='ocr_carea' id='block_1_36' title="bbox 163 1950 1761 2029">
    <p class='ocr_par' dir='ltr' id='par_1_36' title="bbox 163 1950 1761 2029">
     <span class='ocr_line' id='line_1_36' title="bbox 163 1950 1761 2029; baseline 0.008 -27"><span class='ocrx_word' id='word_1_254' title='bbox 163 1950 383 2015; x_wconf 86' lang='grc' dir='ltr'><strong>τούτοις</strong></span> <span class='ocrx_word' id='word_1_255' title='bbox 415 1953 481 2004; x_wconf 75' lang='grc' dir='ltr'><strong>τὰ</strong></span> <span class='ocrx_word' id='word_1_256' title='bbox 508 1955 844 2006; x_wconf 77' lang='grc' dir='ltr'><strong>ἁποστολικὰ</strong></span> <span class='ocrx_word' id='word_1_257' title='bbox 871 1957 1064 2024; x_wconf 75' lang='grc' dir='ltr'><strong>ἐπάγει</strong></span> <span class='ocrx_word' id='word_1_258' title='bbox 1092 1959 1234 2026; x_wconf 77' lang='grc' dir='ltr'><strong>ρητα</strong></span> <span class='ocrx_word' id='word_1_259' title='bbox 1253 1975 1264 1987; x_wconf 91' lang='grc'><strong>·</strong></span> <span class='ocrx_word' id='word_1_260' title='bbox 1307 1961 1495 2027; x_wconf 80' lang='grc' dir='ltr'><strong>Ἡμεῖς</strong></span> <span class='ocrx_word' id='word_1_261' title='bbox 1523 1964 1630 2029; x_wconf 73' lang='grc' dir='ltr'><strong>γὰρ</strong></span> <span class='ocrx_word' id='word_1_262' title='bbox 1663 1963 1761 2014; x_wconf 76' lang='grc' dir='ltr'><strong>καὶ</strong></span> 
     </span>
    </p>
   </div>
   <div class='ocr_carea' id='block_1_37' title="bbox 163 2045 1761 2118">
    <p class='ocr_par' dir='ltr' id='par_1_37' title="bbox 163 2045 1761 2118">
     <span class='ocr_line' id='line_1_37' title="bbox 163 2045 1761 2118; baseline 0.006 -21"><span class='ocrx_word' id='word_1_263' title='bbox 163 2047 228 2097; x_wconf 82' lang='lat' dir='ltr'><strong><em>al</em></strong></span> <span class='ocrx_word' id='word_1_264' title='bbox 277 2045 633 2113; x_wconf 69' lang='grc' dir='ltr'><strong>Ἐκκλησίαι</strong></span> <span class='ocrx_word' id='word_1_265' title='bbox 660 2048 764 2102; x_wconf 86' lang='grc' dir='ltr'><strong>τοῦ</strong></span> <span class='ocrx_word' id='word_1_266' title='bbox 795 2049 943 2102; x_wconf 88' lang='grc' dir='ltr'><strong>Θεοῦ</strong></span> <span class='ocrx_word' id='word_1_267' title='bbox 976 2051 1260 2116; x_wconf 80' lang='grc' dir='ltr'><strong>τοιαύτην</strong></span> <span class='ocrx_word' id='word_1_268' title='bbox 1282 2052 1617 2118; x_wconf 68' lang='grc' dir='ltr'><strong>συνήθειαν</strong></span> <span class='ocrx_word' id='word_1_269' title='bbox 1651 2056 1761 2106; x_wconf 77' lang='grc' dir='ltr'><strong>οὐκ</strong></span> 
     </span>
    </p>
   </div>
   <div class='ocr_carea' id='block_1_38' title="bbox 162 2133 1761 2212">
    <p class='ocr_par' dir='ltr' id='par_1_38' title="bbox 162 2133 1761 2212">
     <span class='ocr_line' id='line_1_38' title="bbox 162 2133 1761 2212; baseline 0.004 -23"><span class='ocrx_word' id='word_1_270' title='bbox 162 2136 414 2206; x_wconf 68' lang='grc' dir='ltr'><strong>ἔχομεν.</strong></span> <span class='ocrx_word' id='word_1_271' title='bbox 457 2133 601 2199; x_wconf 69' lang='grc' dir='ltr'><strong>Εἶτά.</strong></span> <span class='ocrx_word' id='word_1_272' title='bbox 635 2156 823 2208; x_wconf 82' lang='grc' dir='ltr'><strong>φησιν,</strong></span> <span class='ocrx_word' id='word_1_273' title='bbox 867 2141 950 2193; x_wconf 87' lang='grc' dir='ltr'><strong>δτι</strong></span> <span class='ocrx_word' id='word_1_274' title='bbox 984 2141 1043 2193; x_wconf 82' lang='grc' dir='ltr'><strong>τὸ</strong></span> <span class='ocrx_word' id='word_1_275' title='bbox 1087 2140 1288 2195; x_wconf 89' lang='grc' dir='ltr'><strong>πωλεῖν</strong></span> <span class='ocrx_word' id='word_1_276' title='bbox 1327 2142 1424 2212; x_wconf 78' lang='grc' dir='ltr'><strong>τὴν</strong></span> <span class='ocrx_word' id='word_1_277' title='bbox 1467 2144 1627 2212; x_wconf 78' lang='grc' dir='ltr'><strong>χάριν</strong></span> <span class='ocrx_word' id='word_1_278' title='bbox 1665 2144 1761 2196; x_wconf 87' lang='grc' dir='ltr'><strong>τοῦ</strong></span> 
     </span>
    </p>
   </div>
   <div class='ocr_carea' id='block_1_39' title="bbox 163 2225 1763 2304">
    <p class='ocr_par' dir='ltr' id='par_1_39' title="bbox 163 2225 1763 2304">
     <span class='ocr_line' id='line_1_39' title="bbox 163 2225 1763 2304; baseline 0.006 -26"><span class='ocrx_word' id='word_1_279' title='bbox 163 2225 518 2295; x_wconf 86' lang='grc' dir='ltr'><strong>Πνεύματος,</strong></span> <span class='ocrx_word' id='word_1_280' title='bbox 572 2228 659 2282; x_wconf 80' lang='grc' dir='ltr'><strong>διὰ</strong></span> <span class='ocrx_word' id='word_1_281' title='bbox 713 2230 1088 2301; x_wconf 78' lang='grc' dir='ltr'><strong>φιλαργυρίαν</strong></span> <span class='ocrx_word' id='word_1_282' title='bbox 1147 2237 1399 2301; x_wconf 77' lang='grc' dir='ltr'><strong>γίνεται,</strong></span> <span class='ocrx_word' id='word_1_283' title='bbox 1461 2236 1581 2304; x_wconf 73' lang='grc' dir='ltr'><strong>ἥτις</strong></span> <span class='ocrx_word' id='word_1_284' title='bbox 1637 2237 1763 2302; x_wconf 75' lang='grc' dir='ltr'><strong>ῥίζα</strong></span> 
     </span>
    </p>
   </div>
   <div class='ocr_carea' id='block_1_40' title="bbox 165 2317 1762 2392">
    <p class='ocr_par' dir='ltr' id='par_1_40' title="bbox 165 2317 1762 2392">
     <span class='ocr_line' id='line_1_40' title="bbox 165 2317 1762 2392; baseline 0.006 -23"><span class='ocrx_word' id='word_1_285' title='bbox 165 2317 401 2370; x_wconf 78' lang='grc' dir='ltr'><strong>πάντων</strong></span> <span class='ocrx_word' id='word_1_286' title='bbox 433 2319 543 2372; x_wconf 83' lang='grc' dir='ltr'><strong>τῶν</strong></span> <span class='ocrx_word' id='word_1_287' title='bbox 571 2320 761 2374; x_wconf 81' lang='grc' dir='ltr'><strong>κακῶν</strong></span> <span class='ocrx_word' id='word_1_288' title='bbox 791 2323 908 2374; x_wconf 70' lang='grc' dir='ltr'><strong>ἐστὶ</strong></span> <span class='ocrx_word' id='word_1_289' title='bbox 929 2363 944 2388; x_wconf 91' lang='grc'><strong>,</strong></span> <span class='ocrx_word' id='word_1_290' title='bbox 978 2323 1075 2376; x_wconf 74' lang='grc' dir='ltr'><strong>καὶ</strong></span> <span class='ocrx_word' id='word_1_291' title='bbox 1106 2325 1443 2392; x_wconf 81' lang='grc' dir='ltr'><strong>ὀνομάζεται</strong></span> <span class='ocrx_word' id='word_1_292' title='bbox 1477 2327 1762 2379; x_wconf 71' lang='grc' dir='ltr'><strong>είδωλολαο</strong></span> 
     </span>
    </p>
   </div>
   <div class='ocr_carea' id='block_1_41' title="bbox 1867 1956 3456 2022">
    <p class='ocr_par' dir='ltr' id='par_1_41' title="bbox 1867 1956 3456 2022">
     <span class='ocr_line' id='line_1_41' title="bbox 1867 1956 3456 2022; baseline -0.002 -9"><span class='ocrx_word' id='word_1_293' title='bbox 1867 1967 2013 2022; x_wconf 84' lang='lat' dir='ltr'><strong>Sunt,</strong></span> <span class='ocrx_word' id='word_1_294' title='bbox 2050 1961 2296 2022; x_wconf 85' lang='lat' dir='ltr'><strong>recedet;</strong></span> <span class='ocrx_word' id='word_1_295' title='bbox 2331 1960 2431 2011; x_wconf 82' lang='lat' dir='ltr'><strong>hoc</strong></span> <span class='ocrx_word' id='word_1_296' title='bbox 2463 1967 2566 2020; x_wconf 86' lang='lat' dir='ltr'><strong>est,</strong></span> <span class='ocrx_word' id='word_1_297' title='bbox 2598 1971 2753 2010; x_wconf 83' lang='lat' dir='ltr'><strong>sacra</strong></span> <span class='ocrx_word' id='word_1_298' title='bbox 2793 1957 2894 2010; x_wconf 88' lang='lat' dir='ltr'><strong>hoc</strong></span> <span class='ocrx_word' id='word_1_299' title='bbox 2924 1956 2975 2009; x_wconf 90' lang='lat' dir='ltr'><strong>in</strong></span> <span class='ocrx_word' id='word_1_300' title='bbox 3020 1958 3138 2008; x_wconf 87' lang='lat' dir='ltr'><strong>loco</strong></span> <span class='ocrx_word' id='word_1_301' title='bbox 3179 1958 3456 2010; x_wconf 67' lang='lat' dir='ltr'><strong>Celebrure</strong></span> 
     </span>
    </p>
   </div>
   <div class='ocr_carea' id='block_1_42' title="bbox 1867 2045 3454 2116">
    <p class='ocr_par' dir='ltr' id='par_1_42' title="bbox 1867 2045 3454 2116">
     <span class='ocr_line' id='line_1_42' title="bbox 1867 2045 3454 2116; baseline 0 -19"><span class='ocrx_word' id='word_1_302' title='bbox 1867 2045 2266 2116; x_wconf 72' lang='lat' dir='ltr'><strong>prohibebitur,</strong></span> <span class='ocrx_word' id='word_1_303' title='bbox 2287 2057 2340 2101; x_wconf 92' lang='lat' dir='ltr'><strong>et</strong></span> <span class='ocrx_word' id='word_1_304' title='bbox 2362 2049 2522 2099; x_wconf 89' lang='lat' dir='ltr'><strong>aliam</strong></span> <span class='ocrx_word' id='word_1_305' title='bbox 2551 2049 2600 2099; x_wconf 93' lang='lat' dir='ltr'><strong>in</strong></span> <span class='ocrx_word' id='word_1_306' title='bbox 2639 2056 2912 2114; x_wconf 84' lang='lat' dir='ltr'><strong>posterum</strong></span> <span class='ocrx_word' id='word_1_307' title='bbox 2934 2047 3205 2115; x_wconf 77' lang='lat' dir='ltr'><strong>regionem</strong></span> <span class='ocrx_word' id='word_1_308' title='bbox 3228 2061 3454 2114; x_wconf 73' lang='lat' dir='ltr'><strong>qumret,</strong></span> 
     </span>
    </p>
   </div>
   <div class='ocr_carea' id='block_1_43' title="bbox 1867 2135 3456 2207">
    <p class='ocr_par' dir='ltr' id='par_1_43' title="bbox 1867 2135 3456 2207">
     <span class='ocr_line' id='line_1_43' title="bbox 1867 2135 3456 2207; baseline -0.001 -15"><span class='ocrx_word' id='word_1_309' title='bbox 1867 2139 1922 2192; x_wconf 88' lang='lat' dir='ltr'><strong>in</strong></span> <span class='ocrx_word' id='word_1_310' title='bbox 1956 2153 2062 2207; x_wconf 88' lang='lat' dir='ltr'><strong>qua</strong></span> <span class='ocrx_word' id='word_1_311' title='bbox 2093 2138 2294 2192; x_wconf 87' lang='lat' dir='ltr'><strong>donum</strong></span> <span class='ocrx_word' id='word_1_312' title='bbox 2323 2135 2416 2190; x_wconf 91' lang='lat' dir='ltr'><strong>Dei</strong></span> <span class='ocrx_word' id='word_1_313' title='bbox 2446 2139 2695 2200; x_wconf 80' lang='lat' dir='ltr'><strong>redimat,</strong></span> <span class='ocrx_word' id='word_1_314' title='bbox 2723 2138 2975 2204; x_wconf 86' lang='lat' dir='ltr'><strong>idemque</strong></span> <span class='ocrx_word' id='word_1_315' title='bbox 3004 2137 3223 2190; x_wconf 78' lang='lat' dir='ltr'><strong>vendat.</strong></span> <span class='ocrx_word' id='word_1_316' title='bbox 3256 2139 3456 2191; x_wconf 78' lang='lat' dir='ltr'><strong>Adha-c</strong></span> 
     </span>
    </p>
   </div>
   <div class='ocr_carea' id='block_1_44' title="bbox 1867 2226 3458 2296">
    <p class='ocr_par' dir='ltr' id='par_1_44' title="bbox 1867 2226 3458 2296">
     <span class='ocr_line' id='line_1_44' title="bbox 1867 2226 3458 2296; baseline -0.002 -13"><span class='ocrx_word' id='word_1_317' title='bbox 1867 2229 2161 2296; x_wconf 82' lang='lat' dir='ltr'><strong>apOStolica</strong></span> <span class='ocrx_word' id='word_1_318' title='bbox 2192 2229 2439 2296; x_wconf 87' lang='lat' dir='ltr'><strong>producit</strong></span> <span class='ocrx_word' id='word_1_319' title='bbox 2472 2229 2636 2282; x_wconf 86' lang='lat' dir='ltr'><strong>verba</strong></span> <span class='ocrx_word' id='word_1_320' title='bbox 2667 2245 2682 2291; x_wconf 82' lang='lat'><strong>;</strong></span> <span class='ocrx_word' id='word_1_321' title='bbox 2715 2226 2830 2280; x_wconf 86' lang='grc' dir='ltr'><strong>Νοε</strong></span> <span class='ocrx_word' id='word_1_322' title='bbox 2856 2228 2992 2280; x_wconf 83' lang='lat' dir='ltr'><strong>enim</strong></span> <span class='ocrx_word' id='word_1_323' title='bbox 3015 2237 3063 2281; x_wconf 88' lang='lat' dir='ltr'><strong>et</strong></span> <span class='ocrx_word' id='word_1_324' title='bbox 3090 2226 3339 2281; x_wconf 76' lang='lat' dir='ltr'><strong>Ecclesiw</strong></span> <span class='ocrx_word' id='word_1_325' title='bbox 3367 2227 3458 2280; x_wconf 78' lang='lat' dir='ltr'><strong>Dei</strong></span> 
     </span>
    </p>
   </div>
   <div class='ocr_carea' id='block_1_45' title="bbox 1867 2316 3458 2384">
    <p class='ocr_par' dir='ltr' id='par_1_45' title="bbox 1867 2316 3458 2384">
     <span class='ocr_line' id='line_1_45' title="bbox 1867 2316 3458 2384; baseline -0.004 -10"><span class='ocrx_word' id='word_1_326' title='bbox 1867 2321 2024 2374; x_wconf 73' lang='lat' dir='ltr'><strong>talem</strong></span> <span class='ocrx_word' id='word_1_327' title='bbox 2053 2337 2155 2374; x_wconf 85' lang='lat' dir='ltr'><strong>non</strong></span> <span class='ocrx_word' id='word_1_328' title='bbox 2191 2321 2442 2375; x_wconf 71' lang='lat' dir='ltr'><strong>habemus</strong></span> <span class='ocrx_word' id='word_1_329' title='bbox 2495 2321 2931 2374; x_wconf 73' lang='lat' dir='ltr'><strong>consuetudinem</strong></span> <span class='ocrx_word' id='word_1_330' title='bbox 2964 2323 3005 2374; x_wconf 83' lang='grc'><strong>⁸.</strong></span> <span class='ocrx_word' id='word_1_331' title='bbox 3068 2316 3262 2374; x_wconf 73' lang='grc' dir='ltr'><strong>Ροειεε</strong></span> <span class='ocrx_word' id='word_1_332' title='bbox 3307 2321 3458 2384; x_wconf 86' lang='lat' dir='ltr'><strong>dicit,</strong></span> 
     </span>
    </p>
   </div>
   <div class='ocr_carea' id='block_1_46' title="bbox 167 2409 1763 2489">
    <p class='ocr_par' dir='ltr' id='par_1_46' title="bbox 167 2409 1763 2489">
     <span class='ocr_line' id='line_1_46' title="bbox 167 2409 1763 2489; baseline 0.009 -29"><span class='ocrx_word' id='word_1_333' title='bbox 167 2409 324 2480; x_wconf 86' lang='grc' dir='ltr'><strong>τρία.</strong></span> <span class='ocrx_word' id='word_1_334' title='bbox 372 2410 465 2481; x_wconf 78' lang='grc' dir='ltr'><strong>Μὴ</strong></span> <span class='ocrx_word' id='word_1_335' title='bbox 498 2411 591 2466; x_wconf 79' lang='grc' dir='ltr'><strong>οὖν</strong></span> <span class='ocrx_word' id='word_1_336' title='bbox 625 2414 1012 2485; x_wconf 79' lang='grc' dir='ltr'><strong>προτιμήσητε</strong></span> <span class='ocrx_word' id='word_1_337' title='bbox 1050 2415 1121 2469; x_wconf 80' lang='grc' dir='ltr'><strong>τὰ</strong></span> <span class='ocrx_word' id='word_1_338' title='bbox 1152 2416 1350 2471; x_wconf 79' lang='grc' dir='ltr'><strong>εἴδωλα</strong></span> <span class='ocrx_word' id='word_1_339' title='bbox 1396 2417 1492 2471; x_wconf 88' lang='grc' dir='ltr'><strong>τοῦ</strong></span> <span class='ocrx_word' id='word_1_340' title='bbox 1523 2416 1763 2489; x_wconf 66' lang='grc' dir='ltr'><strong>Χρισταῦ</strong></span> 
     </span>
    </p>
   </div>
   <div class='ocr_carea' id='block_1_47' title="bbox 1870 2409 3455 2489">
    <p class='ocr_par' dir='ltr' id='par_1_47' title="bbox 1870 2411 3455 2484">
     <span class='ocr_line' id='line_1_47' title="bbox 1870 2411 3455 2484; baseline -0.002 -18"><span class='ocrx_word' id='word_1_341' title='bbox 1870 2411 2015 2483; x_wconf 87' lang='lat' dir='ltr'><strong>quod</strong></span> <span class='ocrx_word' id='word_1_342' title='bbox 2062 2413 2302 2468; x_wconf 80' lang='lat' dir='ltr'><strong>venditio</strong></span> <span class='ocrx_word' id='word_1_343' title='bbox 2369 2413 2556 2484; x_wconf 69' lang='lat' dir='ltr'><strong>gratia</strong></span> <span class='ocrx_word' id='word_1_344' title='bbox 2607 2412 2840 2483; x_wconf 80' lang='lat' dir='ltr'><strong>Spiritus</strong></span> <span class='ocrx_word' id='word_1_345' title='bbox 2895 2418 3119 2481; x_wconf 88' lang='lat' dir='ltr'><strong>propter</strong></span> <span class='ocrx_word' id='word_1_346' title='bbox 3170 2412 3455 2465; x_wconf 82' lang='lat' dir='ltr'><strong>avaritiam</strong></span> 
     </span>
    </p>
   </div>
   <div class='ocr_carea' id='block_1_48' title="bbox 166 2501 1767 2581">
    <p class='ocr_par' dir='ltr' id='par_1_48' title="bbox 166 2501 1767 2581">
     <span class='ocr_line' id='line_1_48' title="bbox 166 2501 1767 2581; baseline 0.006 -27"><span class='ocrx_word' id='word_1_347' title='bbox 166 2501 258 2556; x_wconf 67' lang='grc' dir='ltr'><strong>διὰ</strong></span> <span class='ocrx_word' id='word_1_348' title='bbox 297 2503 497 2574; x_wconf 76' lang='grc' dir='ltr'><strong>μικρὸν</strong></span> <span class='ocrx_word' id='word_1_349' title='bbox 526 2503 815 2575; x_wconf 77' lang='grc' dir='ltr'><strong>ἀργύριον.</strong></span> <span class='ocrx_word' id='word_1_350' title='bbox 859 2505 1013 2560; x_wconf 75' lang='grc' dir='ltr'><strong>Ἐπεὶ</strong></span> <span class='ocrx_word' id='word_1_351' title='bbox 1041 2507 1150 2579; x_wconf 80' lang='grc' dir='ltr'><strong>γὰρ</strong></span> <span class='ocrx_word' id='word_1_352' title='bbox 1185 2509 1217 2578; x_wconf 66' lang='grc' dir='ltr'>ἡ</span> <span class='ocrx_word' id='word_1_353' title='bbox 1245 2508 1582 2581; x_wconf 73' lang='grc' dir='ltr'><strong>φιλαργυρία</strong></span> <span class='ocrx_word' id='word_1_354' title='bbox 1614 2512 1767 2564; x_wconf 77' lang='grc' dir='ltr'><strong>εἰδω-</strong></span> 
     </span>
    </p>
   </div>
   <div class='ocr_carea' id='block_1_49' title="bbox 164 2593 1765 2672">
    <p class='ocr_par' dir='ltr' id='par_1_49' title="bbox 164 2593 1765 2672">
     <span class='ocr_line' id='line_1_49' title="bbox 164 2593 1765 2672; baseline 0.006 -27"><span class='ocrx_word' id='word_1_355' title='bbox 164 2593 434 2664; x_wconf 85' lang='grc' dir='ltr'><strong>λολατρία</strong></span> <span class='ocrx_word' id='word_1_356' title='bbox 491 2597 678 2662; x_wconf 64' lang='grc' dir='ltr'><strong>ἐστὶν,</strong></span> <span class='ocrx_word' id='word_1_357' title='bbox 739 2599 768 2650; x_wconf 85' lang='grc' dir='ltr'>ὁ</span> <span class='ocrx_word' id='word_1_358' title='bbox 823 2596 913 2650; x_wconf 81' lang='grc' dir='ltr'><strong>διὰ</strong></span> <span class='ocrx_word' id='word_1_359' title='bbox 976 2599 1349 2670; x_wconf 79' lang='grc' dir='ltr'><strong>φιλαργυρίαν</strong></span> <span class='ocrx_word' id='word_1_360' title='bbox 1411 2601 1610 2654; x_wconf 83' lang='grc' dir='ltr'><strong>πωλῶν</strong></span> <span class='ocrx_word' id='word_1_361' title='bbox 1666 2604 1765 2672; x_wconf 72' lang='grc' dir='ltr'><strong>τὴν</strong></span> 
     </span>
    </p>
   </div>
   <div class='ocr_carea' id='block_1_50' title="bbox 165 2687 1764 2759">
    <p class='ocr_par' dir='ltr' id='par_1_50' title="bbox 165 2687 1764 2759">
     <span class='ocr_line' id='line_1_50' title="bbox 165 2687 1764 2759; baseline 0.004 -20"><span class='ocrx_word' id='word_1_362' title='bbox 165 2687 386 2757; x_wconf 83' lang='grc' dir='ltr'><strong>δωρεὰν</strong></span> <span class='ocrx_word' id='word_1_363' title='bbox 424 2687 516 2739; x_wconf 87' lang='grc' dir='ltr'><strong>τοῦ</strong></span> <span class='ocrx_word' id='word_1_364' title='bbox 556 2687 688 2740; x_wconf 87' lang='grc' dir='ltr'><strong>Θεοῦ</strong></span> <span class='ocrx_word' id='word_1_365' title='bbox 736 2692 1075 2759; x_wconf 79' lang='grc' dir='ltr'><strong>προτιμᾶται</strong></span> <span class='ocrx_word' id='word_1_366' title='bbox 1113 2692 1181 2745; x_wconf 79' lang='grc' dir='ltr'><strong>τὰ</strong></span> <span class='ocrx_word' id='word_1_367' title='bbox 1227 2693 1424 2747; x_wconf 71' lang='grc' dir='ltr'><strong>εἴδωλα</strong></span> <span class='ocrx_word' id='word_1_368' title='bbox 1465 2694 1558 2746; x_wconf 87' lang='grc' dir='ltr'><strong>τοῦ</strong></span> <span class='ocrx_word' id='word_1_369' title='bbox 1603 2695 1764 2758; x_wconf 86' lang='grc' dir='ltr'><strong>Θεοῦ,</strong></span> 
     </span>
    </p>
   </div>
   <div class='ocr_carea' id='block_1_51' title="bbox 166 2780 1766 2853">
    <p class='ocr_par' dir='ltr' id='par_1_51' title="bbox 166 2780 1766 2853">
     <span class='ocr_line' id='line_1_51' title="bbox 166 2780 1766 2853; baseline 0.005 -23"><span class='ocrx_word' id='word_1_370' title='bbox 166 2780 273 2830; x_wconf 75' lang='grc' dir='ltr'><strong>καὶ</strong></span> <span class='ocrx_word' id='word_1_371' title='bbox 329 2782 584 2849; x_wconf 84' lang='grc' dir='ltr'><strong>μιμεῖται</strong></span> <span class='ocrx_word' id='word_1_372' title='bbox 619 2781 712 2833; x_wconf 84' lang='grc' dir='ltr'><strong>τὸν</strong></span> <span class='ocrx_word' id='word_1_373' title='bbox 767 2782 988 2836; x_wconf 77' lang='grc' dir='ltr'><strong>Ἰούδαν.</strong></span> <span class='ocrx_word' id='word_1_374' title='bbox 1047 2784 1134 2845; x_wconf 84' lang='grc' dir='ltr'><strong>Ὡς</strong></span> <span class='ocrx_word' id='word_1_375' title='bbox 1180 2787 1285 2853; x_wconf 69' lang='grc' dir='ltr'><strong>γὰρ</strong></span> <span class='ocrx_word' id='word_1_376' title='bbox 1334 2787 1543 2848; x_wconf 79' lang='grc' dir='ltr'><strong>ἐκεῖνος</strong></span> <span class='ocrx_word' id='word_1_377' title='bbox 1582 2787 1667 2838; x_wconf 70' lang='grc' dir='ltr'><strong>διὰ</strong></span> <span class='ocrx_word' id='word_1_378' title='bbox 1709 2789 1766 2838; x_wconf 75' lang='grc' dir='ltr'><strong>τὸ</strong></span> 
     </span>
    </p>
   </div>
   <div class='ocr_carea' id='block_1_52' title="bbox 172 2871 1768 2947">
    <p class='ocr_par' dir='ltr' id='par_1_52' title="bbox 172 2871 1768 2947">
     <span class='ocr_line' id='line_1_52' title="bbox 172 2871 1768 2947; baseline 0.003 -22"><span class='ocrx_word' id='word_1_379' title='bbox 172 2871 446 2943; x_wconf 68' lang='grc' dir='ltr'><strong>κερδῆσαι</strong></span> <span class='ocrx_word' id='word_1_380' title='bbox 483 2871 549 2926; x_wconf 57' lang='lat' dir='ltr'><strong>vi</strong></span> <span class='ocrx_word' id='word_1_381' title='bbox 593 2873 828 2944; x_wconf 77' lang='grc' dir='ltr'><strong>ἀργύρια</strong></span> <span class='ocrx_word' id='word_1_382' title='bbox 878 2875 1162 2944; x_wconf 79' lang='grc' dir='ltr'><strong>παρέδωκε</strong></span> <span class='ocrx_word' id='word_1_383' title='bbox 1203 2877 1293 2928; x_wconf 74' lang='grc' dir='ltr'><strong>τὸν</strong></span> <span class='ocrx_word' id='word_1_384' title='bbox 1327 2877 1578 2947; x_wconf 78' lang='grc' dir='ltr'><strong>Χριστὸν,</strong></span> <span class='ocrx_word' id='word_1_385' title='bbox 1628 2878 1768 2930; x_wconf 83' lang='grc' dir='ltr'><strong>οῦτω</strong></span> 
     </span>
    </p>
   </div>
   <div class='ocr_carea' id='block_1_53' title="bbox 173 2961 1768 3039">
    <p class='ocr_par' dir='ltr' id='par_1_53' title="bbox 173 2961 1768 3039">
     <span class='ocr_line' id='line_1_53' title="bbox 173 2961 1768 3039; baseline 0.003 -22"><span class='ocrx_word' id='word_1_386' title='bbox 173 2970 271 3018; x_wconf 83' lang='grc' dir='ltr'><strong>καί</strong></span> <span class='ocrx_word' id='word_1_387' title='bbox 300 2961 444 3020; x_wconf 70' lang='grc' dir='ltr'><strong>οὗτοι</strong></span> <span class='ocrx_word' id='word_1_388' title='bbox 474 2965 815 3032; x_wconf 75' lang='grc' dir='ltr'><strong>προδιδόασιν</strong></span> <span class='ocrx_word' id='word_1_389' title='bbox 849 2966 1066 3029; x_wconf 76' lang='grc' dir='ltr'><strong>ἑκόντες</strong></span> <span class='ocrx_word' id='word_1_390' title='bbox 1088 2967 1345 3037; x_wconf 74' lang='grc' dir='ltr'><strong>δευτέραν</strong></span> <span class='ocrx_word' id='word_1_391' title='bbox 1374 2969 1453 3030; x_wconf 80' lang='grc' dir='ltr'><strong>είς</strong></span> <span class='ocrx_word' id='word_1_392' title='bbox 1477 2969 1768 3039; x_wconf 80' lang='grc' dir='ltr'><strong>προδοσίαν</strong></span> 
     </span>
    </p>
   </div>
   <div class='ocr_carea' id='block_1_54' title="bbox 165 3056 1768 3128">
    <p class='ocr_par' dir='ltr' id='par_1_54' title="bbox 165 3056 1768 3128">
     <span class='ocr_line' id='line_1_54' title="bbox 165 3056 1768 3128; baseline 0.002 -20"><span class='ocrx_word' id='word_1_393' title='bbox 165 3058 262 3108; x_wconf 69' lang='grc' dir='ltr'><strong>τὸν</strong></span> <span class='ocrx_word' id='word_1_394' title='bbox 295 3057 550 3126; x_wconf 74' lang='grc' dir='ltr'><strong>Χριστὸν,</strong></span> <span class='ocrx_word' id='word_1_395' title='bbox 582 3056 638 3120; x_wconf 73' lang='grc' dir='ltr'><strong>ὃς</strong></span> <span class='ocrx_word' id='word_1_396' title='bbox 670 3056 817 3121; x_wconf 64' lang='lat' dir='ltr'><strong>ams</strong></span> <span class='ocrx_word' id='word_1_397' title='bbox 848 3057 989 3126; x_wconf 74' lang='grc' dir='ltr'><strong>ὑπὲρ</strong></span> <span class='ocrx_word' id='word_1_398' title='bbox 1011 3058 1169 3127; x_wconf 76' lang='grc' dir='ltr'><strong>ἡμῶν</strong></span> <span class='ocrx_word' id='word_1_399' title='bbox 1197 3057 1538 3128; x_wconf 79' lang='grc' dir='ltr'><strong>ἐσταυρώθη.</strong></span> <span class='ocrx_word' id='word_1_400' title='bbox 1570 3060 1768 3112; x_wconf 85' lang='grc' dir='ltr'><strong>Τοσοῦ-</strong></span> 
     </span>
    </p>
   </div>
   <div class='ocr_carea' id='block_1_55' title="bbox 1870 2502 3463 2573">
    <p class='ocr_par' dir='ltr' id='par_1_55' title="bbox 1870 2502 3463 2573">
     <span class='ocr_line' id='line_1_55' title="bbox 1870 2502 3463 2573; baseline -0.001 -16"><span class='ocrx_word' id='word_1_401' title='bbox 1870 2502 2010 2559; x_wconf 74' lang='lat' dir='ltr'><strong>facta</strong></span> <span class='ocrx_word' id='word_1_402' title='bbox 2027 2513 2128 2569; x_wconf 88' lang='lat' dir='ltr'><strong>est,</strong></span> <span class='ocrx_word' id='word_1_403' title='bbox 2167 2520 2287 2573; x_wconf 67' lang='lat' dir='ltr'><strong>quae</strong></span> <span class='ocrx_word' id='word_1_404' title='bbox 2318 2504 2468 2558; x_wconf 82' lang='lat' dir='ltr'><strong>radix</strong></span> <span class='ocrx_word' id='word_1_405' title='bbox 2501 2513 2584 2558; x_wconf 87' lang='lat' dir='ltr'><strong>est</strong></span> <span class='ocrx_word' id='word_1_406' title='bbox 2611 2504 2853 2558; x_wconf 90' lang='lat' dir='ltr'><strong>omnium</strong></span> <span class='ocrx_word' id='word_1_407' title='bbox 2888 2503 3154 2558; x_wconf 81' lang='lat' dir='ltr'><strong>malorum</strong></span> <span class='ocrx_word' id='word_1_408' title='bbox 3184 2542 3200 2567; x_wconf 91' lang='lat'><strong>,</strong></span> <span class='ocrx_word' id='word_1_409' title='bbox 3231 2512 3285 2556; x_wconf 91' lang='lat' dir='ltr'><strong>et</strong></span> <span class='ocrx_word' id='word_1_410' title='bbox 3349 2503 3463 2556; x_wconf 87' lang='lat' dir='ltr'><strong>ido-</strong></span> 
     </span>
    </p>
   </div>
   <div class='ocr_carea' id='block_1_56' title="bbox 1871 2594 3456 2664">
    <p class='ocr_par' dir='ltr' id='par_1_56' title="bbox 1871 2594 3456 2664">
     <span class='ocr_line' id='line_1_56' title="bbox 1871 2594 3456 2664; baseline -0.002 -16"><span class='ocrx_word' id='word_1_411' title='bbox 1871 2594 2077 2650; x_wconf 88' lang='lat' dir='ltr'><strong>lolatria</strong></span> <span class='ocrx_word' id='word_1_412' title='bbox 2101 2596 2430 2649; x_wconf 90' lang='lat' dir='ltr'><strong>nominatur.</strong></span> <span class='ocrx_word' id='word_1_413' title='bbox 2465 2594 2608 2650; x_wconf 82' lang='lat' dir='ltr'><strong>ldola</strong></span> <span class='ocrx_word' id='word_1_414' title='bbox 2639 2596 2817 2664; x_wconf 87' lang='lat' dir='ltr'><strong>itaque</strong></span> <span class='ocrx_word' id='word_1_415' title='bbox 2834 2595 3052 2648; x_wconf 83' lang='lat' dir='ltr'><strong>Christo</strong></span> <span class='ocrx_word' id='word_1_416' title='bbox 3075 2602 3298 2663; x_wconf 88' lang='lat' dir='ltr'><strong>propter</strong></span> <span class='ocrx_word' id='word_1_417' title='bbox 3322 2608 3456 2661; x_wconf 88' lang='lat' dir='ltr'><strong>pau-</strong></span> 
     </span>
    </p>
   </div>
   <div class='ocr_carea' id='block_1_57' title="bbox 1872 2677 3463 2758">
    <p class='ocr_par' dir='ltr' id='par_1_57' title="bbox 1872 2677 3463 2758">
     <span class='ocr_line' id='line_1_57' title="bbox 1872 2677 3463 2758; baseline -0.002 -17"><span class='ocrx_word' id='word_1_418' title='bbox 1872 2689 2036 2742; x_wconf 89' lang='lat' dir='ltr'><strong>lulum</strong></span> <span class='ocrx_word' id='word_1_419' title='bbox 2069 2689 2316 2758; x_wconf 77' lang='lat' dir='ltr'><strong>pecunia:</strong></span> <span class='ocrx_word' id='word_1_420' title='bbox 2379 2704 2444 2742; x_wconf 88' lang='lat' dir='ltr'><strong>ne</strong></span> <span class='ocrx_word' id='word_1_421' title='bbox 2498 2687 2819 2758; x_wconf 61' lang='lat' dir='ltr'><strong>praferatis.</strong></span> <span class='ocrx_word' id='word_1_422' title='bbox 2849 2677 2984 2741; x_wconf 84' lang='lat' dir='ltr'><strong>Cum</strong></span> <span class='ocrx_word' id='word_1_423' title='bbox 3036 2685 3180 2740; x_wconf 91' lang='lat' dir='ltr'><strong>enim</strong></span> <span class='ocrx_word' id='word_1_424' title='bbox 3235 2685 3463 2738; x_wconf 82' lang='lat' dir='ltr'><strong>avaritia</strong></span> 
     </span>
    </p>
   </div>
   <div class='ocr_carea' id='block_1_58' title="bbox 1872 2776 3461 2849">
    <p class='ocr_par' dir='ltr' id='par_1_58' title="bbox 1872 2776 3461 2849">
     <span class='ocr_line' id='line_1_58' title="bbox 1872 2776 3461 2849; baseline -0.003 -16"><span class='ocrx_word' id='word_1_425' title='bbox 1872 2779 2174 2834; x_wconf 77' lang='lat' dir='ltr'><strong>idololatria</strong></span> <span class='ocrx_word' id='word_1_426' title='bbox 2210 2780 2324 2842; x_wconf 89' lang='lat' dir='ltr'><strong>sit,</strong></span> <span class='ocrx_word' id='word_1_427' title='bbox 2357 2780 2446 2849; x_wconf 87' lang='lat' dir='ltr'><strong>qui</strong></span> <span class='ocrx_word' id='word_1_428' title='bbox 2497 2787 2719 2849; x_wconf 89' lang='lat' dir='ltr'><strong>propter</strong></span> <span class='ocrx_word' id='word_1_429' title='bbox 2777 2779 3064 2831; x_wconf 79' lang='lat' dir='ltr'><strong>avaritiam</strong></span> <span class='ocrx_word' id='word_1_430' title='bbox 3119 2778 3317 2830; x_wconf 89' lang='lat' dir='ltr'><strong>donum</strong></span> <span class='ocrx_word' id='word_1_431' title='bbox 3369 2776 3461 2829; x_wconf 89' lang='lat' dir='ltr'><strong>Dei</strong></span> 
     </span>
    </p>
   </div>
   <div class='ocr_carea' id='block_1_59' title="bbox 1875 2869 3462 2940">
    <p class='ocr_par' dir='ltr' id='par_1_59' title="bbox 1875 2869 3462 2940">
     <span class='ocr_line' id='line_1_59' title="bbox 1875 2869 3462 2940; baseline -0.001 -15"><span class='ocrx_word' id='word_1_432' title='bbox 1875 2872 2094 2938; x_wconf 87' lang='lat' dir='ltr'><strong>vendit,</strong></span> <span class='ocrx_word' id='word_1_433' title='bbox 2156 2874 2294 2926; x_wconf 85' lang='lat' dir='ltr'><strong>idola</strong></span> <span class='ocrx_word' id='word_1_434' title='bbox 2353 2872 2460 2926; x_wconf 92' lang='lat' dir='ltr'><strong>Deo</strong></span> <span class='ocrx_word' id='word_1_435' title='bbox 2517 2871 2756 2940; x_wconf 62' lang='lat' dir='ltr'><strong>praefert,</strong></span> <span class='ocrx_word' id='word_1_436' title='bbox 2822 2881 2875 2923; x_wconf 89' lang='lat' dir='ltr'><strong>et</strong></span> <span class='ocrx_word' id='word_1_437' title='bbox 2943 2870 3135 2922; x_wconf 74' lang='lat' dir='ltr'><strong>ludam</strong></span> <span class='ocrx_word' id='word_1_438' title='bbox 3197 2869 3462 2923; x_wconf 88' lang='lat' dir='ltr'><strong>imitatur.</strong></span> 
     </span>
    </p>
   </div>
   <div class='ocr_carea' id='block_1_60' title="bbox 1873 2959 3468 3029">
    <p class='ocr_par' dir='ltr' id='par_1_60' title="bbox 1873 2959 3468 3029">
     <span class='ocr_line' id='line_1_60' title="bbox 1873 2959 3468 3029; baseline -0.004 -12"><span class='ocrx_word' id='word_1_439' title='bbox 1873 2963 2333 3029; x_wconf 80' lang='lat' dir='ltr'><strong>Quemadmodum</strong></span> <span class='ocrx_word' id='word_1_440' title='bbox 2369 2962 2513 3016; x_wconf 89' lang='lat' dir='ltr'><strong>enim</strong></span> <span class='ocrx_word' id='word_1_441' title='bbox 2546 2962 2632 3015; x_wconf 90' lang='lat' dir='ltr'><strong>ille</strong></span> <span class='ocrx_word' id='word_1_442' title='bbox 2660 2960 2940 3014; x_wconf 85' lang='lat' dir='ltr'><strong>Christum</strong></span> <span class='ocrx_word' id='word_1_443' title='bbox 2985 2959 3242 3028; x_wconf 79' lang='lat' dir='ltr'><strong>prodidit,</strong></span> <span class='ocrx_word' id='word_1_444' title='bbox 3282 2969 3341 3012; x_wconf 90' lang='lat' dir='ltr'><strong>ut</strong></span> <span class='ocrx_word' id='word_1_445' title='bbox 3371 2974 3468 3011; x_wconf 85' lang='lat' dir='ltr'><strong>ar-</strong></span> 
     </span>
    </p>
   </div>
   <div class='ocr_carea' id='block_1_61' title="bbox 1879 3051 3460 3126">
    <p class='ocr_par' dir='ltr' id='par_1_61' title="bbox 1879 3051 3460 3126">
     <span class='ocr_line' id='line_1_61' title="bbox 1879 3051 3460 3126; baseline -0.004 -17"><span class='ocrx_word' id='word_1_446' title='bbox 1879 3068 2096 3126; x_wconf 88' lang='lat' dir='ltr'><strong>gentum</strong></span> <span class='ocrx_word' id='word_1_447' title='bbox 2131 3055 2434 3108; x_wconf 83' lang='lat' dir='ltr'><strong>lucraretur</strong></span> <span class='ocrx_word' id='word_1_448' title='bbox 2468 3054 2586 3108; x_wconf 83' lang='lat' dir='ltr'><strong>:sie</strong></span> <span class='ocrx_word' id='word_1_449' title='bbox 2621 3054 2672 3106; x_wconf 80' lang='lat' dir='ltr'><strong>lii</strong></span> <span class='ocrx_word' id='word_1_450' title='bbox 2707 3055 2941 3106; x_wconf 88' lang='lat' dir='ltr'><strong>secunda</strong></span> <span class='ocrx_word' id='word_1_451' title='bbox 2978 3051 3282 3120; x_wconf 88' lang='lat' dir='ltr'><strong>proditione</strong></span> <span class='ocrx_word' id='word_1_452' title='bbox 3299 3052 3460 3105; x_wconf 72' lang='lat' dir='ltr'><strong>Clari-</strong></span> 
     </span>
    </p>
   </div>
   <div class='ocr_carea' id='block_1_62' title="bbox 165 3143 1763 3242">
    <p class='ocr_par' dir='ltr' id='par_1_62' title="bbox 165 3143 1763 3218">
     <span class='ocr_line' id='line_1_62' title="bbox 165 3143 1763 3218; baseline 0.004 -22"><span class='ocrx_word' id='word_1_453' title='bbox 165 3161 263 3197; x_wconf 79' lang='grc' dir='ltr'><strong>τον</strong></span> <span class='ocrx_word' id='word_1_454' title='bbox 296 3143 349 3195; x_wconf 71' lang='grc' dir='ltr'><strong>δὲ</strong></span> <span class='ocrx_word' id='word_1_455' title='bbox 384 3151 538 3212; x_wconf 72' lang='grc' dir='ltr'><strong>φησὶ,</strong></span> <span class='ocrx_word' id='word_1_456' title='bbox 573 3147 663 3198; x_wconf 62' lang='grc' dir='ltr'><strong>τὶν</strong></span> <span class='ocrx_word' id='word_1_457' title='bbox 705 3145 907 3198; x_wconf 83' lang='grc' dir='ltr'><strong>Ἰούδαν</strong></span> <span class='ocrx_word' id='word_1_458' title='bbox 945 3147 1238 3215; x_wconf 73' lang='grc' dir='ltr'><strong>μιμοῦνται</strong></span> <span class='ocrx_word' id='word_1_459' title='bbox 1265 3149 1313 3200; x_wconf 81' lang='grc' dir='ltr'><strong>οι</strong></span> <span class='ocrx_word' id='word_1_460' title='bbox 1344 3149 1442 3218; x_wconf 82' lang='grc' dir='ltr'><strong>τὴν</strong></span> <span class='ocrx_word' id='word_1_461' title='bbox 1469 3150 1626 3218; x_wconf 74' lang='grc' dir='ltr'><strong>χάριν</strong></span> <span class='ocrx_word' id='word_1_462' title='bbox 1654 3167 1763 3202; x_wconf 82' lang='grc' dir='ltr'><strong>πω-</strong></span> 
     </span>
    </p>
   </div>
   <div class='ocr_carea' id='block_1_63' title="bbox 1870 3143 3466 3242">
    <p class='ocr_par' dir='ltr' id='par_1_63' title="bbox 1884 3144 3466 3216">
     <span class='ocr_line' id='line_1_63' title="bbox 1884 3144 3466 3216; baseline -0.004 -14"><span class='ocrx_word' id='word_1_463' title='bbox 1884 3161 2027 3202; x_wconf 90' lang='lat' dir='ltr'><strong>stum</strong></span> <span class='ocrx_word' id='word_1_464' title='bbox 2066 3158 2255 3216; x_wconf 86' lang='lat' dir='ltr'><strong>sponte</strong></span> <span class='ocrx_word' id='word_1_465' title='bbox 2287 3147 2542 3216; x_wconf 89' lang='lat' dir='ltr'><strong>produnt,</strong></span> <span class='ocrx_word' id='word_1_466' title='bbox 2567 3147 2655 3214; x_wconf 87' lang='lat' dir='ltr'><strong>qui</strong></span> <span class='ocrx_word' id='word_1_467' title='bbox 2679 3145 2845 3199; x_wconf 89' lang='lat' dir='ltr'><strong>semel</strong></span> <span class='ocrx_word' id='word_1_468' title='bbox 2873 3159 2969 3214; x_wconf 90' lang='lat' dir='ltr'><strong>pro</strong></span> <span class='ocrx_word' id='word_1_469' title='bbox 3002 3144 3156 3197; x_wconf 83' lang='lat' dir='ltr'><strong>nobis</strong></span> <span class='ocrx_word' id='word_1_470' title='bbox 3178 3145 3466 3197; x_wconf 79' lang='lat' dir='ltr'><strong>crucilixus</strong></span> 
     </span>
    </p>
   </div>
   <div class='ocr_carea' id='block_1_64' title="bbox 168 3235 1765 3309">
    <p class='ocr_par' dir='ltr' id='par_1_64' title="bbox 168 3235 1765 3309">
     <span class='ocr_line' id='line_1_64' title="bbox 168 3235 1765 3309; baseline 0.004 -21"><span class='ocrx_word' id='word_1_471' title='bbox 168 3235 395 3298; x_wconf 61' lang='grc' dir='ltr'><strong>λοῦ-ντες</strong></span> <span class='ocrx_word' id='word_1_472' title='bbox 421 3237 512 3288; x_wconf 84' lang='grc' dir='ltr'><strong>τοῦ</strong></span> <span class='ocrx_word' id='word_1_473' title='bbox 544 3239 881 3306; x_wconf 75' lang='grc' dir='ltr'><strong>Πνεῦματος,</strong></span> <span class='ocrx_word' id='word_1_474' title='bbox 907 3239 988 3290; x_wconf 80' lang='grc' dir='ltr'><strong>ὅτι</strong></span> <span class='ocrx_word' id='word_1_475' title='bbox 1021 3241 1114 3292; x_wconf 76' lang='grc' dir='ltr'><strong>καὶ</strong></span> <span class='ocrx_word' id='word_1_476' title='bbox 1139 3240 1208 3290; x_wconf 87' lang='grc' dir='ltr'><strong>τὰ</strong></span> <span class='ocrx_word' id='word_1_477' title='bbox 1230 3240 1425 3309; x_wconf 78' lang='grc' dir='ltr'><strong>χωρία,</strong></span> <span class='ocrx_word' id='word_1_478' title='bbox 1455 3241 1520 3292; x_wconf 76' lang='grc' dir='ltr'><strong>τὰ</strong></span> <span class='ocrx_word' id='word_1_479' title='bbox 1542 3242 1627 3294; x_wconf 79' lang='grc' dir='ltr'><strong>διὰ</strong></span> <span class='ocrx_word' id='word_1_480' title='bbox 1659 3243 1765 3294; x_wconf 78' lang='grc' dir='ltr'><strong>τῶν</strong></span> 
     </span>
    </p>
   </div>
   <div class='ocr_carea' id='block_1_65' title="bbox 169 3327 1767 3402">
    <p class='ocr_par' dir='ltr' id='par_1_65' title="bbox 169 3327 1767 3402">
     <span class='ocr_line' id='line_1_65' title="bbox 169 3327 1767 3402; baseline 0.002 -19"><span class='ocrx_word' id='word_1_481' title='bbox 169 3327 461 3398; x_wconf 80' lang='grc' dir='ltr'><strong>ἀργυρίων</strong></span> <span class='ocrx_word' id='word_1_482' title='bbox 485 3329 690 3380; x_wconf 87' lang='grc' dir='ltr'><strong>τούτων</strong></span> <span class='ocrx_word' id='word_1_483' title='bbox 721 3328 1028 3398; x_wconf 74' lang='grc' dir='ltr'><strong>ὠνούμενοι,</strong></span> <span class='ocrx_word' id='word_1_484' title='bbox 1059 3331 1223 3398; x_wconf 72' lang='grc' dir='ltr'><strong>ἤγουν</strong></span> <span class='ocrx_word' id='word_1_485' title='bbox 1254 3332 1309 3382; x_wconf 80' lang='grc' dir='ltr'><strong>αἱ</strong></span> <span class='ocrx_word' id='word_1_486' title='bbox 1336 3332 1563 3402; x_wconf 80' lang='grc' dir='ltr'><strong>ὲνορίαι,</strong></span> <span class='ocrx_word' id='word_1_487' title='bbox 1593 3335 1683 3384; x_wconf 74' lang='grc' dir='ltr'><strong>καὶ</strong></span> <span class='ocrx_word' id='word_1_488' title='bbox 1713 3337 1767 3386; x_wconf 76' lang='grc' dir='ltr'><strong>αἱ</strong></span> 
     </span>
    </p>
   </div>
   <div class='ocr_carea' id='block_1_66' title="bbox 169 3415 1769 3495">
    <p class='ocr_par' dir='ltr' id='par_1_66' title="bbox 169 3415 1769 3495">
     <span class='ocr_line' id='line_1_66' title="bbox 169 3415 1769 3495; baseline 0.003 -23"><span class='ocrx_word' id='word_1_489' title='bbox 169 3421 365 3488; x_wconf 75' lang='grc' dir='ltr'><strong>κῶμαι</strong></span> <span class='ocrx_word' id='word_1_490' title='bbox 405 3421 459 3471; x_wconf 69' lang='grc' dir='ltr'><strong>ὲν</strong></span> <span class='ocrx_word' id='word_1_491' title='bbox 495 3415 580 3482; x_wconf 74' lang='grc' dir='ltr'><strong>αἷς</strong></span> <span class='ocrx_word' id='word_1_492' title='bbox 620 3422 1074 3491; x_wconf 67' lang='grc' dir='ltr'><strong>ἐπικηρύττονται</strong></span> <span class='ocrx_word' id='word_1_493' title='bbox 1109 3424 1159 3474; x_wconf 76' lang='grc' dir='ltr'><strong>οἱ</strong></span> <span class='ocrx_word' id='word_1_494' title='bbox 1188 3421 1330 3475; x_wconf 72' lang='grc' dir='ltr'><strong>οὕτω</strong></span> <span class='ocrx_word' id='word_1_495' title='bbox 1360 3426 1769 3495; x_wconf 83' lang='grc' dir='ltr'><strong>χειροτονούμε-</strong></span> 
     </span>
    </p>
   </div>
   <div class='ocr_carea' id='block_1_67' title="bbox 172 3511 1769 3584">
    <p class='ocr_par' dir='ltr' id='par_1_67' title="bbox 172 3511 1769 3584">
     <span class='ocr_line' id='line_1_67' title="bbox 172 3511 1769 3584; baseline 0.003 -23"><span class='ocrx_word' id='word_1_496' title='bbox 172 3525 285 3572; x_wconf 77' lang='grc' dir='ltr'><strong>νοι,</strong></span> <span class='ocrx_word' id='word_1_497' title='bbox 323 3511 418 3561; x_wconf 72' lang='grc' dir='ltr'><strong>καὶ</strong></span> <span class='ocrx_word' id='word_1_498' title='bbox 451 3511 504 3562; x_wconf 79' lang='lat' dir='ltr'><strong>ai</strong></span> <span class='ocrx_word' id='word_1_499' title='bbox 536 3512 736 3578; x_wconf 79' lang='grc' dir='ltr'><strong>χεῖρες,</strong></span> <span class='ocrx_word' id='word_1_500' title='bbox 771 3513 825 3564; x_wconf 84' lang='grc' dir='ltr'><strong>αἱ</strong></span> <span class='ocrx_word' id='word_1_501' title='bbox 859 3512 984 3572; x_wconf 78' lang='grc' dir='ltr'><strong>τοὺς</strong></span> <span class='ocrx_word' id='word_1_502' title='bbox 1024 3514 1268 3581; x_wconf 76' lang='grc' dir='ltr'><strong>καρποὺς</strong></span> <span class='ocrx_word' id='word_1_503' title='bbox 1301 3516 1522 3576; x_wconf 86' lang='grc' dir='ltr'><strong>τούτους</strong></span> <span class='ocrx_word' id='word_1_504' title='bbox 1551 3516 1769 3584; x_wconf 73' lang='grc' dir='ltr'><strong>δεχόμε-</strong></span> 
     </span>
    </p>
   </div>
   <div class='ocr_carea' id='block_1_68' title="bbox 171 3596 1764 3671">
    <p class='ocr_par' dir='ltr' id='par_1_68' title="bbox 171 3596 1764 3671">
     <span class='ocr_line' id='line_1_68' title="bbox 171 3596 1764 3671; baseline 0.002 -21"><span class='ocrx_word' id='word_1_505' title='bbox 171 3614 288 3664; x_wconf 89' lang='grc' dir='ltr'><strong>ναι,</strong></span> <span class='ocrx_word' id='word_1_506' title='bbox 342 3596 650 3666; x_wconf 75' lang='grc' dir='ltr'><strong>Ἀκελδαμα</strong></span> <span class='ocrx_word' id='word_1_507' title='bbox 689 3599 1091 3670; x_wconf 74' lang='grc' dir='ltr'><strong>κληθήσονται·</strong></span> <span class='ocrx_word' id='word_1_508' title='bbox 1135 3603 1272 3671; x_wconf 79' lang='grc' dir='ltr'><strong>ὅπερ</strong></span> <span class='ocrx_word' id='word_1_509' title='bbox 1305 3600 1592 3669; x_wconf 72' lang='grc' dir='ltr'><strong>Ἐδραῖκόν</strong></span> <span class='ocrx_word' id='word_1_510' title='bbox 1627 3604 1764 3668; x_wconf 76' lang='grc' dir='ltr'><strong>ἐστι,</strong></span> 
     </span>
    </p>
   </div>
   <div class='ocr_carea' id='block_1_69' title="bbox 170 3690 1769 3764">
    <p class='ocr_par' dir='ltr' id='par_1_69' title="bbox 170 3690 1769 3764">
     <span class='ocr_line' id='line_1_69' title="bbox 170 3690 1769 3764; baseline 0.004 -22"><span class='ocrx_word' id='word_1_511' title='bbox 170 3690 654 3759; x_wconf 71' lang='grc' dir='ltr'><strong>ἐξελληνιζόμενον</strong></span> <span class='ocrx_word' id='word_1_512' title='bbox 689 3691 743 3743; x_wconf 77' lang='grc' dir='ltr'><strong>δὲ</strong></span> <span class='ocrx_word' id='word_1_513' title='bbox 775 3694 942 3761; x_wconf 79' lang='grc' dir='ltr'><strong>τιμὴν</strong></span> <span class='ocrx_word' id='word_1_514' title='bbox 972 3696 1063 3745; x_wconf 73' lang='grc' dir='ltr'><strong>καὶ</strong></span> <span class='ocrx_word' id='word_1_515' title='bbox 1101 3696 1299 3763; x_wconf 72' lang='grc' dir='ltr'><strong>χωρίον</strong></span> <span class='ocrx_word' id='word_1_516' title='bbox 1331 3695 1563 3761; x_wconf 76' lang='grc' dir='ltr'><strong>αἵματος</strong></span> <span class='ocrx_word' id='word_1_517' title='bbox 1594 3696 1769 3764; x_wconf 77' lang='grc' dir='ltr'><strong>ἑρμηο</strong></span> 
     </span>
    </p>
   </div>
   <div class='ocr_carea' id='block_1_70' title="bbox 172 3781 1765 3856">
    <p class='ocr_par' dir='ltr' id='par_1_70' title="bbox 172 3781 1765 3856">
     <span class='ocr_line' id='line_1_70' title="bbox 172 3781 1765 3856; baseline 0.004 -23"><span class='ocrx_word' id='word_1_518' title='bbox 172 3781 420 3835; x_wconf 77' lang='grc' dir='ltr'><strong>νεύεται.</strong></span> <span class='ocrx_word' id='word_1_519' title='bbox 482 3782 708 3852; x_wconf 76' lang='grc' dir='ltr'><strong>Εἴρηται</strong></span> <span class='ocrx_word' id='word_1_520' title='bbox 762 3783 817 3834; x_wconf 77' lang='grc' dir='ltr'><strong>δὲ</strong></span> <span class='ocrx_word' id='word_1_521' title='bbox 874 3786 932 3835; x_wconf 85' lang='grc' dir='ltr'><strong>ὲν</strong></span> <span class='ocrx_word' id='word_1_522' title='bbox 988 3787 1052 3854; x_wconf 85' lang='grc' dir='ltr'><strong>τῇ</strong></span> <span class='ocrx_word' id='word_1_523' title='bbox 1107 3785 1273 3853; x_wconf 77' lang='grc' dir='ltr'><strong>βίϐλῳ</strong></span> <span class='ocrx_word' id='word_1_524' title='bbox 1329 3786 1435 3838; x_wconf 83' lang='grc' dir='ltr'><strong>τῶν</strong></span> <span class='ocrx_word' id='word_1_525' title='bbox 1487 3787 1765 3856; x_wconf 76' lang='grc' dir='ltr'><strong>Πραξεων.</strong></span> 
     </span>
    </p>
   </div>
   <div class='ocr_carea' id='block_1_71' title="bbox 175 3871 1770 3945">
    <p class='ocr_par' dir='ltr' id='par_1_71' title="bbox 175 3871 1770 3945">
     <span class='ocr_line' id='line_1_71' title="bbox 175 3871 1770 3945; baseline 0.002 -19"><span class='ocrx_word' id='word_1_526' title='bbox 175 3871 356 3926; x_wconf 79' lang='grc' dir='ltr'><strong>Τοῦτο</strong></span> <span class='ocrx_word' id='word_1_527' title='bbox 386 3871 474 3924; x_wconf 80' lang='grc' dir='ltr'><strong>οῦν</strong></span> <span class='ocrx_word' id='word_1_528' title='bbox 508 3874 654 3925; x_wconf 76' lang='grc' dir='ltr'><strong>ἐστιν</strong></span> <span class='ocrx_word' id='word_1_529' title='bbox 685 3873 711 3924; x_wconf 87' lang='grc' dir='ltr'>ὃ</span> <span class='ocrx_word' id='word_1_530' title='bbox 739 3874 884 3940; x_wconf 80' lang='grc' dir='ltr'><strong>λέγει</strong></span> <span class='ocrx_word' id='word_1_531' title='bbox 910 3890 926 3904; x_wconf 76' lang='lat'><strong>&#39;</strong></span> <span class='ocrx_word' id='word_1_532' title='bbox 961 3876 1044 3926; x_wconf 81' lang='grc' dir='ltr'><strong>ὅτι</strong></span> <span class='ocrx_word' id='word_1_533' title='bbox 1075 3874 1264 3944; x_wconf 78' lang='grc' dir='ltr'><strong>ὥσπερ</strong></span> <span class='ocrx_word' id='word_1_534' title='bbox 1293 3877 1318 3927; x_wconf 81' lang='grc' dir='ltr'>ὁ</span> <span class='ocrx_word' id='word_1_535' title='bbox 1345 3877 1431 3928; x_wconf 74' lang='grc' dir='ltr'><strong>διὰ</strong></span> <span class='ocrx_word' id='word_1_536' title='bbox 1466 3879 1572 3928; x_wconf 83' lang='grc' dir='ltr'><strong>τῶν</strong></span> <span class='ocrx_word' id='word_1_537' title='bbox 1601 3879 1770 3945; x_wconf 80' lang='grc' dir='ltr'><strong>ἀργυ-</strong></span> 
     </span>
    </p>
   </div>
   <div class='ocr_carea' id='block_1_72' title="bbox 175 3961 1768 4040">
    <p class='ocr_par' dir='ltr' id='par_1_72' title="bbox 175 3961 1768 4040">
     <span class='ocr_line' id='line_1_72' title="bbox 175 3961 1768 4040; baseline 0.003 -24"><span class='ocrx_word' id='word_1_538' title='bbox 175 3966 343 4036; x_wconf 80' lang='grc' dir='ltr'><strong>ρίων,</strong></span> <span class='ocrx_word' id='word_1_539' title='bbox 395 3965 459 4016; x_wconf 81' lang='grc' dir='ltr'><strong>δι’</strong></span> <span class='ocrx_word' id='word_1_540' title='bbox 503 3961 577 4018; x_wconf 70' lang='grc' dir='ltr'><strong>ὦν</strong></span> <span class='ocrx_word' id='word_1_541' title='bbox 621 3967 834 4037; x_wconf 74' lang='grc' dir='ltr'><strong>ἐπράθη</strong></span> <span class='ocrx_word' id='word_1_542' title='bbox 892 3969 1043 4035; x_wconf 81' lang='grc' dir='ltr'><strong>παρὰ</strong></span> <span class='ocrx_word' id='word_1_543' title='bbox 1085 3967 1178 4019; x_wconf 90' lang='grc' dir='ltr'><strong>τοῦ</strong></span> <span class='ocrx_word' id='word_1_544' title='bbox 1240 3968 1410 4022; x_wconf 80' lang='grc' dir='ltr'><strong>Ἰούδα</strong></span> <span class='ocrx_word' id='word_1_545' title='bbox 1465 3970 1492 4020; x_wconf 92' lang='grc' dir='ltr'>ὀ</span> <span class='ocrx_word' id='word_1_546' title='bbox 1545 3970 1768 4040; x_wconf 72' lang='grc' dir='ltr'><strong>Κύριος,</strong></span> 
     </span>
    </p>
   </div>
   <div class='ocr_carea' id='block_1_73' title="bbox 175 4057 1774 4130">
    <p class='ocr_par' dir='ltr' id='par_1_73' title="bbox 175 4057 1774 4130">
     <span class='ocr_line' id='line_1_73' title="bbox 175 4057 1774 4130; baseline 0 -17"><span class='ocrx_word' id='word_1_547' title='bbox 175 4059 517 4128; x_wconf 75' lang='grc' dir='ltr'><strong>ἀγορασοεὶς</strong></span> <span class='ocrx_word' id='word_1_548' title='bbox 551 4059 717 4128; x_wconf 80' lang='grc' dir='ltr'><strong>ἀγρὸς</strong></span> <span class='ocrx_word' id='word_1_549' title='bbox 763 4057 897 4129; x_wconf 77' lang='grc' dir='ltr'><strong>τιμὴ</strong></span> <span class='ocrx_word' id='word_1_550' title='bbox 944 4059 1174 4129; x_wconf 60' lang='grc' dir='ltr'><strong>αἵματος</strong></span> <span class='ocrx_word' id='word_1_551' title='bbox 1217 4061 1468 4130; x_wconf 80' lang='grc' dir='ltr'><strong>ἐλογίσθη</strong></span> <span class='ocrx_word' id='word_1_552' title='bbox 1515 4064 1607 4113; x_wconf 69' lang='grc' dir='ltr'><strong>καὶ</strong></span> <span class='ocrx_word' id='word_1_553' title='bbox 1641 4062 1774 4113; x_wconf 77' lang='grc' dir='ltr'><strong>ὠνο-</strong></span> 
     </span>
    </p>
   </div>
   <div class='ocr_carea' id='block_1_74' title="bbox 180 4149 1774 4225">
    <p class='ocr_par' dir='ltr' id='par_1_74' title="bbox 180 4149 1774 4225">
     <span class='ocr_line' id='line_1_74' title="bbox 180 4149 1774 4225; baseline 0.002 -21"><span class='ocrx_word' id='word_1_554' title='bbox 180 4149 396 4220; x_wconf 80' lang='grc' dir='ltr'><strong>μάσθη,</strong></span> <span class='ocrx_word' id='word_1_555' title='bbox 457 4150 598 4203; x_wconf 78' lang='grc' dir='ltr'><strong>οὕτω</strong></span> <span class='ocrx_word' id='word_1_556' title='bbox 646 4152 738 4202; x_wconf 75' lang='grc' dir='ltr'><strong>καὶ</strong></span> <span class='ocrx_word' id='word_1_557' title='bbox 787 4151 854 4202; x_wconf 66' lang='grc' dir='ltr'><strong>τὰ</strong></span> <span class='ocrx_word' id='word_1_558' title='bbox 900 4151 1286 4220; x_wconf 79' lang='grc' dir='ltr'><strong>λαμϐανόμενα</strong></span> <span class='ocrx_word' id='word_1_559' title='bbox 1331 4152 1573 4222; x_wconf 84' lang='grc' dir='ltr'><strong>ἀργύρια</strong></span> <span class='ocrx_word' id='word_1_560' title='bbox 1624 4157 1774 4225; x_wconf 63' lang='grc' dir='ltr'><strong>παρὰ</strong></span> 
     </span>
    </p>
   </div>
   <div class='ocr_carea' id='block_1_75' title="bbox 177 4241 1776 4314">
    <p class='ocr_par' dir='ltr' id='par_1_75' title="bbox 177 4241 1776 4314">
     <span class='ocr_line' id='line_1_75' title="bbox 177 4241 1776 4314; baseline 0.001 -20"><span class='ocrx_word' id='word_1_561' title='bbox 177 4243 295 4296; x_wconf 83' lang='grc' dir='ltr'><strong>τῶν</strong></span> <span class='ocrx_word' id='word_1_562' title='bbox 331 4241 658 4296; x_wconf 76' lang='grc' dir='ltr'><strong>πωλούντων</strong></span> <span class='ocrx_word' id='word_1_563' title='bbox 690 4241 787 4314; x_wconf 78' lang='grc' dir='ltr'><strong>τὴν</strong></span> <span class='ocrx_word' id='word_1_564' title='bbox 809 4243 1016 4312; x_wconf 73' lang='grc' dir='ltr'><strong>δωρεὰν</strong></span> <span class='ocrx_word' id='word_1_565' title='bbox 1044 4243 1136 4296; x_wconf 84' lang='grc' dir='ltr'><strong>τοῦ</strong></span> <span class='ocrx_word' id='word_1_566' title='bbox 1163 4243 1321 4310; x_wconf 85' lang='grc' dir='ltr'><strong>Θεοῦ,</strong></span> <span class='ocrx_word' id='word_1_567' title='bbox 1350 4245 1522 4297; x_wconf 75' lang='grc' dir='ltr'><strong>καὶαι</strong></span> <span class='ocrx_word' id='word_1_568' title='bbox 1546 4245 1776 4314; x_wconf 77' lang='grc' dir='ltr'><strong>ὲνορξαι,</strong></span> 
     </span>
    </p>
   </div>
   <div class='ocr_carea' id='block_1_76' title="bbox 179 4331 1773 4407">
    <p class='ocr_par' dir='ltr' id='par_1_76' title="bbox 179 4331 1773 4407">
     <span class='ocr_line' id='line_1_76' title="bbox 179 4331 1773 4407; baseline 0.001 -20"><span class='ocrx_word' id='word_1_569' title='bbox 179 4333 281 4388; x_wconf 77' lang='grc' dir='ltr'><strong>καὶ</strong></span> <span class='ocrx_word' id='word_1_570' title='bbox 333 4335 392 4388; x_wconf 76' lang='grc' dir='ltr'><strong>αἱ</strong></span> <span class='ocrx_word' id='word_1_571' title='bbox 442 4335 646 4402; x_wconf 81' lang='grc' dir='ltr'><strong>κῶμαι,</strong></span> <span class='ocrx_word' id='word_1_572' title='bbox 700 4336 758 4387; x_wconf 82' lang='grc' dir='ltr'><strong>ἐν</strong></span> <span class='ocrx_word' id='word_1_573' title='bbox 804 4331 892 4397; x_wconf 80' lang='grc' dir='ltr'><strong>αἷς</strong></span> <span class='ocrx_word' id='word_1_574' title='bbox 943 4337 992 4387; x_wconf 91' lang='grc' dir='ltr'><strong>οἱ</strong></span> <span class='ocrx_word' id='word_1_575' title='bbox 1042 4336 1271 4400; x_wconf 83' lang='grc' dir='ltr'><strong>διδόντες</strong></span> <span class='ocrx_word' id='word_1_576' title='bbox 1318 4339 1773 4407; x_wconf 85' lang='grc' dir='ltr'><strong>χειροτονοῦνται,</strong></span> 
     </span>
    </p>
   </div>
   <div class='ocr_carea' id='block_1_77' title="bbox 179 4427 1378 4499">
    <p class='ocr_par' dir='ltr' id='par_1_77' title="bbox 179 4427 1378 4499">
     <span class='ocr_line' id='line_1_77' title="bbox 179 4427 1378 4499; baseline 0.003 -19"><span class='ocrx_word' id='word_1_577' title='bbox 179 4427 320 4497; x_wconf 81' lang='grc' dir='ltr'><strong>τιμὴ</strong></span> <span class='ocrx_word' id='word_1_578' title='bbox 355 4427 588 4496; x_wconf 77' lang='grc' dir='ltr'><strong>αἵματος</strong></span> <span class='ocrx_word' id='word_1_579' title='bbox 624 4430 836 4482; x_wconf 73' lang='grc' dir='ltr'><strong>ἔσονται</strong></span> <span class='ocrx_word' id='word_1_580' title='bbox 870 4432 963 4482; x_wconf 62' lang='grc' dir='ltr'><strong>καλ</strong></span> <span class='ocrx_word' id='word_1_581' title='bbox 997 4430 1378 4499; x_wconf 72' lang='grc' dir='ltr'><strong>κληθήσονται.</strong></span> 
     </span>
    </p>
   </div>
   <div class='ocr_carea' id='block_1_78' title="bbox 263 4612 724 4679">
    <p class='ocr_par' dir='ltr' id='par_1_78' title="bbox 263 4612 724 4679">
     <span class='ocr_line' id='line_1_78' title="bbox 263 4612 724 4679; baseline 0.007 -17"><span class='ocrx_word' id='word_1_582' title='bbox 263 4612 326 4662; x_wconf 73' lang='lat'><strong>&#39;.&#39;</strong></span> <span class='ocrx_word' id='word_1_583' title='bbox 362 4614 485 4663; x_wconf 72' lang='lat' dir='ltr'><strong>(Zur.</strong></span> <span class='ocrx_word' id='word_1_584' title='bbox 526 4626 599 4679; x_wconf 64' lang='grc' dir='ltr'><strong>τι,</strong></span> <span class='ocrx_word' id='word_1_585' title='bbox 637 4612 724 4665; x_wconf 74' lang='grc'><strong>16.</strong></span> 
     </span>
    </p>
   </div>
   <div class='ocr_carea' id='block_1_79' title="bbox 1877 3237 3464 3307">
    <p class='ocr_par' dir='ltr' id='par_1_79' title="bbox 1877 3237 3464 3307">
     <span class='ocr_line' id='line_1_79' title="bbox 1877 3237 3464 3307; baseline -0.004 -15"><span class='ocrx_word' id='word_1_586' title='bbox 1877 3250 1978 3294; x_wconf 87' lang='lat' dir='ltr'><strong>est.</strong></span> <span class='ocrx_word' id='word_1_587' title='bbox 2003 3238 2102 3304; x_wconf 85' lang='lat' dir='ltr'><strong>Qui</strong></span> <span class='ocrx_word' id='word_1_588' title='bbox 2127 3238 2353 3307; x_wconf 75' lang='lat' dir='ltr'><strong>gratiam</strong></span> <span class='ocrx_word' id='word_1_589' title='bbox 2375 3246 2556 3290; x_wconf 84' lang='lat' dir='ltr'><strong>autem</strong></span> <span class='ocrx_word' id='word_1_590' title='bbox 2578 3237 2813 3303; x_wconf 84' lang='lat' dir='ltr'><strong>Spiritus</strong></span> <span class='ocrx_word' id='word_1_591' title='bbox 2834 3237 3094 3294; x_wconf 90' lang='lat' dir='ltr'><strong>vendunt,</strong></span> <span class='ocrx_word' id='word_1_592' title='bbox 3112 3249 3284 3302; x_wconf 86' lang='lat' dir='ltr'><strong>usque</strong></span> <span class='ocrx_word' id='word_1_593' title='bbox 3309 3237 3464 3299; x_wconf 83' lang='lat' dir='ltr'><strong>adeo,</strong></span> 
     </span>
    </p>
   </div>
   <div class='ocr_carea' id='block_1_80' title="bbox 1879 3323 3468 3397">
    <p class='ocr_par' dir='ltr' id='par_1_80' title="bbox 1879 3323 3468 3397">
     <span class='ocr_line' id='line_1_80' title="bbox 1879 3323 3468 3397; baseline -0.003 -16"><span class='ocrx_word' id='word_1_594' title='bbox 1879 3326 2287 3397; x_wconf 77' lang='lat' dir='ltr'><strong>inquit,Judam</strong></span> <span class='ocrx_word' id='word_1_595' title='bbox 2321 3328 2623 3389; x_wconf 87' lang='lat' dir='ltr'><strong>imitantur,</strong></span> <span class='ocrx_word' id='word_1_596' title='bbox 2650 3334 2708 3378; x_wconf 90' lang='lat' dir='ltr'><strong>ut</strong></span> <span class='ocrx_word' id='word_1_597' title='bbox 2745 3326 2947 3388; x_wconf 74' lang='lat' dir='ltr'><strong>praedia</strong></span> <span class='ocrx_word' id='word_1_598' title='bbox 2987 3323 3076 3376; x_wconf 84' lang='lat' dir='ltr'><strong>tali</strong></span> <span class='ocrx_word' id='word_1_599' title='bbox 3111 3335 3333 3393; x_wconf 77' lang='lat' dir='ltr'><strong>argento</strong></span> <span class='ocrx_word' id='word_1_600' title='bbox 3355 3340 3468 3378; x_wconf 79' lang='lat' dir='ltr'><strong>eui-</strong></span> 
     </span>
    </p>
   </div>
   <div class='ocr_carea' id='block_1_81' title="bbox 1879 3416 3465 3489">
    <p class='ocr_par' dir='ltr' id='par_1_81' title="bbox 1879 3416 3465 3489">
     <span class='ocr_line' id='line_1_81' title="bbox 1879 3416 3465 3489; baseline -0.003 -17"><span class='ocrx_word' id='word_1_601' title='bbox 1879 3431 1992 3489; x_wconf 88' lang='lat' dir='ltr'><strong>pta,</strong></span> <span class='ocrx_word' id='word_1_602' title='bbox 2025 3419 2140 3473; x_wconf 76' lang='lat' dir='ltr'><strong>sive</strong></span> <span class='ocrx_word' id='word_1_603' title='bbox 2173 3416 2439 3486; x_wconf 81' lang='lat' dir='ltr'><strong>regiones,</strong></span> <span class='ocrx_word' id='word_1_604' title='bbox 2475 3428 2526 3471; x_wconf 92' lang='lat' dir='ltr'><strong>et</strong></span> <span class='ocrx_word' id='word_1_605' title='bbox 2559 3418 2686 3480; x_wconf 80' lang='lat' dir='ltr'><strong>vici,</strong></span> <span class='ocrx_word' id='word_1_606' title='bbox 2725 3418 2775 3469; x_wconf 93' lang='lat' dir='ltr'><strong>iu</strong></span> <span class='ocrx_word' id='word_1_607' title='bbox 2812 3417 3007 3484; x_wconf 90' lang='lat' dir='ltr'><strong>quibus</strong></span> <span class='ocrx_word' id='word_1_608' title='bbox 3038 3418 3465 3482; x_wconf 86' lang='lat' dir='ltr'><strong>constituuntur,</strong></span> 
     </span>
    </p>
   </div>
   <div class='ocr_carea' id='block_1_82' title="bbox 1879 3510 3474 3580">
    <p class='ocr_par' dir='ltr' id='par_1_82' title="bbox 1879 3510 3474 3580">
     <span class='ocr_line' id='line_1_82' title="bbox 1879 3510 3474 3580; baseline 0 -18"><span class='ocrx_word' id='word_1_609' title='bbox 1879 3512 1970 3580; x_wconf 85' lang='lat' dir='ltr'><strong>qui</strong></span> <span class='ocrx_word' id='word_1_610' title='bbox 2010 3512 2186 3565; x_wconf 88' lang='lat' dir='ltr'><strong>istboc</strong></span> <span class='ocrx_word' id='word_1_611' title='bbox 2219 3512 2376 3565; x_wconf 84' lang='lat' dir='ltr'><strong>modo</strong></span> <span class='ocrx_word' id='word_1_612' title='bbox 2427 3511 2646 3563; x_wconf 88' lang='lat' dir='ltr'><strong>ordines</strong></span> <span class='ocrx_word' id='word_1_613' title='bbox 2698 3510 2800 3564; x_wconf 85' lang='lat' dir='ltr'><strong>sibi</strong></span> <span class='ocrx_word' id='word_1_614' title='bbox 2849 3510 3080 3562; x_wconf 80' lang='lat' dir='ltr'><strong>collatos</strong></span> <span class='ocrx_word' id='word_1_615' title='bbox 3140 3510 3377 3571; x_wconf 82' lang='lat' dir='ltr'><strong>habent,</strong></span> <span class='ocrx_word' id='word_1_616' title='bbox 3417 3518 3474 3562; x_wconf 81' lang='lat' dir='ltr'><strong>ct</strong></span> 
     </span>
    </p>
   </div>
   <div class='ocr_carea' id='block_1_83' title="bbox 1881 3599 3470 3672">
    <p class='ocr_par' dir='ltr' id='par_1_83' title="bbox 1881 3599 3470 3672">
     <span class='ocr_line' id='line_1_83' title="bbox 1881 3599 3470 3672; baseline -0.004 -14"><span class='ocrx_word' id='word_1_617' title='bbox 1881 3619 2094 3667; x_wconf 86' lang='lat' dir='ltr'><strong>manus,</strong></span> <span class='ocrx_word' id='word_1_618' title='bbox 2130 3619 2248 3672; x_wconf 74' lang='lat' dir='ltr'><strong>qua:</strong></span> <span class='ocrx_word' id='word_1_619' title='bbox 2282 3605 2410 3657; x_wconf 87' lang='lat' dir='ltr'><strong>istos</strong></span> <span class='ocrx_word' id='word_1_620' title='bbox 2454 3601 2658 3656; x_wconf 80' lang='lat' dir='ltr'><strong>fructus</strong></span> <span class='ocrx_word' id='word_1_621' title='bbox 2688 3602 3001 3669; x_wconf 85' lang='lat' dir='ltr'><strong>accipiunt,</strong></span> <span class='ocrx_word' id='word_1_622' title='bbox 3035 3599 3326 3652; x_wconf 70' lang='lat' dir='ltr'><strong>Akelduma</strong></span> <span class='ocrx_word' id='word_1_623' title='bbox 3375 3617 3470 3652; x_wconf 72' lang='grc' dir='ltr'><strong>ιυ-</strong></span> 
     </span>
    </p>
   </div>
   <div class='ocr_carea' id='block_1_84' title="bbox 1879 3688 3470 3764">
    <p class='ocr_par' dir='ltr' id='par_1_84' title="bbox 1879 3688 3470 3764">
     <span class='ocr_line' id='line_1_84' title="bbox 1879 3688 3470 3764; baseline -0.006 -14"><span class='ocrx_word' id='word_1_624' title='bbox 1879 3699 2182 3760; x_wconf 87' lang='lat' dir='ltr'><strong>cabuntur;</strong></span> <span class='ocrx_word' id='word_1_625' title='bbox 2220 3695 2363 3764; x_wconf 85' lang='lat' dir='ltr'><strong>quod</strong></span> <span class='ocrx_word' id='word_1_626' title='bbox 2395 3692 2718 3748; x_wconf 86' lang='lat' dir='ltr'><strong>llebraicum</strong></span> <span class='ocrx_word' id='word_1_627' title='bbox 2751 3701 2854 3754; x_wconf 90' lang='lat' dir='ltr'><strong>est,</strong></span> <span class='ocrx_word' id='word_1_628' title='bbox 2889 3691 3076 3745; x_wconf 68' lang='lat' dir='ltr'><strong>Graece</strong></span> <span class='ocrx_word' id='word_1_629' title='bbox 3111 3703 3290 3743; x_wconf 89' lang='lat' dir='ltr'><strong>autem</strong></span> <span class='ocrx_word' id='word_1_630' title='bbox 3340 3688 3470 3741; x_wconf 77' lang='lat' dir='ltr'><strong>Prc-</strong></span> 
     </span>
    </p>
   </div>
   <div class='ocr_carea' id='block_1_85' title="bbox 1878 3781 3468 3856">
    <p class='ocr_par' dir='ltr' id='par_1_85' title="bbox 1878 3781 3468 3856">
     <span class='ocr_line' id='line_1_85' title="bbox 1878 3781 3468 3856; baseline -0.008 -14"><span class='ocrx_word' id='word_1_631' title='bbox 1878 3789 2011 3842; x_wconf 90' lang='lat' dir='ltr'><strong>tium</strong></span> <span class='ocrx_word' id='word_1_632' title='bbox 2042 3798 2097 3840; x_wconf 90' lang='lat' dir='ltr'><strong>et</strong></span> <span class='ocrx_word' id='word_1_633' title='bbox 2126 3801 2312 3856; x_wconf 83' lang='lat' dir='ltr'><strong>agrum</strong></span> <span class='ocrx_word' id='word_1_634' title='bbox 2347 3785 2628 3854; x_wconf 79' lang='lat' dir='ltr'><strong>sanguinis</strong></span> <span class='ocrx_word' id='word_1_635' title='bbox 2651 3785 2938 3852; x_wconf 81' lang='lat' dir='ltr'><strong>signilieat.</strong></span> <span class='ocrx_word' id='word_1_636' title='bbox 2968 3781 3252 3836; x_wconf 64' lang='lat' dir='ltr'><strong>Iieferelur</strong></span> <span class='ocrx_word' id='word_1_637' title='bbox 3283 3791 3468 3833; x_wconf 90' lang='lat' dir='ltr'><strong>autem</strong></span> 
     </span>
    </p>
   </div>
   <div class='ocr_carea' id='block_1_86' title="bbox 1879 3872 3468 3943">
    <p class='ocr_par' dir='ltr' id='par_1_86' title="bbox 1879 3872 3468 3943">
     <span class='ocr_line' id='line_1_86' title="bbox 1879 3872 3468 3943; baseline -0.006 -11"><span class='ocrx_word' id='word_1_638' title='bbox 1879 3879 1932 3932; x_wconf 88' lang='lat' dir='ltr'><strong>in</strong></span> <span class='ocrx_word' id='word_1_639' title='bbox 1960 3879 2098 3931; x_wconf 85' lang='lat' dir='ltr'><strong>libro</strong></span> <span class='ocrx_word' id='word_1_640' title='bbox 2131 3877 2408 3931; x_wconf 80' lang='lat' dir='ltr'><strong>Actorum.</strong></span> <span class='ocrx_word' id='word_1_641' title='bbox 2442 3875 2555 3930; x_wconf 79' lang='lat' dir='ltr'><strong>Hoc</strong></span> <span class='ocrx_word' id='word_1_642' title='bbox 2592 3877 2756 3943; x_wconf 79' lang='lat' dir='ltr'><strong>igitur</strong></span> <span class='ocrx_word' id='word_1_643' title='bbox 2803 3887 2885 3928; x_wconf 91' lang='lat' dir='ltr'><strong>est</strong></span> <span class='ocrx_word' id='word_1_644' title='bbox 2912 3875 3054 3942; x_wconf 86' lang='lat' dir='ltr'><strong>quod</strong></span> <span class='ocrx_word' id='word_1_645' title='bbox 3107 3874 3237 3928; x_wconf 78' lang='lat' dir='ltr'><strong>dicit</strong></span> <span class='ocrx_word' id='word_1_646' title='bbox 3273 3891 3286 3926; x_wconf 91' lang='lat'><strong>:</strong></span> <span class='ocrx_word' id='word_1_647' title='bbox 3329 3872 3468 3940; x_wconf 89' lang='lat' dir='ltr'><strong>quod</strong></span> 
     </span>
    </p>
   </div>
   <div class='ocr_carea' id='block_1_87' title="bbox 1879 3965 3469 4038">
    <p class='ocr_par' dir='ltr' id='par_1_87' title="bbox 1879 3965 3469 4038">
     <span class='ocr_line' id='line_1_87' title="bbox 1879 3965 3469 4038; baseline -0.006 -14"><span class='ocrx_word' id='word_1_648' title='bbox 1879 3972 2017 4024; x_wconf 86' lang='lat' dir='ltr'><strong>sicut</strong></span> <span class='ocrx_word' id='word_1_649' title='bbox 2046 3983 2196 4038; x_wconf 85' lang='lat' dir='ltr'><strong>ager,</strong></span> <span class='ocrx_word' id='word_1_650' title='bbox 2228 3968 2316 4036; x_wconf 85' lang='lat' dir='ltr'><strong>qui</strong></span> <span class='ocrx_word' id='word_1_651' title='bbox 2351 3967 2589 4020; x_wconf 87' lang='lat' dir='ltr'><strong>nummis</strong></span> <span class='ocrx_word' id='word_1_652' title='bbox 2621 3968 2917 4035; x_wconf 86' lang='lat' dir='ltr'><strong>argenteis,</strong></span> <span class='ocrx_word' id='word_1_653' title='bbox 2948 3979 3044 4032; x_wconf 86' lang='lat' dir='ltr'><strong>pro</strong></span> <span class='ocrx_word' id='word_1_654' title='bbox 3075 3965 3274 4032; x_wconf 89' lang='lat' dir='ltr'><strong>quibus</strong></span> <span class='ocrx_word' id='word_1_655' title='bbox 3341 3978 3469 4015; x_wconf 85' lang='lat' dir='ltr'><strong>ven-</strong></span> 
     </span>
    </p>
   </div>
   <div class='ocr_carea' id='block_1_88' title="bbox 1879 4055 3473 4126">
    <p class='ocr_par' dir='ltr' id='par_1_88' title="bbox 1879 4055 3473 4126">
     <span class='ocr_line' id='line_1_88' title="bbox 1879 4055 3473 4126; baseline -0.004 -12"><span class='ocrx_word' id='word_1_656' title='bbox 1879 4063 2022 4114; x_wconf 85' lang='lat' dir='ltr'><strong>ditus</strong></span> <span class='ocrx_word' id='word_1_657' title='bbox 2048 4070 2130 4113; x_wconf 86' lang='lat' dir='ltr'><strong>est</strong></span> <span class='ocrx_word' id='word_1_658' title='bbox 2164 4059 2460 4122; x_wconf 82' lang='lat' dir='ltr'><strong>Dominus,</strong></span> <span class='ocrx_word' id='word_1_659' title='bbox 2495 4066 2710 4126; x_wconf 89' lang='lat' dir='ltr'><strong>emptus</strong></span> <span class='ocrx_word' id='word_1_660' title='bbox 2740 4065 2821 4110; x_wconf 86' lang='lat' dir='ltr'><strong>est</strong></span> <span class='ocrx_word' id='word_1_661' title='bbox 2851 4094 2867 4118; x_wconf 92' lang='lat'><strong>,</strong></span> <span class='ocrx_word' id='word_1_662' title='bbox 2903 4057 3137 4123; x_wconf 88' lang='lat' dir='ltr'><strong>pretium</strong></span> <span class='ocrx_word' id='word_1_663' title='bbox 3190 4055 3473 4124; x_wconf 77' lang='lat' dir='ltr'><strong>sanguinis</strong></span> 
     </span>
    </p>
   </div>
   <div class='ocr_carea' id='block_1_89' title="bbox 1880 4153 3472 4226">
    <p class='ocr_par' dir='ltr' id='par_1_89' title="bbox 1880 4153 3472 4226">
     <span class='ocr_line' id='line_1_89' title="bbox 1880 4153 3472 4226; baseline -0.004 -15"><span class='ocrx_word' id='word_1_664' title='bbox 1880 4165 2157 4226; x_wconf 88' lang='lat' dir='ltr'><strong>reputatus</strong></span> <span class='ocrx_word' id='word_1_665' title='bbox 2187 4163 2270 4208; x_wconf 88' lang='lat' dir='ltr'><strong>est</strong></span> <span class='ocrx_word' id='word_1_666' title='bbox 2306 4163 2358 4208; x_wconf 91' lang='lat' dir='ltr'><strong>et</strong></span> <span class='ocrx_word' id='word_1_667' title='bbox 2384 4153 2728 4218; x_wconf 88' lang='lat' dir='ltr'><strong>nominatus;</strong></span> <span class='ocrx_word' id='word_1_668' title='bbox 2769 4153 2852 4207; x_wconf 92' lang='lat' dir='ltr'><strong>sic</strong></span> <span class='ocrx_word' id='word_1_669' title='bbox 2880 4153 3043 4206; x_wconf 88' lang='lat' dir='ltr'><strong>etiam</strong></span> <span class='ocrx_word' id='word_1_670' title='bbox 3079 4163 3363 4220; x_wconf 85' lang='lat' dir='ltr'><strong>argentum</strong></span> <span class='ocrx_word' id='word_1_671' title='bbox 3402 4155 3472 4204; x_wconf 82' lang='lat' dir='ltr'><strong>ab</strong></span> 
     </span>
    </p>
   </div>
   <div class='ocr_carea' id='block_1_90' title="bbox 1881 4244 3472 4318">
    <p class='ocr_par' dir='ltr' id='par_1_90' title="bbox 1881 4244 3472 4318">
     <span class='ocr_line' id='line_1_90' title="bbox 1881 4244 3472 4318; baseline -0.004 -14"><span class='ocrx_word' id='word_1_672' title='bbox 1881 4250 1970 4313; x_wconf 84' lang='lat' dir='ltr'><strong>iis,</strong></span> <span class='ocrx_word' id='word_1_673' title='bbox 2003 4249 2092 4318; x_wconf 81' lang='lat' dir='ltr'><strong>qui</strong></span> <span class='ocrx_word' id='word_1_674' title='bbox 2118 4249 2316 4302; x_wconf 91' lang='lat' dir='ltr'><strong>donum</strong></span> <span class='ocrx_word' id='word_1_675' title='bbox 2343 4245 2437 4300; x_wconf 89' lang='lat' dir='ltr'><strong>Dei</strong></span> <span class='ocrx_word' id='word_1_676' title='bbox 2475 4247 2750 4310; x_wconf 79' lang='lat' dir='ltr'><strong>vendunt,</strong></span> <span class='ocrx_word' id='word_1_677' title='bbox 2787 4255 3066 4313; x_wconf 85' lang='lat' dir='ltr'><strong>acceptum</strong></span> <span class='ocrx_word' id='word_1_678' title='bbox 3094 4284 3108 4310; x_wconf 91' lang='lat'><strong>,</strong></span> <span class='ocrx_word' id='word_1_679' title='bbox 3133 4255 3187 4298; x_wconf 88' lang='lat' dir='ltr'><strong>et</strong></span> <span class='ocrx_word' id='word_1_680' title='bbox 3224 4244 3472 4312; x_wconf 85' lang='lat' dir='ltr'><strong>regiones</strong></span> 
     </span>
    </p>
   </div>
   <div class='ocr_carea' id='block_1_91' title="bbox 1881 4336 3473 4410">
    <p class='ocr_par' dir='ltr' id='par_1_91' title="bbox 1881 4336 3473 4410">
     <span class='ocr_line' id='line_1_91' title="bbox 1881 4336 3473 4410; baseline -0.006 -13"><span class='ocrx_word' id='word_1_681' title='bbox 1881 4351 1934 4398; x_wconf 93' lang='lat' dir='ltr'><strong>et</strong></span> <span class='ocrx_word' id='word_1_682' title='bbox 1961 4342 2084 4404; x_wconf 82' lang='lat' dir='ltr'><strong>vici,</strong></span> <span class='ocrx_word' id='word_1_683' title='bbox 2123 4341 2176 4395; x_wconf 90' lang='lat' dir='ltr'><strong>in</strong></span> <span class='ocrx_word' id='word_1_684' title='bbox 2206 4338 2403 4410; x_wconf 88' lang='lat' dir='ltr'><strong>quibus</strong></span> <span class='ocrx_word' id='word_1_685' title='bbox 2424 4337 2746 4392; x_wconf 89' lang='lat' dir='ltr'><strong>ordinantur</strong></span> <span class='ocrx_word' id='word_1_686' title='bbox 2775 4337 2850 4390; x_wconf 91' lang='lat' dir='ltr'><strong>illi</strong></span> <span class='ocrx_word' id='word_1_687' title='bbox 2880 4338 2970 4405; x_wconf 88' lang='lat' dir='ltr'><strong>qui</strong></span> <span class='ocrx_word' id='word_1_688' title='bbox 3019 4336 3314 4401; x_wconf 87' lang='lat' dir='ltr'><strong>dederunt,</strong></span> <span class='ocrx_word' id='word_1_689' title='bbox 3351 4348 3473 4404; x_wconf 81' lang='lat' dir='ltr'><strong>pre-</strong></span> 
     </span>
    </p>
   </div>
   <div class='ocr_carea' id='block_1_92' title="bbox 1883 4427 3071 4501">
    <p class='ocr_par' dir='ltr' id='par_1_92' title="bbox 1883 4427 3071 4501">
     <span class='ocr_line' id='line_1_92' title="bbox 1883 4427 3071 4501; baseline -0.003 -15"><span class='ocrx_word' id='word_1_690' title='bbox 1883 4437 2016 4486; x_wconf 90' lang='lat' dir='ltr'><strong>tium</strong></span> <span class='ocrx_word' id='word_1_691' title='bbox 2050 4433 2329 4501; x_wconf 76' lang='lat' dir='ltr'><strong>sanguinis</strong></span> <span class='ocrx_word' id='word_1_692' title='bbox 2361 4438 2522 4484; x_wconf 90' lang='lat' dir='ltr'><strong>cruut</strong></span> <span class='ocrx_word' id='word_1_693' title='bbox 2552 4437 2604 4481; x_wconf 88' lang='lat' dir='ltr'><strong>et</strong></span> <span class='ocrx_word' id='word_1_694' title='bbox 2635 4427 3071 4498; x_wconf 84' lang='lat' dir='ltr'><strong>appellabuntur.</strong></span> 
     </span>
    </p>
   </div>
  </div>
