4096 6452
230 379 343 440 869

906 375 976 433 IN
1021 374 1266 434 EPIST.
1320 379 1375 433 Β.
1422 373 1797 432 ιιιιιίϐοιιιι
1849 372 2171 431 ΝιέδΕΝι
2213 373 2312 432 AD
2355 375 2722 433 LETOIUM.

3331 379 3438 442 870

233 494 476 563 τοιαύτη.
521 493 577 545 '0
631 495 726 562 μὲν
775 495 879 564 γὰρ
931 494 1021 560 ἀρ’
1067 493 1258 546 ἑαυτοῦ
1301 493 1432 562 πρὸς
1471 493 1567 562 τὴν
1605 493 1779 558 ὲξαγό·

1892 492 2190 546 diiferentia
2227 495 2279 547 in
2306 494 2511 546 ratione
2536 494 2865 560 ῃαιιιὶιοιηιίιε
2893 495 2944 546 in
2973 495 3038 546 iis
3064 495 3154 560 qui
3195 494 3245 546 iu
3284 499 3437 548 volu-

233 603 418 655 ριυσιν
467 585 562 652 τῆς
611 586 879 654 ἁμαρτίας
921 586 1162 654 ὁρμήσας
1193 624 1207 645 ,
1238 583 1382 653 αὐτῷ
1416 586 1474 636 τὺ
1503 583 1789 646 καταδέξα-

234 676 358 725 σθαι
386 674 453 726 δι’
481 675 682 735 οἰκείας
724 675 896 743 ὁρμῆς
931 673 1178 740 γενέσθαι
1219 674 1320 724 τῶν
1371 674 1612 742 κρυφίων
1657 689 1786 724 κατ-

231 771 433 831 ἡγορος
458 780 470 793 ⁸
501 763 574 823 ὡς
613 763 708 831 ἤδη
755 764 852 831 τῆς
888 764 1176 832 θεραπείας
1207 761 1299 813 τοῦ
1333 761 1532 822 πάθους
1556 759 1788 827 ἀρξάμε-

233 869 320 911 νος
345 894 357 910 .
405 854 495 904 καὶ
545 855 761 920 σημεῖον
798 856 894 921 τῆς
942 853 1074 920 πρὸς
1109 853 1169 904 τὸ
1217 855 1460 918 γρείττον
1492 850 1786 918 μεταϐολῆς

231 943 635 1010 ἐπιδειξάμενος
669 981 682 1002 ,
734 945 790 992 ὲν
848 941 1365 1008 φιλαν¹ὶρωποτέροις
1424 943 1626 1005 γίνεται
1679 942 1786 1000 τοῖς

231 1033 542 1099 ἐπιτιμίοις.
581 1032 635 1082 Ὁ
661 1031 714 1083 δὲ
747 1031 1014 1099 φωραθεὶς
1047 1033 1136 1081 ἐπὶ
1169 1031 1243 1099 τῷ
1275 1029 1443 1097 κακῷ,
1471 1029 1500 1098 ἦ
1531 1029 1615 1081 aut
1647 1045 1784 1090 τινος

233 1120 469 1187 ὑποψίας
551 1123 582 1190 ἢ
622 1121 946 1189 κατηγορίας
997 1121 1261 1181 ἀκουσίως
1308 1119 1693 1186 ἀπελεγχθεὶς,
1730 1120 1786 1169 εν

232 1209 598 1280 ἐπιτεταμένῃ
646 1210 849 1276 γίνεται
895 1212 956 1277 τῇ
1007 1211 1339 1277 ἐπιστροφῇ·
1368 1208 1503 1260 ὥστε
1559 1208 1784 1277 καθαρι-

235 1296 426 1349 τθέντα
454 1299 520 1349 δι’
550 1298 830 1367 ἀκρισείας
860 1299 1037 1357 αὑτὸν,
1068 1296 1235 1359 οὕτως
1267 1299 1356 1348 ἐπὶ
1382 1298 1476 1366 τὴν
1508 1299 1610 1347 τῶν
1635 1298 1787 1362 ἁγια-

232 1389 456 1452 σμάτων
485 1389 761 1439 κοινωνίαν
794 1387 1207 1456 παραδεχθῆναι.
1239 1387 1390 1438 Ἔστι
1418 1389 1592 1438 τοίνυν
1623 1389 1649 1438 ὁ
1686 1405 1785 1438 και

232 1473 341 1525 νὼν
370 1474 602 1527 τοιοῦτος
631 1514 643 1535 ,
673 1475 808 1526 ὥστε
837 1477 956 1536 τοὺς
987 1475 1043 1524 ὲν
1082 1475 1300 1542 πορνείᾳ
1328 1475 1699 1543 μοὶυνθέντας,
1727 1477 1784 1526 ἐν

228 1564 380 1633 τρισὶ
413 1563 508 1632 μὲν
534 1564 672 1616 ἔτεσι
705 1563 926 1616 καθόλου
948 1563 1047 1631 τῆς
1069 1565 1228 1632 εὐχῆς
1270 1565 1600 1634 ἀποόλήτους
1628 1561 1785 1617 εἶναι’

229 1654 288 1704 ὲν
311 1656 452 1720 τρισὶ
480 1654 534 1704 δὲ
564 1656 657 1721 τῆς
689 1656 994 1724 ἀκροάσεως
1036 1659 1280 1726 μετέχειν
1311 1657 1494 1725 μόνης,
1525 1659 1580 1707 ὲν
1611 1655 1785 1716 ἄλλοις

225 1741 282 1792 δὲ
314 1743 492 1808 τρισὶν
531 1743 670 1795 ἔτεσι
724 1746 856 1812 μετά
895 1747 1000 1797 τῶν
1041 1748 1097 1797 ὲν
1125 1750 1188 1816 τῇ
1239 1748 1535 1814 ἐπιστροφῇ
1589 1745 1783 1795 ὑποπι-

228 1830 470 1881 πτόντων
499 1831 906 1899 προσεύχεσθαι,
940 1833 1030 1884 καὶ
1061 1833 1176 1885 τότε
1212 1833 1454 1902 μετέχειν
1492 1832 1599 1883 τῶν
1627 1832 1782 1896 ἁγια-

232 1921 472 1986 σμάτων.
520 1921 641 1973 Ἐπὶ
672 1922 727 1973 δὲ
770 1923 876 1974 τῶν
911 1924 1313 1992 σπουδαιότερον
1345 1923 1692 1992 κεχρημένων
1717 1923 1781 1990 τῇ

225 2012 564 2080 ἐπιστροφῇ,
619 2015 708 2064 καὶ
758 2013 832 2080 τῷ
882 2013 979 2082 βίῳ
1036 2013 1352 2065 δεικνύντων
1391 2015 1486 2082 τὴν
1542 2012 1675 2080 πρὸς
1724 2013 1784 2064 τὸ

226 2098 432 2162 ἀγαθὸν
478 2099 764 2158 ἐπάνοδον,
812 2099 983 2163 ἔξεστι
1031 2098 1106 2166 τῷ
1137 2098 1497 2167 οἰκονομοῦντι
1542 2097 1674 2165 πρὸς
1723 2095 1783 2147 τδ

229 2189 506 2258 συμφέρον
525 2189 622 2259 τὴν
655 2188 1102 2255 ὲκκλησιαστικὴν
1138 2188 1442 2254 οἰκονομίαν
1465 2227 1477 2247 ,
1504 2189 1782 2254 συντεμετν

227 2277 319 2328 τὸν
355 2278 540 2344 χρόνον
581 2277 679 2344 τῆς
707 2277 1045 2344 ἀκροάσεως,
1075 2275 1166 2326 καὶ
1206 2277 1390 2342 τάχιον
1425 2275 1504 2336 είς
1533 2277 1783 2342 ἐπιστρο-

225 2364 336 2432 φὴν
364 2365 587 2429 ἀγαγεῖν
612 2403 624 2424 ,
675 2364 766 2413 καὶ
817 2363 972 2414 πάλιν
1020 2361 1110 2412 καὶ
1140 2361 1323 2412 τοῦτον
1370 2364 1650 2430 πντεμεῖν
1692 2361 1781 2412 τὸν

226 2454 420 2522 χρόνον
443 2491 458 2512 ,
497 2453 587 2503 καὶ
629 2453 808 2519 τάχιον
844 2450 1128 2503 ἀποδοῦναι
1158 2451 1254 2519 τὴν
1283 2453 1558 2504 κοινωνίαν
1585 2494 1598 2514 ,
1636 2454 1782 2516 ὅπως

226 2541 297 2593 ἂν
326 2543 389 2609 τῇ
425 2539 614 2592 ἑαυτοῦ
645 2540 931 2608 δοκιμασία
974 2542 1193 2608 ὲκκρίνῃ
1228 2541 1324 2609 τὴν
1371 2540 1461 2592 τοῦ
1491 2541 1782 2607 θεραπευο-

226 2629 392 2693 μένου
423 2628 981 2696 κατάστασιν.Ὦσπερ
1001 2627 1106 2695 γάρ
1125 2627 1184 2678 τὸ
1215 2631 1322 2689 τοῖς
1347 2628 1543 2696 χοίροις
1571 2631 1781 2696 ῥίπτειν

224 2716 317 2767 τὸν
352 2716 688 2785 μαργαρίτην
716 2717 1045 2784 ἀπείρηται,
1078 2715 1218 2768 οὕτω
1239 2717 1299 2769 τὸ
1333 2720 1649 2788 ἀποστερεῖν
1690 2721 1780 2773 τοῦ

223 2804 411 2871 τιμίου
457 2803 790 2872 μαργαρίτου
823 2804 913 2854 τὸν
961 2803 1060 2871 ἢδη
1100 2803 1380 2871 ἄνθρωπον
1423 2807 1508 2859 διὰ
1549 2809 1648 2876 τῆς
1682 2826 1780 2860 κα-

227 2891 523 2960 θιίρότητός
551 2907 607 2940 τε
638 2890 730 2943 καὶ
781 2890 1043 2952 ἀπαθείας
1087 2893 1368 2961 γενόμενον
1394 2934 1408 2958 ,
1435 2895 1538 2947 τῶν
1569 2898 1781 2950 ἀτόπων

227 2980 396 3032 ἐστίν.
445 2981 507 3031 Ἦ
549 2980 603 3032 δὲ
634 2981 774 3032 κατά
824 2982 1064 3048 μοιχείαν
1094 2983 1206 3049 ἦτοι
1243 2984 1332 3034 καὶ
1363 2985 1429 3035 τὰ
1459 2985 1620 3038 λοιπά
1666 2987 1778 3056 είδη

1891 591 2032 650 ptate
2063 591 2375 648 peccaruut,
2417 582 2702 649 ejusmodi.
2742 581 2840 644 Qui
2876 585 3017 633 enim
3037 597 3098 635 ex
3126 598 3183 634 se
3223 585 3342 651 ipso
3369 587 3433 637 ad

1889 685 1984 720 sua
2009 669 2325 738 proferenda
2357 680 2574 737 peccata
2604 672 2868 738 impulsus
2910 679 3010 731 est,
3055 687 3118 724 eo
3149 673 3290 738 quod
3335 687 3433 725 sua

1889 769 2076 827 Sponte
2107 761 2440 812 occultorum
2483 771 2761 814 accus::tor
2795 776 2913 815 esse
2942 763 3192 824 voluerit,
3248 772 3301 815 ιιι
3343 765 3435 832 qui

1885 851 1991 916 jam
2051 850 2321 903 al'lci-tioui
2397 851 2714 903 medicinam
2779 851 3033 904 adhibere
3083 853 3326 917 rtrpcrit,
3384 862 3437 903 ct

1889 937 2096 1004 signum
2153 937 2465 988 mutationis
2505 939 2555 989 in
2610 939 2661 989 id
2713 939 2961 1005 quodest
3008 939 3200 991 melius
3255 947 3439 992 osten-

1890 1025 2049 1090 derit,
2086 1027 2135 1078 in
2175 1027 2478 1079 mitioribus
2523 1029 2695 1094 pinnis
2735 1038 2998 1081 versatur.
3037 1027 3136 1092 Qui
3168 1039 3344 1081 autent
3381 1030 3436 1082 in

1889 1118 2028 1166 malo
2063 1117 2426 1184 deprehensus
2471 1124 2571 1178 est,
2613 1119 2692 1170 vel
2729 1126 2942 1185 propter
2990 1119 3220 1184 aliquam
3259 1122 3438 1186 suspi-

1887 1205 2094 1257 cionem
2153 1207 2231 1256 νισι
2277 1208 2672 1259 accusationem
2714 1208 2958 1273 ingratiis
3003 1208 3286 1260 convictus
3329 1221 3437 1271 est,

1889 1296 2100 1362 longius
2156 1297 2228 1347 illi
2273 1298 2643 1350 conwrsionis
2693 1308 2904 1364 tempus
2954 1297 3149 1362 datur;
3207 1308 3264 1349 ut
3323 1300 3439 1365 ipse

1888 1388 2121 1452 perfecte
2150 1396 2426 1452 purgatus,
2478 1385 2555 1438 sic
2586 1387 2649 1437 ad
2699 1396 3159 1439 sacramentorum
3199 1402 3440 1440 commu-

1887 1476 2100 1529 nionem
2156 1477 2488 1529 admittatur.
2539 1475 2631 1529 Est
2678 1492 2802 1543 ervo-0
2836 1477 3017 1530 Canou
3046 1480 3337 1546 ejusmodi,
3380 1493 3438 1536 ut

1887 1566 2059 1633 quiin
2109 1565 2463 1619 fornicatione
2503 1569 2687 1634 polluti
2718 1577 2864 1626 sunt.
2916 1569 2968 1619 in
3014 1570 3186 1624 tribus
3219 1573 3442 1638 quidem

1888 1658 2044 1708 annis
2103 1659 2168 1708 ab
2204 1657 2445 1709 Oratione
2489 1659 2708 1710 omnino
2755 1658 3124 1724 expellantur;
3180 1660 3230 1711 in
3265 1663 3436 1716 tribus

1887 1755 2064 1799 autem
2098 1747 2206 1800 sint
2260 1749 2428 1800 solius
2468 1747 2760 1800 auditionis
2795 1751 3103 1816 participes,
3157 1748 3210 1801 in
3262 1752 3437 1805 tribus

1887 1843 2060 1887 autem
2103 1836 2240 1896 aliis,
2285 1849 2405 1886 cum
2460 1837 2525 1888 iis
2559 1837 2648 1903 qui
2706 1837 2756 1888 in
2804 1839 3158 1891 conversione
3196 1841 3438 1893 subster-

1887 1934 2111 1989 nuntur,
2169 1933 2476 1992 precentur,
2531 1936 2582 1978 et
2633 1935 2760 1977 tunc
2809 1927 2915 1980 sint
2969 1939 3433 1983 sacramentorum

1887 2017 2197 2084 participes.
2233 2018 2285 2067 ln
2319 2017 2384 2069 iis
2409 2023 2584 2068 autem
2611 2018 2699 2083 qui
2723 2018 3047 2086 diligentiori
3082 2021 3438 2073 conversione

1887 2108 1970 2158 usi
2001 2105 2214 2166 fuerint,
2250 2116 2300 2157 et
2327 2109 2433 2156 vita
2455 2145 2466 2162 .
2493 2107 2555 2158 ad
2587 2107 2635 2158 ld
2659 2109 2800 2174 quod
2837 2109 3033 2160 bonum
3061 2119 3164 2170 est,
3203 2110 3433 2162 reditUm

1884 2196 2238 2257 ostenderint,
2296 2197 2418 2249 licet
2455 2197 2502 2249 ei
2552 2197 2641 2264 qui
2695 2199 2992 2264 dispensat,
3049 2214 3143 2265 pro
3183 2200 3437 2253 ecclesia-

1883 2291 2030 2342 sticae
2061 2289 2374 2341 oeconomia:
2413 2289 2657 2352 utilitate,
2701 2299 2911 2356 tempus
2959 2290 3250 2344 audition's
3303 2307 3438 2344 con-

1883 2379 2114 2443 trahere,
2157 2387 2209 2431 et
2240 2379 2467 2432 celerius
2507 2378 2570 2430 ad
2606 2379 3012 2432 conversionem
3041 2381 3342 2434 deducere:
3383 2391 3436 2435 et

1882 2483 2075 2520 rursus
2102 2467 2202 2519 hoc
2228 2483 2443 2535 quoque
2475 2477 2686 2536 tempus
2718 2470 3055 2530 contrahere,
3107 2483 3160 2522 et
3203 2471 3434 2524 celerius

1883 2559 2317 2612 communionem
2363 2557 2602 2617 reddere.
2633 2569 2689 2611 ut
2712 2574 2806 2612 sua
2835 2559 3168 2626 probatione.
3202 2561 3321 2626 ejus
3347 2563 3434 2614 cui

1884 2649 2089 2702 medela
2131 2649 2436 2710 adhibetur,
2465 2648 2907 2701 constitutionem
2945 2648 3432 2715 dijttdicet.Quem-

1883 2740 2169 2792 admodum
2202 2742 2342 2794 enim
2377 2740 2555 2806 porcis
2581 2739 2899 2807 margaritas
2933 2739 3196 2806 projicere
3228 2749 3309 2793 est
3338 2755 3432 2795 ve-

1883 2829 2063 2888 titum,
2121 2829 2191 2880 ita
2240 2838 2290 2881 et
2335 2828 2565 2896 pretiosa
2609 2828 2894 2891 margarita
2930 2828 3139 2894 privare
3171 2843 3291 2880 eum
3341 2831 3431 2896 qui

1877 2917 1986 2984 jam
2017 2930 2115 2983 per
2139 2917 2514 2969 alienationem
2551 2930 2580 2965 a
2615 2916 2743 2967 vitio
2766 2924 2817 2968 et
2845 2917 3213 2983 purgationem
3273 2915 3434 2968 homo

1883 3003 1952 3056 sit
1987 3001 2181 3066 factus,
2215 3002 2507 3055 absurdum
2541 3010 2640 3054 est.
2676 3003 2802 3065 Quae
2841 3010 3019 3054 autem
3059 3002 3112 3054 itt
3166 3002 3434 3055 adulterio

225 3070 325 3137 τῆς
364 3069 700 3139 ἀκαθαρσίας
733 3071 991 3139 γενομένη
1014 3073 1323 3140 παρανομία
1342 3112 1355 3130 .
1385 3075 1562 3136 καθὼς
1601 3077 1778 3146 προεί-

1884 3103 1935 3146 et
1971 3095 2022 3144 in
2068 3094 2287 3160 reliquis
2337 3092 2688 3144 immunditiis:
2727 3094 3012 3160 generibus
3054 3093 3108 3144 fit
3152 3093 3433 3154 iniquitas,

228 3176 414 3228 ρηται,
453 3159 590 3211 κατὰ
624 3160 794 3211 πάντα
829 3162 884 3210 ὲν
917 3160 992 3228 τῷ
1021 3160 1167 3228 αὑτῴ
1195 3162 1418 3230 κρίματι
1451 3164 1781 3238 θεραπευθή-

226 3265 403 3311 σεται,
440 3249 495 3299 ὲν
525 3241 568 3312 ᾧ
593 3248 686 3299 καὶ
708 3249 767 3300 τὸ
797 3248 893 3316 τῆς
929 3249 1178 3316 πορνείας
1216 3251 1344 3316 ἄγος
1369 3269 1380 3281 ·
1423 3253 1497 3321 τῷ
1533 3254 1586 3306 δὲ
1609 3259 1782 3326 χρόνῳ

223 3337 656 3398 διπλασιάζεται.
693 3336 1208 3406 Παρατηρηθήσεται
1241 3339 1296 3389 δὲ
1327 3343 1419 3391 καὶ
1457 3344 1539 3392 ἐπ’
1568 3344 1713 3412 αὺτῴ
1748 3348 1779 3414 ὴ

222 3424 320 3475 τοῦ
345 3425 774 3493 θεραπευομένου
806 3423 1070 3488 διάθεσις,
1105 3425 1163 3475 δν
1201 3428 1396 3496 τρόπον
1425 3429 1516 3478 καὶ
1553 3431 1642 3480 ἐπὶ
1674 3433 1780 3483 τῶν

223 3511 303 3581 τῷ
337 3512 593 3581 μολυσμῷ
634 3513 732 3581 τῆς
774 3514 1023 3582 πορνείας
1072 3515 1523 3582 συνενεχθέντων,
1555 3517 1692 3571 ὥστε
1746 3523 1777 3591 ἢ

223 3602 420 3654 θᾶττον
453 3601 485 3672 ἢ
513 3602 829 3673 βραδύτερον
854 3604 1096 3664 γενέσθαι
1125 3607 1304 3667 αὐτοῖς
1338 3607 1434 3676 τὴν
1459 3609 1547 3661 τοῦ
1577 3610 1780 3678 ἀγαθοῦ

223 3693 536 3760 ματουσίαν.

247 3795 452 3852 ΒΔΛΣ.
499 3790 614 3846 Νῦν
655 3788 786 3858 περὶ
819 3785 928 3840 τῶν
967 3788 1025 3838 ὲν
1064 3785 1139 3851 τῷ
1184 3781 1568 3852 ἐπιθυμητικῷ
1615 3781 1769 3850 μέρει

193 3891 300 3952 τῆς
350 3883 528 3952 ψυχῆς
581 3880 866 3948 φυομένων
918 3873 1334 3944 ἁμαρτημάτων
1383 3871 1696 3937 διαλέγεται
1745 3871 1773 3923 ὁ

194 3973 392 4042 Πατὴρ
413 4009 428 4029 .
459 3970 582 4021 ὅθεν
613 3969 778 4035 φησὶν
808 3960 947 4016 εἶναι
979 3964 1078 4031 τὴν
1111 3962 1366 4030 πορνείαν
1399 3961 1491 4012 καὶ
1522 3959 1620 4029 τὴν
1653 3976 1769 4028 μοι·

191 4066 374 4137 χείαν.
406 4063 500 4114 καὶ
533 4061 751 4126 ἐπάγει,
781 4058 862 4109 ὅτι
892 4055 1001 4106 τῶν
1033 4054 1442 4122 ἀκριϐεστέρων
1470 4053 1583 4103 τισι
1614 4051 1705 4102 καὶ
1738 4051 1771 4118 ἡ

1882 3191 1939 3235 ιιι
1973 3185 2172 3234 dictum
2210 3191 2311 3244 est,
2339 3182 2525 3234 eodem
2571 3181 2778 3248 judicio
2814 3184 3066 3249 punietur
3093 3198 3200 3249 quo
3236 3193 3285 3236 et
3319 3182 3432 3235 lar—

1883 3273 2168 3324 nicationis
2203 3273 2398 3332 scelus,
2441 3271 2532 3324 sed
2575 3279 2813 3337 tempore
2866 3271 3245 3337 duplicabitur.
3278 3271 3333 3323 In
3367 3287 3432 3325 eo

1882 3372 2080 3418 autem.
2122 3362 2238 3426 ejus
2269 3361 2429 3411 etiam
2481 3360 2567 3412 cui
2619 3358 2822 3412 medela
2874 3360 3179 3420 adhibetur,
3221 3360 3431 3414 affectio

1885 3447 2335 3508 ronsiderabitur,
2362 3464 2467 3516 quo
2491 3449 2647 3501 modo
2675 3457 2728 3500 et
2764 3447 2815 3500 in
2853 3447 2920 3500 iis
2940 3449 3030 3516 qui
3060 3447 3433 3504 fornicationis

1887 3537 2290 3602 inquinamento
2326 3537 2598 3605 illaqueati
2645 3547 2792 3598 sunt,
2841 3546 2897 3589 ut
2925 3539 3002 3590 vel
3033 3539 3193 3593 citius
3221 3537 3302 3591 vel
3326 3546 3432 3594 tar-

1889 3626 2012 3682 dius
2029 3625 2109 3682 eis
2130 3629 2199 3680 sit
2223 3628 2345 3681 boni
2373 3628 2725 3696 participatio.

1960 3778 2122 3848 158
2154 3775 2348 3832 BALS.
2385 3777 2539 3832 Nunc
2567 3779 2632 3831 dc
2665 3778 2919 3846 peccatis,
2950 3795 3069 3847 quae
3119 3780 3170 3832 in
3211 3785 3450 3850 concupi-

1881 3871 2056 3923 scibili
2082 3872 2274 3922 anima:
2297 3870 2549 3924 facultate
2577 3879 2897 3933 nascuntur,
2929 3870 3145 3925 disserit
3179 3869 3363 3940 Pater,
3393 3887 3456 3924 ex

1878 3961 2075 4025 quibus
2127 3960 2256 4012 dicit
2310 3973 2430 4014 esse
2479 3960 2800 4013 adulterium
2850 3972 2901 4014 et
2931 3960 3365 4024 fornicationem,
3399 3975 3454 4015 et

1882 4051 2182 4119 Snbjungit,
2220 4052 2361 4119 quod
2392 4052 2712 4119 quibusdam
2748 4051 3123 4104 subtilioribus
3171 4051 3457 4106 fornicatiu

177 4155 425 4225 -πορνεία
460 4149 674 4219 μοιχεία
706 4148 986 4201 καλεῖται’
1019 4144 1151 4196 διότι
1183 4145 1215 4211 ἡ
1247 4144 1475 4212 νόμιμος
1511 4142 1652 4210 μίξις
1684 4142 1774 4193 ἀν-

1883 4154 2094 4207 quoque
2130 4151 2352 4193 vocatur
2379 4140 2701 4192 adulterium
2733 4158 2745 4194 :
2779 4144 2906 4209 quia
2960 4143 3135 4194 mariti
3173 4153 3226 4195 et
3274 4146 3458 4196 uxoris

188 4247 317 4318 δρὸς
358 4244 453 4296 καὶ
491 4239 746 4306 γυναικὸς
790 4237 890 4307 μέν
925 4239 1101 4298 ἐστιν,
1138 4236 1187 4286 εί
1217 4250 1269 4285 τι
1306 4233 1364 4284 δὲ
1402 4233 1588 4301 ἕτερον
1624 4230 1775 4299 παρὰ

187 4341 403 4408 ταύτην
439 4335 664 4402 γένηται
687 4372 700 4396 ,
740 4329 1060 4399 παράνομον
1093 4328 1152 4375 τε·
1185 4324 1429 4378 τοιοῦτον
1452 4363 1466 4387 ,
1503 4323 1594 4376 καὶ
1627 4324 1776 4382 ὅστις

191 4429 270 4500 μὴ
295 4429 378 4496 τῷ
410 4426 523 4494 ίδίῳ
549 4424 832 4492 κέχρηται,
863 4418 1129 4486 ἀλλοτρίῳ
1155 4416 1376 4484 χρῆται.
1407 4415 1521 4466 Πᾶν
1546 4414 1601 4466 δὲ
1627 4413 1653 4464 ὃ
1679 4411 1776 4464 οὑκ

190 4520 329 4574 ίδιόν
358 4516 478 4569 ὲστί
506 4533 631 4577 τινι,
665 4511 823 4565 τοῦτο
853 4509 1152 4578 ἀλλότριον,
1188 4506 1289 4558 κᾶν
1327 4507 1402 4575 μὴ
1432 4507 1528 4576 ἔχῃ
1558 4506 1650 4556 τὸν
1679 4521 1776 4556 xu-

193 4609 472 4680 ριεύοντα.
501 4603 608 4655 Καὶ
631 4602 717 4655 διά
745 4599 902 4652 τοῦτο
929 4599 996 4664 οὐ,
1017 4597 1205 4666 πόρρω
1232 4595 1378 4658 εδοξε
1405 4598 1503 4662 τῆς
1534 4593 1777 4664 μοιχείας

191 4703 286 4753 καὶ
337 4699 371 4766 ἡ
422 4696 668 4764 πορνεία.
710 4691 895 4744 Ταῦτα
935 4706 1101 4757 φησιν
1144 4691 1172 4738 ό
1219 4687 1371 4752 ἅγιος
1417 4684 1560 4738 οὕτω
1608 4702 1778 4737 κατα-

192 4787 567 4850 σκευάζεσθαι
603 4784 754 4852 παρά
788 4782 896 4833 τῶν
929 4781 1022 4831 καὶ
1057 4778 1152 4846 τὴν
1187 4777 1443 4846 πορνείαν
1477 4779 1555 4838 εἰς
1584 4775 1645 4827 τὸ
1677 4777 1776 4843 τῆς

193 4879 449 4948 μοιχείας
477 4875 859 4940 ἀναγαγόντων
883 4872 1184 4939 ἁμάρτημα⁵
1207 4886 1221 4898 ο
1251 4871 1363 4929 τοῖς
1386 4867 1440 4918 δὲ
1464 4867 1778 4919 ἀσθενεστέ-

192 4989 310 5042 ροις
338 4970 450 5021 τῶν
479 4966 900 5037 ἁμαρτανόντων
926 4962 1176 5029 γενέσθαι
1203 4961 1326 5011 τινά
1355 4960 1504 5030 παρά
1531 4959 1638 5009 τῶν
1668 4961 1776 5010 Πα-

188 5065 374 5131 τέρων
402 5059 548 5124 λέγει
578 5054 1018 5124 συμπεριφορὰν,
1045 5054 1209 5120 ἡγουν
1233 5051 1544 5119 οἰκονομίας
1572 5065 1777 5115 συγκα-

189 5155 446 5208 τὰϐασιν.
494 5150 763 5217 Είληπται
810 5147 865 5198 δὲ
914 5147 946 5214 ἡ
990 5144 1136 5210 λέξις
1179 5145 1242 5194 ἐκ
1285 5141 1392 5193 τῶν
1434 5140 1772 5208 Παροιμιῶν.

189 5249 330 5312 Φησὶ
365 5246 475 5312 γάρ
505 5243 532 5292 ὁ
567 5240 822 5307 Σαλομῶν
855 5241 911 5288 ὲν
941 5237 1129 5297 αὑταῖς
1155 5253 1166 5264 ·
1209 5235 1265 5287 Ὀ
1294 5232 1379 5300 μὴ
1413 5247 1774 5299 σινμπεριερε·

184 5338 450 5406 ρόμενος
475 5331 554 5396 τῷ
579 5331 796 5385 ἑαυτοῦ
827 5331 970 5394 οἴκῳ
997 5325 1443 5394 κληρονομήσει
1471 5326 1732 5391 ἀνέμους
1757 5344 1770 5356 ·

192 5430 286 5481 καὶ
314 5425 687 5492 διακριθῆναι,
721 5423 841 5474 ἀντὶ
869 5419 960 5472 τοῦ
993 5419 1348 5488 διαιρεθῆναι,
1381 5417 1439 5470 τὸ
1471 5417 1773 5484 ἁμάρτημα

193 5519 290 5583 τῖς
321 5515 568 5580 ἀθέσμου
603 5514 795 5579 μίξεως
817 5527 829 5539 '
867 5511 958 5562 καὶ
991 5509 1243 5576 πορνείαν
1280 5509 1376 5576 μὲν
1407 5505 1773 5572 ὀνομασθῆναι

271 5696 286 5725 ³
314 5692 477 5744 Prov.
518 5705 590 5754 τι,
629 5690 718 5743 '29.

1881 4233 2053 4283 coitus
2076 4231 2347 4298 legitimus
2376 4243 2498 4292 est;
2553 4231 2646 4283 sed
2678 4233 2720 4284 si
2755 4231 2881 4297 quid
2934 4231 3025 4284 fiat
3060 4233 3203 4286 aliud
3259 4248 3459 4302 praeter

1877 4321 2095 4383 cum,id
2141 4321 2508 4388 estinjustum
2550 4331 2604 4374 et
2626 4320 2837 4390 legibus
2875 4323 3453 4394 contrariunhetqui.

1877 4424 2090 4474 cunque
2119 4423 2225 4462 non
2256 4410 2424 4461 utitur
2467 4413 2706 4477 proprio,
2733 4410 2906 4461 utitur
2930 4411 3131 4464 alieno.
3163 4412 3457 4475 Quodcun-

1877 4517 1986 4570 que
2014 4516 2138 4555 vero
2165 4501 2337 4554 cuivis
2362 4517 2465 4554 non
2503 4512 2584 4554 est
2611 4502 2912 4570 preprium.
2938 4501 3066 4555 illud
3089 4502 3322 4555 alienum
3349 4515 3454 4568 est,

1879 4593 2088 4646 etiamsi
2121 4593 2394 4646 dominum
2433 4607 2538 4644 non
2581 4594 2796 4646 habeat.
2836 4591 2900 4646 Et
2944 4604 3228 4662 propterea
3280 4592 3453 4648 forni-

1876 4686 2019 4736 catio
2056 4699 2158 4735 non
2196 4683 2350 4750 longe
2401 4683 2586 4735 abesse
2618 4683 2728 4735 visa
2760 4692 2842 4736 est
2885 4685 2951 4736 ab
2989 4687 3273 4738 adulterio.
3327 4682 3452 4739 "ac

1877 4775 2004 4825 dicit
2040 4771 2258 4827 saucius
2305 4774 2374 4824 ita
2429 4774 2594 4826 astrui
2648 4774 2713 4824 ab
2760 4775 2846 4836 iis,
2901 4775 2988 4842 qui
3044 4774 3462 4829 fornicationem

1877 4865 1942 4916 ad
1972 4864 2214 4918 aunlterii
2245 4876 2520 4930 peccatum
2558 4864 2817 4917 reducunt
2845 4880 2859 4916 :
2917 4864 3325 4919 imbecilliorum
3363 4881 3459 4917 au-

1880 4967 1980 5008 tem
2036 4963 2377 5022 peccatorum
2438 4952 2604 5005 fuisse
2649 4953 2880 5020 aliquam
2938 4952 3187 5007 Patribus
3244 4971 3454 5022 συμπε-

1879 5045 2134 5129 ριφορὲν,
2191 5043 2302 5094 sive
2357 5044 2672 5095 oeconomia:
2721 5044 3238 5097 condescensionem
3294 5047 3448 5096 dicit.

1879 5133 2118 5198 Sumitur
2150 5141 2325 5185 autem
2380 5134 2544 5184 dictio
2574 5147 2636 5184 ex
2691 5130 3016 5186 Provvrbiis.
3058 5133 3192 5186 Dicit
3223 5136 3364 5186 enim
3399 5135 3449 5186 in

1877 5229 1955 5280 cis
2005 5226 2279 5287 Salomon,
2339 5227 2365 5276 ὁ
2419 5225 2494 5292 μὴ
2539 5224 3079 5293 συμπεριφερόμενος
3133 5222 3208 5291 τῷ
3254 5225 3461 5276 ἑαυτοῦ·

1876 5321 2028 5387 οίκφ,
2066 5320 2162 5371 hoc
2189 5330 2291 5376 εει,
2329 5317 2432 5379 Qui
2471 5321 2651 5368 domus
2681 5331 2792 5368 sua:
2818 5331 2998 5367 curam
3031 5331 3130 5367 non
3163 5318 3314 5384 gerit,
3346 5316 3458 5369 [ιω-τ

1878 5412 2115 5462 redimiuit
2151 5420 2322 5462 remos
2349 5409 2389 5470 ';
2426 5417 2478 5460 et
2515 5416 2793 5474 peccatum
2832 5407 3088 5476 illegitimi
3122 5407 3293 5460 coitus
3333 5409 3452 5461 ess‘e

1882 5503 2189 5554 distinctum
2244 5516 2335 5552 seu
2393 5497 2662 5562 divisum;
2700 5509 2747 5551 ct
2785 5497 3195 5550 fornicationem
3229 5497 3447 5560 quidem
