4096 6508
214 387 324 452 873

958 390 1036 454 ΙΝ
1070 391 1310 452 EPlST.
1345 389 1407 450 S.
1447 389 1827 450 GREGORII
1869 388 2192 454 NYSSENI
2221 396 2319 454 AD
2354 393 2720 455 LETOIUM.

3351 391 3455 451 8⁵14

215 507 452 574 ὡρισται
477 523 489 537 ·
525 507 801 561 κάνταῦθα
836 507 890 560 δὲ
925 508 985 560 τὺ
1021 509 1306 576 συειτεμεῖν
1339 505 1430 559 τὸν
1465 508 1654 577 χρόνον
1688 505 1781 557 τοῦ

1919 507 2178 564 lefinitum
2220 509 2272 562 in
2322 509 2708 573 fornicatione,
2741 509 3066 565 sexennium
3100 509 3154 563 in
3196 508 3460 563 adulter.o

217 597 530 666 ἐπιτιμίου,
563 595 594 666 ἢ
627 598 883 666 αὐξῆσαι,
910 599 1006 650 τοῦ
1035 599 1446 669 οίκονομοῦντος
1476 600 1541 666 τῇ
1574 597 1785 663 διακρί-

222 701 305 736 σει
335 687 461 749 τοὺς
491 688 548 740 ὲν
581 689 837 757 μετανοίᾳ
864 686 1090 740 δίδωσιν.
1458 672 1465 679 ’

832 897 1072 952 ΚΑΝΩΝ
1102 897 1176 949 Ε’.

298 1002 555 1054 Λείπεται
580 1000 714 1068 πρὸς
736 997 942 1059 τούτοις
961 998 1021 1050 τὺ
1036 995 1311 1067 θυμοειδὲς
1338 997 1433 1066 τῆς
1451 997 1627 1067 ψυχῆς
1653 1016 1784 1071 προ-

227 1091 402 1144 θεῖναι
434 1092 512 1149 είς
556 1089 814 1154 ἐξέτασιν,
861 1087 987 1139 ὅταν
1011 1085 1422 1155 παρασφαλεῖσα
1450 1086 1546 1155 τῆς
1580 1086 1788 1156 ἀγαθῆς·

225 1178 325 1231 τοῦ
370 1178 538 1248 θυμοῦ
578 1181 851 1248 χρήσεως,
886 1179 964 1238 εἰς
997 1174 1264 1243 ἁμαρτίαν
1294 1174 1516 1245 ἐκπέσῃ.
1576 1176 1788 1229 Πολλῶν

226 1281 289 1318 τε
320 1265 485 1319 όντων
517 1265 656 1319 κατά
671 1265 838 1334 θυμὸν
855 1266 932 1327 εἰς
958 1264 1223 1334 ἁμαρτία-ν
1249 1263 1672 1331 ἐνεργουμένων,
1695 1269 1787 1318 καὶ

229 1358 449 1410 πάντων
475 1356 679 1422 κακῶν,
722 1355 884 1424 ἠρεσέ
913 1372 1026 1416 πως
1067 1356 1178 1416 τοῖς
1223 1353 1495 1423 Ιιατράσιν
1524 1353 1695 1422 ἡμῶν,
1729 1358 1786 1408 ὲν

225 1450 344 1507 τοῖς
386 1447 562 1508 ἀλλοις
598 1445 670 1515 μὴ
720 1445 839 1498 λίαν
881 1442 1367 1513 ἀκριϐολογεῖσθαι,
1416 1442 1549 1512 μηδὲ
1592 1445 1788 1515 πολλῆς

227 1539 380 1602 ἀξιον
413 1538 656 1608 ἡγεῖσθαι
686 1536 937 1604 σπουδῆς,
971 1535 1032 1588 τὸ
1069 1534 1386 1602 θεραπεύειν
1422 1533 1599 1587 πάντα
1627 1534 1694 1588 τὰ
1726 1538 1789 1589 ὲκ

229 1628 405 1697 θυμοῦ
431 1627 846 1696 παραπτώματα
865 1640 877 1654 ’
916 1625 1009 1677 καί
1036 1623 1118 1677 τοί
1149 1641 1215 1692 γε
1234 1625 1328 1692 τῆς
1354 1625 1590 1693 Γραφῆς,
1615 1622 1676 1677 οὐ
1706 1628 1796 1695 μό.

227 1732 322 1768 νον
362 1714 683 1787 τὴν⁶ψυχὴν
722 1711 1165 1782 ἀπαγορευούσης
1215 1711 1423 1780 πληγήν
1451 1727 1465 1740 θ
1515 1712 1647 1764 ἀλλὰ
1698 1715 1792 1766 καὶ

229 1807 414 1857 πᾶσαν
445 1805 728 1873 λοιδορίαν,
773 1801 806 1872 ἢ
840 1802 1202 1871 βλασφημίαν,
1240 1800 1332 1852 καὶ
1361 1801 1413 1852 εί
1443 1817 1494 1852 τι
1523 1801 1649 1854 ἄλλο
1680 1821 1792 1858 τοι-

227 1894 388 1947 οῦτον
415 1897 443 1947 ὁ
477 1893 642 1962 θυμὸς
679 1890 1076 1960 ἀπεργάζεταιο
1124 1890 1278 1959 μόνον
1305 1890 1360 1942 δὲ
1398 1892 1490 1944 τοῦ
1524 1893 1661 1946 κατά
1702 1894 1793 1947 τὸν
1816 1908 1827 1915 ‘

232 1987 394 2056 φόνον
421 1987 583 2052 ἄγους
621 1985 718 2053 τὴν
747 1981 1138 2053 παραφυλακῆν
1182 1982 1519 2051 ἐποιήσαντο,
1565 1984 1652 2038 διὰ
1685 1984 1792 2036 τῶν

231 2074 540 2144 ἐπιτιμίων.
574 2072 830 2144 Διῄρηται
857 2070 912 2125 δὲ
941 2073 1001 2124 τὸ
1034 2071 1267 2124 τοιοῦτον
1293 2072 1455 2125 κακὸν
1480 2077 1543 2143 τῇ
1565 2074 1793 2145 διαφορᾷ

231 2165 330 2219 τοῦ
362 2165 607 2219 ἑκουσίου
648 2182 707 2217 τε
752 2165 846 2217 καὶ
886 2163 1162 2226 ἀκουσίου,
1195 2163 1251 2216 ἐν
1279 2158 1358 2226 οἷς
1407 2164 1647 2226 ἑκούσιος
1697 2166 1794 2232 μέν

232 2258 351 2310 ἔστι
381 2258 553 2324 φόνος.
591 2255 810 2325 Πρῶτον
834 2255 949 2324 μὲν,
992 2256 1020 2307 ό
1055 2255 1117 2306 ὲκ
1151 2253 1497 2323 παρασκευῆς
1528 2254 1792 2322 τετολμη-

237 2348 398 2416 μένος
425 2346 516 2399 τοῦ
540 2347 617 2409 είς
642 2346 770 2398 αὐτὸ
799 2345 951 2398 τοῦτο
978 2345 1453 2414 εὐτρεπισαμένου,
1481 2345 1625 2407 ὅπως
1645 2344 1709 2396 ἂν
1735 2345 1794 2396 τὸ

233 2440 367 2504 ἄγος
388 2438 702 2507 ἐργάσηται.
725 2438 950 2489 Ἔπειτα
965 2436 1019 2488 δὲ
1045 2437 1291 2497 κάκεῖνος
1323 2437 1378 2486 ὲν
1399 2439 1508 2497 τοῖς
1531 2435 1794 2498 ἑκουσίοις

235 2526 518 2596 ἐνομίσθη,
539 2527 664 2577 ὅταν
682 2543 764 2587 τις
795 2527 851 2577 ὲν
870 2525 1150 2594 συμπλοκῇ
1188 2526 1277 2577 καὶ
1305 2526 1469 2594 μάχῃ,
1493 2526 1703 2577 τύπτων
1737 2543 1792 2577 τε

237 2616 336 2668 καὶ
361 2615 707 2683 τυπτόμενος,
723 2614 917 2683 ἐνέγκῃ
939 2614 1074 2666 κατά
1093 2631 1235 2675 τινος
1259 2614 1469 2682 καιρίου
1486 2615 1581 2683 τὴν
1597 2615 1684 2666 διὰ
1701 2615 1795 2682 τῆς

237 2703 420 2774 χειρὸς
449 2703 680 2773 πληγήν.
716 2704 774 2754 ’0
795 2703 900 2772 γὰρ
922 2702 1065 2766 ἅπαξ
1090 2702 1166 2771 τῷ
1186 2700 1340 2770 θυμῷ
1369 2703 1676 2772 κρατηθεὶς,
1705 2703 1796 2754 καὶ

240 2794 309 2861 τῇ
338 2794 478 2862 ὁρμῇ
519 2791 617 2860 τῆς
654 2793 818 2862 ὀργῆς
848 2792 1214 2863 χαριζόμενος,
1250 2791 1398 2842 οὐδὲν
1436 2790 1499 2842 ἀν
1531 2791 1679 2859 παρά
1710 2791 1797 2840 τὸν

247 2879 433 2947 καιρὸν
462 2878 555 2930 τοῦ
579 2880 778 2942 πάθους
798 2880 905 2930 τῶν
930 2878 1190 2946 ἀνακόψαι
1221 2877 1281 2928 τὸ
1307 2876 1468 2929 κακδν
1492 2875 1799 2944 δυναμένων

245 2967 341 3018 ἐπὶ
367 2965 489 3018 νοῦν
516 2964 688 3015 λάὁοι.
736 2963 891 3012 Ὥστε
923 2959 1013 3013 καὶ
1034 2963 1107 3012 το
1121 2961 1183 3012 ἐκ
1208 2961 1303 3027 τῆς
1315 2977 1478 3029 ,συμπ
1508 2959 1641 3027 οκῆς
1673 2960 1799 3010 ἀπο-

250 3051 489 3119 τέλεσμα
515 3049 608 3101 τοῦ
645 3049 824 3116 φόνου,
866 3051 943 3110 είς
968 3048 1124 3118 ἔργον
1159 3047 1544 3116 προαιρέσεως,
1584 3047 1674 3100 καὶ
1707 3048 1806 3100 οὐκ

251 3142 332 3202 είς
355 3139 650 3207 ἀποτυχίαν
675 3138 950 3204 ἀνάγεται.
980 3139 1039 3189 Οἱ
1063 3137 1117 3188 δὲ
1141 3136 1378 3188 ἀκούσιοι
1402 3136 1606 3206 φανερά
1626 3135 1805 3206 ἔχουσι

1905 615 1961 659 et
1994 603 2220 674 reliquis
2253 604 2540 658 deﬁnitum
2576 613 2681 658 est.
2719 603 2890 659 Porro
2927 603 3015 658 hic
3047 616 3258 672 quoque
3290 616 3463 672 preme

1905 709 2116 764 tempus
2158 698 2500 760 contrahere,
2530 697 2610 749 vel
2643 709 2863 765 augere,
2908 696 3046 765 ejus,
3074 694 3164 763 qui
3194 694 3465 762 paeniten-

1906 789 2031 842 tiatn
2081 798 2305 857 agentes
2337 789 2634 858 dispensat,
2664 787 2869 854 judicio
2898 787 3167 857 relinquit.

2515 903 2741 959 CANON
2783 904 2842 957 V.

1974 994 2158 1051 Restat
2213 997 2279 1051 ad
2322 998 2436 1052 haec
2498 1007 2553 1050 ut
2614 999 2936 1052 irascentem
2997 999 3190 1051 animae
3251 1006 3456 1065 partem

1905 1089 2314 1143 examinandatn
2353 1105 2741 1158 proponamus,
2777 1092 2994 1159 quando
3041 1093 3186 1160 lapsa
3240 1107 3268 1144 a
3326 1092 3465 1144 bono

1901 1180 1994 1232 ira:
2075 1195 2174 1234 usu
2263 1180 2316 1234 in
2405 1191 2684 1250 peccatum
2771 1182 3049 1237 ceciderit.
3144 1180 3278 1237 Cum
3368 1196 3466 1234 au-

1912 1278 2018 1323 tem
2059 1272 2230 1324 multa
2290 1270 2398 1320 sint
2449 1281 2568 1336 quae
2615 1281 2709 1335 per
2760 1268 2894 1318 iram
2958 1265 3092 1319 liunt
3146 1273 3363 1333 peccata
3413 1274 3466 1318 et

1916 1361 2092 1416 omnis
2130 1358 2341 1428 generis
2377 1358 2538 1416 mala.
2583 1356 2786 1424 placuit
2818 1356 3070 1409 omnibus
3117 1354 3318 1408 nostris
3366 1353 3468 1406 Pa-

1917 1451 2090 1504 tribus
2163 1450 2214 1502 in
2279 1447 2398 1501 aliis
2469 1445 2688 1515 quidem
2740 1461 2846 1498 non
2911 1445 3135 1497 nimium
3199 1445 3467 1499 subtiliter

1916 1554 2094 1611 agere,
2131 1554 2230 1593 nec
2265 1537 2492 1591 nimiutn
2528 1537 2582 1590 in
2614 1552 2678 1590 eo
2726 1537 2890 1590 studii
2924 1549 3206 1604 opemque
3245 1549 3463 1604 ponere,

1927 1639 1984 1685 ut
2009 1631 2187 1685 omnia
2220 1643 2338 1697 qua:
2363 1645 2428 1683 ex
2464 1627 2541 1680 ira
2574 1634 2925 1680 nascerentur
2953 1625 3146 1679 delicta
3178 1632 3464 1688 curarent;

1919 1720 2166 1792 quamvis
2204 1716 2483 1786 Scriptura
2538 1731 2645 1769 non
2693 1716 2864 1768 solum
2919 1714 3116 1767 vulnus
3165 1713 3466 1782 prohibeat,

1921 1811 2014 1866 sed
2042 1811 2204 1864 etiam
2230 1823 2390 1862 omne
2431 1807 2735 1861 convicium
2774 1805 2850 1856 vel
2887 1804 3252 1865 maledictmn,
3312 1810 3364 1856 ct
3422 1805 3468 1856 si

1919 1897 2046 1967 quid
2079 1897 2222 1949 aliud
2269 1894 2532 1963 ejusmodi
2566 1895 2638 1946 ita
2691 1893 2894 1958 ellicrt;
2932 1891 3024 1946 sed
3081 1892 3250 1945 solam
3307 1891 3470 1943 caedis

1920 1986 2224 2040 cautionem
2283 1986 2397 2039 suis
2454 1984 2634 2054 pwnis
2708 1982 3144 2036 introduxerunt.
3205 1979 3472 2033 Dividitur

1919 2083 2096 2128 autem
2131 2074 2231 2127 hoc
2260 2075 2494 2139 malum,
2524 2072 2822 2126 dill‘erentia
2855 2071 3170 2125 voluntariae
3224 2080 3276 2124 et
3315 2069 3470 2123 invo-

1920 2167 2202 2220 luntariae:
2261 2173 2314 2220 et
2367 2175 2452 2220 est
2507 2165 2683 2218 caedes
2717 2161 2932 2231 quidem
2970 2160 3298 2222 voluntaria,
3348 2173 3471 2226 quae

1920 2256 2288 2328 pi-zemeditate
2346 2263 2601 2326 suscepta
2655 2263 2739 2307 est
2776 2253 2844 2307 ab
2901 2267 2966 2307 eo
2995 2252 3086 2320 qui
3150 2265 3207 2305 se
3240 2249 3306 2302 ad
3367 2249 3471 2302 hoc

1918 2355 2323 2416 comparaverat
2353 2355 2410 2399 ut
2472 2348 2575 2400 hoc
2605 2345 2818 2399 facinus
2855 2351 3208 2412 perpetraret.
3269 2341 3470 2396 Deinde

1919 2438 2050 2491 illud
2080 2451 2297 2505 quoque
2329 2435 2383 2488 in
2414 2436 2732 2489 voluntariis
2762 2432 3130 2488 existimatum
3159 2439 3263 2494 est,
3293 2445 3469 2500 quan-

1919 2527 2145 2596 d0‘quis
2186 2528 2241 2580 in
2300 2540 2591 2594 congressu
2655 2524 2948 2580 verberans
3012 2531 3066 2577 et
3125 2523 3465 2583 verberatus,

1920 2631 2080 2669 manu
2131 2615 2341 2683 plagam
2373 2612 2700 2667 mortiferam
2763 2612 3026 2666 intulerit.
3063 2611 3165 2676 Qui
3205 2609 3348 2664 enim
3388 2610 3469 2663 ira

1921 2703 2084 2758 semel
2113 2703 2290 2755 victus
2339 2709 2508 2762 est,et
2555 2702 2720 2754 animi
2770 2702 3088 2770 appetitiom‘
3135 2700 3298 2764 cedit,
3320 2699 3467 2752 .nihil

1920 2807 2104 2846 eorum
2136 2807 2255 2859 qua:
2292 2791 2488 2843 malum
2535 2798 2756 2857 possent
2807 2799 3107 2860 amputare,
3141 2790 3189 2845 ei
3223 2792 3279 2843 in
3315 2804 3464 2843 nien-

1919 2885 2026 2951 tem
2056 2878 2218 2931 venit.
2253 2878 2428 2942 Quare
2453 2889 2504 2932 et
2537 2878 2648 2931 illic
2677 2895 2890 2949 quoque
2925 2884 3013 2951 qui
3068 2898 3132 2937 ex
3185 2885 3460 2934 concerta-

1915 2950 2065 3003 tione
2100 2951 2372 3019 prol‘ectus
2396 2959 2500 3017 est,
2542 2953 2708 3009 cadis
2731 2950 2978 3019 eventus,
3023 2958 3076 3010 in
3124 2959 3322 3011 factum
3369 2975 3459 3012 vo-

1919 3041 2234 3100 luntarium,
2266 3055 2370 3092 non
2429 3042 2480 3094 in
2516 3056 2702 3096 casum
2738 3045 3037 3100 confertur.
3089 3046 3464 3100 lnvoluntaria:

1919 3137 2096 3181 autem
2132 3130 2330 3182 habent
2369 3132 2653 3185 manifesta
2708 3133 2929 3196 indicia,
2961 3135 3180 3202 quando
3209 3137 3330 3204 quis
3361 3137 3461 3188 ali-

249 3227 322 3280 τά
350 3227 732 3295 γνωρίσματα*
773 3226 899 3277 ὅταν
944 3242 1024 3286 τις
1055 3223 1186 3293 πρὸς
1218 3223 1399 3293 ἕτερόν
1428 3240 1477 3275 τι
1507 3222 1602 3291 τὴν
1641 3238 1803 3274 σπου⁴

1919 3218 2004 3270 cui
2037 3218 2189 3272 alteri
2217 3220 2291 3273 rei
2321 3221 2557 3274 studium
2593 3223 2888 3290 applicans,
2921 3239 3048 3280 casu
3082 3226 3461 3294 gravissimum

251 3316 354 3385 δὴν
395 3317 563 3384 ἔχων,
602 3315 661 3378 ὲξ
694 3313 986 3382 ἀποτυχίας
1015 3329 1066 3364 τι
1114 3311 1218 3363 τῶν
1258 3311 1563 3380 ἀνηκέστων
1611 3309 1801 3380 δράσῃ.

267 3403 390 3454 Ἐπὶ
429 3402 628 3454 τούτων
673 3402 850 3453 τοίνυν
894 3403 922 3453 ό
969 3399 1065 3467 μὲν
1111 3399 1284 3466 φόνος,
1328 3399 1405 3460 εἰς
1454 3397 1802 3467 τριπλασίονα

253 3491 443 3561 χρόνον
481 3491 873 3560 παρατείνεται,
909 3492 1018 3550 τοῖς
1051 3487 1115 3540 δι’
1148 3489 1475 3556 ἐπιστροφῆς
1508 3486 1802 3555 θεραπευο-

259 3581 441 3650 μένοις
466 3580 523 3632 τὸ
554 3580 792 3632 ἑκούσιον
818 3579 966 3643 ἀγος.
1011 3577 1299 3643 Τρισεννέα
1331 3576 1436 3642 γάρ
1465 3576 1596 3626 εἰσιν
1629 3575 1794 3624 ἐνιαυ-

254 3671 360 3733 τοὶ,
395 3669 512 3720 καθ’
541 3669 765 3720 ἕκαστον
812 3665 1010 3734 βαθμὸν
1039 3665 1134 3731 τῆς
1161 3665 1370 3724 ὲννάδος
1398 3662 1502 3714 τῶν
1534 3661 1665 3713 ἑτῶν
1695 3664 1807 3730 09'.-

258 3758 496 3827 σθείσης,
523 3757 659 3809 ὥστε
690 3759 744 3808 ὲν
778 3757 874 3824 μὲν
901 3755 975 3823 τῷ
1005 3753 1250 3805 παντελεῖ
1268 3752 1569 3822 ἀφορισμῷ,
1587 3754 1803 3822 ὲνναετῆ

255 3849 448 3918 χρόνον
493 3845 827 3913 διαγενέσθαι
872 3842 1260 3912 ἀπειργόμενον
1302 3841 1397 3909 τῆς
1456 3841 1800 3909 Ἐκκλησίας·

256 3941 394 3995 ἀλλα
433 3939 488 3990 δὲ
537 3937 769 3990 τοσαῦτα
811 3935 904 4003 ἔτη
952 3936 1007 3985 ὲν
1039 3936 1102 4002 τῇ
1151 3931 1404 4001 ἀκροάσει
1457 3934 1801 4001 παραμεῖναι,

259 4030 430 4099 μόνης
448 4027 553 4079 τῶν
580 4024 905 4079 διδασκάλων
937 4023 1028 4075 καὶ
1067 4024 1161 4092 τῆς
1193 4023 1300 4074 τῶν
1340 4021 1569 4091 Γραφῶν
1607 4019 1808 4090 ἀκροά-

259 4135 422 4182 σεως,
476 4117 568 4168 καὶ
601 4113 736 4185 μετά
769 4116 865 4181 τῆς
896 4110 989 4164 τοῦ
1039 4111 1166 4164 λαοῦ
1198 4111 1499 4171 συστάσεως
1559 4109 1807 4177 ἀξιούμε-

259 4227 381 4269 νον,
431 4207 487 4258 ὲν
518 4206 572 4257 δὲ
613 4204 769 4275 τρίτῃ
814 4203 1024 4265 ὲννάδι,
1087 4199 1221 4270 μετά
1258 4200 1362 4252 τῶν
1405 4198 1810 4262 ὑποπιπτόντων

264 4300 322 4351 ὲν
381 4298 444 4364 τῇ
518 4298 809 4363 ἐπιστροφῇ
885 4289 1346 4362 προσευχόμενον,
1402 4288 1570 4350 οὕτως
1640 4288 1810 4341 ὲλθεῖν

264 4388 360 4440 ἐπὶ
413 4385 511 4455 τὴν
574 4381 854 4454 μετουσίαν
896 4382 988 4434 τοῦ
1042 4383 1374 4449 ἀγιάσματος
1403 4396 1417 4411 ⁸
1479 4378 1675 4449 δηλαδὴ
1719 4379 1812 4432 καὶ

268 4476 363 4527 ἐπὶ
400 4473 491 4525 τοῦ
528 4468 782 4532 τοιούτου,
826 4471 856 4538 ἡ
897 4468 1031 4536 αὑτὴ
1079 4468 1442 4536 προστήρησις
1475 4467 1621 4518 ἔσται
1665 4466 1812 4534 παρά

264 4565 362 4620 τοῦ
397 4564 793 4634 οίκονομοῦντος
835 4563 929 4630 τὴν
973 4561 1313 4628 Ἐκκλησίαν,
1339 4560 1448 4620 ,καὶ
1501 4557 1633 4626 πρὸς
1661 4556 1813 4621 λόγον

267 4655 366 4725 τῆς
395 4652 720 4722 ἐπιστροφῆς
775 4650 1200 4720 συντμηθήσεται
1230 4649 1374 4716 αὑτῷ
1401 4649 1490 4700 καὶ
1519 4650 1550 4714 ἡ
1575 4646 1666 4698 τοῦ
1701 4646 1815 4696 ἑπι-

268 4747 449 4817 τιμίου
487 4746 806 4814 παράτασις,
840 4741 976 4794 ὥστε
1002 4743 1119 4794 ἀντὶ
1142 4741 1294 4792 ἐννέα
1320 4740 1473 4800 ὲτῶν,
1500 4740 1582 4805 ἐφ’
1609 4737 1817 4806 ἑκάστῳ

273 4838 466 4910 βαθμῷ
496 4835 635 4889 ὀκτὼ
670 4836 701 4904 ἢ
734 4834 870 4886 ἐπτά
903 4835 935 4902 ἢ
972 4833 1048 4898 ἓξ,
1100 4831 1132 4900 ἢ
1169 4832 1258 4882 καὶ
1304 4829 1459 4883 πέντε
1509 4829 1639 4897 μόνα
1670 4827 1818 4894 γενέ-

274 4932 427 4983 σθαι’
466 4930 617 4997 είπερ
659 4927 718 4977 τὸ
747 4924 968 4994 μέγεθος
1016 4922 1115 4990 τῆς
1158 4921 1484 4990 ἐπιστροφῆς
1526 4918 1693 4986 νικοίη
1731 4916 1819 4969 τὸν

273 5018 478 5088 χρόνον,
509 5016 601 5067 καὶ
620 5012 1000 5082 ὑπερϐάλλοιτο
1027 5013 1090 5079 τῇ
1132 5009 1327 5078 σπουδῇ
1351 5009 1444 5076 τῆς
1485 5001 1820 5070 διορθώσεως

271 5107 393 5165 τοὺς
424 5104 479 5153 ὲν
518 5104 583 5170 τῇ
620 5101 799 5168 μακρᾷ
831 5097 1133 5169 προθεσμίᾳ
1162 5093 1524 5168 ρᾳθυμότερόν
1555 5109 1669 5154 πως
1699 5094 1821 5144 ἐαυ-

272 5200 396 5253 τοὺς
425 5190 530 5242 ἀπὸ
565 5189 662 5256 τῆς
705 5187 914 5255 κηλῖδος
945 5186 1312 5254 καθαίροντας.
1371 5182 1442 5233 Τὸ
1469 5182 1523 5232 δὲ
1547 5180 1818 5242 ἀκούσιον,

276 5279 609 5350 συγγνωστὸν
640 5277 752 5348 μὲν,
785 5277 843 5328 οὐ
878 5277 980 5346 μὴν
1013 5273 1288 5326 ἐπαινετὸν
1321 5271 1531 5338 ἐκρίθη.
1570 5267 1734 5322 Τοῦτο
1766 5270 1822 5321 δὲ

276 5371 452 5433 εἷπον,
505 5370 642 5421 ὥστε
690 5368 843 5436 δῆλον
874 5364 1153 5432 γενέσθαι,
1211 5363 1289 5414 ὅτι
1322 5361 1420 5413 κᾶν
1454 5360 1716 5420 ἀκουσίως
1741 5377 1820 5421 τις

275 5456 493 5522 γένηται
530 5455 586 5504 ὲν
621 5451 696 5520 τῷ
725 5452 816 5503 τοῦ
850 5451 1005 5518 φόνου
1054 5449 1338 5517 μιάσμασι,
1378 5449 1450 5509 ὡς
1475 5448 1574 5517 ήδη
1606 5446 1824 5516 βέϐηλον

278 5546 433 5598 αὑτὸν
457 5543 562 5595 ἀπὸ
592 5541 682 5593 τοῦ
713 5543 874 5609 ἄγους
907 5541 1207 5608 γενόμενον,
1230 5538 1529 5607 ἀπόϐλητον
1554 5537 1824 5608 ἱερατικῆς

279 5636 492 5704 χάριτος
530 5634 557 5684 ό
597 5630 769 5681 κανὼν
817 5630 1125 5696 ἀπεφήνατο
1152 5645 1164 5657 ·
1217 5628 1337 5690 ὅσος
1377 5627 1428 5678 δέ
1461 5628 1603 5678 ἐστιν
1643 5627 1732 5678 ἐπὶ
1759 5628 1825 5694 τῇ

64 5705 177 5787 Γεῖέῖ
265 5728 399 5791 -οὶιλῆ
432 5721 650 5786 περικεία
690 5719 779 5770 τοῦ
805 5718 1100 5800 καθαρσίου
1141 5719 1167 5768 ὁ
1203 5719 1407 5786 χρόνος,
1454 5716 1699 5778 τοσοῦτος
1737 5716 1826 5768 καὶ

591 5815 835 5875 PATRHL
901 5817 988 5875 (in
1069 5819 1156 5876 (IX
1177 5819 1432 5884 \ZXVlll.

1918 3306 2134 3374 aliquod
2160 3309 2357 3361 malum
2392 3313 2703 3378 patravcrit.
2735 3311 2789 3365 In
2837 3313 2920 3367 his
2960 3329 3107 3383 ergo,
3134 3315 3308 3369 caades
3343 3318 3464 3384 qui-

1916 3392 2038 3446 dem
2071 3396 2125 3448 in
2158 3398 2351 3466 triplex
2384 3406 2595 3468 tempus
2623 3402 2932 3455 extenditur
2980 3403 3046 3457 iis
3095 3404 3186 3471 qui
3219 3419 3312 3472 per
3341 3419 3465 3459 cen-

1917 3483 2222 3538 versionem
2259 3489 2565 3542 voluntario
2601 3488 2830 3542 facinori
2875 3490 3174 3544 remedium
3209 3491 3458 3546 aﬂ'erunl.

1919 3571 2022 3624 Ter
2054 3588 2242 3627 novem
2274 3576 2435 3629 etiam
2469 3586 2594 3630 sunt
2651 3578 2802 3642 anni,
2865 3579 3158 3632 novenario
3197 3595 3461 3634 annorum

1919 3672 2142 3712 numero
2176 3661 2229 3713 in
2263 3676 2585 3733 unoquoque
2619 3666 2786 3734 gradu
2821 3666 3101 3735 praefinito,
3150 3679 3208 3721 ut
3250 3671 3301 3723 in
3340 3686 3461 3738 per-

1923 3745 2057 3800 fecta
2119 3749 2337 3815 quidem
2379 3758 2743 3823 segregatione
2785 3771 2976 3810 novem
3029 3773 3290 3812 annorum
3329 3769 3464 3813 tem-

1921 3851 2050 3904 pore
2082 3848 2322 3893 versetur
2358 3842 2425 3896 ab
2462 3842 2696 3899 Ecclesia
2727 3846 3028 3914 prohibitus
3056 3865 3070 3912 ;
3121 3849 3256 3903 alios
3285 3859 3460 3904 autem

1922 3935 2000 3980 tot
2031 3943 2201 3984 annos
2234 3930 2286 3983 in
2333 3932 2606 3988 auditione
2655 3946 2984 4003 permaneat.
3028 3939 3142 3991 sola
3180 3939 3459 3992 doctorum

1920 4027 1974 4071 et
2022 4018 2420 4088 Scripturarum
2472 4024 2743 4078 auditione
2783 4034 2832 4080 et
2867 4029 3278 4081 conversatione
3337 4044 3460 4081 cum

1921 4111 2117 4177 populo
2144 4110 2338 4178 dignus
2375 4112 2611 4177 habitus,
2638 4116 2691 4168 in
2728 4116 2888 4169 tertio
2943 4126 3118 4171 autem
3170 4119 3465 4171 novenario

1920 4213 2042 4251 cum
2066 4200 2355 4256 substratis
2385 4203 2437 4256 in
2470 4206 2828 4259 conversione
2868 4219 3049 4269 orans,
3090 4217 3146 4260 ut
3188 4209 3460 4277 perveniat

1922 4289 1987 4340 ad
2020 4292 2454 4344 communionem
2487 4295 2809 4348 sacramenti
2833 4296 3039 4349 scilicet
3066 4308 3079 4359 ;
3109 4306 3161 4350 et
3188 4297 3239 4350 itt
3274 4299 3461 4356 eodem

1921 4379 2103 4432 eadem
2137 4381 2237 4434 erit
2276 4381 2578 4437 observatio
2617 4385 2684 4438 ab
2722 4400 2785 4439 eo
2813 4385 2905 4453 qui
2948 4385 3242 4440 Ecclesiam
3292 4389 3464 4441 adrni-

1925 4467 2136 4529 nistrat,
2170 4477 2222 4522 et
2252 4485 2347 4537 pro
2378 4471 2584 4525 ratione
2611 4473 2980 4528 conversionis
3008 4475 3082 4527 illi
3111 4491 3325 4544 quoque
3352 4491 3466 4545 pm-

1922 4571 2004 4608 naa
2035 4559 2280 4611 extensio
2312 4560 2670 4625 rescindetur,
2704 4570 2761 4615 ut
2809 4578 2906 4631 pro
2960 4579 3148 4617 novem
3203 4566 3358 4619 annis
3411 4565 3464 4618 in

1925 4662 2247 4716 unoquoque
2268 4651 2453 4718 gradu,
2481 4653 2560 4706 vel
2585 4662 2728 4716 octo,
2755 4654 2837 4706 vel
2868 4662 3093 4721 septem,
3126 4655 3208 4708 vel
3231 4656 3468 4724 quinque

1926 4738 2098 4791 solum
2133 4739 2258 4790 anni
2284 4739 2434 4805 (iant,
2466 4743 2509 4795 si
2548 4745 2879 4810 pmnitentia:
2907 4746 3221 4814 magnitudo
3257 4756 3467 4815 tempus

1925 4828 2126 4890 vincat,
2167 4841 2219 4882 et
2253 4840 2469 4898 superet
2515 4832 2873 4888 correctionis
2907 4835 3087 4889 studio
3147 4852 3240 4891 eos
3289 4837 3379 4904 qui
3413 4835 3464 4890 in

1926 4919 2085 4987 longo
2113 4929 2352 4988 tempore
2393 4925 2692 4989 praestituto
2741 4935 3018 4994 susceptas
3051 4943 3079 4980 a
3117 4942 3176 4980 se
3230 4929 3467 4980 maculas

1927 5008 2163 5075 segniter
2188 5011 2392 5064 eluunt.
2428 5011 2848 5066 lnvoluntarium
2876 5028 3050 5068 autem
3073 5016 3227 5068 venia
3253 5015 3466 5083 quidem

1925 5095 2167 5164 dignum,
2198 5098 2286 5150 sed
2321 5114 2426 5151 non
2460 5099 2727 5154 laudabile
2750 5102 3053 5170 judit-atutn
3086 5115 3188 5156 est.
3225 5103 3336 5156 lloc
3379 5118 3468 5156 au-

1928 5192 2032 5235 tem
2064 5184 2197 5246 dixi,
2234 5195 2290 5238 ut
2320 5187 2388 5239 sit
2417 5198 2681 5256 apertum,
2712 5190 2852 5258 quod
2885 5191 3043 5244 etiam
3079 5192 3126 5245 si
3167 5195 3286 5259 quis
3321 5193 3469 5245 invo-

1928 5272 2161 5326 luntarie
2200 5274 2359 5329 fuerit
2394 5277 2446 5329 in
2478 5278 2682 5332 scelere
2714 5279 2988 5332 homicidii
3016 5297 3030 5332 :
3067 5295 3187 5332 eum
3217 5289 3467 5350 tanquam

1925 5361 2033 5430 jam
2069 5363 2376 5431 profanum,
2413 5367 2684 5434 piaculum
2727 5369 3017 5433 redditum,
3083 5383 3111 5421 a
3146 5370 3466 5433 sacerdotali

1929 5455 2096 5518 gratia
2147 5454 2470 5522 ejiciendum
2522 5459 2888 5526 pronuntiavit
2941 5473 3134 5512 canon.
3198 5459 3466 5524 Quantum

1929 5551 2105 5596 autem
2134 5553 2214 5598 est
2236 5545 2558 5614 expiationis
2589 5555 2800 5618 tempus
2831 5550 2898 5601 ob
2945 5549 3243 5618 simplicem
3295 5549 3462 5604 forni-

1927 5633 2217 5698 tationem,
2250 5644 2459 5688 tantum
2490 5638 2647 5691 etiam
2685 5646 2830 5692 recte
2878 5639 3072 5693 habere
3103 5640 3465 5693 existimatum

1927 5730 2010 5778 est
2046 5722 2097 5776 iu
2137 5724 2201 5778 iis
2229 5727 2318 5795 qui
2353 5727 2551 5780 caedem
2587 5729 3000 5782 involuntariatu
3039 5729 3333 5789 fecissent;
3369 5731 3471 5781 sci-

3057 5817 3129 5879 ‘28
