4096 6470
251 375 360 436 885

969 376 1048 435 lN
1088 373 1328 435 El’iS'l'.
1374 376 1432 433 Ξ.
1471 369 1860 433 CREGORiI
1902 369 2221 431 NYSSENI
2263 372 2363 432 AD
2398 370 2741 431 LETOIEM

3384 375 3490 437 886

248 484 409 544 οὗτος
463 486 814 554 ἀνέγκλητος,
868 483 1214 550 συγγνωστὶς
1268 482 1313 537 δ’
1344 477 1457 535 οῦν.
1513 480 1708 542 Λίθους
1763 480 1813 533 ὀὶ

1929 494 2063 546 nus;
2096 482 2203 535 erit
2239 490 2415 534 tamen
2455 482 2608 534 venia
2646 482 2857 548 dignus.
2893 481 3121 553 Lapides
3152 491 3352 549 autem,
3395 487 3487 554 cui

250 582 379 643 τοὺς
405 580 480 648 τῷ
510 583 576 632 τά
590 598 661 646 ρῳ
700 578 1192 648 προϐεϐλημένους,
1237 576 1357 645 οὐχὶ
1387 574 1513 635 τοὺς
1538 574 1685 625 αὐτὰ
1753 574 1820 625 τὰ

255 672 580 740 τεθαμμένα
613 667 840 739 σώματά
877 667 1277 729 καλύπτοντας.
1307 669 1368 720 Ei
1404 665 1513 735 γάρ
1545 664 1822 725 τοιούτους

255 760 437 825 λίθους
500 761 767 831 ἀφέληταί
823 776 928 820 τις,
987 758 1173 811 δίδωσι
1222 760 1438 820 πάντως
1483 755 1711 826 ὁρᾶσθαι
1761 755 1822 806 το

255 855 637 922 κεκρυμμένον
675 852 859 920 σῶμα,
888 852 982 903 καὶ
1009 850 1327 918 δημοσιεύει
1380 849 1475 917 τῆς
1507 846 1722 915 φύσεως
1753 845 1822 899 τά

259 946 562 1012 μυστήρια,
610 943 704 994 rei.
731 941 916 993 οὐκέτι
944 941 1292 1015 συγγνωστός
1352 942 1521 1002 ἐστιν,
1576 938 1691 991 ἀλλ’
1741 939 1823 999 είς

250 1036 315 1089 τὸ
341 1036 526 1103 ἕτερον
559 1033 699 1094 εἶδος
726 1036 825 1104 τῆς
882 1034 1277 1104 τυμεωρυχίας
1316 1032 1617 1100 ἐμπίπτειν
1649 1030 1817 1095 δοκεῖ,

248 1128 278 1179 ὃ
311 1145 363 1177 τι
395 1127 502 1195 πέρ
539 1127 654 1178 ἐστι
686 1127 745 1178 τὸ
776 1125 902 1184 τοὺς
927 1125 1133 1193 τάφους
1171 1124 1410 1191 ἀνοίγειν
1450 1126 1542 1175 καὶ
1580 1122 1678 1192 τὴν
1710 1121 1805 1174 v.6-

253 1233 335 1266 νιν
367 1220 431 1268 ὲκ
472 1218 567 1283 τῆς
632 1215 935 1284 φθαρείσης
984 1217 1189 1284 σαρκὸς
1228 1212 1562 1286 ἀνορύττειν,
1598 1214 1691 1265 καὶ¹
1720 1225 1817 1279 με·

248 1311 496 1359 τακινείν
522 1308 587 1359 τά
625 1308 761 1359 οστᾶ
793 1306 904 1359 τῶν
936 1309 1229 1374 κειμένων,
1262 1305 1468 1373 κόσμον
1497 1305 1619 1357 τινά
1636 1301 1819 1355 λαϐεῖν

247 1398 461 1449 ἐκεῖθεν
495 1397 764 1467 ζητοῦντα
806 1397 1223 1465 συντεθειμένον
1270 1398 1383 1455 τοῖς
1438 1394 1818 1463 τελευτήσασι.

245 1488 422 1540 Τοῦτο
444 1488 625 1543 τοίνυν
672 1488 732 1541 τὸ
771 1484 910 1549 εἶδος
944 1489 1044 1556 τῆς
1076 1484 1470 1554 τυμϐωρυχίας
1521 1484 1721 1552 ὁμοίως
1751 1486 1818 1553 τῇ

238 1579 376 1648 ψιλῇ
420 1582 645 1651 πορνείᾳ
670 1579 1141 1642 καταδικάζεσῗαι
1170 1578 1345 1645 λεγει.
1376 1576 1556 1646 Ψιλὴν
1595 1576 1652 1627 δὲ
1680 1591 1815 1646 πορ-

237 1675 393 1724 νείαν
420 1673 518 1742 τὴν
541 1675 619 1735 είς
651 1672 943 1739 ἐλευθέραν
974 1669 1169 1740 ἀνδρδς
1202 1670 1440 1736 γυναῖκα
1486 1666 1637 1737 μίξιν
1672 1666 1812 1720 ὠνο-

242 1777 414 1829 μασε.
443 1760 801 1813 Κάνταῦθαὸὲ
818 1760 897 1831 τῷ
917 1758 1294 1828 οἰκονομοῦντι
1321 1759 1413 1812 τὸν
1448 1757 1816 1825 μετανοοῦντα

238 1850 431 1904 δίδωσι
456 1852 515 1904 τὸ
551 1854 840 1920 συντεμείν
868 1849 996 1913 ἴσως
1032 1850 1124 1902 τὸν
1149 1848 1243 1903 τοῦ
1269 1851 1548 1917 ἐπιτιμίου
1598 1847 1813 1916 καιρὸν,

236 1945 291 1993 εί
329 1944 432 2014 ὁρᾷ
476 1941 682 2012 θερμὴν
712 1941 877 1995 αὑτοῦ
928 1944 1026 2007 τὴν
1078 1941 1391 2011 μετάνοιαν.
1441 1938 1607 1993 Ἀλλὰ
1642 1937 1816 1991 ταῦτα

240 2034 348 2101 μέν
372 2050 503 2103 φησι
528 2036 657 2102 περὶ
680 2033 1061 2103 τυμϐωρύχων
1085 2036 1113 2087 ὀ
1137 2032 1313 2099 ἆγιος.
1357 2032 1416 2085 Ὀ
1431 2031 1502 2084 δὲ
1532 2029 1816 2090 πολιτικὸς

240 2123 404 2190 νόμος
436 2127 492 2173 ὲν
517 2122 707 2192 βιϐλίῳ
734 2120 776 2189 ξ’
798 2122 980 2175 τίτλον
1005 2128 1091 2190 κγ’
1120 2122 1291 2177 ταῦτα
1322 2122 1667 2174 διατάττεται
1692 2136 1706 2151 ’
1744 2116 1813 2173 0i

235 2215 349 2268 ἀπὸ
380 2215 486 2267 τῶν
515 2216 703 2283 τάφων
731 2216 864 2278 ὕλας
894 2216 1260 2286 ἀφαιροῦντες
1288 2212 1711 2268 ὑποκείσθωσαν
1734 2210 1812 2281 τῷ

240 2303 340 2373 τῆς
403 2306 710 2372 ἱεροσυλίας
773 2305 1083 2377 ἐγκλήματι
1118 2323 1132 2337 ’
1190 2307 1284 2359 καὶ
1338 2305 1525 2358 πάλιν·
1588 2305 1661 2358 Τὸ
1716 2305 1815 2373 τῆς

239 2395 636 2467 τλιμϐωρυχίας
679 2399 935 2469 ἔγκλημα
964 2400 1194 2470 ἀτιμίαν
1224 2402 1480 2471 ἆπιφέρει
1512 2414 1526 2429 ⁸
1591 2401 1683 2453 καὶ
1713 2395 1812 2453 αῦ-

239 2495 329 2553 θις
353 2510 367 2521 ·
423 2495 551 2545 Ἐάν
575 2510 659 2553 τις
689 2493 797 2544 ἀπὸ
829 2492 923 2544 τοῦ
952 2493 1127 2562 τάφου
1151 2493 1423 2563 ἀφέληται
1457 2494 1489 2564 ἢ
1538 2493 1726 2554 λίθους
1780 2492 1814 2570 ἢ

241 2584 435 2642 κίονας
482 2584 514 2653 ἦ
553 2584 906 2654 μάρμαρα,ἧ
956 2586 1126 2654 ἀλλην
1178 2587 1504 2654 οἱανδήποτε
1539 2584 1694 2655 ὕλην,
1747 2579 1814 2638 εἴ·

242 2677 697 2747 κοσινομίσματα
714 2680 939 2750 χρυσίου
968 2677 1045 2747 τῷ
1068 2677 1318 2747 δημοσίῳ
1344 2679 1695 2732 καταδάλὶειθ
1720 2680 1813 2731 καὶ

242 2771 314 2822 τά
339 2768 486 2836 ἑξῆς.

865 2864 1102 2918 ΚΑΝΩΝ
1133 2866 1213 2920 ιιι.

334 2955 395 3005 ’ίί
424 2954 477 3005 δὲ
508 2956 793 3022 ἱεροσυλία,
824 2959 973 3027 παρὰ
1001 2960 1097 3029 μὲν
1128 2963 1191 3030 τῇ
1228 2961 1424 3032 ἀρχαίᾳ
1448 2964 1654 3033 Γραφῇ,
1682 2960 1799 3017 οὐδὲ
1843 2960 1888 3022 C

250 3041 510 3112 ἐνομίσθη
579 3043 677 3112 τῆς
741 3047 963 3115 φονικῆς
1031 3049 1401 3117 κατακρίσεως
1461 3051 1799 3120 ἀνεκτοτὲρα.

264 3131 495 3199 Ὁμοίως
525 3134 630 3203 γὰρ
658 3135 685 3187 ὃ
726 3152 783 3187 τε
811 3138 900 3189 ἐπὶ
931 3138 1072 3206 φόνῳ
1117 3138 1297 3202 ἁλοὺς,
1344 3139 1435 3192 καὶ
1461 3139 1492 3191 δ
1522 3139 1587 3191 τὰ
1617 3142 1802 3193 ἀνατε-

250 3222 411 3274 θέντα
435 3223 509 3291 τῷ
535 3223 650 3292 Θεῷ
676 3226 1019 3293 ὑφελόμενος,
1066 3227 1162 3295 τὴν
1190 3227 1276 3279 διὰ
1313 3227 1417 3281 τῶν
1443 3227 1600 3280 λίθων
1629 3245 1798 3297 τιμω-

249 3315 376 3381 ρίαν
408 3314 660 3383 ὑπέσχον.
704 3315 826 3368 Ἐπὶ
848 3315 901 3367 δε
925 3317 1022 3383 τῆς
1051 3317 1497 3386 ἐκκλησωστικῆς
1523 3316 1806 3386 συνηθείας

246 3404 351 3455 οὐκ
371 3400 485 3456 οἶδα
518 3405 630 3465 πῶς
659 3404 1053 3471 συγκατάθασίς
1073 3423 1156 3468 τις
1177 3407 1513 3473 ὲγένετο,καὶ
1542 3423 1803 3476 συμπερι-

254 3493 418 3562 φορά,
458 3493 593 3546 ὥστε
626 3495 970 3565 ἀνεκτότερον
996 3496 1310 3563 νομισθῆναι
1333 3495 1391 3547 τὸ
1422 3496 1520 3565 τῆς
1554 3495 1806 3565 τοιαύτης

254 3583 411 3634 νόσου
450 3584 741 3652 καθάρσιον
764 3600 776 3612 ·
827 3585 882 3634 ἐν
919 3582 1154 3635 ἐλάττονι
1187 3582 1292 3653 γὰρ
1319 3584 1494 3653 χρόνῳ
1533 3584 1683 3653 παρά
1706 3584 1804 3651 τὴν

255 3668 521 3735 μοιχείαν,
554 3671 663 3730 τοῖς
691 3669 945 3731 τοιούτοις
966 3669 1025 3720 τὸ
1054 3669 1323 3739 ἐπιτίμιον
1347 3671 1621 3735 διετάξατο
1648 3670 1821 3740 ἡτῶν

254 3755 509 3824 Πατέρων
529 3757 837 3825 παράδοσις.
864 3757 1138 3826 Πανταχοῦ
1162 3758 1253 3810 καὶ
1269 3760 1325 3809 ὲν
1348 3758 1632 3827 πλημμελή
1642 3773 1806 3827 ματος

251 3843 383 3895 εῖδει
401 3843 555 3896 τοῦτο
570 3844 803 3913 καθορᾷν
826 3848 1083 3916 προσήκει
1104 3846 1209 3916 πρὸ
1226 3847 1459 3907 πάντων,
1473 3847 1557 3899 οἶα
1580 3847 1695 3899 ἐστὶ
1710 3844 1802 3898 τοῦ

250 3933 685 4002 θεραπευομένου
728 3934 979 3996 διάθεσις,
1009 3934 1081 4004 μὴ
1119 3937 1207 3987 τὸν
1230 3937 1415 4005 χρόνον
1449 3936 1652 3989 οἴεσθαι
1672 3935 1806 4004 πρὸς

248 4022 547 4091 θεραπείαν
573 4018 755 4091 ἀρκεῖν
776 4039 787 4050 ·
814 4024 893 4085 τίς
919 4023 1024 4092 γὰρ
1046 4023 1109 4075 ἂν
1134 4027 1196 4076 ὲκ
1214 4024 1305 4076 τοῦ
1334 4025 1524 4094 χρόνου
1544 4026 1684 4087 ἴασις
1710 4024 1804 4090 γέ·

246 4127 425 4175 νοιτο;
473 4110 605 4162 ἀλλά
622 4112 718 4178 τὴν
752 4112 1059 4180 προαίρεσιν
1076 4112 1164 4164 τοῦ
1186 4113 1373 4165 ἑαυτὸν
1390 4112 1456 4164 δι’
1475 4112 1804 4182 ἐπιστροφῆς

253 4199 606 4268 ίατρεύοντος.
648 4200 827 4253 Ταῦτά
854 4218 952 4264 σοι,
996 4196 1039 4252 ὅ)
1074 4200 1320 4269 ἄνθρωπε
1351 4201 1441 4253 τοῦ
1472 4200 1625 4263 Θεοῦ,
1666 4200 1805 4254 κατά

249 4292 452 4361 πολλὴν
490 4289 719 4356 σπουδὴν
744 4292 805 4342 ἐκ
835 4290 938 4341 τῶν
968 4291 1265 4359 προχείρων
1298 4291 1600 4353 συνθέντες,
1634 4291 1721 4343 διὰ
1743 4290 1805 4343 τὸ
1858 4311 1898 4365 D

246 4380 359 4431 δεῖν
392 4382 500 4439 τοῖς
531 4380 637 4432 τῶν
685 4379 918 4445 ἀδελφῶν
948 4380 1279 4449 ἐπιτάγμασι
1330 4380 1630 4441 πείθεσθαι,
1665 4380 1804 4433 κατὰ

249 4466 483 4535 σπουδὴν
504 4468 908 4536 ἀπεστείλαμεν.
942 4468 1011 4520 Σὺ
1035 4467 1091 4519 δὲ
1108 4468 1205 4530 τὰς
1231 4469 1473 4538 συνήθεις
1490 4469 1628 4539 ὑπὲρ
1650 4467 1804 4537 ἡμῶν

246 4554 416 4622 εὐχὰς
435 4553 508 4622 τῷ
529 4554 643 4622 Θεῷ
666 4556 951 4624 προσάγων
972 4555 1044 4625 μὴ
1064 4555 1355 4628 διαλείπῃς.
1376 4557 1679 4627 Χρεωστεῖς
1697 4556 1803 4628 γὰρ

245 4645 322 4705 ὡς
352 4642 640 4710 εὐγνώμων
664 4644 794 4705 υἱός,
826 4644 901 4713 τῷ
939 4644 1078 4697 κατὰ
1094 4644 1224 4697 Θεόν
1256 4662 1315 4697 σε
1340 4646 1680 4713 γεννήσαντι,
1705 4644 1803 4714 τὴν

244 4732 335 4785 διὰ
379 4732 487 4784 τῶν
533 4732 839 4802 προσευχῶν
874 4734 1225 4804 γηροκομίαν,
1272 4735 1411 4788 κατά
1458 4734 1555 4804 τὴν
1588 4732 1800 4803 ἐντολὴν

243 4822 346 4889 τὴν
376 4820 691 4873 κελεύουσαν
734 4826 893 4893 τιμᾷν
930 4826 1054 4885 τοὺς
1078 4825 1267 4892 γονέας
1298 4865 1312 4888 ,
1364 4825 1462 4878 ἵνα
1487 4819 1554 4878 εὖ
1584 4840 1680 4877 σοι
1709 4826 1797 4890 τέ-

245 4927 442 4978 rotat,
479 4912 571 4963 καί
597 4912 711 4979 ἔσῃ
739 4915 1165 4981 μακροχρόνιος
1188 4914 1283 4967 ἐπὶ
1314 4912 1423 4981 τῆς
1458 4912 1589 4981 τῆς.
1636 4913 1803 4982 Δῆλον

244 5002 305 5053 δὲ
343 5002 424 5054 ὅτι
451 5000 523 5062 ὡς
563 5000 820 5069 σύμὸολον
848 5003 1133 5070 ἱερατικὸν,
1169 5002 1292 5073 δέξῃ
1329 5002 1388 5056 τὸ
1414 5004 1662 5072 γράμμα,
1706 5002 1798 5054 καὶ

244 5089 349 5143 οὐκ
391 5089 670 5157 ἀτιμάσεις
706 5090 766 5141 τὸ
800 5090 985 5153 ξένιον.
1016 5091 1113 5145 κάν
1150 5109 1201 5143 τι
1235 5092 1549 5163 μικρότερον
1577 5089 1673 5159 τῆς
1704 5090 1799 5156 σὴς

249 5180 613 5251 μεγαλοφυῖας
646 5181 752 5249 εἴη.

330 5366 524 5419 ΒᾹΛΣ.
562 5365 745 5419 Εἰπὼν
805 5366 934 5437 περὶ
994 5366 1205 5435 κλοπῆς
1250 5376 1347 5420 καὶ
1398 5365 1809 5437 τυμϐωρυχίας,

248 5459 351 5512 νῦν
379 5457 476 5510 καὶ
506 5457 633 5526 περὶ
662 5457 970 5526 ἱεροσυλίας
1002 5456 1265 5523 διδάσκει,
1312 5457 1407 5511 καί
1458 5473 1624 5525 φησιν
1655 5457 1736 5509 ὅτι
1776 5458 1809 5527 ἡ

252 5551 359 5619 μὲν
395 5548 607 5601 Παλαιά
635 5548 825 5617 Γραφὴ
853 5548 1049 5617 ἰπίσης
1099 5547 1192 5599 τὸν
1226 5548 1391 5615 φονέα
1443 5548 1535 5600 καὶ
1563 5547 1653 5599 τὸν
1690 5546 1814 5599 κλέ-

244 5642 430 5709 ψαντα
478 5638 546 5691 τὰ
600 5637 675 5707 τῷ
705 5635 826 5707 Θεῷ
877 5619 1271 5706 ἀνατεθειμένα
1328 5636 1576 5701 ἐκόλασε,
1642 5636 1810 5701 λίθοις

328 5771 542 5831 ‘Exod.
573 5789 662 5838 xx,
711 5776 809 5840 l2;
854 5773 1009 5827 Deut.
1059 5777 1108 5839 ν,
1152 5770 1248 5839 l6;
1286 5771 1474 5827 Matth.
1512 5787 1608 5837 xv,
1641 5772 1694 5829 τί.

1923 582 2050 629 ante
2079 574 2384 642 sepulcrum
2414 572 2637 642 projecti
2689 584 2835 641 sunt,
2887 590 2994 630 non
3025 590 3118 633 eos
3149 578 3239 646 qui
3280 581 3487 648 sepulta

1922 680 2149 734 corpora
2176 675 2485 736 contegunt.
2525 664 2581 719 Si
2618 667 2743 736 quis
2770 668 2912 721 cnim
2940 683 3034 725 eos
3065 671 3263 739 lapides
3297 673 3485 726 abstu-

1924 756 2067 821 lerit,
2104 772 2305 827 corpus
2345 765 2649 811 contectum
2691 760 2915 815 omnino
2947 762 3230 815 videndum
3263 764 3485 833 prrcbet,

1922 861 1976 903 et
2008 861 2216 903 natura:
2252 850 2505 920 mysteria
2534 850 2791 918 publicat,
2840 861 2892 907 et
2953 869 3060 908 non
3116 866 3198 909 cst
3254 857 3489 925 amplius

1922 940 2077 992 venia
2112 924 2346 1007 dignus;
2380 942 2470 993 sed
2504 941 2553 991 in
2585 941 2809 994 alteram
2840 943 3072 1010 speciem
3117 924 3485 1012 sepulcrormu

1921 1024 2222 1081 ell‘oasionis
2251 1027 2487 1083 incidere
2522 1030 2749 1094 videtur,
2795 1046 2914 1099 qua:
2957 1045 3040 1088 est
3074 1037 3321 1102 sepulcra
3366 1049 3491 1101 ape.-

1922 1117 2051 1179 rirc,
2088 1127 2141 1169 et
2169 1133 2235 1172 ex
2280 1131 2535 1187 corrupta
2582 1135 2749 1175 carne
2803 1122 3074 1189 pulrerem
3132 1125 3386 1189 eﬁ'oderc,
3435 1133 3489 1179 et

1921 1219 2105 1260 eorum
2140 1209 2229 1277 qui
2265 1207 2374 1262 illic
2407 1211 2590 1276 jaceat
2625 1224 2744 1263 ossa
2785 1225 3023 1275 movere,
3058 1212 3203 1267 illinc
3235 1224 3487 1271 ornatum

1922 1294 2156 1365 aliquem
2187 1311 2294 1364 quo
2316 1299 2511 1351 mortui
2537 1299 2719 1353 amicti
2758 1308 2883 1353 sunt
2905 1301 3150 1369 accipere
3181 1314 3489 1360 conantem.

1923 1386 2033 1438 Iloc
2058 1388 2237 1455 itaque
2267 1390 2636 1456 sepulcrorum
2688 1388 2997 1447 eﬂ‘ossionis
3050 1406 3243 1457 genus,
3299 1393 3489 1447 eodem

1916 1477 2119 1545 judicio
2152 1494 2257 1548 quo
2282 1480 2510 1548 simplex
2543 1480 2852 1547 fornicatio,
2873 1482 3339 1537 condemnandum
3369 1498 3493 1540 esse

1921 1571 2070 1623 dicit.
2108 1570 2418 1639 Simplicetn
2445 1580 2623 1625 autem
2650 1570 3086 1639 fornicationem,
3118 1589 3239 1627 cum
3270 1573 3496 1627 mulicro

1923 1676 1950 1713 a
1982 1661 2097 1714 viro
2125 1662 2298 1715 soluta
2328 1663 2525 1715 coitmn
2568 1663 2887 1716 nominavit.
2934 1662 3037 1718 Hic
3067 1680 3282 1734 quoque
3311 1665 3493 1733 paeni-

1921 1756 2083 1810 tentis
2116 1767 2398 1809 mconomo
2428 1754 2520 1807 dat
2570 1753 2879 1808 facultatem
2913 1768 3084 1823 pinna
3112 1765 3323 1822 tempus
3356 1770 3493 1809 enn-

1921 1845 2193 1910 trahemli,
2222 1847 2267 1899 si
2309 1844 2425 1911 ejus
2457 1843 2596 1898 forte
2629 1846 2996 1900 vehementem
3020 1845 3191 1899 videat
3221 1848 3404 1915 paruit:
3425 1862 3489 1900 n-

1917 1940 2065 1993 tiam.
2100 1940 2362 1993 Ceterum
2400 1939 2511 1992 haec
2540 1938 2753 2005 quidem
2791 1938 2920 1992 dicit
2956 1949 3174 1994 sanctus
3207 1942 3273 1994 de
3300 1943 3490 2011 sepul-

1915 2044 2128 2086 crorum
2153 2030 2524 2084 elfossoribus.
2581 2028 2686 2083 Lex
2728 2040 2908 2083 autem
2949 2030 3120 2086 civilis
3171 2032 3224 2085 in
3267 2032 3360 2086 lib.
3398 2049 3488 2096 Ls,

1917 2123 2001 2177 tit.
2041 2121 2134 2184 23,
2170 2122 2282 2175 ha-c
2308 2118 2629 2174 constituit:
2664 2117 2763 2184 Qui
2809 2121 3062 2174 materias
3112 2136 3179 2176 ex
3227 2123 3487 2191 sepulcris

1918 2214 2169 2268 auferunt
2204 2212 2473 2278 sacrilegii
2501 2210 2717 2267 crimini
2745 2214 2855 2265 sint
2885 2211 3123 2266 obnoxii.
3159 2212 3222 2265 Et
3260 2230 3441 2267 rursus
3469 2230 3485 2265 :

1919 2304 2299 2374 Sepulcmrum
2326 2302 2630 2356 eli’nssiOuis
2652 2300 2853 2356 crimen
2886 2301 3043 2356 aﬂcrt
3085 2301 3378 2356 infamiam.
3425 2303 3490 2359 Et

1917 2396 2151 2452 iterum:
2182 2394 2237 2449 Si
2273 2396 2395 2464 quis
2427 2409 2490 2448 ex
2526 2392 2776 2461 sepulcro
2821 2394 3118 2453 abstulerit,
3151 2395 3231 2447 vel
3264 2396 3487 2462 Ιιιμῑιιοος,

1922 2491 2002 2541 vel
2054 2489 2353 2549 Columnas,
2411 2488 2493 2541 vel
2556 2501 2847 2549 marmora,
2901 2486 2980 2539 vel
3037 2486 3274 2555 aliquam
3333 2489 3487 2540 aliam

1924 2580 2223 2645 materiam,
2258 2579 2471 2647 publico
2498 2578 2683 2648 viginti
2707 2591 2898 2631 aureos
2928 2576 3088 2632 solvit
3116 2592 3131 2642 ;
3174 2590 3227 2631 ct
3261 2593 3381 2647 qua:
3408 2597 3487 2633 sc-

1921 2687 2179 2742 qtttlttlul‘.

2402 2850 2560 2921 ξεί,
2594 2849 2821 2905 ca.ch
2862 2852 2997 2907 Vlll.

2014 2968 2371 3037 Sacrilegium
2431 2982 2635 3026 autem,
2702 2966 2752 3019 in
2810 2966 3028 3035 antiqua
3082 2968 3295 3035 quidem
3338 2966 3489 3021 Scai-

1921 3070 2100 3128 ptura,
2161 3073 2229 3113 ne
2289 3058 2455 3113 caedis
2521 3057 2741 3127 quidem
2806 3056 3259 3115 coudemnatinne
3309 3060 3487 3116 visum

1935 3156 2019 3202 est
2052 3147 2406 3201 tolerabilius.
2442 3146 2704 3200 Similiter
2729 3144 2895 3210 enim,
2919 3152 2972 3198 et
2994 3145 3086 3213 qui
3113 3144 3275 3201 caedis
3297 3145 3485 3200 convi-

1937 3244 2058 3290 ctus
2098 3244 2234 3297 erat,
2270 3244 2324 3289 et
2351 3235 2440 3302 qui
2469 3251 2553 3287 res
2594 3233 2703 3288 Deo
2739 3233 3015 3288 dedicatas
3058 3235 3373 3296 abstulerat,
3405 3235 3486 3287 la-

1937 3324 2225 3394 pidationis
2254 3324 2575 3392 supplicium
2616 3324 2850 3377 subibat.
2888 3322 2944 3375 In
2982 3322 3351 3377 ecclesiastica
3385 3338 3477 3376 au-

1939 3423 2043 3468 tem
2077 3412 2494 3476 consuetudine,
2536 3412 2601 3467 de
2640 3427 2810 3481 pinnae
2861 3412 3124 3482 gravitate
3157 3412 3340 3466 nescio
3378 3428 3487 3481 quo

1938 3501 2097 3555 modo
2124 3500 2325 3568 aliquid
2353 3499 2674 3564 detractum,
2704 3510 2756 3555 et
2793 3515 2858 3553 eo
2890 3500 3124 3553 lenitatis
3163 3499 3484 3554 descensum

1940 3598 2042 3650 est,
2076 3597 2133 3642 ut
2170 3590 2317 3644 illius
2347 3591 2515 3644 morbi
2551 3590 2954 3643 existimaretur
2990 3589 3325 3645 tolerabilius
3370 3590 3487 3659 pia-

1940 3681 2119 3734 culum
2147 3697 2164 3746 ;
2196 3681 2248 3733 in
2277 3680 2469 3733 minori
2496 3680 2638 3733 enim
2674 3687 2912 3747 tempore
2940 3694 3098 3749 quam
3128 3681 3447 3734 adulterium
3468 3720 3483 3744 ,

1941 3766 1976 3819 ii
2006 3781 2032 3818 a
2068 3768 2288 3820 Patrum
2318 3767 2605 3819 traditione
2630 3779 2842 3834 pcenam
2875 3775 3248 3835 susceperunt.
3280 3765 3490 3836 Ubique

1942 3864 2120 3909 autem
2158 3854 2260 3907 hoc
2299 3855 2351 3907 in
2389 3855 2633 3923 supplicii
2681 3871 2874 3925 genere
2923 3865 3047 3909 ante
3079 3856 3261 3910 omnia
3304 3856 3489 3910 viden-

1941 3945 2068 3999 dum
2118 3951 2223 4005 est,
2267 3945 2444 4014 qualis
2481 3946 2549 3998 sit
2591 3947 2709 4012 ejus
2756 3946 2845 3999 cui
2913 3944 3196 4001 adhibetur
3238 3946 3486 4012 all'cctio;

1944 4042 2135 4088 etnon
2177 4036 2485 4089 existimare
2533 4042 2744 4103 tempus
2798 4034 2863 4089 ad
2924 4035 3185 4089 medelam
3248 4034 3491 4091 sumccrc

1942 4123 2221 4193 (quaenam
2247 4123 2388 4178 enim
2421 4123 2584 4176 fuerit
2614 4140 2675 4176 ex
2710 4134 2950 4193 tempore
2992 4123 3361 4194 medicina?),
3394 4126 3489 4181 sed

1940 4211 2078 4279 ejus,
2107 4212 2197 4279 qui
2225 4212 2327 4265 sibi
2376 4228 2471 4281 per
2504 4214 2912 4268 conversionem
2941 4214 3204 4279 medetur,
3242 4216 3482 4269 animum

1941 4306 1994 4353 et
2021 4300 2341 4354 institutum.
2388 4299 2509 4354 Haec
2536 4301 2651 4367 tibi,
2694 4317 2727 4356 ο
2756 4304 2916 4357 homo
2967 4302 3084 4367 Dei,
3143 4319 3206 4359 ex
3254 4304 3321 4358 iis
3371 4319 3491 4374 quae

1940 4399 2094 4445 erant
2126 4392 2190 4443 ad
2215 4405 2432 4444 manum
2469 4390 2710 4446 studiose
2732 4394 3051 4463 composita,
3076 4395 3219 4464 quod
3245 4402 3491 4464 oporteat

1943 4477 2169 4531 fratrum
2225 4479 2494 4532 mandatis
2544 4495 2755 4548 parere,
2811 4482 3055 4538 studiose
3104 4484 3372 4539 misimus.
3409 4483 3489 4542 Τιι

1941 4582 2072 4621 vero
2094 4576 2385 4622 consuetas
2417 4584 2513 4637 pro
2561 4570 2718 4623 nobis
2754 4586 2941 4639 preces
3004 4573 3111 4628 Deo
3176 4574 3369 4632 oll‘erre
3425 4592 3492 4632 ne

1942 4656 2286 4710 intermittas.
2322 4655 2492 4711 Debes
2520 4659 2666 4711 enim
2696 4666 2753 4711 ut
2780 4668 2972 4729 gratus
3010 4661 3176 4728 ﬁlius,
3228 4664 3276 4717 ei
3306 4664 3397 4734 qui
3438 4672 3491 4719 te

1941 4746 2235 4799 secundum
2271 4745 2435 4801 Deum
2459 4749 2665 4817 genuit,
2699 4748 2752 4802 in
2784 4761 3061 4806 senectute
3091 4766 3182 4821 per
3222 4764 3341 4809 tuas
3368 4770 3490 4808 ora-

1940 4836 2115 4890 tiones
2144 4837 2478 4903 alimentum,
2520 4840 2906 4895 convenienter
2933 4853 3201 4913 praecepto
3232 4846 3375 4916 quod
3402 4846 3489 4915 juc

1940 4925 2027 4979 bet
2064 4926 2331 4989 honorare
2364 4936 2636 4997 parentes.
2664 4940 2720 4983 ut
2756 4932 2851 4986 tibi
2878 4932 3001 4987 bene
3035 4936 3124 4997 sit,
3156 4946 3203 4989 et
3241 4938 3317 4991 sis
3371 4939 3488 4991 lou-

1939 5031 2108 5084 ga'rus
2136 5032 2289 5084 super
2329 5026 2519 5071 terram
2575 5016 2609 5073 ‘.
2658 5019 2875 5075 Clarum
2910 5033 2994 5079 est
3025 5033 3203 5079 autem
3242 5028 3383 5096 quod
3430 5040 3488 5085 ut

1942 5107 2239 5175 symbolum
2280 5109 2630 5171 sacerdotale,
2660 5111 2866 5168 litteras
2893 5115 3148 5185 accipies,
3183 5133 3488 5190 munusque

1943 5197 2203 5265 hospitale
2237 5214 2344 5253 non
2376 5211 2711 5266 contemnes,
2741 5205 2954 5263 etiamsi
2984 5208 3055 5262 sit
3108 5211 3284 5266 minus
3320 5228 3483 5283 quam

1943 5301 2039 5352 pro
2071 5302 2276 5341 summa
2318 5290 2390 5343 tui
2424 5291 2623 5359 ingenii
2653 5292 2917 5350 bonitate.

1993 5366 2186 5423 BALS.
2242 5368 2535 5440 Postquam
2585 5373 2724 5429 dixit
2782 5374 2849 5430 de
2906 5374 3049 5430 furto
3101 5386 3153 5431 et
3205 5378 3486 5447 sepulcro—

1920 5472 2036 5510 rum
2084 5458 2393 5527 ellossione,
2424 5478 2566 5516 nunc
2595 5463 2751 5519 docet
2784 5464 2852 5519 de
2886 5468 3206 5536 sacrilegio;
3245 5478 3299 5523 et
3326 5470 3476 5535 dicit,

1917 5549 2058 5615 quod
2097 5550 2325 5620 Antiqua
2356 5553 2569 5622 quidem
2603 5555 2879 5622 Scriptura
2912 5558 3251 5625 homicidam,
3279 5572 3329 5614 ct
3354 5576 3475 5616 eum

1919 5637 2006 5705 qui
2050 5636 2158 5693 Deo
2193 5639 2370 5694 oblata
2427 5643 2660 5708 sustulit,
2697 5660 2759 5700 ex
2797 5663 2950 5717 aequo
2982 5649 3157 5719 punit,
3209 5650 3473 5721 lapidibus
