4096 6472
270 395 382 458 869

945 396 1017 453 ΙΝ
1061 397 1306 457 EPIST.
1360 402 1415 457 Β.
1462 398 1836 458 ιλίὲΕΟΟΗΙΙ
1889 400 2211 460 NYSSENI
2251 403 2351 462 AD
2395 406 2760 466 LETOIUM.

3369 416 3475 479 870

272 511 515 580 τοιαύτη.
561 511 616 563 '0
670 513 766 581 μὲν
802 503 919 584 γὰρ
971 515 1060 581 ἀρ’
1107 517 1298 568 ἑαυτοῦ
1340 517 1471 586 πρὸς
1509 518 1606 588 τὴν
1644 520 1802 585 ἐξαγό

1931 519 2230 576 diil‘crentia
2266 525 2318 577 in
2344 525 2550 578 ratione
2574 527 2904 592 poenitentiae
2931 529 2982 580 in
3011 529 3076 581 iis
3102 531 3191 597 qui
3233 531 3282 582 in
3322 535 3473 585 volu-

273 619 456 671 ρευσιν
505 602 602 669 τῆς
650 606 918 674 ἁμαρτίας
961 607 1201 676 ὁρμήσας
1231 647 1245 667 ,
1276 608 1420 677 αὐτῷ
1454 610 1513 660 τὸ
1542 609 1828 672 καταδέξα-

275 692 396 741 σθαι
425 691 492 743 δι’
519 694 721 754 οἰκείας
762 695 934 763 ὁρμῆς
970 695 1216 762 γενέσθαι
1257 698 1358 747 τῶν
1409 699 1649 767 κρυφίων
1694 716 1824 750 κατ-

272 784 471 848 ἡγορος
495 797 507 811 ⁸
539 781 612 841 ὡς
651 781 746 850 ἤδη
792 784 890 851 τῆς
926 784 1214 853 θεραπείας
1244 784 1336 836 τοῦ
1370 785 1569 846 πάθους
1593 785 1825 852 ἀρξάμε-

273 885 395 927 νος,
442 871 532 920 καὶ
583 874 798 938 σημεῖον
836 876 932 941 τῆς
979 874 1110 941 πρὸς
1146 875 1206 925 τὸ
1255 877 1496 941 κρεῖττον
1529 876 1823 943 μεταϐολῆς

270 959 672 1027 ἐπιδειξάμενος
705 999 718 1021 ,
771 964 827 1011 ὲν
884 962 1400 1031 φιλανθρωποτέροις
1460 967 1662 1029 γίνεται
1715 968 1822 1026 τοῖς

271 1050 578 1116 ἐπιτιμίοις.
618 1050 672 1101 Ὀ
697 1050 751 1102 δὲ
784 1052 1050 1118 φωραθεὶς
1083 1054 1172 1103 ἐπὶ
1205 1053 1279 1121 τῷ
1311 1053 1478 1121 κακῷ,
1507 1053 1536 1123 ἢ
1567 1054 1650 1106 διά
1683 1071 1819 1116 τινος

272 1136 504 1203 ὑποψίας
586 1140 617 1208 ἢ
658 1141 981 1208 κατηγορίας
1032 1142 1297 1203 ἀκουσίως
1343 1143 1728 1210 ἀπελεγχθεὶς,
1765 1146 1821 1196 εν

269 1226 632 1298 ἑπιτεταμένῃ
681 1228 884 1294 γίνεται
929 1232 990 1297 τῇ
1042 1232 1334 1300 ἐπιστροφῇ
1362 1249 1374 1261 ·
1403 1231 1538 1283 ὥστε
1594 1233 1819 1304 καθαρι-

269 1312 460 1366 σῖὶέντα
488 1316 554 1366 δι’
584 1317 864 1385 ἀκριϐείας
894 1319 1071 1379 αὑτὸν,
1102 1317 1269 1381 οὕτως
1302 1321 1390 1370 ἐπὶ
1416 1321 1510 1390 τὴν
1542 1323 1643 1371 τῶν
1668 1324 1821 1388 ἁγια-

269 1405 489 1468 σμάτων
519 1407 795 1458 κοινωνίαν
828 1407 1240 1476 παραδεχθῆναι.
1273 1409 1423 1460 Ἔστι
1451 1413 1625 1462 τοίνυν
1656 1413 1682 1463 ό
1718 1431 1818 1464 κα-

267 1489 375 1540 νὼν
403 1492 635 1546 τοιοῦτος
663 1533 676 1554 ,
706 1494 842 1545 ὥστε
870 1496 988 1556 τοὺς
1020 1496 1076 1545 ἐν
1115 1497 1333 1564 πορνείᾳ
1361 1499 1731 1566 μολυνθὲντας,
1760 1503 1817 1551 ἐν

262 1581 412 1648 τρισὶ
445 1580 541 1648 μὲν
566 1581 705 1634 ἔτεσι
739 1583 958 1635 καθόλου
981 1583 1079 1652 τῆς
1101 1586 1260 1654 εὐχῆς
1302 1587 1632 1658 ἀποὸλήτους
1661 1586 1817 1643 εἶναι’

261 1669 321 1720 ὲν
344 1673 484 1736 τρισὶ
512 1671 566 1722 δὲ
596 1674 689 1740 τῆς
722 1675 1026 1744 ἀκροάσεως
1068 1680 1312 1748 μετέχειν
1343 1680 1526 1748 μόνης,
1556 1683 1612 1731 ὲν
1642 1680 1816 1742 ἄλλοις

258 1757 314 1808 δὲ
346 1760 523 1825 τρισὶν
563 1761 702 1813 ἔτεσι
755 1765 888 1831 μετά
926 1767 1030 1817 τῶν
1072 1769 1128 1818 ἐν
1155 1772 1219 1838 τῇ
1270 1771 1566 1838 ἐπιστροφῇ
1619 1770 1814 1820 ὑποπι-

1929 617 2070 677 ptate
2101 622 2413 677 peccarunt,
2455 614 2740 681 ejusmodi.
2779 615 2877 678 Qui
2913 619 3135 670 enimex
3164 634 3220 669 se
3260 621 3379 687 ipso
3406 624 3470 674 ad

1927 713 2022 748 sua
2047 699 2362 766 proferenda
2395 712 2611 767 peccata
2641 704 2905 770 impulsus
2946 713 3047 765 est,
3092 723 3155 758 eo
3185 709 3326 774 quod
3371 725 3469 762 sua

1925 799 2113 854 sponte
2145 791 2476 843 occultorum
2519 803 2797 846 accusator
2832 810 2950 849 esse
2979 797 3228 860 voluerit,
3285 809 3337 851 ut
3379 802 3471 868 qui

1921 877 2028 944 jam
2088 879 2357 932 al'fci-tioni
2432 882 2750 935 medicinam
2815 885 3069 938 adhibere
3118 889 3361 954 ctrpcrit,
3419 899 3472 940 ct

1924 964 2132 1031 signum
2188 967 2501 1020 mutationis
2541 971 2590 1020 in
2645 970 2696 1022 id
2748 973 2888 1038 quod
2914 981 2995 1026 est
3043 975 3235 1027 melius
3289 984 3473 1029 osten-

1926 1053 2084 1118 derit,
2121 1055 2170 1107 in
2211 1057 2512 1110 mitioribus
2557 1061 2730 1125 pmnis
2770 1071 3033 1114 versatur.
3072 1062 3170 1127 Qui
3202 1075 3378 1117 autem
3415 1067 3469 1119 in

1923 1145 2063 1194 malo
2097 1146 2460 1212 deprehensus
2505 1155 2605 1210 est,
2647 1150 2726 1202 vel
2763 1160 2976 1218 propter
3024 1153 3254 1219 a!i.piam
3293 1158 3472 1222 suspi-

1921 1232 2128 1285 tionem
2187 1235 2265 1286 νισι
2311 1239 2705 1289 accusationem
2747 1240 2991 1306 ingratiis
3037 1243 3320 1296 convictus
3363 1257 3470 1308 est,

1923 1322 2134 1390 longius
2189 1326 2261 1376 illi
2305 1329 2676 1381 σοιινιτσὶοιιιε
2726 1341 2936 1397 tempus
2986 1331 3182 1398 datur;
3241 1344 3297 1385 ut
3356 1336 3471 1402 ipse

1921 1415 2154 1479 perfecte
2182 1425 2458 1481 purgatus,
2510 1416 2587 1469 sic
2618 1419 2681 1469 ad
2731 1430 3191 1473 sacramentorum
3231 1437 3472 1476 commu-

1919 1503 2131 1556 niunciu
2187 1506 2520 1560 admittatur.
2571 1505 2662 1560 Est
2709 1524 2834 1576 erso
2868 1510 3049 1564 Canon
3078 1515 3368 1582 ejusmodi,
3411 1529 3469 1573 ut

1918 1594 2006 1660 qui
2039 1593 2090 1646 iu
2140 1593 2494 1650 fornicatione
2534 1601 2718 1664 polluti
2749 1610 2894 1660 sunt,
2947 1602 2999 1652 in
3044 1605 3216 1660 tribus
3250 1609 3472 1674 quidem

1919 1685 2075 1736 annis
2134 1686 2199 1737 ab
2235 1687 2475 1739 oratione
2520 1690 2738 1742 omnino
2785 1692 3154 1758 expellantur;
3210 1695 3260 1746 in
3295 1699 3466 1752 tribus

1918 1781 2094 1828 autem
2128 1776 2236 1828 sint
2289 1779 2458 1830 solius
2497 1779 2789 1833 auditionis
2825 1784 3132 1850 participes,
3186 1783 3240 1836 in
3291 1788 3466 1842 tribus

260 1846 500 1898 πτόντων
530 1850 936 1918 προσεύχεσθαι,
971 1854 1060 1904 καὶ
1091 1854 1207 1907 τότε
1242 1855 1485 1924 μετέχειν
1523 1856 1629 1908 τῶν
1657 1857 1802 1922 ἁγια-

2442 1829 2451 1830 ,
2542 1829 2585 1830 η
2825 1829 3132 1850 τη--.-ν-,.,.-,
3292 1829 3466 1842 ...υ-η

1917 1871 2090 1915 autem
2132 1865 2269 1926 aliis,
2314 1879 2434 1916 cum
2489 1867 2554 1919 iis
2588 1869 2677 1934 qui
2735 1869 2785 1920 iu
2832 1874 3187 1926 conversione
3225 1877 3467 1929 subster-

264 1938 502 2001 ιτμάτων.
550 1938 670 1991 Ἐπὶ
701 1941 758 1992 δὲ
800 1943 905 1994 τῶν
941 1945 1342 2014 σπουδαιότερον
1375 1947 1722 2016 κεχρημένων
1747 1949 1810 2017 τῇ

257 2028 593 2097 ἐπιστροφῇ,
648 2033 738 2084 καὶ
787 2032 861 2100 τῷ
911 2033 1008 2103 βίῳ
1066 2035 1381 2088 δεικνύντων
1420 2039 1515 2105 τὴν
1572 2037 1705 2105 πρὸς
1753 2039 1814 2091 τὸ

257 2114 461 2178 ἀγαθὸν
507 2117 792 2179 ἐπάνοδον,
841 2119 1012 2183 ἔξεστι
1059 2119 1134 2188 τῷ
1165 2121 1526 2190 οἰκονομοῦντι
1571 2122 1703 2190 πρὸς
1752 2122 1812 2173 τό

260 2206 535 2274 συμφέρον
553 2207 650 2277 τὴν
684 2208 1131 2276 ἱκκλησιαστικὴν
1166 2210 1471 2278 οἰκονομίαν
1493 2251 1505 2272 ,
1533 2214 1810 2278 συντεμετν

257 2293 348 2344 τὸν
383 2295 568 2361 χρόνον
608 2295 706 2362 τῆς
734 2297 1072 2364 ἀκροάσεως,
1103 2296 1193 2348 καὶ
1234 2299 1418 2365 τάχιον
1453 2299 1531 2360 είς
1561 2301 1810 2368 ἐπιστρο-

255 2380 364 2447 φὴν
392 2381 614 2446 ἀγαγεῖν
639 2421 651 2442 ,
703 2383 793 2432 καὶ
844 2383 999 2434 πάλιν
1047 2383 1137 2434 καὶ⁵
1167 2383 1350 2434 τοῦτον
1397 2389 1677 2454 ωντεμείν
1719 2386 1809 2438 τὸν

255 2470 446 2537 χρόνον
469 2507 484 2529 ,
523 2471 613 2521 καὶ
655 2471 834 2537 τάχιον
870 2471 1154 2524 ἀποδοῦναι
1185 2473 1280 2541 τὴν
1310 2477 1585 2528 κοινωνίαν
1611 2518 1625 2540 ,
1663 2479 1810 2541 ὅπως

255 2557 324 2608 ἂν
353 2559 415 2625 τῇ
451 2557 640 2610 ἑαυτοῦ
671 2558 956 2628 δοκιμασία
1000 2563 1218 2629 ὲκκρίνῃ
1254 2564 1350 2632 τὴν
1396 2563 1487 2615 τοῦ
1517 2564 1808 2632 θεραπευο-

254 2644 418 2708 μένου
449 2645 1006 2716 κατάστασιν.Ὥσπερ
1027 2648 1131 2717 γὰρ
1151 2649 1209 2700 τὸ
1239 2653 1348 2712 τοῖς
1371 2651 1568 2719 χοίροις
1596 2655 1806 2721 ῥίπτειν

251 2731 343 2782 τὸν
378 2733 713 2802 μαργαρίτην
741 2736 1070 2803 ἀπείρηται,
1103 2737 1242 2790 οὕτω
1263 2740 1323 2792 τὺ
1357 2743 1673 2812 ἀποστερεῖν
1714 2747 1804 2798 τοῦ

249 2820 436 2888 τιμίου
481 2822 814 2890 μαργαρίτου
847 2823 937 2874 τὸν
985 2823 1084 2891 ἤδη
1124 2824 1404 2894 ἄνθρωπον
1447 2831 1531 2882 διὰ
1573 2833 1671 2900 τῆς
1705 2851 1804 2885 κα-

252 2907 547 2975 θι-ῖρότητός
575 2925 631 2959 τε
661 2909 754 2961 καὶ
805 2910 1066 2972 ἀπαθείας
1111 2915 1391 2982 γενόμενον
1417 2957 1430 2981 ,
1458 2919 1561 2971 τῶν
1592 2923 1804 2975 ἀτόπων

251 2995 419 3048 ἐστίν.
468 2997 531 3048 Ἢ
572 2997 626 3049 δὲ
658 3000 796 3051 κατά
847 3002 1086 3068 μοιχείαν
1117 3003 1229 3071 ἦτοι
1266 3006 1354 3056 καὶ
1385 3008 1452 3058 τά
1482 3009 1642 3062 λοιπὰ
1688 3012 1800 3081 είδη

1915 1963 2140 2016 nuntur,
2198 1963 2505 2020 precentur,
2560 1967 2611 2008 et
2662 1967 2789 2010 tunc
2837 1961 2944 2012 sint
2998 1976 3461 2019 sacramentorum

1915 2044 2226 2111 participes.
2261 2048 2314 2096 in
2348 2047 2412 2098 iis
2436 2053 2612 2100 autem
2638 2050 2727 2115 qui
2750 2051 3074 2119 diligentiori
3109 2058 3466 2110 conversione

1915 2135 1997 2186 usi
2029 2132 2242 2196 fui-rint,
2277 2146 2327 2187 et
2354 2140 2460 2187 vita
2483 2176 2494 2193 .
2520 2139 2582 2190 ad
2614 2140 2662 2190 id
2687 2143 2828 2207 quod
2863 2143 3060 2194 bonum
3088 2154 3190 2206 est,
3230 2147 3460 2199 reditUm

1911 2224 2265 2287 ostenderint,
2323 2226 2445 2280 licet
2481 2228 2528 2280 ei
2579 2229 2667 2296 qui
2721 2231 3018 2298 dispensat,
3075 2249 3169 2300 pro
3210 2237 3463 2289 ecclesia-

1910 2318 2058 2369 sticae
2087 2319 2400 2371 oeconomiae
2439 2321 2683 2384 utilitate,
2727 2331 2937 2390 tempus
2985 2325 3276 2380 auditionTs
3329 2343 3464 2381 eun-

1909 2407 2140 2472 trahere,
2183 2416 2235 2460 et
2266 2409 2493 2462 celerius
2532 2409 2595 2462 ad
2632 2413 3037 2466 conversionem
3067 2415 3368 2471 deducere:
3408 2427 3462 2472 et

1908 2509 2100 2547 rursus
2127 2496 2227 2547 hoc
2253 2512 2468 2565 quoque
2500 2509 2711 2568 tempus
2742 2504 3079 2566 contrahere,
3131 2517 3185 2557 et
3228 2508 3459 2560 celerius

1908 2587 2341 2638 communionem
2387 2587 2626 2648 reddere.
2657 2601 2713 2643 ut
2736 2607 2830 2644 sua
2859 2593 3192 2659 probatione.
3226 2597 3346 2662 ejus
3371 2601 3458 2652 cui

1909 2675 2113 2729 medela
2155 2677 2459 2741 adhibetur,
2489 2680 2931 2734 constitutionem
2968 2682 3456 2749 dijudicet.Ouem-

1907 2766 2193 2819 admodum
2226 2770 2366 2822 enim
2400 2771 2578 2836 porcis
2605 2772 2922 2839 margaritas
2956 2773 3219 2840 projicere
3251 2785 3333 2828 est
3361 2792 3455 2832 ve-

1906 2855 2086 2916 titum,
2143 2856 2215 2908 ita
2263 2867 2313 2910 et
2357 2859 2588 2925 pretiosa
2632 2861 2917 2923 margarita
2953 2862 3162 2927 privare
3194 2879 3313 2915 eum
3364 2868 3453 2932 qui

1900 2942 2009 3010 jam
2040 2957 2137 3009 per
2162 2945 2536 2997 alienationem
2574 2961 2602 2996 ιι
2637 2947 2765 2998 vitio
2788 2956 2839 3000 et
2867 2951 3235 3016 purgationem
3295 2951 3456 3004 homo

1905 3029 1974 3081 sit
2009 3027 2203 3094 factus,
2237 3030 2529 3084 absurdum
2563 3042 2660 3085 est.
2697 3034 2824 3096 Quae
2862 3043 3040 3088 autem
3080 3036 3134 3089 in
3187 3037 3455 3090 adulterio

249 3085 349 3152 τῆς
387 3086 722 3157 ἀκαθαρσίας
755 3091 1013 3159 γενομένη
1037 3095 1377 3162 παρανομία,
1407 3099 1585 3160 καθὼς
1622 3102 1800 3171 προεί-

1905 3129 1957 3172 et
1993 3121 2043 3171 in
2090 3121 2309 3188 reliquis
2359 3122 2709 3177 innnunditia
2748 3126 3033 3192 generibus
3074 3126 3129 3178 fit
3173 3127 3454 3190 iniquitas,

252 3192 436 3244 ρηται,
475 3177 613 3228 κατά
645 3178 816 3229 πάντα
851 3181 905 3229 ὲν
939 3180 1013 3248 τῷ
1043 3181 1188 3249 αὑτῷ
1217 3185 1439 3252 κρίματι
1472 3189 1802 3263 θεραπευθήο

251 3279 425 3326 σεται,
461 3266 517 3316 ὲν
546 3258 589 3330 ᾧ
614 3266 706 3317 καὶ
729 3267 788 3319 τὸ
819 3267 915 3335 τῆς
950 3270 1199 3336 πορνείας
1237 3273 1365 3338 ἄγος
1390 3291 1402 3304 ⁸
1444 3276 1518 3344 τῷ
1554 3279 1606 3330 δὲ
1629 3258 1802 3352 χρόνω

247 3353 676 3414 διπλασιάζεται.
713 3356 1228 3426 Παρατηρηθήσεται
1262 3361 1316 3411 δὲ
1348 3365 1439 3413 καὶ
1477 3367 1559 3416 ἐπ’
1588 3369 1732 3436 αὐτῷ
1767 3373 1798 3439 ἡ

247 3439 342 3490 τοῦ
366 3441 793 3511 θεραπευομένου
826 3443 1090 3509 διάθεσις,
1126 3445 1183 3496 ὃν
1221 3450 1415 3518 τρόπον
1445 3452 1536 3502 καὶ
1572 3455 1660 3505 ἐπὶ
1693 3457 1799 3508 τῶν

247 3524 326 3595 τῷ
358 3528 612 3598 μολυσμῷ
653 3531 752 3599 τῆς
794 3534 1043 3601 πορνείας
1093 3537 1542 3604 συνενεχθέντων,
1574 3541 1711 3596 ὥστε
1764 3549 1795 3617 ἢ

248 3616 439 3669 Θᾶττον
473 3617 504 3688 ἥ
531 3620 848 3691 βραδύτερον
873 3624 1115 3682 γενέσθαι
1144 3629 1323 3689 αὐτοῖς
1357 3630 1452 3698 τὴν
1476 3631 1566 3684 τοῦ
1595 3616 1798 3702 ἀγαθοῦ

249 3710 554 3774 μετουσίαν.

272 3811 470 3866 ΒΔΛΣ.
518 3807 632 3862 Νῦν
673 3807 804 3876 περὶ
837 3805 946 3859 τῶν
985 3808 1043 3858 ὲν
1082 3806 1157 3872 τῷ
1202 3804 1585 3873 ἐπιθυμητικῷ
1632 3805 1786 3874 μέρει

218 3905 322 3966 τῆς
368 3899 546 3968 ψυχῆς
599 3898 884 3966 φυομένων
935 3894 1351 3964 ἁμαρτημάτων
1399 3893 1713 3960 διαλέγεται
1761 3895 1789 3947 ό

218 3989 410 4058 Πατὴρ
431 4025 445 4046 .
477 3987 598 4038 ὅθεν
630 3987 794 4053 φησιν
823 3979 963 4036 εἶναι
996 3984 1095 4052 τὴν
1128 3983 1383 4052 πορνείαν
1415 3983 1508 4034 καὶ
1538 3981 1636 4052 τὴν
1670 3999 1785 4050 μοι-

214 4080 392 4151 χείαν.
423 4080 517 4130 καὶ
549 4079 766 4143 ἐπάγει,
797 4077 878 4128 ὅτι
907 4075 1017 4126 τῶν
1048 4075 1458 4143 ἀκριϐεστέρων
1486 4075 1598 4126 τισὶ
1630 4075 1721 4125 καὶ
1754 4075 1786 4142 ἡ

1903 3218 1959 3262 ιιι
1994 3211 2193 3262 dictum
2231 3219 2332 3272 est,
2360 3211 2546 3264 eodem
2591 3212 2799 3278 judicio
2833 3217 3086 3281 punietur
3113 3232 3220 3283 quo
3257 3229 3306 3270 et
3340 3217 3452 3270 for-

1904 3300 2189 3351 nicationis
2223 3301 2419 3362 scelus,
2462 3300 2552 3353 sed
2595 3310 2833 3368 tempore
2886 3303 3266 3370 duplicabitur.
3297 3306 3353 3358 In
3386 3323 3451 3360 eo

1901 3399 2099 3446 autem,
2142 3390 2259 3454 ejus
2289 3389 2448 3440 etiam
2501 3391 2586 3442 cui
2639 3390 2842 3444 medela
2893 3393 3198 3455 adhibetur,
3240 3395 3450 3450 aﬂ‘ectio

1905 3476 2354 3537 considerabitur,
2381 3493 2487 3544 quo
2510 3479 2666 3532 modo
2695 3489 2747 3531 et
2783 3479 2834 3532 in
2871 3480 2938 3533 iis
2959 3483 3048 3549 qui
3079 3481 3452 3540 fornicationis

1905 3563 2309 3629 inquinamento
2345 3567 2617 3634 illaqueati
2664 3578 2810 3630 sunt,
2858 3579 2916 3621 ut
2943 3573 3019 3623 vel
3051 3573 3211 3627 citius
3239 3572 3320 3627 vel
3343 3581 3450 3630 tar-

1907 3652 2030 3708 dius
2047 3652 2127 3709 eis
2147 3657 2216 3708 sit
2240 3657 2362 3710 boni
2392 3657 2743 3724 participatio.

1977 3804 2138 3875 158
2171 3804 2365 3860 BALS.
2403 3806 2556 3862 Nunc
2585 3808 2649 3862 de
2682 3811 2936 3877 peccatis,
2966 3828 3086 3880 qua:
3134 3813 3187 3866 in
3227 3821 3467 3885 concupi-

1897 3897 2072 3948 scibili
2098 3899 2290 3951 animae
2313 3899 2566 3952 facultate
2593 3911 2913 3966 nascuntur,
2945 3902 3161 3958 disserit
3195 3903 3379 3974 Pater,
3409 3923 3472 3960 ex

1894 3986 2091 4049 quibus
2143 3988 2273 4040 dicit
2325 4002 2445 4043 esse
2495 3990 2816 4043 adulterium
2865 4003 2916 4045 et
2946 3992 3380 4059 fornicationem,
3414 4011 3469 4051 et

1898 4075 2197 4146 Sllbjllngil,
2235 4081 2376 4147 quod
2407 4081 2728 4149 quibusdam
2763 4083 3138 4137 subtilioribus
3186 4085 3472 4140 fornicatiu

199 4170 442 4240 -πορνεία
476 4167 690 4236 μοιχεία
722 4167 1001 4219 καλεῖται’
1035 4165 1166 4216 διότι
1198 4167 1230 4233 ἡ
1263 4165 1491 4234 νόμιμος
1525 4164 1668 4233 μίξις
1699 4166 1788 4217 ἀν-

1905 4179 2108 4231 quoque
2143 4178 2367 4220 vocatur
2393 4170 2716 4223 adulterium
2747 4189 2759 4224 :
2794 4175 2920 4240 quia
2975 4176 3150 4227 mariti
3187 4187 3240 4229 et
3288 4182 3472 4232 uxoris

211 4261 337 4331 δρὸς
376 4260 468 4311 καὶ
505 4257 761 4323 γυναικὸς
805 4256 905 4326 μέν
939 4259 1115 4320 ἐστιν,
1153 4257 1202 4307 εί
1232 4271 1284 4307 τι
1321 4255 1378 4306 δὲ
1416 4255 1602 4324 ἕτερον
1639 4254 1789 4322 παρά

210 4355 418 4422 ταύτην
453 4351 679 4417 γένηται
702 4389 715 4413 ,
755 4349 1073 4417 παράνομον
1107 4349 1165 4394 τε·
1198 4346 1443 4400 τοιοῦτον
1466 4385 1479 4410 ,
1517 4346 1608 4399 καὶ
1641 4347 1790 4406 ὅστις

214 4442 290 4513 μὴ
315 4443 393 4510 τῷ
424 4442 537 4509 ίδίῳ
563 4441 846 4509 κέχρηται,
877 4437 1142 4505 ἀλλοτρίῳ
1169 4437 1389 4505 χρῆται.
1420 4437 1535 4488 Πᾶν
1559 4437 1613 4489 δὲ
1640 4436 1666 4487 δ
1691 4435 1789 4487 οὐκ

212 4533 348 4586 ἴδιόν
374 4531 490 4583 ὲστί
519 4548 645 4593 τινι,
679 4529 837 4581 τοῦτο
867 4528 1164 4598 ἀλλότριον,
1201 4527 1302 4579 κᾶν
1340 4529 1415 4596 μὴ
1445 4529 1541 4598 ἔχῃ
1571 4529 1662 4579 τὸν
1692 4545 1788 4579 κυ-

215 4621 484 4692 ριεύοντα.
513 4618 622 4670 Καὶ
645 4618 730 4670 διὰ
758 4617 915 4669 τοῦτο
941 4617 1009 4682 οὐ,
1029 4617 1217 4685 πόρρω
1245 4617 1391 4678 ἔδοξε
1418 4620 1516 4684 τῆς
1546 4617 1789 4685 μοιχείας

210 4715 304 4766 καὶ
353 4713 386 4779 ἡ
433 4711 681 4779 πορνεία,
723 4709 908 4760 Ταῦτά
947 4724 1112 4776 φησιν
1156 4710 1183 4757 ό
1231 4707 1382 4772 άγιος
1429 4705 1572 4759 οὓτω
1619 4724 1788 4759 κατα-

213 4802 579 4865 σκευάζεσθαι
615 4800 765 4869 παρά
800 4799 907 4850 τῶν
941 4800 1034 4849 καὶ
1068 4797 1164 4865 τὴν
1198 4797 1454 4866 πορνείαν
1489 4800 1566 4860 εἰς
1595 4798 1656 4849 τὸ
1688 4799 1787 4866 τῆς

213 4892 460 4961 μοιχείας
487 4892 870 4957 ἀναγαγόντων
894 4890 1195 4957 ἁμάρτημα
1218 4905 1231 4918 ·
1261 4891 1374 4950 τοῖς
1397 4888 1449 4940 δὲ
1473 4889 1788 4940 ἀσθενεστέ-

213 5002 329 5054 ροις
355 4984 461 5035 τῶν
489 4983 910 5053 ἁμαρτανόντων
937 4981 1186 5047 γενέσθαι
1213 4982 1335 5031 τινὰ
1365 4982 1514 5051 παρά
1541 4980 1647 5032 τῶν
1678 4983 1786 5033 lla-

208 5077 388 5145 rspwv
412 5074 558 5140 λέγει
588 5071 1028 5142 συμπεριφορὰν,
1054 5072 1219 5140 ἡγουν
1243 5072 1554 5140 οίκονομίας
1581 5088 1786 5138 συγκα-

207 5167 456 5220 τάδασιν.
501 5165 772 5233 Εῖληπται
819 5165 874 5216 δὲ
923 5165 954 5232 ὴ
999 5163 1145 5229 λέξις
1187 5165 1250 5214 ὲκ
1294 5163 1401 5213 τῶν
1443 5162 1780 5231 Παροιμιῶν.

205 5261 346 5327 Φησὶ
378 5261 484 5328 γάρ
513 5259 540 5310 ό
574 5257 831 5324 Σαλομῶν
864 5258 919 5306 ὲν
950 5256 1138 5316 αὑταῖς
1163 5272 1176 5284 ·
1218 5255 1274 5307 Ὀ
1302 5253 1387 5322 μὴ
1421 5269 1782 5322 συμπεριφε-

179 5345 458 5424 ’ίόμενος
483 5348 560 5413 τῷ
585 5348 804 5402 ἑαυτοῦ
835 5347 978 5412 οἴκῳ
1005 5346 1450 5414 κληρονομήσει
1479 5347 1738 5414 ἀνέμους
1764 5367 1777 5380 ο

194 5447 296 5500 xxi.
327 5441 693 5508 διακριθῆναι,
727 5441 848 5491 ἀντὶ
876 5438 967 5490 τοῦ
1000 5438 1356 5508 διαιρεθῆναι,
1388 5439 1446 5491 τὸ
1478 5440 1779 5507 ἁμάρτημα

193 5536 300 5601 τῆς
332 5530 572 5597 ἀθέσμου
608 5531 801 5596 μίξεως
824 5545 836 5557 ·
873 5529 964 5579 καὶ
997 5529 1251 5594 πορνείαν
1287 5529 1383 5597 μὲν
1414 5527 1779 5596 ὀνομασθῆναι

278 5713 293 5741 ¹
322 5708 482 5762 Prov.
521 5723 593 5773 τι,
633 5707 723 5761 ‘29.

1896 4257 2068 4308 coitus
2090 4256 2361 4324 legitimus
2389 4272 2511 4320 est;
2567 4261 2660 4312 sed
2692 4263 2734 4314 si
2768 4263 2894 4328 quid
2949 4263 3039 4317 fiat
3075 4266 3217 4319 aliud
3273 4282 3472 4336 praeter

1891 4346 2109 4408 cuiu,id
2154 4357 2236 4399 est
2261 4347 2521 4415 injustum
2563 4360 2618 4404 et
2639 4350 2850 4420 legibus
2889 4356 3466 4429 contrarium,etqui-

1889 4448 2104 4498 eunque
2131 4449 2238 4486 non
2269 4437 2436 4487 utitur
2480 4442 2720 4506 proprio,
2746 4441 2918 4493 utitur
2943 4444 3144 4498 alieno.
3176 4445 3470 4509 Quodcun-

1889 4541 1998 4594 que
2026 4541 2151 4580 vero
2178 4527 2349 4580 cuivis
2374 4544 2477 4580 non
2515 4541 2596 4582 est
2623 4533 2924 4600 proprium.
2950 4534 3078 4588 illud
3101 4536 3334 4589 alienum
3361 4550 3466 4602 est,

1891 4618 2100 4671 etiamsi
2133 4619 2406 4671 dominum
2445 4634 2549 4672 non
2592 4622 2807 4676 habeat.
2848 4622 2912 4677 Et
2955 4637 3240 4693 propterea
3292 4626 3465 4682 forni-

1887 4710 2030 4761 catio
2067 4723 2168 4760 non
2207 4708 2361 4777 longe
2412 4710 2597 4764 abesse
2629 4712 2739 4764 visa
2771 4722 2853 4766 est
2896 4716 2961 4768 ab
3000 4720 3284 4771 adulterio.
3338 4717 3463 4774 Haec

1887 4799 2014 4850 dicit
2050 4797 2268 4852 saucius
2316 4801 2384 4851 ita
2440 4803 2605 4854 astrui
2659 4803 2724 4853 ab
2771 4804 2856 4866 iis,
2911 4807 2998 4872 qui
3054 4807 3475 4863 fornicationem

1887 4890 1952 4940 ad
1982 4890 2224 4942 auulterii
2256 4903 2531 4957 peccatum
2569 4893 2826 4946 reducunt
2855 4911 2868 4945 :
2927 4895 3335 4952 imbecillior-nm
3372 4915 3468 4951 au-

1889 4991 1989 5032 tem
2045 4990 2387 5047 peccatorum
2447 4979 2615 5034 fuisse
2659 4982 2889 5050 aliquant
2946 4983 3196 5039 Patribus
3253 5005 3464 5056 συμπε-ο

1888 5070 2144 5154 ριφορὰν,
2201 5070 2312 5122 sive
2367 5072 2681 5123 (Bconomia:
2730 5074 3246 5129 condcsceusionem
3302 5081 3455 5131 dicit.

1887 5157 2128 5224 Sumitur
2159 5168 2334 5213 autem
2389 5162 2552 5212 dictio
2582 5176 2645 5212 ex
2698 5159 3024 5216 Pruvvrbiis.
3065 5165 3199 5218 Dicit
3231 5169 3372 5218 enim
3407 5170 3456 5220 in

1885 5253 1963 5304 eis
2013 5252 2288 5315 Salomon,
2347 5256 2374 5304 ό
2428 5253 2501 5320 μὴ
2548 5253 3086 5322 συμπεριφερόμενος
3139 5254 3216 5324 τῷ
3261 5257 3468 5310 ἑαυτοῦ·

1883 5345 2035 5413 οἴκῳ,
2073 5346 2171 5398 hoc
2197 5357 2299 5404 est,
2337 5345 2440 5407 Qui
2478 5350 2658 5396 domus
2689 5361 2799 5397 sua:
2824 5361 3004 5397 curam
3037 5362 3137 5398 non
3170 5351 3320 5415 gerit,
3352 5349 3467 5403 Ιιιεα

1885 5437 2122 5487 rediuwi't
2157 5448 2329 5488 remos
2356 5437 2396 5499 ’;
2434 5445 2486 5489 et
2522 5445 2800 5503 peccatum
2837 5437 3094 5506 illegitimi
3128 5439 3299 5492 coitus
3339 5443 3458 5495 ess‘c

1889 5527 2196 5578 uisum-ina:
2251 5544 2342 5578 seu
2400 5526 2668 5590 divisum;
2707 5538 2753 5580 et
2791 5526 3200 5581 fornicationem
3235 5530 3452 5593 qunlem
