4096 6516
220 387 322 453 873

960 391 1039 454 ΙΝ
1073 391 1313 452 EPIST.
1348 390 1410 450 S.
1451 388 1830 450 GREGORII
1872 389 2195 453 NYSSENI
2224 395 2322 453 AD
2357 393 2722 454 LETOIUM.

3354 390 3458 450 874

222 508 452 575 ὦρισται
477 524 490 537 ·
528 507 805 562 κάνταῦθα
839 508 894 561 δὲ
929 509 988 560 τὸ
1023 509 1310 577 συειτεμεῖν
1343 505 1433 559 τὸν
1468 508 1656 577 χρόνον
1690 505 1784 558 τοῦ

1925 507 2181 563 iefinitum
2222 509 2275 562 in
2325 509 2710 573 fornicatione,
2744 508 3068 564 sexennium
3103 508 3156 562 in
3199 507 3463 562 adulleno

225 597 532 666 ἐπιτιμίου,
566 596 598 667 ἢ
632 598 887 666 αὐξῆσαι,
914 599 1009 651 τοῦ
1038 599 1450 670 οίκονομούντος
1479 600 1544 667 τῇ
1577 597 1789 663 διακρί-

230 703 308 736 σει
336 688 463 749 τοὺς
494 689 551 740 ἐν
585 689 841 757 μετανοίᾳ
867 686 1093 741 δίδωσιν.
1460 673 1468 678 ⁸

835 897 1076 951 ΚΑΝΩΝ
1106 898 1180 949 E'.

302 1003 559 1055 Δείπεται
585 1001 718 1069 πρὸς
740 997 946 1060 τούτοις
965 998 1024 1050 τὸ
1039 995 1315 1068 θυμοειδὲς
1342 997 1437 1066 τῆς
1455 997 1631 1067 ψυχῆς
1656 1015 1788 1070 προ-

231 1092 405 1145 θεῖναι
438 1092 516 1150 είς
560 1089 818 1154 ἐξέτασιν,
865 1088 990 1139 ὅταν
1015 1085 1425 1155 παρασφαλεῖσα
1453 1086 1548 1155 τῆς
1584 1086 1791 1156 ἀγαθῆς

229 1178 328 1231 τοῦ
374 1179 543 1248 θυμοῦ
583 1180 855 1249 χρήσεως,
889 1179 967 1238 εἰς
1001 1174 1268 1243 ἁμαρτίαν
1297 1174 1520 1244 ἐκπέσῃ.
1580 1176 1791 1229 Πολλῶν

230 1282 294 1318 τε
323 1266 489 1319 ὄντων
521 1265 661 1319 κατὰ
676 1265 842 1334 θυμὸν
859 1266 937 1327 είς
961 1264 1227 1333 ἁμαρτίαν
1253 1263 1676 1331 ἐνεργουμένων,
1699 1269 1790 1318 καὶ

233 1358 453 1410 πάντων
479 1356 683 1422 κακῶν,
726 1355 888 1424 ῆρεσέ
916 1371 1030 1416 πως
1071 1356 1181 1415 τοῖς
1225 1352 1499 1422 ιιατράσιν
1528 1353 1699 1422 ἡμῶν,
1733 1358 1790 1407 ἐν

230 1450 347 1507 τοῖς
389 1447 566 1508 ἄλλοις
603 1445 674 1516 μὴ
725 1444 842 1498 λίαν
885 1441 1371 1513 ἀκριὸολογεῖσθαι.
1420 1442 1554 1511 μηδέ
1596 1443 1792 1514 πολλῆς

232 1539 384 1602 ἀξιον
417 1538 660 1608 ἡγεῖσθαι
690 1536 941 1604 σπουδῆς,
975 1535 1035 1587 τὸ
1072 1533 1389 1602 θεραπεύειν
1427 1533 1603 1586 πάντα
1631 1533 1699 1587 τὰ
1730 1537 1792 1588 ἐκ

233 1628 409 1697 θυμοῦ
435 1628 850 1696 παραπτώματα
869 1641 881 1653 ·
921 1624 1013 1676 καί
1041 1623 1122 1677 τοί
1152 1641 1219 1691 γε
1238 1624 1332 1692 τῆς
1358 1623 1594 1693 Γραφῆς,
1620 1622 1680 1676 ού
1710 1627 1800 1694 μό-

232 1732 325 1769 νον
366 1713 688 1786 τὴν⁶ψυχὴν
727 1712 1169 1782 ἀπαγορευούσης
1219 1711 1428 1780 πληγήν
1457 1726 1469 1739 ·
1519 1711 1651 1764 ἀλλὰ
1702 1714 1796 1765 καὶ

234 1806 418 1857 πᾶσαν
449 1805 732 1873 λοιδορίαν,
777 1801 810 1871 ἢ
845 1802 1205 1870 βλασφημίαν,
1245 1799 1336 1852 καὶ⁸
1365 1800 1417 1852 εί
1447 1817 1499 1851 τι
1528 1801 1653 1853 ἄλλο
1685 1819 1796 1856 τοι-

231 1893 392 1947 οὖτον
420 1897 447 1946 ό
482 1893 646 1962 θυμὸς
683 1890 1079 1960 ἀπεργάζεται·
1128 1890 1283 1958 μόνον
1309 1890 1365 1942 δὲ
1402 1891 1493 1943 τοῦ
1528 1892 1666 1945 κατὰ
1706 1894 1830 1946 τδν’

237 1987 399 2056 φόνον
426 1987 588 2052 ἄγους
625 1985 722 2053 τὴν
753 1982 1142 2052 παραφυλακὴν
1186 1983 1523 2052 ἐποιήσαντο,
1569 1983 1656 2036 διὰ
1689 1983 1796 2035 τῶν

237 2074 545 2144 ἐπιτιμίων.
579 2072 835 2144 Διῄρηται
861 2069 916 2124 δὲ
945 2072 1005 2124 τι
1038 2070 1270 2124 τοιοῦτον
1297 2071 1460 2124 κακὸν
1484 2076 1547 2142 τῇ
1569 2074 1797 2144 διαφορᾷ

236 2165 334 2219 τοῦ
367 2164 612 2219 ἑκουσίου
653 2181 712 2216 τε
758 2163 851 2217 καὶ
891 2163 1165 2224 ἀκουσίου,
1199 2163 1255 2215 ἐν
1283 2158 1362 2225 οἷς
1411 2163 1651 2225 ἑκούσιος
1702 2165 1798 2231 μέν

238 2258 357 2309 ἐστι
386 2258 558 2324 φόνος.
596 2255 814 2325 Πρῶτον
839 2254 954 2324 μέν,
996 2256 1024 2306 ό
1060 2254 1122 2306 ἐκ
1155 2253 1501 2322 παρασκευῆς
1533 2253 1796 2322 τετολμη-

243 2347 404 2416 μένος
430 2346 522 2398 τοῦ
545 2347 622 2408 είς
647 2346 775 2398 αὐτὸ
804 2345 956 2398 τοῦτο
983 2343 1458 2414 εὐτρεπισαμένου,
1485 2344 1629 2406 ὅπως
1649 2343 1713 2395 ἂν
1739 2343 1798 2396 τὸ

240 2439 373 2504 ἄγος
394 2438 707 2506 ἐργάσηται.
730 2437 956 2488 Ἔπειτα
969 2434 1024 2487 δέ
1050 2436 1295 2497 κάκεῖνος
1326 2436 1382 2486 ἐν
1404 2438 1513 2496 τοῖς
1535 2435 1799 2497 ἑκουσίοις

243 2526 523 2595 ἐνομίσθη,
545 2527 669 2577 ὅταν
687 2543 769 2586 τις
801 2526 856 2577 ἐν
875 2525 1154 2594 συμπλοκῇ
1193 2526 1281 2576 καὶ
1309 2525 1473 2594 μάχῃ,
1497 2525 1708 2576 τύπτων
1741 2542 1797 2575 τε

243 2615 342 2668 καὶ
367 2615 713 2683 τυπτόμενος,
728 2613 922 2682 ἐνέγκῃ
944 2613 1080 2665 κατά
1098 2631 1240 2674 τινος
1263 2614 1474 2682 καιρίου
1491 2614 1585 2682 τὴν
1601 2613 1689 2665 διὰ
1705 2614 1799 2682 τῆς

243 2702 426 2774 χειρὸς
456 2703 686 2772 πληγήν.
721 2704 780 2754 '0
799 2702 905 2772 γὰρ
928 2701 1071 2766 ἅπαξ
1095 2701 1171 2770 τῷ
1191 2700 1345 2770 θυμῷ
1374 2703 1681 2772 κρατηθεὶς,
1710 2703 1801 2753 καὶ

245 2794 314 2861 τῇ
344 2793 484 2861 ὁρμῇ
525 2791 623 2860 τῆς
660 2792 824 2862 ὀργῆς
853 2791 1219 2863 χαριζόμενος,
1255 2791 1403 2841 οὐδὲν
1440 2789 1504 2841 ἂν
1535 2790 1683 2858 παρᾶ
1716 2791 1802 2840 τὸν

253 2877 439 2946 καιρὸν
468 2877 561 2930 τοῦ
585 2879 784 2941 πάθους
804 2880 910 2930 τῶν
935 2878 1196 2946 ἀνακόψαι
1227 2876 1286 2928 τὸ
1311 2876 1473 2929 κακὸν
1497 2875 1804 2943 δυναμένων

250 2967 348 3018 ἐπὶ
373 2965 495 3018 νοῦν
522 2964 694 3014 λάὸοι.
741 2962 897 3012 Ὥστε
929 2959 1019 3013 καὶ
1040 2962 1112 3012 τε
1126 2961 1188 3012 ἐκ
1214 2961 1308 3027 τῆς
1319 2976 1484 3028 ,συμπ
1513 2958 1646 3026 οκῆς
1677 2959 1803 3009 ἀπο·

255 3051 496 3118 τέλεσμα
521 3049 614 3101 τοῦ
651 3049 830 3116 φόνου,
871 3051 949 3110 είς
974 3047 1129 3117 ἔργον
1165 3047 1549 3116 προαιρέσεως,
1589 3047 1679 3100 καὶ
1712 3047 1811 3099 οὐκ

256 3142 341 3202 είς
363 3139 656 3207 ἀποτυχίαν
681 3138 956 3204 ἀνάγεται.
985 3138 1045 3188 Οἱ
1069 3137 1122 3187 δὲ
1147 3136 1383 3188 ἀκούσιοι
1407 3136 1611 3206 φανερὰ
1632 3135 1810 3204 ἔχουσι

1907 614 1963 659 et
1996 602 2223 674 reliquis
2256 604 2543 658 deﬁnitum
2577 613 2684 658 est.
2722 602 2892 658 Porro
2931 602 3018 656 hic
3049 615 3261 670 quoque
3292 615 3465 671 paena:

1908 708 2119 763 tempus
2161 698 2503 760 contrahere,
2533 696 2614 749 vel
2646 709 2866 764 augere,
2911 694 3048 763 ejus,
3077 693 3167 762 qui
3197 693 3468 761 paeniten-

1909 789 2035 841 tiam
2085 798 2308 857 agentes
2340 789 2636 857 dispensat,
2667 786 2873 853 judicio
2901 786 3170 856 relinquit.

2517 902 2742 959 CANON
2786 903 2844 956 V.

1977 994 2162 1050 Restat
2216 997 2282 1050 ad
2326 997 2439 1051 haec
2501 1007 2556 1049 ut
2617 999 2940 1051 irascentem
3001 997 3193 1050 anima:
3255 1005 3460 1064 partem

1909 1088 2318 1142 examinandam
2357 1104 2744 1157 pl’OPOIIfllllllS,
2780 1091 2997 1158 quando
3044 1091 3189 1158 lapsa
3243 1106 3271 1142 a
3329 1091 3468 1142 bono

1905 1180 1998 1231 ἰιτιι
2079 1194 2177 1233 usu
2266 1180 2320 1233 in
2408 1191 2687 1249 peccatum
2773 1181 3052 1236 ceciderit.
3146 1180 3281 1235 Cum
3371 1195 3469 1233 au-

1916 1278 2022 1322 tem
2064 1272 2234 1323 multa
2293 1269 2402 1320 sint
2452 1281 2571 1334 qua:
2619 1280 2712 1334 per
2763 1267 2898 1318 iram
2961 1264 3095 1318 fiunt
3149 1272 3366 1331 peccata
3417 1273 3469 1316 et

1920 1360 2095 1416 omnis
2133 1357 2344 1427 generis
2380 1358 2542 1416 mala,
2587 1355 2790 1422 placuit
2821 1355 3073 1407 omnibus
3120 1353 3320 1406 nostris
3369 1351 3472 1404 Pa-

1921 1450 2094 1503 tribus
2167 1449 2218 1501 in
2281 1446 2402 1500 aliis
2473 1445 2691 1515 quidem
2744 1460 2848 1496 non
2915 1444 3138 1496 nimium
3202 1443 3470 1497 subtiliter

1920 1554 2098 1610 agere,
2135 1553 2235 1592 nec
2268 1536 2495 1590 nimium
2533 1537 2585 1589 in
2618 1551 2681 1589 eo
2730 1536 2893 1589 studii
2927 1548 3209 1603 opemque
3249 1547 3467 1602 ponere,

1931 1638 1988 1684 ut
2013 1629 2191 1684 omnia
2224 1643 2342 1696 quae
2367 1643 2432 1682 ex
2468 1626 2545 1679 ira
2578 1633 2928 1679 nascerentur
2957 1624 3149 1678 delicta
3181 1630 3468 1687 curarent;

1923 1718 2171 1790 quamvis
2208 1715 2487 1785 Scriptura
2541 1731 2649 1768 non
2696 1715 2867 1767 solum
2922 1713 3119 1766 vulnus
3168 1697 3468 1780 prohibeat,

1925 1810 2018 1864 sed
2046 1809 2209 1863 etiam
2235 1822 2394 1860 omne
2435 1806 2739 1860 convicium
2777 1804 2854 1856 vel
2890 1802 3254 1864 maledictum,
3315 1808 3367 1854 et
3425 1803 3471 1854 si

1923 1896 2049 1966 quid
2083 1896 2227 1948 aliud
2273 1893 2536 1962 ejusmodi
2570 1894 2642 1946 ita
2695 1891 2898 1956 ellicrt;
2936 1890 3027 1944 sed
3084 1891 3252 1944 solam
3311 1889 3474 1941 caedis

1924 1985 2229 2038 cautionem
2288 1985 2402 2038 suis
2458 1983 2638 2053 pennis
2711 1981 3148 2034 introduxerunt.
3208 1977 3475 2031 Dividitur

1923 2083 2100 2127 autem
2135 2073 2236 2126 hoc
2266 2073 2499 2137 malum,
2528 2071 2824 2125 differentia
2858 2070 3174 2124 voluntariae
3227 2079 3279 2122 et
3318 2068 3473 2121 invo-

1924 2167 2207 2220 luntarite:
2265 2171 2320 2218 et
2372 2173 2458 2218 est
2513 2163 2686 2216 caedes
2721 2160 2936 2230 quidem
2973 2158 3302 2220 voluntaria,
3352 2171 3474 2224 qua:

1925 2256 2292 2327 praemeditate
2351 2261 2605 2323 suscepta
2660 2261 2742 2306 est
2780 2251 2847 2305 ab
2905 2266 2970 2305 eo
2999 2250 3090 2319 qui
3153 2264 3210 2304 se
3244 2248 3310 2301 ad
3371 2247 3474 2300 hoc

1923 2353 2327 2415 comparaverat
2357 2353 2415 2398 ut
2477 2346 2581 2397 hoc
2610 2343 2822 2398 facinus
2859 2350 3212 2410 perpetraret.
3273 2340 3474 2394 Deinde

1924 2437 2054 2490 illud
2084 2451 2302 2504 quoque
2334 2434 2387 2487 in
2418 2434 2737 2487 voluntariis
2766 2431 3134 2486 existimatum
3163 2438 3267 2492 est,
3297 2444 3473 2499 quan-

1923 2527 2149 2595 d0‘quis
2191 2527 2245 2578 in
2305 2539 2596 2592 congressu
2661 2523 2952 2578 verberans
3017 2530 3070 2575 et
3128 2521 3468 2582 verberatus.

1925 2630 2084 2668 manu
2136 2614 2345 2682 plagam
2378 2611 2705 2666 mortiferam
2768 2610 3031 2665 intulerit.
3068 2610 3170 2674 Qui
3209 2608 3352 2663 enim
3392 2609 3472 2662 ira

1925 2703 2089 2756 semel
2117 2703 2294 2754 victus
2343 2708 2513 2761 est,et
2560 2700 2726 2753 animi
2774 2700 3092 2768 appetitioni
3139 2699 3302 2762 cedit,
3324 2697 3471 2752 cnihil

1925 2806 2110 2845 eorum
2141 2805 2260 2858 quae
2296 2790 2493 2842 malum
2541 2797 2761 2856 possent
2811 2798 3111 2858 amputare,
3145 2789 3194 2843 ei
3228 2791 3283 2842 in
3319 2803 3468 2841 men—

1924 2883 2032 2929 tem
2060 2877 2222 2930 venit.
2258 2877 2433 2941 Quare
2458 2887 2509 2931 et
2543 2877 2652 2930 illic
2683 2893 2895 2947 quoque
2930 2882 3018 2949 qui
3073 2897 3137 2935 ex
3189 2884 3464 2932 concerta-

1920 2949 2070 3003 tione
2105 2951 2377 3018 profectus
2401 2958 2504 3016 cst,
2547 2952 2712 3007 caedis
2736 2962 2983 3017 eventus,
3027 2956 3081 3008 in
3130 2957 3327 3009 factum
3374 2973 3463 3010 vo-

1924 3040 2239 3099 luntarium,
2271 3053 2376 3092 non
2433 3041 2485 3093 in
2520 3055 2706 3094 casum
2743 3043 3042 3098 confertur.
3093 3044 3468 3099 lnvoluntaria:

1923 3136 2100 3180 autem
2137 3129 2335 3181 habent
2374 3131 2657 3184 manifesta
2712 3131 2933 3195 indicia,
2965 3133 3184 3201 quando
3214 3135 3335 3202 quis
3366 3135 3466 3186 ali-

254 3227 331 3280 τὰ
358 3227 739 3295 γνωρίσματαο
779 3227 905 3278 ὅταν
949 3241 1030 3285 τις
1060 3223 1192 3292 πρὸς
1223 3223 1404 3293 ἔτερόν
1432 3239 1483 3274 τι
1512 3222 1607 3290 τὴν
1646 3237 1809 3273 σπουο

1925 3216 2009 3269 cui
2042 3217 2194 3271 alteri
2223 3219 2296 3272 rei
2326 3220 2562 3273 studium
2597 3223 2892 3289 applicans,
2925 3238 3054 3278 casu
3087 3224 3465 3293 gravissimum

255 3317 362 3385 δὴν
402 3316 569 3384 ἔχων,
609 3314 668 3378 ἐξ
701 3313 991 3382 ἀποτυχίας
1021 3329 1072 3363 τι
1119 3311 1224 3362 τῶν
1264 3310 1568 3380 ἀνηκέστων
1616 3309 1805 3379 δράσῃ.

270 3404 397 3455 Ἐπὶ
436 3402 634 3454 τούτων
680 3401 856 3453 τοίνυν
900 3403 928 3452 ό
975 3399 1070 3467 μὲν
1117 3398 1290 3466 φόνος,
1333 3399 1410 3460 είς
1459 3397 1807 3467 τριπλασίονα

257 3491 450 3562 χρόνον
487 3491 879 3560 παρατείνεται,
915 3491 1024 3550 τοῖς
1057 3487 1120 3539 δι’
1154 3489 1480 3555 ἐπιστροφῆς
1513 3485 1808 3554 θεραπευο-

263 3581 448 3650 μένοις
473 3581 529 3632 τὺ
560 3579 799 3631 ἐκούσιον
824 3578 972 3642 ἄγος.
1016 3575 1304 3642 Τρισεννὲα
1337 3576 1442 3641 γάρ
1471 3576 1601 3624 εἰσιν
1635 3575 1799 3624 ἐνιαυο

259 3671 367 3732 τοὶ,
402 3668 518 3720 καθ’
547 3669 771 3720 ἑκαστον
819 3664 1016 3734 βαθμὸν
1045 3664 1139 3730 τῆς
1167 3663 1376 3723 ἐννάδος
1404 3661 1508 3713 τῶν
1539 3661 1671 3712 ἐτῶν
1701 3664 1812 3729 δρι-

263 3758 502 3826 σθείσης,
530 3756 666 3809 ὥστε
696 3758 751 3807 ἐν
785 3756 880 3823 μὲν
907 3755 982 3822 τῷ
1012 3753 1256 3805 παντελεῖ
1273 3751 1575 3822 ἀφορισμῷ,
1594 3753 1809 3820 ἐνναετή

260 3848 454 3918 χρόνον
500 3844 832 3913 διαγενέσθαι
879 3841 1266 3911 ἀπειργόμενον
1307 3840 1403 3908 τῆς
1463 3839 1807 3908 Ἑκκλησίας⁸

261 3940 401 3994 ἄλλα
440 3939 494 3990 δὲ
543 3936 775 3989 τοσαῦτα
818 3934 910 4002 ἔτη
958 3935 1013 3984 ἐν
1045 3935 1108 4001 τῇ
1157 3931 1410 4000 ἀκροάσει
1463 3933 1808 4000 παραμεῖναι,

265 4029 436 4098 μόνης
455 4027 559 4078 τῶν
585 4023 911 4078 διδασκάλων
943 4022 1033 4074 καὶ
1073 4023 1167 4090 τῆς
1200 4022 1306 4073 τῶν
1347 4020 1576 4091 Γραφῶν
1614 4018 1814 4088 ἀκροάο

265 4134 428 4180 σεως,
483 4116 574 4167 καὶ
607 4112 742 4184 μετὰ
776 4115 872 4180 τῆς
903 4109 995 4163 τοῦ
1045 4110 1173 4162 λαοῦ
1204 4109 1505 4170 συστάσεως
1565 4108 1813 4176 ἀξιούμε-

264 4225 388 4268 νον,
438 4206 494 4257 ἐν
525 4205 578 4256 δὲ
619 4203 775 4274 τρίτῃ
821 4202 1030 4265 ἐννὰδι,
1093 4197 1227 4268 μετὰ
1265 4199 1368 4251 τῶν
1411 4196 1816 4261 ὑποπιπτόντων

268 4299 331 4351 ὲν
388 4298 451 4364 τῇ
525 4296 816 4362 ἐπιστροφῇ
891 4287 1353 4360 προσευχόμενον,
1408 4287 1576 4349 οὕτως
1646 4287 1816 4340 ἐλθεῖν

268 4387 366 4439 ἐπὶ
421 4385 518 4455 τὴν
581 4380 861 4452 μετουσίαν
903 4380 994 4433 τού
1048 4381 1380 4448 ἁγιασματος
1409 4395 1424 4409 ο
1486 4377 1681 4447 δηλαδὴ
1725 4378 1819 4430 καὶ

273 4475 370 4526 ἐπὶ
407 4472 497 4524 τού
534 4467 789 4531 τοιούτου,
833 4469 864 4537 ἡ
903 4466 1037 4535 αὑτὴ
1085 4466 1449 4534 προστήρησις
1482 4465 1628 4516 ἔσται
1671 4464 1819 4533 παρὰ

1923 3306 2138 3373 aliquod
2166 3308 2362 3360 malum
2397 3312 2707 3378 patraverit.
2739 3310 2794 3364 in
2842 3312 2924 3366 his
2964 3328 3112 3382 ergo,
3140 3313 3313 3367 caedes
3347 3316 3469 3382 qui-

1922 3392 2042 3446 dem
2077 3394 2130 3447 in
2163 3397 2356 3464 triplex
2389 3404 2600 3466 tempus
2628 3401 2937 3454 extenditur
2985 3402 3051 3456 iis
3101 3403 3190 3470 qui
3223 3417 3318 3470 per
3346 3417 3469 3457 can-

1922 3483 2227 3537 versionem
2264 3487 2570 3540 voluntario
2606 3487 2834 3540 facinori
2881 3489 3180 3542 remedium
3214 3489 3463 3544 afferunt.

1924 3570 2028 3622 Ter
2059 3587 2247 3626 novem
2279 3575 2440 3628 etiam
2474 3584 2600 3629 sunt
2656 3577 2806 3641 anni,
2870 3578 3163 3631 novenario
3202 3593 3466 3632 annorum

1925 3670 2147 3711 numero
2181 3660 2235 3712 in
2268 3674 2590 3731 unoquoque
2624 3665 2791 3732 gradu
2826 3665 3106 3733 praefinito,
3156 3676 3214 3720 ut
3256 3668 3306 3720 in
3344 3684 3465 3737 per-

1929 3745 2062 3798 fecta
2125 3748 2342 3815 quidem
2383 3756 2748 3821 segregatione
2791 3769 2980 3809 novem
3034 3772 3296 3810 annorum
3335 3767 3469 3810 tem-

1927 3851 2054 3902 porc
2087 3848 2327 3892 versetur
2363 3841 2430 3894 ab
2468 3841 2702 3897 Ecclesia
2731 3845 3034 3912 prohibitus
3061 3863 3075 3910 ;
3126 3847 3261 3902 alios
3289 3856 3464 3902 autem

1927 3933 2006 3979 tot
2037 3942 2206 3983 annos
2239 3930 2291 3982 in
2338 3931 2612 3986 auditione
2660 3944 2989 4001 permaneat.
3033 3937 3146 3989 sola
3185 3938 3464 3990 doctorum

1926 4025 1980 4069 et
2028 4017 2425 4086 Scripturarum
2477 4023 2750 4077 auditione
2788 4032 2838 4078 et
2872 4027 3283 4080 conversatione
3342 4042 3465 4079 cum

1928 4109 2123 4176 populo
2150 4108 2344 4177 dignus
2381 4111 2617 4176 habitus,
2643 4114 2696 4166 in
2733 4114 2892 4167 tertio
2947 4124 3123 4169 autem
3176 4117 3470 4169 novenario

1927 4211 2048 4250 cum
2072 4199 2360 4254 substratis
2391 4202 2442 4254 in
2476 4205 2834 4257 conversione
2873 4218 3054 4266 orans,
3095 4214 3151 4258 ut
3193 4207 3466 4274 perveniat

1929 4287 1992 4340 ad
2025 4290 2459 4343 eomnmnionem
2492 4293 2814 4346 sacramenti
2839 4294 3044 4347 scilicet
3070 4306 3084 4357 ;
3115 4303 3167 4348 et
3193 4295 3245 4347 in
3280 4296 3467 4355 eodem

1928 4378 2110 4430 eadem
2143 4379 2244 4432 erit
2282 4379 2584 4434 observatio
2623 4383 2690 4436 ab
2728 4398 2791 4437 eo
2819 4384 2910 4451 qui
2953 4383 3247 4438 Ecclesiam
3298 4386 3470 4438 adrni-

1932 4466 2142 4529 nistrat,
2177 4475 2228 4520 ct
2259 4482 2354 4534 pro
2384 4470 2590 4523 ratione
2617 4471 2985 4526 conversionis
3013 4473 3087 4525 illi
3116 4489 3331 4542 quoque
3359 4488 3472 4542 pue-

269 4564 369 4619 τοῦ
405 4563 800 4633 οίκονομοῦντος
841 4561 936 4628 τὴν
980 4559 1319 4626 Ἐκκλησίαν,
1345 4558 1454 4620 ,καὶ
1507 4556 1640 4624 πρὸς
1668 4554 1809 4620 λόγοι

1929 4569 2010 4607 na:
2041 4557 2287 4609 extensio
2318 4559 2676 4623 rescindctur,
2710 4568 2766 4613 ut
2815 4575 2912 4628 pro
2965 4577 3154 4614 novem
3208 4563 3363 4616 annis
3417 4563 3470 4616 in

1863 4610 1904 4665 ί)

270 4655 372 4724 τῆς
403 4651 727 4721 ἐπιστροφῆς
782 4649 1207 4718 συντμηθήσεται
1237 4647 1380 4715 αὐτῷ
1408 4647 1497 4698 καὶ
1526 4649 1556 4713 ἡ
1583 4644 1673 4697 τοῦ
1708 4643 1822 4694 ἐπι-

271 4747 455 4816 τιμίου
494 4745 813 4813 παράτασις,
847 4739 983 4794 ὥστε
1009 4742 1126 4793 ἀντὶ
1149 4739 1300 4791 ἐννέα
1326 4739 1480 4798 ἐτῶν,
1507 4738 1589 4804 ἐφ’
1616 4735 1824 4803 ἑκάστῳ

275 4837 472 4910 βαθμῷ
503 4833 641 4888 ὀκτὼ
677 4835 708 4903 ἤ
742 4833 876 4886 ἑπτὰ
911 4834 942 4902 ἢ
979 4832 1055 4896 ἒξ,
1107 4830 1139 4899 ἢ
1176 4831 1265 4882 καὶ
1310 4828 1466 4882 πέντε
1516 4827 1646 4896 μόνα
1677 4825 1825 4892 γενέ-

277 4931 434 4983 σθαι·
472 4929 623 4996 εἴπερ
665 4925 726 4976 τδ
754 4923 974 4993 μέγεθος
1023 4922 1122 4989 τῆς
1165 4919 1492 4988 ἐπιστροφῆς
1532 4916 1700 4984 νικοίη
1737 4914 1826 4967 τὸν

275 5017 485 5087 χρόνον,
515 5015 608 5066 καὶ
627 5011 1008 5081 ὑπερϐάλλοιτο
1034 5012 1097 5078 τῇ
1139 5007 1334 5076 σπουδῇ
1357 5007 1450 5074 τῆς
1492 4999 1825 5068 διορθώσεως

271 5105 402 5164 τοὺς
433 5102 487 5152 ἐν
525 5103 589 5168 τῇ
627 5099 808 5168 μακρᾷ
839 5097 1140 5168 προθεσμίᾳ
1169 5091 1530 5166 ρᾳθυμότερόν
1562 5107 1676 5151 πως
1705 5091 1828 5141 ἐαυ-

273 5199 405 5251 τούς
433 5189 537 5240 ἀπὸ
573 5188 669 5254 τῆς
713 5186 922 5254 κηλῖδος
952 5185 1319 5252 καθαίροντας.
1378 5180 1449 5232 Τδ
1475 5180 1529 5230 δὲ
1552 5178 1825 5239 ἀκούσιον,

278 5278 617 5348 συγγνωστὸν
647 5276 759 5345 μὲν,
793 5275 851 5326 ού
887 5275 988 5344 μὴν
1021 5271 1296 5324 ἐπαινετὸν
1328 5269 1538 5337 ἐκρίθη.
1577 5265 1741 5320 Τοῦτο
1773 5267 1829 5319 δὲ

276 5371 460 5432 εἷπον,
513 5368 650 5420 ὥστε
697 5366 850 5434 δῆλον
882 5362 1160 5430 γενέσθαι,
1218 5362 1296 5412 ὅτι
1329 5360 1427 5412 κᾶν
1461 5357 1723 5418 ἀκουσίως
1748 5374 1827 5418 τις

274 5456 501 5522 γένηται
538 5453 593 5503 ἐν
630 5450 704 5519 τῷ
732 5450 824 5501 τοῦ
859 5449 1014 5516 φόνου
1062 5448 1344 5515 μιάσμασι,
1385 5447 1456 5507 ὡς
1482 5446 1581 5514 ῆδη
1613 5445 1831 5513 βέὸηλον

279 5546 441 5600 αὑτὸν
465 5543 570 5595 ἀπὸ
599 5541 690 5593 τοῦ
721 5541 882 5608 ἄγους
915 5539 1215 5606 γενόμενον,
1238 5537 1535 5605 ἀπόϐλητον
1561 5534 1832 5606 ἱερατικῆς

281 5637 500 5706 χάριτος
538 5633 565 5683 ό
604 5629 777 5680 κανὼν
825 5628 1133 5695 ἀπεφήνατο
1160 5643 1172 5655 ·
1225 5626 1345 5687 ὅσος
1384 5625 1435 5676 δέ
1467 5626 1610 5676 ἐστιν
1649 5625 1740 5675 ἐπί
1766 5626 1832 5691 τῇ

267 5728 407 5790 tum!
441 5721 657 5786 ττςρνείᾳ
697 5718 787 5770 τοῦ
813 5717 1108 5800 ’καθαρσίου
1149 5717 1176 5766 ὁ
1211 5717 1414 5784 χρόνος,
1461 5715 1705 5776 τοσοῦτος
1743 5713 1833 5766 καὶ

598 5815 842 5875 Ριιτῐιωι
909 5817 995 5875 Gn
1076 5818 1163 5876 (IX
1185 5815 1440 5881 \ZXVIII.

1931 4660 2254 4714 unoquoque
2274 4649 2459 4716 gradu,
2486 4651 2566 4704 vel
2591 4660 2733 4714 octo,
2761 4651 2843 4704 vel
2873 4660 3098 4719 septem.
3131 4653 3213 4706 vel
3236 4653 3474 4722 quinque

1933 4736 2105 4789 solum
2140 4737 2264 4788 anni
2292 4737 2440 4803 fiant,
2472 4741 2515 4793 si
2554 4742 2884 4808 pmnitentia:
2914 4744 3226 4811 magnitudo
3262 4753 3474 4813 tempus

1932 4826 2133 4887 vincat,
2174 4838 2226 4880 et
2259 4838 2474 4896 superet
2521 4830 2878 4886 correctionis
2913 4832 3093 4886 studio
3153 4849 3246 4888 cos
3295 4835 3386 4900 qui
3419 4833 3471 4887 in

1934 4916 2092 4984 longo
2120 4927 2358 4986 tempore
2400 4923 2698 4987 praestituto
2747 4932 3024 4991 susceptas
3057 4940 3085 4977 a
3123 4939 3181 4977 se
3236 4925 3474 4977 maculas

1933 5006 2170 5073 segniter
2195 5008 2399 5062 eluunt.
2435 5009 2854 5064 lnvoluntarimn
2882 5025 3056 5065 autem
3079 5014 3232 5065 venia
3259 5012 3473 5080 quidem

1932 5093 2174 5162 dignum,
2205 5096 2293 5148 sed
2329 5111 2433 5148 non
2466 5097 2732 5152 laudabile
2755 5100 3059 5167 judit-atum
3092 5112 3194 5154 est.
3229 5100 3342 5154 lloc
3385 5116 3474 5154 au-

1936 5190 2040 5233 tem
2071 5182 2204 5244 dixi,
2240 5193 2297 5236 ut
2327 5185 2395 5238 sit
2424 5195 2687 5254 apertum,
2717 5188 2859 5255 quod
2890 5189 3049 5242 etiam
3084 5189 3132 5242 si
3173 5192 3292 5257 quis
3327 5191 3475 5243 invo-

1935 5270 2168 5324 luntarie
2207 5272 2366 5327 fuerit
2401 5275 2452 5327 in
2485 5277 2688 5329 scelere
2721 5277 2994 5331 homicidii
3022 5295 3036 5330 :
3072 5293 3193 5330 eum
3223 5287 3474 5348 tanquam

1932 5359 2040 5427 jam
2076 5361 2382 5429 profanum,
2420 5365 2691 5432 piaculum
2733 5366 3024 5430 redditum,
3089 5381 3117 5418 a
3152 5368 3472 5432 sacerdotali

1936 5453 2103 5517 gratia
2155 5452 2476 5520 ejiciendum
2529 5457 2895 5523 pronuntiavit
2947 5471 3141 5510 canon.
3204 5456 3472 5522 Quantum

1937 5549 2114 5593 autem
2141 5550 2222 5595 est
2243 5543 2564 5611 expiationis
2596 5552 2806 5614 tempus
2838 5548 2904 5599 ob
2951 5546 3249 5615 simplicem
3301 5547 3468 5601 forni-

1935 5630 2225 5695 talionem,
2258 5641 2466 5686 tantum
2497 5635 2654 5688 etiam
2692 5644 2837 5689 recte
2885 5636 3077 5690 habere
3109 5637 3472 5690 existimatum

1935 5728 2018 5776 est
2054 5720 2105 5774 in
2145 5722 2209 5776 iis
2238 5724 2326 5793 qui
2361 5725 2558 5778 credem
2594 5726 3006 5780 involuntariam
3045 5725 3339 5786 fecissent;
3375 5728 3477 5779 sci-

3063 5814 3136 5876 ΞΒ
