4110 6470
298 374 398 448 897

911 507 1270 573 Ἀπόκρισις.

377 626 397 658 ι
422 603 773 660 Ἀιιολύεσθαι
804 601 1002 669 ὀφείλει
1037 593 1467 668 μεταλαμϐάνειν
1501 590 1712 657 καὶτῆς
1742 605 1853 659 τρο-
1906 595 1950 649 Α

301 697 408 765 φῆς
447 699 539 751 καὶ
577 696 670 750 τοῦ
719 691 880 746 ποτοῦ
910 693 937 744 ὀ
963 687 1224 750 ἀσθενῶν,
1267 686 1402 756 πρὸς
1435 684 1463 737 ὀ
1493 683 1717 736 δύναται
1764 679 1860 748 βα-

305 788 518 840 στάσαι.
547 787 619 838 T6
641 783 749 854 γάρ
775 769 1203 853 μεταλαμϐάνειν
1228 777 1404 832 ἐλαίου
1425 774 1514 827 τὸν
1538 769 1683 834 ἅπαξ
1706 773 1862 822 ὲκτα-

303 876 488 938 κέντα,
521 874 725 927 δίκαιόν
756 874 918 924 ἐστιν.
950 889 968 921 ι

381 965 570 1018 ΒΛΛΣ.
612 964 746 1034 Περὶ
774 960 1053 1021 νοσοῦντος
1104 956 1195 1010 καὶ
1238 953 1564 1014 ἑκτακέντος
1618 947 1721 1002 ὑπό
1767 945 1864 1014 τῆς

304 1055 458 1106 νόσου
495 1057 526 1123 ἡ
565 1052 859 1123 ἐρώτησις·
909 1051 955 1103 εί
1001 1046 1204 1114 ὀφείλει
1250 1045 1306 1097 ὲν
1344 1045 1409 1112 τῇ
1445 1040 1533 1094 διὰ
1575 1039 1635 1090 τὸ
1677 1037 1867 1103 Πάσχα

305 1146 525 1216 νηστείᾳ
564 1145 778 1207 πάντως
807 1138 1115 1212 νηστεῦσαι,
1154 1137 1272 1189 ἀντὶ
1317 1133 1433 1196 τοῦ,
1460 1128 1864 1198 ἀπαραιτήτως,

303 1234 661 1304 ἀσυμπαθῶς,
702 1233 736 1304 ἢ
775 1232 1060 1304 μετασχεῖν
1107 1230 1250 1280 οῐνου
1297 1224 1386 1278 καὶ
1432 1222 1612 1274 ἐλαίου
1658 1217 1744 1271 διὰ
1769 1215 1866 1284 τὴν

302 1325 606 1378 ἀσθένειαν.
625 1325 688 1376 Ἠ
713 1326 766 1376 δὲ
796 1323 1082 1393 ἀπόκρισις
1109 1317 1277 1384 λέγει,
1311 1315 1392 1367 ὅτι
1439 1312 1529 1364 τὸν
1571 1306 1867 1361 ὲκτακέντα

303 1416 369 1468 ix
411 1415 585 1475 νόσου,
617 1413 820 1466 δίκαιον
853 1410 944 1464 καὶ
981 1408 1124 1462 οίνου
1161 1407 1252 1459 καὶ
1298 1401 1478 1456 ὲλαίου
1528 1393 1870 1468 μεταλαμϐά-

305 1524 438 1568 νειν,
485 1505 560 1568 ὡς
604 1505 824 1557 δύναται
867 1500 1171 1570 ὑπομεῖναι,
1204 1497 1390 1567 ῆγουν,
1441 1493 1473 1562 ἢ
1520 1490 1711 1549 διόλου,
1745 1486 1778 1554 ἢ
1809 1486 1866 1536 ὲν

303 1595 537 1664 ἡμέραις
565 1595 694 1654 τισὶ,
718 1591 856 1645 κατὰ
883 1589 977 1659 τὴν
1008 1587 1185 1658 κρίσιν
1213 1583 1306 1637 τοῦ
1336 1577 1741 1648 οίκονομοῦντος
1769 1574 1866 1625 αὐ-

303 1683 416 1736 τόν.
465 1682 798 1752 Σημειωτέον
841 1676 934 1732 οὖν
973 1679 1038 1729 ὲκ
1063 1675 1253 1728 τούτου
1287 1671 1379 1728 τοῦ
1428 1668 1646 1728 κανόνος
1683 1665 1772 1716 καὶ
1805 1664 1869 1714 ὲκ

303 1772 398 1826 τοῦ
428 1779 496 1842 η’,
529 1773 609 1823 ὅτι
637 1775 671 1840 ή
703 1770 924 1838 νηστεία
945 1767 1044 1834 τῆς
1080 1758 1531 1833 Τεσσαρακοστῆς
1556 1753 1649 1807 τοῦ
1681 1752 1868 1820 Πάσχα

305 1863 370 1932 Et;
382 1861 610 1932 ροφαγία
639 1860 804 1923 ἐστὶν,
835 1857 967 1911 ἀλλὰ
997 1855 1089 1908 καὶ
1119 1853 1262 1905 οἴνου
1287 1850 1483 1918 ἀποχή.
1516 1845 1670 1906 Τινὲς
1697 1843 1750 1895 δὲ
1779 1842 1870 1894 καὶ

304 1951 365 2003 ἐν
405 1952 606 2019 ἀμφοῖν
631 1951 740 2010 τοῖς
775 1948 960 2000 κανόσι
984 1944 1215 2006 τούτο-ς,
1243 1940 1341 2010 τὴν
1366 1942 1422 1992 ὲν
1448 1939 1525 2007 τῷ
1557 1938 1745 2005 Πάσχα
1777 1950 1870 2019 νη-

306 2018 513 2101 στείαν,
547 2037 646 2105 τὴν
675 2036 779 2087 τῶν
811 2035 980 2101 ἁγίων
1009 2032 1202 2084 Παθὼν
1231 2027 1500 2098 ἑϐδομάδα
1530 2025 1774 2093 λέγουσιν
1799 2018 1872 2076 εἷ-

303 2145 411 2192 ναι,
439 2128 530 2180 καὶ
558 2128 616 2178 ού
650 2128 824 2179 πᾶσαν
846 2124 942 2194 τὴν
975 2121 1446 2192 Τεσσαρακοστήν.

925 2212 1266 2278 Ἐρώτησις.

381 2321 400 2354 ι
449 2304 543 2365 Εἰς
569 2302 630 2354 τὺ
661 2300 846 2366 ζεῦξαι
887 2301 1060 2370 γάμον
1091 2301 1184 2352 ἐὰν
1214 2298 1416 2366 καλέσῃ
1461 2312 1544 2357 τις
1593 2289 1864 2361 κληρικόν,

302 2395 510 2464 ἀκούσῃ
571 2393 626 2446 δὲ
688 2393 779 2446 τὸν
837 2393 1012 2461 γάμον
1061 2392 1398 2462 παράνομον,
1447 2388 1478 2456 ἤ
1530 2385 1866 2452 θειογαμιαν,

303 2485 472 2554 ἦγουν
514 2482 745 2550 ἀδελφὴν
781 2481 1180 2551 τελευτησάσης
1223 2478 1478 2546 γυναικὸς
1519 2477 1615 2544 τὴν
1643 2473 1870 2543 μέλλουο

305 2590 406 2627 σαν
443 2571 784 2638 ζεύγνυσθαι,
816 2573 864 2623 εί
913 2569 1114 2638 ὀφείλει
1143 2568 1506 2636 ἀκολουθῆσαι
1533 2566 1560 2616 ὀ
1590 2561 1866 2632 κληρικός,

303 2664 338 2732 ἢ
373 2663 684 2733 προσφοράν
715 2662 967 2730 ποιῆσαις
1011 2679 1028 2712 ι

913 2751 1264 2817 Ἀπόκρισις.

382 2865 399 2896 ι
425 2843 606 2907 Ἀπαξ
627 2842 834 2895 εἴπατε·
852 2840 978 2894 Ἐάν
1017 2840 1225 2912 ἀκούσῃ
1244 2841 1271 2891 ὀ
1297 2837 1550 2908 κληρικδς
1578 2834 1666 2888 τὸν
1695 2834 1869 2901 γάμον

304 2935 636 3004 παράνομον.
679 2935 740 2985 Et
770 2929 861 2984 οὖν
891 2934 918 2984 ὀ
965 2931 1140 2999 γάμος
1178 2929 1490 2998 παράνομός
1546 2928 1712 2986 ἐστιν,
1770 2923 1870 2974 ούκ

301 3025 508 3093 ὀφείλει
558 3025 587 3075 ὀ
638 3022 893 3093 κληρικδς
949 3022 1222 3074 κοινωνεῖν
1281 3017 1573 3087 ἁμαρτίαις
1631 3010 1871 3079 ἀλλοτρί-

306 3131 417 3175 αις.
448 3131 467 3164 ι

381 3200 557 3253 ΒΔΛΣ
634 3198 771 3261 Τοὺς
803 3193 1095 3268 κληρικοῦς
1128 3193 1235 3256 δεῖ,
1295 3191 1446 3260 φησὶ,
1508 3185 1870 3256 καλουμένους

1324 371 1403 436 1N
1447 369 1794 436 CANONES
1824 368 2207 432 TIMOTHEI
2239 371 2455 433 ALEX.

3431 372 3534 436 893

2597 498 2900 570 Responsio.

2047 607 2063 638 ι
2095 586 2312 643 Absolvi
2343 589 2500 643 debet
2543 599 2800 660 a‘grotus,
2833 601 2892 646 ut
2921 593 3100 647 cibum
3133 606 3184 648 et
3211 609 3394 663 porum
3432 614 3526 650 ca-

1971 679 2108 749 piat,
2143 688 2403 748 quantum
2442 679 2579 734 ferre
2611 693 2804 750 potest.
2838 683 2971 736 Eum
3016 686 3182 747 enim,
3225 687 3316 754 qui
3360 685 3529 739 semel

1970 779 2276 826 attenuatus
2318 778 2420 835 est,
2457 785 2576 826 esse
2618 772 2721 826 olei
2779 775 3090 842 participem
3135 791 3347 843 aequum
3380 785 3522 830 est.»
3570 788 3584 803 ·

2039 941 2198 998 Bas.
2245 942 2317 998 De
2347 959 2430 1005 eo,
2454 943 2547 1013 qui
2591 955 2834 1014 aegrotat,
2867 957 2921 1002 ct
2954 949 3143 1002 morbo
3171 958 3528 1017 consumptus

1970 1039 2072 1096 est,
2109 1033 2166 1085 lit
2201 1033 2580 1102 interrogatio;
2613 1035 2839 1090 debctne
2870 1039 2920 1089 in
2942 1037 3148 1104 jejunio
3181 1046 3396 1105 propter
3430 1037 3529 1090 Pa-

1969 1121 2099 1174 scha
2134 1122 2355 1174 omnino
2397 1122 2664 1191 jejunarc,
2713 1125 2815 1178 boc
2860 1133 2962 1189 est,
3001 1127 3439 1179 inexcusabiliter
3477 1135 3531 1177 ..ι

1967 1212 2172 1280 absque
2221 1213 2326 1266 ulla
2372 1215 2862 1280 commiseratione,
2903 1231 2969 1268 an
3026 1217 3207 1268 vimuu
3259 1227 3310 1268 ct
3351 1217 3528 1269 oleum

1968 1316 2183 1354 sumere
2203 1311 2417 1370 propter
2437 1303 2890 1356 imbecillitatem?
2920 1303 3220 1371 Responsio
3253 1314 3429 1356 autem
3457 1303 3530 1354 di-

1967 1391 2060 1454 cit,
2111 1394 2254 1459 quod
2300 1393 2366 1462 is,
2396 1394 2486 1460 qui
2543 1395 2731 1446 morbo
2777 1405 3130 1463 consumptus
3181 1404 3282 1454 est,
3338 1410 3529 1461 capere

1974 1481 2123 1535 lcbet
2147 1481 2327 1534 vinum
2359 1492 2411 1535 et
2453 1483 2651 1545 oleum,
2682 1495 2942 1552 quantum
2991 1484 3130 1538 ferre
3161 1496 3334 1552 potest
3363 1501 3374 1534 :
3405 1501 3528 1552 per-

1967 1582 2126 1640 petuo
2174 1573 2396 1634 scilicet,
2430 1573 2511 1626 vel
2561 1575 2612 1625 in
2663 1575 2931 1640 aliquibus
2973 1575 3183 1636 diebus,
3227 1577 3524 1628 secundum

1967 1661 2221 1729 iudicium
2267 1664 2386 1731 ejus
2423 1666 2512 1732 qui
2557 1665 2704 1717 illum
2747 1666 3042 1732 dispensat.
3076 1664 3210 1718 Nota
3245 1676 3423 1717 autem
3462 1679 3528 1716 et

1968 1752 2068 1803 hoc
2097 1767 2302 1806 canone
2348 1763 2402 1807 et
2450 1770 2568 1819 νιιι,
2601 1755 2740 1822 quod
2786 1755 3052 1823 jejunium
3091 1755 3530 1823 Quadragesima:

1967 1838 2184 1895 Pascha:
2216 1852 2298 1896 est
2341 1846 2617 1896 aridorum
2658 1860 2785 1897 esus
2842 1856 2894 1897 et
2929 1861 2958 1898 a
3014 1848 3139 1898 vino
3179 1845 3523 1897 abstinentia.

1967 1920 2216 1984 Nonnulli
2262 1942 2440 1985 autem
2474 1934 2677 1995 dicunt,
2730 1934 2780 1985 in
2827 1935 3072 2002 utrisque
3114 1935 3197 1986 bis
3230 1934 3528 1987 canonilius

1958 2020 2220 2089 jejunium
2248 2022 2300 2074 in
2335 2021 2619 2086 Pascbate,
2647 2039 2767 2076 esse
2793 2036 2997 2076 sancta:
3021 2024 3295 2078 Passionis
3327 2023 3528 2077 hebdo-

1961 2113 2194 2176 madam,
2220 2122 2271 2167 et
2302 2128 2410 2166 non
2442 2129 2657 2166 omnem
2695 2113 3197 2184 Qnadragesimam.

2377 2197 2535 2264 168
2550 2202 2921 2274 Interrogatio.

2033 2312 2050 2344 ι
2087 2293 2142 2347 Si
2173 2295 2298 2363 quis
2322 2296 2579 2349 clericum
2611 2296 2908 2357 vocaverit,
2944 2306 3001 2349 ut
3029 2296 3379 2349 matrimonio
3402 2311 3525 2348 con-

1953 2385 2165 2453 juugat,
2199 2385 2382 2438 audiat
2428 2396 2605 2440 autem
2642 2401 2765 2440 esse
2796 2387 3039 2439 illicitum
3093 2388 3524 2450 matrimonium,

1958 2485 2138 2542 utpote
2171 2477 2252 2528 vel
2297 2477 2473 2530 amita:
2519 2478 2854 2547 conjugium,
2887 2478 2968 2530 vel
3016 2479 3284 2530 defunctae
3339 2479 3524 2529 uxoris

1955 2581 2076 2618 esse
2105 2582 2342 2620 sororem
2362 2585 2502 2632 eam,
2520 2587 2636 2635 ιλιιλυ
2660 2580 2736 2623 est
2763 2570 3110 2622 matrimonio
3125 2572 3520 2636 conjungen'n,

1955 2657 2180 2710 debetue
2207 2659 2360 2726 sequi
2389 2659 2620 2713 clericus
2645 2662 2724 2712 vel
2760 2660 2935 2714 facere
2967 2663 3334 2715 oblationem?
3359 2682 3377 2713 ι

2587 2749 2888 2817 Β-εροιιεὶο.

2029 2856 2047 2888 ι
2084 2835 2202 2893 Uno
2225 2841 2389 2894 verbo
2418 2841 2579 2896 dicite
2605 2860 2617 2894 :
2643 2841 2696 2895 Si
2721 2845 2985 2896 audiverit
3011 2844 3239 2897 clericus
3276 2844 3511 2897 illicitum
3579 2855 3582 2860 '

1965 2927 2383 2982 uatrimonium.
2423 2929 2478 2982 Si
2512 2946 2638 2997 ergo
2677 2941 2760 2984 est
2806 2933 3050 2984 illicitum
3086 2933 3515 2994 matrimonium,

1955 3029 2062 3068 non
2091 3016 2245 3069 debet
2273 3015 2502 3070 clericus
2538 3018 2726 3072 alienis
2757 3021 2991 3087 peccatis
3037 3023 3460 3075 communicare.
3494 3040 3510 3072 ι

2024 3192 2178 3248 BALS.
2213 3193 2456 3263 Oportet,
2494 3195 2688 3264 inquit,
2722 3195 2968 3261 clericos,
3000 3198 3089 3265 qui
3142 3197 3204 3251 ad
3239 3199 3517 3250 matrimo-

303 3293 387 3354 είς
431 3289 650 3358 τελετὴν
697 3288 888 3358 γάμων
925 3325 938 3348 ,
995 3284 1134 3337 ὥστε
1173 3279 1427 3347 εὔξασθαι
1466 3279 1560 3331 καὶ
1613 3275 1867 3340 συζεῦξαι

765 3378 773 3380 μ
999 3378 1007 3380 _
1070 3377 1079 3380 _
1176 3373 1188 3380 .
1517 3369 1529 3380 .
1761 3361 1781 3380 ν

1961 3283 2026 3336 nii
2071 3285 2388 3354 mysterium
2428 3285 2810 3339 celebrandum
2846 3297 3110 3340 vocantur
3148 3295 3208 3339 ut
3257 3298 3432 3350 orent,
3467 3299 3519 3340 ct

301 3385 432 3444 τοὺς
461 3378 924 3450 νυμφευομένους,
966 3378 1012 3428 εί
1059 3373 1349 3429 ἀκούσουσι
1387 3369 1700 3436 παράνομον
1733 3361 1867 3418 εἶναι

1961 3389 2182 3443 sponsos
2204 3377 2559 3446 eonjungant,
2583 3379 2627 3431 si
2647 3379 2948 3432 audiverint
2975 3394 3095 3432 esse
3130 3379 3374 3432 illicitum
3404 3395 3519 3430 nia-

301 3474 397 3526 τὸν
437 3475 632 3540 γάμον,
675 3469 750 3540 μὴ
789 3465 1143 3537 ἀπέρχεσθαι,
1207 3465 1339 3533 μήτε
1394 3458 1647 3527 εὔχεσθαι
1678 3495 1692 3520 ,
1735 3458 1867 3526 μήτε

1961 3466 2287 3529 lrimoniuzu,
2328 3483 2424 3520 nec
2449 3468 2619 3530 abire,
2647 3484 2746 3522 nec
2782 3486 2844 3522 or
2884 3485 2959 3534 re,
2988 3486 3084 3524 nec
3116 3470 3329 3532 oll'errc,
3363 3479 3414 3522 ct
3440 3470 3518 3521 sic

303 3561 660 3632 προσςέρειν,
719 3559 807 3610 καὶ
861 3557 1001 3609 οὕτω
1053 3551 1323 3606 κοινωνεῖν
1372 3547 1666 3618 ἁμαρτίαις
1717 3545 1869 3598 άλλοο

301 3653 507 3723 τρίαις.

927 3733 1266 3801 Ἐρώτησις.

385 3850 404 3883 ι
429 3830 551 3882 Ἐὰν
576 3826 908 3900 ὀνειρασθεὶς
938 3827 964 3878 6
993 3825 1177 3886 λαῐκὸς
1217 3822 1467 3894 ἐρωτήσῃ
1501 3817 1782 3888 κληρικδν,
1821 3815 1867 3866 εί

301 3923 510 3993 ὀφείλει
539 3919 826 3991 ἐπιτρέψαι
864 3915 1010 3986 αὐτῷ
1046 3914 1391 3984 κοινωνῆσαι,
1429 3912 1462 3981 ἢ
1501 3909 1598 3976 ob;
1639 3930 1655 3962 ι

915 4007 1264 4074 Ἀπόκρισις.

379 4121 398 4154 ι
427 4103 485 4155 El
521 4101 617 4171 μὲν
654 4097 929 4152 ὑπόκειται
963 4093 1223 4164 ἐπιθυμία
1258 4091 1534 4162 γυναικὸς,
1574 4091 1671 4143 οὐκ
1715 4087 1867 4155 ὀφεί-

303 4197 425 4248 λει*
465 4195 512 4246 εί
553 4193 608 4244 δὲ
657 4194 684 4244 ὀ
716 4189 956 4249 Σατανᾶς
995 4185 1242 4256 πειράζει
1287 4185 1468 4245 αὑτὸν,
1510 4184 1596 4234 ῖνα
1641 4181 1726 4234 διὰ
1769 4181 1869 4249 τῆς

305 4286 630 4355 προτάσεως
662 4280 866 4348 ταύτης
905 4277 1260 4349 άλλοτριῶται
1289 4277 1390 4345 τῆς
1427 4274 1708 4335 κοινωνίας
1759 4271 1867 4323 τῶν

305 4377 466 4427 θείων
499 4371 828 4442 μυστηρίων,
859 4368 1060 4436 ὀφείλει
1094 4365 1438 4434 κοινωνῆσαι.
1476 4365 1626 4416 Ἐπεὶ
1646 4363 1704 4414 ού
1733 4360 1862 4416 παύ-

307 4482 458 4518 σεται
489 4466 516 4515 ὀ
551 4461 821 4534 πειράζων
865 4460 981 4510 κατ’
1017 4459 1220 4508 ἐκεῖνον
1252 4456 1341 4507 τὸν
1365 4455 1575 4524 καιρὸν,
1604 4455 1690 4506 ὅτε
1721 4451 1866 4518 ὀφεί-

303 4559 384 4616 λει
421 4552 707 4613 κοινωνεῖν,
735 4549 1105 4619 ἐπιτιθέμενος
1139 4546 1305 4617 αὐτῷ.
1336 4565 1353 4596 ι

1951 3553 2143 3609 alienis
2178 3558 2410 3625 peccatis
2439 3561 2865 3614 communicare.

2547 3735 2917 3807 Interrogatio.

2030 3839 2049 3873 ι
2091 3821 2146 3877 Si
2178 3823 2367 3892 laicus,
2403 3825 2495 3895 qui
2527 3829 2836 3891 somniavit,
2864 3829 3118 3881 clericum
3150 3829 3515 3898 interrogave-

1958 3913 2024 3968 rit
2051 3929 2116 3968 an
2147 3915 2303 3970 debet
2327 3917 2372 3970 ci
2405 3918 2712 3986 permittere
2746 3921 3166 3984 communicare,
3203 3936 3269 3973 an
3301 3920 3482 3974 non?)

2582 4009 2885 4076 Responsio.

2027 4123 2045 4154 ι
2090 4100 2145 4154 Si
2191 4101 2378 4154 subest
2427 4100 2644 4168 quidem
2697 4102 2938 4155 mulieris
2990 4101 3349 4161 desiderium.
3409 4116 3514 4155 non

1952 4193 2148 4247 debet:
2181 4195 2263 4246 sin
2297 4203 2472 4246 autem
2515 4201 2683 4245 tentat
2709 4208 2830 4244 eum
2867 4190 3117 4256 Satanas,
3146 4202 3201 4244 ut
3247 4209 3339 4261 per
3380 4194 3518 4246 hanc

1951 4285 2290 4339 occasionem
2320 4300 2348 4337 a
2383 4284 2686 4336 divinorum
2725 4284 3104 4354 mysteriorum
3137 4300 3292 4337 comn
3319 4285 3518 4337 unione

1950 4377 2236 4438 alicnetur,
2255 4375 2412 4428 debet
2443 4375 2868 4427 communicare.
2899 4372 3078 4440 Neque
3113 4375 3252 4427 enim
3285 4375 3518 4427 cessabit

1955 4475 2190 4518 tentatur
2230 4478 2294 4516 eo
2340 4473 2602 4531 tempore,
2634 4463 2853 4531 quando
2886 4465 3042 4518 debet
3085 4466 3511 4529 communicare,

1954 4555 2102 4609 illum
2141 4553 2409 4606 invadere.
2446 4571 2464 4602 ι

376 4645 568 4698 ΒᾹΛΣ.
612 4643 745 4711 Περὶ
787 4640 894 4692 τῶν
949 4642 1005 4691 ὲν
1043 4636 1271 4708 ὀνείροις
1324 4633 1759 4704 φανταζομένων,
1788 4625 1867 4694 οἷς

2027 4640 2181 4693 Βιιε.
2221 4639 2292 4692 De
2319 4640 2404 4702 iis,
2438 4639 2636 4708 quibus
2666 4639 2776 4692 visa
2813 4655 2870 4694 se
2912 4641 2964 4694 in
3004 4643 3231 4697 somniis
3261 4642 3512 4705 oll‘crunt,

303 4737 400 4789 καὶ
429 4733 739 4802 σπέρματος
771 4732 900 4792 ίσως
932 4729 1137 4797 γίνεται
1180 4728 1368 4797 ὲκροὴ,
1401 4726 1564 4794 φησὶν
1600 4727 1628 4777 ὀ
1679 4726 1867 4792 Πατὴρ

301 4821 458 4885 οὗτος
479 4862 492 4885 ,
525 4825 604 4875 δτι
632 4823 678 4873 εί
708 4821 804 4890 μὲν
836 4819 939 4890 πρὸ
966 4819 1152 4872 τούτου
1175 4817 1505 4887 προσέϐαλλε
1545 4816 1619 4885 τῷ
1659 4815 1866 4884 ὀνειρα-

305 4915 486 4967 σθένει
520 4911 808 4980 ἐπιθυμίας
855 4909 1111 4978 γυναικὸς
1158 4907 1434 4977 λογισμὸς,
1477 4907 1568 4959 καὶ
1599 4908 1865 4975 ἐνέμεινεν

301 5005 331 5056 ὀ
368 5002 494 5065 νοῦς
543 5002 632 5053 ἐπὶ
664 5004 727 5070 τῇ
762 5000 1044 5068 ἐπιθυμία,
1081 5002 1173 5052 καὶ
1209 4997 1638 5068 ὲνεφιλοχὼρησε
1673 4997 1862 5068 ταύτῃ,

303 5092 598 5147 κάντεῦθεν
634 5094 666 5160 ἡ
696 5091 981 5158 φαντασία,
1013 5090 1212 5158 ἐπῆλθε
1247 5092 1279 5160 ὴ
1313 5089 1466 5160 ῥύσις
1496 5089 1588 5141 τοῦ
1621 5090 1864 5159 σπέρμα-

301 5200 424 5244 τος”
461 5183 558 5234 οὐκ
602 5182 802 5248 ὀφείλει
857 5179 1192 5249 μεταλαϐεῖν.
1247 5182 1352 5232 Καὶ
1387 5181 1642 5242 εἰκότως
1679 5182 1710 5248 ὴ
1758 5181 1863 5247 γὰρ

303 5271 703 5339 συγκατάθεσις
735 5271 956 5340 ὲμόλυνε
979 5271 1069 5321 τὸν
1097 5269 1352 5338 λογισμὸν
1398 5271 1491 5322 τοῦ
1526 5271 1862 5340 ὀνειρασθέν-

300 5383 414 5427 τος.
454 5363 560 5414 Καὶ
593 5361 706 5422 πῶς
749 5359 882 5428 μετὰ
932 5358 1169 5410 τοιούτου
1204 5358 1460 5426 λογισμοῦ
1510 5360 1861 5428 προσελεύςε-

300 5472 390 5508 ται
417 5454 529 5513 τοῖς
569 5451 800 5517 Ἀγίοιςς
835 5451 894 5501 Εί
935 5449 988 5500 δὲ
1027 5449 1174 5501 οὐδὲν
1213 5451 1447 5501 τοιοῦτον
1494 5453 1856 5519 προηγήσατο,

301 5543 395 5596 τοῦ
424 5525 691 5597 διαϐόλου,
725 5540 906 5608 φησὶν,
935 5539 1050 5590 ἐστὶ
1077 5543 1260 5608 πεῖρα,
1289 5539 1374 5592 ἴνα
1397 5538 1568 5602 οὕτως
1598 5540 1860 5604 ἀποξενῶο

301 5651 393 5686 ται
425 5632 586 5684 αὑτὸν
614 5632 712 5699 τῆς
754 5631 902 5693 θείας
946 5631 1224 5691 κοινωνίας
1250 5646 1262 5658 ·
1305 5630 1395 5680 καὶ
1445 5629 1524 5681 δεῖ
1558 5629 1716 5681 αὑτὸν
1751 5646 1859 5682 κοιο

301 5725 510 5776 νωνεῖν.
543 5723 604 5774 El
638 5724 744 5792 γὰρ
789 5723 870 5792 ἵξῃ
920 5722 947 5772 ὀ
995 5719 1230 5790 Πονηρὸς
1267 5719 1406 5772 οὕτω
1436 5720 1858 5792 κατορθούμενον

1954 4731 2151 4799 quibus
2197 4730 2356 4782 etiam
2403 4730 2459 4781 lit
2519 4728 2746 4783 fortasse
2786 4728 2959 4782 ﬂuxus
2995 4731 3238 4796 seminis,
3266 4732 3397 4786 dicit
3430 4733 3516 4785 hic

1957 4819 2142 4881 Pater,
2169 4820 2306 4887 quod
2340 4819 2382 4872 si
2419 4819 2663 4873 mulieris
2705 4821 3030 4873 desiderium
3063 4822 3118 4875 iu
3153 4823 3335 4890 coqui
3370 4838 3517 4875 som-

1957 4910 2086 4971 niat,
2125 4909 2374 4977 cegitatio
2409 4919 2562 4960 antea
2590 4909 2917 4968 accenderit.
2949 4921 3000 4963 et
3041 4926 3194 4965 mens
3225 4913 3274 4964 in
3303 4913 3517 4966 deside-

1955 4999 2034 5052 rio
2070 4999 2380 5068 perstiterit.
2409 5001 2566 5066 eique
2599 5014 2854 5051 assensus
2891 5011 2991 5062 est,
3014 5011 3065 5052 ct
3095 5018 3158 5054 ex
3180 5017 3245 5054 eo
3275 5002 3350 5053 illi
3378 5003 3514 5055 visio

1954 5091 2132 5142 oblata
2163 5097 2261 5149 est,
2289 5097 2341 5141 ct
2376 5088 2540 5140 lluxio
2580 5089 2803 5141 seminis
2838 5099 2920 5140 est
2952 5099 3260 5153 consecuta,
3288 5106 3392 5144 non
3429 5093 3515 5146 de-

1955 5179 2040 5231 bct
2082 5177 2500 5230 cunununicare.
2543 5174 2604 5226 Et
2643 5176 2833 5228 merito
2868 5194 2879 5228 :
2912 5177 3158 5231 assensio
3185 5179 3328 5230 enim
3371 5179 3510 5246 ejus,

1952 5269 2042 5336 qui
2062 5269 2368 5324 somniavit.
2391 5281 2620 5320 mentem
2646 5269 2864 5334 polluit,
2888 5279 2938 5320 ct
2967 5269 3237 5336 quomodo
3259 5285 3380 5322 cum
3414 5271 3512 5322 liae

1952 5358 2273 5426 cogitatione
2313 5358 2378 5409 ad
2409 5358 2602 5410 Sancta
2634 5358 2884 5410 accedet?
2921 5357 3012 5410 Sin
3040 5367 3216 5410 autem
3249 5359 3379 5410 nihil
3410 5361 3513 5411 tale

1953 5449 2248 5518 precessit,
2284 5455 2366 5500 est
2405 5448 2624 5508 diaboli,
2664 5445 2857 5514 inquit,
2894 5449 3150 5511 teutatio‘;
3183 5457 3236 5501 ut
3278 5449 3357 5501 sic
3387 5465 3508 5501 cum

1952 5541 2148 5593 alicnet
2173 5553 2203 5591 a
2234 5538 2411 5591 divina
2437 5539 2819 5592 communione
2853 5557 2864 5590 :
2898 5549 2948 5590 et
2973 5547 3185 5604 oportet
3222 5554 3344 5590 eum
3369 5555 3512 5592 com-

1956 5631 2252 5684 municare.
2321 5628 2377 5683 Si
2430 5629 2572 5681 enim
2610 5629 2824 5683 sciverit
2866 5628 3035 5682 Malus
3090 5643 3147 5681 se
3205 5644 3299 5696 per
3364 5646 3507 5682 som-

1956 5721 2102 5773 nium
2136 5719 2365 5778 efficere.
2397 5736 2460 5774 ne
2483 5721 2550 5774 sit
2579 5701 2897 5775 s:ic.ranicuti
2929 5722 3226 5791 partim-ps:
3257 5738 3360 5775 non
3389 5737 3504 5776 ceso
