4110 6464
720 503 958 518 ψ

1953 350 2231 412 TllEOD.
2272 350 2669 412 BALSAMON

963 496 2061 516 *ῷῇ-ψ-ο---ο--Ψ
2081 502 2352 510 -—---——

3809 347 3895 409 904

2359 502 2589 510 ο--η-

1510 596 1574 670 Τ
1581 591 1733 677 ΟΥ
1793 592 2167 677 ΑΥΤΟΥ
2221 593 3117 679 ΥΠΟΜΝΗΣΤΙΚΟΝ

1758 767 1932 840 Ὅπερ
1961 767 2119 822 ἔλαϐε
2149 767 2398 838 ’Δμμῶη
2437 769 2524 822 διὰ
2556 771 2656 840 τὴν
2691 771 2873 826 Λυκώ.

972 977 1327 1039 FJUSDEM
1363 973 2060 1037 COMMONITORIUM
2091 976 2314 1048 QUOD
2345 977 2677 1039 ACCEPIT
2717 977 3010 1038 AMMON
3061 975 3424 1038 PROPTER
3456 978 3689 1039 LYCO.

1331 1161 1557 1215 CANON
1598 1161 1633 1213 Ι.

776 1253 848 1306 De
879 1255 940 1306 iis
966 1255 1051 1322 qui
1081 1255 1291 1306 Arionis
1334 1256 1867 1316 conununicaverunt,
1909 1263 1957 1306 et
1999 1253 2262 1310 Ecclesias

2969 1165 3205 1220 KANDN
3259 1166 3336 1218 A'.

2438 1258 2577 1326 Περί
2618 1257 2732 1310 τῶν
2768 1257 3259 1323 κοινωνησάντων
3308 1253 3430 1320 τοῖς
3488 1251 3802 1320 Ἆρειανοῖς
3837 1250 3925 1306 καὶ

702 1344 801 1396 huc
835 1360 992 1411 usque
1024 1345 1274 1408 detinent,
1305 1355 1357 1396 ut
1385 1361 1435 1397 se
1467 1344 1617 1396 habet
1645 1345 1983 1404 consuetudo,
2014 1347 2111 1412 ﬁat
2143 1362 2160 1399 :
2189 1349 2261 1399 ita

2381 1349 2536 1416 μέχρι
2569 1349 2684 1401 νῦν
2729 1347 2835 1411 τὰς
2863 1349 3229 1414 Ἐκκλησίας
3261 1346 3651 1411 κατεχόντων,
3687 1343 3768 1408 ὡς
3805 1343 3927 1408 ἔθος

703 1444 875 1487 tamen
910 1445 964 1486 ut
995 1437 1088 1486 alii
1123 1437 1535 1494 constituantur,
1573 1436 1659 1502 qui
1691 1437 1741 1486 in
1779 1435 2090 1487 orthodoxia
2122 1439 2266 1490 testi-

702 1523 945 1588 ﬁcentur,
971 1535 1016 1576 et
1050 1525 1128 1575 illi
1168 1534 1530 1592 permaneant.
1568 1523 1662 1576 llis
1690 1541 1888 1591 quoque
1939 1525 2012 1576 ita
2060 1525 2268 1592 dispen-

701 1615 855 1674 satis,
882 1627 936 1664 ut
973 1615 1092 1666 aliis
1131 1614 1341 1667 urbibus
1363 1614 1644 1666 orthodoxi
1673 1615 1721 1665 in
1753 1613 2011 1666 Thebaide
2044 1616 2271 1682 episcopi

701 1700 954 1768 fecerunt,
986 1702 1074 1771 qui
1112 1701 1175 1753 ab
1214 1703 1450 1768 episcopo
1483 1701 1722 1768 Apolline
1755 1703 2053 1766 constituti,
2096 1712 2144 1754 et
2183 1705 2270 1770 qui

701 1806 817 1842 cum
866 1791 1077 1844 Arianis
1112 1791 1375 1842 Ecclesias
1425 1791 1734 1842 habentibus
1795 1793 2267 1853 communicantes,

701 1881 1026 1946 puniantur;
1073 1881 1118 1932 si
1162 1879 1365 1947 quidem
1411 1881 1642 1944 ipsorum
1686 1882 1952 1932 voluntate
1992 1882 2086 1933 hoc
2135 1881 2270 1947 [ece-

704 1980 857 2032 runt;
897 1971 978 2022 sin
1013 1981 1185 2022 autem
1227 1971 1442 2036 proprio
1483 1972 1719 2037 episcopo
1767 1972 2102 2030 obedierunt.
2153 1987 2266 2038 per-

703 2069 981 2121 maneant,
1025 2061 1123 2112 etsi
1181 2061 1317 2128 quod
1343 2060 1548 2127 justum
1585 2072 1659 2112 est
1696 2078 1793 2113 non
1838 2063 2086 2113 noverint.
2124 2062 2188 2112 Et
2228 2063 2272 2114 si

702 2166 880 2202 omnes
919 2149 1127 2219 quidem
1163 2150 1342 2216 populi
1384 2166 1469 2202 eos
1533 2167 1650 2200 cum
1703 2150 1823 2200 aliis
1863 2150 2126 2210 reiiciant,
2177 2150 2274 2201 alii

703 2242 1046 2303 ordinentur;
1091 2242 1171 2293 sin
1201 2253 1376 2294 autem
1407 2258 1491 2294 eos
1531 2243 1748 2292 retinent
1791 2257 1906 2292 cum
1944 2241 2051 2292 illis
2089 2242 2272 2309 quibus

701 2333 1181 2392 communicarunt,
1220 2333 1256 2383 ii
1293 2332 1493 2399 quoque
1522 2347 1634 2383 eam
1666 2333 2094 2382 consuetudinem
2123 2345 2274 2388 expe-

703 2423 932 2484 riantur,
955 2438 1058 2488 qua
1087 2422 1169 2473 usi
1213 2431 1332 2475 sunt
1370 2437 1546 2474 omnes
1598 2420 1875 2472 orthodoxi
1918 2421 1968 2471 in
2014 2418 2272 2473 Thebaide

700 2512 950 2580 episcopi.

2367 1437 2640 1504 γινέσθω,
2671 1437 2822 1488 οὓτω
2861 1435 3062 1504 μέντοι
3105 1433 3344 1501 ἐτέρους
3384 1431 3756 1499 καταστῆναι
3792 1447 3930 1502 μαρ-

2370 1527 2771 1594 τυρουμένους
2827 1528 2894 1578 ὲν
2956 1527 3299 1593 ὀρθοδοξίᾳ,
3347 1525 3665 1588 κάκείνους
3710 1519 3930 1579 arula-

2370 1622 2526 1672 σθαι.
2572 1619 2766 1680 Οὕτως
2804 1617 3310 1684 οἰκονομουμένων
3347 1615 3714 1674 καὶτούτων,
3741 1611 3932 1678 ὥσπερ

2372 1709 2466 1760 καί
2501 1709 2568 1759 ἐν
2602 1710 2728 1771 ταῖς
2755 1707 2972 1772 ἄλλαις
3002 1710 3215 1760 πόλεσι
3263 1706 3668 1769 πεποιήκασιν
3695 1707 3748 1757 ol
3774 1704 3842 1755 ἐν
3865 1699 3931 1768 τῇ

2373 1783 2610 1861 Θηϐαίδι
2671 1795 2977 1861 ὀρθίδοξοι
3027 1798 3378 1856 ὲτίσκοποι,
3432 1797 3484 1846 ol
3533 1791 3934 1852 καταστάντες

2371 1887 2529 1953 παρὰ
2558 1886 2662 1938 τοῦ
2706 1888 3072 1948 Ἀπόλλωνος
3117 1883 3222 1936 τοῦ
3275 1885 3631 1946 ἐπισκόπου,
3678 1884 3777 1934 καί
3820 1899 3930 1933 κοι-

2373 1976 2751 2042 νωνήσαντες
2797 1975 2917 2040 τοῖς
2949 1975 3158 2042 ἔχουσι
3188 1973 3292 2038 τὰς
3325 1974 3692 2038 Ἐκκλησίας
3731 1973 3931 2037 Ἀρείας

2372 2067 2518 2132 νοῖς,
2545 2065 3047 2132 ἐπιτιιιὰσθωσαν,
3085 2065 3209 2132 stre
3238 2063 3432 2131 γνώμῃ
3463 2061 3660 2115 αὐτῶν
3689 2061 3930 2124 πεποιή-

2375 2172 2515 2211 κασι
2548 2157 2720 2209 τοῦτο
2744 2173 2755 2183 ·
2828 2159 2880 2208 εἰ
2913 2155 2986 2207 δὲ
3016 2157 3272 2222 ὑπήκοοι
3311 2156 3588 2222 γεγόνασι
3621 2151 3704 2215 τῷ
3751 2153 3934 2215 οἰκείῳ

2377 2247 2699 2312 ἐπισκόπῳ,
2754 2244 3220 2308 αὑλιζέσθωσαν,
3266 2246 3363 2298 καί
3409 2243 3494 2312 μὴ
3545 2244 3934 2310 ἐπεγνωκότες

2379 2335 2437 2386 τὸ
2467 2335 2740 2401 εὔλογον.
2776 2335 2883 2386 Καὶ
2916 2337 2966 2387 εἰ
2996 2335 3111 2402 μὲν
3152 2335 3374 2400 πάντες
3417 2336 3472 2386 οἰ
3518 2333 3652 2386 ,ιαοί
3698 2333 3935 2394 τούτους

2376 2419 2805 2476 ἀποποιοῦνται
2843 2423 2991 2492 μετὰ
3034 2424 3150 2477 τῶν
3173 2411 3410 2485 αλλων,
3459 2423 3646 2488 ἕτεροι
3687 2435 3934 2489 χειροτοο

2304 2496 2344 2548 Β
2373 2513 2710 2566 νείσθωσαν
2732 2532 2742 2542 ·
2779 2517 2829 2567 εἰ
2856 2514 2921 2566 δὲ
2942 2515 3385 2567 ἀντιποιοῦνται
3419 2511 3620 2566 αὐτῶν
3636 2511 3766 2580 μετ’
3791 2508 3934 2563 eul-

700 2622 824 2660 νων
877 2599 968 2668 οἷς
1009 2602 1478 2668 κεκοινωνήκασι
1524 2603 1727 2667 ταῦτα,
1776 2601 1872 2654 καί
1923 2597 2088 2656 οὗτοι
2151 2600 2694 2669 ἀποπειράσθωσαν
2732 2605 2840 2673 τῆς
2884 2609 3226 2672 συνηθείας,
3267 2599 3306 2674 ᾗ
3364 2603 3704 2672 ἐχρήσαντο
3766 2602 3819 2655 οἰ
3875 2600 3934 2652 ἐν

705 2697 946 2765 Θηϐαΐδι
979 2696 1203 2762 πάντες
1236 2697 1555 2750 ἐπίσκοποι
1595 2696 1925 2763 ὀρθόδοξοι.

1323 2807 1551 2862 CANON
1595 2807 1658 2861 ll.

776 2899 852 2954 De
881 2899 1048 2963 Bisto,
1080 2899 1170 2968 qui
1217 2901 1269 2951 in
1306 2897 1477 2950 Ereba
1528 2898 1842 2950 constitutus
1878 2905 1953 2950 est
1985 2897 2275 2968 presbyter,

703 2989 1039 3059 querendum
1061 2998 1134 3042 est
1156 2997 1234 3052 ;et
1265 2991 1308 3041 si
1335 2989 1499 3040 alicui
1520 2985 1725 3053 quidem
1752 2987 1958 3039 mulieri
1991 2997 2274 3055 separate,

705 3077 900 3130 vivente
928 3077 1144 3139 marito,
1165 3075 1270 3127 vim
1313 3075 1513 3136 attulit,
1552 3090 1654 3126 non
1687 3075 1894 3125 sinalur
1923 3090 2034 3127 esse
2074 3077 2282 3144 presby-

705 3177 818 3228 ter;
847 3181 969 3218 nant
1008 3181 1070 3218 ne
1104 3177 1160 3217 ut
1201 3165 1366 3219 laicus
1416 3165 1622 3234 quidem
1667 3165 1814 3218 debet
1866 3168 2272 3229 communicare,

706 3271 823 3307 cum
851 3271 936 3308 eos
964 3257 1052 3324 qui
1077 3256 1206 3308 tales
1233 3267 1352 3309 sunt
1378 3273 1624 3324 separare
1653 3257 1970 3309 consucee:it
2011 3256 2270 3309 Ecclesia.

711 3343 826 3398 Hoc
859 3354 1034 3397 autem
1072 3347 1276 3398 nullum
1302 3347 1454 3414 aﬂ'ert
1489 3347 1732 3414 episcopo
1765 3345 1995 3412 Apollini
2022 3344 2277 3412 prejudi-

707 3436 868 3495 cium,
893 3435 937 3486 si
961 3451 1077 3487 eum
1106 3451 1196 3502 per
1228 3437 1583 3504 ignorantiam
1618 3437 1922 3494 constituit;
1950 3448 2068 3485 cum
2092 3443 2277 3485 sancta

707 3527 938 3594 synodus
969 3527 1188 3594 jusserit
1213 3544 1321 3588 eos,
1361 3529 1448 3595 qui
1491 3537 1606 3596 post
1651 3529 2036 3580 ordinationem
2067 3534 2278 3593 propter

709 3616 905 3668 crimen
936 3616 1140 3684 indiqni
1161 3633 1273 3668 esse
1305 3617 1704 3681 (οηινὲιιεηοεωιτ,
1740 3616 1952 3682 expelli.

782 3791 974 3883 BALS.
1028 3793 1209 3883 Bistus
1263 3793 1331 3883 ab
1391 3793 1641 3883 Apolline
1694 3795 1953 3862 episcopo
1997 3793 2350 3883 presbytero

709 3882 1048 3936 constitutus
1097 3882 1271 3934 fuerat
1321 3880 1374 3934 in
1424 3879 1628 3946 Ereba;
1674 3889 1757 3935 est
1810 3890 1988 3935 autem
2031 3895 2096 3935 ea
2129 3881 2279 3950 regio

713 3972 934 4044 1E3ypti
958 3974 1100 4028 sicut
1129 3984 1182 4027 et
1207 3973 1372 4044 Lyco.
1409 3973 1459 4030 ls
1493 3990 1622 4028 vero
1652 3973 1936 4027 dicebatur
1968 3980 2092 4026 ante
2129 3972 2280 4026 ordi-

714 4067 989 4119 nationem
1025 4067 1238 4120 mulieri
1272 4074 1536 4135 separatte
1575 4067 1680 4118 vim
1702 4066 1974 4123 attulisse.
2015 4065 2139 4118 vivo
2169 4080 2285 4116 ma-

715 4159 842 4210 rito.
882 4157 956 4211 De
996 4173 1060 4211 eo
1092 4157 1256 4227 igitur
1288 4158 1653 4227 interrogatus
1685 4155 2040 4224 Theophilus,
2067 4154 2282 4224 inquit:

713 4250 1000 4314 Qumratur
1029 4264 1097 4300 an
1137 4249 1208 4302 sit
1243 4261 1428 4302 verum
1461 4264 1584 4302 eum
1623 4247 1836 4302 mulieri
1872 4247 1978 4299 vim
2018 4247 2286 4310 attulisse,

715 4349 772 4392 et
805 4339 849 4393 si
886 4340 957 4392 ita
999 4339 1090 4400 sit,
1135 4355 1201 4392 ne
1243 4339 1292 4392 ei
1329 4353 1449 4392 esse
1497 4339 1874 4407 presbyterum
1922 4337 2284 4404 permittatur.

717 4429 1002 4493 Quomodo
1041 4429 1185 4482 enim
1222 4428 1384 4481 fuerit
1429 4428 1476 4482 is
1512 4427 1815 4497 presbyter,
1865 4425 1957 4479 cui
2004 4440 2103 4480 nec
2149 4427 2288 4479 laico

721 4518 774 4570 in
808 4517 1093 4570 ecclesiam
1137 4515 1357 4585 quidem
1403 4515 1742 4586 permittitur
1788 4513 2024 4584 ingredi,
2060 4528 2183 4566 cum
2220 4515 2291 4567 sit

723 4619 941 4678 propter
971 4615 1248 4678 peceatum
1286 4605 1636 4676 segregatus?
1674 4604 1777 4660 Eos
1805 4606 1972 4667 enim,
2026 4605 2117 4674 qui
2162 4616 2291 4660 sunt

722 4699 1011 4768 ejusmodi,
1043 4696 1284 4752 extrudit
1327 4695 1568 4750 Ecclesia
1609 4705 1661 4750 et
1705 4702 1922 4764 separat
1955 4709 1983 4746 a
2019 4695 2289 4749 ﬁdelibus.

727 4789 841 4844 lloc
866 4799 1042 4842 autem
1081 4802 1110 4840 a
1150 4787 1451 4857 Theophilo
1493 4802 1838 4856 nequaquam
1895 4786 2163 4840 canonice
2210 4785 2293 4838 di-

727 4890 872 4935 ctum
911 4887 994 4934 est
1028 4897 1042 4933 :
1078 4878 1518 4947 quandoquidem
1560 4889 1871 4931 sanctorum
1924 4879 2292 4946 apostolorum

727 4991 826 5029 xxv
843 4978 1108 5035 canou,ct
1132 4982 1306 5035 magni
1330 4964 1508 5018 Basilii
1527 4962 1718 5015 tertius
1733 4971 1787 5013 et
1810 4975 1978 5024 xxxii,
2002 4968 2054 5011 et
2076 4957 2300 5012 Cartha-

726 5065 840 5134 gin.
891 5077 1010 5130 syu.
1036 5073 1166 5122 xm,
1197 5058 1447 5116 clericos,
1495 5053 1587 5123 qui
1629 5063 1943 5121 percarum,
1983 5061 2037 5104 et
2062 5051 2298 5120 depositi

2975 2809 3209 2860 KANQN
3271 2810 3346 2862 B'.

2448 2897 2585 2966 Περί
2616 2897 2838 2951 Βίστου
2865 2898 3273 2963 καταστάντος
3321 2900 3392 2951 ἐν
3443 2899 3652 2967 Ἐρέόῃ
3694 2905 3937 2969 πρεσευ,

2380 2989 2549 3056 τέρου
2579 2987 2888 3056 ζητητέον·
2938 2987 3031 3039 καί
3068 2989 3120 3040 εἰ
3163 2989 3281 3055 μὲν
3321 2990 3786 3058 ἀποταξαμένην
3817 2995 3938 3047 τινὰ

2380 3078 2592 3142 ζωντος
2640 3079 2744 3130 τοῦ
2782 3077 2999 3142 ἀνδρὸς
3047 3077 3346 3136 ἐϐιάσατο,
3391 3077 3476 3146 μὴ
3522 3084 3938 3148 συγχωρείσθω

2378 3156 2528 3220 εῖναι
2555 3168 2970 3235 πρεσϐύτερος,
3004 3165 3154 3218 ὅπου
3183 3181 3247 3233 τε
3277 3165 3418 3218 οὐδὲ
3451 3167 3530 3232 ὡς
3551 3169 3762 3234 λαικὸς
3793 3169 3940 3236 ὀφεί-

2380 3258 2473 3308 λει
2511 3253 2900 3323 συνάγεσθαι,
2937 3251 3044 3318 τῆς
3099 3253 3459 3319 Ἐκκλησίας
3497 3256 3772 3320 εἰωθυίας
3808 3255 3939 3320 τοὺς

2383 3346 2684 3408 τοιούτους
2725 3343 3001 3410 χωρίζειν.
3039 3345 3120 3396 Ui)
3156 3345 3321 3411 φέρει
3347 3344 3415 3396 δὲ
3439 3345 3612 3398 τοῦτο
3658 3349 3940 3416 πρόκριμα

2381 3435 2462 3500 τῷ
2501 3437 2809 3497 ἐπισκόπῳ
2867 3435 3220 3496 Ἀπόλλωνι,
3266 3438 3318 3487 εἰ
3361 3436 3430 3500 ἐξ
3483 3438 3732 3504 ἀγνοίας
3767 3439 3941 3492 auter

2383 3527 2735 3590 κατέστησε,
2775 3522 2882 3590 τῆς
2917 3525 3088 3591 ἀνίας
3114 3525 3380 3577 συνόδου
3407 3527 3791 3594 κελευσὰσης
3813 3530 3940 3594 τοὺς

2378 3616 2663 3680 ἀναξίους
2688 3615 2835 3682 μετὰ
2858 3613 2972 3679 τ’ὴν
3002 3615 3370 3681 χειροτονίαν
3393 3615 3828 3685 ἐλεγχομένους
3849 3620 3939 3672 ἐπὶ

2379 3704 2648 3770 ἔγκλημα
2672 3700 3047 3754 ἐκσαλέσθαι.

2454 3791 2642 3843 ΒΛΛΣ.
2702 3792 2762 3842 '0
2813 3790 2998 3852 Βίστος
3059 3777 3208 3859 παρᾶ
3265 3791 3595 3856 Ἀπόλλωνος
3653 3795 3940 3848 ἐπισκόπου

2383 3879 2616 3948 κατέστη
2648 3878 3010 3950 πρεσϐύτερος
3032 3878 3090 3931 ὲν
3132 3878 3363 3950 Ἐριϐηο
3399 3882 3555 3952 χώρα
3589 3882 3648 3935 δὲ
3687 3882 3824 3953 αὕτη
3855 3885 3942 3936 Δί-

2381 3971 2622 4038 γυπτίων
2679 3972 2856 4034 ἐστὶν,
2912 3971 3100 4042 ὥσπερ
3149 3972 3244 4024 καὶ
3289 3973 3322 4042 ἠ
3362 3973 3544 4028 Λυκὼ.
3606 3975 3854 4043 Ἐλέγττο
3891 3976 3942 4029 δὲ

2385 4064 2512 4132 περὶ
2575 4063 2815 4125 ἐκείνου,
2885 4063 2966 4114 ὅτι
3021 4062 3126 4133 πρὸ
3178 4063 3276 4133 τῆς
3333 4065 3664 4135 χειροτονίας
3719 4069 3944 4134 γυναῖκα

2385 4153 2636 4206 ἐϐιάσατο
2677 4153 3096 4223 ἀποταξαμένην
3146 4154 3350 4219 ζῶντος
3400 4156 3493 4209 τοῦ
3554 4157 3766 4227 ἀνδρός.
3819 4159 3944 4228 Περὶ

2385 4245 2570 4296 τούτου
2604 4241 2695 4297 οὖν
2724 4244 3014 4315 ἐρωτηθεὶς
3051 4248 3079 4298 ὀ
3120 4245 3397 4315 Θεόφιλος,
3438 4247 3566 4315 ἔφη.
3610 4248 3691 4299 ὅτι
3733 4250 3944 4319 ἐρευνη-

2388 4335 2552 4404 θήτω,
2599 4335 2691 4386 καὶ
2731 4335 2778 4386 εἰ
2813 4333 3012 4404 ἀληθές
3047 4336 3160 4387 ἐστι
3204 4335 3266 4388 τὸ
3310 4335 3602 4405 βιάσασθαι
3652 4335 3812 4388 αὐτὸν
3852 4339 3944 4404 τὴν

2387 4427 2642 4492 γυναῖκα,
2685 4425 2758 4494 μὴ
2799 4425 3182 4493 συγχωρείσθω
3221 4420 3362 4480 εἶναι
3403 4426 3794 4496 πρεσϐύτερος.
3830 4427 3944 4488 Πῶς

2388 4517 2494 4586 γὰρ
2539 4517 2621 4584 εἴη
2665 4515 3064 4585 πρεσϐύτερος,
3112 4515 3170 4578 ὃς
3211 4513 3332 4568 οὐδὲ
3375 4516 3562 4580 λαῖκδς
3597 4520 3945 4587 συγχωρεῖται

2390 4604 2613 4656 εἰσιέναι
2641 4605 2718 4665 εἰς
2746 4602 3056 4672 ἐκκλησίαν,
3082 4590 3471 4674 ἀφριζόμενος
3489 4605 3578 4657 διὰ
3610 4607 3671 4658 τὸ
3699 4607 3944 4676 ἀμάρτηο

2394 4710 2501 4762 μα;
2534 4692 2723 4757 ἐξωθτί
2747 4693 2852 4763 γὰρ
2877 4693 3002 4756 τοὺς
3034 4691 3304 4756 τοιούτους
3340 4695 3372 4763 ἡ
3403 4691 3704 4765 Ἐκκλησία
3727 4696 3818 4746 καὶ
3847 4715 3944 4762 χευ-

2391 4783 2529 4852 ρίςει
2566 4783 2671 4836 ἀπὸ
2713 4783 2820 4836 τῶν
2859 4782 3082 4836 πωτῶν.
3133 4782 3303 4836 Τοῦτο
3345 4782 3402 4836 δὲ
3441 4783 3503 4836 οὐ
3546 4785 3840 4847 κανονικῶς
3876 4784 3949 4854 τῷ

2391 4873 2629 4944 Θεοφίλῳ
2658 4875 2896 4944 εἴρηταιο
2927 4874 2960 4926 ὅ
2983 4889 3042 4925 τε
3069 4874 3176 4943 γὰρ
3203 4873 3311 4926 τῶν
3347 4874 3518 4941 ἁγίων
3547 4875 3858 4928 ἀποστόλων
3877 4883 3948 4929 κε’

2393 4960 2590 5023 κανὼν,
2617 4963 2706 5014 καὶ
2725 4965 2750 5014 ὁ
2782 4962 2872 5014 τοῦ
2909 4961 3141 5031 μεγάλου
3165 4961 3442 5014 Βασιὴίου
3469 4962 3654 5033 τρίτος
3686 4967 3779 5035 καὶ
3796 4967 3824 5017 ὁ
3853 4965 3946 5035 λβ’,

2393 5056 2485 5107 καὶ
2509 5055 2536 5105 ὁ
2566 5054 2664 5122 τῆς
2691 5055 2746 5105 ἐν
2787 5052 3112 5123 Καρθαγένῃ
3150 5051 3232 5122 κβ’
3278 5053 3403 5116 τοὺς
3447 5033 3760 5122 κληρικοὺξ
3776 5033 3948 5124 ἁμαρ-

729 5158 975 5215 l'ucruut,
1028 5167 1056 5202 a
1101 5148 1486 5202 communione
1531 5162 1639 5200 non
1693 5157 1901 5200 arcent.
1946 5144 2100 5212 171
2142 5143 2297 5208 Quod

2391 5142 2690 5211 στήσαντας,
2745 5143 2835 5194 καὶ
2888 5140 3339 5210 καθαιρεθέντας,
3389 5143 3490 5212 τῆς
3536 5145 3816 5208 κοινωνίας
3859 5149 3951 5198 οὐκ

733 5256 913 5300 autem
955 5243 1241 5296 ordinatus
1271 5243 1362 5303 sit,
1403 5239 1454 5291 id
1478 5255 1586 5292 non
1615 5237 1775 5291 aﬂ'ert
1799 5239 2050 5290 damnum
2081 5237 2297 5305 episco-

734 5349 823 5405 po,
861 5334 956 5405 qui
985 5349 1132 5396 eum,
1178 5340 1457 5401 peccatum
1493 5330 1786 5398 ignorans,
1832 5329 2127 5382 ordinavit.
2171 5328 2294 5382 Sta-

736 5428 840 5480 tuit
891 5427 1033 5480 enim
1091 5423 1352 5495 synodus,
1407 5429 1465 5476 ut
1507 5421 1598 5490 qui
1660 5430 2006 5490 peccatorum
2059 5419 2294 5474 convicti

739 5515 975 5578 fuerunt.
1009 5516 1172 5572 etiam
1203 5523 1323 5584 post
1356 5513 1756 5567 ordinationem
1782 5513 2091 5581 ejiciantur.
2122 5510 2174 5564 Id
2201 5527 2297 5564 au-

740 5617 843 5660 tem
872 5615 954 5660 est
977 5605 1161 5674 primae
1185 5603 1374 5675 synodi
1400 5602 1630 5656 Nicmnaa
1653 5619 1775 5657 can.
1813 5618 1886 5656 ts.
1917 5601 2050 5656 lllu'd
2076 5611 2252 5657 autem
2279 5619 2291 5654 :

741 5695 1012 5765 Separatte
1040 5697 1148 5751 viro
1193 5695 1419 5760 marito;
1457 5695 1579 5750 lacti
1618 5704 1722 5758 est,
1755 5701 1806 5748 ct
1855 5693 1976 5748 ideo
2023 5693 2294 5763 adjectum

2396 5231 2735 5300 ἀπείργουσι.
2785 5232 2857 5282 Τὸ
2906 5233 2962 5284 δὲ
3011 5233 3447 5304 χειροτονηθῆναι
3497 5234 3660 5287 αὑτὸν
3702 5236 3763 5288 ού
3809 5237 3954 5307 φέρει

2401 5321 2601 5392 βλάϐην
2665 5322 2740 5391 τῷ
2800 5328 3229 5395 χειροτονήσαντι
3310 5325 3471 5377 αὑτὸν
3548 5328 3832 5398 ὲπισκόπῳ
3902 5328 3955 5392 ἐξ

2400 5414 2618 5480 ἀγνοίας
2644 5413 2733 5465 τοῦ
2760 5415 3176 5485 ἁμαρτήματος·
3204 5417 3238 5486 ἠ
3259 5415 3366 5485 γὰρ
3400 5415 3615 5478 σύνοδος
3644 5417 3812 5491 ὥρισε
3839 5418 3955 5478 sub;

2402 5503 2787 5573 ἐλεγχομένους
2824 5505 2915 5556 ἐπὶ
2949 5505 3251 5575 ἐγκλήματι
3281 5505 3374 5556 καὶ
3417 5507 3556 5574 μετὰ
3593 5505 3694 5576 τὴν
3731 5523 3956 5578 χειροτο-

2403 5593 2518 5646 νίαν
2554 5594 2927 5647 ἐκϐάλλεσθαι.
2979 5594 3148 5647 Τοῦτο
3185 5595 3241 5647 δὲ
3281 5595 3378 5662 τῆς
3416 5597 3474 5647 ὲν
3511 5595 3716 5667 Νικαίᾳ
3753 5597 3955 5650 συνόδου

2403 5685 2622 5756 πρώτης
2651 5688 2763 5739 ἐστὶ
2792 5687 2969 5740 κανὼν
3014 5685 3250 5749 ἔννατος.
3281 5685 3354 5738 Τδ
3387 5686 3467 5752 δὲ,
3501 5685 3953 5758 ἀποταξαμέτηγ
