4110 6456
643 367 743 428 θοἹ

1907 363 2174 423 TllEOl).
2222 360 2618 421 BALSAMON

3758 355 3857 419 908

639 496 966 562 'llieopliilus
1005 495 1246 564 diligenti
1306 491 1698 544 examinatione
1754 492 1928 551 facta,
1976 489 2023 542 si
2072 503 2192 542 eum

2318 480 2384 538 ,ὗν
2425 485 2454 535 ό
2487 482 2760 548 Θεόφιλος,
2794 480 2874 532 ὅτι
2907 479 3198 544 ἐξετάσεως
3245 477 3502 548 ἁκριῦοῦς
3542 489 3854 543 γενομένης,

640 603 892 659 peccasse
912 593 1245 654 compertum
1268 582 1448 643 fuerit,
1474 581 1619 634 clero
1641 580 1904 649 ejiciatur.
1923 578 2038 632 Non
2059 578 2199 631 enim

636 683 850 741 oportet
873 686 938 725 ex
984 669 1142 737 172
1172 667 1417 720 susurris
1446 679 1542 718 seu
1572 663 1934 718 clandestinis
1991 677 2204 716 sermo-

641 765 819 827 uibus,
869 761 950 813 vel
1003 757 1308 814 maledictis
1361 769 1454 808 seu
1512 755 1718 823 apertis
1763 753 2037 808 conviciis
2091 763 2206 804 orta

639 855 975 921 suspicione,
1023 849 1375 904 condemnari
1427 848 1688 915 aliquem.
1740 845 1896 911 Quod
1939 844 1983 899 si
2048 856 2207 896 causa

640 957 944 1003 examinata
965 946 1150 998 insons
1173 950 1485 1006 compertus
1511 938 1691 1001 fuerit,
1729 946 1942 991 maneat
1960 936 2013 990 in
2039 936 2207 990 clero.

1243 1035 1468 1092 CANON
1514 1035 1600 1088 Vl.

713 1157 786 1210 De
820 1157 883 1207 iis
909 1155 995 1224 qui
1020 1153 1300 1206 ordinandi
1320 1164 1436 1206 sunt
1461 1154 1570 1205 Ita'c
1593 1154 1689 1205 erit
1719 1154 1888 1220 forma
1915 1167 1930 1202 :
1961 1149 2025 1202 Ut
2049 1149 2202 1218 quid-

639 1244 763 1314 quid
792 1254 868 1297 est
901 1242 1248 1295 sacerdotalis
1291 1241 1491 1294 ordinis
1531 1241 1820 1292 consentiat
1853 1248 1899 1290 et
1939 1239 2114 1306 eligat.
2154 1247 2201 1289 et

643 1347 765 1388 tunc
817 1336 1098 1403 episcopus‘
1141 1334 1428 1397 examinet,
1477 1333 1554 1384 rel
1599 1333 1644 1384 ei
1693 1330 1850 1384 etiam
1895 1330 2202 1381 assentiente

641 1427 961 1478 sacerdotali
1011 1425 1192 1477 ordine
1225 1425 1277 1476 in
1324 1424 1493 1476 media
1546 1423 1764 1475 ecclesia
1803 1421 2025 1480 ordinet.
2063 1436 2200 1487 pra:-

639 1527 780 1568 sente
813 1517 1022 1582 populo,
1058 1526 1105 1567 et
1131 1518 1368 1582 episcopo
1400 1515 1715 1582 alloquente.
1754 1530 1820 1564 an
1850 1513 2006 1564 etiam
2038 1512 2200 1577 possit

635 1605 685 1656 ei
713 1607 931 1670 populus
974 1604 1110 1670 ferre
1143 1605 1515 1656 testimonium.
1553 1603 1832 1656 Ordinatio
1883 1611 2054 1653 autem
2099 1617 2200 1653 non

643 1695 737 1760 ﬂat
779 1692 1098 1744 clanculum.
1137 1689 1372 1742 Ecclesia
1421 1690 1556 1741 enim
1590 1704 1768 1754 pacem
1813 1686 2026 1739 habente
2060 1686 2201 1740 decet

2300 577 2393 628 ἐὰν
2441 574 2633 643 εὑρεθῇ
2667 571 3020 642 ἡμαρτηκὼς,
3060 571 3378 639 ἐκϐληθήτω
3418 569 3509 621 τοῦ
3541 568 3766 637 κλήρου·
3796 570 3855 621 υὸ

2299 665 2377 716 δεῖ
2402 663 2510 733 γὰρ
2541 665 2603 714 ἐκ
2637 663 2975 732 ψιθυρισμῶν
3000 663 3115 730 ἦτοι
3149 659 3476 721 καταλαλιᾶς
3512 659 3791 727 λαθραίας,
3821 659 3858 729 ἢ

2302 752 2629 818 κακολογιῶν
2655 753 2770 820 ἦτοι
2813 750 3087 821 λοιδοριῶν
3115 749 3360 820 φανερῶν
3395 747 3631 815 ὑποψίας
3655 748 3862 815 γινομιέ⁴

2301 862 2396 914 νης
2431 842 2848 910 κατακρίνεσθαι
2875 860 3012 894 τινα.
3037 842 3100 894 Εἰ
3125 840 3180 892 δὲ
3206 842 3302 910 τῆς
3347 840 3653 902 ὐποθέσεως
3685 839 3864 902 ἐξετα-

2301 933 2531 1003 ζομένης
2563 931 2849 994 ἀνεύθυνος
2873 931 3140 999 εὑρεθείη,
3172 931 3372 999 μενέτω
3404 932 3462 982 ἐν
3488 928 3566 999 τῷ
3588 929 3792 999 κλήρῳ.

2892 1039 3130 1093 ΚΑΝΩΝ
3180 1037 3269 1104 ετ.

2369 1155 2504 1220 Περί
2560 1152 2679 1206 τῶν
2740 1155 3090 1222 μελλόντων
3162 1151 3628 1221 χειροτονεῖσοίιε
3691 1144 3865 1216 οὗτος

2301 1245 2466 1296 ἔσται
2499 1245 2686 1308 τύπος
2712 1259 2724 1274 ·
2758 1245 2935 1296 Ὥστε
2965 1242 3087 1297 πᾶν
3117 1243 3182 1295 τὸ
3211 1241 3498 1309 ίερατεῖον
3524 1238 3869 1308 συμφωνεῖν

2302 1334 2398 1385 καί
2441 1333 2752 1401 αίρεῖσθαι,
2788 1335 2884 1387 καί
2935 1337 3066 1388 τότε
3109 1334 3215 1387 τὸν
3249 1334 3584 1386 ἐπίσκοπον
3633 1327 3869 1397 δοκιμά-

2302 1421 2436 1485 ζειν,
2472 1424 2508 1487 ἦ
2530 1425 2624 1477 καί
2655 1423 3090 1488 συναινοῦντος
3120 1423 3278 1487 αὐτῷ
3307 1421 3413 1475 τοῦ
3437 1425 3510 1486 le;
3522 1421 3726 1473 ατεξου
3761 1435 3871 1485 χει»

2292 1511 2566 1578 ροτονεῖν
2619 1514 2687 1566 ἐν
2741 1513 2892 1582 μέσῃ
2945 1511 3019 1579 τῇ
3055 1513 3380 1578 ἐκκλησίᾳ,
3432 1511 3730 1577 παρόντος
3771 1508 3874 1560 τοῦ

2299 1603 2471 1665 λαοῦ,
2503 1604 2599 1656 καί
2633 1603 3136 1672 προσφωνοῦντος
3169 1601 3275 1654 τοῦ
3307 1601 3667 1658 ἐπισκόπου,
3698 1601 3750 1650 εί
3774 1599 3870 1649 «αι

2301 1695 2332 1745 d
2365 1692 2514 1756 λαός
2556 1692 2800 1744 δύναται
2839 1688 2996 1754 αὺτῷ
3034 1687 3375 1757 μαρτυρεῖν.
3432 1687 3776 1752 Χειροτονία
3809 1683 3874 1736 δὲ

643 1782 981 1850 praesentibus
1033 1781 1230 1834 sanctis
1282 1779 1636 1831 ordinationes
1689 1777 1801 1844 ﬁeri
1855 1777 1905 1827 in
1946 1776 2194 1828 ccclesiis.

2318 1783 2592 1848 ῑαθραίως
2620 1781 2704 1848 μὴ
2736 1780 3008 1849 γινέσθω.
3048 1778 3160 1846 Τῆς
3187 1780 3294 1848 γὰρ
3336 1777 3697 1841 Ἐκκλησιάς
3724 1773 3876 1839 clm}-

643 1874 708 1927 Ιει
739 1875 938 1942 regione
974 1884 1144 1924 autent
1189 1872 1233 1923 si
1270 1872 1360 1939 qui
1405 1871 1532 1933 sint,
1578 1871 1665 1937 qui
1699 1867 2194 1921 communicantium

2318 1888 2409 1937 ·ην
2421 1872 2682 1938 ἐχούσης
2697 1871 2904 1938 πρέπει
2922 1872 3231 1938 παρόντων
3245 1865 3361 1920 τῶν
3375 1866 3554 1934 ἁγίων
3571 1864 3679 1928 τὰς
3694 1879 3874 1930 reipa-

640 1963 834 2013 animis
891 1959 1427 2020 communicaverint;
1489 1973 1589 2008 non
1648 1957 1802 2007 aliter
1868 1953 2197 2018 ordinentur,

2318 1961 2492 2024 ὀνίας
2523 1961 2621 2012 ἐπί
2670 1961 2798 2026 ταῖς
2827 1961 3178 2027 ἐκκλησίαις
3219 1957 3509 2026 τίνεσθαι.
3558 1955 3662 2006 Ἐν
3703 1952 3770 2004 δὲ
3808 1951 3875 2019 τῇ

639 2063 797 2104 quam
829 2047 918 2108 iis,
959 2049 1046 2115 qui
1085 2057 1204 2100 sunt
1234 2061 1345 2098 vere
1377 2044 1652 2096 orthodoxi
1673 2043 1868 2100 clerici.
1894 2043 2202 2094 examinan-

2318 2049 2513 2114 ”'°Pl¢.
2537 2051 2592 2101 ει
2616 2049 2732 2117 μὲν
2755 2047 3233 2114 κοινωνήσαντες
3261 2049 3380 2100 είσί
3405 2063 3563 2110 τινες
3596 2044 3728 2106 ταῖς
3765 2040 3879 2094 τῶν

646 2139 804 2197 trbus,
841 2145 1092 2202 priesente
1119 2151 1300 2186 rursus
1335 2135 1591 2200 episcopo,
1626 2144 1672 2184 et
1697 2141 1999 2198 pra'sentem
2033 2147 2200 2198 popu-

2318 2137 2792 2204 ιοινωνησάντων
2845 2137 3124 2204 γνώμαις.
3163 2136 3248 2203 μὴ
3285 2136 3485 2199 ἄλλως
3530 2130 3880 2202 χειροτονεί-

647 2242 754 2294 (um
788 2227 1096 2292 alloquente,
1133 2239 1194 2276 ne
1222 2223 1508 2274 intercedat
1543 2223 1719 2290 aliqua
1749 2223 2134 2274 circumventio.

2318 2231 2566 2292 γθωσω·,
2596 2228 2752 2279 ἀλλὰ
2789 2226 2905 2278 τῶν
2938 2224 3174 2291 ἀληθῶς
3213 2225 3544 2291 όρθοδόεων
3583 2217 3880 2288 κληρικῶν

645 2315 1088 2384 δοκιμαζόντων,
1119 2313 1410 2379 παρόντος
1436 2311 1617 2364 πάλιν
1673 2311 1773 2363 τοῦ
1799 2313 2130 2365 ἐπισκόπου
2166 2314 2258 2367 καὶ
2300 2319 2795 2387 «pansam-017110;
2840 2318 3082 2383 παρόντι
3117 2314 3194 2380 τῷ
3233 2314 3382 2379 ⁸ιιαῷ,
3411 2316 3511 2367 Ira
3568 2312 3656 2381 μὴ
3689 2311 3879 2380 μέσον⁹

645 2407 961 2476 περιδρομή
990 2424 1077 2470 τις
1110 2405 1345 2474 γένηται
1358 2442 1371 2456 .

718 2517 908 2572 BALS.
946 2519 1018 2572 De
1058 2519 1124 2574 iis
1164 2519 1256 2588 qui
1295 2519 1349 2571 in
1411 2519 1557 2572 clero
1606 2519 1888 2574 ordinandi
1946 2529 2073 2575 sunt
2112 2519 2207 2574 dat

647 2619 857 2682 typum,
894 2617 947 2664 et
981 2609 1112 2662 dicit
1147 2609 1291 2678 quod
1323 2617 1534 2676 oportet
1571 2625 1690 2663 eum
1725 2612 1814 2678 qui
1848 2622 1929 2664 est
1959 2612 2210 2665 ordinan-

647 2704 750 2756 dus
783 2716 813 2755 a
857 2708 969 2754 toto
1014 2699 1205 2754 ordine
1250 2699 1572 2753 sacerdotali
1614 2700 1762 2768 eligi,
1802 2700 1902 2754 hoc
1943 2709 2046 2764 est,
2077 2716 2210 2755 una-

650 2791 782 2844 nimi
813 2805 1080 2844 consensu
1114 2789 1400 2858 approbari
1435 2797 1487 2842 et
1516 2787 1792 2856 praeferri;
1824 2799 1876 2842 et
1905 2804 2028 2843 cum
2064 2791 2210 2858 ejus-

651 2881 795 2934 modi
826 2880 1065 2934 delectus
1101 2879 1168 2932 de
1209 2895 1274 2932 eo
1321 2879 1495 2931 lactus
1538 2879 1716 2940 fuerit.
1758 2889 1885 2932 tunc
1929 2881 2104 2948 ipsum
2145 2879 2211 2933 ab

648 2972 904 3041 episcopo
954 2969 1273 3030 examinari,
1308 2975 1360 3021 et
1399 2968 1615 3036 quando
1668 2969 1744 3020 illi
1788 2983 2001 3036 quoque
2052 2967 2211 3020 homo

2381 2520 2574 2573 ΒΑΔΣ.
2611 2521 2742 2591 Περὶ
2761 2519 2866 2571 τῶν
2901 2517 3198 2588 μελλόντων
3222 2518 3644 2588 χειροτονεῖσθαι
3665 2523 3724 2574 ἐν
3750 2523 3876 2592 κλή-

2315 2628 2392 2680 ρῳ
2438 2611 2616 2663 δίδωσι
2660 2611 2849 2671 τύπον,
2906 2610 2999 2661 καί
3042 2627 3204 2679 φησιν
3236 2610 3316 2661 ὅτι
3371 2609 3449 2660 δεῖ
3501 2610 3593 2663 τὸν
3625 2612 3877 2681 μέλλοντα

2312 2700 2726 2768 χειροτονεῖσθαι
2756 2700 2902 2768 παρὰ
2928 2701 3123 2760 παντὸς
3152 2699 3414 2768 ίερατείου
3443 2701 3737 2769 αἱρεῖσθαι.
3765 2704 3878 2756 ἀντὶ

2313 2789 2404 2842 τοῦ
2436 2789 2820 2858 προκρίνεσθαι
2862 2787 3180 2856 συμφώνως,
3221 2789 3362 2841 οὕτω
3393 2790 3449 2842 δὲ
3498 2793 3874 2861 προκριθέντα,

2313 2878 2430 2930 τότε
2477 2879 2864 2948 δοκιμάζεσθαι
2913 2878 3071 2932 αὐτὸν
3117 2878 3264 2947 παρὰ
3294 2878 3387 2931 τοῦ
3435 2880 3758 2942 ἐπισκόπου,
3795 2882 3879 2933 καὶ

2315 2971 2401 3022 ὅτε
2427 2971 2662 3040 κάκείνῳ
2683 2970 2819 3033 δόξει
2844 2973 2872 3022 ό
2895 2970 2988 3023 ἄνθ
2998 2987 3175 3040 ρωπος
3200 2970 3499 3039 ἐπιτήδειος
3538 2972 3620 3033 είς
3647 2988 3876 3041 χειροτο-

652 3066 802 3117 visus
831 3062 990 3115 fuerit
1025 3069 1182 3129 aptus
1219 3067 1277 3112 ut
1307 3058 1611 3121 ordinetur,
1639 3065 1768 3110 tunc
1816 3071 1938 3110 eum
1969 3055 2211 3108 ordinati

2318 3063 2453 3127 νίαν,
2486 3065 2605 3116 τότε
2659 3063 3078 3134 χειροτονεῖσθαι
3125 3063 3426 3115 συναινέσει
3457 3063 3552 3116 τοῦ
3599 3066 3876 3135 ίερατείου,

651 3165 923 3204 consensu
972 3147 1320 3204 saccrdolalis
1353 3146 1578 3206 ordinis.
1617 3154 1882 3214 praesente
1910 3145 2072 3198 etiam
2115 3159 2213 3212 po-

651 3238 801 3307 pulo.
830 3238 939 3290 Cur
975 3245 1152 3290 autent
1197 3237 1352 3297 dixit,
1393 3250 1513 3287 eum
1550 3233 1909 3287 ordinandum
1945 3247 2214 3286 consensu

654 3327 1002 3380 sacerdotalis
1030 3327 1274 3380 ordinis?
1297 3325 1426 3376 Nam
1462 3339 1582 3376 eum
1613 3338 1641 3374 a
1675 3323 1994 3376 sacerdotali
2027 3321 2216 3374 ordine

652 3419 855 3475 electus
890 3426 993 3478 cst,
1021 3417 1084 3469 ad
1109 3415 1505 3468 ordinationem
1536 3427 1838 3466 consensus
1869 3426 1974 3463 non
2008 3411 2218 3462 videtur

649 3523 774 3561 esse
808 3507 1172 3560 necessarius.
1209 3503 1312 3557 Sed
1339 3514 1421 3555 est
1447 3501 1737 3554 verisimile
1766 3515 1924 3570 posse
1954 3510 2077 3567 post
2111 3502 2219 3552 ele-

655 3598 887 3649 crionein
916 3593 1116 3661 aliquid
1142 3592 1398 3660 temporis
1429 3593 1770 3657 praeteriisse.
1796 3600 1846 3645 et
1879 3606 1973 3644 eos
2005 3592 2218 3642 interim

656 3689 748 3753 qui
801 3686 1162 3736 ordinandum
1215 3681 1572 3749 pra'judieaut
1635 3681 1922 3734 rescivisse
1976 3679 2220 3748 aliquid,

657 3778 801 3846 quod
847 3777 966 3842 ejus
1022 3774 1416 3826 ordinationem
1470 3772 1769 3839 prohibeat.
1799 3771 1860 3822 Et
1925 3771 2046 3824 ideo
2095 3771 2226 3822 uicit

658 3880 802 3932 ipsos
828 3864 1157 3921 consentire,
1179 3870 1230 3914 et
1268 3861 1394 3912 dum
1417 3863 1701 3912 ordinatur
1725 3862 1978 3929 populum
2011 3876 2225 3927 quoque

656 3960 724 4010 ab
753 3957 1004 4023 episcopo
1035 3952 1379 4020 interrogari.
1416 3966 1481 4002 an
1508 3951 1701 4018 dignus
1731 3951 1820 4009 sit.
1864 3950 1948 4002 cui
1981 3950 2224 4002 testimo-

659 4051 806 4100 nium
834 4046 1004 4098 ferant
1037 4044 1101 4096 nd
1146 4043 1568 4095 ordinationem.
1599 4041 1886 4095 Dissuadet
1918 4048 2119 4099 autem,
2158 4056 2224 4092 ue

662 4139 790 4188 ﬁant
823 4133 1196 4186 ordinationes
1237 4130 1610 4184 clandestiuze.
1648 4129 1779 4182 Cum
1821 4129 1988 4190 enim,
2027 4129 2220 4196 inquit,

660 4241 761 4291 pas
791 4232 872 4275 est
904 4225 953 4273 iu
1000 4220 1262 4281 Ecclesia,
1307 4219 1515 4271 scilicet
1545 4234 1667 4269 cum
1705 4233 1849 4270 nunc
1895 4233 2000 4270 non
2031 4229 2110 4270 est
2146 4218 2225 4269 di-

661 4313 811 4364 visus
838 4310 1066 4378 populus
1086 4309 1429 4360 cessantibus
1448 4307 1762 4370 liaaresibus,
1783 4307 1873 4360 sed
1896 4315 2020 4359 sunt
2037 4321 2226 4360 omnes

2317 3153 2579 3223 παρόντος
2608 3155 2699 3204 καὶ
2726 3153 2819 3205 τοῦ
2849 3154 2998 3206 λαοῦ.
3027 3155 3178 3205 Διατί
3206 3155 3251 3205 δ’
3283 3150 3423 3215 εἷπε,
3451 3158 3776 3223 χειροτονεῖν
3800 3156 3880 3206 αὑ-

2315 3242 2404 3294 τὸν
2432 3243 2733 3293 συναινέσει
2758 3241 2848 3293 τοῦ
2880 3243 3166 3310 ίερατείου;
3185 3242 3338 3293 Ἐπεὶ
3352 3243 3466 3309 γὰρ
3493 3242 3713 3311 ἐξελέγη
3743 3243 3882 3312 παρὰ

2315 3329 2409 3381 τοῦ
2452 3330 2738 3397 ίερατείου,
2773 3332 2804 3399 ἠ
2848 3331 2936 3380 ἐπὶ
2971 3330 3272 3398 χειροτονίᾳ
3300 3330 3604 3392 συναίνεσις
3642 3331 3786 3383 δοκεῖ
3816 3332 3882 3401 μὴ

2316 3415 2588 3481 ἀναγκαία
2639 3411 2793 3468 εἶναι.
2844 3415 2978 3466 Ἀλλ’
3014 3419 3157 3476 είκ⁸ις
3205 3417 3393 3484 καιρόν
3438 3433 3561 3468 τινα
3607 3419 3745 3486 μετᾶ
3796 3419 3882 3486 τὴν

2319 3504 2546 3574 ἐκλογὴν
2564 3504 2868 3574 παρελθεῖν,
2893 3506 2985 3556 καὶ
3003 3506 3059 3556 ἐν
3073 3504 3148 3573 τῷ
3169 3505 3318 3572 μέσῳ
3341 3505 3543 3571 γνῶναί
3559 3523 3611 3557 τι
3628 3509 3752 3569 τοὺς
3767 3525 3886 3577 προ-

2321 3593 2600 3658 κρίνοντας
2637 3593 2727 3644 τὸν
2762 3592 3019 3660 μέλλοντα
3044 3592 3490 3661 ,χειροτονηθῆναι
3525 3595 3733 3646 κωλύον

2321 3682 2416 3750 τὴν
2433 3682 2780 3750 χειροτονίαν.
2805 3682 3069 3732 Διὰτοῦτο
3093 3677 3185 3732 οὖν
3213 3687 3480 3735 συναινεῖν
3509 3685 3706 3747 αὐτοὺς
3723 3701 3888 3754 κεχει-

2325 3772 2683 3840 ροτονημένου
2715 3772 2875 3823 αὐτοῦ
2904 3780 3042 3832 εἷπε,
3077 3775 3166 3823 καὶ
3196 3772 3284 3823 τόν
3319 3775 3614 3826 ἐπίσκοπον
3658 3779 3750 3828 καὶ
3778 3779 3887 3828 τζτε

2325 3864 2656 3929 προσφωνεῖν
2679 3861 2755 3928 τῷ
2771 3861 2902 3928 λαῷ,
2924 3862 3209 3930 ἐρωτῶντα
3235 3865 3280 3913 εί
3307 3866 3742 3932 μαρτυρεῖαξνεὸν
3766 3867 3890 3935 πρὸς

2323 3949 2652 4015 χειροτονίαν
2681 3947 2849 4011 ἄξιον.
2888 3948 3163 4017 Λαθραίας
3196 3949 3249 4000 δὲ
3290 3953 3622 4018 χειροτονίας
3660 3954 3890 4018 γίνεσθαι

2323 4038 2638 4105 ἀποτρέπει.
2696 4039 2844 4090 Ἐπεὶ
2891 4040 3017 4106 γὰρ,
3051 4040 3233 4108 φησὶν,
3269 4041 3458 4110 εἰρήνη
3493 4043 3610 4092 ἐστὶ
3643 4046 3791 4113 παρὰ
3821 4048 3880 4113 τῇ

2337 4127 2649 4196 Ἐκκλησία,
2674 4129 2839 4196 ἧγουν
2865 4130 2984 4180 ἐπεὶ
3010 4128 3102 4180 νῦν
3129 4130 3186 4180 ού
3218 4131 3542 4198 μεμέρισται
3567 4135 3593 4183 ό
3616 4133 3741 4194 λαὸς
3769 4153 3893 4187 mu-

2325 4217 2436 4279 θεὶς
2459 4216 2564 4268 τῶν
2585 4218 2862 4285 αίρέσεων,
2891 4217 3023 4270 ἀλλὰ
3046 4219 3244 4279 πάντες
3277 4221 3371 4289 τῆς
3401 4221 3682 4292 όρΘοδόξου
3711 4225 3895 4294 μοίρας

2329 4308 2458 4366 εἰσὶ,
2490 4309 2687 4368 πάντες
2719 4310 2844 4377 μιᾶς
2872 4309 3083 4359 ἐσονται
3111 4310 3350 4378 γνώμης,
3381 4313 3473 4362 καὶ
3502 4312 3582 4363 δεῖ
3632 4316 3896 4384 παρουσίᾳ

663 4399 974 4452 orthodoxa:
1021 4399 1222 4466 partis;
1271 4412 1460 4448 omnes
1519 4397 1679 4448 unius
1719 4403 1878 4449 erunt
1920 4397 2215 4458 sententise1

2329 4393 2435 4446 τῶν
2463 4396 2631 4462 ἁγίων
2659 4397 2772 4466 ἦτοι
2800 4398 2906 4448 τῶν
2937 4398 3143 4449 πιστῶν
3172 4400 3270 4462 τὰς
3292 4401 3626 4471 χειροτονίας
3657 4403 3894 4470 γίνεσθαι

663 4502 715 4543 et
745 4498 948 4557 Oportet
991 4489 1042 4540 in
1076 4486 1360 4556 praesentia
1394 4494 1706 4540 sanctorum
1744 4501 1837 4538 seu
1867 4485 2102 4538 ﬁdelium
2133 4501 2223 4538 or-

665 4579 971 4630 dinationes
1002 4578 1116 4628 ﬁeri
1163 4577 1216 4628 in
1255 4575 1506 4629 ecclesia.
1539 4575 1774 4628 Sanctos
1820 4583 1998 4628 autem
2044 4576 2224 4628 ﬁdeles

672 4668 976 4736 appellavit,
1001 4681 1062 4718 ex
1090 4675 1278 4717 sancto
1307 4665 1407 4718 hoc
1433 4663 1600 4716 Paulo
1631 4679 1933 4717 assumens.
1961 4664 2048 4716 ille
2080 4665 2222 4716 enim

671 4757 748 4810 sic
782 4755 963 4806 ﬁdeles
1000 4754 1053 4805 in
1077 4754 1191 4806 suis
1227 4752 1481 4821 Epistolis
1513 4753 1762 4819 appellat.
1798 4751 1919 4804 Ilaec
1955 4752 2134 4819 itaque
2162 4753 2225 4803 de

672 4846 759 4905 iis.
787 4844 878 4912 qui
913 4846 962 4894 in
1005 4843 1232 4895 urbibus
1277 4842 1538 4904 habitant,
1589 4842 1798 4894 videtur
1837 4841 2032 4893 dicere.
2067 4839 2135 4892 De
2161 4841 2226 4891 iis

670 4942 873 4997 autem,
899 4933 989 5001 qui
1015 4940 1140 4985 sunt
1171 4933 1222 4984 iu
1253 4932 1487 5000 regione,
1515 4947 1608 4983 seu
1634 4931 1685 4982 in
1712 4931 1842 4983 vicis
1898 4931 2049 4989 dicit,
2081 4930 2224 4996 quod

672 5026 924 5093 quoniam
965 5023 1118 5074 multi
1149 5023 1311 5075 etiam
1355 5021 1505 5073 inviti
1550 5022 2020 5072 communienliant
2057 5022 2227 5072 luere-

675 5116 828 5178 lieis;
859 5128 1041 5166 eorum
1084 5119 1260 5162 autem
1299 5109 1449 5160 multi
1485 5107 1714 5160 ﬁdelium
1755 5109 1950 5160 animis
1985 5123 2226 5161 commu-

677 5203 926 5256 nicabaut
965 5202 1074 5253 sive
1123 5198 1509 5251 conveniebant
1558 5205 1610 5249 et
1663 5199 2097 5249 assentiebantur
2127 5216 2136 5248 :
2171 5197 2225 5249 Si

675 5292 796 5359 quis
816 5306 999 5343 eorum
1027 5290 1094 5342 sit
1120 5287 1450 5340 ordinandus
1479 5287 1530 5338 in
1557 5288 1784 5346 clerum.
1814 5302 1934 5338 eum
1965 5302 2067 5338 non
2093 5289 2225 5340 alias

677 5375 1052 5436 ordinandum,
1087 5389 1244 5439 quam
1280 5389 1398 5425 cum
1448 5374 1832 5440 approbatione
1877 5375 2220 5437 clericorurn,

679 5479 812 5531 quos
843 5471 1053 5515 constat
1085 5478 1206 5516 esse
1243 5462 1593 5524 ortbodoxos,
1629 5471 1890 5528 praesente
1921 5465 2080 5515 etiam
2114 5465 2225 5529 epi-

681 5569 863 5619 seopo.
895 5561 944 5604 et
979 5553 1282 5619 alloquente
1319 5552 1596 5619 populum,
1636 5563 1691 5602 ut
1735 5552 1985 5618 superius
2019 5554 2222 5604 diituin

680 5651 781 5698 est.
817 5641 933 5695 ll.ec
965 5652 1139 5696 autem
1173 5642 1301 5696 dicit
1331 5643 1466 5703 ﬁeri,
1496 5659 1558 5694 ne
1592 5643 1882 5694 intercedat
1910 5644 2088 5713 aliqua
2118 5646 2222 5698 cito

2329 4484 2417 4534 ἐπ’
2457 4485 2765 4554 ἐκκλησίας.
2805 4487 3016 4552 ’Λγίους
3047 4487 3102 4538 δὲ
3132 4490 3257 4550 τοὺς
3288 4491 3510 4551 πιστοὺς
3531 4490 3808 4553 ἐκάλεσεν,
3837 4494 3896 4544 ἐκ

2327 4574 2420 4624 τοῦ
2457 4575 2739 4625 θεσπεσίου
2789 4575 2999 4626 Παύλου
3039 4578 3196 4627 τουτο
3237 4577 3561 4646 παραλαᾶὗν
3583 4596 3594 4607 '
3625 4579 3768 4630 οὕτω
3796 4581 3896 4649 γὰρ

2330 4665 2578 4724 κάκεῖνος
2606 4665 2662 4714 ἐν
2686 4668 2802 4726 ταῖς
2839 4665 3170 4728 Ἐπ;στολαῖς
3199 4667 3362 4718 αὑτοῦ
3388 4671 3511 4730 τοὺς
3545 4669 3769 4731 πιστοὺς
3789 4671 3897 4720 ὀνο-

2333 4755 2510 4823 μάζει.
2545 4757 2726 4807 Ταῦτα
2781 4758 2882 4825 μὲν
2928 4754 3019 4809 οὖν
3051 4760 3176 4828 περὶ¹
3226 4759 3332 4810 τῶν
3381 4762 3439 4811 ἐν
3473 4762 3693 4815 πόλεσιν
3737 4764 3896 4817 ὄντων

2329 4845 2470 4896 ἔοικε
2506 4846 2700 4912 λέγειν.
2734 4847 2865 4914 Περὶ
2893 4846 2946 4897 δὲ
2978 4847 3082 4898 τῶν
3122 4849 3178 4898 ἐν
3210 4851 3274 4916 τῇ
3317 4849 3515 4919 ἐνορίᾳ,
3559 4852 3678 4918 ἦτοι
3706 4855 3810 4903 τῶν
3842 4854 3898 4907 ἐν

2327 4937 2391 5002 τῇ
2425 4933 2594 5003 χώρᾳ,
2625 4936 2804 5002 φησιν,
2837 4936 2916 4986 ὅτι
2945 4935 3065 4985 ἐπεὶ
3096 4935 3278 4987 πολλοὶ
3309 4941 3418 4998 τοῖς
3443 4939 3738 5007 αίρετικοῖς
3765 4943 3897 4993 ἐκοι-

2330 5023 2530 5076 νώνουν
2561 5025 2653 5076 καὶ
2686 5026 2925 5088 ἄκοντες,
2957 5025 3062 5076 τῶν
3092 5025 3341 5078 τοιούτων
3371 5027 3425 5078 δὲ
3460 5028 3646 5082 πολλοὶ
3681 5031 3787 5083 τῶν
3816 5049 3896 5084 πι-

2331 5113 2468 5164 στῶν
2502 5113 2815 5166 ἐκοινώνουν
2839 5116 2954 5174 ταῖς
2985 5113 3249 5183 γνώμαις,
3279 5116 3446 5184 ἦγουν
3479 5122 3895 5185 συγκατέϐαινον

2330 5201 2421 5251 καὶ
2460 5201 2718 5269 συνῄνουν
2741 5218 2753 5229 ·
2786 5201 2846 5252 Εἰ
2895 5203 2956 5252 ἐκ
2991 5203 3192 5253 τούτων
3240 5203 3423 5270 μέλλει
3461 5223 3543 5268 τις
3591 5212 3897 5278 χειροτονεῖ-

2331 5288 2453 5340 σθαι
2483 5293 2558 5352 ei;
2595 5291 2682 5342 τὸν
2719 5291 2932 5361 κλῆρον,
2973 5291 3046 5361 μὴ
3078 5291 3250 5354 ἄλλως
3285 5298 3729 5364 χειροτονεῖσθαι,
3756 5302 3799 5349 εί
3831 5297 3897 5367 μὴ

2333 5380 2471 5444 μετὰ
2492 5380 2808 5449 δοκιμασίας
2840 5380 2944 5432 τῶν
2975 5381 3418 5450 ὁμολογουμένως
3455 5385 3755 5454 όρθοδόξων
3781 5389 3904 5457 scqu

2335 5469 2515 5534 ρικῶν,
2546 5470 2806 5538 παρόντος
2832 5470 2923 5520 καὶ
2952 5469 3042 5520 τοῦ
3067 5471 3388 5532 ἐπισκόπου,
3420 5474 3510 5524 καὶ
3537 5477 3900 5542 προσᾳυνοῦν·

2330 5576 2419 5620 τος
2447 5559 2522 5627 τῷ
2555 5558 2686 5628 λαῷ,
2721 5559 2793 5620 ὡς
2823 5559 3026 5612 ἄνωθεν
3069 5560 3303 5629 εἴρηται,
3339 5561 3523 5614 Ταῦτα
3558 5566 3613 5616 δὲ
3645 5566 3791 5631 λέγει
3824 5563 3899 5624 τι-

2329 5650 2530 5710 νεσθαι,
2571 5651 2653 5700 ἵνα
2691 5649 2761 5719 μὴ
2807 5649 2967 5718 μέσον
3000 5650 3226 5718 γένηταί
3261 5667 3342 5712 τις
3382 5653 3708 5716 περιδοοιιὲ,
3746 5657 3897 5714 ἤγουν
