4110 6472
277 390 384 455 913

1333 393 1415 454 1N
1466 392 1805 454 CANONES
1833 395 2216 457 TIMOTHEI
2259 401 2477 462 ALEX.

3387 410 3503 479 ειι

280 512 412 568 κατ’
435 516 656 584 αὐτοὺς
689 519 1063 592 datiuum-eam
1084 567 1097 588 ,
1139 527 1282 594 ὅπερ
1320 530 1353 581 ό
1391 532 1535 598 Θεὸς
1567 532 1840 601 ὑποϐάλῃ

1943 532 2078 599 quod
2115 534 2169 586 in
2196 550 2294 588 usu
2321 545 2399 589 est
2437 535 2634 606 vimque
2661 537 2872 596 obtinet.
2917 539 3056 594 Nam
3095 555 3209 594 cum
3238 537 3304 596 iis
3331 543 3405 596 sis
3433 543 3488 596 iu

279 622 382 661 σοι
406 651 420 674 ,
467 611 640 667 τοῦτο
683 617 939 682 ποίησον
961 660 975 682 ,
1009 625 1317 695 πανταχοῦ
1351 627 1496 692 πρὸς
1525 627 1590 679 τὸ
1625 625 1843 693 ἐπέχον

279 696 702 770 ὀδητούμενος.
744 708 872 761 Ἐπὶ
911 711 1018 778 γὰρ
1047 711 1163 765 τῶν
1190 717 1387 768 τόπων
1411 715 1716 784 τυγχάνων
1737 716 1842 780 τὰς

280 790 517 854 γνώμας
547 792 744 844 αὐτῶν
757 795 998 863 μᾶλλον
1021 799 1238 853 ειδέναι
1272 802 1544 857 δύνασαι.

588 883 834 953 Μάξιμὸς
889 903 1005 950 τις,
1038 889 1112 952 ὡς
1161 893 1458 969 παρανόμῳ
1505 895 1665 964 γάμῳ
1717 912 1842 948 συν-

279 966 471 1056 αφθεὶς
494 975 725 1037 γυναικὶ,
751 977 1031 1046 ἀφωρίσθη
1062 982 1151 1034 καί¹
1174 966 1270 1051 τῆς
1298 985 1563 1049 συνάξεως
1585 987 1680 1054 τῆς
1705 985 1839 1056 μετά

273 1055 393 1147 τῶν
439 1062 645 1114 πιστῶν
692 1065 924 1134 εἴργετο.
968 1071 1026 1122 '0
1059 1072 1114 1124 δὲ
1163 1073 1345 1140 ἔλεγεν
1372 1114 1386 1137 ,
1429 1076 1508 1127 ὅτι
1555 1076 1614 1128 ἐν
1650 1077 1840 1147 ἀγνοίᾳ

275 1143 495 1236 ἐποίησε
523 1151 584 1202 τὸ
622 1157 955 1227 παράνομον,
986 1162 1077 1214 καὶ
1109 1161 1326 1232 ῑτοιμός
1368 1167 1515 1216 ἐστιν
1541 1143 1837 1236 ἀποστῆναι

265 1235 367 1287 τοῦ
396 1239 594 1307 γάμου.
633 1241 790 1296 τοῦτο
817 1246 909 1298 καὶ
938 1249 1035 1316 τῆς
1062 1251 1316 1316 γυναικὸς
1349 1252 1702 1322 βουλομένηςο
1740 1235 1837 1307 καὶ

272 1323 456 1394 ιζήτει»
513 1330 873 1402 ἀφιστάμενος
905 1336 1176 1406 δεχθῆναι.
1210 1340 1353 1409 Πρὸς
1389 1341 1556 1394 ταῦτα
1608 1337 1699 1394 οὖν
1733 1342 1836 1411 ἔφη

272 1415 302 1466 ὁ
328 1415 586 1485 Θεόφιλος
606 1462 621 1483 ,
642 1423 717 1484 ὡς
753 1424 817 1476 ἂν
848 1426 1105 1491 ἐξετάσας
1127 1431 1376 1500 εὑρήσεις
1392 1473 1405 1493 ,
1423 1431 1502 1484 ὅτι
1531 1433 1594 1484 ὲκ
1620 1448 1679 1484 συ
1689 1435 1837 1501 μφώ-

272 1521 386 1568 νου,
416 1507 534 1561 ἀντὶ
560 1510 655 1563 τοῦ
692 1513 755 1566 ἐκ
789 1518 972 1585 κοινῆς
999 1519 1194 1587 βουλῆς
1217 1560 1230 1582 ,
1260 1520 1579 1587 ἀφίστανται
1605 1520 1695 1573 τοῦ
1739 1522 1836 1589 γά-

276 1609 379 1661 μου
408 1635 423 1656 ,
463 1597 558 1650 καὶ
604 1602 703 1653 οὐκ
757 1603 1042 1669 ἀπατῶσι,
1092 1607 1373 1660 δεκαετίαν
1424 1610 1835 1679 συνοικήσαντες

271 1682 525 1754 ἀλλήλοις
546 1729 562 1752 ,
592 1690 849 1763 δυσχερὲς
879 1695 1006 1758 ἴσως
1042 1695 1107 1750 ἀν
1134 1698 1400 1765 λογίζοιτο
1432 1699 1612 1762 αὐτοῖς
1653 1701 1685 1768 ἡ
1717 1700 1833 1751 διάο

269 1769 452 1841 ξευξις
471 1817 485 1838 ,
514 1780 608 1831 καὶ
637 1782 843 1851 μήποτε
877 1785 1176 1840 ἀπατῶσιν.
1204 1787 1266 1839 Et
1299 1791 1550 1850 σκοπεῖς,
1591 1787 1708 1839 ἀντὶ
1739 1787 1832 1838 τοῦ

1944 623 2093 688 locis,
2127 641 2304 678 eorum
2334 637 2528 682 mentes
2558 629 2742 684 melius
2771 647 2928 686 nosse
2947 643 3110 698 poles.

2009 877 2202 932 BALS.
2228 879 2489 937 Maximus
2521 884 2736 953 quidam
2764 924 2779 948 ,
2812 893 2870 938 ut
2924 885 3112 939 illicito
3144 888 3488 946 matrimonio

1940 967 2150 1022 mulieri
2183 971 2506 1037 conjunctus
2537 983 2845 1042 segregatus
2878 975 3072 1037 fuerat,
3115 985 3164 1029 et
3197 991 3224 1027 a
3255 991 3485 1046 congree

1938 1058 2153 1126 gatione
2177 1073 2299 1112 cum
2335 1060 2582 1114 fidelibus
2606 1063 3008 1130 prohibebatur.
3042 1062 3090 1118 is
3122 1079 3246 1117 vero
3277 1066 3486 1119 dicebat

1939 1162 1996 1200 se
2021 1162 2116 1215 per
2150 1148 2506 1216 ignorantiam
2539 1151 2729 1206 fecisse
2754 1164 2943 1206 contra
2971 1155 3132 1222 leges,
3159 1164 3210 1208 et
3241 1168 3482 1226 paratum

1937 1251 2056 1291 esse
2089 1236 2157 1290 ab
2208 1238 2310 1292 boe
2354 1243 2697 1295 matrimonio
2730 1243 2977 1297 recedere
3006 1284 3020 1305 ,
3071 1246 3292 1300 muliere
3323 1247 3482 1300 etiam

1937 1330 2149 1383 volente
2176 1348 2188 1390 :
2220 1339 2271 1385 et
2306 1334 2556 1402 petebat,
2583 1344 2640 1388 ut
2669 1336 2734 1387 ab
2763 1351 2826 1390 ea
2854 1337 3149 1392 abscedens
3178 1339 3486 1393 admittere-

1943 1427 2050 1472 tur.
2083 1419 2163 1472 A‘d
2198 1420 2310 1474 haec
2335 1437 2461 1492 ergo
2490 1423 2620 1476 dicit
2649 1423 2998 1493 TlieOphilus.
3032 1426 3172 1497 quod
3210 1427 3254 1480 si
3305 1428 3482 1496 inqui-

1937 1521 2060 1562 rens
2086 1507 2357 1563 inveneris
2388 1525 2482 1565 eos
2503 1525 2566 1565 ex
2599 1527 2866 1566 consensu
2886 1555 2900 1576 ,
2935 1515 3035 1566 hoc
3067 1523 3179 1577 εει,
3211 1516 3485 1569 communi

1935 1598 2196 1662 consilio,
2242 1615 2271 1652 a
2303 1602 2647 1655 matrimonio
2700 1603 2996 1665 absistere,
3049 1611 3104 1658 et
3135 1618 3242 1657 non
3279 1605 3482 1667 fallere.

1935 1701 2055 1741 cum
2087 1689 2273 1743 decem
2307 1691 2464 1744 annis
2496 1691 2655 1745 simul
2703 1692 3102 1756 cobabitarint,
3123 1693 3353 1747 diﬂicilis
3378 1680 3484 1746 lor-

1935 1791 2032 1830 san
2067 1778 2134 1831 iis
2181 1779 2477 1832 existimari
2511 1789 2691 1848 posset
2738 1796 2766 1834 a
2802 1796 2859 1836 se
2907 1783 3132 1836 invicem
3165 1783 3478 1850 disjunctio.

267 1866 318 1916 si
353 1867 554 1934 κρίνεις
600 1873 738 1939 μετὰ
764 1874 873 1926 τῶν
902 1876 1320 1945 κατηχουμένων
1361 1878 1557 1939 αὐτοὺς
1587 1875 1834 1928 ἵστασθαι

1933 1874 1984 1918 ει
2013 1881 2077 1919 ne
2109 1864 2315 1920 fallant.
2346 1866 2401 1920 Si
2435 1870 2760 1930 consideras.
2795 1871 2899 1925 hoc
2928 1880 3030 1935 est,
3066 1872 3110 1927 si
3146 1872 3359 1940 judicas
3387 1889 3482 1929 eos

267 1955 405 2018 τέως
424 1996 437 2013 ,
479 1959 644 2026 ἤγουν
675 1963 810 2031 πρὸς
841 1964 902 2016 τὸ
927 1965 1120 2033 παρὸν,
1144 1965 1317 2028 οὕτως
1352 1965 1514 2018 αὐτὸν
1543 1964 1830 2033 οίκονόμη·

1935 1963 2080 2008 stare
2113 1955 2309 2010 debere
2342 1973 2463 2011 cum
2496 1960 2896 2015 catecbumenis
2917 2000 2931 2023 .
2968 1977 3110 2016 nunc
3131 2002 3146 2026 ,
3198 1963 3247 2015 id
3301 1971 3382 2017 est
3427 1963 3479 2016 in

268 2058 380 2096 σον.
429 2045 573 2098 Ειδι
601 2053 769 2112 νοεῖς,
806 2054 967 2122 φησὶν
992 2092 1006 2116 ,
1038 2055 1119 2107 δτι
1168 2055 1309 2107 κατὰ
1357 2055 1570 2123 ἀπάτην
1615 2053 1828 2121 λέγουσι

1934 2048 2216 2114 praesentia
2239 2086 2252 2108 .
2287 2049 2366 2102 sic
2400 2064 2493 2104 eos
2541 2050 2814 2120 dispensa.
2845 2052 2995 2117 Quod
3031 2055 3077 2108 si
3133 2054 3480 2117 intellexeris.

269 2132 458 2194 ταῦτα,
496 2139 586 2188 καὶ
613 2140 693 2192 ὅτι
728 2139 807 2193 ἔτι
856 2143 1062 2197 δέονται
1104 2145 1345 2214 στύψεως
1369 2185 1384 2208 ,
1425 2147 1542 2214 ἦτοι
1567 2144 1832 2211 αὐστηρο-

1937 2135 2132 2201 inquit,
2160 2137 2302 2204 quod
2331 2155 2425 2207 per
2451 2141 2690 2194 fraudem
2725 2142 2836 2196 haec
2862 2144 3047 2196 dicunt
3076 2183 3090 2206 ,
3119 2154 3170 2197 et
3203 2145 3348 2213 quod
3389 2146 3484 2199 ad—

271 2223 439 2293 τὲρων
490 2228 806 2297 ἐπιτιμίων,
837 2235 1060 2304 ποίησον
1091 2236 1323 2306 ὅπεράν
1365 2237 1394 2288 ὁ
1429 2236 1558 2298 Θεὸς
1585 2234 1827 2303 ὑποδάλῆ

1933 2220 2038 2276 buc
2067 2226 2359 2280 acerbitate
2381 2229 2640 2298 indigent,
2666 2246 2759 2284 seu
2785 2233 3150 2288 acerbioribus
3175 2235 3366 2303 pannis,
3397 2233 3482 2288 fac

267 2326 372 2375 σοι,
406 2314 526 2366 ἀντὶ
552 2316 644 2368 τοῦ
676 2319 912 2391 ὲνηχήσῃ
937 2323 1015 2391 τῷ
1044 2323 1284 2393 λογισμῷ
1320 2342 1413 2377 σου
1438 2365 1452 2388 ,
1483 2326 1618 2394 ὅπερ
1646 2327 1674 2376 ὁ
1699 2324 1830 2387 Θεὸς

1928 2313 2072 2381 quod
2106 2313 2244 2368 Deus
2275 2317 2370 2370 tibi
2405 2321 2734 2388 suggesserit
2755 2365 2768 2385 ,
2799 2322 2901 2376 hoc
2925 2333 3036 2386 est,
3068 2332 3171 2378 tum
3203 2325 3362 2378 menti
3396 2325 3482 2378 in-

268 2401 560 2473 ἐπιθυμήσει
588 2423 666 2470 σε,
693 2410 962 2479 πανταχοῦ
992 2412 1126 2481 πρὸς
1144 2413 1201 2464 τὸ
1231 2413 1422 2480 ἐπέχον
1449 2411 1640 2482 ὁδηγού
1649 2427 1827 2480 μενος,

1929 2403 2212 2470 Spiraveril
2238 2443 2250 2466 ,
2290 2409 2430 2472 quod
2465 2409 2516 2460 in
2546 2411 2781 2465 animum
2815 2413 3096 2466 immiserit
3138 2414 3308 2476 Deus.
3342 2430 3482 2469 scm4~

266 2489 384 2556 ἦτοι
417 2493 552 2563 πρὸς
577 2495 636 2549 τὸ
661 2499 988 2569 ἐπικρατοῦν
1017 2503 1049 2572 ἦ
1084 2504 1144 2556 τὸ
1171 2505 1512 2569 κατεπεῖγον.

1927 2507 2025 2560 per
2055 2494 2105 2546 id
2131 2497 2274 2563 quod
2295 2505 2378 2550 est
2406 2498 2459 2550 in
2486 2514 2582 2552 usu
2603 2509 2655 2554 et
2675 2501 2815 2570 quod
2839 2503 2981 2556 vires
3001 2505 3204 2556 obtinet
3228 2519 3478 2575 sequens,

1929 2581 1982 2637 id
2017 2592 2120 2648 εει,
2153 2587 2298 2654 quod
2337 2589 2508 2660 magis
2538 2599 2619 2644 est
2647 2599 2819 2646 ratum
2851 2607 2912 2646 ac
2946 2595 3200 2648 validum.

1038 2771 1263 2856 ΤΟΥ
1326 2766 1690 2857 ΑΥΤΟΥ
1751 2700 2068 2886 ΜῖἰΝᾼ
2121 2765 2723 2884 ΕΠΙΣΚΟΠῼ.

1546 2962 1703 3033 175
1718 2968 2023 3026 EIUSDEM

1355 3095 1717 3183 ΜΕΝΑέ
1789 3095 2406 3188 EPISCOPO.

338 3319 598 3385 Νόμιμον
638 3315 872 3383 πρᾶγμα
917 3313 1315 3379 πεποιήκασιν
1346 3317 1398 3367 oi
1441 3317 1856 3384 πρεσϐύτεραι

2001 3313 2123 3367 Rem
2157 3313 2355 3378 iustam
2399 3314 2624 3380 fecerant
2670 3313 2950 3381 presbyteri
2987 3315 3040 3366 in
3075 3313 3285 3366 Gemino
3322 3330 3477 3384 pago,

263 3407 336 3461 ἐν
359 3408 588 3473 Pejus-cp
616 3405 687 3471 τῇ
717 3405 907 3472 κώμῃ,
943 3408 993 3457 εί
1020 3405 1298 3472 ἀληθεύει
1326 3404 1364 3471 ἡ
1404 3407 1730 3472 κομίζουσα
1759 3406 1824 3459 τὸ

1927 3406 1972 3458 si
2003 3420 2173 3458 verum
2223 3403 2352 3454 dicit
2376 3443 2390 3466 ,
2419 3417 2533 3469 qua:
2581 3401 2746 3468 defert
2782 3404 2980 3456 litteras
3023 3402 3307 3456 Eustathii.
3342 3404 3480 3458 Dicit

265 3494 500 3564 γράμμα
550 3493 910 3558 Εὑσταθοῦς.
947 3493 1167 3546 Φὰσκει
1218 3494 1359 3562 γὰρ,
1411 3494 1496 3546 ὅτι
1535 3494 1827 3561 Κυρὰδιον

1927 3494 2083 3554 enim,
2125 3491 2261 3561 quod
2291 3489 2576 3559 Cyradium
2601 3490 2874 3558 facientem
2908 3492 3178 3560 injuriam,
3206 3509 3294 3545 nec
3327 3493 3388 3544 ab
3420 3509 3480 3546 ea

262 3583 597 3638 ἀδικοῦσαν
627 3583 720 3635 καὶ
767 3581 850 3650 μὴ
896 3581 1281 3649 βουλομένην
1325 3581 1670 3635 ἀναστεῖλαι
1713 3581 1827 3649 τὴν

1927 3584 2169 3636 desistere
2199 3583 2468 3640 volentem.
2495 3597 2526 3634 a
2551 3583 2908 3634 communione
2930 3592 3316 3646 separaverunt.
3341 3583 3480 3646 Quia

263 3674 523 3736 ἀδικίαν,
553 3675 846 3741 ἐχώρισαν
875 3673 982 3739 τῆς
1002 3673 1330 3737 συνάξεως.
1361 3673 1590 3740 Ἐπειδὴ
1620 3675 1827 3727 τοίνυν

265 3758 446 3830 εὖρον
463 3802 476 3823 ,
519 3763 599 3827 ὡς
628 3762 689 3815 τὸ
720 3761 936 3828 ἑαυτῆς
960 3762 1148 3816 κακὸν
1177 3766 1586 3832 θεραπεύουσα
1603 3765 1819 3828 βούλε-

265 3867 358 3907 ται
399 3853 808 3920 συναχθῆναι,
836 3855 1096 3918 θέλησον
1140 3854 1590 3920 παρασκευάσαι
1634 3855 1825 3921 αὐτὴν

264 3943 594 3996 ἀποθέσθαι
649 3941 883 4008 πρῶτον
911 3941 1024 4008 τὴν
1055 3943 1310 4008 ἀδικίαν,
1350 3945 1443 3996 καὶ
1480 3943 1681 3996 πεῖσαι
1722 3960 1824 4012 μει-

265 4031 560 4099 τανοῆσαι
583 4071 599 4093 ,
627 4034 703 4085 ἶν’
731 4033 915 4097 οὕτως
933 4071 946 4094 ,
977 4036 1029 4085 εί
1057 4033 1312 4101 συνίδῃς
1359 4035 1445 4086 ὅτι
1492 4035 1651 4102 νόμῳ
1678 4033 1822 4086 Θεοῦ

264 4123 654 4190 προσέρχεται
683 4123 792 4188 τῆς
811 4123 1118 4188 συνάξεως
1145 4125 1482 4191 ὀρεγομένη,
1501 4124 1823 4192 ἐπιτρέψῃς

264 4214 458 4279 αὐτὴν
478 4213 627 4280 μετὰ
651 4213 766 4266 τῶν
793 4211 957 4266 λαῶν
980 4211 1365 4278 συνάγεσθαι.

336 4303 530 4355 ΒΑΛΣ.
555 4301 792 4355 Γυναῖκα
821 4319 937 4354 τινα
964 4301 1228 4370 Κυράδιον
1258 4300 1551 4369 λεγομένην
1583 4303 1674 4354 καὶ
1707 4301 1824 4353 ἀει-

263 4393 468 4446 κοῦσαν
496 4395 542 4444 ol
575 4394 631 4444 ὲν
651 4393 862 4462 Γεμίνῳ
893 4392 1246 4462 πρεσϐύτεροι
1269 4393 1549 4464 ἀφώρισαν
1577 4394 1674 4462 τῆς
1698 4395 1823 4445 Ἐκ-

262 4482 490 4550 κλησίας
509 4523 522 4544 ,
561 4483 634 4551 μή
664 4482 1005 4551 ἀπεχομένην
1037 4481 1132 4550 τῆς
1158 4481 1384 4543 ἀδικίας.
1419 4481 1482 4533 Ἡ
1519 4480 1595 4542 δὲ,
1623 4480 1708 4532 διὰ
1733 4481 1822 4532 τὸν

262 4572 584 4641 ἀφορισμδν,
621 4572 927 4641 ὑπισχνεῖτο
955 4571 1286 4641 θεραπεῦσαι
1313 4571 1408 4639 τὴν
1444 4571 1655 4623 ἀδικίαν
1682 4611 1696 4632 ,
1731 4571 1822 4622 καὶ

261 4660 424 4729 ἤθελε
456 4639 727 4750 δεχθῆναξ
752 4639 952 4734 Ϋράφει
974 4639 1066 4714 οὖν
1100 4663 1128 4714 δ
1159 4661 1412 4727 Θεόφιλος
1434 4661 1566 4730 πρὸς
1595 4661 1682 4713 τὸν
1720 4660 1819 4727 τῆς
1852 4639 1892 4692 D

263 4749 449 4820 χώρας
481 4749 772 4804 ὶπίσκοπον
797 4790 811 4813 ,
841 4753 922 4803 ὃτι
953 4750 1377 4818 Παρασκεύασον
1429 4751 1593 4819 αὐτὴν
1628 4750 1820 4803 ἀποθέ-

265 4839 392 4892 σθαι
422 4838 632 4909 πρῶτον
663 4839 758 4907 τὴν
790 4838 1018 4900 ἀδικίαν,
1048 4839 1211 4906 ἧγουν
1240 4836 1526 4890 ἀποδοῦναι
1562 4836 1597 4891 ἃ
1626 4837 1821 4899 ἀδίκως

263 4931 554 4998 ἐκτήσατο,
575 4931 664 4981 καὶ
695 4932 1049 4997 μετανοῆσαι,
1084 4929 1203 4981 ἀντὶ
1233 4929 1326 4982 τοῦ
1359 4930 1459 4990 ,ἐπὶ
1485 4931 1549 4998 τῇ
1579 4928 1822 4996 ἁμαρτίᾳ

263 5021 362 5090 τῆς
406 5019 618 5080 ἀδικίας
655 5019 1114 5088 μεταμεληθῆναι,
1143 5019 1235 5070 καὶ
1266 5017 1518 5087 δεηθῆναι
1564 5017 1656 5069 τοῦ
1687 5016 1818 5069 Θεοῦ

263 5108 528 5176 ἀερτθῆναι
557 5107 690 5176 αὐτῇ
723 5107 780 5158 τὸ
816 5107 1131 5176 ἀμάρτημα.
1164 5107 1272 5159 Καὶ
1314 5106 1481 5158 ταῦτα
1519 5105 1818 5175 ποιησάσης

265 5195 472 5262 αὐτῆς,
503 5197 550 5247 εἰ
591 5194 836 5265 συνίδῃς,
885 5195 1159 5257 τουτέστι,
1204 5195 1345 5264 γνῷς
1380 5196 1460 5248 δτι
1502 5194 1649 5264 νόμῳ
1689 5194 1822 5246 Θεοῦ

267 5284 651 5354 προσέρχεται,
693 5284 858 5353 ἤγουν
893 5284 1191 5354 συνειδήσει
1219 5284 1390 5354 ἀγαθῇ
1422 5286 1495 5354 μὴ
1526 5283 1819 5353 ἀνεχομένῃ

265 5373 594 5443 κεχωρίσθαι
626 5373 722 5442 τῆς
749 5372 856 5425 τῶν
902 5373 1105 5426 πιστῶν
1139 5372 1437 5436 συνάξεως,
1463 5373 1547 5425 διὰ
1577 5373 1665 5424 τὸν
1690 5371 1822 5424 Θεὸν

267 5465 363 5515 καὶ
393 5462 465 5533 μὴ
494 5462 559 5514 δι’
594 5463 853 5533 αἰσχύνην
877 5462 1196 5531 ἀνθρώπων,
1232 5464 1349 5514 τότε
1372 5461 1658 5531 ἐπίτρεψον
1683 5461 1818 5530 αὐτῇ

265 5549 365 5620 τὴν
393 5550 529 5620 μετά
557 5551 663 5604 τῶν
693 5551 896 5605 πιστῶν
921 5550 1064 5604 λαῶν
1097 5549 1310 5615 σύναξιν
1353 5551 1443 5602 καὶ
1480 5551 1733 5602 σύστασιν
1763 5548 1820 5600 ὲν

266 5641 379 5702 τοῖς
418 5638 624 5708 ὕμνοις.

1923 3689 2043 3742 ergo
2078 3673 2246 3725 inveni
2271 3711 2286 3734 ,
2329 3672 2464 3741 quod
2511 3688 2604 3724 suo
2641 3670 2780 3723 malo
2828 3687 3008 3723 curam
3066 3671 3314 3724 adhibens
3369 3673 3478 3725 vult

1923 3765 2305 3817 communicare
2332 3801 2344 3824 ,
2376 3762 2459 3829 fac
2489 3778 2551 3814 ea
2597 3763 2675 3813 ita
2700 3777 2754 3815 se
2797 3770 3058 3826 comparet
3083 3802 3096 3822 ,
3136 3770 3189 3814 ut
3226 3763 3474 3829 injuricm

1921 3854 2144 3921 primum
2176 3852 2432 3919 deponat.
2477 3860 2525 3904 et
2570 3852 2920 3918 pwnitentiam
2952 3867 3100 3919 agere
3146 3853 3196 3904 in
3245 3855 3476 3906 animum

1923 3942 2161 4006 inducat,
2192 3953 2245 3993 ut
2277 3943 2323 3994 si
2351 3942 2427 3994 sic
2455 3941 2791 4001 intellexeris,
2824 3939 2960 4009 quod
2991 3942 3204 4002 accedit,
3243 3959 3471 3996 comma.

1923 4033 2125 4085 nionem
2152 4031 2477 4093 desiderans,
2500 4033 2771 4100 permittas
2801 4031 2848 4084 ei
2876 4039 2932 4083 ut
2957 4047 3070 4084 cum
3095 4034 3292 4095 popu!is
3324 4049 3466 4086 cam-

1922 4123 2164 4176 utunicet.

1995 4292 2188 4346 BALS.
2225 4291 2497 4346 Mulierem
2528 4291 2816 4360 quamdam
2841 4329 2856 4353 ,
2899 4307 3016 4360 qua!
3045 4290 3332 4356 Cvr-adium
3379 4307 3474 4360 ap-

1925 4383 2254 4452 pellabatur.
2284 4389 2337 4434 et
2365 4381 2619 4448 injuriam
2653 4389 2777 4435 ante
2808 4380 3035 4434 faciebat
3065 4420 3076 4440 ,
3107 4381 3198 4447 qui
3232 4388 3384 4433 erant
3420 4384 3473 4433 in

1923 4473 2148 4527 Gemino
2177 4470 2472 4541 presbyteri
2519 4471 2590 4524 ab
2620 4469 2857 4525 Ecclesia
2899 4479 3307 4538 separaverant,
3348 4485 3484 4523 cum.

1925 4562 1992 4614 ab
2031 4560 2226 4628 injuria
2253 4575 2360 4613 non
2389 4561 2705 4615 abstineret.
2736 4558 2825 4612 Illa
2853 4573 2984 4613 vero
3037 4566 3250 4626 proptnr
3289 4575 3466 4628 aegre.

1924 4650 2193 4720 gationem
2229 4649 2581 4718 pollicebatur
2617 4663 2677 4704 se
2706 4648 2916 4717 injuria:
2945 4648 3238 4702 remedium
3276 4648 3467 4700 allatu-

1924 4753 2037 4792 ram
2070 4777 2085 4801 ,
2115 4747 2166 4792 et
2199 4738 2264 4791 ad
2295 4738 2728 4792 communionem
2769 4736 2979 4790 admitti
3007 4738 3236 4790 volebat.
3271 4736 3471 4790 Scribit

1924 4844 2053 4898 ergo
2093 4828 2427 4898 Theophilus
2453 4829 2519 4882 ad
2546 4829 2856 4898 episcopum
2888 4829 3154 4897 regionis:
3184 4825 3289 4881 Fac
3327 4836 3384 4880 ut
3409 4841 3473 4880 ea

1925 4919 2155 4986 primum
2184 4921 2417 4988 deponat
2448 4917 2700 4987 iniuriam
2721 4957 2735 4978 .
2768 4917 2868 4970 hoc
2890 4922 3004 4979 est,
3034 4917 3220 4969 reddat
3267 4930 3328 4969 ea
3354 4931 3474 4985 quae

1923 5007 2124 5075 injuste
2157 5007 2473 5075 acquisivit,
2501 5015 2555 5061 et
2582 5005 2950 5075 penitentiam
3003 5011 3157 5072 agat,
3190 5004 3240 5057 id
3265 5012 3346 5057 est
3370 5045 3384 5069 ,
3412 5020 3479 5060 se

1924 5097 2177 5164 injuriam
2209 5095 2405 5150 fecisse
2443 5110 2582 5164 egre
2633 5094 2799 5156 ferat,
2831 5100 2885 5146 et
2914 5090 3079 5144 Deum
3111 5098 3228 5146 oret
3261 5101 3319 5145 ut
3369 5094 3470 5147 sibi

1925 5190 2143 5253 peccata
2173 5184 2567 5238 condonantur.
2595 5181 2660 5235 Et
2693 5197 2814 5235 cum
2847 5180 2959 5234 haec
2991 5180 3198 5242 fecerit,
3229 5182 3272 5234 si
3307 5182 3467 5235 intel-

1923 5273 2140 5334 texeris,
2171 5272 2273 5326 hoc
2305 5281 2386 5326 est
2409 5314 2423 5335 ,
2465 5273 2509 5325 si
2533 5269 2886 5338 cognoveris,
2921 5268 3063 5337 quod
3097 5270 3210 5338 lege
3253 5267 3343 5323 Dei
3380 5283 3469 5322 ac-

1924 5361 2097 5424 ccdit,
2156 5376 2247 5416 seu
2294 5361 2434 5414 bona
2463 5357 2832 5422 conscientia,
2887 5372 3006 5426 qua:
3059 5371 3164 5410 non
3201 5355 3301 5409 [ει-ι
3335 5369 3392 5409 se
3437 5369 3472 5408 a

1924 5449 2159 5504 fidelium
2182 5450 2558 5503 communione
2573 5463 2693 5504 esse
2711 5454 3031 5515 separatam,
3045 5452 3265 5514 promer
3277 5442 3438 5496 Deum
3451 5479 3470 5506 ,

1922 5546 1976 5592 et
2006 5552 2114 5591 non
2142 5548 2358 5607 prepter
2385 5537 2660 5592 hominum
2689 5536 2942 5607 pudorem
2969 5575 2982 5599 ,
3007 5543 3136 5588 tunc
3161 5531 3212 5587 ei
3243 5533 3465 5601 permit-

1926 5639 2005 5682 tes
2027 5642 2151 5682 cum
2189 5627 2436 5683 ﬁdelibus
2463 5628 2672 5700 populis
2706 5626 3105 5683 communicare
3141 5633 3194 5680 et
3223 5623 3279 5677 in
3312 5622 3466 5693 hym-

1925 5716 2011 5772 nis
2031 5717 2345 5773 consistere.
