4110 6452
647 359 749 425 915

1919 364 2192 428 ΤΗΕΟῙ).
2217 366 2611 429 BALSAMON

3768 363 3867 428 9l6

989 601 1459 724 BEATI
1557 600 2129 727 NOSTRI
2227 601 2795 727 PATRIS
2892 603 3536 726 CYRILLI

1727 788 2252 849 AltCHlEPlSCOPI
2287 790 2780 846 ALEXANDBINI.

1606 879 1990 972 EPISTOLA
2038 909 2449 973 cauomea
2490 911 2569 970 1N
2614 906 2920 971 HYMNIS

1727 1119 1862 1172 ΤΟΥ
1897 1119 1989 1174 ΕΝ
2027 1117 2250 1172 ΔΓιΟῐΣ
2281 1117 2548 1173 ΠΑΤΡΟΣ
2585 1118 2784 1175 ΗΜΩΝ

1006 1240 1578 1330 ΚΥΡΙΛΛΟΥ
1653 1240 2580 1328 ΑΡΧΙΕΠΙΣΚΟΠΟΥ
2653 1235 3484 1334 ΑΛΕΞΑΝΔΡΕΙΑΣ

1552 1383 1896 1438 ΕΠΙΣΤΟΛΗ
1947 1382 2314 1436 ΚΔΝΟΝῘΚΗ
2358 1383 2448 1437 EN
2486 1381 2646 1438 ΤΟΙΣ
2677 1385 2962 1442 ΥΜΝΟΙΣ.

710 1534 949 1605 Cyrillus
983 1531 1052 1586 ad
1088 1531 1380 1588 Domnum.

2382 1527 2651 1603 Κύριλλος
2680 1534 2816 1600 πρὸς
2850 1535 3076 1607 Δόμνον.

715 1659 1061 1728 Unaquaeque
1107 1674 1195 1713 res
1225 1669 1434 1723 nostra,
1467 1662 1681 1730 quando
1714 1664 1905 1720 ordine
1943 1669 2204 1721 canonico

2371 1668 2614 1722 Ἕκαστα
2650 1667 2759 1720 τῶν
2812 1667 2933 1722 καθ’
2979 1669 3126 1739 ἡμᾶς
3175 1669 3518 1738 πραγμάτων
3557 1669 3690 1722 ὅταν
3735 1667 3856 1721 εὖθδ

641 1761 789 1804 recta
816 1749 1058 1818 procedit
1081 1790 1094 1810 .
1131 1751 1339 1804 nullum
1371 1751 1590 1820 quidem
1635 1753 1688 1806 in
1723 1754 1882 1808 nobis
1915 1757 2205 1812 tumultum

646 1839 946 1907 ingenerat,
994 1848 1050 1893 et
1080 1855 1108 1893 a
1148 1841 1535 1895 nonnullorum
1568 1843 1945 1898 maledicentia
1971 1845 2165 1900 liberat
2188 1887 2204 1910 .

644 1930 728 1983 vel
761 1931 942 1998 mlius
968 1945 1159 1984 eorum
1206 1933 1298 2000 qui
1327 1933 1542 2002 sapiunt
1586 1933 1800 1989 laudem
1835 1937 1993 1991 nobis
2025 1939 2208 1993 conci-

641 2013 757 2069 liat.
783 2017 916 2082 Quis
944 2017 1090 2070 enim
1120 2033 1225 2072 non
1250 2019 1426 2074 obviis
1452 2061 1464 2082 ,
1494 2029 1552 2074 ut
1583 2022 1756 2088 aiunt,
1798 2023 1942 2078 ulnis
1973 2025 2208 2096 excipiat

641 2107 708 2160 de
743 2106 1014 2174 aliquibus
1067 2109 1331 2176 prolatam
1398 2112 1752 2177 sententiam,
1801 2129 1922 2184 qua:
1957 2131 2058 2171 nec
2101 2117 2210 2172 huc

641 2208 746 2249 uec
785 2196 913 2249 illuc
951 2195 1282 2249 inclinetur?
1315 2197 1405 2250 Vel
1437 2201 1706 2266 quomodo
1733 2217 1840 2256 non
1871 2204 1942 2258 sit
1967 2205 2034 2258 ab
2060 2207 2209 2264 omni

643 2288 1067 2358 reprehensione
1103 2288 1362 2349 alienum.
1402 2290 1486 2344 vel
1524 2291 1705 2360 potius
1732 2308 2060 2365 magnopere
2096 2296 2214 2352 lan-

645 2379 906 2440 dandurn,
934 2379 976 2431 si
1011 2388 1154 2432 recte
1189 2391 1244 2434 et
1267 2380 1411 2448 juste
1440 2380 1751 2448 judicetur?

714 2469 778 2520 fit
800 2468 910 2522 luce
926 2467 1146 2536 quidem
1174 2485 1317 2524 nunc
1341 2470 1520 2524 scribo
1541 2471 1605 2524 ad
1628 2473 1883 2540 pietatem
1905 2482 2072 2539 tuam,
2091 2491 2212 2547 quas

649 2553 700 2605 iu
774 2557 963 2610 litteris
1034 2558 1099 2610 ad
1270 2573 1356 2612 me
1388 2567 1442 2612 et
1476 2559 1940 2630 religiosissimum
1987 2565 2202 2622 fratrem

645 2652 885 2709 nostrum
908 2653 962 2698 et
983 2646 1362 2716 coepiscopum
1397 2648 1641 2702 Proclum
1668 2651 1866 2715 missis,
1897 2654 2212 2724 episcopum

643 2735 862 2801 quidem
911 2735 1196 2797 nominet,
1245 2737 1511 2806 imprimis
1570 2739 1720 2808 pium
1779 2757 1841 2796 ac
1896 2742 2208 2814 religiosum

644 2821 863 2876 Petrum
898 2841 911 2874 ε
954 2839 1077 2877 cum
1119 2824 1232 2893 ipse
1264 2827 1612 2892 lamentetur,
1662 2845 1826 2898 seque
1868 2831 1936 2885 ab
1969 2833 2212 2889 Ecclesia

645 2912 748 2965 sibi
782 2912 1042 2966 attributa
1072 2922 1267 2982 praeter
1313 2915 1579 2970 rationem
1619 2917 1853 2986 ejectum
1883 2935 2003 2974 esse
2045 2921 2210 2976 dicat.

2297 1755 2527 1827 φέρηται
2549 1755 2840 1826 κανονικῆς
2869 1756 3146 1823 εὐταξίας,
3206 1757 3400 1808 οὐδένα
3434 1756 3536 1824 μὲν
3565 1757 3701 1826 ἡμῖν
3730 1756 3863 1809 ἐντί·-

2295 1863 2412 1900 κτει
2437 1845 2679 1917 θόρυϐον,
2714 1847 3040 1901 ἀπαλλάττει
3073 1847 3128 1900 δὲ
3151 1848 3358 1916 καὶτῆς
3382 1847 3529 1918 παρά
3555 1863 3722 1900 τινων
3745 1847 3860 1902 δυσο

2296 1937 2524 2006 φημίας,
2560 1938 2757 2006 μᾶλλον
2775 1936 2830 1988 δὲ
2857 1937 2950 1989 καὶ
2977 1939 3074 2000 τὰς
3106 1937 3256 2006 παρὰ
3284 1938 3390 1990 τῶν
3428 1933 3489 1991 εὖ
3524 1938 3860 2007 φρονούντων

2296 2030 2572 2099 εὐφημίας
2594 2031 2726 2099 ἡμῖν
2762 2027 3026 2098 προξενεῖ.
3059 2027 3154 2090 Τίς
3179 2027 3289 2098 γὰρ
3318 2028 3417 2080 οὐκ
3449 2028 3517 2080 ἂν
3545 2029 3858 2096 ἀποδέξαιτο

2295 2121 2472 2191 ψῆφον
2498 2118 2853 2192 άπροσκλινῆ,
2879 2121 3032 2189 εἴπερ
3063 2118 3128 2172 ἄν
3158 2119 3356 2186 γίνοιτο
3387 2119 3538 2189 παρά
3563 2137 3762 2184 τινων;
3792 2121 3857 2173 Ἦ

2298 2212 2416 2274 πῶς
2441 2212 2502 2264 τὸ
2525 2211 2727 2282 κρίνειν
2747 2209 2920 2281 ὀρθῶς
2947 2211 3040 2261 καὶ
3070 2209 3308 2278 εννόμως
3337 2210 3435 2262 ούκ
3461 2210 3852 2279 ἀνεπίπληκτον.

2297 2303 2467 2367 ἔσται,
2503 2302 2700 2372 μᾶλλον
2729 2301 2784 2354 δὲ
2809 2302 3007 2365 παντὸς
3029 2301 3246 2354 ἐπαίνου
3281 2300 3509 2370 μεστ6ν;

2369 2477 2480 2532 Καὶ
2507 2476 2678 2529 ταῦτα
2713 2474 2906 2546 γράφω
2950 2474 3067 2526 νυνὶ
3106 2477 3170 2545 τῇ
3206 2476 3269 2544 σῇ
3306 2473 3616 2545 θεοσεϐείᾳ,
3662 2474 3719 2527 ὲν
3751 2473 3855 2537 τοῖς

2299 2569 2494 2638 ἑαυτῆς
2521 2568 2807 2639 γράμμασι
2835 2569 2944 2628 τοῖς
2981 2565 3218 2618 σταλεῖσι
3253 2564 3384 2634 πρὸς
3414 2565 3512 2633 ἐμέ
3550 2581 3611 2616 τε
3654 2567 3744 2617 καὶ
3772 2565 3851 2616 τὸν

2299 2659 2593 2713 ὁσιώτατον
2616 2659 2708 2712 καὶ
2734 2657 3145 2711 θεοσεϐέστατον
3170 2655 3395 2724 ἀδελφὸν
3425 2655 3585 2725 ἡμῶν
3614 2657 3710 2708 καὶ
3737 2672 3852 2708 συν-

2299 2751 2594 2803 επίσκοπον
2648 2749 2922 2819 Πρόκλον,
2983 2748 3278 2799 ἐπίσκοπον
3328 2747 3428 2815 μὲν
3490 2745 3852 2814 ὀνομαζούσης

2299 2837 2388 2891 τὸν
2418 2837 2804 2889 εύλαϐέστατον
2830 2836 2919 2887 καὶ
2942 2833 3349 2902 θεοφιλέστατον
3373 2833 3577 2904 Πέτρον
3596 2851 3607 2862 ·
3628 2833 3787 2886 αὐτοῦ
3803 2835 3852 2885 δὲ

2301 2928 2595 2989 κλαίοντος,
2641 2925 2733 2979 καὶ
2774 2925 2873 2992 τῆς
2916 2924 3307 2993 ἐκνεμηθείσης
3354 2923 3501 2993 αὑτῷ
3539 2925 3854 2994 Ἐκκλησίας

645 3000 776 3057 Erat
801 3011 980 3056 autem
1023 3011 1446 3057 consentaneum
1477 3015 1535 3058 ut
1565 3008 1646 3060 vel
1675 3008 1967 3064 sacerdotii
2012 3027 2210 3066 nomen

2307 3017 2626 3088 παραλόγως
2653 3015 2970 3084 κεκινῆσθαι
2993 3014 3257 3081 λέγοντος.
3290 3010 3396 3067 Ἦν
3425 3013 3470 3066 δ’
3504 3015 3790 3067 ἀκόλουθον
3822 3015 3850 3082 ἦ

646 3107 769 3144 eum
791 3108 847 3146 re
865 3092 1109 3151 haberet.
1138 3092 1244 3156 vel,
1269 3092 1312 3145 si
1335 3108 1442 3145 non
1470 3105 1585 3148 erat
1602 3095 1796 3166 dignus
1820 3107 1878 3152 ut
1896 3100 2053 3154 altari
2079 3116 2215 3170 pras-

2307 3109 2360 3159 τδ
2396 3108 2492 3174 τῆς
2524 3105 2818 3176 ἱερωσύνης
2861 3105 3034 3174 ὄνομα
3075 3105 3212 3175 μετὰ
3241 3105 3334 3157 τοῦ
3368 3106 3694 3174 πράγματος
3723 3107 3854 3174 ἔχειν

645 3194 812 3247 esset,
834 3200 934 3238 nec
960 3185 1072 3253 ipsa
1093 3185 1314 3253 quidem
1337 3185 1683 3255 episcopatus
1702 3190 1986 3243 vocatione
2016 3191 2211 3260 dignus

648 3275 964 3330 haberetur.
1000 3275 1104 3330 Sed
1133 3276 1185 3329 id
1215 3275 1444 3330 fortasse
1475 3277 1618 3344 quod
1642 3277 1782 3338 dico,
1807 3278 2142 3336 durumesse
2158 3291 2214 3335 et

647 3367 932 3421 eharitatis
955 3382 1154 3436 expers
1190 3367 1485 3420 videbitur.
1520 3367 1626 3420 Res
1655 3376 1836 3422 autem
1870 3385 2057 3424 revera
2101 3386 2212 3426 non

649 3458 720 3511 ita
747 3474 803 3512 se
842 3458 1022 3512 habet.
1059 3457 1166 3512 Nos
1190 3458 1334 3511 enim
1373 3457 1519 3512 senis
1553 3459 1739 3527 utique
1777 3459 2021 3515 misereri
2054 3471 2212 3530 puta-

648 3564 792 3612 mus,
817 3549 860 3601 si
899 3549 1075 3602 solum
1110 3548 1158 3600 ei
1193 3562 1390 3601 nomen
1432 3547 1814 3615 reliquerimus
1845 3565 1858 3610 ;
1905 3548 1998 3602 sed
2038 3551 2212 3604 multo

650 3641 844 3693 melius
867 3648 985 3692 erat
1017 3637 1162 3693 aliud
1190 3653 1405 3708 quoque
1425 3637 1787 3692 considerare.
1817 3639 1955 3692 Dicit
1982 3640 2128 3694 enim
2154 3656 2212 3696 se

650 3744 802 3781 suam
825 3728 1043 3796 quidem
1077 3741 1235 3796 posse
1261 3742 1475 3780 causam
1507 3727 1755 3796 probare,
1790 3737 1844 3781 at
1885 3727 2216 3789 defensionis

653 3827 868 3887 tempus
891 3817 993 3870 sibi
1022 3833 1129 3871 non
1165 3831 1284 3871 esse
1307 3817 1492 3870 datum
1521 3857 1534 3881 ,
1560 3831 1660 3870 nec
1691 3816 2023 3870 auditionem
2048 3834 2215 3874 cano-

652 3908 833 3960 nicam
876 3906 979 3959 sibi
1027 3905 1192 3959 fuisse
1233 3919 1564 3960 concessam.
1599 3904 1694 3959 Sin
1735 3915 1915 3960 autem
1953 3906 2056 3961 tale
2081 3907 2216 3977 quid

652 3998 856 4052 factum
906 4004 1070 4058 esset,
1105 3998 1220 4066 ipsa
1258 4006 1499 4051 actorum
1542 3995 1828 4066 productio
1873 4014 1999 4054 eum
2026 3998 2215 4052 convi-

653 4090 819 4142 cisset
853 4104 1002 4142 reum
1046 4088 1418 4156 impositorum
1452 4088 1551 4156 ipsi
1589 4087 1876 4142 criminum
1899 4131 1912 4153 ,
1941 4104 2042 4145 nec
2073 4098 2218 4145 esset

655 4180 803 4248 quod
853 4194 910 4232 se
961 4179 1157 4248 injuria
1208 4177 1463 4232 affectum
1524 4187 1882 4247 quereretur;
1934 4179 2015 4233 vel
2067 4186 2216 4234 certe

655 4268 963 4320 absolutum
990 4283 1114 4319 eum
1141 4267 1645 4328 declarans,rursus
1665 4267 1986 4322 concederet
2009 4276 2220 4337 utpra-

655 4367 801 4411 esset
848 4357 1100 4410 Ecclesiae
1137 4371 1259 4425 qua!
1290 4357 1366 4409 illi
1408 4357 1649 4425 subjecta
1691 4358 1808 4412 fuit.
1859 4359 1995 4414 Cum
2037 4371 2216 4417 autem
2241 4384 2280 4436 (ς

657 4448 794 4502 nihil
831 4447 1028 4500 factum
1061 4447 1131 4501 sit
1165 4444 1431 4515 ejusmodi
1459 4485 1472 4507 ,
1502 4445 1568 4499 de
1599 4461 1658 4499 re
1693 4447 1913 4514 quidem
1952 4449 2058 4503 alta
2086 4464 2218 4507 voce

657 4538 926 4605 queritur,
944 4544 998 4589 et
1016 4534 1411 4589 intolerabilem
1428 4533 1679 4604 injuriam
1701 4548 1757 4588 se
1771 4533 1905 4589 dicit
1922 4536 2218 4613 accepisse,

659 4649 712 4693 et
737 4639 918 4704 imque
941 4640 1170 4704 ejectum
1198 4644 1337 4690 esse,
1369 4625 1631 4695 adjicicns
1666 4641 1778 4680 rem
1815 4640 2031 4680 omnem
2066 4623 2219 4677 fami-

661 4731 848 4784 liarem
871 4740 1022 4780 suam
1045 4722 1347 4790 ademptam
1371 4719 1474 4774 sibi
1506 4718 1690 4772 fuisse.

731 5011 842 5063 Tua
867 5010 1044 5075 itaque
1078 5002 1352 5067 sanctitas,
1387 5001 1739 5058 considerans
1761 5009 1817 5054 et
1847 4998 1988 5068 quod
2016 4997 2215 5051 divinis

661 5102 956 5156 canouibus
985 5098 1249 5150 sancitum
1277 5106 1377 5158 est,
1406 5104 1459 5148 et
1496 5094 1637 5163 quod
1665 5092 1918 5147 Ecclesiae
1941 5089 2215 5149 convenit,

661 5195 834 5261 iisque
863 5189 953 5259 qui
995 5198 1121 5242 sunt
1173 5187 1224 5239 in
1267 5201 1418 5240 sacro
1459 5172 1764 5237 ministerio
1795 5181 2013 5242 initiati,
2039 5190 2213 5234 etno-

660 5294 890 5336 strarum
916 5288 1171 5349 praeterea
1203 5277 1502 5329 litterarum
1527 5273 1792 5325 rationem
1810 5270 2035 5332 ducens,
2061 5269 2216 5322 sistat

662 5371 808 5425 senis
841 5369 1102 5437 laerymas
1130 5383 1142 5428 ;
1174 5374 1230 5418 et
1271 5363 1314 5416 si
1357 5362 1484 5415 velit
1510 5361 1729 5429 quidem
1763 5373 1888 5412 eum
1919 5358 1984 5412 iis
2011 5357 2218 5427 judicio

661 5457 983 5513 contendere
1005 5455 1095 5522 qui
1119 5453 1344 5505 crimina
1371 5451 1423 5503 in
1448 5463 1572 5503 eum
1605 5447 1908 5510 intendunt,
1935 5443 2078 5514 apud
2101 5458 2222 5499 san-

663 5553 902 5604 ctitatem
938 5557 1080 5598 tuam
1134 5559 1230 5612 pro
1269 5557 1416 5594 more
1455 5539 1664 5608 litiget,
1699 5554 1803 5591 una
1835 5537 2042 5591 scilicet
2082 5535 2220 5588 assi-

663 5640 931 5695 stentibus
960 5636 1049 5703 qui
1085 5635 1180 5686 tibi
1215 5633 1445 5685 subsunt
1477 5629 1776 5698 episcopis,
1807 5628 1913 5680 nisi
1949 5626 2086 5680 forte
2119 5624 2217 5677 ali-

663 5743 800 5798 quos
831 5734 1036 5780 I'Ct“.|:~‘.tl
1062 5734 1114 5774 ut
1160 5730 1451 5787 sumemus.
1491 5718 1709 5771 Nullum
1750 5717 1892 5768 (uim
1927 5711 2220 5781 religiosis-

2302 3197 2482 3258 αὐτὸν,
2503 3199 2666 3265 ἡγουν
2697 3197 2851 3265 εἴπερ
2871 3195 2946 3265 μὴ
2975 3191 3041 3264 ἦν
3071 3196 3217 3260 ἄξιος
3242 3196 3335 3248 τοῦ
3360 3197 3690 3264 προεστάναι
3720 3196 3852 3248 θείου

2305 3283 2719 3354 θυσιαστηρίου,
2759 3285 2884 3353 μηδ’
2929 3285 3064 3353 αὐτῇ
3099 3285 3357 3352 τιμᾶσθαι
3403 3288 3468 3353 τῇ
3518 3287 3708 3352 κλήσει
3765 3283 3853 3351 τῆς

2305 3373 2626 3440 ἐπισκοπῆς.
2679 3371 2817 3423 Ἀλλ’
2869 3371 2998 3434 ἴσως
3033 3371 3232 3436 δόξειεν
3279 3372 3345 3425 ἂν
3382 3376 3447 3442 τῇ
3485 3375 3549 3442 σῇ
3596 3372 3854 3438 θεοφιλείᾳ

2307 3461 2535 3530 σκληρὸς
2579 3455 2716 3512 εἷναί
2746 3476 2826 3522 τις
2857 3460 2950 3512 καὶ
2993 3459 3353 3530 ἀφιλάλληλος
3389 3463 3416 3512 ὀ
3445 3462 3574 3530 παρ’
3611 3459 3745 3527 ἐμοῦ
3776 3458 3855 3509 λό-

2305 3569 2416 3620 γος.
2457 3552 2610 3620 Ἔχει
2640 3550 2696 3602 δὲ
2735 3551 2832 3619 οὐχ
2864 3550 3036 3612 οὓτως
3074 3551 3216 3604 κατὰ
3260 3553 3321 3604 τὸ
3351 3551 3570 3619 ἀληθές.
3621 3551 3853 3618 Ἐλεῆσαι

2302 3641 2408 3710 γὰρ
2437 3640 2575 3709 τάχα
2606 3655 2706 3690 που
2733 3639 3028 3708 νομίζομεν
3059 3639 3149 3691 τὸν
3180 3639 3494 3709 πρεσϐύτην
3523 3641 3694 3710 μόνην
3720 3639 3853 3707 αὐτῷ

2301 3730 2399 3799 τὴν
2427 3729 2616 3796 κλῆσιν
2643 3727 2870 3796 ἀφέντες
2893 3742 2906 3756 ·
2947 3727 3140 3797 μακρῷ
3168 3727 3224 3780 δὲ
3251 3723 3318 3797 ἦν
3361 3729 3586 3796 ἄμεινον
3619 3729 3852 3797 ἐννοῆσαι

2303 3819 2394 3869 καὶ
2424 3817 2483 3868 τὸ
2503 3817 2708 3885 ἕτερον.
2755 3816 2956 3869 Φάσκει
2981 3816 3086 3884 γὰρ
3112 3817 3172 3867 ού
3193 3814 3456 3868 δύνασθαι
3489 3817 3586 3884 μὲν
3607 3818 3851 3885 συστῆναι

2302 3910 2367 3974 τῇ
2403 3905 2581 3975 οἰκεία
2607 3904 2868 3973 τ’νπολήψει
2894 3920 2906 3933 ⁸
2937 3904 2998 3956 οὐ
3027 3904 3208 3957 λαϐεῖν
3238 3905 3294 3958 δὲ
3318 3905 3510 3976 καιρὸν
3548 3907 3850 3972 ἀπολογίας,

2303 3997 2427 4050 οὒτε
2465 3998 2572 4067 μὴν
2612 3995 2873 4066 ἀκρόασιν
2921 3994 3067 4064 αὑτῷ
3104 3995 3436 4065 προτεθῆναι
3467 3998 3775 4065 κανονικήν.
3799 3997 3854 4048 Et

2305 4087 2348 4140 δ’
2381 4089 2622 4156 ἐγεγόνει
2670 4103 2722 4138 τι
2761 4083 3020 4147 τοιοῦτον,
3062 4085 3200 4154 αὑτὴ
3250 4085 3358 4139 τῶν
3390 4085 3791 4155 ὑπομνημάτων
3826 4087 3856 4154 ἡ

2309 4179 2562 4240 σύστασις
2583 4176 2860 4246 διήλεγξεν
2883 4173 2949 4226 ἂν
2965 4175 3124 4228 αύιεν
3145 4175 3176 4245 ἢ
3194 4176 3388 4228 ἁλόντα
3407 4176 3517 4237 τοῖς
3531 4175 3857 4244 αίτιάμασιν,

2309 4270 2546 4340 ῆενοχον
2570 4264 3026 4334 άποπεφασμένον
3055 4266 3149 4318 καὶ
3175 4266 3324 4319 οὐδὲν
3360 4266 3555 4335 ἔχοντα
3580 4264 3765 4316 λοιπὸν
3791 4265 3860 4315 εί-

2309 4365 2428 4414 πείν
2460 4360 2534 4424 ὡς
2579 4357 2928 4427 ἠδικημένον,
2973 4357 3140 4426 ηγουν
3183 4355 3465 4425 ἐλεύθερον
3504 4356 3858 4423 ἀποφήνασα,

2307 4451 2466 4505 πάλιν
2498 4447 2666 4501 ὲδίδου
2711 4447 2771 4500 τὸ
2804 4446 3132 4516 προεστάναι
3162 4445 3260 4512 τῆς
3298 4445 3660 4515 Ἐκκλησίας,
3702 4445 3735 4513 ἢ
3777 4443 3863 4496 καὶ

2312 4541 2411 4596 imo
2433 4541 2588 4610 χεῖρα
2621 4537 2810 4605 γέγονε
2849 4537 2946 4607 τὴν
2988 4535 3171 4589 αὑτοῦ.
3205 4535 3431 4596 Οὐδενὸς
3457 4536 3515 4588 δὲ
3557 4533 3866 4603 πεπραγμά-

2320 4641 2407 4676 νου
2440 4623 2700 4682 τοιούτου,
2735 4618 2980 4688 καταϐοᾷ
3008 4635 3101 4671 του
3145 4633 3466 4687 πράγματος
3488 4655 3503 4677 .
3533 4633 3629 4668 και
3668 4617 3870 4671 ἀδικίαν

2317 4711 2588 4781 ἀφόρητον
2614 4708 2906 4776 ὑποστῆναι
2935 4724 3090 4777 φησι,
3109 4708 3201 4760 καὶ
3220 4699 3475 4775 ἀθέσιίως
3499 4706 3868 4775 ἐκϐεϐλῆσθαι,

2319 4801 2682 4870 προσεπάγων
2729 4801 2812 4852 ὅτι
2865 4801 2960 4852 καὶ
2987 4797 3210 4868 ἡρπάγη
3258 4796 3437 4849 πάντα
3485 4795 3555 4849 τά
3611 4795 3872 4866 προσόντα

2319 4891 2464 4960 αύτῷ
2493 4892 2594 4960 χρή
2604 4906 2769 4959 ματα.

2403 4985 2464 5036 'H
2489 4983 2555 5052 σὴ
2575 4980 2859 5051 τοιγαροῦν
2871 4980 3104 5048 ὁσιότης,
3122 4977 3372 5030 ἐννοοῦσα
3385 4975 3480 5028 καὶ
3499 4975 3560 5027 τὸ
3581 4978 3692 5036 τοῖς
3719 4974 3870 5036 θείοις

2321 5074 2509 5128 κανόσι
2536 5071 2742 5135 δοκοῦν,
2773 5073 2866 5124 καὶ
2891 5070 2952 5122 τὸ
2983 5069 3188 5138 πρέπον
3218 5069 3283 5136 τῇ
3329 5065 3623 5134 Ἐκκλησία
3658 5066 3748 5116 καὶ
3773 5065 3874 5122 τοῖς

2319 5167 2670 5233 τεταγμένοις
2701 5166 2780 5226 είς
2817 5162 2966 5232 ἱερὰν
2989 5159 3327 5228 λειτουργίαν
3355 5173 3368 5186 ο
3401 5157 3478 5208 ἔτι
3506 5173 3565 5206 τε
3597 5156 3733 5225 πρὸς
3763 5153 3874 5205 τού⁹

2318 5272 2451 5317 τοις,
2488 5256 2581 5306 καὶ
2619 5254 2688 5305 τά
2739 5254 2867 5320 παρ’
2922 5248 3077 5317 ἡμῶν
3122 5245 3502 5314 δυσωπηθεῖσα
3549 5245 3872 5312 γράμματα.

2323 5345 2573 5414 στησάτω
2619 5340 2710 5393 τοῦ
2760 5339 3069 5409 πρεσϐύτου
3128 5336 3186 5387 τὸ
3238 5335 3490 5404 δάκρυον.
3539 5333 3651 5384 Καὶ
3691 5334 3736 5383 εί
3791 5332 3876 5399 μὲν

2321 5436 2495 5488 ἕλοιτο
2536 5431 2859 5486 δικάσασθαι
2919 5429 3053 5499 πρὸς
3087 5429 3206 5490 τοὺς
3249 5427 3555 5491 ἐπάγοντας
3589 5423 3741 5491 αὺτῷ
3791 5422 3877 5481 τὰς

2323 5527 2522 5590 αἰτίας,
2546 5521 2847 5585 δικαζέσθω
2873 5520 3011 5572 κατὰ
3032 5519 3091 5570 τὸ
3109 5517 3293 5576 εἰωθὸς
3313 5514 3406 5567 ἐπὶ
3429 5515 3528 5582 τῆς
3556 5513 3873 5574 θεοσεϐείας*

2325 5615 2718 5686 συμπαρόντων
2770 5610 3011 5680 δηλονότι
3056 5609 3162 5658 τὼν
3221 5607 3322 5657 ὑπλι
3357 5605 3454 5669 τὴν
3514 5605 3681 5667 αὐτῆς
3737 5604 3874 5670 χεῖρα

2326 5707 2752 5761 θεοτεϐεττέιτιιγι
2793 5704 3102 5754 ³ττισγίῖττιιιν
3133 5715 3138 5721 ·
3175 5697 3326 5757 ἐκτδις
3363 5699 3404 5745 τε
3453 5696 3528 5762 μὴ
3577 5687 3878 5764 παροιτοῑτό
