4110 6490
260 393 363 465 θίτ

1237 400 1313 461 ΙΝ
1355 399 1596 462 EPIST.
1633 402 1695 461 S.
1737 400 2038 462 CYlllLLl
2068 404 2166 463 ΑΙ)
2210 402 2557 474 DOMNUM.

3397 408 3502 469 918

261 534 414 582 τινας
442 521 516 583 ὡς
547 521 838 585 ὑπόπτους.
875 520 1074 575 Οὐδένα
1104 519 1199 590 μὲν
1223 518 1330 594 γὰρ
1358 522 1464 575 τῶν
1488 520 1836 580 θεοσεσεστάα

1952 524 2205 578 simorum
2232 524 2608 594 episeoporum
2627 521 2680 577 in
2702 525 2920 580 fratrem
2945 528 3162 582 inimico
3185 541 3303 581 esse
3329 536 3509 580 animo

264 626 371 662 των
418 612 730 666 ἐπισκόπων
779 613 945 682 ἐχθρὰ
975 615 1190 683 φρονεῖν
1235 614 1446 684 ἀδελφῷ
1486 614 1828 685 πιστεύομεν.

265 699 384 754 Ἵνα
426 703 482 755 δὲ
528 703 602 774 μὴ
643 704 909 773 πρόφασις
949 703 1086 773 αὓτη
1138 704 1394 773 γένηται,
1425 703 1522 773 τῆν
1567 706 1832 776 ἐσομένην

263 790 349 840 ἐπ’
398 792 544 862 αὐτῷ
585 793 764 863 κρίσιν
805 793 1180 863 παραλύουσα,
1219 795 1352 864 πρὸς
1391 794 1451 846 τὸ
1495 793 1569 862 μὴ
1599 795 1655 846 ἐν
1706 794 1830 865 δίκῃ

263 882 590 950 πεποιῆσθαι
623 883 818 947 δοκεῖν,
861 884 1012 936 οὐδέν
1039 885 1155 937 ἐστι
1180 884 1240 937 τὸ
1261 882 1464 936 λυποῦν
1495 884 1711 939 ἀπεῖναι
1741 886 1830 939 τοῦ

261 973 540 1043 συνεδρίου
571 973 677 1027 τῶν
707 975 763 1026 ἐν
791 972 996 1044 ὑποψίᾳ
1021 975 1193 1037 τίνάς.

335 1067 530 1123 ΒΑΛΣ.
553 1069 625 1122 Τὸ
657 1073 944 1142 προοίμιον
968 1075 1064 1144 τῆς
1089 1077 1375 1146 ἐπιστολῆς
1397 1079 1654 1147 τοιαύτης
1686 1077 1831 1131 ἐστὶν

260 1152 490 1218 ἐννοίας.
508 1157 674 1226 Φησιν
695 1162 721 1213 6
737 1159 892 1229 ἆγιος
911 1179 925 1192 ·
947 1164 1066 1216 Ὀτι
1098 1165 1166 1218 τὰ
1192 1166 1314 1220 καθ’
1346 1168 1490 1237 ἡμᾶς
1513 1169 1832 1238 πράγματα.

259 1243 332 1295 τὰ
361 1245 792 1316 ἐκκλησιαστικὰ
821 1253 1082 1323 δηλονότι,
1109 1255 1142 1324 ἤ
1175 1256 1358 1323 ἁπλῶς
1388 1259 1453 1312 τὰ
1495 1257 1830 1328 ἀνθρώπινα,

259 1332 393 1386 ὅταν
419 1336 544 1389 κατ’
573 1340 836 1412 εὐθύτητα
869 1345 1156 1416 κανονικὴν
1179 1347 1556 1414 διεξάγωνται,
1585 1349 1710 1402 οὔτε
1739 1349 1834 1402 θόν

259 1423 429 1494 ρυσον
459 1429 590 1497 ἡμῖν
620 1430 930 1499 ἐπάγουσιν,
953 1432 1077 1488 οὔτε
1108 1437 1421 1508 δυσφημίαν
1449 1440 1598 1508 παρά
1633 1458 1794 1494 τινων
1818 1459 1829 1474 ·

257 1521 402 1576 ἀλλὰ
465 1526 666 1594 μᾶλλον
753 1529 1008 1594 ἐπαίνους
1065 1533 1199 1600 ἡμῖν
1270 1535 1542 1603 προξενεῖ.
1609 1531 1675 1588 Ἥ
1728 1535 1838 1604 γὰρ

1947 614 2242 669 credimus.
2287 614 2364 668 Ne
2405 622 2589 668 autem
2618 614 2708 668 hic
2737 625 3032 684 praztextus
3069 620 3316 671 futurum
3352 616 3418 671 de
3444 633 3510 672 eo

1941 703 2206 774 judicium
2242 704 2530 772 dissolvat,
2559 718 2618 762 ut
2645 724 2755 763 non
2788 710 2910 777 jure
2940 708 3143 763 factum
3173 724 3291 764 esse
3321 708 3510 763 videa-

1947 802 2053 858 tur,
2081 809 2184 847 non
2215 811 2373 864 grave
2402 807 2484 852 est
2511 811 2541 851 a
2571 813 2828 853 consessu
2852 798 3040 854 abesse
3063 816 3251 855 eorum
3303 802 3397 871 qui
3421 817 3512 856 su-

1942 886 2112 954 specti
2142 893 2268 940 sunt
2290 887 2520 956 aliquos.

2016 1079 2211 1135 BALS.
2255 1081 2580 1136 Prommium
2608 1081 2852 1150 epistolae
2893 1081 3033 1135 lnmc
3074 1079 3234 1133 habet.
3267 1093 3507 1132 sensum.

1943 1170 2084 1226 Dicit
2109 1184 2327 1228 sanctus
2361 1191 2374 1227 :
2402 1175 2503 1227 Res
2540 1181 2758 1236 nostrae,
2785 1171 2990 1226 scilicet
3009 1169 3405 1232 ecclesiaslicm,
3431 1168 3514 1222 vel

1940 1263 2256 1332 simpliciter
2306 1264 2570 1328 humanae,
2607 1266 2823 1334 quando
2882 1263 3142 1317 canonica
3191 1261 3519 1316 rectitudine

1941 1354 2256 1420 procedunt,
2309 1370 2404 1406 nec
2458 1354 2612 1408 nobis
2664 1354 2946 1408 tumultum
3011 1355 3351 1422 ingenerant,
3416 1369 3518 1408 nec

1944 1442 2244 1509 aliquorum
2270 1443 2577 1506 maledicta,
2609 1444 2699 1498 sed
2727 1443 2914 1500 laudes
2939 1445 3094 1500 nobis
3127 1445 3306 1513 potius
3336 1446 3521 1499 conci-

1947 1531 2101 1585 liant.
2131 1530 2400 1588 Iudicium
2435 1537 2599 1598 enim,
2631 1533 2774 1603 quod
2805 1549 2904 1590 nec
2939 1535 3042 1590 huc
3073 1549 3170 1591 nec
3205 1535 3330 1589 illuc
3353 1534 3514 1589 incli-

260 1613 631 1687 ἀπροσκλινῆς
660 1620 838 1689 κρίσις
872 1621 902 1691 ἢ
937 1624 1202 1694 ἁῤῥεπὴς,
1240 1624 1271 1693 ὴ
1330 1626 1622 1690 εὐθυτάτη,
1673 1627 1839 1680 πᾶσίν

1953 1631 2026 1674 tat
2050 1638 2148 1676 nec
2170 1626 2494 1693 propendet,
2515 1624 2609 1678 sed
2637 1632 2714 1678 est
2738 1623 3130 1684 rectissimum,
3152 1634 3236 1677 est
3256 1624 3323 1677 al)
3341 1623 3518 1678 omni-

260 1703 410 1758 ἐστιν
439 1707 735 1762 ἀπτιδεκτέα
761 1728 773 1743 '
809 1715 902 1766 καὶ
935 1715 996 1766 ού
1048 1715 1206 1784 μόνον
1239 1715 1640 1786 ἀνεπίπληκτόν
1667 1717 1838 1782 ἐστιν,

1952 1729 2037 1767 )US
2060 1714 2492 1786 suscipiendum;
2513 1727 2565 1771 et
2588 1731 2695 1770 non
2719 1718 2877 1786 176
2893 1717 3066 1770 solum
3088 1731 3196 1770 non
3217 1726 3300 1772 est
3316 1733 3345 1770 a
3381 1718 3520 1771 vitu-

259 1795 433 1878 ἤγουν
460 1800 863 1869 ὰκαταιτίατον,
897 1806 995 1858 οὐκ
1029 1806 1376 1876 ὲπιπλήξεως
1420 1807 1588 1874 ἄξιον,
1625 1800 1684 1863 τὸ
1717 1811 1838 1880 κρίο

1945 1807 2219 1872 peratione
2253 1815 2307 1863 et
2338 1808 2680 1863 accusatione
2708 1809 2962 1870 alienum,
2995 1807 3411 1877 reprehensione
3438 1807 3522 1860 in-

260 1904 376 1941 νειν
401 1891 594 1960 ὀρθῶς,
621 1894 753 1948 ἀλλὰ
777 1896 871 1948 καὶ
911 1898 1324 1966 ἐπαινούμενον.
1362 1899 1518 1954 Οὕτω
1564 1901 1618 1953 δὲ
1653 1919 1835 1971 προοι-

1959 1898 2182 1964 lignum,
2217 1910 2362 1955 recte
2385 1900 2626 1971 judicare
2653 1916 2665 1961 ;
2697 1898 2788 1954 sed
2827 1899 2989 1953 etiam
3026 1897 3374 1953 laudandum.
3411 1894 3523 1950 [hic

265 1982 602 2048 μιασάμενος
626 1987 788 2055 φησὶν
815 1989 896 2040 ὅτι
916 1988 1100 2043 Ταῦτα
1130 1990 1345 2058 γράφω,
1364 1993 1444 2045 ὅτι
1477 1993 1539 2045 σὺ
1575 1994 1822 2046 ἐπέστει-

259 2071 361 2132 λας
386 2075 518 2142 ἡμῖν
545 2075 633 2128 τὸν
669 2077 1064 2134 εὐλαϐέστατον
1126 2084 1495 2153 πρεσόύτερον
1543 2077 1839 2138 ἐπίσκοπον

261 2164 537 2234 ὀνομάσας
559 2186 571 2199 ·
602 2171 694 2222 καὶ
723 2171 894 2225 ταῦτα
942 2173 1108 2227 αὐτοῦ
1140 2175 1440 2241 κλαίοντος,
1473 2178 1566 2230 καὶ
1595 2176 1842 2243 λέγοντος

263 2258 589 2326 κεκινῆσθαι
628 2263 725 2329 τῆς
756 2265 1087 2334 νεμηθείσης
1139 2267 1286 2338 αὖτῷ
1320 2269 1638 2337 ἐκκλησίας,
1672 2271 1840 2338 ἤγουν

264 2349 630 2419 ἐκσεωῆσθαι
659 2353 757 2423 τῆς
793 2356 1040 2424 διθείσης
1068 2359 1215 2429 αύτῷ
1262 2360 1586 2429 ἐπισκοπῆς.
1623 2355 1730 2414 Ἦν
1788 2361 1842 2413 δὲ

265 2438 559 2492 ἀκόλουθον
589 2443 620 2512 ἦ
650 2447 741 2498 καὶ
767 2446 826 2497 τὸ
847 2447 1017 2516 ὄνομα
1048 2449 1140 2501 τοῦ
1173 2450 1473 2504 ἐπισκόπου
1504 2450 1650 2520 ἔχειν
1681 2450 1842 2503 αὑτὸν

267 2526 365 2579 καὶ
408 2530 467 2581 τὸ
497 2534 749 2601 πρᾶγμα,
782 2537 950 2605 ἤγουν
978 2546 1074 2609 την
1115 2541 1419 2612 ἐπισκοπὴν
1450 2545 1541 2597 καὶ
1568 2543 1667 2612 τὴν
1694 2544 1842 2613 ἐνέρ-

269 2633 427 2683 γειαν
456 2621 546 2673 τοῦ
584 2625 879 2678 ἐπισκίπου
904 2644 916 2658 ·
951 2628 980 2699 ἢ
1020 2631 1065 2682 εί
1096 2631 1171 2701 μὴ
1202 2628 1268 2701 ἦν
1302 2633 1450 2696 ἄξιος
1483 2635 1841 2702 προίστασθαι

271 2705 680 2780 θυσιαστηρίου,
708 2716 844 2785 μηδὲ
885 2718 1184 2772 ἐπίσκοπον
1219 2721 1488 2788 λέγεσθαι.
1548 2722 1687 2774 Ἀλλ’
1711 2723 1843 2787 ἴσως

269 2799 430 2855 τοῦτο
470 2803 527 2855 τὸ
565 2804 854 2877 λεγόμενον
913 2809 977 2863 ἄν
1019 2828 1101 2863 σοι
1150 2813 1274 2883 δόξῃ
1308 2813 1563 2884 σκληρὸν,
1608 2814 1765 2883 κάγὼ
1816 2818 1844 2868 ό

269 2890 446 2962 λέγων
471 2896 599 2950 αὐτὸ
627 2899 1014 2975 ἁφιλάλλη).ο;’
1050 2904 1148 2957 οὐκ
1178 2905 1292 2958 ἔστι
1318 2906 1371 2960 δὲ
1398 2905 1574 2961 τοῦτο.
1593 2907 1843 2977 Ἑλεῆσοιι

271 2983 416 3054 τάχα
440 3005 541 3039 που
575 2991 873 3062 νομίζομεν
905 2995 995 3047 τὸν
1033 2997 1368 3066 πρεσϐύτην.
1399 2999 1620 3066 Είσάγει
1654 2999 1710 3053 δὲ
1753 3003 1841 3051 ὲν-

268 3075 447 3130 ταῦθα
466 3079 554 3132 τὸν
580 3079 742 3149 λόγον
763 3084 1158 3154 πληθυντικῶς,
1179 3088 1367 3158 ὥσπερ
1398 3089 1490 3142 καὶ
1519 3089 1649 3157 περὶ
1673 3091 1839 3144 αὑτοῦ

269 3165 449 3232 λέγων
475 3167 511 3222 ἃ
547 3168 715 3238 λέγει,
743 3172 828 3226 ἵνα
857 3176 1323 3249 ἁνεπαχθέστερος
1375 3179 1546 3243 οὕτως
1578 3181 1660 3250 εἴη
1694 3184 1719 3235 6
1750 3183 1838 3235 λό-

1949 1984 2075 2043 usns
2105 1994 2369 2060 prooemio
2393 1993 2562 2048 dicit:
2589 1992 2711 2047 llaec
2735 1992 2933 2054 scribo,
2958 1991 3081 2062 quia
3116 2000 3169 2045 tu
3203 1990 3266 2044 ad
3293 1998 3394 2044 'nos
3425 1989 3524 2042 mia

1944 2083 2084 2146 sisti,
2139 2084 2602 2153 religiosissimum
2656 2086 3030 2155 presbyterum
3077 2085 3386 2153 episcopum
3424 2098 3524 2135 no-

1946 2176 2156 2230 minans
2184 2193 2196 2229 :
2227 2192 2347 2230 cum
2375 2177 2721 2245 ipseinterim
2766 2175 2978 2238 deﬂeat,
3005 2187 3059 2231 et
3089 2176 3229 2230 dicat
3257 2191 3312 2230 se
3345 2190 3372 2226 a
3404 2186 3523 2240 pns-

1945 2282 2089 2321 sessa
2125 2268 2226 2322 sibi
2255 2268 2478 2323 ecclesia
2510 2269 2740 2338 ejectum
2784 2282 2924 2330 esse,
2951 2283 3043 2321 seu
3081 2284 3106 2319 a
3139 2267 3240 2320 sibi
3263 2267 3386 2320 dato
3408 2267 3524 2335 epi-

1944 2368 2166 2428 scopatu
2215 2361 2521 2430 expulsum.
2573 2362 2701 2415 Erat
2735 2368 2911 2415 autem
2969 2368 3413 2424 consentaneum,
3467 2369 3526 2412 ut

1945 2452 2026 2507 vel
2057 2468 2255 2508 nomen
2291 2454 2514 2508 haberet
2545 2454 2804 2524 episcopi,
2841 2462 2893 2509 et
2935 2469 3066 2515 rem,
3101 2469 3194 2507 seu
3245 2454 3524 2520 episcopa-

1947 2551 2058 2598 tum
2090 2555 2142 2598 et
2171 2545 2407 2613 episcopi
2446 2561 2642 2600 munus
2673 2564 2686 2600 :
2724 2545 2804 2600 vel
2831 2546 2874 2600 si
2908 2561 3011 2598 non
3047 2553 3169 2599 erat
3216 2544 3405 2609 dignus
3431 2542 3524 2610 qui

1946 2633 2099 2687 altari
2129 2641 2402 2701 praeesset.
2426 2649 2524 2689 nec
2544 2635 2830 2704 episcOpns
2855 2635 3070 2702 quidem
3096 2633 3387 2687 diceretur.
3419 2630 3527 2684 Sed

1946 2723 2180 2778 fortassis
2201 2724 2274 2789 id,
2295 2725 2438 2794 quod
2471 2725 2670 2780 dictum
2700 2733 2802 2792 est,
2836 2725 2930 2779 tibi
2964 2724 3208 2779 videatur
3230 2722 3449 2787 durum,
3475 2732 3530 2775 et

1945 2827 2043 2884 ego
2074 2829 2308 2886 quoque,
2337 2816 2426 2887 qui
2454 2817 2504 2871 id
2538 2817 2678 2881 dico,
2712 2817 3136 2871 immisericors:
3171 2815 3263 2870 sed
3300 2829 3403 2867 non
3453 2813 3527 2866 ita

1944 2915 2047 2960 est.
2081 2905 2192 2961 Nos
2216 2908 2360 2961 enim
2404 2908 2548 2963 senis
2590 2907 2778 2977 utique
2831 2922 2933 2962 nos
2960 2906 3203 2961 misereri
3253 2913 3527 2971 putamus.

1946 2995 2257 3051 Oratiunem
2283 3008 2462 3052 autem
2493 2998 2771 3068 pluraliter
2801 2996 3068 3062 enuntiat,
3097 3005 3350 3063 tanquam
3379 2995 3445 3048 dc
3469 3010 3528 3048 se

1945 3090 2060 3156 ipso
2111 3099 2324 3157 quoque
2368 3088 2553 3143 dicens
2605 3103 2723 3158 qua!
2765 3088 2914 3154 dicit,
2955 3098 3013 3142 ut
3036 3087 3123 3161 .sic
3162 3086 3345 3139 minus
3383 3097 3528 3140 esset

1965 3176 2185 3232 molesta
2222 3177 2419 3238 oratio.
2448 3185 2504 3232 et
2535 3193 2637 3232 non
2672 3176 2737 3230 ad
2764 3177 2881 3246 ejus
2914 3175 3085 3232 solius
3113 3174 3524 3229 insectationem

269 3275 389 3326 γος,
418 3261 513 3315 καὶ
549 3264 623 3335 μῆ
649 3266 726 3328 είς
758 3269 1106 3341 καταδρομὴν
1142 3271 1305 3340 μόνου
1341 3273 1554 3326 ἐκείνου
1585 3274 1712 3345 δοκῇ
1763 3274 1844 3341 γί-

1952 3266 2091 3319 facta
2126 3281 2246 3322 esse
2271 3266 2565 3323 videretur.
2599 3267 2665 3321 Et
2697 3267 2850 3321 nobis
2878 3265 3047 3335 ipsius
3071 3264 3232 3319 veluti
3268 3264 3531 3318 miseran—

270 3353 481 3409 νεσθαι.
518 3358 626 3410 Καὶ
645 3359 720 3422 ὠς
753 3360 1047 3416 ἐλεούντων
1095 3365 1253 3434 ἡμῶν
1284 3367 1464 3431 αὑτὸν,
1505 3367 1659 3436 φησι,
1713 3367 1846 3435 μόνη

271 3444 423 3514 αύτῷ
454 3448 778 3520 κατελείφθη
804 3453 834 3520 ή
871 3453 1060 3521 κλῆσις
1087 3455 1180 3508 τοῦ
1223 3456 1548 3510 ἐπισκόπου.
1579 3457 1764 3526 Πολλῷ
1790 3457 1846 3510 δὲ

270 3528 342 3601 ἦν
364 3538 615 3602 κρεῖσσον
646 3539 896 3609 ἐννοῆσαι
925 3542 1016 3596 καὶ
1038 3543 1097 3595 τὸ
1115 3544 1320 3614 ἕτερον.
1345 3547 1500 3598 Ποῖον
1536 3546 1693 3598 τοῦτο
1725 3564 1739 3610 ;
1773 3549 1846 3600 Οὐ

271 3622 495 3693 δοθῆναι
557 3627 705 3696 αὐτῷ
779 3631 972 3700 καιρὸν
1038 3633 1351 3700 ἀπολογίας,
1409 3637 1502 3686 καὶ
1570 3636 1850 3706 ἀκρόασιν

273 3716 643 3787 προστεθῆναι
672 3721 984 3790 κανονικὴν,
1035 3722 1203 3791 ἤγουν
1247 3724 1594 3795 δικαστήριον
1643 3727 1851 3780 συνοδι-

273 3805 392 3860 κόν.
435 3808 598 3876 Λέγει
622 3811 729 3878 γὰρ
758 3811 1014 3866 δύνασθαι
1051 3817 1313 3883 συστῆναι
1340 3817 1405 3886 τῇ
1447 3817 1623 3886 οἰκείᾳ
1651 3818 1851 3886 ὑπολήο

272 3897 390 3967 ψει,
426 3899 545 3953 ἀντὶ
579 3899 672 3953 τοῦ
704 3900 942 3955 ἀναίτιον
966 3903 1154 3956 ἑαυτὸν
1189 3904 1487 3968 ἀποδεῖξαι.
1523 3907 1584 3958 ΕΞ
1643 3906 1697 3958 δὲ
1727 3907 1851 3972 ἐγέ-

273 4005 398 4042 νετο
418 3990 760 4054 ταῦτα,αύτὰ
780 3992 860 4045 τὰ
878 3994 1268 4064 ὑπομνήματα,
1289 3997 1358 4049 τὰ
1390 3997 1482 4049 ἐπὶ
1513 4000 1579 4067 τῇ
1605 3999 1850 4064 ἐξετάσει

274 4081 567 4149 γενόμενα,
594 4082 828 4151 ἤλεγξαν
873 4084 940 4136 ἂν
1000 4083 1180 4151 αὑτὸν,
1216 4085 1248 4154 ἢ
1289 4088 1725 4157 κεκρατημένον,
1761 4092 1857 4143 καὶ

278 4171 465 4243 ἔνοχον
490 4176 596 4237 τοῖς
630 4176 944 4246 αίτιὰμασι,
983 4177 1078 4231 καὶ
1112 4179 1187 4249 μὴ
1214 4179 1513 4250 δυνάμενον
1569 4181 1750 4250 λέγειν
1773 4184 1853 4236 ὄτι

275 4265 553 4336 ῆδὶκηται,
600 4269 630 4337 ἢ
675 4270 767 4322 ἐὰν
823 4269 1113 4333 ἀνεύθυνος
1179 4271 1373 4339 ἐφάνη,
1423 4273 1588 4327 πάλιν
1651 4276 1850 4330 ἐδίδοτο

275 4358 424 4427 αὐτῷ
456 4361 486 4429 ἡ
517 4361 819 4428 προστασία
840 4363 937 4431 τῆς
975 4362 1321 4426 Ἑκκλησὲας.
1367 4364 1488 4418 Ὀτι
1509 4366 1564 4418 δὲ
1590 4366 1689 4420 οὐκ
1724 4368 1848 4435 ἐγέ-

274 4467 398 4503 νετο
425 4451 666 4505 τοιοῦτόν
693 4469 744 4504 τι
767 4454 1011 4524 καταὸοᾷ
1055 4454 1130 4516 ὡς
1169 4455 1451 4526 ἀδικηθεὶς
1495 4458 1588 4510 καὶ
1614 4461 1856 4528 παρανό-

1957 3358 2123 3420 tibus,
2149 3357 2340 3426 inquit,
2374 3358 2486 3413 sola
2516 3359 2612 3427 ipsi
2639 3357 2873 3426 episcopi
2905 3357 3192 3427 appellatio
3215 3355 3399 3410 relicta
3423 3365 3527 3408 est.

1955 3445 2119 3501 Multo
2154 3456 2328 3501 autem
2361 3455 2476 3500 erat
2513 3447 2702 3500 melius
2733 3447 2877 3500 aliud
2907 3461 3122 3517 quoque
3153 3445 3527 3501 considerare.

1958 3537 2127 3604 Quale
2181 3538 2306 3592 illud
2342 3539 2365 3591 ?
2400 3539 2515 3592 Non
2567 3540 2730 3593 fuisse
2778 3539 2826 3594 ei
2874 3538 3058 3591 datum
3094 3545 3305 3605 tempus
3343 3531 3532 3589 defen-

1955 3630 2141 3695 sionis,
2177 3646 2274 3686 nec
2308 3631 2471 3686 fuisse
2517 3618 2845 3701 propositam
2898 3629 3265 3685 defensionem
3311 3631 3535 3684 canoni-

1955 3733 2096 3780 cam,
2125 3733 2218 3772 seu
2276 3720 2530 3789 synodale
2568 3720 2846 3789 judicium.
2905 3719 3046 3774 Dicit
3087 3719 3227 3772 enim
3272 3733 3329 3772 se
3377 3732 3534 3786 posse

1957 3821 2171 3862 causam
2204 3825 2354 3863 suam
2401 3811 2648 3878 probare,
2687 3810 2735 3864 id
2775 3820 2854 3864 est
2886 3824 2945 3864 se
2986 3811 3324 3863 innocentem
3354 3820 3535 3863 osten-

1958 3901 2103 3954 dere.
2139 3899 2232 3953 Sin
2264 3911 2440 3954 autem
2463 3901 2577 3956 haec
2609 3900 2747 3954 facta
2772 3908 2979 3964 essent,
3010 3899 3123 3969 ipsa
3156 3910 3296 3964 acta,
3330 3913 3455 3967 qnze
3476 3894 3535 3951 in

1970 3993 2370 4048 examinatione
2402 3992 2544 4047 facta
2579 4002 2726 4056 sunt,
2761 3994 2935 4063 ipsum
2960 3991 3043 4046 vel
3073 4006 3192 4046 esse
3225 3990 3455 4044 evictum
3480 3999 3537 4042 et

1960 4086 2279 4140 criminibus
2305 4087 2621 4151 obnoxium,
2656 4100 2752 4141 nec
2781 4100 2941 4154 posse
2973 4099 3031 4140 se
3056 4083 3250 4153 injuria
3279 4080 3530 4135 affectum

1961 4192 2081 4231 esse
2110 4177 2292 4232 dicere
2347 4178 2732 4246 ostenderent;
2767 4178 2847 4232 vel
2883 4179 2927 4232 si
2962 4179 3220 4230 innocens
3248 4174 3534 4244 apparuis«

1963 4278 2063 4331 set,
2092 4269 2140 4324 ei
2174 4284 2488 4325 concessum
2517 4277 2680 4333 esset,
2715 4281 2771 4324 ut
2811 4283 2998 4324 rursus
3045 4276 3299 4338 praeesset
3345 4265 3535 4319 Eccle-

1959 4361 2072 4414 siae.
2103 4359 2234 4426 Quia
2285 4371 2468 4415 autem»
2507 4361 2638 4416 nihil
2691 4362 2794 4416 tale
2832 4360 3029 4415 factum
3085 4369 3188 4425 est,
3221 4373 3279 4412 se
3334 4357 3534 4424 injuria

1963 4451 2211 4507 affectum
2237 4469 2356 4509 esse
2387 4453 2732 4518 vociferatur,
2763 4463 2816 4508 et
2863 4462 3059 4522 praeter
3092 4452 3237 4520 leges
3276 4449 3532 4518 ejectum,

279 4559 395 4611 μως
419 4543 723 4613 ἐκϐληθεὶς,
746 4545 918 4612 λέγων
948 4547 1031 4598 ὅτι
1079 4545 1172 4599 καὶ
1203 4547 1533 4616 ἡρπάγησαν
1585 4550 1685 4602 ὅσα
1743 4549 1844 4620 εἶχε

1965 4545 2146 4599 dicens
2176 4560 2524 4614 quascunque
2560 4546 2722 4599 etiam
2757 4545 2990 4599 habebat
3019 4543 3276 4612 pecunias
3301 4541 3532 4595 ablatas.

275 4636 555 4705 χρήματα.
586 4635 656 4688 Σὺ
670 4635 870 4703 τοίνυν,
898 4637 976 4707 τῷ
1002 4639 1189 4708 Δόμνῳ
1219 4640 1417 4706 γράφει
1446 4641 1472 4690 ό
1491 4641 1643 4706 ᾰγιος
1667 4679 1680 4701 ,
1702 4641 1855 4705 εἰδὼς

275 4724 371 4776 καὶ
402 4723 526 4784 τοὺς
554 4723 731 4785 θείους
757 4726 985 4787 κανόνας
1011 4725 1102 4779 καὶ
1117 4726 1181 4777 τὸ·
1206 4725 1418 4793 πρέπον
1444 4731 1510 4796 τῇ
1555 4727 1853 4799 Ἐκκλησία

277 4815 374 4867 καὶ
404 4817 518 4877 τοῖς
544 4815 880 4885 λειτουργοῖς
905 4815 999 4868 τοῦ
1022 4816 1178 4878 Θεοῦ,
1214 4818 1385 4886 ἤγουν
1431 4817 1492 4869 τὸ
1522 4817 1848 4888 δικαιοπρα-

278 4908 418 4974 γεῖν,
457 4908 802 4976 δυσωπηθεὶς
869 4909 926 4960 δὲ
988 4910 1082 4961 καὶ
1132 4908 1231 4977 τὴν
1288 4907 1565 4977 ἡμετέραν
1606 4910 1848 4981 γραφὴν,

280 5001 478 5069 στῆσον
510 5000 603 5053 τοῦ
637 4999 949 5070 πρεσὸύτου
985 5001 1046 5053 τὸ
1074 5001 1330 5070 δάκρυον,
1392 5002 1486 5054 καὶ
1536 5003 1585 5054 εί
1639 5002 1856 5071 θελήσει

280 5091 708 5160 συνδικασθῆναι
751 5095 862 5154 τοῖς
912 5092 1240 5161 κατηγόροις
1296 5091 1484 5154 αὐτοῦ,
1541 5093 1854 5162 δικασθήτω

278 5187 437 5253 παρά
471 5201 551 5237 σοι
587 5185 682 5236 καὶ
725 5188 835 5246 τοῖς
879 5184 983 5237 ὑπό
1036 5201 1095 5236 σε
1135 5183 1482 5246 ἐπισκόποις·
1517 5185 1564 5237 εί
1612 5185 1668 5236 δέ
1703 5203 1857 5249 τινας

279 5276 557 5338 ὑπόπτους
587 5276 697 5346 ἔχει
726 5276 833 5328 τῶν
861 5275 1196 5339 ἐπισκόπων,
1249 5274 1323 5337 ὡς
1379 5275 1453 5345 μὴ
1512 5274 1693 5337 καλῶς
1745 5277 1854 5329 δια-

279 5371 568 5439 κειμένους
597 5369 735 5439 πρὸς
763 5369 946 5435 αὑτὸν,
979 5373 1071 5421 καὶ
1104 5369 1454 5437 παραιτεῖται
1484 5367 1680 5428 αὐτοὺς
1708 5367 1856 5419 ἐκεί-

280 5480 364 5516 νοι
398 5463 474 5530 μὴ
500 5461 851 5530 παρίστωσαν
883 5462 966 5522 εἰς
1007 5459 1070 5511 τὸ
1122 5459 1494 5527 δικαστήριον.
1527 5455 1718 5525 Ἡμεῖς
1758 5458 1856 5527 μὲν

279 5556 434 5625 γὰρ,
468 5554 655 5624 φησὶν,
686 5552 873 5605 οὐδένα
925 5551 1032 5604 τῶν
1089 5549 1404 5602 ἐπισκόπων
1455 5549 1657 5618 ἔχθραν
1712 5549 1856 5619 ἔχειν

281 5647 620 5715 πιστεύομεν
644 5646 783 5698 κατὰ
804 5644 1053 5714 ἀδελφοῦ,
1080 5643 1203 5696 οὐδὲ
1238 5642 1324 5695 διὰ
1363 5641 1520 5693 τοῦτο
1575 5641 1855 5712 κωλύομεν

280 5740 488 5802 αὐτοὺς
520 5737 840 5791 συνδικάσαι
887 5737 1048 5805 ἡμῖν’
1084 5735 1170 5787 ἵνα
1222 5735 1276 5786 δὲ
1312 5734 1384 5803 μὴ
1434 5739 1593 5785 τοῦτο
1631 5733 1855 5803 ἀφορμὴ

1963 4635 2044 4688 Tu
2076 4649 2225 4704 ergo,
2257 4636 2447 4690 scribit
2486 4646 2708 4690 sanctus
2751 4635 2817 4689 ad
2867 4633 3154 4700 Domuum,
3190 4633 3286 4703 qui
3332 4632 3440 4687 scis
3483 4639 3537 4684 et

1964 4729 2174 4783 divinos
2225 4742 2488 4790 canones,
2515 4737 2569 4782 et
2603 4729 2744 4796 quod
2779 4729 3032 4783 convenit
3073 4727 3324 4782 Ecclesia:
3355 4737 3420 4779 et
3441 4724 3532 4778 Dei

1965 4821 2248 4886 ministris,
2283 4833 2474 4888 nempe
2498 4819 2640 4887 juste
2669 4835 2850 4888 agere,
2882 4828 3193 4875 nostrarum
3229 4818 3392 4872 etiam
3447 4818 3534 4870 lil-

1963 4919 2197 4966 terarum
2233 4912 2495 4967 rationem
2526 4913 2747 4976 ducens,
2785 4911 3018 4980 reprime
3045 4910 3194 4964 senis
3234 4909 3531 4977 laerymas,

1961 5012 2014 5056 et
2048 5004 2095 5057 si
2131 5003 2257 5057 velit
2299 5019 2421 5058 cum
2457 5004 2569 5058 suis
2610 5002 3017 5057 accusatoribus
3058 5000 3262 5070 judicio
3308 5009 3532 5054 conten-

1959 5095 2107 5158 dere,
2149 5097 2287 5163 apud
2321 5103 2371 5148 te
2403 5105 2458 5148 et
2486 5095 2576 5163 qni
2605 5094 2698 5148 tibi
2721 5097 2949 5148 subsunt
2981 5091 3268 5161 episcopos
3321 5089 3529 5159 litiget:

1959 5185 2042 5241 sin
2078 5193 2258 5239 autem
2295 5185 2667 5254 episcoporum
2728 5185 2940 5253 aliquos
2977 5190 3261 5252 suspectos
3311 5180 3528 5244 habeat,

1959 5287 2015 5330 ut
2051 5291 2155 5331 non
2185 5277 2319 5331 bene
2351 5276 2401 5330 in
2453 5276 2624 5344 ipsum
2652 5274 2896 5341 aﬁ‘ectos,
2928 5284 2993 5329 et
3019 5288 3116 5328 eos
3159 5279 3402 5332 recuset,
3453 5270 3530 5324 illi

1956 5369 2010 5423 in
2033 5369 2238 5438 judicio
2261 5384 2364 5423 non
2400 5368 2601 5422 adsint.
2637 5365 2746 5420 Nos
2775 5367 2941 5429 enim,
2967 5365 3159 5434 inquit,
3186 5363 3388 5422 nullum
3417 5363 3532 5431 epi-

1954 5471 2171 5526 scopum
2205 5455 2517 5511 inimicitias
2563 5456 2764 5510 habere
2797 5454 3055 5508 adversus
3092 5451 3311 5513 fratrem
3350 5449 3530 5504 credi-

1955 5564 2100 5610 mus,
2144 5563 2243 5602 nec
2273 5556 2554 5617 propterea
2579 5555 2818 5600 vetamus
2858 5559 2926 5598 ne
2966 5544 3041 5598 illi
3092 5543 3369 5597 nobiscum
3424 5555 3530 5595 una

1957 5640 2198 5710 judicent
2235 5657 2247 5692 :
2281 5639 2374 5695 sed
2418 5654 2484 5694 ne
2518 5638 2620 5693 hoc
2661 5639 2730 5693 sit
2758 5637 2993 5697 occasio,
3017 5633 3302 5705 quominus
3335 5632 3448 5700 ipse
3476 5631 3536 5684 in

1958 5731 2158 5801 judicio
2187 5745 2420 5787 causans
2454 5745 2557 5785 non
2592 5740 2734 5801 agat,
2785 5727 2857 5783 illi
2888 5742 2916 5782 a
2950 5740 3200 5782 consessu
3255 5721 3542 5780 recedant.

280 5835 509 5907 γένηται
541 5832 636 5888 τοῦ
671 5833 745 5905 μῆ
778 5833 1096 5903 δικασθῆναι
1129 5831 1308 5898 αύτ³ν,
1335 5826 1833 5901 ἐκεῖνοιίὰπετωσειν
1876 5823 2167 5896 συνεδρίου.
