4110 6472
285 393 393 458 913

1343 397 1424 457 1N
1476 397 1814 458 CANONES
1843 399 2226 460 TIMOTHEI
2268 404 2486 466 ALEX.

3395 414 3510 483 ιιι

287 515 421 570 κατ’
445 519 666 587 αὐτοὺς
698 523 1073 596 emeram-eme
1094 571 1107 591 .
1149 530 1292 598 ὅπερ
1329 534 1363 585 ό
1401 536 1544 602 Θεὸς
1575 535 1850 605 ὑποὲιίλῃ

1952 535 2088 602 quod
2125 538 2178 590 in
2206 555 2303 592 ιιειι
2331 549 2408 593 εει
2445 539 2643 609 vimque
2670 541 2882 600 obtinet.
2926 543 3065 598 Nam
3103 560 3217 598 cum
3247 542 3313 600 iis
3340 548 3414 600 sit
3442 548 3497 601 in

286 625 392 664 σοι
415 654 429 678 ,
475 614 650 670 τοῦτο
693 621 949 686 ποίησον
971 663 985 686 ,
1018 629 1326 699 πανταχοῦ
1360 630 1506 696 πρὸς
1535 631 1600 683 τὸ
1635 629 1852 697 ἐπέχον

287 699 712 773 ὀδηγούμενος.
754 711 882 764 Ἐπὶ
921 715 1028 782 γὰρ
1057 715 1173 769 τῶν
1199 720 1396 772 τόπων
1420 719 1726 788 τυγχάνων
1746 720 1851 783 τὰς

288 793 526 858 γνώμας
556 795 754 848 αὐτῶν
767 799 1008 866 μᾶλλον
1030 802 1247 857 ειδέναι
1281 806 1554 861 δύνασαι.

360 879 550 972 nitas.
597 886 844 957 Μάξιμὸς
898 907 1014 953 τις.
1048 893 1122 955 ὡς
1170 897 1467 972 παρανόμῳ
1514 899 1674 967 γάμῳ
1726 915 1851 952 συν·

287 969 481 1060 αιρθεὶς
503 979 735 1041 γυναικὶ,
761 981 1041 1050 ἁφωρίσθη
1071 986 1161 1037 καὶ
1183 969 1279 1054 τῆς
1307 989 1572 1051 συνάξεως
1594 990 1689 1058 τῆς
1714 989 1849 1060 μετὰ

282 1058 404 1151 ’τῶν
448 1065 654 1117 πιστῶν
702 1068 934 1137 εἴργετο.
977 1075 1035 1126 '0
1068 1076 1124 1127 δὲ
1173 1076 1354 1144 ἔλεγεν
1381 1117 1395 1141 ,
1437 1079 1516 1131 ὅτι
1564 1079 1622 1131 ἐν
1659 1058 1848 1151 ἀγνοίᾳ

284 1147 505 1240 ὲττοίησε
532 1154 593 1206 τὸ
632 1160 964 1230 παράνομον,
995 1165 1086 1217 καὶ
1119 1165 1334 1235 ἕτοιμός
1377 1171 1523 1220 ἐστιν
1549 1147 1846 1240 ἀποστῆναι

272 1237 377 1290 ’τοῦ
405 1242 604 1310 γάμου,
643 1245 800 1300 τοῦτο
827 1250 918 1301 καὶ
947 1252 1044 1319 τῆς
1071 1254 1326 1319 γυναικὸς
1358 1255 1711 1326 βουλομένης⁸
1747 1237 1846 1310 καὶ

281 1326 464 1397 ἐζήτει
522 1333 882 1404 ἀφιστάμενος
914 1339 1185 1409 δεχθῆναι.
1219 1343 1362 1412 Πρὸς
1399 1344 1566 1398 ταῦτα
1617 1341 1708 1397 οὖν
1742 1346 1845 1415 ἔφη

281 1418 310 1469 ὀ
337 1418 595 1488 Θεόφιλος
615 1465 630 1486 ,
652 1425 726 1487 ὡς
762 1427 826 1480 ἂν
857 1430 1114 1494 ἐξετάσας
1136 1434 1414 1504 εὑρήσεις,
1432 1435 1511 1487 ὅτι
1539 1436 1602 1488 ὲκ
1629 1439 1846 1504 συμφώ-

281 1524 395 1571 νου,
425 1509 544 1564 ἀντὶ
569 1513 664 1566 τοῦ
701 1517 764 1569 ὲκ
799 1521 980 1588 κοινῆς
1008 1521 1204 1591 βουλῆς
1226 1563 1240 1586 ,
1269 1523 1588 1591 ἀφίστανται
1614 1523 1704 1577 τοῦ
1748 1525 1844 1593 γάρ

285 1611 388 1664 μου
417 1637 432 1658 ο
473 1600 567 1653 καὶ
612 1605 712 1656 οὐκ
766 1606 1051 1672 ἀπατῶσι,
1101 1611 1382 1663 δεκαετίαν
1433 1613 1844 1682 συνοικήσαντες

281 1685 534 1757 ἀλλήλοις
554 1732 570 1756 ,
601 1693 858 1766 δυσχερὲς
888 1698 1015 1761 ἴσως
1051 1699 1116 1754 ἂν
1143 1701 1410 1768 λογίζοιτο
1441 1703 1621 1766 αὐτοῖς
1661 1705 1694 1772 ἡ
1725 1703 1841 1755 διὰο

279 1772 461 1843 ξευξις
480 1819 495 1840 ,
523 1782 617 1834 καὶ
646 1785 853 1854 μήποτε
886 1787 1184 1844 ἀπατῶσιν.
1213 1791 1275 1842 Et
1308 1794 1559 1854 σκοπεῖς,
1599 1791 1717 1843 ἀντὶ
1747 1791 1840 1842 τοῦ

1953 626 2102 692 locis,
2137 645 2314 683 eorum
2342 641 2537 687 mentes
2567 633 2752 688 melius
2781 652 2937 690 nom
2955 647 3119 702 potes.

2018 882 2211 936 BALS.
2237 883 2498 941 Maximus
2530 888 2745 957 quidam
2773 928 2788 952 ,
2821 897 2880 943 ut
2934 889 3121 944 illicito
3153 892 3498 950 matrimonio

1949 971 2158 1025 mulieri
2191 976 2516 1041 coniunctus
2545 988 2854 1046 segregatus
2887 979 3082 1042 fuerat,
3124 990 3172 1033 et
3205 995 3233 1031 a
3263 995 3493 1050 congre-

1947 1061 2162 1130 gatione
2186 1077 2308 1116 cum
2343 1064 2590 1118 fidelibus
2615 1067 3017 1134 prohibebatur.
3051 1067 3098 1122 is
3131 1084 3255 1121 vero
3286 1071 3495 1124 dicebat

1948 1166 2005 1204 se
2030 1166 2125 1218 per
2159 1152 2516 1220 ignorantiam
2547 1155 2737 1210 fecisse
2763 1168 2952 1210 contra
2979 1159 3142 1226 leges,
3167 1169 3219 1213 et
3250 1173 3490 1230 paratum

1945 1255 2066 1294 esse
2097 1240 2166 1294 ab
2216 1242 2318 1296 hoc
2363 1247 2706 1299 matrimonio
2739 1248 2986 1304 recedere
3015 1288 3029 1310 .
3080 1250 3302 1304 muliere
3331 1251 3491 1304 etiam

1945 1334 2157 1388 volente
2184 1353 2198 1393 ξ
2228 1343 2280 1389 et
2304 1339 2528 1406 petebat
2551 1378 2564 1400 .
2593 1348 2650 1393 ut
2678 1341 2744 1392 ab
2773 1355 2834 1394 ea
2863 1341 3158 1396 abscedens
3187 1344 3495 1397 admittere~

1951 1431 2059 1476 tur.
2092 1422 2172 1476 A‘d
2207 1424 2318 1479 hac
2343 1441 2469 1496 ergo
2499 1428 2629 1481 dicit
2659 1427 3008 1497 TheOphilus.
3041 1431 3181 1500 quod
3219 1431 3263 1484 si
3313 1433 3491 1500 inqui-

1946 1525 2068 1565 rens
2095 1511 2366 1567 inveneris
2397 1529 2491 1569 eos
2511 1530 2575 1569 ex
2607 1531 2874 1570 consensu
2895 1559 2909 1582 ,
2944 1519 3043 1571 hoc
3075 1527 3188 1581 est,
3220 1520 3493 1574 communi

1943 1602 2205 1666 consilio,
2251 1619 2280 1657 a
2313 1606 2656 1659 matrimonio
2709 1607 3005 1669 ainistere,
3058 1616 3115 1662 et
3144 1622 3250 1661 non
3288 1609 3491 1670 fallere.

1943 1705 2064 1745 cum
2096 1693 2281 1747 decem
2317 1696 2472 1748 annis
2504 1696 2664 1749 simul
2712 1696 3100 1760 cohabitarint,
3132 1697 3362 1751 dimcilis
3386 1684 3493 1750 ior-

1944 1795 2040 1834 san
2077 1782 2142 1835 iis
2190 1783 2485 1836 existimari
2520 1793 2700 1852 posset
2747 1800 2776 1838 a
2811 1800 2868 1840 se
2916 1787 3142 1840 invicem
3174 1787 3486 1854 disjunctio,

277 1869 326 1919 εί
362 1870 564 1936 κρίνεις
610 1875 746 1942 μετὰ
773 1877 882 1929 τῶν
911 1879 1329 1949 κατηχουμένών
1369 1881 1565 1942 αὐτοὺς
1595 1879 1842 1932 ἵστασθαι

1942 1879 1992 1922 et
2021 1885 2086 1923 ne
2118 1867 2323 1924 fallant.
2355 1870 2410 1924 Si
2443 1874 2769 1935 consideras.
2804 1875 2907 1929 hoc
2936 1883 3039 1939 est,
3075 1876 3120 1931 si
3155 1876 3368 1945 judicas
3396 1894 3491 1934 eos

276 1957 414 2020 τέως
433 1999 446 2017 .
487 1962 653 2029 ἤγουν
683 1966 819 2034 πρὸς
851 1967 910 2019 τὸ
936 1968 1129 2037 παρὸν,
1153 1968 1326 2031 οὕτως
1361 1969 1522 2022 αὑτὸν
1551 1968 1838 2036 οίκονόμηο

1944 1966 2089 2012 stare
2121 1959 2318 2014 debere
2351 1976 2472 2015 cum
2505 1964 2905 2019 catecbumenis
2926 2004 2940 2027 .
2977 1982 3118 2021 nunc
3139 2007 3154 2030 ,
3206 1968 3255 2020 id
3309 1975 3390 2021 est
3435 1967 3488 2021 in

276 2061 389 2099 σον.
438 2047 581 2102 Είιδὲ
610 2056 778 2115 νοεῖς,
815 2058 976 2125 φησιν
1001 2096 1014 2119 ,
1047 2059 1128 2110 ὅτι
1177 2058 1318 2110 κατὰ
1366 2059 1578 2127 ἀπάτην
1624 2057 1837 2125 λέγουσι

1943 2052 2225 2118 praesentia
2247 2090 2260 2113 .
2295 2053 2375 2106 sic
2409 2068 2502 2108 eos
2549 2055 2822 2124 dispensa.
2854 2057 3004 2121 Quod
3040 2059 3086 2112 si
3142 2059 3488 2122 intellexeris.

277 2135 467 2197 ταῦτα,
504 2142 594 2191 καὶ
622 2143 702 2195 ὅτι
737 2142 816 2196 ἔτι
865 2146 1071 2200 δέονται
1113 2149 1354 2217 στύψεως
1377 2188 1392 2211 ,
1434 2150 1550 2218 ἦτοι
1576 2148 1839 2215 αὐστηρο-

1945 2139 2140 2205 inquit,
2169 2141 2310 2209 quod
2340 2159 2433 2211 per
2459 2145 2699 2199 fraudem
2733 2147 2844 2200 haec
2871 2147 3056 2201 dicunt
3085 2187 3099 2210 ,
3127 2158 3179 2202 et
3212 2149 3356 2217 quod
3397 2150 3493 2203 ad-

278 2226 448 2296 τέρων
498 2231 815 2300 ἐπιτιμίων,
846 2238 1069 2307 ποίησον
1099 2239 1332 2309 ὅπερὰν
1374 2240 1402 2291 ὁ
1437 2240 1567 2302 Θεὸς
1594 2238 1836 2307 ὐποδάλθ

1941 2225 2046 2280 huc
2076 2229 2368 2284 acerbitate
2389 2233 2649 2301 indigent,
2675 2251 2767 2288 seu
2793 2237 3159 2292 acerbioribus
3182 2241 3374 2307 panis,
3405 2237 3491 2292 fac

275 2329 381 2378 σοι,
415 2318 535 2369 ἀντὶ
561 2319 652 2371 τοῦ
684 2322 920 2394 ὲνηχήσῃ
946 2326 1023 2394 τῷ
1053 2326 1292 2396 λογισμῷ
1328 2345 1421 2381 σου
1447 2368 1461 2392 ,
1491 2329 1627 2397 ὅπερ
1654 2330 1683 2380 δ
1708 2328 1838 2391 Θεὸς

1937 2317 2081 2385 quod
2114 2317 2252 2372 Deus
2283 2321 2378 2374 tibi
2413 2326 2742 2392 suggesserit
2763 2369 2776 2388 ,
2808 2326 2910 2380 hoc
2933 2338 3045 2391 est,
3077 2336 3179 2382 luze
3211 2330 3371 2382 menti
3405 2330 3490 2383 in-

276 2404 569 2476 ινθυμήσει
596 2425 674 2472 σε,
701 2413 970 2482 πανταχοῦ
1001 2415 1134 2484 πρὸς
1152 2417 1210 2468 τὸ
1240 2417 1431 2484 ὲπέχον
1458 2414 1835 2484 ὁδηγούμενος,

1938 2407 2220 2473 Spiraverit
2246 2447 2258 2469 .
2298 2413 2438 2476 quod
2473 2413 2524 2464 in
2554 2416 2790 2470 animum
2823 2417 3105 2470 immiserit
3147 2418 3315 2480 Deus,
3351 2434 3491 2473 sem--

273 2493 393 2559 {nor
426 2496 560 2566 πρὸς
585 2499 644 2552 τὸ
669 2503 997 2572 ἐπικρατοῦν
1025 2506 1058 2575 ἢ
1093 2507 1152 2559 τὸ
1181 2508 1521 2572 κατεπεῖγον.

1935 2510 2033 2563 per
2064 2498 2113 2550 id
2139 2501 2282 2567 quod
2303 2508 2386 2555 est
2415 2502 2467 2555 in
2494 2518 2590 2556 usu
2611 2513 2662 2557 et
2683 2505 2823 2574 quod
2847 2507 2989 2560 vires
3010 2509 3213 2560 obtinet
3235 2524 3486 2579 sequens,

1937 2584 1990 2640 id
2025 2595 2128 2652 est,
2161 2591 2307 2658 quod
2345 2593 2516 2663 magis
2546 2603 2627 2648 est
2655 2603 2827 2650 ratum
2859 2611 2920 2651 ac
2953 2598 3209 2652 validum.

1047 2775 1272 2860 ΤΟΥ
1334 2769 1698 2860 ΑΥΤΟΥ
1759 2703 2077 2890 ΜῖίΝᾼ
2129 2769 2731 2888 ΕΠΙΣΚΟΠῼ.

1555 2966 1711 3036 175
1727 2972 2032 3029 EIUSDEM

1363 3099 1725 3186 MENZE
1797 3098 2414 3191 EPISCOPO.

346 3322 607 3387 Νόμιμον
646 3317 880 3386 πρᾶγμα
925 3317 1323 3382 πεποιήκασιν
1354 3321 1405 3370 οί
1448 3320 1833 3386 πρεσϐύτεροι

2008 3317 2131 3370 Rem
2165 3316 2363 3381 iustam
2407 3318 2632 3383 fecerant
2678 3317 2958 3385 presbyteri
2995 3320 3048 3370 in
3083 3317 3292 3370 Gemino
3330 3335 3484 3388 pago.

271 3409 345 3464 ἐν
368 3411 596 3476 Γεμίνφ
624 3407 695 3474 τῇ
726 3408 884 3475 κώμῃ
902 3447 916 3468 ,
951 3411 1001 3460 εί
1028 3409 1305 3475 ἀληθεύει
1334 3408 1372 3474 ἠ
1412 3410 1736 3475 κομίζουσα
1767 3409 1832 3463 τὸ

1935 3409 1981 3461 si
2011 3424 2182 3462 verum
2232 3407 2360 3458 dicit
2384 3446 2397 3469 ,
2427 3422 2541 3473 qua:
2589 3405 2754 3472 defert
2790 3408 2988 3459 litteras
3031 3406 3314 3460 Eustathii.
3349 3408 3488 3463 Dicit

273 3496 508 3567 ¹ιτ>άμμα
558 3496 918 3562 Εὑσταοοῦς.
955 3497 1175 3549 Φὰσκει
1225 3498 1366 3566 γὰρ,
1418 3497 1504 3550 ὅτι
1543 3497 1834 3564 Κυρὰδιον

1935 3497 2091 3557 enim,
2133 3495 2269 3565 quod
2299 3493 2584 3563 Cyradium
2609 3494 2882 3562 facientem
2917 3496 3186 3564 injuriam,
3214 3513 3301 3549 nec
3334 3497 3396 3548 ab
3428 3514 3487 3550 ea

270 3585 605 3640 ἀδικοῦσαν
635 3585 728 3638 καί
775 3585 859 3653 μὴ
904 3585 1288 3652 βουλομένην
1332 3585 1678 3638 ἀναστεῖλαι
1721 3585 1835 3653 τὴν

1935 3587 2178 3640 desistere
2207 3587 2475 3645 volentem,
2502 3601 2533 3638 a
2559 3586 2916 3638 communione
2939 3596 3324 3650 separaverunt.
3349 3586 3488 3650 Quia

271 3676 532 3740 ἀδικίαν,
561 3678 854 3744 ἐχώρισαν
883 3675 990 3742 τῆς
1011 3676 1338 3740 συνάξεως.
1369 3676 1598 3743 Ἐπειδὴ
1627 3678 1835 3731 τοίνυν

273 3761 484 3833 εὗρον,
527 3767 607 3830 ὡς
636 3765 698 3818 τὸ
728 3764 945 3831 ἑαυτῆς
969 3765 1156 3819 κακὸν
1185 3769 1593 3835 θεραπεύουσα
1610 3768 1827 3831 βούλε-

273 3870 367 3910 tat
409 3855 816 3924 συναχθῆναι,
844 3857 1104 3920 θέλησον
1149 3858 1597 3924 παρασκευάσαι
1641 3859 1833 3924 αὐτὴν

273 3946 602 3999 ἀποθέσθαι
657 3944 890 4011 πρῶτον
919 3944 1032 4010 τὴν
1063 3945 1317 4010 ἀδικίαν,
1358 3948 1451 4000 καὶ
1488 3947 1689 4000 πεῖσαι
1729 3964 1832 4015 μεε-

274 4035 567 4101 εανοῆσαι
592 4073 606 4095 .
634 4037 711 4088 ἵν’
739 4036 922 4100 οὕτως
941 4074 954 4096 ,
985 4039 1037 4088 εί
1065 4037 1320 4103 συνίδῃς
1367 4037 1452 4089 ὅτι
1499 4038 1658 4105 νόμῳ
1686 4036 1830 4090 Θεοῦ

273 4125 661 4193 προσέρχεται
691 4125 800 4190 τῆς
819 4126 1127 4191 συνάξεως
1153 4127 1490 4194 ὀρεγομένη,
1509 4127 1831 4196 ἐπιτρέψῃς

273 4216 467 4282 αὐτὴν
486 4217 634 4282 μετὰ
658 4215 774 4270 τῶν
801 4215 965 4269 λαῶν
988 4214 1373 4280 συνάγεσθαι.

345 4306 538 4359 ΒΑΛΣ.
563 4304 800 4358 Γυναῖκό⁸
829 4322 945 4356 τινα
972 4304 1236 4372 Κυράδιον
1265 4302 1558 4371 λεγομένην
1590 4305 1682 4356 καὶ
1715 4304 1832 4356 ἀδιε-

273 4395 476 4448 κοῦσαν
504 4398 551 4448 oi
582 4397 638 4448 ὲν
659 4395 869 4464 Γεμίνῳ
900 4395 1253 4465 πρεσϐύτεροι
1277 4395 1557 4466 ἀφώρισαν
1584 4396 1682 4465 τῆς
1706 4397 1831 4447 Ἐκ-

271 4485 498 4552 κλησίας
517 4526 530 4547 ,
569 4485 642 4554 μὴ
672 4484 1012 4554 ἀπεχομένην
1044 4484 1140 4553 τῆς
1165 4483 1391 4545 ἀδικίας.
1426 4484 1489 4535 Ἦ
1526 4483 1603 4545 δὲ,
1630 4483 1716 4534 διὰ
1740 4483 1829 4535 τὸν

272 4575 592 4644 ἀφορισμὺν,
628 4575 934 4644 ὑπισχνεῖτο
963 4574 1293 4644 θεραπεῦσαι
1320 4574 1416 4642 τὴν
1451 4573 1662 4626 ἀδικίαν
1690 4614 1704 4635 ,
1739 4573 1829 4625 καὶ

271 4663 433 4732 ἠθελε
465 4663 735 4737 δεχθῆναι.
760 4665 960 4737 Γράφει
981 4661 1073 4717 οὖν
1107 4666 1136 4717 δ
1166 4663 1420 4731 Θεόφιλος
1441 4665 1574 4734 πρὸς
1603 4664 1690 4716 τὸν
1728 4663 1827 4730 τῆς

273 4731 457 4824 χώρας
489 4731 818 4816 ἐττίσκοτῖον,
848 4756 929 4807 ὃτι
961 4753 1384 4820 Παρασκεύασον
1436 4731 1600 4823 αυτὴν
1635 4753 1828 4806 ἀποθέ-

275 4841 401 4894 σθαι
431 4840 640 4912 πρῶτον
669 4842 766 4910 τὴν
798 4841 1025 4903 ἀδικίαν,
1056 4841 1219 4909 ἤγουν
1247 4839 1534 4893 ἀποδοῦναι
1569 4839 1604 4894 ἃ
1633 4840 1828 4903 ἀδίκως

273 4933 560 5000 ἐκτήσατο,
582 4933 671 4984 καὶ
703 4934 1056 5000 μετανοῆσαι,
1092 4933 1210 4983 ἀντὶ
1241 4932 1333 4985 τοῦ
1366 4934 1466 4993 ,ἐπὶ
1493 4935 1557 5002 τῇ
1587 4931 1829 5000 ἁμαρτία

273 5023 370 5092 τῆς
414 5022 626 5083 ἀδικίας
663 5023 1121 5091 μεταμεληθῆναι,
1149 5023 1242 5074 καὶ
1274 5021 1526 5091 δεηθῆναι
1572 5021 1664 5073 τοῦ
1695 5020 1826 5073 Θεοῦ

273 5111 536 5178 ἀφεθῆναι
565 5110 698 5179 αὐτῇ
731 5110 788 5161 τὸ
822 5110 1138 5180 ἁμάρτημα.
1172 5111 1279 5162 Καὶ
1321 5109 1489 5162 ταῦτα
1528 5109 1826 5179 ποιησάσης

275 5197 480 5265 αὐτῆς,
511 5200 558 5249 εἰ
598 5197 844 5268 συνίδῃς,
892 5199 1166 5260 τουτέστι,
1211 5199 1352 5267 γνῷς
1388 5199 1467 5252 ὅτι
1510 5198 1657 5267 νόμῳ
1697 5198 1830 5250 Θεοῦ

275 5287 659 5356 προσέρχεται,
701 5287 866 5356 ἤγουν
900 5288 1198 5357 συνειδήσει
1225 5288 1398 5357 ἀγαθῇ
1430 5289 1503 5358 μὴ
1533 5288 1827 5356 ἀνεχομένη

274 5375 602 5445 κεχωρίσθαι
634 5377 730 5445 τῆς
756 5375 864 5428 τῶν
910 5377 1112 5428 πιστῶν
1146 5376 1445 5440 συνάξεως.
1470 5376 1554 5428 διὰ
1584 5376 1673 5428 τὸν
1698 5375 1829 5427 Θεὸν

274 5468 371 5518 καὶ
400 5465 474 5536 μὴ
503 5465 568 5517 δι’
602 5465 860 5536 αἰσχύνην
885 5465 1203 5534 ἀνθρώπων,
1240 5467 1357 5518 τότε
1379 5465 1665 5535 ἐπίτρεψον
1691 5464 1826 5534 αὐτῇ

271 5552 373 5622 τὴν
400 5553 537 5624 μετὰ
565 5553 670 5607 τῶν
701 5553 904 5609 πιστῶν
929 5553 1071 5607 λαῶν
1103 5552 1318 5618 σύναξιν
1361 5554 1451 5605 καὶ
1487 5555 1741 5605 σύστασιν
1771 5551 1828 5604 ὲν

271 5644 386 5705 τοῖς
425 5641 631 5712 ὕμνοις.

1931 3693 2051 3745 ergo
2085 3677 2254 3729 inveni
2279 3715 2293 3738 ,
2336 3676 2471 3745 quod
2519 3692 2612 3728 tuo
2649 3674 2788 3727 malo
2836 3691 3016 3728 curam
3074 3676 3322 3729 adhibens
3378 3678 3485 3729 vult

1930 3769 2313 3820 communicare
2339 3805 2352 3828 ,
2384 3766 2466 3833 {ac
2497 3782 2558 3818 ea
2605 3767 2682 3818 ita
2707 3781 2762 3819 te
2805 3774 3104 3830 comparet,
3143 3775 3197 3817 ut
3234 3767 3482 3834 injuricm

1929 3858 2151 3924 primum
2184 3856 2440 3923 deponat.
2485 3864 2533 3907 et
2578 3856 2928 3922 paenitentiam
2959 3871 3108 3924 agere
3155 3857 3204 3908 in
3253 3858 3484 3910 animum

1931 3946 2168 4009 inducat,
2200 3956 2252 3996 ut
2284 3946 2330 3997 si
2359 3946 2434 3997 sic
2462 3945 2798 4004 intellexeris,
2831 3943 2967 4012 quod
2998 3946 3212 4006 accedit.
3251 3962 3478 4001 canunt:-

1931 4036 2134 4088 nionem
2160 4034 2484 4097 desiderans,
2508 4036 2779 4103 permittas
2809 4035 2856 4088 ei
2884 4043 2939 4086 ut
2965 4051 3077 4087 cum
3103 4038 3300 4099 popidis
3332 4053 3473 4090 com-

1929 4126 2172 4178 mttnicet.

2002 4295 2195 4349 BALS.
2232 4293 2505 4349 Mulierem
2536 4295 2823 4364 quamdam
2849 4333 2864 4358 ,
2906 4311 3024 4363 qum
3053 4294 3340 4360 Cyradium
3387 4311 3481 4364 ap-

1932 4386 2228 4454 pellabatur
2248 4425 2261 4447 ,
2292 4392 2344 4437 et
2373 4384 2626 4451 iniuriam
2661 4393 2785 4438 ante
2816 4384 3042 4438 faciebat
3072 4424 3085 4444 ,
3115 4385 3206 4451 qui
3239 4393 3391 4437 erant
3427 4388 3481 4438 in

1930 4475 2156 4530 Gemino
2185 4473 2480 4544 presbyteri
2527 4475 2597 4528 ab
2628 4473 2865 4528 Ecclesia
2907 4483 3314 4542 separaverant,
3356 4489 3492 4527 cum.

1932 4565 2000 4618 ab
2038 4563 2233 4632 injuria
2261 4578 2368 4617 non
2397 4564 2713 4618 abstineret.
2744 4561 2833 4616 Illa
2862 4577 2993 4617 vero
3044 4571 3258 4631 proptr
3297 4579 3473 4632 aegre.

1931 4654 2201 4723 gationem
2237 4652 2588 4721 pollicebatur
2624 4667 2684 4708 se
2713 4652 2924 4721 injuriae
2953 4652 3245 4706 remedium
3284 4652 3475 4704 allatu-

1932 4757 2045 4795 ram
2078 4780 2092 4806 ,
2121 4750 2174 4796 et
2206 4742 2272 4795 ad
2302 4742 2735 4796 communionem
2777 4740 2987 4794 admitti
3015 4742 3243 4793 volebat.
3279 4740 3478 4794 Scribit

1932 4847 2061 4902 ergo
2100 4831 2435 4901 TheOphilus
2460 4832 2526 4886 ad
2553 4832 2864 4901 episcopum
2896 4832 3161 4900 regionis:
3192 4829 3297 4885 Fac
3335 4841 3391 4884 ut
3417 4845 3480 4884 ea

1933 4923 2163 4989 primum
2192 4925 2425 4991 deponat
2455 4921 2707 4990 injuriam
2729 4960 2743 4982 ,
2775 4920 2876 4974 hoe
2898 4926 2978 4974 est
2998 4960 3011 4982 ,
3041 4920 3228 4973 reddat
3275 4935 3336 4972 ea
3361 4935 3481 4989 quas

1932 5012 2131 5078 injuste
2164 5010 2449 5079 acquisivit
2467 5049 2480 5071 ,
2508 5018 2563 5065 et
2589 5009 2958 5079 penitentiam
3011 5015 3165 5075 agat,
3197 5008 3247 5060 id
3273 5016 3354 5060 est
3378 5049 3392 5072 ,
3420 5024 3486 5063 se

1932 5101 2185 5167 iniuriam
2216 5099 2412 5155 fecisse
2450 5114 2589 5168 aegre
2640 5098 2807 5159 ierat,
2838 5103 2892 5149 et
2921 5094 3086 5148 Deum
3119 5102 3235 5149 oret
3269 5104 3327 5148 ut
3376 5097 3477 5150 sibi

1933 5195 2151 5257 peccata
2181 5188 2574 5243 condonantur.
2603 5185 2667 5239 Et
2701 5201 2821 5239 cum
2853 5183 2967 5237 haec
2999 5183 3206 5246 fecerit,
3237 5185 3280 5238 si
3315 5185 3475 5238 intel-

1931 5277 2148 5338 texeris,
2179 5276 2281 5330 hoc
2312 5285 2393 5330 est
2416 5318 2430 5339 ,
2472 5277 2516 5329 si
2540 5273 2893 5342 cognoveris,
2928 5272 3070 5341 quod
3104 5274 3218 5341 lege
3261 5271 3350 5326 Dei
3388 5286 3476 5325 ac-

1932 5364 2105 5429 cedit,
2164 5380 2254 5420 seu
2301 5365 2441 5418 bona
2470 5362 2838 5426 conscientia,
2895 5376 3013 5431 quae
3066 5375 3171 5413 non
3208 5359 3308 5413 fert
3343 5373 3400 5412 se
3445 5373 3476 5412 ιι

1932 5453 2166 5507 ﬁdelium
2190 5454 2565 5506 communione
2580 5467 2700 5508 esse
2717 5458 3038 5518 separatam,
3053 5455 3272 5517 propter
3284 5446 3445 5500 Deum
3458 5483 3478 5510 ,

1930 5549 1984 5596 et
2015 5555 2122 5594 non
2149 5551 2366 5610 propter
2393 5541 2667 5595 hominum
2695 5539 2949 5610 pudorem
2976 5579 2989 5601 ,
3013 5546 3142 5591 tunc
3168 5536 3219 5591 ei
3249 5537 3472 5605 permit-

1934 5642 2013 5686 tes
2036 5646 2158 5686 cum
2197 5630 2444 5687 ﬁdelibus
2469 5631 2679 5703 populis
2713 5629 3112 5686 communicare
3147 5636 3201 5684 et
3229 5627 3285 5681 in
3318 5626 3473 5697 hym-

1932 5719 2019 5776 nis
2039 5721 2352 5777 consistere.
