4110 6476
661 352 762 417 915

1931 369 2204 433 ΤΗΕΟῙ).
2229 372 2624 438 BALSAMON

3785 381 3880 446 915

739 488 3864 530 -__._..__.._.____...___._.________________________

999 599 1469 723 BEATI
1567 602 2140 730 NOSTRI
2236 607 2804 736 PATRIS
2902 615 3548 739 CYRILLI

1737 791 2261 853 AltCHlEPlSCOPl
2296 796 2788 854 ALEXANDRINI.

1613 880 1998 975 ΕΡιὲΤοιΑ
2047 915 2456 979 CANONICA
2497 918 2578 978 IN
2622 918 2928 982 HYMNIS

1734 1119 1869 1174 ΤΟΥ
1905 1121 1996 1177 ΕΝ
2032 1122 2256 1176 ΔῐΊΟῐΣι
2288 1124 2554 1180 ΠΑΤΡΟΣ
2589 1127 2791 1184 ΗΜΩΝ

1011 1239 1584 1327 ΚΥΡΙΛΛΟΥ
1659 1241 2585 1335 ΑΡΧΙΕΠΙΣΚΟΠΟΥ
2657 1246 3488 1350 ΑΛΕΞΑΝΔΡΕΙΑΣ

1556 1383 1901 1437 ΕΠΙΣΤΟΛΗ
1952 1385 2318 1440 ΚΔΝΟΝΙΚΗ
2362 1389 2452 1444 EN
2489 1389 2650 1446 ΤΟΙΣ
2681 1393 2966 1454 ΥΜΝΟΙΣ.

714 1527 953 1598 Cyrinus
986 1527 1055 1582 ad
1091 1527 1383 1586 Domnum.

2385 1534 2654 1610 Κύριλλος
2682 1543 2818 1609 πρὸς
2852 1545 3078 1618 Δόμνον.

717 1651 1063 1723 Unaquaeque
1110 1671 1198 1710 res
1228 1667 1435 1722 nostra,
1468 1662 1683 1728 quando
1716 1666 1907 1722 ordine
1945 1672 2202 1725 canonico

2373 1675 2615 1728 Ἕκαστα
2652 1675 2760 1729 τῶν
2814 1677 2934 1732 καθ’
2981 1680 3127 1750 ἡμᾶς
3176 1684 3518 1753 πραγμάτων
3558 1685 3690 1738 ὅταν
3735 1685 3858 1740 εὐθδ

643 1754 791 1797 recta
818 1744 1061 1812 procedit
1082 1785 1096 1806 ,
1133 1747 1341 1802 nullum
1372 1750 1592 1818 quidem
1637 1754 1689 1807 in
1725 1756 1883 1811 nobis
1916 1761 2206 1815 tumultum

647 1831 947 1900 ingenerat,
995 1843 1051 1888 et
1081 1851 1109 1889 a
1149 1839 1536 1894 nonnullorum
1569 1843 1946 1900 maledicentia
1972 1848 2166 1904 liberat
2188 1891 2203 1915 ,

645 1922 729 1975 vel
762 1925 943 1990 potius
969 1940 1160 1980 eorum
1206 1929 1299 1997 qui
1327 1931 1542 2000 sapiunt
1586 1933 1800 1990 laudem
1835 1939 1993 1994 nobis
2025 1943 2208 1997 conci-

641 2005 757 2062 lint.
783 2010 915 2075 Quis
944 2012 1090 2065 enim
1119 2029 1224 2068 non
1249 2017 1426 2072 obviis
1451 2059 1464 2080 ,
1493 2028 1550 2074 ut
1583 2022 1756 2088 aiunt,
1797 2025 1942 2080 ulnis
1972 2029 2207 2100 excipiat

641 2099 708 2152 dc
742 2099 1013 2168 aliquibus
1067 2105 1330 2171 prolatam
1397 2112 1751 2178 sententiam,
1800 2131 1921 2185 qua:
1955 2133 2056 2174 nec
2099 2099 2208 2176 huc

640 2199 744 2242 nec
784 2189 911 2243 illuc
948 2191 1280 2245 inclinetur?
1312 2195 1403 2248 Vel
1433 2201 1704 2264 quomodo
1730 2219 1838 2258 non
1869 2205 1939 2260 sit
1964 2207 2032 2262 ab
2058 2211 2206 2268 omni

641 2281 1065 2350 reprehensione
1100 2284 1360 2347 alienum.
1399 2289 1482 2342 vel
1521 2291 1702 2358 potius
1729 2309 2057 2367 magnopere
2093 2300 2210 2356 lan-

642 2370 902 2434 dandnm,
930 2373 973 2425 si
1007 2384 1152 2428 recte
1185 2387 1241 2431 et
1263 2377 1408 2446 juste
1436 2379 1747 2447 judicetur?

710 2461 774 2513 Et
796 2461 907 2515 haec
922 2463 1142 2531 quidem
1169 2481 1312 2522 nunc
1337 2468 1516 2523 scribo
1536 2471 1600 2524 ad
1623 2473 1878 2540 pietatem
1901 2484 2067 2543 tuam,
2086 2495 2207 2550 qua:

643 2545 696 2597 in
769 2549 958 2605 litteris
1029 2553 1094 2606 ad
1265 2570 1350 2610 me
1383 2565 1437 2611 ct
1470 2559 1936 2630 religiosissimum
1981 2545 2198 2626 fratrem

640 2645 879 2702 nostrum
903 2647 957 2692 et
977 2641 1356 2712 coepiscopum
1391 2646 1635 2702 Proelum
1662 2651 1860 2717 missis,
1891 2657 2205 2728 episcopum

637 2727 855 2794 quidem
904 2730 1190 2793 nominet,
1238 2734 1504 2804 imprimis
1563 2739 1713 2808 pium
1771 2757 1834 2798 ac
1890 2727 2202 2817 religiosum

637 2814 856 2869 Petrum
891 2835 904 2868 :
946 2834 1070 2872 cum
1112 2821 1225 2889 ipse
1256 2823 1604 2892 lamentetur,
1654 2845 1819 2899 seque
1861 2833 1928 2887 ab
1961 2814 2204 2894 Ecclesia

637 2904 740 2958 sibi
774 2906 1034 2962 attributa
1063 2918 1258 2977 praeter
1304 2913 1571 2968 rationem
1611 2917 1845 2986 ejectum
1875 2936 1995 2977 esse
2037 2924 2201 2980 dicat.

2297 1761 2528 1833 φέρηται
2549 1765 2842 1835 κανονικῆς
2869 1767 3147 1835 εὐταξίας,
3207 1770 3399 1822 οὐδένα
3435 1772 3535 1839 μὲν
3564 1774 3700 1842 ἡμῖν
3730 1774 3865 1827 ἐντί-

2295 1869 2412 1906 κτει
2437 1853 2678 1924 θόρυϐον,
2715 1857 3040 1911 ἀπαλλάττει
3073 1859 3127 1912 δὲ
3150 1861 3358 1930 καὶτῆς
3382 1863 3529 1933 παρά
3555 1881 3720 1918 τινων
3743 1866 3861 1920 δυσ-

2296 1943 2523 2013 φημίας,
2559 1946 2757 2014 μᾶλλον
2774 1946 2830 1998 δὲ
2857 1948 2949 2000 καὶ
2977 1951 3075 2012 τὰς
3105 1951 3255 2018 παρὰ
3283 1952 3390 2004 τῶν
3428 1949 3487 2006 εὐ
3522 1955 3860 2023 φρονούντων

2295 2036 2570 2106 εὐφημίας
2593 2039 2725 2107 ἡμῖν
2761 2037 3025 2108 προξενεῖ.
3057 2039 3153 2102 Τίς
3179 2041 3288 2111 γάρ
3317 2043 3416 2094 οὐκ
3447 2043 3514 2095 ἂν
3542 2046 3859 2113 ἀποδέξαιτο

2293 2127 2470 2196 ψῆφον
2496 2127 2851 2200 ἀπροσκλινῆ,
2877 2131 3030 2200 εἴπερ
3061 2130 3126 2184 ἂν
3156 2132 3355 2200 γίνοιτο
3385 2135 3534 2204 παρά
3560 2153 3761 2201 τινων;
3791 2139 3857 2191 Ἦ

2295 2218 2413 2281 πῶς
2438 2219 2498 2271 τὸ
2523 2219 2724 2289 κρίνειν
2744 2219 2918 2290 ὀρθῶς
2945 2222 3038 2273 καὶ
3067 2221 3304 2292 ἐννόμως
3335 2224 3432 2275 οὐκ
3457 2225 3851 2296 ἀνεπίπληκτον

2294 2308 2463 2374 ἔσται,
2499 2310 2697 2380 μᾶλλον
2725 2311 2780 2363 δὲ
2806 2313 3004 2375 παντὸς
3025 2313 3244 2366 ἐπαίνου
3277 2314 3506 2384 μεστόν;

2364 2484 2476 2537 Καὶ
2503 2483 2672 2537 ταῦτα
2708 2483 2902 2556 γράφω
2945 2486 3063 2538 νυνὶ
3102 2489 3164 2557 τῇ
3201 2489 3264 2557 σῇ
3301 2487 3610 2560 θεοσεϐείᾳ,
3654 2491 3713 2544 ἐν
3746 2491 3855 2556 τοῖς

2294 2575 2489 2645 ἑαυτῆς
2515 2575 2801 2646 γράμμασι
2830 2579 2940 2639 τοῖς
2976 2577 3212 2629 σταλεῖσι
3248 2578 3377 2648 πρὸς
3408 2580 3505 2648 ὲμέ
3544 2597 3603 2632 τε
3646 2584 3740 2634 καὶ
3767 2583 3851 2634 τὸν

2292 2666 2586 2719 ὁσιώτατον
2610 2667 2702 2720 καὶ
2728 2667 3138 2720 θεοσεϐέστατον
3165 2668 3388 2738 ἀδελφὸν
3417 2671 3576 2740 ἡμῶν
3605 2673 3702 2724 καὶ
3730 2689 3852 2726 συνο

2291 2757 2587 2809 επίσκοπον
2641 2758 2915 2828 Πρόκλον,
2976 2760 3272 2812 ἱπίσκοπον
3320 2762 3420 2829 μὲν
3481 2762 3850 2831 ὀνομαζοὼης

2291 2842 2380 2897 τὸν
2410 2844 2797 2897 εὐλαϐέστατον
2822 2846 2911 2898 καὶ
2934 2844 3341 2913 θεοφιλέστατον
3365 2848 3567 2919 Πέτρον
3585 2866 3597 2878 ο
3618 2851 3782 2904 αὐτοῦ
3798 2852 3849 2904 δὲ

2292 2933 2586 2998 κλαίοντος,
2632 2933 2724 2987 καὶ
2765 2934 2865 3002 τῆς
2908 2936 3299 3007 ὲκνεμηθείσης
3346 2939 3490 3008 αὐτῷ
3529 2941 3850 3011 Ἐκκλησίας

636 2991 767 3050 Erat
792 3005 972 3050 autem
1013 3008 1437 3055 consentaneum
1467 3014 1526 3057 ut
1556 3008 1637 3060 vel
1666 3009 1958 3066 sacerdotii
2003 3029 2202 3070 nomen

2293 2991 2617 3094 παραλόγως
2644 2991 2961 3094 κεκινῆσθαι
2985 2991 3386 3092 λέιγόντος.⁸;ην
3416 2991 3474 3081 δ’⁸
3493 2991 3784 3084 ἀκόλουθον

637 3100 760 3138 cum
781 3102 838 3140 re
856 3085 1099 3146 haberet.
1128 3089 1234 3152 vel,
1258 3089 1302 3142 si
1326 3106 1432 3143 non
1460 3103 1575 3147 erat
1593 3095 1787 3166 dignus
1810 3109 1868 3153 ut
1886 3102 2043 3156 altari
2069 3119 2205 3172 pra!-

635 3188 802 3241 csset,
823 3194 924 3232 nec
949 3179 1062 3248 ipsa
1082 3181 1303 3249 quidem
1327 3182 1672 3254 episcopatus
1692 3191 1976 3246 vocatione
2006 3193 2201 3264 dignus

637 3267 954 3324 haberetur.
989 3269 1092 3324 Sed
1121 3272 1173 3325 id
1204 3271 1433 3328 fortasse
1463 3276 1607 3343 quod
1631 3277 1771 3339 dico.
1796 3279 1994 3335 durum
2012 3297 2130 3339 esse
2147 3294 2203 3339 et

635 3359 920 3414 charitatis
944 3376 1141 3431 expers
1178 3363 1472 3419 videbitur.
1508 3365 1615 3420 Res
1643 3377 1825 3423 autem
1858 3386 2046 3428 revera
2089 3390 2200 3430 non

637 3451 708 3503 ita
735 3466 790 3505 se
831 3451 1009 3506 habet.
1046 3453 1152 3508 Nos
1177 3455 1320 3508 cnim
1359 3455 1506 3510 senis
1540 3459 1726 3527 utique
1764 3460 2009 3517 misereri
2041 3475 2199 3534 puta-

635 3556 778 3604 mus,
803 3542 846 3594 si
886 3543 1061 3596 solum
1097 3544 1144 3596 ei
1178 3559 1376 3598 nomen
1418 3546 1800 3614 reliquerimus
1832 3566 1845 3611 ;
1891 3551 1985 3604 sed
2025 3554 2198 3608 multo

636 3633 830 3685 melius
853 3643 971 3686 erat
1002 3633 1146 3689 aliud
1175 3649 1390 3704 quoque
1410 3637 1772 3692 considerare.
1802 3640 1941 3694 Dicit
1968 3643 2114 3697 enim
2140 3660 2198 3700 se

636 3736 787 3774 suam
810 3721 1027 3790 quidem
1062 3737 1220 3791 posse
1245 3739 1460 3778 causam
1491 3727 1740 3795 probare,
1775 3738 1829 3782 at
1871 3730 2201 3793 defensionis

637 3819 852 3880 tempus
875 3811 978 3864 sibi
1006 3827 1113 3866 non
1149 3828 1268 3867 esse
1291 3814 1476 3867 datum
1505 3856 1518 3880 ,
1545 3831 1645 3870 nec
1675 3817 2008 3873 auditionem
2033 3837 2200 3878 cano-

636 3900 817 3952 nicam
860 3899 963 3952 sibi
1011 3900 1176 3955 fuisse
1216 3915 1548 3956 concessam.
1582 3903 1677 3958 Sin
1718 3916 1898 3961 autem
1936 3908 2040 3964 tale
2065 3911 2200 3981 quid

635 3990 838 4044 factum
889 3999 1053 4054 esset,
1087 3993 1202 4062 ipsa
1240 4003 1481 4048 actorum
1524 3995 1811 4064 productio
1856 4015 1982 4056 eum
2010 4002 2199 4057 convi-

635 4081 802 4134 cissct
835 4097 984 4136 reum
1028 4083 1400 4151 impositorum
1434 4086 1533 4154 ipsi
1571 4087 1859 4143 criminum
1882 4133 1894 4155 ,
1924 4107 2026 4148 nec
2056 4103 2200 4149 esset

636 4172 784 4239 quod
835 4187 891 4226 se
943 4172 1138 4241 injuria
1189 4173 1445 4228 affectum
1505 4187 1865 4246 quereretur;
1916 4183 1998 4236 vel
2049 4190 2197 4238 certe

636 4260 943 4313 absolutum
971 4277 1094 4314 eum
1121 4263 1625 4326 declarans,rursus
1646 4269 1968 4325 concederet
1991 4279 2201 4341 utprae-

635 4359 781 4403 esset
828 4350 1080 4405 Ecclesia:
1117 4367 1239 4421 qua:
1270 4354 1346 4407 illi
1388 4355 1630 4425 subjecta
1670 4359 1789 4413 fuit.
1839 4361 1976 4417 Cum
2017 4375 2196 4421 autem
2220 4389 2260 4441 α

636 4441 772 4493 nihil
809 4441 1008 4495 factum
1041 4443 1110 4497 sit
1143 4443 1411 4512 ejusmodi
1438 4483 1451 4506 ,
1481 4444 1548 4499 de
1579 4462 1637 4500 re
1673 4449 1893 4516 quidem
1931 4452 2037 4506 alta
2065 4468 2198 4511 voce

635 4530 904 4597 queritur,
923 4539 977 4584 ct
995 4530 1391 4586 intolerabilem
1408 4532 1657 4603 injuriam
1679 4550 1735 4590 se
1750 4535 1883 4591 dicit
1901 4540 2197 4617 accepisse,

636 4640 690 4684 ct
715 4631 896 4698 inique
919 4636 1149 4699 ejectum
1176 4641 1315 4688 esse,
1347 4625 1609 4694 adjicicns
1644 4643 1756 4681 rem
1792 4643 2008 4682 omnem
2043 4627 2197 4682 fami-

637 4721 826 4775 liarem
848 4734 1000 4774 suam
1023 4717 1324 4786 ademptam
1348 4717 1452 4772 sibi
1484 4717 1667 4772 fuisse.

706 5003 818 5056 Tua
843 5003 1019 5070 itaque
1053 4999 1327 5064 sanctitas,
1362 4999 1714 5056 considerans
1736 5010 1791 5054 et
1821 5000 1964 5069 quod
1990 5000 2191 5056 divinis

635 5095 930 5148 canonibus
959 5093 1224 5146 sancitum
1251 5103 1351 5155 est,
1380 5101 1433 5146 et
1471 5093 1611 5161 quod
1640 5093 1892 5147 Ecclesia:
1916 5094 2189 5155 convenit,

634 5188 807 5255 iisque
837 5183 927 5253 qui
969 5194 1095 5237 sunt
1147 5183 1198 5235 in
1240 5198 1392 5237 sacro
1432 5172 1737 5237 ministerio
1768 5182 1986 5245 initiati,
2012 5192 2186 5237 etno-

633 5286 863 5329 strarum
888 5282 1143 5343 praeterea
1175 5273 1475 5326 litterarum
1500 5272 1765 5325 rationem
1783 5272 2008 5336 ducens,
2034 5273 2188 5327 sistat

2289 3114 2350 3165 τὸ
2385 3114 2483 3181 τῆς
2514 3114 2810 3184 ἱερωσύνης
2852 3116 3025 3184 δνομα
3065 3118 3202 3187 μετά
3231 3118 3324 3171 τοῦ
3357 3121 3683 3190 πράγματος
3713 3123 3849 3191 ἔχειν

2291 3203 2472 3265 αὐτὸν,
2493 3206 2656 3272 ἤγουν
2686 3206 2840 3274 εἴπερ
2860 3205 2936 3275 μὴ
2964 3202 3030 3274 ἦν
3061 3208 3207 3273 ἄξιος
3231 3210 3324 3262 τοῦ
3349 3213 3678 3278 προεστάναι
3708 3214 3848 3265 θείου

2294 3290 2708 3361 θυσιαστηρίου,
2747 3294 2873 3363 μηδ’
2917 3295 3052 3365 αὐτῇ
3087 3299 3346 3365 τιμᾶσθαι
3391 3303 3455 3368 τῇ
3506 3303 3696 3368 κλήσει
3754 3301 3848 3369 τῆς

2293 3380 2614 3448 ἐπισκοπῆς.
2667 3380 2805 3432 Ἀλλ’
2857 3381 2986 3445 ἴσως
3021 3383 3220 3448 δόξειεν
3266 3385 3332 3439 ἂν
3368 3391 3434 3457 τῇ
3471 3391 3535 3457 σῇ
3581 3389 3847 3458 θεοφιλείᾳ.

2295 3467 2522 3536 σκληρὸς
2566 3463 2704 3520 εἷναί
2732 3485 2814 3532 τις
2844 3470 2937 3522 καὶ
2980 3470 3339 3543 ἀφιλάλληλος
3375 3477 3402 3526 ὀ
3432 3477 3559 3545 παρ’
3595 3477 3732 3544 ὁμοῦ
3765 3477 3848 3527 16-

2291 3573 2403 3625 γος.
2443 3559 2596 3627 Ἔχει
2627 3558 2682 3611 δὲ
2721 3560 2818 3629 οὐχ
2851 3560 3022 3623 οὓτως
3061 3563 3202 3616 κατά
3246 3566 3307 3617 τὸ
3337 3565 3553 3634 ἀληθές.
3606 3568 3846 3636 Ἐλεῆσαι

2288 3646 2394 3716 γὰρ
2423 3647 2560 3716 τάχα
2591 3664 2691 3699 που
2719 3649 3013 3718 νομίζομεν
3045 3651 3135 3704 τὸν
3165 3653 3478 3723 πρεσϐύτην
3506 3657 3677 3727 μόνην
3706 3657 3846 3726 αὐτῷ

2287 3736 2384 3804 τὴν
2413 3735 2601 3803 κλῆσιν
2628 3736 2855 3805 ἀφέντες
2878 3752 2890 3766 ⁶
2931 3739 3125 3809 μακρῷ
3153 3740 3208 3792 δὲ
3237 3736 3303 3810 ἦν
3345 3743 3568 3812 ἄμεινον
3602 3747 3843 3815 ἐννοῆσαι

2287 3825 2379 3874 καὶ
2407 3824 2468 3875 τὸ
2489 3825 2692 3893 ἕτερον.
2739 3825 2939 3879 Φάσκει
2965 3827 3070 3896 γὰρ
3097 3829 3156 3880 οὐ
3177 3828 3439 3883 δύνασθαι
3470 3832 3566 3899 μὲν
3589 3836 3841 3903 συστῆναι

2287 3915 2350 3980 τῇ
2388 3913 2565 3982 οἰκείᾳ
2591 3913 2851 3982 ὐπολήψει
2877 3930 2889 3944 ·
2920 3916 2980 3967 οὐ
3010 3916 3192 3969 λαϐεῖν
3222 3919 3276 3971 δὲ
3301 3920 3492 3990 καιρὸν
3529 3923 3839 3990 ἀπολογίας,

2286 4003 2410 4056 οὐτε
2448 4005 2555 4074 μὴν
2595 4004 2856 4074 ἀκρόασιν
2902 4005 3049 4076 αὐτῷ
3087 4008 3417 4079 προτεθῆναι
3447 4014 3759 4082 κανονικήν.
3785 4015 3840 4066 Et

2287 4092 2330 4145 δ’
2363 4095 2604 4162 ἐγεγόνει
2652 4112 2704 4147 τι
2743 4093 3002 4159 τοιοῦτον,
3043 4097 3180 4168 αὐτὴ
3232 4099 3338 4153 τῶν
3371 4100 3774 4171 ὑπομνημάτων
3812 4105 3840 4174 ἡ

2290 4185 2544 4248 σύστασις
2564 4185 2841 4255 διήλεγξεν
2864 4183 2930 4236 ἂν
2945 4186 3105 4240 nam
3127 4188 3157 4258 ἢ
3175 4189 3367 4242 ἁλόντα
3387 4191 3839 4261 τοῖςαιτιάμασιν,

2289 4277 2322 4345 ἢ
2341 4275 2526 4346 ἔνοχον
2551 4274 3006 4343 ἀποπεφασμένον
3035 4278 3130 4330 καὶ
3155 4279 3304 4332 οὐδὲν
3339 4280 3533 4349 ἔχοντα
3558 4280 3744 4334 λοιπὸν
3772 4282 3841 4333 εί-

2289 4370 2407 4420 πεῖν
2440 4366 2514 4431 ὡς
2559 4366 2907 4436 ἠδικημένον,
2952 4368 3120 4437 ἧγουν
3162 4369 3443 4439 ἐλεύθερον
3483 4371 3836 4441 ἀποφήνασα.

2287 4457 2444 4511 πάλιν
2477 4455 2645 4509 ὲδίδου
2689 4456 2750 4508 τὸ
2783 4457 3110 4527 προεστάναι
3141 4458 3238 4525 τῆς
3277 4459 3635 4530 Ἐκκλησίας,
3680 4461 3714 4530 ἡ
3755 4461 3840 4514 καὶ

2289 4548 2390 4602 ὐπὸ
2411 4548 2565 4617 χεῖρα
2599 4546 2788 4613 γέγονε
2826 4547 2924 4617 τὴν
2966 4547 3149 4600 αὐτοῦ.
3183 4549 3408 4610 Οὐδενὸς
3433 4550 3492 4603 δὲ
3533 4551 3841 4619 πεπραγμέ-

2297 4646 2386 4682 νου
2417 4630 2677 4691 τοιούτου,
2712 4628 2956 4699 καταϐοᾷ
2985 4645 3079 4682 του
3123 4646 3442 4700 πραγματος
3464 4669 3479 4692 .
3509 4648 3604 4684 και
3643 4634 3844 4688 ἀδικίαν

2293 4719 2565 4788 ἀφόρητον
2591 4717 2883 4786 ὑποστῆναι
2912 4735 3067 4789 φησι,
3085 4720 3178 4772 καὶ
3197 4713 3450 4789 ἀθέσμως
3474 4722 3842 4792 ἐκϐεϐλῆσθαι,

2295 4809 2658 4876 προσεπάγων
2705 4810 2788 4862 ὅτι
2840 4811 2936 4862 καὶ
2963 4809 3186 4879 ἡρπάγη
3234 4809 3411 4862 πάντα
3460 4810 3529 4863 τά
3586 4813 3846 4882 προσόντα

2294 4898 2440 4966 αὐτῷ
2468 4900 2743 4968 χρήματα.

2377 4992 2439 5042 Ἢ
2463 4991 2528 5060 σὴ
2549 4989 2833 5060 τοιγαροῦν
2845 4991 3078 5059 ὁσιότης,
3096 4989 3346 5043 ἐννοοῦσα
3359 4990 3453 5042 καὶ
3473 4991 3532 5043 τὸ
3554 4994 3664 5053 τοῖς
3692 4992 3844 5054 θείοις

2295 5080 2483 5134 κανόσι
2510 5079 2715 5144 δοκοῦν,
2747 5082 2838 5132 καὶ
2864 5080 2925 5132 τὸ
2955 5081 3162 5150 πρέπον
3193 5082 3256 5149 τῇ
3303 5080 3596 5150 Ἐκκλησία
3629 5083 3845 5140 καὶτοῖς

2292 5173 2643 5240 τεταγμένοις
2673 5174 2752 5234 είς
2789 5172 2939 5243 ἰεράν
2962 5172 3300 5242 λειτουργίαν
3328 5187 3340 5200 ·
3374 5172 3450 5223 ἔτι
3478 5189 3536 5223 τε
3569 5172 3703 5241 πρὸς
3733 5170 3846 5222 τούν

2290 5277 2423 5324 τοις,
2460 5263 2553 5313 καὶ
2591 5262 2660 5313 τὰ
2710 5264 2838 5330 παρ’
2894 5260 3049 5328 ἡμῶν
3095 5260 3474 5329 δυσωπηθεῖσα
3519 5261 3842 5328 γράμματα,

634 5364 781 5418 senis
813 5363 1074 5432 lacryinas
1102 5379 1114 5424 ;
1146 5370 1202 5414 et
1242 5361 1285 5413 si
1328 5361 1457 5413 velit
1482 5361 1700 5429 quidem
1735 5376 1860 5414 cum
1890 5360 1957 5415 iis
1983 5360 2189 5430 judicio

2295 5351 2544 5420 στησάτω
2591 5348 2680 5401 τοῦ
2730 5349 3040 5418 πρεσϐύτου
3099 5349 3158 5400 τὸ
3210 5349 3460 5418 δάκρυον.
3508 5349 3618 5400 Καὶ
3657 5350 3704 5399 εί
3759 5348 3847 5416 μὲν

2292 5442 2460 5465 11‘s-.--
2509 5441 2827 5465 2--..'._..-n...
2891 5441 3024 5465 _-X_
3059 5442 3178 5465 _-.‘.-
3220 5442 3524 5465 :-.’.-.-..-..-
3560 5438 3706 5465 ...³.-.¹’.
3759 5439 3847 5465 ,ιη

632 5450 954 5506 mntenderc
977 5450 1066 5517 qui
1090 5450 1315 5502 crimina
1342 5449 1395 5501 in
1420 5463 1543 5502 eum
1576 5449 1879 5512 intendunt,
1906 5447 2049 5516 apud
2071 5462 2192 5503 san—

2292 5442 2466 5494 ἕλοιτο
2507 5441 2829 5494 δικάσασθαι
2890 5441 3024 5510 πρὸς
3058 5442 3178 5503 τοὺς
3219 5442 3524 5506 ἐπάγοντας
3557 5439 3708 5508 αὐτῷ
3759 5439 3848 5499 τὰς

633 5546 872 5596 nitatem
908 5551 1051 5592 tuam
1104 5555 1200 5608 pro
1238 5554 1387 5592 more
1425 5539 1634 5608 litiget,
1669 5555 1774 5592 una
1805 5539 2012 5593 scilicet
2053 5539 2189 5592 assi-

2291 5533 2491 5597 αῐτίας,
2516 5530 2817 5594 δικαζέσθω
2844 5531 2980 5582 κατά
3001 5531 3061 5582 τὸ
3077 5531 3263 5590 εξωθὸς
3283 5528 3376 5581 ἐπὶ
3398 5529 3496 5596 τῆς
3523 5529 3845 5591 θεοσεϐείας

633 5634 901 5687 alentibus
929 5631 1020 5698 qui
1055 5631 1149 5682 tibi
1185 5630 1415 5682 subsunt
1447 5630 1746 5697 episcopis,
1777 5630 1882 5683 nisi
1919 5629 2056 5683 forte
2088 5628 2186 5681 ali-

2294 5622 2687 5692 συμπαρόντων
2739 5620 2980 5689 δηλονότι
3025 5620 3130 5671 τῶν
3191 5621 3292 5670 (mh
3325 5619 3422 5684 τὴν
3481 5619 3648 5683 αὐτῆς
3702 5621 3844 5686 χεῖρα

633 5735 769 5790 quos
801 5729 1006 5774 recusat
1031 5729 1084 5770 ut
1129 5727 1421 5784 suspectos.
1460 5717 1677 5769 Nullum
1719 5718 1861 5770 (nim
1897 5714 2188 5784 religiosis-

2294 5714 2720 5767 θεοτεϐεττίιτων
2760 5714 3108 5764 ίπισγτῖττιιιν·
3143 5711 3294 5770 ἐκτδος
3330 5712 3372 5758 τί
3419 5710 3492 5776 μὴ
3541 5706 3850 5778 παραιτοῖτό

2389 5714 2720 5766 τεϐεττίιτων
