4110 6476
253 380 360 453 91'!

1233 388 1308 449 IN
1350 387 1591 449 EPIST.
1628 390 1690 449 5.
1731 388 2034 450 (LYRlLLl
2063 392 2161 450 AD
2205 390 2552 460 DOMNUM.

3392 394 3497 455 918

255 522 410 570 τινας
438 508 512 571 ὡς
543 509 834 572 ὑπόπτους.
869 507 1069 562 Οὐδένα
1099 507 1194 578 μὲν
1219 505 1326 581 γὰρ
1354 509 1460 563 τῶν
1483 508 1831 567 θεοσεϐεστά-

1948 511 2200 565 simorum
2227 511 2603 581 episcoporum
2622 508 2676 564 in
2696 512 2915 568 fratrem
2940 515 3157 569 inimico
3180 528 3298 568 esse
3323 523 3504 567 animo

257 613 367 650 των
413 600 724 653 ἐπισκόπων
774 599 940 669 ἐχθρά
971 603 1184 670 φρονεῖν
1230 602 1441 671 ἀδελφῷ
1481 603 1823 673 πιστεύομεν.

261 687 380 741 Ἴνα
422 690 477 742 δὲ
523 691 597 762 μὴ
638 691 904 760 πρόφασις
943 689 1081 760 αὕτη
1133 691 1390 760 γένηται,
1421 691 1518 760 τὴν
1563 694 1828 764 ἐσομένην

259 777 346 828 ἐπ’
393 780 539 848 αὐτῷ
580 780 759 850 κρίσιν
800 780 1176 850 παραλύοοσα,
1214 782 1348 850 πρὸς
1387 782 1447 834 τὸ
1491 781 1564 850 μὴ
1595 783 1650 833 ἐν
1701 781 1826 853 δίκῃ

260 870 585 938 πεποιῆσθαι
617 871 813 934 δοκεῖν,
856 871 1007 923 οὐδέν
1034 872 1150 925 ἐστι
1177 872 1236 924 τὸ
1257 870 1460 923 λυποῦν
1491 872 1706 926 ἀπεῖναι
1736 874 1825 926 τοῦ

257 961 536 1030 συνεδρίου
566 960 672 1014 τῶν
701 962 758 1013 ἐν
786 960 992 1031 ὑποψίᾳ
1017 962 1188 1025 τίνάς.

332 1054 526 1111 ΒΑΛΣ.
548 1056 620 1109 T6
652 1061 939 1130 προοίμιον
965 1063 1059 1132 τῆς
1085 1064 1371 1134 ἐπιστολῆς
1393 1066 1649 1134 τοιαύτης
1681 1065 1826 1118 ἐστὶν

258 1139 485 1205 ἐννοίας,
504 1145 669 1214 Φησὶν
690 1149 716 1201 6
733 1147 888 1217 ἀγιος
907 1167 920 1180 ·
943 1151 1062 1203 Ὅτι
1094 1153 1162 1206 τὰ
1188 1153 1310 1207 καθ’
1342 1156 1487 1225 ἡμᾶς
1509 1157 1828 1225 πράγματα.

257 1230 328 1282 τά
357 1232 788 1303 ἐκκλησιαστικά
816 1240 1077 1310 δηλονότι,
1105 1243 1137 1313 ἦ
1170 1244 1354 1310 ἀπλῶς
1384 1247 1449 1300 τὰ
1491 1245 1826 1316 ἀνθρώπινα.

256 1319 389 1372 ὅταν
414 1323 538 1376 κατ’
568 1327 832 1399 εὐθύτητα
865 1332 1152 1403 κανονικὴν
1175 1335 1551 1402 διεξάγωνται,
1581 1335 1705 1389 οὔτε
1735 1336 1829 1389 θόν

257 1409 425 1481 ρυϐον
455 1416 586 1484 ἡμῖν
615 1417 925 1486 ἐπάγουσιν,
949 1419 1074 1474 οὔτε
1104 1425 1417 1496 δυσφημίαν
1445 1427 1593 1496 παρὰ
1629 1445 1788 1481 τινων
1814 1447 1824 1461 ·

256 1508 398 1562 ἀλλά
461 1513 662 1581 μᾶλλον
749 1516 1004 1580 ἐπαίνους
1062 1521 1195 1587 ἡμῖν
1266 1522 1537 1590 προξενεῖ·
1604 1518 1670 1574 Ἦ
1724 1523 1834 1592 γὰρ

258 1600 627 1674 ἀπροσκλινὴς
657 1608 835 1676 κρίσις
868 1609 898 1678 ἢ
933 1611 1198 1681 cippum,
1236 1611 1267 1680 ὴ
1326 1614 1617 1677 εὐθυτάτη,
1669 1614 1835 1667 πᾶσίν

257 1690 406 1746 ἐστιν
436 1695 731 1749 ἀποδεκτέα
756 1715 769 1730 ο
804 1701 898 1753 καὶ
931 1702 991 1753 οὐ
1044 1702 1202 1770 μόνον
1235 1702 1636 1773 ἀνεπίπληκτόν
1662 1705 1833 1770 ἐστιν,

256 1782 429 1866 ἤγουν
456 1787 858 1855 ἀκαταιτίατον,
893 1793 991 1845 οὐκ
1025 1793 1372 1862 ἐπιπλήξεως
1416 1794 1584 1860 ἀξιον,
1621 1788 1681 1851 τὸ
1713 1799 1834 1867 κρί-

1941 602 2237 656 credimus.
2282 601 2359 655 Ne
2401 596 2584 655 autem
2613 600 2704 655 hic
2733 612 3027 671 praeteritus
3063 606 3310 658 futurum
3347 603 3414 657 de
3439 619 3504 658 eo

1936 691 2201 761 judicium
2237 691 2526 758 dissolvat,
2555 705 2613 750 ut
2641 711 2750 750 non
2783 697 2906 764 jure
2936 695 3138 750 factum
3168 711 3286 750 esse
3315 695 3505 749 videa-

1942 790 2048 845 tur,
2076 797 2180 836 non
2210 798 2369 851 grave
2398 794 2480 839 est
2506 798 2536 838 a
2566 800 2823 841 consessu
2847 785 3036 841 abesse
3058 803 3246 842 eorum
3298 789 3392 858 qui
3417 803 3507 842 su-

1937 874 2107 941 specti
2137 881 2264 927 sunt
2285 874 2516 943 aliquos.

2012 1066 2206 1122 BALS.
2250 1067 2575 1124 Prooemium
2603 1068 2847 1138 epistola:
2889 1068 3029 1122 hunc
3069 1066 3229 1120 habet
3263 1079 3502 1119 Sensum.

1939 1158 2079 1213 Dicit
2105 1171 2322 1215 sanctus
2356 1178 2369 1214 :
2397 1162 2499 1214 lies
2535 1168 2753 1223 nostrae,
2781 1158 2986 1212 scilicet
3005 1156 3401 1218 ecclesiastica,
3427 1154 3509 1209 vel

1935 1250 2252 1319 simpliciter
2301 1251 2566 1315 humanm,
2602 1253 2818 1321 quando
2877 1250 3137 1304 canonica
3186 1247 3515 1302 rectitudine

1937 1342 2251 1408 procedunt,
2304 1357 2399 1394 nec
2453 1341 2607 1395 nobis
2660 1341 2942 1395 tumultum
3007 1342 3346 1408 ingenerant,
3411 1355 3513 1395 nec

1940 1430 2240 1497 aliquorum
2265 1431 2572 1493 maledicta,
2604 1432 2695 1485 sed
2723 1430 2910 1486 laudes
2935 1431 3089 1486 nobis
3123 1432 3301 1500 potius
3332 1432 3516 1486 conci-

1942 1519 2096 1572 linnt.
2127 1518 2395 1576 Judicium
2430 1525 2594 1585 enim,
2627 1521 2770 1590 quod
2801 1537 2899 1576 nec
2935 1522 3037 1576 huc
3068 1536 3166 1578 nec
3201 1522 3325 1576 illuc
3349 1521 3510 1575 incli-

1929 1619 2021 1661 nat
2046 1625 2144 1663 nec
2165 1613 2489 1680 propendet,
2511 1611 2604 1665 sed
2632 1618 2710 1664 est
2733 1609 3126 1671 rectissimum,
3149 1621 3232 1664 est
3253 1611 3319 1663 ab
3337 1610 3513 1665 omni-

1931 1699 2033 1754 bus
2056 1701 2487 1772 snscipieudum;
2507 1714 2560 1759 et
2583 1718 2691 1758 non
2714 1704 2872 1774 176
2889 1704 3062 1757 solum
3085 1718 3192 1757 non
3214 1713 3296 1758 est
3312 1720 3342 1757 a
3376 1705 3515 1758 vitu-

1941 1794 2215 1859 peratione
2249 1801 2303 1850 et
2333 1795 2675 1850 accusatione
2703 1796 2958 1858 alienum.
2990 1793 3407 1864 reprehensione
3435 1793 3517 1846 iu-

257 1892 372 1930 νειν
397 1878 590 1948 ὀρθῶς,
618 1882 749 1934 ἀλλὰ
773 1883 868 1935 καὶ
907 1885 1320 1953 ἐπαινούμενον.
1358 1885 1514 1941 Οὕτω
1560 1888 1614 1940 δὲ
1649 1906 1830 1958 προοις

1955 1885 2177 1952 lignum,
2212 1897 2357 1942 reete
2381 1887 2660 1959 judicare;
2692 1885 2783 1941 sed
2822 1887 2984 1940 etiarn
3021 1884 3370 1939 laudandum.
3407 1881 3519 1936 llo‘c

262 1970 598 2036 μιασάμενος
622 1974 784 2043 φησὶν
811 1977 892 2028 ὅτι
911 1975 1095 2030 Ταῦτα
1126 1977 1441 2046 γράςρω,ὂτι
1473 1979 1536 2032 σὺ
1571 1981 1818 2033 ἐπέστει-

255 2059 356 2120 λας
383 2063 514 2130 ἡμῖν
540 2063 629 2116 τὸν
665 2065 1060 2120 εὐλαϐέστατον
1121 2071 1491 2140 πρεσϐύτερον
1538 2063 1836 2125 ἐπίσκοπον

258 2152 534 2222 ὀνομάσας
555 2173 568 2187 ο
599 2157 690 2210 καὶ
719 2159 891 2213 ταῦτα
938 2160 1104 2214 αὐτοῦ
1136 2163 1435 2228 κλαίοντος,
1469 2165 1562 2217 καὶ
1590 2163 1838 2229 λέγοντος

259 2245 584 2313 κεκινῆσθαι
624 2251 720 2316 τῆς
752 2252 1083 2321 νεμηθείσης
1135 2255 1282 2326 αύτῷ
1316 2255 1634 2324 ἐκκλησίας,
1668 2258 1836 2324 ᾕγουν

260 2337 625 2406 ἐκϐεϐλῆσθαι
655 2340 752 2410 τῆς
789 2343 1036 2412 δθείσης
1063 2346 1210 2416 αύτῷ
1258 2347 1582 2416 ἐπισκοπῆς.
1619 2342 1726 2400 Ἦν
1784 2348 1839 2400 δὲ

260 2425 554 2480 ἀκόλουθον
585 2430 615 2499 ἦ
646 2435 737 2484 καὶ
764 2433 822 2484 τὸ
843 2434 1014 2503 ὄνομα
1044 2436 1136 2489 τοῦ
1169 2437 1470 2491 ἐπισκόπου
1500 2438 1646 2508 ἔχειν
1677 2437 1838 2490 αὐτὸν

261 2513 361 2566 καὶ
404 2517 462 2568 τὸ
493 2521 745 2589 πρᾶγμα,
779 2523 946 2592 ἤγουν
974 2532 1070 2596 την
1111 2529 1415 2599 ἐπισκοπὴν
1445 2531 1538 2584 καὶ
1565 2530 1663 2599 τὴν
1690 2532 1838 2600 ἐνέρ-

263 2621 423 2670 γειαν
452 2609 543 2660 τοῦ
580 2613 876 2666 ἐπισκίπου
900 2631 912 2646 ⁸
946 2616 976 2686 ἦ
1016 2619 1062 2669 εί
1093 2618 1167 2688 μὴ
1198 2615 1264 2688 ἦν
1298 2620 1446 2683 ἄξιος
1479 2621 1837 2689 προΐστασθαι

265 2693 677 2768 θυσιαστηρίου,
704 2703 840 2773 μηδέ
881 2705 1180 2759 ἐπίσκοπον
1215 2708 1485 2776 λέγεσθαι.
1545 2709 1684 2761 Ἀλλ’
1708 2711 1839 2775 ἴσως

263 2786 426 2843 τοῦτο
466 2789 523 2843 τὸ
561 2792 850 2864 λεγόμενον
909 2797 973 2851 ἀν
1015 2816 1097 2850 σοι
1146 2799 1270 2871 δόξῃ
1304 2799 1559 2872 σκληρὸν,
1605 2801 1761 2870 κάγὼ
1813 2805 1840 2856 6

263 2878 442 2949 λέγων
468 2883 595 2937 αὐτὸ
623 2887 1010 2963 ἀφιλάλληλος·
1046 2891 1144 2944 οὐκ
1175 2893 1288 2945 ἔστι
1315 2894 1367 2946 δὲ
1394 2892 1570 2948 τοῦτο.
1590 2895 1839 2965 Ἐλεῆσαι

266 2970 413 3041 τάχα
436 2992 537 3027 που
571 2978 870 3048 νομίζομεν
901 2983 991 3034 τὸν
1030 2983 1365 3054 πρεσϐύτην.
1397 2986 1616 3053 Είσάγει
1650 2986 1707 3041 δὲ
1750 2989 1837 3039 ἐν-

264 3062 444 3117 ταῦθα
463 3066 551 3120 τὸν
576 3067 737 3136 λόγον
760 3071 1155 3141 πληθυντικῶς,
1176 3075 1364 3146 ὥσπερ
1394 3077 1486 3129 καὶ
1516 3076 1645 3144 περὶ
1670 3078 1835 3132 αὑτοῦ

265 3152 445 3220 λέγων
472 3155 507 3210 ἃ
543 3155 712 3225 λέγει,
739 3159 824 3214 ἵνα
854 3164 1320 3237 ἀνεπαχθέστερος
1371 3166 1544 3231 οὕτως
1574 3169 1657 3238 είη
1691 3171 1716 3222 6
1747 3170 1834 3222 λό-

1945 1973 2070 2030 nsns
2101 1981 2364 2046 protemio
2388 1980 2557 2035 dicit:
2583 1979 2707 2034 llaec
2730 1979 2929 2041 scribo,
2954 1978 3077 2048 quia
3111 1987 3165 2032 tu
3199 1976 3262 2031 ad
3288 1985 3390 2031 'nos
3421 1975 3520 2028 mia

1940 2070 2097 2133 sisti,
2134 2071 2597 2140 religiosissimum
2653 2073 3025 2142 presbyterum
3073 2072 3382 2140 cpisc0pum
3420 2085 3519 2122 no-

1942 2163 2152 2218 minans
2179 2180 2191 2215 :
2223 2179 2342 2217 cum
2371 2165 2482 2231 ipse
2502 2163 2716 2218 interim
2762 2162 2974 2224 deﬂeat.
3001 2174 3054 2217 et
3085 2163 3225 2217 dicat
3253 2178 3308 2216 se
3341 2177 3368 2213 a
3400 2173 3520 2227 pos-

1941 2269 2085 2308 sessa
2121 2254 2222 2308 sibi
2251 2255 2473 2309 ecclesia
2506 2255 2736 2324 ejectum
2780 2269 2920 2318 esse,
2946 2269 3039 2307 seu
3077 2269 3103 2305 ιι
3134 2253 3236 2307 sibi
3259 2253 3381 2306 dato
3403 2253 3520 2321 epi-

1940 2355 2162 2414 scopatu
2210 2348 2516 2417 expulsum.
2569 2349 2696 2402 Erat
2730 2355 2907 2402 autem
2964 2354 3409 2410 consentaneum,
3463 2355 3521 2399 ut

1941 2439 2021 2494 vel
2053 2455 2250 2494 nomen
2285 2441 2510 2495 haberet
2541 2441 2799 2510 episcopi,
2837 2449 2888 2496 et
2931 2455 3062 2502 rem.
3097 2456 3189 2494 seu
3241 2440 3520 2506 episcopa-

1943 2539 2053 2585 tum
2085 2542 2138 2585 et
2167 2531 2402 2600 episcopi
2441 2548 2638 2587 munus
2668 2551 2681 2586 :
2719 2533 2800 2587 vel
2827 2533 2870 2587 si
2903 2548 3006 2585 non
3043 2540 3165 2586 erat
3211 2531 3401 2596 dignus
3427 2528 3520 2596 qui

1941 2620 2094 2674 altari
2125 2628 2398 2692 prxesset.
2423 2637 2520 2676 nec
2540 2623 2826 2691 episcopus
2850 2622 3066 2689 quidem
3092 2620 3383 2674 diceretur.
3415 2617 3523 2672 Sed

1942 2710 2175 2765 fortasst:
2196 2711 2270 2776 id,
2291 2712 2434 2781 quod
2467 2713 2666 2766 dictum
2696 2721 2798 2779 est,
2832 2712 2926 2766 tibi
2959 2711 3204 2766 videatur
3225 2709 3445 2774 durum,
3471 2719 3526 2761 et

1941 2814 2039 2871 ego
2070 2816 2303 2872 quoque,
2333 2803 2422 2874 qui
2451 2804 2500 2857 id
2534 2793 2674 2868 dico,
2708 2803 3132 2858 immisericors:
3167 2802 3259 2856 sed
3296 2815 3399 2854 non
3449 2799 3523 2852 ita

1940 2902 2042 2947 est.
2077 2891 2187 2948 Nos
2211 2895 2355 2949 enim
2400 2895 2544 2950 senis
2586 2894 2774 2964 utique
2827 2909 2929 2949 nos
2956 2893 3199 2948 misereri
3249 2900 3523 2957 putamus.

1942 2983 2252 3038 Orationem
2279 2995 2458 3040 autem
2489 2985 2767 3055 pluraliter
2798 2983 3064 3048 enuntiat,
3093 2991 3346 3050 tanquam
3376 2981 3441 3034 de
3465 2997 3524 3034 so

1941 3078 2056 3143 ipso
2106 3086 2319 3144 quoque
2364 3075 2549 3130 dicens
2601 3090 2720 3144 qua!
2761 3075 2911 3139 dicit,
2951 3073 3119 3147 ut'sic
3158 3073 3342 3125 minus
3379 3083 3525 3126 esset

1961 3163 2181 3219 molesta
2218 3164 2415 3225 oratio.
2444 3173 2500 3219 et
2531 3180 2633 3219 non
2667 3163 2733 3217 ad
2760 3164 2877 3233 ejus
2910 3162 3081 3218 solius
3110 3160 3521 3215 insectationem

265 3263 386 3314 γος.
414 3249 509 3302 καὶ
546 3251 620 3322 μὴ
647 3253 723 3315 είς
754 3257 1103 3328 καταδρομὴν
1138 3259 1301 3328 μόνου
1337 3260 1551 3313 ἐκείνου
1582 3261 1708 3332 δοκῇ
1759 3262 1840 3328 γί-

1949 3253 2087 3307 facta
2122 3268 2242 3309 esse
2267 3253 2560 3309 videretur.
2595 3254 2661 3308 Et
2693 3254 2846 3308 nobis
2874 3252 3043 3322 ipsius
3067 3251 3228 3306 veluti
3265 3251 3528 3304 miseran-

267 3341 477 3396 νεσθαι.
515 3345 622 3397 Καὶ
643 3346 717 3409 ὡς
749 3347 1043 3403 ἐλεούντων
1092 3351 1250 3422 ἡμῶν
1280 3354 1461 3418 αὐτὸν,
1502 3355 1656 3424 φησὶ,
1709 3354 1843 3422 μόνη

268 3431 420 3502 αὐτῷ
451 3435 774 3508 κατελείφθη
801 3440 830 3507 ἡ
868 3439 1057 3509 κλῆσις
1084 3442 1176 3494 τοῦ
1221 3443 1544 3497 ἐπισκόπου.
1576 3445 1761 3513 Πολλῷ
1787 3445 1842 3497 δὲ

267 3516 339 3588 ἦν
361 3525 612 3590 κρεῖσσον
643 3526 894 3596 ἐννοῆσαι
922 3529 1013 3583 καὶ
1034 3530 1093 3582 τὸ
1112 3532 1318 3602 ἕτερον.
1341 3535 1497 3585 Ποῖον
1533 3533 1690 3586 τοῦτο
1722 3551 1736 3597 ;
1769 3537 1844 3587 Οὐ

268 3609 491 3680 δοθῆναι
553 3615 702 3684 αὐτῷ
776 3618 968 3687 καιρὸν
1034 3620 1348 3688 ἀπολογίας,
1406 3624 1499 3674 καὶ
1567 3623 1847 3692 ἀκρόασιν

270 3704 640 3774 προστεθῆναι
669 3708 981 3778 κανονικὴν,
1032 3709 1200 3778 ἠγουν
1244 3711 1590 3782 δικαστήριον
1639 3714 1847 3766 συνοδι-

270 3793 389 3847 κόν.
431 3796 596 3864 Λέγει
618 3799 725 3866 γὰρ
755 3798 1010 3853 δύνασθαι
1048 3804 1310 3870 συστῆναι
1337 3804 1402 3873 τῇ
1444 3805 1620 3874 οἰκείᾳ
1647 3805 1848 3872 omm-

269 3885 388 3955 ψει,
423 3887 542 3941 ἀντὶ
576 3887 668 3941 τοῦ
700 3887 939 3943 ἀναίτιον
963 3891 1152 3943 ἑαυτὸν
1186 3891 1484 3955 ἀποδεῖξαι.
1520 3893 1582 3945 Εἰ
1640 3893 1693 3944 δέ
1723 3894 1848 3959 ἐγέ-

269 3993 395 4030 νετο
415 3977 756 4043 ταῦτα,αὺτά
776 3980 844 4033 τὰ
875 3981 1265 4052 ὑπομνήματα,
1285 3984 1355 4036 τὰ
1387 3984 1480 4037 ἐπὶ
1509 3987 1576 4054 τῇ
1602 3985 1847 4050 ἐξετάσει

271 4069 564 4137 γενόμενα,
590 4070 824 4139 ἤλεγξαν
869 4071 937 4123 ἂν
997 4071 1177 4139 αὑτὸν,
1213 4073 1244 4142 ἢ
1286 4075 1722 4145 κεκρατημένον,
1758 4079 1854 4130 καί

274 4159 462 4231 ἔνοχον
487 4165 593 4225 τοῖς
626 4164 940 4234 αίτιάμασι,
979 4165 1075 4219 καὶ
1108 4167 1184 4236 μὴ
1211 4167 1510 4238 δυνάμενον
1566 4168 1747 4237 λέγειν
1770 4171 1849 4223 ὅτι

272 4253 549 4324 ὴδίκηται,
597 4257 626 4326 ἢ
671 4258 764 4310 ἐὰν
819 4257 1109 4321 ἀνεύθυνος
1175 4259 1370 4327 ἐφάνη,
1419 4260 1585 4314 πάλιν
1647 4263 1846 4316 ἐδίδοτο

271 4346 421 4415 αύτῷ
452 4349 483 4417 ἡ
513 4349 816 4417 προστασία
837 4351 934 4419 τῆς
972 4350 1318 4414 Ἐκκλησίας.
1364 4351 1484 4405 Ὀτι
1507 4353 1561 4406 δὲ
1587 4353 1686 4408 οὐκ
1721 4355 1844 4422 ἐγέ-

270 4455 395 4491 νετο
422 4439 662 4493 τοιοῦτον
689 4457 740 4493 τι
764 4441 1008 4512 καταϐοᾷ
1052 4442 1126 4504 ὡς
1166 4443 1448 4513 ἀδικηθεὶς
1491 4445 1584 4497 καὶ
1610 4448 1852 4516 παρανόο

1953 3346 2119 3408 tibus,
2144 3345 2336 3413 inquit,
2369 3345 2481 3400 sola
2512 3347 2609 3414 ipsi
2635 3345 2869 3414 episcOpi
2901 3343 3188 3413 appellatio
3211 3341 3395 3396 relicta
3419 3351 3524 3394 est.

1952 3433 2116 3488 Multo
2149 3443 2324 3488 autem
2357 3442 2473 3488 erat
2508 3434 2697 3488 melius
2729 3434 2872 3488 aliud
2903 3447 3118 3504 quoque
3149 3431 3522 3487 considerare.

1954 3524 2123 3591 Quale
2177 3525 2302 3579 illud
2338 3526 2360 3578 ?
2396 3526 2511 3578 Non
2563 3527 2726 3580 fuisse
2774 3526 2822 3580 ei
2870 3525 3053 3578 datum
3089 3533 3302 3592 tempus
3339 3517 3528 3575 defen—

1951 3617 2137 3681 sionis,
2172 3633 2270 3672 nec
2303 3618 2467 3674 fuisse
2513 3605 2841 3688 propositam
2893 3616 3260 3672 defensionem
3307 3616 3530 3670 canoni-

1952 3719 2092 3767 cam,
2122 3720 2214 3758 seu
2272 3707 2526 3776 synodale
2564 3707 2842 3776 judicium.
2901 3705 3042 3760 Dicit
3083 3705 3223 3759 enim
3268 3719 3326 3758 se
3372 3719 3530 3773 posse

1953 3808 2166 3848 causam
2201 3811 2350 3849 suam
2396 3798 2645 3864 probare,
2683 3797 2730 3850 id
2770 3807 2850 3851 est
2882 3811 2941 3851 se
2982 3797 3320 3850 innocentem
3350 3807 3531 3850 osten-

1955 3887 2100 3940 dere.
2135 3885 2228 3940 Sin
2260 3897 2436 3941 autem
2459 3887 2574 3942 inec
2605 3887 2744 3941 facta
2768 3895 2975 3951 essent,
3006 3886 3119 3955 ipsa
3152 3896 3292 3950 acta,
3326 3900 3450 3954 qnze
3471 3880 3530 3938 in

1967 3980 2366 4034 examinatione
2398 3979 2541 4034 tacta
2575 3989 2723 4042 sunt,
2757 3981 2930 4049 ipsum
2956 3978 3040 4033 vel
3069 3992 3188 4032 esse
3221 3976 3451 4031 evictum
3476 3986 3533 4028 et

1956 4072 2275 4127 criminibus
2302 4073 2618 4137 obnoxium,
2652 4087 2748 4127 nec
2778 4086 2937 4140 posse
2969 4085 3027 4127 se
3053 4069 3246 4139 injuria
3275 4067 3526 4122 affectum

1957 4179 2077 4218 esse
2106 4164 2289 4218 dicere
2343 4165 2729 4232 ostenderent;
2763 4164 2843 4218 vel
2879 4165 2923 4218 si
2958 4165 3216 4217 innocens
3245 4161 3530 4230 apparuis-

1959 4264 2059 4318 set,
2088 4256 2136 4310 ei
2171 4270 2483 4311 concessum
2513 4263 2676 4319 esset,
2712 4267 2768 4311 ut
2808 4270 2994 4310 rursus
3041 4263 3295 4324 praeesset
3341 4251 3531 4306 Eccle-

1955 4348 2069 4401 sia.
2099 4345 2230 4413 Quia
2281 4357 2466 4402 autem
2504 4348 2634 4402 nihil
2687 4348 2791 4402 tale
2828 4346 3026 4402 factum
3082 4354 3184 4411 est,
3218 4359 3276 4398 se
3330 4343 3530 4410 injuria

1959 4438 2207 4494 alTectum
2233 4455 2352 4495 esse
2384 4440 2728 4504 vociferatur,
2759 4450 2812 4494 et
2859 4448 3056 4508 praater
3089 4439 3233 4506 leges
3273 4436 3529 4504 ejectum,

275 4547 392 4599 μως
415 4531 720 4600 ἐκϐληθεὶς,
743 4532 915 4600 λέγων
945 4534 1028 4586 ὅτι
1075 4533 1169 4587 καὶ
1200 4535 1529 4603 ἡρπάγησαν
1582 4537 1681 4588 ὅσα
1739 4536 1840 4608 εἶχε

1961 4531 2143 4586 dicens
2173 4546 2520 4600 quascunque
2556 4533 2718 4586 etiam
2754 4532 2986 4585 habebat
3015 4529 3273 4598 pecunias
3297 4527 3528 4581 ablatas.

271 4623 551 4693 χρήματα.
583 4623 653 4676 Σὺ
667 4623 867 4690 τοίνυν,
895 4625 972 4694 τῷ
999 4626 1186 4695 Δόμνῳ
1216 4626 1414 4693 γράφει
1443 4627 1469 4677 ὁ
1489 4627 1640 4692 ἆγιος
1663 4665 1677 4688 ,
1698 4627 1850 4692 είδὼς

271 4711 368 4763 καὶ
399 4711 523 4772 τοὺς
552 4711 728 4773 θείους
754 4713 982 4774 κανόνας
1008 4713 1099 4766 καὶ
1114 4713 1177 4764 τὸ·
1203 4712 1415 4781 πρέπον
1441 4717 1506 4783 τῇ
1552 4714 1849 4785 Ἐκκλησία

273 4803 382 4854 καὶ·
401 4804 516 4864 τοῖς
541 4802 876 4872 λειτουργοῖς
901 4802 996 4856 τοῦ
1019 4803 1175 4865 Θεοῦ,
1211 4805 1382 4874 ἤγουν
1429 4804 1489 4856 τὸ
1518 4804 1844 4874 δικαιοπρα-

274 4895 415 4962 γεῖν,
454 4895 798 4964 δυσωπηθεὶς
866 4896 922 4948 δὲ
985 4897 1078 4948 καὶ
1128 4895 1227 4964 τὴν
1285 4895 1562 4965 ἡμετέραν
1602 4897 1844 4968 γραφὴν,

278 4989 476 5056 στῆσον
507 4987 601 5041 τοῦ
634 4987 947 5058 πρεσϐύτου
982 4988 1042 5040 τὸ
1071 4987 1327 5057 δάκρυον,
1388 4989 1483 5041 καλ⁵
1533 4989 1582 5041 εί
1636 4989 1852 5058 θελήσει

277 5079 704 5147 συνδικασθῆναι
748 5083 860 5142 τοῖς
909 5079 1237 5148 κατηγόροις
1292 5077 1480 5142 αὑτοῦ,
1538 5079 1850 5149 δικασθήτω

277 5175 435 5240 τιαρά
469 5188 549 5225 σοι
584 5173 678 5224 καὶ
722 5175 832 5233 τοῖς
877 5171 980 5224 ύπὸ
1032 5188 1092 5224 σε
1132 5171 1478 5234 ἐπισκόποις·
1514 5171 1560 5224 εί
1609 5171 1665 5223 δέ
1699 5190 1854 5236 τινας

278 5264 554 5325 ὑπόπτους
584 5263 694 5333 ἔχει
723 5264 830 5316 τῶν
857 5263 1194 5327 ἐπισκόπων,
1245 5261 1320 5325 ὡς
1376 5263 1450 5332 μὴ
1509 5261 1690 5323 καλῶς
1742 5263 1850 5315 δια-

279 5359 566 5427 κειμένους
595 5357 732 5427 πρὸς
760 5357 944 5422 αὐτὸν,
976 5360 1068 5408 καὶ
1100 5357 1450 5424 παραιτεῖται
1481 5353 1676 5415 αὐτοὺς
1705 5354 1853 5406 ἐκεῖ-

280 5467 362 5503 νοι
396 5449 473 5517 μὴ
498 5449 848 5517 παρίστωσαν
880 5449 963 5510 είς
1003 5447 1066 5499 τὸ
1119 5446 1491 5515 δικαστήριον.
1523 5442 1715 5512 Ἠμείς
1755 5444 1853 5513 μὲν

279 5543 433 5612 γὰρ,
468 5542 652 5611 φησὶν,
683 5540 870 5592 οὐδένα
922 5538 1029 5591 τῶν
1085 5537 1401 5590 ἐπισκόπων
1452 5536 1655 5606 ἔχθραν
1709 5536 1852 5606 ἔχειν

281 5633 618 5702 πιστεύομεν
641 5633 780 5686 κατά
801 5631 1050 5701 ἀδελφοῦ,
1077 5630 1201 5684 οὐδὲ
1235 5630 1320 5682 διά
1360 5629 1517 5681 τοῦτο
1573 5628 1852 5699 κωλύομεν

281 5727 487 5789 αὐτοὺς
518 5725 838 5778 συνδικάσαι
883 5725 1044 5792 ἡμῖν·
1081 5723 1168 5774 ἵνα
1219 5722 1274 5773 δέ
1309 5722 1382 5790 μὴ
1431 5727 1590 5772 τοῦτο
1628 5720 1852 5790 ἀφορμὴ

1959 4621 2041 4675 Τυ
2072 4636 2221 4691 ergo,
2254 4622 2443 4676 scribit
2483 4632 2704 4676 sanctus
2747 4622 2814 4676 ad
2863 4619 3151 4685 Domnum,
3186 4618 3283 4689 qui
3329 4618 3436 4673 seis
3480 4625 3534 4670 et

1960 4715 2171 4771 divinos
2222 4729 2485 4777 canones,
2511 4724 2565 4769 et
2600 4716 2740 4783 quod
2775 4715 3029 4770 convenit
3069 4713 3322 4769 Ecclesia:
3352 4723 3417 4766 et
3437 4710 3529 4764 Dei

1961 4807 2244 4873 ministris,
2279 4819 2470 4874 nempe
2494 4807 2636 4874 juste
2666 4821 2846 4875 agere,
2878 4815 3190 4862 nostrarum
3226 4805 3389 4859 etiam
3443 4804 3531 4855 Iit-

1959 4906 2193 4952 terarum
2229 4899 2491 4953 rationem
2523 4900 2744 4962 ducens,
2781 4898 3014 4966 reprime
3041 4897 3190 4951 senis
3230 4895 3528 4963 lacrymas,

1957 4999 2010 5044 et
2045 4990 2092 5044 si
2127 4989 2254 5043 velit
2295 5005 2417 5045 cum
2454 4990 2565 5045 suis
2606 4989 3014 5043 accusatoribus
3054 4987 3258 5056 judicio
3305 4995 3529 5040 conten-

1955 5082 2103 5144 dere,
2145 5082 2283 5149 apud
2318 5089 2367 5134 te
2399 5091 2454 5134 et
2482 5081 2572 5149 qui
2602 5080 2694 5134 tibi
2718 5083 2946 5134 subsunt
2978 5077 3266 5147 episcopos
3318 5075 3526 5144 litiget:

1955 5172 2039 5227 sin
2075 5179 2255 5225 autem
2291 5171 2664 5240 episcoporum
2725 5171 2937 5239 aliquos
2974 5177 3258 5237 suspectos
3308 5167 3524 5230 habeat,

1956 5274 2012 5317 ut
2047 5277 2152 5317 non
2182 5264 2315 5317 bene
2348 5263 2398 5316 in
2449 5263 2620 5331 ipsum
2649 5260 2893 5327 aﬂ‘ectos,
2925 5271 2991 5315 et
3017 5273 3112 5315 eos
3156 5265 3398 5318 recuset,
3451 5256 3526 5311 illl

1953 5355 2006 5410 in
2030 5355 2234 5425 judicio
2258 5370 2360 5409 non
2397 5355 2596 5408 adsint.
2633 5351 2742 5407 Nos
2771 5353 2938 5416 enim,
2963 5351 3156 5420 inquit,
3183 5349 3384 5408 nullum
3413 5349 3528 5417 epi-

1951 5458 2168 5513 scopum
2202 5442 2513 5497 inimicitias
2559 5442 2760 5497 habere
2793 5441 3051 5494 adversus
3089 5437 3308 5492 fratrem
3347 5435 3526 5490 credi-

1951 5550 2097 5596 mus.
2141 5549 2240 5589 nec
2269 5543 2549 5604 propterea
2574 5542 2815 5588 vetamus
2855 5546 2922 5585 ne
2963 5530 3038 5584 illi
3089 5529 3366 5583 nobiscum
3421 5541 3527 5581 una

1953 5627 2194 5697 judicent
2232 5643 2244 5679 :
2277 5626 2370 5680 sed
2415 5640 2480 5680 ne
2514 5625 2616 5679 hoc
2657 5626 2726 5679 sit
2754 5623 2990 5684 occasio,
3013 5620 3299 5691 quominus
3331 5618 3445 5686 ipse
3473 5617 3537 5670 in-

1955 5718 2155 5787 judicio
2184 5732 2416 5773 causans
2450 5731 2553 5771 non
2588 5726 2730 5787 agat,
2782 5714 2854 5769 illi
2885 5729 2913 5768 a
2947 5726 3198 5769 consessu
3251 5707 3540 5766 recedant.

282 5822 508 5893 γένηται
540 5819 632 5874 τοῦ
668 5821 741 5893 μὴ
775 5821 1093 5890 δικασθῆναι
1125 5818 1305 5885 αὑτ³ν,
1332 5813 1830 5887 ἐκεῖνοιγάπίτωσαν
1873 5809 2164 5882 συνεδρίου.
