4110 6452
232 359 326 421 ἵιὲί

1084 373 1163 431 IN
1207 372 1448 434 EPIST.
1488 374 1547 432 S.
1591 373 1895 437 CYRILLI
1935 380 2036 440 AD
2075 381 2286 441 EPISC
2352 381 2592 443 AFRIC.

3362 383 3476 444 922'

232 475 570 545 πράγμασιν,
603 473 681 532 ὧν
707 481 770 534 ἀν
794 497 876 544 τις
907 481 1108 552 πολλὴν
1154 485 1441 552 ποιήσαιτο
1499 484 1783 555 καταϐοὴν1

1898 491 1999 545 hoc
2026 499 2127 553 est,
2156 506 2276 559 qua:
2312 490 2488 558 dignae.
2519 499 2646 544 sunt
2690 496 2754 545 de
2788 490 2982 562 quibus
3019 491 3374 552 exelametur.
3411 502 3467 546 ut

231 566 507 620 τουτέστιν
557 573 731 635 ἀξίων
782 572 1176 636 καταδοᾶσθαι,
1211 573 1284 636 ὡς
1345 575 1423 642 μὴ
1474 575 1796 644 τηραύστων

229 654 516 722 ἀκρίΰειαν
548 662 642 712 καὶ
677 662 992 714 ἀκολουθίαν
1037 665 1501 734 ὲκκλησιαστικήν
1525 681 1539 694 ·
1566 665 1599 735 ἢ
1638 667 1697 718 τὸ
1722 659 1796 719 ὧν

228 749 427 816 πολλὴν
451 769 540 813 τις
577 753 840 822 ποήσαιτο
872 754 1163 824 καταὸοὴν,
1201 755 1327 822 περὶ
1358 755 1468 808 τῶν
1496 771 1794 825 παραιτου-

230 840 399 902 μένων
424 843 633 908 μᾶλλον
661 844 910 915 είρῆσθαι
935 847 1277 918 νοηθήσιται.

1904 598 2025 653 qua:
2058 583 2476 636 ecclesiasticam
2509 584 2908 638 acc-orationem
2936 594 2989 638 et
3021 584 3462 651 consequentiam

1904 687 2008 724 non
2032 681 2282 725 servent:
2319 672 2400 726 vel
2429 671 2553 725 illud
2590 672 2703 726 :De
2730 673 2925 741 quibus
2969 672 3185 726 multam
3229 672 3351 738 quis
3375 687 3462 722 cx-

1902 761 2271 814 clamatiouem
2315 761 2538 826 fecerit;
2567 763 2632 815 de
2679 763 2742 815 iis
2787 761 2877 830 qui
2934 763 3243 817 renuntiant
3293 763 3459 830 potius

1904 851 2008 905 dici
2041 851 2390 920 intelligetur.

246 1025 3423 1060 Mm

1494 1172 1722 1258 ΤΟΥ

1812 1175 2190 1263 ΑΥΤΟΥ

937 1337 1090 1392 ΤΟΙΣ
1145 1338 1329 1392 ΚΑΤΑ
1363 1337 1626 1393 ΛΙΒΥΗΝ
1676 1340 1794 1394 ΚΑΙ
1831 1341 2282 1396 ΠΕΝΤΔΠΟΛΙΝ
2325 1342 2753 1398 ΕΠΙΣΚΟΠΟΙΣ.

1441 1616 1604 1687 1⁷⁸
1650 1624 2178 1712 EJUSDEM

860 1804 1246 1866 EPISCOPIS
1321 1807 1456 1879 QUI
1497 1804 1700 1867 SUNT
1772 1805 1857 1867 IN
1927 1806 2154 1867 LIBYA
2219 1809 2316 1868 ET
2383 1808 2828 1868 PENTAPOLL

298 1994 517 2056 Παντὸς
547 1992 643 2046 τοῦ
674 1993 944 2061 χρησίμου
974 1993 1067 2044 καὶ
1098 1993 1396 2061 ἀναγκαίου
1429 1999 1566 2068 πρὸς
1597 1999 1783 2054 οίκοδο

1955 2008 2259 2080 Cujuslibet
2288 2007 2386 2070 rei,
2433 2020 2552 2073 quae
2582 2002 2646 2058 ad
2683 2001 3006 2071 pepulerum
3036 1996 3449 2052 :edilieationnm

227 2087 329 2153 μξζν
367 2085 481 2137 τῶν
534 2084 704 2149 λαῶν,
739 2083 1022 2146 τελοῦντος
1066 2085 1121 2137 δὲ
1152 2087 1245 2140 καὶ
1289 2088 1367 2149 είς
1395 2089 1657 2159 ὑπόληψιν
1690 2092 1799 2145 τῶν

222 2179 395 2244 ἁγίων
447 2177 814 2246 Ἐκκλησιῶν,
846 2178 1099 2246 φροντίδα
1131 2181 1398 2232 ποιεῖσθαι
1432 2184 1558 2251 χρή.
1594 2183 1797 2253 Γέγρα-

223 2287 350 2322 πται
375 2270 509 2338 γὰρ,
532 2270 615 2320 ὅτι
644 2287 660 2319 ι
691 2267 951 2330 Εὑλασεῖς
969 2271 1167 2322 ποιεῖτε
1187 2272 1310 2335 τοὺς
1333 2273 1478 2334 υίους
1511 2274 1745 2344 Ἰσραήλ.
1772 2294 1790 2328 ι

217 2359 619 2427 Μοναστηρίων
646 2357 822 2409 τοίνυν
853 2359 1090 2430 Πατέρες
1121 2361 1227 2412 τῶν
1263 2364 1400 2414 κατά
1428 2363 1523 2432 τὴν
1549 2363 1798 2430 Θηϐαίων

224 2445 516 2512 ἐπαρχίαν,
537 2446 727 2516 ἄνδρες
747 2448 991 2511 εὐλαϐεῖς
1023 2452 1115 2500 καὶ
1142 2451 1244 2502 οὐκ
1267 2449 1615 2519 ἀθαύμαστον
1645 2450 1668 2500 ἐ
1675 2466 1792 2518 χον-

218 2549 308 2596 τες
330 2536 635 2598 πολιτείαν,
665 2537 906 2600 ἐλθόντες
935 2541 992 2592 ιν
1025 2539 1419 2609 Ἀλεξανδρείᾳ,
1451 2539 1790 2608 ἐρωτώμενοι

219 2623 350 2691 παρ’
379 2624 518 2693 ἐμοῦ
551 2627 649 2695 τὴν
671 2627 1003 2680 κατάστασιν
1027 2629 1135 2680 τῶν
1161 2629 1354 2682 αὐτόσε
1394 2629 1787 2698 μοναστηρίων,

219 2714 526 2782 ἐδίδασκον,
560 2715 643 2768 δτι
678 2716 1115 2781 σκανδαλίζονται
1142 2718 1325 2770 πολλοὶ
1360 2718 1448 2770 διὰ
1473 2723 1570 2788 τὴν
1607 2719 1790 2769 τοιαύ-

214 2821 314 2876 την
344 2807 552 2860 αἰτίαν.

283 2896 509 2949 Νεωστὶ
535 2899 914 2968 γεγαμηκότες
948 2899 1091 2961 τινες
1124 2900 1216 2952 καὶ
1241 2895 1351 2951 οἷον
1380 2899 1438 2962 ἐξ
1468 2899 1647 2952 αὐτῶν
1691 2917 1788 2953 κα·-

213 2988 490 3050 τασάντες
533 2990 642 3040 τῶν
676 2993 999 3059 νυμφώνων,
1055 2991 1460 3058 συναρπάζουσί
1493 3007 1644 3052 τινας
1677 2991 1786 3042 τῶν

213 3077 646 3146 θεοφιλεστάτων
682 3080 1014 3140 ἐπισκόπων,
1051 3081 1142 3131 καὶ
1171 3079 1380 3140 οὐδενὸς
1413 3079 1552 3147 τάχα
1583 3096 1681 3130 που
1719 3079 1786 3130 τὰ

213 3169 332 3219 κατ’
366 3168 570 3228 αὐτοὺς
619 3167 1108 3234 καταγγέλλοντος,
1142 3166 1570 3235 χειροτονοῦνται
1601 3166 1788 3235 κληρι-

211 3259 320 3323 καὶ,
357 3260 531 3327 ἤγουν
565 3239 941 3328 πρεσϐύτεροι.
983 3258 1200 3325 Ἔτεροι
1244 3257 1302 3309 δέ
1332 3275 1476 3319 τινες
1515 3256 1572 3322 ἐξ
1607 3256 1785 3310 αὐτῶν

209 3346 320 3398 τῶν
363 3349 748 3416 μοναστηρίων
799 3349 872 3408 ὡς
908 3347 1133 3399 ἀτακτοι
1166 3346 1582 3415 ἐκϐαλλόμενοι,
1622 3345 1784 3398 πάλιν
1813 3345 1852 3364 “

210 3437 578 3505 ὑποτρέχουσι
602 3439 698 3498 τὰς
721 3437 1063 3505 χειροτονίας,
1094 3437 1187 3488 καὶ
1209 3437 1486 3506 γενόμενοι
1512 3437 1781 3506 κληρικοὶ,

209 3528 555 3594 εἰσέρχονται
602 3526 695 3576 καὶ
738 3529 795 3576 ὲν
844 3525 1024 3586 αὐτοῖς
1077 3526 1190 3586 τοῖς
1243 3527 1622 3594 μοναστηρίοις
1662 3526 1784 3580 ὃθεν

207 3616 592 3682 ὲκσέὁληνται,
619 3617 712 3666 καὶ
739 3614 1018 3682 βούλονται
1042 3612 1391 3684 προσφέρειν,
1421 3617 1513 3668 καὶ
1531 3617 1630 3669 ὅσα
1654 3618 1782 3687 κλη-

208 3707 384 3772 ρικοίς
423 3705 541 3766 ἔθος
569 3704 837 3774 πληροῦν,
882 3706 973 3757 καὶ
999 3705 1170 3758 ταῦτα
1196 3706 1324 3775 δρᾷν
1347 3745 1362 3768 ,
1401 3707 1477 3769 ὡς
1507 3707 1598 3759 καί
1631 3725 1780 3771 τινας

206 3794 314 3844 τῶν
346 3795 565 3846 εἰδότων
595 3796 788 3856 αὐτοὺς
817 3796 1197 3867 παραιτεῖσθαι
1232 3799 1326 3849 καὶ
1361 3798 1460 3861 τὰς
1495 3799 1742 3862 συνάξεις
1764 3841 1778 3862 ,

207 3887 301 3936 καὶ
338 3885 414 3953 μὴ
447 3885 729 3951 ἀνέχεσθαι
755 3888 1028 3938 κοινωνεῖν
1054 3885 1509 3952 λειτουργούντων
1532 3888 1776 3940 ἐκείνων.

292 3977 512 4044 Ἐπειδὴ
536 3977 711 4028 τοίνυν
734 3979 866 4045 πρὸς
887 3979 1196 4048 οἰκοδομὴν,
1225 3979 1297 4041 ὼς
1319 3979 1472 4048 ἔφην,
1497 3979 1604 4029 τῶν
1634 3979 1778 4030 λαῶν

206 4068 388 4119 πάντα
418 4067 524 4136 χρὴ
550 4068 880 4135 πράττεσθαι
903 4069 1030 4136 παρ’
1052 4069 1227 4137 ἡμῶν,
1257 4070 1585 4138 ὲττιτηρείτω
1606 4069 1778 4122 ταῦτα

206 4159 237 4224 ἡ
268 4158 551 4209 θεοσέὅεια
585 4158 771 4227 ὑμῶν’
820 4160 914 4212 καὶ
948 4161 993 4210 εί
1035 4160 1214 4228 μέλλει
1245 4176 1327 4221 τις
1359 4161 1777 4228 χειροτονεῖσθαι

204 4246 488 4315 κληρικὸς,
530 4247 978 4316 ⁴ιτεριεργαζὲσί)ω
1008 4248 1096 4300 τὸν
1132 4248 1244 4316 βίον
1273 4247 1458 4309 αὑτοῦ,
1494 4248 1586 4300 καὶ
1617 4249 1771 4300 πότε-

205 4336 300 4402 ρόν
331 4353 462 4387 ποτε
498 4339 740 4408 γαμετὴν
769 4337 879 4406 ἔχει
907 4338 938 4407 ἢ
964 4337 1047 4402 οὒ,
1089 4339 1179 4390 καὶ
1205 4338 1319 4400 πῶς
1358 4339 1451 4392 καὶ
1487 4339 1612 4390 πότε
1637 4339 1776 4404 ἠγά-

203 4442 355 4491 γετο,
395 4429 492 4479 καὶ
514 4432 560 4479 εἰ
593 4430 664 4497 μή
694 4430 776 4490 τίς
805 4433 918 4482 ἐστι
948 4431 1054 4481 τῶν
1087 4431 1525 4498 ἐκϐαλλομένων,
1571 4430 1602 4499 ἢ
1644 4432 1775 4498 παρ’

203 4520 394 4587 ἑτέρου
427 4517 842 4572 θεοσεϐεστάτου
872 4521 1191 4580 ἐπισκόπου,
1221 4521 1252 4588 ἢ
1286 4521 1348 4571 ὲκ
1387 4520 1774 4588 μοναστηρίου,

1888 2102 2038 2154 utilis
2069 2109 2171 2163 est,
2203 2107 2257 2153 et
2277 2096 2602 2158 necessaria,
2633 2103 2687 2148 et
2712 2093 2777 2146 ad
2817 2101 3122 2146 sanctarum
3150 2089 3312 2141 etiam
3341 2087 3448 2140 Ec-

1888 2189 2182 2243 clesiarum
2238 2187 2690 2241 existimationem
2737 2184 2982 2244 confert,
3031 2195 3159 2234 cura
3216 2178 3448 2245 gerenda

1888 2276 2295 2344 est.'Scriptum
2335 2283 2417 2327 est
2447 2275 2590 2327 enim
2622 2291 2634 2325 :
2676 2291 2692 2322 ι
2731 2273 2958 2324 Sanetus
3002 2269 3160 2321 facite
3207 2266 3345 2319 ﬁlios
3375 2266 3451 2318 ls-

1891 2364 1998 2417 rael
2029 2365 2066 2415 ’.
2099 2381 2116 2413 ι
2158 2364 2346 2416 Patres
2385 2362 2563 2428 itaque
2594 2359 3045 2413 monasteriorum
3085 2371 3203 2424 quae
3238 2365 3364 2406 sunt
3395 2353 3450 2406 in

1893 2450 2278 2504 Thebanorum
2317 2451 2595 2518 provincia
2620 2490 2633 2516 ,
2663 2449 2766 2502 viri
2795 2449 2868 2518 pii
2898 2464 2960 2501 ac
2989 2447 3181 2507 sancti,
3217 2461 3277 2500 ac
3316 2445 3449 2499 satis

1893 2539 2266 2593 admirabilem
2308 2542 2432 2593 vita:
2463 2541 2690 2594 formam
2731 2549 2785 2592 ct
2817 2538 3209 2592 institutionem
3245 2535 3451 2589 haben-

1892 2639 1973 2684 tes
1993 2671 2006 2692 ,
2039 2647 2162 2683 cum
2193 2631 2574 2684 Alexandriam
2604 2631 2900 2692 venissent,
2943 2645 2970 2681 a
2999 2643 3082 2680 me
3130 2625 3450 2694 interrogati

1890 2719 1956 2772 de
1981 2721 2434 2772 monasteriorum
2467 2735 2586 2786 quae
2616 2719 2727 2771 illic
2754 2727 2881 2770 sunt
2907 2715 3317 2778 constitutione,
3350 2713 3449 2766 doc

1889 2819 2120 2863 cuerunt
2145 2809 2342 2862 multos
2375 2809 2575 2862 offendi
2607 2815 2826 2878 propter
2854 2807 2993 2860 hanc
3034 2819 3271 2858 causam.

1960 2900 2190 2966 Quidam
2230 2900 2320 2969 qui
2360 2915 2556 2954 uxores
2593 2908 2842 2954 recentcr
2871 2896 3166 2958 duxerunt,
3191 2904 3244 2950 et
3266 2909 3333 2949 cx
3367 2893 3448 2964 ip-

1887 2992 1962 3045 sis
1999 2992 2167 3044 veluti
2202 2992 2451 3044 thalamis
2481 2992 2707 3060 egressi,
2755 2991 2966 3060 aliquos
2991 3005 3057 3044 ex
3085 2987 3452 3042 sanctissimis

1886 3077 2154 3146 episcopis
2172 3079 2520 3146 arripiunt,et
2535 3079 2685 3131 nullo
2703 3078 2770 3131 de
2786 3079 2866 3131 eis
2882 3078 3066 3143 utique
3082 3075 3449 3141 renuntiante,

1888 3166 2217 3220 ordinantur
2247 3167 2430 3222 clerici
2462 3183 2557 3221 seu
2585 3167 2905 3238 presbyteri.
2945 3166 3125 3234 Aliqui
3154 3172 3334 3218 autem
3355 3163 3448 3217 alii

1838 3311 1852 3328 ,
1883 3272 1952 3312 ex
1986 3257 2120 3326 ipsis
2173 3259 2554 3320 monasteriis,
2598 3268 2658 3312 ut
2693 3257 3000 3311 immodesti
3042 3256 3448 3322 insolentesque

1885 3349 2069 3417 ejecti,
2100 3364 2291 3402 rursus
2322 3348 2691 3402 ordinationes
2718 3358 2966 3416 captant;
3001 3355 3055 3401 ct
3084 3345 3208 3399 iacti
3239 3343 3444 3407 clerici,

1885 3438 1940 3490 in
1975 3452 2036 3490 ca
2070 3438 2182 3506 ipsa
2207 3437 2534 3494 monasteria
2563 3436 2941 3509 ingrediuntur
2971 3450 3036 3488 ex
3063 3434 3264 3503 quibus
3288 3433 3448 3504 ejecti

1886 3534 2034 3588 sunt,
2071 3536 2126 3579 et
2152 3527 2689 3580 voluntoblationem
2733 3541 2890 3595 agere
2987 3533 3042 3577 et
3111 3539 3173 3577 ea
3264 3523 3447 3577 omnia

1887 3615 2064 3670 facere
2101 3631 2222 3685 quae
2250 3631 2366 3670 mos
2393 3626 2478 3670 est
2505 3616 2742 3680 clericis,
2772 3613 3020 3668 utetiam
3053 3613 3218 3682 aliqui
3248 3628 3441 3667 eorum

1884 3707 1977 3774 qui
2009 3708 2156 3774 ipsos
2184 3716 2404 3769 norunt,
2435 3722 2661 3777 synaxes
2685 3705 2948 3766 devitent,
2973 3715 3026 3758 et
3044 3704 3447 3758 communicare

1886 3802 1939 3853 in
1980 3800 2221 3853 animum
2251 3816 2358 3852 non
2386 3801 2647 3854 inducant
2671 3800 2780 3853 illis
2809 3797 3268 3850 ministrantibus.

1955 3977 2223 4044 Quoniam
2249 3991 2378 4046 ergo
2411 3974 2476 4028 ad
2507 3972 2942 4033 aediﬁcationem,
2968 3982 3027 4025 ut
3052 3971 3183 4036 dixi,
3215 3972 3446 4050 pepule-

1885 4085 2028 4131 rum,
2061 4067 2242 4122 omnia
2269 4082 2300 4120 a
2326 4065 2486 4118 nobis
2523 4063 2768 4118 facienda
2801 4072 2960 4126 sunt,
2991 4064 3106 4116 haec
3135 4073 3310 4116 vestra
3348 4063 3447 4117 ob-

1885 4167 2066 4213 servet
2094 4159 2296 4227 pietas;
2329 4165 2385 4210 et
2409 4155 2451 4208 si
2479 4164 2561 4209 est
2587 4153 2807 4223 quidem
2835 4153 3444 4217 ordinanduselericus,

1884 4250 1950 4303 de
1978 4250 2089 4303 vita
2117 4251 2236 4318 ejus
2266 4248 2524 4317 inquirat,
2548 4255 2604 4300 et
2633 4261 2701 4298 an
2725 4260 2945 4298 uxorem
2968 4244 3184 4306 haheat,
3216 4259 3283 4296 an
3313 4257 3445 4306 non,

1882 4353 1936 4397 et
1965 4357 2199 4410 quonam
2239 4340 2400 4394 modo
2428 4339 2601 4400 duxit,
2643 4346 2697 4392 et
2728 4337 2989 4390 abstinuit
3015 4376 3027 4398 ,
3063 4343 3116 4388 et
3150 4336 3194 4388 si
3225 4350 3331 4391 non
3362 4345 3448 4390 est

1883 4433 2081 4502 aliquis
2109 4448 2177 4485 ex
2209 4432 2274 4484 iis
2307 4431 2398 4498 qui
2428 4429 2584 4499 ejecti
2613 4436 2739 4481 sunt
2768 4446 2796 4482 ιι
2827 4427 3168 4481 sanctissimo
3190 4427 3449 4495 episcopo

1884 4523 1967 4576 vel
1991 4537 2058 4575 ex
2086 4520 2414 4575 monasterio
2443 4536 2455 4571 :
2483 4527 2610 4570 tunc
2637 4518 2679 4570 si
2711 4517 3016 4584 inculpatus
3044 4516 3296 4568 iuventus
3323 4514 3442 4568 fue-

204 4609 297 4660 καὶ
349 4608 469 4660 τότε
519 4608 925 4676 χειροτονείτω,
967 4608 1282 4677 ἀδιάϐλητον
1314 4607 1622 4677 εὑρεθέντα.
1669 4609 1775 4677 Τη-

1885 4613 1976 4671 rit.
2001 4611 2234 4665 ordinet.
2277 4610 2352 4664 ita
2387 4610 2532 4663 enim
2568 4619 2622 4663 et
2655 4618 2896 4662 nostram
2930 4608 3314 4662 conscientiam
3339 4622 3445 4675 pu-

209 4702 452 4769 ρήσομεν
480 4701 586 4768 γὰρ
618 4699 756 4751 οὕτω
787 4701 876 4751 καὶ
903 4701 960 4751 τὸ
995 4700 1201 4751 ἑαυτῶν
1244 4699 1476 4761 συνειδὸς
1511 4699 1771 4768 καθαρὸν.

205 4792 302 4842 καὶ
345 4789 668 4857 ἀδιάϐλητον
713 4790 811 4857 τὴν
845 4789 993 4858 ἱερὰν
1035 4789 1130 4841 καὶ
1164 4789 1363 4858 σεπτὴν
1414 4789 1770 4856 λειτουργίαν.

216 4879 345 4932 Ἐὰν
393 4878 448 4930 δὲ
484 4878 758 4947 χωρισμὸν
796 4878 1128 4946 ὑπομείνωσί
1172 4895 1314 4940 τινες
1364 4878 1774 4947 ὲπιτιμηθέντες

203 4969 564 5039 πταισμάτων
591 4972 768 5031 ἕνεκα,
799 4967 916 5021 εἶτα
950 4969 1183 5038 μέλλωσι
1217 4970 1471 5038 τελευιᾷν
1510 4969 1773 5039 κατηχού-

207 5077 363 5131 μενοι
389 5062 557 5123 ὄντες,
591 5061 1054 5128 βαπτιζέοῡωσαν,
1085 5061 1178 5112 καὶ
1211 5062 1283 5130 μὴ
1325 5061 1774 5129 ἀποδημείτωσαν

203 5152 316 5204 τῶν
345 5152 697 5220 ἀνθρωπίνων
737 5154 992 5222 ἀμέτοχοι
1021 5154 1116 5222 τῆς
1163 5154 1403 5220 χάριτος,
1437 5153 1598 5222 ἤγουν
1623 5155 1768 5204 ἀκοι-

204 5245 455 5313 νώνητοι.
489 5245 645 5294 Δοκεῖ
673 5246 778 5312 γὰρ
806 5244 1091 5314 προσέχειν
1118 5243 1213 5294 καὶ
1239 5241 1395 5293 τοῦτο
1412 5246 1521 5304 τοῖς
1547 5243 1644 5310 τῆς
1662 5242 1779 5293 Ἐκ-

205 5336 438 5402 κ”-.ησίις
476 5335 715 5402 θεσμοῖς.
758 5335 1094 5402 Προσείπατε
1144 5333 1238 5401 τὴν
1280 5335 1410 5400 παρ’
1452 5333 1578 5398 ὑμῖν
1625 5333 1776 5385 ἀδελο

205 5431 417 5497 φάτητα
440 5443 451 5454 ⁸
493 5428 634 5493 ὑμᾶς
663 5429 695 5494 ἡ
744 5427 838 5477 συν
871 5427 998 5494 ἡμῖν
1051 5428 1106 5474 ὲν
1140 5425 1327 5492 Κυρίῳ
1362 5424 1779 5492 προσαγορεύει.

280 5531 316 5580 Β
338 5526 472 5580 ὶΛΣ.
507 5525 578 5577 Τὸ
609 5522 959 5593 ἀκοινώνητοι
1007 5517 1237 5571 ἐνταῦοα
1277 5519 1304 5572 ὁ
1340 5518 1490 5584 ἅγιος
1523 5517 1582 5567 οὐ
1612 5516 1770 5580 μόνον

211 5622 336 5690 περὶ
367 5621 462 5686 τῆς
489 5619 650 5682 ἁγίας
685 5614 1036 5684 μεταλήψεως
1091 5612 1258 5676 λέγει,
1296 5610 1356 5660 οὐ
1391 5608 1500 5676 γὰρ
1538 5607 1772 5672 ἀξιωθή-

209 5731 396 5767 σπντιι
426 5711 534 5762 τῶν
575 5708 730 5759 θείων
766 5707 1078 5775 μυστηρίων
1109 5702 1213 5773 πρὸ
1240 5699 1332 5755 τοῦ
1361 5701 1772 5770 βαπτίσματοςο

296 5810 306 5838 ¹
337 5813 503 5870 Josuc
537 5830 624 5878 ιιι,
662 5813 746 5873 15.

1884 4717 1995 4756 ram
2030 4701 2498 4759 conservabimus,
2540 4709 2595 4752 et
2634 4699 2967 4768 inculpatum
3011 4712 3224 4751 sacrum
3253 4713 3314 4749 ac
3353 4711 3445 4749 ve-

1883 4793 2122 4848 nerabile
2146 4793 2482 4862 mysterium.
2507 4792 2596 4844 Sin
2617 4800 2797 4844 autem
2827 4787 3251 4858 segregationem
3277 4786 3441 4854 aliqui

1882 4885 2243 4939 sustinuerint
2273 4893 2494 4952 propter
2523 4885 2704 4952 lapsus
2731 4883 2930 4951 puniti,
2958 4881 3154 4935 deinde
3193 4880 3300 4932 sint
3324 4895 3444 4932 mo-

1884 4975 2042 5028 rituri
2071 4973 2392 5028 exsistentes
2416 4972 2812 5036 eatechumcni,
2831 4971 3190 5040 baptizentur.
3210 4979 3264 5022 et
3291 4985 3356 5022 ne
3374 4970 3444 5022 ab

1883 5064 2139 5117 humanis
2173 5063 2443 5115 excedant
2492 5063 2683 5131 gratia:
2728 5078 2834 5115 non
2875 5060 3166 5129 participes
3191 5100 3204 5120 ,
3233 5058 3444 5112 scilicet

1878 5154 2260 5207 communione
2307 5160 2573 5206 carentes.
2625 5151 2846 5206 Videtur
2889 5150 3035 5203 enim
3075 5151 3176 5202 hoc
3225 5162 3444 5216 quoque

1878 5244 2131 5298 Ecclesiae
2159 5243 2542 5298 consuetudini
2582 5242 2876 5296 adhaerere.
2898 5240 3141 5295 Salutate
3171 5254 3289 5292 eam
3323 5253 3446 5308 qua:

1877 5346 1960 5388 est
1989 5335 2131 5404 apud
2174 5350 2272 5388 vos
2302 5335 2698 5388 fraternitatem
2733 5350 2749 5398 ;
2776 5348 2894 5401 quae
2916 5331 3198 5384 nobiscum
3225 5338 3307 5384 est
3351 5345 3444 5384 ms

1882 5425 1933 5476 in
1971 5425 2200 5476 Domino
2218 5407 2455 5476 \salutat.

1953 5511 2145 5565 BALS.
2175 5507 2560 5566 Commuuioue
2594 5517 2779 5559 carere
2824 5507 3042 5554 sanctus
3089 5497 3175 5551 hic
3210 5513 3313 5552 non
3355 5513 3446 5552 so-

1879 5602 1988 5658 lum
2021 5602 2149 5656 dicit
2173 5602 2236 5654 de
2259 5607 2443 5652 sancta
2469 5593 2919 5665 participatione;
2948 5604 3119 5657 neque
3147 5591 3291 5643 enim
3318 5598 3444 5643 ante

1880 5695 2201 5766 baptismum
2233 5691 2422 5748 divinis
2448 5687 2717 5759 mysteriis
2745 5683 2890 5755 digni
2920 5681 3263 5737 habebuntur
3288 5697 3304 5736 :
3339 5683 3436 5736 sed
