4110 6466
169 392 279 461 925

964 398 1047 459 IN
1086 399 1148 461 S.
1187 396 1698 459 AMPHILOCHII
1738 398 2012 461 IAMBOS
2034 400 2134 460 AD
2170 397 2593 461 SELEUCUM.

3318 393 3425 460 926

241 517 441 572 ΒΛΔΣ.
487 518 608 571 Ἷνα
631 517 686 570 δὶ
736 515 810 586 μὴ
862 515 1170 586 ἀλλοτρίαις
1221 515 1313 568 τὸν
1383 515 1506 569 νοῦν
1569 515 1752 584 ἀπατᾷ
1780 520 1801 576 Α

1924 514 2119 570 BALS.
2151 513 2227 570 Ne
2262 525 2442 570 autem
2480 512 2672 570 alienis
2719 512 2871 568 libris
2905 517 3138 568 mentem
3167 513 3419 567 seducas.

178 605 404 672 βίϐλοις.
446 606 632 659 Πολλὰ
659 607 765 676 γάρ
789 607 897 658 είσι
929 604 1142 674 ψευδῶς
1171 605 1553 675 γεγραμμένα,
1596 605 1751 674 δέχου

176 694 365 748 τοῦτον
407 696 550 764 δμοῦ
581 696 670 748 τὸν
708 695 1190 764 δεδοκιμασμένον,
1230 688 1274 748 ὦ
1311 695 1456 763 φίλι,
1497 694 1751 764 ἀριθμόν.

188 782 464 854 Ἱστορίας
537 788 635 856 μὲν
713 788 1061 856 περιέχουσαι
1128 785 1300 854 βίϐλοι
1359 783 1566 838 δώδεκα
1622 784 1750 847 εἰσὶ,

173 874 269 942 τῆς
297 876 550 940 Παλαιᾶς
584 875 825 947 δηλονότι
853 875 1209 947 Γραφῆς,καὶ
1237 877 1292 928 al
1317 874 1486 944 βίϐλοι
1519 873 1626 926 τῶν
1652 874 1755 926 Ba-

175 963 416 1028 σιλειῶν,
470 965 522 1018 εί
553 965 813 1034 τέσσαρες
865 965 1021 1029 εἰσὶν,
1057 963 1173 1018 ἀλλ’
1201 964 1283 1025 είς
1320 963 1412 1016 δύο
1459 962 1753 1032 παραλαμ-

174 1053 432 1108 ϐάνονται
487 1057 585 1107 καὶ
645 1054 1008 1124 ἀριθμοῦνται
1037 1070 1053 1088 ο
1099 1056 1194 1107 καὶ
1231 1055 1287 1106 al
1321 1053 1528 1107 δώδεκα
1579 1052 1753 1122 βίϐλοι

171 1143 280 1195 τῶν
330 1143 816 1214 ἀπηριθμημένων
864 1143 1183 1216 προφητῶν,
1227 1144 1346 1214 μία,
1391 1143 1546 1213 φησὶ,
1607 1143 1754 1210 λογίο

174 1235 384 1296 ζονται.
413 1235 696 1307 Τὲσσαρες
717 1236 774 1290 δὲ
808 1236 984 1290 αίτῶν
1009 1235 1184 1289 ἀλλων
1206 1235 1521 1306 προφητῶν,
1548 1235 1752 1306 ἑκάστη

178 1327 278 1395 μία
318 1326 680 1398 λογιζομένη.
714 1329 822 1396 Τῆς
861 1330 960 1399 μέν
984 1345 1066 1381 τοι
1094 1329 1328 1399 ἀρχαίας
1360 1329 1478 1400 ἦτοι
1501 1332 1605 1398 τῆς
1639 1330 1753 1382 Ila-

173 1415 331 1480 λαιᾶς
367 1417 603 1488 Γραφῆς
630 1418 834 1489 ιγραψε
864 1418 1077 1488 βίϐλους
1103 1419 1187 1488 κβ’
1212 1420 1324 1484 τοῖς
1352 1418 1463 1471 τῶν
1493 1417 1754 1487 Ἑϐραίων

173 1506 512 1577 γράμμασιν
548 1508 880 1572 ἀντιθέτους,
939 1509 1108 1579 ἤγουν
1173 1508 1443 1572 ίσοθέτους
1501 1508 1596 1562 καὶ
1636 1510 1755 1562 ίσα⁶

179 1597 430 1668 ρίθμους.
469 1600 822 1670 Λαμϐέινιται
879 1601 988 1670 γὰρ
1026 1601 1059 1668 ἡ
1086 1600 1225 1654 ἀντὶ
1262 1600 1519 1670 πρόθεσις
1550 1600 1642 1653 καὶ
1662 1599 1756 1651 ktl.

175 1690 267 1741 τοῦ
294 1690 435 1745 τσου.
479 1691 689 1762 Ὠσπερ
710 1691 936 1762 λέγομεν
959 1693 1271 1761 ἀντίτεχνον
1315 1692 1405 1743 τὸν
1439 1691 1752 1760 ὁμότεχνον.

174 1780 429 1851 Στοιχεῖα
462 1783 519 1836 δὲ
549 1785 696 1854 παρὰ
720 1785 829 1846 τοῖς
861 1782 1128 1851 Ἑϐραίοις
1175 1781 1257 1852 »ιβ’
1289 1782 1534 1850 λέγονται
1593 1777 1752 1834 εἶναι.

1855 605 2001 660 Multi
2037 607 2179 660 enim
2209 615 2336 661 sunt
2363 604 2502 660 falso
2521 605 2760 675 inscripti
2786 623 2802 672 ;
2831 619 2980 672 cape,
3003 619 3036 659 ο
3065 605 3259 670 amice,
3281 605 3425 659 hunc

1856 710 2136 750 numerum
2173 710 2202 749 a
2236 712 2322 751 me
2356 696 2636 759 selectum,
2671 703 2764 750 seu
2806 697 3091 764 probatum
3123 704 3176 749 et
3225 696 3424 749 conllr-

1855 795 2077 840 maxum.
2112 786 2248 841 Sunt
2281 786 2562 841 duodecim
2595 785 2810 854 quidem
2840 787 2983 851 libri,
3008 788 3104 878 qui
3165 788 3421 842 historias

1855 874 2153 938 continent,
2197 875 2430 944 antiquas
2470 873 2674 930 scilicet
2723 873 3037 945 Scripturae,
3069 887 3124 930 ct
3155 876 3275 929 libri
3318 876 3422 930 Re-

1855 979 2000 1033 gum.
2034 967 2244 1020 etiamsi
2277 968 2385 1022 sint
2415 978 2665 1035 quatuor,
2697 966 2748 1020 in
2780 966 2914 1021 duos
2941 977 3116 1021 tamen
3138 965 3423 1020 conferuu-

1854 1061 1951 1108 tur‘
1974 1064 2029 1110 et
2055 1066 2458 1122 enumerantur,
2483 1067 2534 1111 et
2558 1057 2837 1112 duodecim
2869 1055 2990 1111 libri
3029 1058 3421 1126 prophetarum

1855 1145 1947 1215 qui
1968 1158 2378 1211 enumerantur,
2401 1162 2559 1213 unus,
2586 1147 2782 1216 inquit,
2810 1156 3148 1217 reputantur.
3178 1148 3419 1213 Quatuor

1856 1243 2034 1288 autem
2061 1235 2184 1290 libri
2215 1235 2444 1290 aliorum
2472 1237 2858 1305 prophetarum
2883 1236 3254 1304 unusquisque
3280 1251 3419 1290 unus

1855 1331 2152 1393 reputatur.
2203 1325 2369 1381 Porro
2395 1325 2600 1381 Veteris
2647 1329 2762 1382 sive
2819 1325 3036 1395 Antiqui
3088 1325 3423 1380 Testamenti

1853 1413 2070 1481 scripsit
2099 1413 2234 1468 duos
2266 1425 2318 1468 et
2351 1415 2535 1484 viginti
2590 1415 2776 1479 libros,
2809 1415 2898 1484 qui
2937 1413 3130 1470 litteris
3171 1413 3421 1483 llcbrzeo-

1855 1516 1972 1556 rum
1999 1502 2346 1572 respondent,
2375 1504 2488 1556 sive
2509 1504 2887 1572 atquivalentes
2912 1517 2966 1560 et
2987 1521 3210 1559 numero
3235 1521 3418 1574 aequa:-

1853 1594 1936 1649 les
1961 1602 2105 1649 sunt.
2138 1595 2416 1663 Accipitur
2443 1595 2588 1649 enim
2618 1596 2926 1664 prapositio
2970 1596 3110 1658 ἀντῑ,
3136 1597 3295 1651 etiam
3325 1611 3421 1665 pro

1855 1685 2076 1755 liquati
2095 1700 2115 1748 ;
2145 1687 2592 1754 quemadmodum
2620 1686 2849 1741 dicimus
2891 1687 3201 1757 ἀντίτεχνον
3229 1687 3420 1756 ὁμότε-

1855 1782 2003 1848 χνον,
2033 1779 2134 1831 hoc
2169 1785 2272 1841 est,
2302 1790 2422 1830 eum
2454 1777 2546 1845 qui
2576 1789 2656 1831 est
2682 1776 2924 1847 ejusdem
2956 1781 3106 1832 artis.
3141 1779 3416 1833 Elementa

185 1872 614 1944 Ἀπαριθμήσας
650 1875 750 1942 μέν
781 1892 865 1927 τοι
905 1875 996 1928 καὶ
1027 1874 1094 1928 τὰ
1123 1874 1221 1944 τῆς
1254 1871 1392 1936 Νέας
1431 1873 1649 1943 Γμφῆς
1679 1869 1801 1940 βιο]

1863 1879 2040 1923 autem
2067 1866 2204 1937 apud
2233 1867 2486 1922 llebraaos
2505 1882 2624 1922 esse
2653 1870 2898 1922 dicuntur
2921 1869 3106 1938 viginti
3133 1871 3258 1923 duo.
3284 1867 3416 1923 Cum

178 1960 302 2014 ϐλία
333 1966 362 2014 δ
393 1962 576 2030 ἅγιος,
616 1965 942 2034 ιπήνιγκεν,
971 1966 1053 2018 ὅτι
1093 1966 1146 2018 ετ
1163 1983 1214 2019 τι
1235 1964 1437 2018 τούτων
1464 1965 1572 2018 τῶν
1602 1968 1748 2033 ἀπη-

175 2053 552 2194 ρὶέμημίνων
593 2055 698 2121 ἔξω
728 2059 905 2124 ἐστιν,
922 2059 980 2112 οὐ
1007 2059 1228 2129 γνήσιον
1267 2058 1558 2128 λογίζεται,
1613 2060 1750 2115 ἀλλὰ

271 2158 353 2194 ον.

271 2158 353 2201 ον.

189 2422 2264 2466 m

1854 1968 2032 2014 autem
2062 1959 2182 2013 novi
2213 1947 2425 2027 quoque
2467 1957 2796 2014 Tcstamenti
2843 1958 3007 2012 libros
3050 1967 3418 2013 enumerasset

1862 2062 2103 2114 sanctus,
2158 2051 2434 2119 subjunxit
2464 2066 2476 2102 :
2509 2050 2662 2116 Quod
2711 2049 2905 2120 siquis
2946 2059 3048 2113 est,
3093 2057 3284 2117 prater
3329 2063 3421 2102 eos

1855 2143 1944 2210 qui
1971 2150 2094 2196 sunt
2116 2142 2442 2206 enumerati,
2483 2155 2588 2195 nou
2624 2141 2964 2196 existimetur
2995 2154 3304 2210 germanus,
3326 2138 3420 2194 scd

1860 2231 2214 2288 adulterinus.

1097 2576 1326 2662 ΤΟΥ
1404 2575 1742 2663 ΑΙἸΟΥ
1805 2572 2524 2665 ΑΜΦΙΛΟΧΙΟΥ

1598 2763 1994 2817 ΕΠΙΣΚΟΠΟΥ

609 2924 710 2978 ΕΚ
749 2923 1111 2992 ΤΩΝ,1Π³οΣ
1149 2926 1539 2982 ΣΕΛΕΥΚΟΝ
1561 2924 1844 2982 ΙΑΜΒΩΝ
1879 2929 2064 2982 ΠΕΡΙ
2123 2930 2259 2981 ΤΗΣ
2285 2929 2516 2981 ΑΥΤΗΣ
2558 2919 2998 2978 ΥΙΙΟΘΕΣΕΩΣ.

1159 3207 1565 3297 SANCTI
1657 3200 2453 3297 AMPHILOCHII

1652 3381 1960 3438 EPISCOPI

704 3515 822 3576 EX
860 3516 1165 3579 IAMBIS
1207 3516 1320 3578 AD
1366 3515 1816 3578 SELEUCUM
1855 3516 1966 3575 DE
2014 3515 2319 3580 EODEM
2354 3514 2904 3578 ARGUMENTO.

248 3798 401 3869 Πλὴν
431 3796 550 3852 ἀλλ’
585 3798 756 3850 ὲκεῐνο
788 3795 1121 3868 προσμαθεῐν
1150 3794 1390 3866 μάλιστά
1426 3811 1508 3848 σοι

177 3891 472 3960 Προσῆκον
493 3905 507 3920 ο
536 3889 636 3959 οὐχ
673 3887 859 3942 ἅπασα
893 3888 1072 3958 βίϐλος
1107 3887 1372 3957 ἀσφαλὴς,

186 3981 253 4033 Ἥ
282 3982 490 4052 σεμνὸν
515 3980 687 4049 ὄνομα
716 3980 812 4048 τῆς
845 3980 1069 4050 Γραφῆς
1101 3979 1440 4050 κεκτημένη.

176 4070 335 4126 Εἰσὶν
366 4071 502 4142 γὰρ,
538 4070 676 4123 είσὶν
705 4071 816 4122 ἐσθ’
846 4071 932 4123 ὅτε
962 4068 1299 4139 ψευδώνυμοι

175 4163 364 4217 Βίϐλοι
394 4179 408 4192 ο
437 4160 585 4222 τινὲς
612 4159 711 4230 μὲν
742 4159 994 4229 ἐμμεσοι,
1023 4160 1114 4212 καὶ
1143 4159 1406 4227 γείτονες,

185 4254 277 4319 Ὦς
310 4256 382 4310 ἄν
416 4270 502 4316 τις
536 4252 703 4315 ιῐποι,
733 4251 844 4303 τῶν
874 4251 1131 4320 ἀληθείας
1153 4252 1330 4319 λόγων
1357 4268 1370 4282 ·

173 4347 239 4400 Δί
271 4347 316 4399 δ’
347 4345 422 4399 αὖ
457 4343 600 4396 νόθοι
635 4360 695 4396 τε
731 4346 824 4396 καὶ
853 4342 971 4396 λίαν
1005 4343 1346 4409 ιπισφαλεῐς,

191 4434 278 4498 Ὦς
307 4436 623 4504 παράσημα
650 4434 744 4486 καὶ
768 4431 898 4485 νόθα
930 4432 1265 4502 νομίσματα,

182 4529 250 4580 ’Δ
281 4525 558 4596 βασιλέως
589 4525 687 4594 μὲν
715 4524 814 4593 τὴν
848 4523 1164 4593 ἐπιγραφὴν
1195 4524 1371 4594 φέρει,

177 4615 429 4683 Κίϐδηλα
465 4613 510 4667 δ’
549 4615 685 4678 tari,
715 4615 831 4674 ταῖς
871 4612 1024 4674 ὕλαις
1053 4612 1372 4682 δολούμενα.

176 4710 404 4762 Τούτων
439 4706 601 4776 χάριν
634 4723 715 4758 σοι
755 4705 860 4758 τῶν
895 4705 1274 4758 θεοπνεύστων
1301 4705 1410 4775 ἐρῶ

177 4799 389 4854 Βίὸλων
426 4796 699 4865 ἑκάστην⁹
734 4794 810 4857 ὡς
845 4794 890 4847 δ’
921 4795 987 4849 ἂν
1016 4795 1282 4865 εὐκρινῶς
1315 4793 1514 4868 μάθῃς,

177 4893 283 4953 Τὰς
316 4891 421 4958 τῆς
453 4888 691 4951 Παλαιᾶς
723 4887 913 4957 πρῶτα
948 4885 1223 4956 Διαθήκης
1251 4887 1380 4954 ἐρῶ.

258 4984 322 5034 'il
358 4981 733 5048 Πεντάτευχος
764 4979 861 5048 τὴν
896 4979 1108 5044 κτίσιν,
1137 4973 1239 5030 εἶτ’
1275 4977 1510 5042 Ἕξοδον,

177 5072 474 5128 Δευῖτικδν
509 5072 565 5123 δὲ
596 5071 694 5138 τὴν
730 5072 898 5139 μέσην
935 5069 1046 5138 ἔχει
1080 5069 1277 5139 βίϐλον,

178 5168 314 5220 Μεθ’
355 5167 428 5235 ἢν
471 5163 783 5232 Ἀριθμοὺς,
820 5159 936 5214 εἶτα
965 5161 1401 5230 Δευτερονόμιον.

177 5258 408 5319 Τούτοις
457 5255 663 5320 Ἰησουν
692 5253 994 5321 προστίθει,
1036 5253 1283 5315 καὶτοὺς
1316 5256 1541 5324 Κριτάς.

179 5349 419 5400 Ἔπειτα
459 5347 560 5413 τὴν
602 5345 782 5410 Ῥοὺθ,
811 5343 1109 5396 Βασιλιιῶν
1139 5360 1197 5396 τε
1227 5345 1499 5414 τέσσαρας

176 5440 434 5502 Βίϐλους,
466 5436 961 5508 Παραλειπομένων
1000 5436 1056 5488 δέ
1084 5453 1146 5497 γε
1174 5435 1442 5504 ξυνωρίδα
1465 5450 1479 5464 ·

178 5530 420 5600 Ἔσδρας
459 5531 547 5581 ἐπ’
576 5528 765 5590 αὑταῖς
793 5527 1029 5597 πρῶτος,
1065 5522 1163 5578 εἶθ’
1199 5527 1225 5577 ὁ
1251 5526 1521 5597 δεύτερος,

189 5620 352 5689 Ἑξῆς
387 5620 651 5689 στιχηρὰς
691 5622 852 5672 πέντε
888 5636 973 5672 σοι
1000 5619 1212 5688 βίϐλους
1248 5617 1358 5686 ἐρῶ
1388 5635 1401 5648 ·

175 5715 513 5783 Στιρθέντος
547 5714 729 5778 ἄθλοις
763 5712 1020 5769 ποικίλων
1045 5713 1232 5766 παθῶν
1272 5710 1413 5778 Ἰὼϐ,

1769 3689 1836 3702 _

1783 3807 1826 3866 ο
1928 3799 2026 3854 Ast
2063 3798 2189 3853 illud
2220 3799 2383 3854 etiam
2417 3800 2668 3854 convenit
2698 3809 2748 3854 te
2776 3799 2986 3855 discere
3017 3816 3032 3854 :

1859 3885 1974 3942 Non
2002 3897 2152 3944 tutus
2179 3889 2358 3944 omnis
2390 3899 2474 3944 est
2506 3890 2660 3954 liber,
2688 3892 2827 3945 sacri
2861 3890 3008 3946 Libri

1859 3979 1915 4034 In
1943 3979 2115 4034 fronte
2141 3995 2336 4035 nomen
2363 3981 2612 4051 quisquis
2649 3992 2940 4052 augustum
2977 3984 3131 4054 gerit.

1861 4067 2000 4123 Sunt
2027 4084 2279 4140 namque,
2305 4069 2500 4126 falsum
2531 4074 2624 4142 qui
2659 4084 2851 4144 gerant
2882 4091 3098 4142 nomen,
3138 4079 3276 4136 libri.

1861 4157 2000 4213 Sunt
2027 4159 2216 4225 medii,
2246 4162 2312 4217 ab
2344 4162 2450 4217 illis
2481 4163 2657 4216 dissiti
2685 4165 2826 4217 haud
2854 4180 2982 4219 sane
3011 4168 3217 4234 procul,

1858 4249 2006 4316 Quos
2028 4250 2150 4306 esse
2173 4266 2330 4308 veros
2362 4251 2549 4306 nullus
2577 4260 2660 4307 est
2691 4254 2784 4322 qui
2815 4254 3074 4321 deneget,

1858 4341 1936 4395 Ac
1966 4357 2158 4397 rursus
2192 4341 2283 4396 alii
2321 4353 2450 4398 sunt
2478 4343 2629 4398 nothi
2665 4353 2826 4416 atque
2847 4346 3018 4411 noxii,

1859 4431 2205 4486 Adulterinos
2237 4448 2461 4488 cernere
2484 4442 2566 4489 est
2594 4449 2850 4491 nummos
2875 4436 3040 4504 velut,

1859 4520 2268 4591 luscriptionem
2294 4527 2498 4595 regiam
2537 4526 2630 4598 qui
2662 4541 2787 4582 cum
2824 4540 3035 4596 gerant,

1859 4611 2020 4668 Nothi
2051 4624 2230 4670 tamen
2264 4627 2410 4680 sunt,
2443 4631 2568 4682 aere,
2598 4633 2704 4673 non
2739 4634 2872 4674 auro
2896 4622 3046 4678 editi.

1860 4705 1978 4774 ipse
2005 4722 2134 4777 ergo
2160 4709 2302 4762 sacri
2329 4708 2544 4764 Codicis
2578 4711 2806 4780 pandam
2840 4712 2938 4766 tibi

1861 4797 2061 4854 Omnes
2087 4799 2332 4867 libellos;
2366 4817 2580 4872 quoque
2611 4819 2805 4861 noscas
2833 4807 3068 4874 planius,

1862 4891 2100 4945 Primum
2137 4891 2342 4946 Vetusti
2374 4891 2615 4948 Faaderis
2645 4895 2822 4949 dicam
2854 4897 3043 4956 libros.

1934 4982 1991 5035 ιιι
2023 4983 2384 5038 Pentateuclto
2417 4984 2668 5039 Genesim
2699 4987 2887 5052 babes,
2911 4999 2964 5042 et
2987 4989 3248 5060 Exodum,

1862 5073 2287 5144 Leviticumque,
2317 5075 2445 5130 sede
2470 5076 2560 5143 qui
2598 5077 2770 5132 media
2801 5086 2885 5132 est
2914 5079 3072 5143 situs,

1791 5179 1835 5234 ι)
1863 5159 2168 5231 Numeros;
2206 5165 2445 5220 secunda
2477 5163 2592 5218 Lex
2610 5165 2783 5218 locum
2816 5167 3045 5221 alterum
3089 5169 3313 5227 obtinet.

1867 5256 2027 5325 180
2051 5254 2144 5310 His
2176 5255 2550 5321 adde-Iesum;
2582 5270 2708 5310 mox
2737 5267 3042 5326 sequuntur
3072 5256 3312 5325 Judices,

1861 5343 2007 5398 Ruth
2042 5346 2260 5410 deinde,
2298 5343 2506 5414 Regum
2547 5354 2781 5412 quatuor
2810 5347 2931 5399 libri
2967 5348 3126 5400 simul
3161 5367 3176 5404 :

1862 5435 2322 5505 Paralipomenwn
2368 5434 2541 5502 adjice
2569 5433 2655 5488 bis
2687 5435 2852 5489 libros
2889 5435 3025 5491 duos
3057 5452 3070 5488 :

1861 5531 1928 5582 At
1957 5531 2207 5600 geminus
2238 5529 2421 5584 Esdrze
2449 5528 2698 5596 sequitur
2731 5531 2828 5584 bos
2855 5529 3038 5583 statim
3070 5531 3224 5588 IlIlCI‘.

1865 5619 1998 5674 Tum
2035 5622 2275 5691 quinque
2303 5637 2462 5677 versu
2496 5622 2749 5677 conditos
2789 5621 2955 5675 libros
2989 5622 3174 5688 babes,

1864 5712 1966 5767 Job
2000 5713 2084 5768 cui
2115 5713 2377 5783 palaestrae
2405 5713 2651 5784 plurimae
2678 5713 2899 5783 cingunt
2926 5722 3112 5782 caput,
