4110 6458
651 378 757 443 931

1953 365 2234 430 THEOD.
2287 364 2697 430 BALSAMON

3791 363 3903 427 93!-

665 480 961 547 σύνδεσμον
997 477 1206 535 ἀδικίας
1245 473 1292 526 οἰ
1330 468 1582 535 τοιοῦτοι,
1639 467 1780 522 κατὰ
1815 466 1910 540 τήν
1939 468 2215 537 ἀπόφασιν
2268 469 2362 522 τοῦ
2405 470 2560 538 ἁγίου
2613 469 2844 536 Πέτρου,
2879 465 3186 538 ὑπάρχουσι
3246 464 3638 536 συλληφθέντες
3675 465 3776 517 in).
3801 468 3901 533 τῆς

661 569 878 622 ἑαυτῶν
909 565 1297 635 φιλαργυρίας.

736 659 890 714 Unde
917 667 967 710 et
999 665 1308 710 sanctorum
1340 662 1391 707 et
1429 652 1712 706 beatorum
1755 650 1974 705 Patrum
2025 660 2224 703 sancta:
2250 660 2296 713 Α

2386 653 2549 707 Ὅθεν
2577 653 2673 708 καὶ
2703 655 2810 707 τῶν
2841 653 3024 717 ὁσίων,
3063 649 3154 706 καὶ
3186 655 3472 725 μακαρίων
3499 656 3760 726 Πατέρων
3788 656 3897 709 τῶν

663 766 869 820 magna:
907 749 1097 818 synodi
1134 746 1484 802 meumenica:
1518 742 1856 799 Chalcedone
1888 748 2225 808 congregata

2333 737 2419 806 τῆς
2447 742 2607 809 ἁγίας
2633 741 2728 796 καὶ
2759 743 3001 813 μεγάλης
3033 744 3415 813 οἰκουμενικῆς
3461 745 3558 815 τῆς
3589 747 3647 797 ὲν
3678 745 3901 816 Χαλκη-

665 842 786 894 huic
816 838 917 907 legi
959 836 1250 888 Dominica:
1271 833 1530 888 convenit
1556 847 1753 896 canon,
1777 829 1866 900 qui
1901 829 1982 884 sic
2011 844 2040 882 a
2064 827 2224 883 nobis

659 939 842 998 aperte
868 929 1055 983 iisdem
1083 927 1264 980 verbis
1293 924 1474 978 editus
1494 932 1577 977 est
1611 938 1626 974 :

738 1126 760 1162 ι
791 1110 850 1166 Si
875 1110 992 1178 quis
1015 1109 1304 1178 episcopus
1323 1106 1565 1177 pecuniis
1591 1105 1986 1160 ordinationem
2012 1102 2224 1168 fecerit,

660 1202 881 1256 velnon
917 1202 1159 1255 venalem
1205 1200 1430 1270 gratiam
1469 1199 1534 1252 ad
1583 1198 1944 1252 venditionem
1992 1195 2230 1250 deduxe-

658 1291 749 1355 rit,
779 1300 828 1346 et
860 1293 1101 1361 pecuniis
1127 1290 1464 1344 ordinaverit
1490 1289 1830 1356 episc0pum,
1865 1285 1948 1339 vel
1976 1283 2227 1352 chorepi-

657 1396 907 1450 scopum,
934 1383 1014 1434 vel
1041 1382 1431 1450 presbyterum,
1452 1380 1535 1432 vel
1559 1377 1869 1440 diaconum,
1888 1375 1966 1428 vel
1990 1375 2225 1443 aliquem

657 1485 846 1525 eorum
892 1473 983 1539 qui
1038 1473 1090 1525 in
1148 1473 1292 1524 clero
1323 1476 1805 1531 connumerantur,
1846 1466 1928 1519 vel
1980 1462 2224 1532 pecuniis

664 1559 923 1630 provehat
954 1567 1313 1614 meonomum,
1344 1550 1424 1603 vel
1459 1546 1818 1608 defensorem,
1852 1542 1936 1595 vel
1971 1555 2221 1610 paramu-

667 1649 900 1712 narium,
929 1644 1010 1698 vel
1043 1643 1258 1698 omnino
1277 1640 1507 1708 aliquem
1531 1651 1598 1689 ex
1627 1635 1792 1696 clero,
1825 1641 2044 1701 propter
2067 1645 2222 1684 suum

670 1750 825 1806 turpe
861 1738 1066 1788 lucrum
1114 1751 1126 1786 :
1172 1731 1262 1800 qui
1310 1732 1409 1784 hoc
1452 1740 1736 1794 aggressus
1782 1737 1904 1776 esse
1951 1722 2228 1776 convictus

670 1828 851 1892 fuerit,
884 1828 946 1878 de
979 1822 1196 1893 proprio
1221 1819 1384 1889 gradu
1414 1817 1594 1870 veniat
1623 1815 1676 1866 in
1701 1812 1995 1880 periculum
2018 1828 2032 1877 ;
2059 1821 2112 1864 et
2136 1812 2226 1880 qui

2322 830 2431 884 δόνι
2463 832 2821 902 συναχθείσης
2841 873 2855 900 ,
2879 832 2962 902 τῷ
2989 834 3302 903 Δεσποτικῷ
3333 833 3503 903 τούτῳ
3543 836 3694 906 νόμῳ
3729 839 3900 906 συνᾲ-

2323 923 2402 974 δει
2431 923 2458 976 δ
2501 923 2630 993 περὶ
2652 922 2842 976 τούτου
2879 924 3078 988 κανὼν,
3112 923 3170 984 ὃς
3199 926 3332 994 ἡμῖν
3359 926 3544 993 σαφῶς
3579 928 3780 980 οὑτωσὶ
3810 928 3901 979 ai-

2326 1011 2468 1078 ξεσιν
2497 1014 2686 1077 αὑταῖς
2725 1013 3131 1081 ἐκπεφώνηται⁸

2400 1120 2419 1154 ι
2459 1104 2526 1156 Εἰ
2550 1121 2631 1166 τις
2664 1105 2958 1166 ἐπίσκοπος
2989 1106 3082 1156 ἐπὶ
3105 1104 3352 1173 χρήμασι
3381 1105 3711 1175 χειροτονίαν
3744 1113 3902 1179 ποιή-

2327 1209 2504 1256 σαιτο,
2534 1194 2626 1245 καὶ
2647 1195 2724 1255 εἰς
2749 1195 2951 1264 πράσιν
2984 1197 3289 1261 καταγάγοι
3317 1195 3418 1262 τὴν
3444 1193 3687 1265 ἄπρατον
3712 1198 3900 1268 χάριν,

2326 1282 2419 1336 καὶ
2449 1285 2824 1353 χειροτονήσαι
2867 1284 2964 1336 ἐπὶ
3009 1284 3287 1354 χρήμασιν
3321 1284 3639 1350 ἐπίσκοπον,
3684 1285 3717 1356 ἢ
3759 1307 3903 1360 χωρ-

2324 1371 2642 1437 επίσκοπον,
2670 1373 2701 1443 ἢ
2729 1373 3120 1444 πρεσϐύτερον,
3155 1375 3187 1444 ἢ
3214 1373 3476 1438 διάκονον,
3508 1376 3540 1445 ἢ
3572 1375 3760 1446 ἔτερόν
3781 1395 3903 1432 τινα

2326 1461 2432 1515 τῶν
2460 1463 2516 1516 ἐν
2544 1463 2622 1532 τῷ
2652 1463 2838 1533 κλήρῳ
2869 1464 3419 1534 καταριθμουμένων,
3465 1465 3498 1536 ἢ
3545 1466 3902 1536 προϐάλλοιτο

2325 1552 2418 1603 ἐπὶ
2450 1552 2722 1621 χρήμασιν
2760 1553 3066 1620 οἰκονόμον,
3091 1553 3124 1623 ἢ
3147 1552 3380 1616 ἔκδικον,
3403 1553 3436 1625 ἢ
3462 1557 3900 1625 παραμονάριον,

2328 1641 2360 1712 ἢ
2397 1642 2570 1706 άλλως
2596 1643 2720 1696 τινὰ
2743 1643 2836 1696 τοῦ
2863 1644 3090 1714 κλήρου,
3120 1644 3188 1697 δι’
3210 1645 3656 1716 αἰσχροκέρδειαν
3673 1648 3902 1710 οἰκείαν,

2327 1735 2355 1785 ό
2377 1732 2552 1802 τούτῳ
2581 1733 2933 1804 ἐπιχειρήσας
2960 1734 3236 1804 ἐλεγχθεὶς
3257 1735 3615 1788 κινδυνευέτω
3648 1736 3782 1807 περὶ
3813 1738 3904 1788 τὸν

2328 1825 2526 1876 οἰκεῖον
2553 1823 2788 1892 βαθμόνῖ
2822 1826 2916 1876 καὶ
2947 1825 2973 1875 δ
2997 1824 3494 1894 χειροτονούμενος,
3521 1825 3689 1895 μηδὲν
3715 1827 3779 1878 ἐκ
3805 1827 3902 1896 τῆς

671 1919 948 1973 ordinatur
974 1951 988 1975 ,
1026 1912 1158 1964 nihil
1196 1925 1257 1962 ex
1292 1905 1664 1965 ordinatione,
1718 1902 1801 1954 vel
1855 1902 2227 1968 promotione.

2333 1913 2448 1962 κατ’
2475 1912 2742 1980 ἐμπορίαν
2765 1910 3081 1978 ὠφελείσθω
3114 1911 3450 1981 χειροτονίας
3470 1949 3485 1975 ,
3531 1911 3564 1980 ἢ
3604 1911 3899 1981 προϐολῆς

679 2023 794 2076 qum
834 2006 891 2059 iit
917 2005 1086 2056 instar
1116 2008 1451 2061 mercaturae,
1472 1997 1710 2064 juvetur,
1747 1992 1838 2044 sed
1867 1991 1936 2044 sit
1965 1990 2170 2044 alienus
2197 2006 2226 2043 a

671 2097 960 2165 dignitate,
1001 2091 1081 2144 vel
1123 2089 1440 2149 curatione,
1467 2099 1624 2152 quam
1652 2081 1896 2151 pecuniis
1952 2091 2230 2134 assecutus

670 2197 770 2240 est.
800 2185 852 2238 Si
890 2183 1009 2250 quis
1060 2191 1237 2232 autem
1271 2177 1355 2230 his
1394 2173 1641 2242 turpibus
1685 2186 1746 2225 ac
1795 2169 2017 2224 nefariis
2069 2168 2231 2222 lucris

672 2282 948 2342 sequester
984 2272 1372 2323 intereessorve
1397 2264 1730 2332 apparuerit,
1760 2261 1806 2314 is
1841 2273 2052 2328 quoque
2084 2259 2126 2312 si
2162 2259 2232 2311 sit

674 2365 899 2418 clericus
925 2403 938 2428 ,
984 2376 1011 2414 ο
1046 2361 1220 2430 primo
1248 2357 1412 2427 gradu
1446 2353 1658 2409 excidat
1692 2369 1707 2405 :
1741 2351 1784 2406 si
1821 2361 1999 2405 autem
2027 2349 2229 2412 laicus,

672 2455 756 2510 vel
791 2451 1104 2514 monachus,
1134 2444 1640 2502 anathematizetur.
1678 2459 1697 2492 ι

757 2552 916 2622 182
936 2546 1522 2604 BAI,S.Pulcherrima
1559 2554 1614 2600 et
1633 2543 1786 2598 valde
1817 2542 1906 2612 pia
1927 2551 2052 2596 sunt
2080 2542 2246 2609 huius

676 2645 900 2699 canentis
924 2653 1236 2697 sanctorum
1261 2641 1481 2695 Patrum
1505 2643 1792 2706 prmcepta,
1812 2635 1904 2704 qui
1925 2648 2139 2687 omnem
2161 2633 2247 2686 in-

675 2734 952 2789 vasionem
971 2735 1291 2794 satanicam,
1317 2729 1761 2794 diabolicumque
1775 2735 2050 2785 conatum,
2070 2725 2162 2793 qui
2187 2727 2242 2780 in

673 2827 877 2881 donum
893 2826 1178 2896 spirituale
1198 2823 1521 2886 intenditur,
1537 2819 1815 2889 repellitet
1832 2816 2249 2872 rescindit.Nul-

675 2914 727 2968 lo
743 2914 1069 2969 enimmodo
1086 2915 1199 2967 vult
1213 2909 1574 2968 ordinationis
1591 2907 1986 2978 promotioncm
2005 2905 2251 2972 pecuniis

673 3011 764 3054 aut
797 3001 937 3067 fieri,
969 3009 1061 3053 aut
1122 3001 1347 3067 suscipi,
1374 3014 1473 3054 nec
1503 3000 1569 3053 ab
1597 3013 1663 3053 eo
1691 3000 1782 3068 qui
1820 2999 1962 3052 illam
1992 3007 2232 3066 exercet,

677 3100 775 3140 nec
806 3087 874 3140 ab
920 3101 985 3140 eo
1021 3087 1109 3153 qui
1148 3086 1505 3141 ordinationis
1549 3085 1942 3152 promotioncm
1983 3082 2179 3155 accipit
2217 3103 2230 3139 :

677 3175 769 3228 sed
806 3189 901 3228 nec
935 3184 1058 3228 ante
1107 3186 1313 3242 tempus
1359 3174 1746 3236 ordinationis,
1797 3187 1895 3226 nec
1928 3182 2085 3240 post,
2119 3173 2233 3226 dari

2329 2002 2441 2058 ἁλλ’
2475 2001 2614 2055 ἔστω
2645 2003 2923 2072 ἀλλότριος
2949 2003 3048 2072 τῆς
3078 2001 3234 2066 ἀξίας
3257 2044 3270 2067 ,
3294 2001 3326 2071 ἢ
3355 2000 3447 2053 τοῦ
3475 2005 3898 2071 φροντίσματος,

2329 2089 2499 2164 οῦπερ
2527 2095 2616 2145 ἐπὶ
2641 2096 2918 2164 χρήμασιν
2941 2093 3151 2162 ἔτυχεν.
3182 2093 3240 2145 Εἰ
3273 2093 3329 2144 δέ
3365 2109 3450 2154 τις
3477 2093 3569 2144 καὶ
3601 2092 3903 2161 μεσιτεύων

2331 2188 2475 2254 φανῇ
2508 2187 2619 2246 τοῖς
2648 2187 2891 2255 αἰσχροῖς
2923 2185 3164 2248 τούτοις,
3189 2185 3282 2235 καὶ
3305 2182 3585 2250 ἀθεμίτοις
3615 2181 3901 2251 λήμμασι,

2332 2276 2425 2326 καὶ
2453 2268 2605 2336 οὗτος
2627 2275 2675 2324 εἰ
2701 2275 2795 2342 μὲν
2823 2273 3085 2341 κληρικδς
3109 2273 3215 2341 εἴη,
3242 2269 3334 2322 τοῦ
3360 2271 3562 2322 οἰκείου
3595 2271 3906 2320 ἐκπιπτὲτω

2335 2360 2568 2431 βαθμοῦ*
2602 2361 2728 2414 εἰδὲ
2751 2360 3019 2430 λοῖκδς,ἢ
3050 2358 3316 2428 μονάζων,
3345 2356 3848 2425 άναθεματιζέσθω.
3882 2373 3899 2402 ι

2420 2535 2615 2591 ΒᾹΛΣ.
2641 2535 2921 2590 Κάλλιστα
2942 2537 3034 2589 καὶ
3063 2535 3183 2590 λίαν
3203 2535 3398 2604 εὐσεϐῆ
3447 2534 3542 2587 τοῦ
3562 2537 3784 2598 κανόνος
3810 2539 3909 2589 τῶν

2339 2629 2508 2696 ἁγίων
2531 2628 2784 2698 Πατάρων
2800 2628 3033 2698 ὑπάρχει
3051 2630 3114 2683 τά
3132 2628 3591 2697 παραγγέλματα,
3615 2630 3798 2681 πᾶσαν
3815 2631 3908 2695 ἐφ-

2340 2718 2457 2770 οδον
2499 2716 2815 2787 σατανικὴν,
2848 2718 2940 2769 καὶ
2971 2718 3080 2770 πᾶν
3120 2715 3423 2785 ἐγχείρημα
3453 2717 3736 2769 δαϐολικδν
3773 2723 3910 2771 κατὰ

2341 2810 2438 2876 τῆς
2477 2807 2854 2875 πνευματικῆς
2876 2808 3176 2876 φερόμενον
3205 2807 3432 2877 δωρεᾶς,
3459 2809 3828 2878 ἀπωθούμενα
3853 2829 3911 2863 τε

2341 2901 2436 2950 καὶ
2461 2899 2855 2951 ἀνακύπτοντα.
2879 2897 2952 2950 Οὐ
2973 2896 3220 2966 βούλεται
3253 2901 3360 2970 γάρ
3397 2899 3648 2966 οὐδαμῶς
3675 2901 3761 2954 διά
3781 2920 3910 2969 χον,-

2340 2998 2525 3067 μάτων
2575 3001 2814 3066 γίνεσθαι
2860 3004 2956 3071 τῆς
2999 3005 3336 3073 χειροτονίας
3377 3006 3476 3075 τὴν
3527 3005 3818 3076 προϐολὴν,
3872 3009 3907 3076 ἢ

2337 3087 2712 3157 ὑποδέχεσθαι,
2734 3089 2854 3142 οὔτε
2881 3092 3027 3163 παρὰ
3050 3091 3138 3144 τοῦ
3161 3093 3366 3161 ταύτην
3387 3095 3758 3162 ἐνεργοῦντος,
3787 3097 3907 3147 οὗτε

2339 3179 2487 3245 παρὰ
2527 3178 2619 3230 τοῦ
2661 3180 2757 3248 τῆς
2805 3184 3136 3249 χειροτονίας
3180 3182 3276 3252 τὴν
3334 3183 3603 3252 προϐολὴν
3646 3185 3901 3253 ὑποδεχο-

684 3266 935 3332 pecunias
961 3266 1204 3318 concedit
1237 3282 1250 3318 :
1282 3265 1518 3318 omnium
1548 3264 1686 3316 enim
1716 3263 1767 3314 in
1807 3263 1905 3314 hac
1933 3276 2146 3331 quoque
2179 3277 2229 3315 re

2341 3266 2525 3334 μένου,
2563 3269 2678 3319 ἀλλ’
2706 3270 2825 3321 οὐδὲ
2869 3248 2974 3340 πρὸ
3003 3270 3194 3341 καιροῦ
3233 3248 3329 3341 τῆς
3371 3248 3700 3343 χειροτονίας
3727 3313 3739 3336 ,

675 3367 792 3405 esse
821 3358 1020 3416 sordes,
1048 3369 1432 3420 munerumque
1473 3352 1865 3417 corruptionem
1901 3353 2227 3419 pronuntiat.

2339 3356 2473 3421 μετά
2503 3356 2590 3407 τὸν
2631 3359 2817 3428 καιρὸν
2844 3361 2943 3427 τῆς
2967 3362 3322 3429 χειροτονίας,
3350 3362 3467 3414 οὐδὲ
3497 3363 3638 3416 κατὰ
3663 3363 3753 3416 τὸν
3783 3380 3904 3416 και-

675 3441 768 3508 ρὸν
800 3443 1070 3511 adsilui};
1101 3443 1450 3512 χειροτονίας,
1481 3441 1618 3509 ὑπὲρ
1649 3440 1743 3508 τῆς
1773 3439 2107 3508 χειροτονίας
2134 3438 2639 3512 δίδοσθαιχρήματα
2671 3453 2961 3517 συγχωρεῖ·
2992 3451 3223 3502 καθόλου
3253 3453 3360 3523 γὰρ
3391 3452 3488 3523 τήν
3511 3455 3602 3505 ἐπὶ
3626 3453 3705 3523 τῷ
3726 3454 3900 3524 πράγ-

677 3547 808 3598 ματι
834 3530 1005 3599 τούτῳ
1033 3530 1352 3599 δωροδοκίαν
1376 3529 1668 3594 ἀπέφηνεν.

747 3615 1007 3678 Quouiam
1041 3624 1215 3666 tamen
1253 3614 1319 3666 iis
1345 3613 1415 3665 ita
1445 3622 1624 3679 aperte
1655 3610 1937 3677 prohibitis
1961 3648 1978 3676 ,
2009 3609 2225 3680 quidam

674 3715 798 3756 sunt
829 3706 881 3756 in
904 3704 1210 3757 Galatarum
1233 3702 1468 3755 Ecclesia
1487 3701 1801 3770 deprehensi
1829 3711 2047 3770 propter
2076 3712 2226 3768 turpe

676 3791 881 3844 lucrum
919 3800 971 3844 et
999 3791 1279 3844 avaritiam
1315 3790 1427 3844 hazc
1459 3790 1711 3843 salutaria
1745 3800 1800 3843 et
1830 3792 2063 3844 humana
2090 3807 2230 3858 pra:-

675 3892 825 3948 cepta
861 3884 1125 3952 negligere
1153 3892 1204 3936 et
1237 3881 1530 3950 transgredi
1564 3893 1659 3934 :ea
1688 3882 2031 3951 quoque1ipsa
2067 3885 2222 3936 nobis

674 3987 933 4025 renovare
966 3974 1134 4025 visum
1173 3982 1255 4026 est
1287 3987 1408 4026 cum
1441 3973 1541 4026 hac
1561 3983 1742 4027 sancta
1771 3973 1992 4040 synodo,
2027 3987 2145 4040 qua:
2168 3974 2218 4023 in

674 4062 777 4116 hac
805 4072 1061 4129 regnante
1089 4077 1222 4115 nova
1256 4061 1445 4124 Roma,
1489 4077 1627 4117 nunc
1661 4062 1771 4129 agit
1801 4079 1812 4114 :
1849 4073 1904 4115 ut
1935 4065 2052 4118 sine
2083 4063 2225 4115 omni

674 4152 886 4218 penitus
944 4150 1248 4202 inventione
1273 4187 1288 4210 ,
1325 4158 1380 4202 et
1428 4149 1572 4203 omni
1605 4157 1862 4217 praetextu
1884 4191 1897 4214 ,
1928 4151 2228 4218 callidoque

674 4249 980 4293 commento
1004 4279 1019 4302 ,
1050 4239 1268 4306 impiam
1304 4239 1443 4292 banc
1472 4248 1523 4292 et
1575 4239 1843 4300 odiosam.
1875 4255 1990 4307 qua:
2044 4242 2225 4294 nescio

675 4331 940 4397 quomodo
964 4329 1014 4380 in
1044 4327 1411 4381 sanctissimas
1435 4327 1699 4382 Ecclesias
1725 4329 1905 4390 subiit,
1945 4341 2232 4383 consuetu-

675 4421 849 4474 dinem
875 4420 1090 4472 omnino
1121 4419 1538 4483 exscindamus;
1565 4428 1621 4471 ut
1648 4435 1767 4472 cum
1794 4435 1924 4487 pura
1949 4430 2002 4472 et
2029 4423 2228 4489 absque

674 4511 776 4561 ulla
806 4511 1197 4577 caupouatione
1227 4523 1417 4561 eorum
1445 4511 1532 4576 qui
1578 4509 1912 4574 ordinantur,
1954 4512 2226 4564 renuntia-

2409 3618 2593 3688 Ὅμως
2628 3621 2817 3693 ἐπειδὴ
2842 3622 2958 3684 νῦν,
2991 3621 3165 3674 καίτοι
3206 3624 3488 3694 προδήλως
3513 3625 3721 3679 τούτων
3754 3627 3899 3681 οὕτω

2337 3708 2746 3779 κεκωλυμένων,
2775 3713 3134 3782 ἐφωράθησαν
3163 3731 3306 3776 τινες
3334 3715 3474 3766 κατὰ
3511 3715 3620 3767 τῶν
3640 3717 3898 3769 Γαλατῶν

2332 3798 2742 3868 ὀλιγωροῦντες,
2770 3804 2861 3856 καὶ
2886 3803 3312 3873 παραϐαίνοντες
3341 3805 3404 3855 δι’
3425 3807 3898 3874 αἰσχροκέρδειαν,

2334 3890 2426 3940 καὶ
2449 3891 2827 3962 φιλαργυρίαν
2851 3895 2916 3946 τά
2939 3895 3178 3963 σωτήρια
3204 3896 3395 3957 ταῦτα,
3424 3897 3516 3948 καί
3538 3897 3901 3965 φιλάνθρωπα

2341 3982 2797 4049 παραγγέλματα,
2832 3979 2889 4035 εὖ
2917 3983 3056 4051 ἔχειν
3083 3985 3228 4048 εδοξε
3252 3986 3343 4037 καὶ
3376 3987 3505 4054 ἡμῖν
3536 3987 3706 4040 ταῦτα
3741 3989 3902 4039 πάλιν

2337 4069 2746 4123 ἀνανεώσασθαι
2770 4074 2906 4141 μετά
2928 4073 3022 4140 τῆς
3048 4073 3203 4139 ἁγίας
3245 4075 3482 4139 συνόδου,
3513 4079 3613 4145 τῆς
3635 4079 3902 4146 ἐνδημοῦ-

2337 4171 2433 4224 σης
2457 4162 2512 4211 ἐν
2538 4160 2710 4230 ταύτῃ
2730 4165 2797 4229 τῇ
2827 4162 3184 4234 βασιλευούσῃ
3228 4163 3323 4232 νέᾳ
3361 4163 3545 4236 Ῥώμῃ
3571 4205 3584 4229 ,
3615 4166 3755 4219 ὥστε
3781 4170 3903 4235 δίχα

2337 4246 2516 4314 πάσης
2539 4249 2810 4312 ἐπινοίας,
2843 4252 2936 4303 καὶ
2963 4253 3139 4320 πάσης
3174 4254 3526 4322 προφάσεως,
3561 4257 3653 4308 καὶ
3703 4259 3904 4320 παντὸς

2337 4337 2626 4406 σοφισμοῦ,
2664 4339 2760 4408 τὴν
2786 4339 3047 4411 βδελυρὰν
3078 4344 3303 4412 ταύτην,
3340 4343 3432 4395 καί⁵
3463 4345 3637 4414 άσεϐῆ
3667 4346 3768 4398 οὑκ
3802 4348 3904 4399 οἱδ⁶

2336 4426 2479 4488 ὅπως
2505 4429 2922 4483 ἐπεισελθοῦσαν
2947 4433 3234 4501 συνήθειαν
3261 4437 3377 4495 ταῖς
3410 4436 3743 4500 ἁγιωτάταις
3783 4439 3906 4490 ἐκο

2338 4516 2584 4584 κλησίαις
2616 4520 2893 4582 παντελῶς
2938 4522 3209 4589 ἐκτεμεῖν
3261 4525 3345 4574 ἰνα
3396 4525 3613 4593 ἀληθῶς
3679 4528 3905 4595 ἀκαπη·

677 4601 749 4652 tio
777 4600 842 4652 ab
866 4600 1192 4652 antistitibus
1217 4599 1348 4652 facta
1378 4600 1557 4662 fuerit,
1595 4601 1760 4667 gratia
1798 4599 2028 4668 Spiritus
2053 4603 2224 4655 sancti

2335 4603 2521 4656 λεύτου
2545 4643 2560 4667 ,
2605 4607 2700 4656 καὶ
2731 4608 2971 4677 καθαρᾶς
3003 4611 3154 4680 παρὰ
3193 4612 3301 4664 τῶν
3336 4614 3635 4684 ἀρχιερέων
3665 4617 3765 4686 τῆς
3811 4619 3908 4669 ἐπὶ

675 4705 904 4757 superne
954 4691 1150 4742 veniat.
1207 4689 1410 4753 Quibus
1451 4691 1636 4743 nescio
1683 4705 1748 4742 an
1800 4706 1893 4758 per
1941 4693 2218 4759 pecuniam

675 4780 1061 4846 promotioncm
1107 4778 1448 4841 facientibus,
1480 4789 1533 4832 et
1583 4795 1742 4834 manu
1795 4797 1897 4833 non
1931 4796 2059 4848 pure
2096 4797 2224 4848 ope-

678 4880 848 4932 male,
889 4871 952 4922 ad
996 4884 1117 4922 eum
1147 4871 1236 4937 qui
1274 4881 1623 4938 promovetur
1655 4871 1884 4934 accedit,
1925 4872 2218 4925 secundum

680 4973 858 5012 vocem
894 4958 1199 5027 Evangelii,
1255 4969 1310 5012 et
1356 4975 1460 5012 non
1513 4961 1689 5028 potius
1730 4961 2018 5014 retrahitur
2052 4963 2221 5030 gratia

674 5049 838 5101 sancti
872 5047 1124 5116 Spiritus.

745 5227 894 5280 Scias
925 5243 1069 5296 ergo,
1105 5243 1138 5282 o
1169 5226 1250 5281 vir
1284 5227 1686 5293 religiosissime
1713 5236 1768 5278 et
1796 5226 1937 5279 omni
1971 5241 2033 5280 ex
2061 5237 2215 5295 parte

675 5320 1024 5381 sanctissime,
1056 5321 1196 5388 quod
1229 5325 1534 5387 quicunque
1566 5319 1721 5387 hujus
1751 5321 2026 5372 convictus
2057 5319 2211 5374 fueril

675 5410 966 5477 episcOpus,
993 5410 1072 5463 vel
1096 5411 1528 5479 chorepiscopus,
1558 5410 1642 5462 vel
1675 5411 1863 5473 viator,
1885 5409 1966 5462 vel
2000 5411 2218 5480 presby-

674 5509 773 5562 ter,
812 5499 888 5551 vel
926 5501 1204 5564 diaconus,
1235 5501 1314 5553 vel
1343 5500 1517 5568 quivis
1541 5501 1674 5554 alius
1705 5514 1770 5552 ex
1794 5514 2016 5561 canone,
2045 5500 2124 5553 vel
2151 5515 2215 5554 ex

675 5590 855 5648 laicis.
904 5593 1169 5642 communi
1213 5591 1508 5644 antistitum
1571 5590 1804 5653 decreto,
1845 5591 2217 5657 communique

678 5681 931 5734 sententia
985 5683 1372 5735 condemnatus
1425 5691 1536 5741 est,
1573 5681 1711 5734 sicut
1756 5681 1821 5734 de
1856 5681 1954 5733 hoc
2005 5694 2215 5748 quoque

681 5777 986 5821 sanctoruin
1019 5768 1232 5821 Patrum
1253 5771 1560 5834 prrecedcns
1581 5783 1749 5822 canon
1775 5765 2024 5834 loquitur.
2050 5765 2212 5832 Opor-

2335 4692 2442 4744 τῶν
2465 4697 2944 4764 χειροτονουμένων
2972 4700 3326 4770 ἀναρρήσεως
3351 4704 3660 4773 γινομένης,
3698 4705 3906 4757 ἄνωθεν

2337 4780 2370 4849 ἠ
2397 4780 2488 4833 τοῦ
2514 4782 2825 4852 Πνεῦματος
2855 4787 3010 4854 χάρις
3039 4791 3311 4858 ἐπιφοιτᾷ·
3343 4784 3418 4843 ὧν
3447 4791 3542 4844 νῦν
3573 4810 3634 4860 γε
3665 4796 3766 4846 οὐκ
3793 4793 3908 4847 οῑξα

2335 4869 2420 4922 διά
2457 4873 2750 4940 χρημάτων
2777 4875 2874 4942 τὴν
2907 4877 3174 4946 προϐολὴν
3204 4881 3563 4948 ποιουμένων,
3597 4884 3691 4936 καὶ
3721 4886 3782 4935 οὐ
3812 4887 3906 4954 τῆς

2335 4961 2512 5028 χειρὸς
2546 4963 2799 5031 καθαρῶς
2838 4966 3200 5034 ἐνεργούσης,
3235 4969 3486 5040 ἐπιφοιτᾷ
3511 4971 3589 5040 τῷ
3620 4991 3904 5043 προχειρι-

2334 5046 2544 5118 ζομένῳ
2583 5051 2721 5100 κατὰ
2750 5048 2846 5117 τὴν
2880 5051 3060 5120 φωνὴν
3091 5052 3184 5104 τοῦ
3223 5055 3576 5124 κηρύγματος
3600 5097 3614 5120 ,
3649 5062 3744 5109 καὶ
3783 5061 3901 5130 οὖχί

2336 5138 2680 5191 συστέλλεται
2714 5139 2911 5207 μᾶλλον
2948 5143 2978 5209 ἡ
3027 5143 3118 5194 τοῦ
3163 5145 3315 5210 ἁγίου
3367 5146 3686 5215 Πνεῦματος
3719 5152 3900 5217 χάρις.

2406 5228 2540 5280 Ἰσθι
2572 5229 2767 5293 τοίνυν,
2802 5230 2866 5282 τὰ
2906 5233 3080 5286 πάντα
3129 5233 3546 5300 θεοσεϐέστατε,
3589 5239 3768 5291 πάντα
3811 5243 3900 5294 τὸν

2330 5317 2604 5369 ὁντιναοῦν
2635 5318 2921 5387 ἁλίσκομεν
2951 5322 3041 5372 ἐπὶ
3094 5322 3171 5390 τῷ
3195 5325 3417 5393 τοιούτῳ
3441 5326 3546 5378 τινὶ
3577 5327 3897 5393 ἐπίσκοπον,

2333 5403 2364 5471 ἢ
2404 5406 2833 5474 χωρεπίσκοπνν,
2869 5408 2899 5475 ἢ
2936 5409 3308 5479 περιοδευτὴν,
3352 5411 3383 5479 ἢ
3437 5407 3829 5482 πρεσϐύτερον,
3867 5415 3896 5484 ἦ

2331 5493 2588 5556 διάκονον,
2622 5496 2652 5563 ἥ
2683 5495 2838 5548 ἄλλον
2859 5497 2977 5548 τινὰ
3003 5497 3201 5566 δήποτε
3230 5499 3320 5550 τοῦ
3357 5502 3597 5563 κανόνος,
3626 5502 3659 5572 ἦ
3689 5503 3894 5566 λαῖκὺν,

2332 5584 2489 5652 κοινῷ
2535 5585 2762 5654 δόγματι
2798 5586 2905 5639 τῶν
2940 5588 3240 5656 ἀρχιερέων
3277 5591 3710 5660 κατακεκρίσθαι
3735 5633 3748 5654 ,
3805 5595 3893 5645 καί

2329 5676 2478 5743 κοινῇ
2511 5677 2675 5745 ψήφῳ
2702 5717 2713 5736 ,
2754 5677 2934 5738 καθὼς
2981 5680 3102 5746 περί
3143 5679 3329 5732 τούτου
3380 5681 3472 5732 καὶ
3498 5683 3526 5733 ό
3572 5682 3681 5733 τῶν
3729 5684 3893 5744 ἁγίων

2333 5764 2590 5832 Πατέρων
2616 5764 2791 5820 κανὼν
2825 5766 3031 5829 φθάσας
3056 5766 3308 5820 διαλαλεῖ.
3346 5769 3432 5820 Δεῖ
3481 5769 3588 5824 γὰο
3634 5766 3772 5820 εἶναι
3805 5769 3891 5829 χά·
