4110 6526
193 419 289 482 933

1112 415 1191 475 IN
1231 414 1470 478 EPIST.
1509 418 1565 478 S.
1616 418 1897 478 BASILII
1933 417 2034 476 AD
2075 410 2496 475 NICOPOLIT.

3307 400 3418 466 ρει

199 558 278 614 ριν
314 542 408 612 τὴν
445 542 630 612 χάριν,
671 542 762 596 καὶ
804 542 1054 613 μηδαμοῦ
1094 539 1402 608 μεσιτεύειν
1448 541 1577 609 παρ’
1625 542 1759 610 αὐτῇ

1867 552 1928 594 let
1961 545 2101 596 enim
2137 543 2364 610 gratiam
2393 552 2599 604 semper
2630 551 2748 592 esse
2777 533 3023 603 gratiam,
3053 538 3105 583 et
3137 536 3416 594 argentum

199 633 475 704 ἀργύριον.
509 633 692 684 Ἔστω
720 631 898 684 τοίνυν
933 630 1027 684 καὶ
1055 630 1200 684 ἐστιν
1231 632 1632 699 ἀποκηρυκτος,
1664 629 1760 680 καὶ

199 725 366 793 πάσης
397 723 678 792 ἱερατικῆς
701 721 855 786 ἀξίας
883 739 963 784 τε,
987 721 1080 774 καὶ
1099 720 1438 790 λειτουργίας
1461 717 1756 787 ἀλλότριος,

202 818 285 877 καὶ
327 818 397 885 τῇ
432 816 650 884 κατάρᾳ.
686 813 778 866 τοῦ
824 813 1164 881 ἀναθέματος
1195 811 1556 880 ὑποκείμενος
1582 850 1596 874 ,
1631 810 1659 862 ὅ
1701 826 1758 862 τε

199 902 392 970 ταύτην
427 904 657 956 κτᾶσθαι
695 902 780 955 διὰ
814 901 1110 971 χρημάτων
1141 899 1415 968 οἰόμενος,
1449 900 1539 951 καὶ
1569 900 1597 950 ό
1626 896 1758 950 ταύ-

200 1009 291 1060 την
311 992 572 1062 παρέχειν
595 994 686 1044 ἐπὶ
715 995 990 1062 χρήμασιν
1015 990 1465 1058 ὑπισχνούμενος,
1491 989 1598 1040 εῖτε
1630 989 1762 1054 κλη-

201 1082 362 1149 ριχὺς,
392 1082 500 1133 εῖτε
537 1081 717 1142 λαῖκὸς
747 1081 861 1150 εἰη,
891 1080 993 1132 κᾶν
1026 1078 1317 1146 ἐλέγχοιτο,
1355 1076 1455 1130 κᾶν
1497 1077 1570 1146 μὴ
1602 1076 1763 1142 ἐλέγ-

200 1187 340 1240 χοιτο
389 1174 580 1234 ποιεῖν,
640 1173 720 1224 ὅτι
766 1170 886 1223 οὐδὲ
921 1164 1030 1222 οἷόν
1063 1186 1122 1221 τε
1173 1165 1606 1237 συμσιΰασθῆναί
1639 1182 1764 1218 ποτε

199 1260 263 1312 τὰ
290 1258 556 1329 σύμϐολα,
587 1261 706 1313 οὐδὲ
753 1259 872 1329 Θεῴ
910 1259 1273 1328 συμφωνῆσαι
1304 1257 1397 1309 τὸν
1435 1257 1764 1326 μαμμωνᾶν,

198 1349 231 1420 ἢ
261 1351 385 1412 τοὺς
409 1348 583 1419 τούτῳ
610 1349 956 1412 δουλεύοντας
987 1349 1267 1402 δουλεῦσαι
1291 1347 1430 1416 Θεῷ.
1466 1345 1767 1414 Δεσποτικὴ

198 1440 288 1491 καὶ
321 1437 460 1508 αὕτη
492 1439 636 1490 ἐστὶν
663 1439 933 1506 ἀπόφασις
963 1436 1356 1507 ἀναμφίὸολοςο
1390 1438 1472 1489 Οὐ
1503 1434 1767 1490 δύνασθε

202 1527 315 1592 Θεῷ
347 1529 682 1593 δουλεύειν,
714 1529 810 1580 καὶ
841 1526 1154 1596 μαμμωνᾷ.

266 1617 490 1681 Τούτοις
529 1619 952 1690 ὲπιθαρῤοὒντες
998 1620 1156 1687 ἡμεῖς
1197 1617 1338 1672 κατὰ
1375 1617 1621 1686 δύναμιν.
1675 1617 1768 1669 καὶ

199 1707 402 1770 τούτοις
433 1709 754 1778 ὑπήκοντες,
795 1709 933 1778 μετὰ
959 1708 1052 1761 τοῦ
1095 1708 1267 1760 ταῦτα
1296 1710 1586 1777 φήσαντος,
1627 1706 1768 1759 κατὰ

196 1797 298 1848 τῶν
317 1797 491 1850 ταῦτα
510 1798 968 1867 παρανομούντων
987 1800 1083 1869 τὴν
1101 1799 1376 1866 ἀπόφασιν
1403 1798 1763 1866 πεποιήμεθα.

1864 635 1999 705 apud
2031 651 2147 688 eam
2179 647 2517 702 nequaquam
2578 628 2927 683 intercedere.
2973 621 3056 676 Sit
3099 632 3228 687 ergo
3273 615 3421 670 etab

1863 727 2006 782 omni
2047 723 2370 780 sacerdotali
2404 722 2666 790 dignitate
2707 729 2762 774 et
2789 714 3087 772 ministerio
3116 712 3342 770 alienus,
3369 713 3424 758 et

1864 817 2225 872 anathematis
2261 815 2380 868 loco
2410 813 2683 881 subjectus
2704 850 2716 874 ,
2759 809 2849 878 qui
2878 816 2930 861 et
2959 821 3015 860 se
3044 819 3136 873 per
3165 798 3422 870 pecunias

1866 909 2146 978 acquirere
2170 905 2462 967 existimat,
2493 913 2546 956 et
2570 901 2659 970 qui
2687 913 2804 953 eam
2834 897 3068 966 pecuniis
3098 892 3294 946 habere
3315 887 3423 955 pol-

1869 999 2080 1062 licctur,
2106 998 2219 1050 sive
2248 996 2320 1050 sit
2349 992 2599 1056 clericus,
2632 991 2743 1044 sive
2765 988 2954 1049 laicus,
2985 985 3097 1039 sive
3122 982 3221 1034 hoc
3250 977 3426 1030 facere

1867 1089 2240 1150 convincatur,
2273 1088 2388 1140 sive
2435 1097 2541 1136 non
2579 1096 2593 1134 :
2645 1079 2768 1150 quia
2820 1076 2931 1130 ﬁeri
2981 1090 3084 1127 non
3124 1077 3333 1141 potest,
3368 1070 3426 1115 ut

1868 1177 2189 1232 conveniant
2223 1188 2340 1242 quae
2369 1171 2659 1227 convenire
2695 1175 3000 1235 nequeunt,
3026 1177 3122 1216 nec
3151 1169 3210 1214 ut
3253 1169 3426 1210 mam-

1867 1282 2026 1322 mona
2077 1265 2186 1319 Deo
2217 1263 2554 1326 consentiat;
2591 1259 2674 1314 vel
2704 1268 2762 1312 ut
2792 1257 2878 1325 qui
2920 1254 2968 1308 ei
3009 1251 3282 1312 serviunt,
3315 1245 3422 1299 Deo

1869 1360 2128 1414 serviant.
2170 1357 2376 1410 Domini
2410 1364 2492 1408 est
2529 1350 2817 1411 sententia,
2861 1347 2946 1402 cui
2987 1338 3283 1399 contradici
3315 1349 3423 1391 nan

1864 1459 2040 1522 potest
2071 1465 2090 1504 :
2116 1448 2235 1500 Non
2266 1445 2480 1514 potestis
2504 1441 2611 1495 Deo
2641 1440 2831 1494 seruire
2863 1443 2910 1490 et
2940 1448 3266 1486 mammonae.

1937 1625 2046 1679 Nos
2079 1624 2129 1677 in
2163 1623 2245 1676 his
2287 1635 2380 1690 pro
2422 1619 2625 1671 viribus
2677 1613 3052 1674 consulentes.
3095 1618 3146 1663 et
3176 1609 3255 1662 eis
3303 1619 3413 1663 cre-

1870 1719 2078 1776 dentes,
2113 1728 2234 1766 cum
2265 1725 2328 1764 eo
2365 1711 2451 1778 qui
2479 1709 2591 1762 hare
2620 1705 2786 1769 dixit,
2818 1705 3077 1757 adversus
3105 1715 3198 1754 eos
3236 1699 3324 1766 qui
3372 1697 3422 1752 in

1870 1806 1935 1860 iis
1987 1811 2229 1874 peccant,
2269 1798 2587 1853 sententiam
2637 1795 2978 1863 protulimus.
3013 1790 3126 1843 Tua
3168 1788 3428 1842 sanctitas

198 1885 542 1955 Φροντισάτω
570 1886 624 1938 δὲ
655 1889 750 1938 καὶ
778 1888 810 1956 ἡ
851 1886 917 1956 σὴ
945 1887 1161 1956 ὁσιότης
1195 1887 1282 1940 διά
1320 1886 1500 1956 πάσης
1539 1902 1763 1956 περιφυ-

1872 1873 2053 1949 curant
2083 1899 2254 1959 gerat,
2293 1887 2437 1941 omni
2490 1885 2730 1940 adhibita
2760 1881 3060 1950 diligentia,
3096 1891 3151 1932 ut
3186 1879 3300 1932 haec
3333 1889 3428 1945 per

197 1973 369 2044 λακῆς
399 1974 718 2044 ποιουμένη,
766 1974 902 2045 δῆλα
930 1976 1264 2045 καταστῆσαι
1303 1975 1390 2028 διὰ
1419 1975 1768 2044 ἀντιγράφων

199 2064 290 2117 καὶ
323 2067 438 2126 τοῖς
478 2064 582 2117 ὑπὸ
614 2065 672 2116 σὲ
694 2065 1127 2133 θεοφιλεστάτοις
1166 2064 1482 2128 ἐπισκόποις
1502 2107 1515 2129 ,
1551 2066 1643 2118 καὶ
1675 2082 1769 2117 πε-

199 2153 530 2222 ριοδευταῖς,
563 2155 658 2207 καὶ
690 2159 801 2218 τοῖς
831 2155 1013 2218 ἀλλοις
1037 2156 1259 2209 ἀπασιψ
1294 2155 1381 2208 ῖνα
1413 2159 1470 2209 ὲν
1497 2156 1577 2208 ἑνὶ
1608 2155 1768 2208 πνεύ-

199 2259 328 2310 ματι
351 2282 367 2306 ,
400 2242 492 2294 καὶ
543 2244 640 2313 μιᾷ
672 2243 818 2315 ψυχῇ
851 2245 1052 2308 πάντες
1082 2245 1216 2314 ὁμοῦ
1256 2246 1573 2317 Χριστιανοὶ
1629 2263 1767 2314 συμ-

197 2331 534 2401 φραξάμενοι
573 2333 712 2386 κατά
756 2335 849 2387 τοῦ
897 2335 1078 2388 κοινοῦ
1109 2336 1408 2404 δυσμενοῦς
1459 2335 1767 2404 ίσχύσωμεν

197 2424 293 2475 σὺν
335 2421 456 2491 Θεῷ
477 2461 492 2485 ,
526 2424 624 2492 τὴν
662 2424 752 2477 ὑπ’
783 2425 992 2478 ἐκείνου
1028 2424 1384 2494 φυτευθεῖσαν
1423 2426 1479 2477 ὲν
1514 2425 1642 2493 ἡμῖν
1668 2427 1766 2493 τῆς

196 2511 560 2580 φιλαργυρίας
617 2511 791 2582 ῥίζαν,
845 2515 961 2584 ἅμα
1003 2517 1167 2568 πᾶσιν
1213 2515 1399 2577 αὐτοῖς
1427 2515 1535 2566 τῶν
1583 2513 1766 2566 κακῶν

193 2603 306 2663 τοῖς
346 2599 718 2670 βλαστήμασιν
752 2603 1022 2672 ἐκτεμεῖν.
1072 2605 1259 2657 Πᾶσαν
1301 2603 1400 2674 τὴν
1436 2605 1531 2656 σὺν
1581 2603 1661 2655 σοι
1709 2604 1766 2654 ἑν

191 2687 418 2757 Χριστῷ
456 2689 789 2760 ἀδελφότητα
838 2692 1248 2762 προσαγορεύω.
1317 2692 1653 2762 Ἐρῤωμένος
1703 2691 1760 2743 ἑν

191 2778 386 2846 Κυρίῳ
415 2779 718 2848 ύπερεύχου
747 2781 922 2850 ἡμῶν,
957 2781 1338 2849 θεοφιλέστατε
1370 2783 1585 2849 ἀδελφέ.

270 2867 462 2932 Τούτῳ
489 2866 568 2931 τῷ
603 2869 1027 2939 ἐπιστολιμαιῳ
1065 2873 1226 2939 λόγῳ
1254 2871 1373 2924 σὺν
1399 2874 1558 2934 αὐτῳ
1581 2870 1655 2937 δὴ
1688 2867 1766 2933 τῷ

1871 1984 2193 2052 transcripta
2227 1978 2552 2046 exemplaria
2595 1977 2933 2029 innotescant
2970 1981 3022 2026 et
3064 1968 3426 2025 sanctissimis

1868 2073 2137 2144 episcopis
2168 2071 2254 2138 qui
2287 2069 2379 2121 tibi
2421 2067 2665 2130 subsunt,
2696 2077 2750 2118 et
2777 2062 3175 2132 περιοδευταῖς,
3222 2068 3273 2113 et
3301 2057 3426 2111 allis

1870 2163 2118 2220 omnibus
2149 2178 2163 2214 :
2197 2168 2254 2214 υι
2287 2160 2338 2213 iu
2369 2173 2476 2211 uno
2504 2157 2692 2225 spiritu
2727 2165 2776 2208 et
2806 2169 2908 2206 una
2942 2153 3114 2207 anima
3140 2164 3328 2204 omnes
3352 2149 3428 2202 si-

1871 2255 1979 2309 mul
2012 2251 2294 2318 constipati
2326 2246 2621 2302 Christiani
2651 2249 2908 2298 adversus
2945 2254 3282 2296 communem
3317 2238 3424 2290 ini-

1870 2345 2087 2406 micum,
2114 2340 2208 2394 Dei
2235 2337 2451 2399 auxilio,
2475 2335 2742 2404 possimus
2765 2332 3000 2386 avaritiae
3027 2329 3280 2391 radicem,
3307 2339 3426 2394 quae

1869 2436 1936 2490 ab
1969 2435 2058 2488 illo
2083 2435 2133 2486 in
2162 2430 2312 2484 nobis
2342 2428 2498 2482 insita
2525 2435 2628 2491 est,
2663 2439 2786 2478 cum
2817 2423 3065 2477 omnibus
3093 2433 3278 2473 eorum
3314 2431 3427 2468 ma-

1869 2527 2041 2582 lorum
2073 2521 2406 2593 germinibus
2461 2515 2796 2572 exscindere.
2844 2513 3066 2566 Omnem
3095 2523 3213 2577 qua:
3248 2517 3423 2559 tecum

1869 2629 1951 2674 est
1982 2619 2035 2670 in
2079 2615 2292 2670 Christe
2321 2611 2709 2666 fraternitatem
2739 2606 3051 2662 salutamus.
3082 2599 3258 2654 Fortis
3281 2595 3424 2650 exsi-

1873 2719 2012 2765 ttens
2050 2709 2103 2761 in
2129 2705 2361 2770 Christo,
2382 2717 2472 2757 ora
2497 2716 2591 2769 pro
2613 2698 2788 2759 nobis,
2819 2692 3159 2751 sanctissime
3193 2689 3380 2743 frater.

1944 2882 2077 2934 "uir.
2107 2875 2332 2943 epistola:
2379 2890 2493 2926 cum
2523 2873 2632 2938 ipso
2676 2867 2942 2922 Gennadio
2999 2861 3416 2929 subscripserunt

186 2953 492 3021 Γενναδίῳ
520 2955 873 3027 ὑπέγραψαν
905 2960 1000 3013 καὶ
1033 2964 1085 3014 οι
1113 2960 1516 3028 ἐϐδομήκοντα
1553 2960 1729 3024 τρεῖς.
1790 2970 1831 3025 c
1868 2977 2022 3028 ειξαηι
2057 2968 2385 3035 ερριιιορὶηια
2413 2974 2538 3016 tres.

1777 3118 1846 3130 u—

607 3222 707 3276 ΕΚ
741 3223 877 3276 ΤΗΣ
915 3222 1090 3275 ΠΡΟΣ
1130 3220 1608 3275 ΝΙΚΟΠΟΛΙΤΛΣ
1641 3215 2026 3270 ΕΠΙΣΤΟΛΗΣ
2060 3215 2197 3267 ΤΟΥ
2249 3217 2579 3270 ΜΕΓΛΛΟΥ
2627 3215 3000 3274 ΒΑΣΙΛΕΙΟΥ.

747 3463 906 3533 183
942 3469 1043 3529 EX
1081 3470 1459 3531 EPISTOLA
1500 3469 1750 3532 MAGNI
1789 3471 2076 3531 BASILIl
2113 3473 2217 3532 AD
2260 3472 2892 3536 NlCOI‘OLl'l‘ANOS.

177 3639 247 3692 Ἦ
288 3633 556 3703 ἐπιστολὴ
595 3632 906 3701 διαλέγεται
960 3635 1090 3704 περὶ
1156 3634 1250 3687 τοῦ
1309 3635 1602 3702 ὑπομενεῖν
1656 3633 1750 3686 καὶ

244 3728 584 3798 εὐχαρίστως
601 3726 792 3796 φέρειν
820 3729 948 3788 τοὺς
985 3724 1323 3795 πειρασμούς
1343 3742 1358 3757 ο
1390 3720 1506 3776 εἶτα
1533 3725 1746 3790 ὲπάγει,

245 3820 312 3873 Τί
346 3817 703 3885 πεπόνθαμεν
719 3816 926 3880 δεινόν;
956 3817 1003 3869 ει
1037 3817 1112 3885 μὴ
1131 3815 1269 3883 τάχα
1300 3815 1456 3868 τοῦτο
1484 3815 1750 3884 λυπηρὸν,

245 3913 329 3965 δτι
374 3909 542 3979 μηδὲν
598 3907 975 3977 πεπόνθαμεν,
1027 3907 1163 3978 μηδὲ
1194 3906 1565 3975 ὲνομίσθημεν
1610 3905 1750 3968 ἀξιοι

241 3999 352 4051 τῶν
383 3997 525 4066 ὑπὲρ
574 3996 814 4063 Χριστοῦ
844 3997 1212 4066 παθημάτων.
1243 3997 1304 4050 El
1338 3997 1394 4048 δὲ
1424 3988 1504 4048 ὅτι
1534 3995 1561 4046 ό
1600 3995 1751 4048 δεῖνα

241 4090 470 4159 κατέχει
501 4089 592 4142 τὸν
625 4084 774 4141 οἷκον
831 4091 927 4158 τῆς
985 4087 1317 4157 προσευχῆς,
1374 4087 1535 4155 ὑμεῖς
1576 4085 1630 4137 δὲ
1690 4085 1749 4136 ὲν

244 4181 504 4250 ὑπαίθρῳ
538 4183 899 4250 προσκυνεῖτε
934 4177 1028 4230 τὸν
1057 4176 1292 4249 ούρανοῦ
1341 4181 1433 4231 καὶ
1468 4179 1570 4247 γῆς
1625 4195 1748 4230 ποια

241 4273 401 4340 ητὴν,
433 4271 587 4324 τοῦτο
607 4271 752 4340 ὑμᾶς
805 4273 970 4341 ἀνιᾷ’
1031 4270 1154 4323 ἐνθυ
1188 4271 1372 4340 ’ήθητε
1428 4270 1508 4323 ὅτι
1559 4273 1606 4322 ci
1650 4272 1748 4340 μὲν

241 4364 435 4416 ινδεκα
469 4363 709 4430 μαθηταὶ
737 4363 794 4414 ὲν
833 4361 912 4430 τῷ
945 4361 1182 4431 ὑπερῴῳ
1223 4356 1365 4433 ἦσαν
1426 4361 1752 4414 ύποκεκ).ει‹

239 4451 465 4522 σμένοι·
501 4451 550 4503 ei
579 4450 636 4502 δὲ
676 4447 1096 4518 σταυρώσαντες
1150 4450 1238 4502 τὸν
1300 4448 1505 4518 Κύριον
1571 4448 1628 4499 ὲν
1670 4446 1748 4516 τῷ

242 4559 308 4594 πε
320 4540 554 4611 ριὸοήτῳ
577 4539 689 4608 ναῷ
726 4539 826 4608 τὴν
865 4537 1159 4608 Ἰουδαῖκὴν
1175 4537 1433 4609 λατρείαν
1451 4537 1747 4608 ἐπλήρουν.

253 4634 457 4696 Ἰούδας
497 4632 628 4701 γὰρ,
671 4632 762 4684 τὸν
805 4631 871 4684 δι’
913 4633 1150 4702 ἀγχόνης
1202 4631 1434 4685 θάνατον
1481 4632 1576 4683 τοῦ
1632 4633 1748 4700 μετ’

245 4725 511 4793 αἰσχύνης
552 4723 650 4793 ζῇν
690 4723 1058 4794 προτιμήσας,
1122 4723 1295 4787 ἔδειξε
1335 4723 1476 4792 τάχα
1511 4723 1621 4775 τῶν
1657 4723 1752 4774 νῦν

246 4815 775 4886 ἀπερυθριασὰντων
837 4815 976 4884 πρδς
1023 4815 1203 4866 πᾶσαν
1230 4814 1536 4885 ἀνθρώπων
1583 4815 1752 4868 κατὰ-

247 4926 475 4977 γνωῖιν,
507 4909 598 4960 καὶ
625 4907 714 4960 διὰ
745 4905 904 4960 τοῦτο
935 4907 1172 4967 ἀναιδῶς
1219 4907 1356 4975 πρὸς
1413 4907 1482 4959 τὰ
1549 4908 1752 4976 αἰσχρά

245 5000 622 5066 διακειμένων
646 4999 842 5051 ἑαυτὸν
872 4998 1262 5066 αἱρετώτερον.
1297 4999 1473 5051 Μόνον
1504 4997 1579 5067 μὴ
1605 4999 1752 5050 ἀπα-

245 5090 455 5159 τηοῆτε
489 5088 596 5142 ὑπὸ
627 5089 734 5141 τῶν
779 5088 1147 5157 ψευδολογιῶν
1181 5088 1363 5140 αὐτῶν
1405 5088 1750 5154 ἀπαγγελλοο

250 5185 431 5252 μένων
472 5180 741 5249 ὀρθότητα
778 5181 1036 5243 πίστεως.
1095 5181 1505 5249 Χριστὲμποροι
1542 5181 1650 5248 γὰρ
1698 5180 1748 5230 οἱ

245 5273 506 5334 τοιοῦτοι,
541 5273 637 5324 καὶ
668 5273 786 5341 οὐχὶ
836 5271 1180 5342 Χριστιανοὶ,
1225 5269 1285 5322 τὸ
1333 5269 1422 5323 ἀεὶ
1472 5270 1615 5322 κατά
1660 5271 1750 5322 τὸν

248 5367 364 5436 βίον
393 5364 582 5426 αὐτοῖς
626 5363 944 5416 λυσιτελοῦν
1001 5360 1094 5414 τοῦ
1143 5361 1282 5415 κατά
1326 5360 1590 5429 ἀλήθειαν
1649 5360 1749 5430 ζῇν

247 5454 653 5528 προτιμῶντες.
692 5455 822 5507 Ὀτε
845 5455 900 5506 δὲ
939 5452 1201 5524 ἐνόμισαν
1234 5452 1466 5506 κτᾶσθαι
1519 5459 1619 5521 τὴν
1654 5469 1747 5505 κε-

247 5549 348 5618 νὴν
381 5545 591 5614 ταύτην
623 5545 819 5614 ἀρχὴν,
867 5545 1198 5615 προσέθεντο
1227 5545 1342 5606 τοῖς
1392 5542 1609 5612 ἐχθροῖς
1654 5540 1746 5595 τοῦ

244 5639 420 5690 Θεοῧο
466 5637 556 5688 ὅτε
589 5632 729 5687 εἶδον
785 5636 909 5699 τοὺς
960 5635 1121 5697 λαοὺς
1166 5635 1574 5704 ἀγριαίνοντας,
1611 5651 1746 5702 σχη-

249 5732 578 5803 ματίζονται
610 5728 766 5780 πάλιν
795 5729 892 5797 τὴν
924 5728 1212 5798 ὀρθότητα.
1246 5728 1359 5780 Οὐκ
1383 5721 1499 5781 οἶδα
1541 5729 1588 5780 εί
1627 5726 1746 5778 ἐπί-

242 5841 442 5877 σκοποι
529 5816 664 5886 εἷεν,
729 5819 861 5890 μηδὲ
926 5819 1347 5890 ἀριθμησαέμην
1426 5821 1482 5872 ὲν
1544 5817 1744 5889 ίερεῦσι

1780 4583 1831 4642 D

1856 3629 2092 3698 Epistola
2125 3640 2321 3684 tractat
2355 3635 2419 3685 de
2465 3634 2800 3685 sustinendis
2837 3643 2890 3687 et
2936 3648 3091 3701 mquo
3129 3636 3312 3688 animo
3353 3636 3434 3693 fe-

1924 3721 2547 3788 rendistentatiouibus;
2583 3722 2776 3777 deinde
2825 3723 3278 3794 sulrjungit,Quid
3303 3727 3430 3782 mali

1924 3813 2069 3882 passi
2117 3814 2345 3868 sumus?
2388 3816 2490 3870 nisi
2550 3818 2731 3868 forsan
2775 3815 2912 3869 istud
2962 3817 3114 3870 triste
3154 3819 3244 3883 sit,
3285 3820 3428 3888 quod

1935 3905 2072 3963 nihil
2102 3906 2267 3975 passi,
2295 3921 2393 3960 nec
2421 3907 2764 3974 passionibus
2794 3922 2889 3974 pro
2908 3905 3124 3962 Christo
3147 3911 3287 3978 digni
3331 3910 3430 3963 ha-

1929 4001 2025 4056 biti
2058 4012 2262 4053 sumus.
2287 3995 2341 4050 Si
2365 4006 2566 4062 autem,
2599 3998 2739 4065 quod
2770 3997 2988 4052 domum
3041 4001 3304 4053 orationis
3339 4016 3431 4055 ue-

1925 4093 2040 4147 scio
2070 4088 2189 4157 quis
2211 4087 2443 4142 detineat
2465 4103 2480 4153 ;
2500 4101 2592 4141 vos
2617 4095 2796 4142 autem
2817 4089 2915 4144 sub
2939 4089 3027 4143 dio
3048 4090 3166 4143 caeli
3191 4101 3243 4144 et
3274 4101 3428 4144 terrm
3452 4103 3456 4109 '

1929 4181 2272 4237 Conditorem
2308 4177 2569 4240 adoratis,
2598 4177 2698 4232 hoc
2727 4193 2823 4234 vos
2850 4180 2987 4234 male
3020 4180 3214 4247 habet;
3247 4183 3428 4236 consi-

1928 4273 2132 4335 derate,
2165 4267 2306 4337 quod
2346 4269 2592 4322 undecim
2629 4269 2848 4337 quidem
2883 4269 3132 4339 discipuli
3174 4282 3329 4325 erant
3373 4273 3426 4327 in

1928 4359 2208 4417 caenaculo
2232 4358 2423 4413 inclusi
2456 4375 2469 4411 :
2499 4359 2588 4428 qui
2619 4370 2796 4415 autem
2829 4361 3112 4415 Dominum
3144 4365 3429 4417 crucifixe-

1930 4461 2058 4508 runt
2097 4452 2150 4506 in
2183 4450 2387 4504 celebri
2417 4450 2614 4519 templo
2639 4451 2923 4507 Judaicum
2955 4454 3159 4507 cultum
3198 4469 3427 4523 perage-

1929 4547 2080 4602 bant.
2106 4545 2277 4603 Judas
2299 4549 2465 4605 enim.
2500 4545 2588 4610 qui
2620 4545 2913 4614 suspendio
2939 4547 3100 4599 vitam
3129 4546 3281 4600 finire
3309 4561 3425 4600 ma-

1923 4640 2024 4696 luit
2045 4658 2204 4710 quam
2229 4641 2493 4695 dedecore
2511 4639 2711 4703 vivere,
2735 4638 2970 4693 ostendit
2998 4654 3054 4692 se
3083 4641 3151 4693 iis
3173 4654 3292 4693 esse
3316 4653 3428 4694 me-

1922 4732 2131 4796 liorem,
2155 4734 2245 4803 qui
2271 4734 2337 4786 ad
2362 4746 2576 4785 omnem
2602 4731 2879 4784 hominum
2913 4732 3421 4786 condemnationem

1924 4823 2153 4877 frontem
2176 4822 2599 4893 perfricncrunt,
2627 4833 2677 4878 et
2704 4823 2823 4878 ideo
2855 4823 3194 4892 impudenter
3219 4823 3283 4876 ad
3308 4839 3426 4877 om-

1923 4916 2012 4969 nia
2038 4916 2215 4971 affecti
2265 4925 2412 4970 sunt.
2451 4917 2649 4969 Eorum
2699 4923 2907 4970 tantum
2963 4913 3422 4986 falsiloquiis,qul

1923 5006 2046 5060 fidei
2113 5007 2489 5061 rectitudinem
2551 5006 2894 5074 profitentur,
2930 5020 2994 5059 ne
3051 5006 3421 5070 sedncamini,

1921 5097 2121 5152 Christi
2151 5097 2292 5151 enim
2324 5105 2715 5166 rauponatores
2750 5107 2874 5148 sunt
2923 5097 2980 5161 ii,
3011 5106 3063 5150 et
3113 5112 3216 5150 non
3262 5097 3420 5151 Chri-

1922 5190 2102 5253 stiani,
2139 5189 2228 5256 qui
2266 5190 2340 5254 id,
2370 5191 2508 5255 quod
2544 5190 2621 5242 eis
2660 5202 2876 5256 semper
2910 5188 2963 5241 in
2998 5188 3103 5241 vita
3143 5197 3226 5243 est
3265 5190 3415 5254 utile,

1927 5296 2065 5335 vera:
2089 5281 2208 5334 vitae
2241 5279 2549 5345 praeferunt.
2578 5279 2801 5345 Quando
2825 5285 3001 5333 autem
3034 5280 3418 5335 existimarunt

1920 5387 1979 5426 se
2029 5386 2182 5441 posse
2237 5372 2337 5424 hoc
2371 5385 2564 5423 vanum
2619 5369 2903 5436 imperium
2965 5371 3267 5438 acquirere,
3320 5370 3414 5428 Dei

1924 5462 2159 5515 inimicis
2200 5459 2359 5513 add'ti
2389 5469 2512 5512 sunt
2541 5477 2554 5513 :
2590 5461 2802 5528 quando
2833 5461 3080 5515 viderunt
3111 5463 3411 5518 concitatos

1924 5547 2163 5617 populos,
2193 5561 2380 5600 rursus
2413 5546 2784 5599 rertitndincnt
2815 5546 3092 5604 simulant.
3125 5547 3316 5603 Nescio
3342 5564 3409 5602 an

1923 5641 2029 5692 sint
2072 5636 2329 5705 episcopi.
2375 5651 2473 5689 nec
2525 5637 2574 5689 in
2616 5637 2815 5690 Christi
2863 5640 3233 5695 sacerdotibus
3282 5657 3407 5697 cum

1921 5726 2466 5794 enumeraverim,qui
2495 5742 2522 5779 a
2569 5726 2812 5797 profanis
2845 5729 3096 5785 manibus
3132 5730 3196 5785 ad
3231 5732 3328 5788 hoc
3353 5743 3410 5790 ut

1921 5821 2143 5891 prccsint
2175 5819 2227 5873 in
2251 5817 2660 5877 dissolutionem
2694 5818 2814 5874 fidei
2851 5826 3134 5889 promotus
3160 5835 3261 5884 est.
3300 5825 3411 5886 llos
