4110 6458
557 398 661 488 939

1782 397 2056 456 THEUD.
2105 396 2586 458 BALSAMONIS
2625 413 2628 416 η

3717 410 3820 472 940

553 509 715 562 bitum
761 516 837 560 est
878 521 898 559 :
926 506 996 558 ad
1019 505 1188 559 altare
1223 517 1398 559 autem
1439 510 1679 559 accedere
1717 520 1810 573 pro
1850 505 2133 557 accenden-

2243 504 2346 558 τοῦ
2378 507 2774 575 ἀναγνώστου
2826 511 3160 578 ὑπηρεσίας
3236 519 3571 570 κεκώλυται
3606 519 3708 572 ’τὸ
3757 517 3818 572 δέ

553 601 632 661 die
659 600 818 655 cereis
851 597 932 652 vel
955 598 1210 663 candelis,
1264 601 1540 663 monac/io,
1588 599 1676 666 qui
1735 597 1879 650 nullo
1927 607 2131 649 tenetur

553 691 788 754 crimine,
843 705 948 743 non
989 689 1240 743 existimo
1297 699 1536 757 Oportere
1572 688 1860 758 prohiberi,
1916 701 2129 756 prop:er

552 782 881 837 monachalis
906 781 1117 834 habitus
1141 781 1490 835 honestatem.

620 961 1040 1020 INTERPRET.
1072 963 1206 1018 Cum
1249 971 1437 1020 sancta
1469 962 1716 1033 synodus
1766 970 1918 1016 recte
1962 970 2016 1014 et
2049 960 2130 1014 di-

551 1055 802 1111 vinorum
829 1070 1098 1110 canonum
1127 1056 1408 1110 traditioni
1436 1055 1826 1110 convenienter
1849 1055 1914 1107 ad
1952 1053 2128 1107 inter-

549 1148 887 1216 rogationem
921 1148 1283 1218 responderit,
1303 1149 1556 1202 dixerunt
1579 1147 1819 1216 quidam,
1852 1147 1992 1215 quod
2013 1160 2129 1200 mo-

550 1236 754 1292 nachos
798 1237 1013 1307 quidem
1069 1237 1160 1307 qui
1220 1237 1445 1292 lectoris
1481 1237 1856 1292 characterem
1883 1251 1984 1288 non
2036 1249 2128 1288 ac-

550 1329 830 1398 ceperint,
848 1331 904 1383 in
935 1330 1164 1384 amboue
1184 1345 1291 1384 non
1314 1329 1514 1401 legere,
1548 1328 1917 1383 indistinctum
1933 1334 2015 1381 est
2040 1345 2051 1380 :
2072 1336 2130 1380 ut

552 1425 730 1472 autem
761 1418 988 1486 quilibet
1022 1417 1206 1471 habitu
1242 1417 1564 1472 monachico
1616 1416 1838 1471 indutus
1873 1419 1937 1469 ad
1963 1416 2130 1470 altare

550 1508 796 1572 accedat,
827 1523 934 1563 non
959 1509 1272 1563 indistincte
1294 1508 1610 1578 accipietur.
1631 1507 1736 1562 Sed
1763 1507 2016 1576 quoniam
2039 1521 2130 1561 ca-

551 1611 658 1652 non
682 1599 751 1654 49
784 1615 904 1669 syn.
933 1601 985 1654 in
1035 1593 1222 1654 Trullo
1258 1601 1456 1654 statuit
1494 1599 1661 1654 laicos
1713 1614 1819 1652 non
1873 1613 2028 1668 posse
2062 1600 2127 1652 ad

549 1699 799 1746 sanctum
835 1691 1007 1746 altare
1051 1691 1352 1757 accedere;
1407 1691 1454 1746 si
1484 1692 1528 1745 is
1557 1691 1774 1760 quidem
1810 1692 1900 1759 qui
1941 1703 2128 1744 mona-

549 1783 694 1839 cbali
727 1783 912 1836 habitu
945 1783 1198 1852 dignatus
1232 1793 1336 1848 est,
1369 1793 1647 1837 tonsuram
1673 1781 1838 1836 etiam
1865 1789 1949 1835 est
1975 1794 2129 1834 assc—

2235 599 2322 662 είς
2350 600 2790 668 θυσιαστήριον
2807 603 3066 657 είσιέναι
3093 606 3268 673 χάριν
3287 611 3575 676 ὑφάψεως
3611 612 3818 676 κηρίου

2232 689 2271 757 ἦ
2307 691 2620 758 κανδήλας
2689 694 2796 746 τὸν
2845 696 3063 763 μηδενὶ
3111 699 3442 770 ἐγκλήματι
3494 703 3818 771 γενόμενον

2232 782 2456 852 ἔνοχον
2504 787 2617 838 οὐκ
2647 788 2808 854 οἶμαι
2837 788 2972 840 δεῖν
3003 791 3350 860 κωλυθῆναι
3397 795 3495 848 διὰ
3551 795 3668 863 τὴν
3716 796 3817 850 τοῦ

2225 880 2573 946 μοναχικοῦ
2605 881 2922 948 σχήματος
2963 885 3326 950 σεμνότητα.

2313 970 2582 1025 EPMHN.
2629 973 2826 1034 Καλῶς
2860 974 2952 1025 καὶ
2987 976 3130 1027 κατὰ
3157 975 3258 1046 τὴν
3291 976 3400 1027 τῶν
3433 977 3596 1030 θείων
3649 979 3809 1031 κανί-

2231 1080 2338 1118 νων
2371 1065 2671 1132 παράδοσιν
2700 1066 3151 1136 ἀποκριναμένης
3181 1068 3282 1135 τῆς
3353 1068 3517 1135 ἁγίας
3598 1068 3816 1122 συνόδου

2237 1157 2377 1226 πρὸς
2412 1155 2511 1226 τὴν
2539 1156 2830 1227 ἐρώτησιν,
2863 1154 3018 1210 εἶπόν
3053 1176 3196 1221 τινες
3236 1160 3309 1221 ὡς
3342 1162 3402 1212 ex
3445 1161 3547 1230 μὲν
3578 1162 3650 1231 μὴ
3686 1164 3818 1215 άναο

2231 1245 2520 1316 γινώσκειν
2577 1248 2665 1301 ἐπ’
2697 1248 2951 1318 ἀμϐωνος
2987 1252 3112 1313 τοὺς
3159 1251 3233 1321 μὴ
3277 1252 3541 1315 λαϐόντας
3572 1253 3814 1318 ἀναγνώ-

2229 1353 2358 1390 στου
2393 1338 2670 1408 σφραγῖδα
2697 1341 2967 1409 μοναχοῦς
2998 1341 3342 1394 άδιάστικτόν
3374 1344 3489 1394 ἐστι
3513 1362 3526 1375 ο
3563 1343 3622 1395 τὸ
3647 1343 3701 1395 δὲ
3727 1345 3814 1395 ὲν-

2229 1429 2542 1500 χωρηθῆναι
2569 1431 2743 1484 πάντα
2777 1432 3248 1503 περιϐεϐλημένον
3303 1435 3489 1502 σχῆμα
3521 1435 3815 1504 μοναχικδν

2227 1521 2454 1573 εἰσιέναι
2487 1521 2565 1585 sl;
2587 1521 2650 1573 τὸ
2681 1521 3071 1593 θυσιαστήριον
3138 1525 3259 1577 οὐδὲ
3309 1525 3674 1587 ἀδιαστῐκτως
3711 1543 3816 1576 πα-

2232 1613 2670 1683 ραληφθήσεται.
2723 1614 2864 1667 Ἀλλ’
2897 1615 3180 1682 ὲπεὶόείν
3243 1617 3424 1670 κανὼν
3478 1618 3578 1684 τῆς
3636 1618 3694 1669 ἐν
3743 1617 3817 1681 τῷ

2229 1704 2492 1774 Τρούλλῳ
2529 1704 2753 1757 συνόδου
2787 1705 3087 1775 διορίζεται
3121 1706 3324 1760 ἄϐατον
3355 1703 3495 1759 εἶναι
3525 1707 3640 1768 τοῖς
3704 1705 3818 1758 λαῖ-

2231 1801 2348 1860 κοῖς
2375 1796 2436 1849 τὸ
2491 1796 2651 1863 ἅγιον
2678 1796 3096 1869 θυσιαστήριον,
3131 1802 3178 1850 ει
3216 1801 3314 1869 μὲν
3346 1803 3373 1852 ὁ
3428 1799 3520 1850 τοῦ
3591 1817 3821 1868 μοναχιο

557 1883 731 1939 cutus,
791 1875 859 1927 ad
904 1884 1152 1927 sanctum
1205 1873 1377 1927 altare
1413 1878 1532 1928 sine
1581 1873 1688 1927 ullo
1741 1871 2130 1942 impedimento

2234 1889 2340 1942 κοιῖ
2367 1890 2651 1960 σχήματος
2717 1891 3078 1954 καταξιωθεὶς
3129 1895 3228 1944 καὶ
3275 1893 3646 1961 άποκάρσεως
3703 1894 3791 1944 ξτυ

559 1966 810 2022 accedet:
846 1966 929 2020 sin
969 1977 1189 2034 propter
1229 1966 1606 2036 probationem
1653 1964 1810 2033 juxta
1867 1980 2128 2030 canones,

557 2058 886 2113 monasticas
914 2059 1154 2113 induerit
1185 2068 1390 2123 vestes,
1421 2073 1558 2127 quas
1590 2060 1753 2112 etiam
1779 2058 1924 2111 inter
1959 2058 2129 2111 trien-

555 2151 696 2203 nium
717 2147 988 2218 deponere
1017 2150 1065 2203 ei
1090 2149 1417 2218 permissum
1447 2156 1554 2213 est,
1579 2149 1644 2202 ad
1671 2155 1923 2201 sanctum
1957 2147 2132 2200 altare

559 2255 651 2311 pro
684 2240 788 2294 ulla
816 2254 981 2296 causa
1024 2254 1132 2293 non
1168 2240 1525 2309 ingredietur,
1564 2249 1623 2292 ut
1671 2239 1761 2306 qui
1796 2237 2042 2292 nondum
2077 2238 2128 2290 in

559 2333 943 2388 monachorum
975 2334 1222 2387 ordinem
1282 2333 1484 2388 relatus
1516 2333 1608 2395 sit,
1637 2332 1729 2384 sed
1761 2331 1936 2383 adhuc
1962 2329 2131 2382 laicus

559 2434 656 2478 εει.
689 2422 1016 2477 Mihiautem
1055 2424 1268 2476 videtur
1299 2439 1404 2477 non
1458 2437 1616 2493 posse
1666 2423 2001 2490 quempiam,
2037 2421 2130 2489 qui

558 2525 771 2568 sanctas
803 2525 980 2568 vestes
1018 2513 1126 2567 ullo
1150 2513 1310 2567 modo
1339 2513 1565 2566 indutus
1593 2521 1699 2579 est,
1737 2527 1832 2566 eas
1867 2511 2127 2580 abjiccre,

558 2617 604 2659 ει
643 2606 876 2660 ludibrio
903 2619 1000 2659 eas
1063 2606 1286 2659 habere.
1327 2602 1446 2658 Non
1497 2605 1640 2658 enim
1695 2603 2008 2658 debetcum
2041 2617 2133 2657 ve-

557 2695 730 2749 stibus
764 2695 1082 2757 monasticis
1116 2695 1355 2764 probari,
1400 2694 1494 2749 sed
1517 2709 1642 2749 cum
1672 2694 1854 2748 habitu
1893 2694 2052 2757 laico,
2079 2702 2132 2746 et

558 2787 681 2840 ideo
721 2787 972 2840 omnibus
1029 2787 1122 2856 qui
1183 2800 1339 2840 sacra
1386 2796 1538 2840 veste
1595 2786 1768 2840 induti
1829 2797 1980 2850 sunt,
2030 2786 2132 2838 erit

559 2875 756 2944 absque
790 2875 900 2929 ullo
944 2876 1258 2944 praeiudicio
1289 2878 1471 2930 aditus
1502 2875 1572 2930 ad
1639 2887 1891 2931 sanctum
1936 2875 2128 2937 altare,

558 2976 616 3020 ut
686 2967 780 3036 qui
826 2967 879 3019 in
934 2966 1196 3020 laicorum
1261 2967 1441 3021 locum
1503 2969 1690 3022 venire
1743 2983 1849 3022 non
1897 2971 2129 3036 possint.

557 3059 694 3129 Lege
723 3057 886 3112 etiam
921 3073 1040 3128 quae
1089 3072 1118 3110 a
1159 3057 1313 3112 nobis
1353 3058 1555 3126 scripta
1601 3068 1729 3113 sunt
1798 3059 1851 3111 in
1892 3075 2014 3112 can.
2055 3059 2121 3112 15

556 3163 673 3219 sytt.
704 3148 754 3201 7.

1013 3323 1540 3386 ῙΝΤΕΒΒΟΗᾹΤΙΟ
1601 3329 1667 3384 ll.

624 3422 834 3477 Annon
863 3434 1095 3493 oporteat
1132 3426 1184 3477 in
1231 3421 1464 3478 Sabbato
1521 3439 1653 3492 genu
1704 3425 1939 3494 ﬂectere,
1987 3428 2124 3482 sicut

558 3531 649 3569 nec
675 3519 728 3568 in
767 3515 1062 3581 Dominico,
1106 3515 1184 3570 vel
1223 3514 1574 3569 Pentecoste?

627 3605 841 3662 RESP.
896 3607 937 3660 A
999 3623 1196 3660 canone
1257 3608 1464 3676 quidem
1515 3626 1618 3663 non
1665 3603 1978 3678 prohibitum
2032 3621 2132 3664 est.

559 3696 716 3751 Multi
741 3709 914 3749 aufem
939 3698 1065 3766 quia
1087 3697 1351 3766 jejunium
1386 3701 1439 3752 in
1464 3697 1695 3754 Sabbato
1721 3717 1822 3754 non
1857 3710 2130 3771 sequatur,

559 3801 649 3840 nec
685 3801 816 3854 genu
847 3787 1082 3854 ﬂectunt.

629 3876 1047 3934 INTERPRET.
1093 3877 1408 3935 Veneranda
1432 3883 1718 3952 responsio
1767 3882 1965 3937 multas
2007 3883 2132 3937 bre-

557 3969 698 4024 viter
745 3973 1205 4028 contradictiones
1265 3974 1535 4029 dissolvit.
1593 3973 1740 4029 Dixit
1789 3955 1934 4029 enim
1991 3975 2133 4046 quod

558 4060 811 4129 quoniam
851 4077 880 4114 a
918 4063 1120 4117 sanctis
1155 4064 1406 4119 Patribus
1435 4080 1538 4118 non
1565 4074 1646 4118 est
1695 4079 1955 4134 expresse
2005 4080 2132 4136 pro-

558 4151 788 4206 hibitum
822 4152 875 4204 in
922 4151 1158 4207 Sabbato
1184 4169 1321 4223 genu
1356 4153 1571 4208 ﬂectere
1610 4155 1751 4209 sicut
1780 4164 1862 4211 est
1885 4155 2136 4225 jejunarc

559 4243 910 4311 prohibitum,
964 4244 1053 4313 qzii
1103 4258 1239 4314 genu
1295 4243 1460 4298 ﬂectit
1511 4262 1616 4301 non
1676 4248 2012 4317 reputabitur
2040 4247 2136 4302 ad-

559 4335 763 4387 versari
794 4335 1189 4390 ecclesiasticis
1215 4338 1617 4404 traditionibus,
1641 4348 1694 4395 ct
1717 4340 1885 4394 multo
1905 4341 2073 4410 magis
2092 4339 2138 4395 εἰ

557 4425 722 4496 216
756 4428 856 4481 hoc
887 4436 1106 4496 propter
1137 4431 1580 4485 exercitationem
1614 4431 1823 4500 iecerit.
1866 4431 2132 4496 Quoniam

560 4530 738 4571 amem
795 4533 824 4570 a
869 4520 1071 4573 sanctis
1121 4519 1368 4576 Patribus
1410 4525 1633 4577 omnino
1671 4533 1795 4577 sunt
1835 4537 2001 4593 prope
2047 4538 2141 4578 ει·
2167 4518 2219 4579 D

561 4620 769 4675 xequata
823 4607 1054 4663 Sabbata
1113 4609 1424 4674 Dominicis,
1474 4614 1637 4682 etqui
1675 4615 1729 4668 in
1780 4615 2131 4686 iisjejuuent,

560 4699 877 4767 puniuntur,
924 4715 1027 4755 nec
1087 4703 1131 4754 ci
1182 4702 1272 4771 qui
1315 4717 1450 4772 genu
1487 4719 1592 4758 non
1641 4704 1832 4771 ﬂectit,
1883 4707 2136 4776 prmjudi-

559 4791 700 4843 cium
749 4789 1026 4845 aﬂ‘eretur.
1056 4791 1196 4845 Dicit
1240 4794 1383 4848 enim
1439 4797 1706 4865 quoddam
1749 4798 1886 4865 juris
1932 4812 2138 4867 praece-

557 4890 708 4950 ptum
756 4883 856 4936 hoc
914 4885 1109 4947 modo,
1160 4883 1278 4940 Non
1327 4901 1487 4942 omne
1536 4889 1678 4958 quod
1733 4904 1841 4946 non
1899 4891 2136 4958 prohibi-

560 4985 693 5037 tum,
725 4976 1045 5043 permissum
1081 4987 1183 5032 est.

1016 5068 1529 5128 INTERROGATIO
1585 5074 1679 5130 ΙΙΙ.

668 5163 749 5216 An
782 5174 1016 5240 Oporteat
1064 5166 1328 5235 jejunium
1345 5169 1404 5221 in
1463 5167 1698 5238 Augusto
1734 5171 2029 5239 peragere?

628 5255 832 5312 RESP.
865 5257 996 5310 Erat
1028 5261 1174 5326 prius
1219 5259 1269 5312 in
1301 5261 1397 5314 Itoc
1442 5271 1670 5328 tempore
1698 5262 1988 5340 jejunium,
2027 5264 2132 5332 sed

565 5349 880 5403 translatum
900 5361 999 5414 est,
1047 5367 1109 5404 ne
1129 5366 1245 5403 cum
1283 5353 1576 5420 gentilium,
1605 5370 1722 5424 qua:
1769 5358 1864 5408 hoc
1897 5364 2126 5423 tempore

564 5439 1016 5510 fiebant,jejuniis
1040 5442 1313 5496 incideret.
1349 5443 1453 5499 Sed
1509 5456 1684 5501 tamen
1740 5448 1914 5501 adhuc
1980 5449 2133 5502 multi

565 5533 796 5585 homines
831 5534 924 5585 hoc
944 5534 1211 5602 jejunium
1231 5535 1504 5604 jejunant.

637 5625 1056 5681 INTERPRET.
1096 5629 1168 5684 De
1202 5631 1304 5686 hoc
1332 5632 1539 5702 jejunio
1581 5633 1873 5702 aliquando
1931 5637 2132 5705 qutesi-

578 5727 686 5770 tum
722 5729 805 5773 est
837 5733 1018 5774 coram
1059 5724 1259 5788 potenti
1291 5731 1345 5778 et
1377 5735 1564 5780 sancto
1597 5735 1784 5782 nostro
1817 5728 2034 5785 domino
2083 5740 2135 5785 et

569 5811 915 5877 imperatore,
981 5823 1246 5879 prasente
1287 5819 1631 5876 sanctissimo
1686 5821 1778 5877 illo
1824 5823 2133 5886 patriarcha

2234 1998 2354 2051 χεν,
2387 1982 2687 2045 ἀκωλύτως
2717 1983 3089 2037 εἰσελεύσεται
3121 1986 3200 2047 εἰς
3227 1985 3288 2037 τὸ
3315 1985 3471 2053 ἅγιον
3527 1986 3821 2054 θυσιαστήι

2238 2091 2354 2144 ριον
2385 2091 2396 2104 ⁶
2433 2077 2480 2126 el
2511 2075 2569 2128 δὲ
2601 2076 2691 2128 διὰ
2733 2075 3068 2146 δοκιμασίαν
3122 2077 3264 2130 κατὰ
3297 2079 3424 2138 τοὺς
3482 2079 3720 2140 κανόνας
3753 2081 3820 2129 τὰ

2240 2166 2514 2235 μοναχικέι
2578 2165 2894 2233 ἐνεδύσατο,
2984 2167 3018 2219 ἃ
3087 2167 3183 2218 καὶ
3258 2168 3619 2221 ἀποτίθεσθαι
3675 2170 3822 2228 ἐντὸς

2238 2259 2486 2327 τριετίας
2521 2257 2862 2329 ἐξεχωρήθη,
2898 2259 3000 2311 οὐκ
3028 2260 3400 2313 εἰσελεύσεται
3433 2263 3514 2322 είς
3568 2261 3628 2312 τὸ
3658 2260 3813 2320 ἅγιον

2241 2347 2636 2419 θυσιαστήριον
2670 2351 2841 2420 χωρὶς
2869 2351 3195 2420 οἱασδήποτε
3221 2350 3651 2416 ὑποθέσεω;,ὼς
3688 2351 3821 2418 μηδὲ

2235 2441 2380 2509 μετὰ
2403 2440 2512 2494 τῶν
2549 2441 2804 2511 μοναχῶν
2832 2444 3288 2513 συνταττόμενος,
3345 2443 3461 2496 ἀλλ’
3491 2445 3571 2495 ἔτι
3604 2441 3678 2494 ὢν
3713 2442 3823 2495 λαῖ-

2233 2531 2352 2592 κός.
2404 2531 2561 2599 Ἐμοὶ
2591 2533 2645 2585 δὲ
2676 2533 2826 2586 δοκεῖ
2848 2534 2934 2586 ὅτι
2969 2535 3029 2586 οὐ
3055 2535 3278 2587 δύναταί
3319 2552 3402 2598 τις
3453 2536 3524 2587 τὰ
3554 2553 3822 2605 μοναχικι

2233 2627 2589 2696 ὁπωσδήποτε
2620 2629 3084 2699 περιϐαλλόμενος
3135 2631 3315 2701 ἄμξια
3369 2631 3526 2700 ῥίψαι
3584 2633 3678 2682 καὶ
3710 2632 3822 2684 διας

2236 2719 2432 2784 παῖξαι
2462 2721 2622 2774 αὑτά.
2653 2722 2727 2773 Οὐ
2756 2721 2866 2791 γὰρ
2893 2723 3031 2789 μετᾶ
3060 2722 3376 2792 μονσχικῶν
3410 2723 3633 2792 άμφίων
3666 2725 3819 2790 ὀφεί-

2236 2809 2316 2862 λει
2351 2811 2776 2880 δοκιμάζεσθαι,
2811 2813 2947 2865 ἀλλὰ
2978 2816 3118 2883 μετὰ
3173 2815 3458 2883 σχήματος
3488 2815 3680 2868 λαῖκοῦ
3711 2815 3820 2868 ·διδ

2236 2905 2329 2954 καὶ
2359 2905 2492 2955 πᾶσι
2523 2907 2640 2966 τοῖς
2662 2904 2722 2955 τὸ
2782 2905 2928 2974 ἱερὸν
2993 2907 3182 2974 σχῆμα
3229 2907 3634 2976 ἡμφιεσμὲνοις
3691 2909 3819 2959 ἁπο-

2240 2992 2606 3060 κριμάτιστος
2652 2993 2862 3062 ἔσταιή
2889 2996 2967 3056 είς
2999 2995 3056 3047 τὺ
3088 2997 3243 3063 ᾰγιον
3279 2996 3674 3067 θυσιαστήριον
3705 3000 3817 3049 εἱσ-

2238 3081 2468 3141 ἐλευσις.
2501 3082 2575 3144 ὡς
2613 3083 2749 3153 μηδὲ
2792 3084 3111 3154 δυναμένοις
3154 3087 3235 3148 είς
3269 3087 3437 3141 τόπον
3477 3087 3656 3140 ὲλθεῖν
3698 3088 3814 3139 λαῖ-

2164 3188 2206 3244 C
2242 3172 2359 3224 κοῦ.
2401 3174 2704 3242 ’Δνάγνωθι
2756 3177 2850 3229 καὶ
2889 3181 2959 3230 τὰ
3008 3177 3140 3248 παρ’
3205 3178 3367 3248 ἡμῶν
3418 3179 3698 3249 γραφέντα
3741 3181 3818 3240 εἰς

2239 3265 2331 3317 τὸν
2365 3265 2430 3316 ιθ⁹
2477 3268 2684 3320 κανόνα
2710 3270 2810 3339 τῆς
2838 3269 2884 3332 ζ’
2923 3271 3168 3324 συνόδου.

2809 3360 3145 3414 ΕΡΩἸῊΣΙΣ
3180 3360 3257 3418 B'.

2306 3456 2374 3508 El
2401 3455 2519 3523 χρὴ
2546 3454 2659 3522 μὲν
2726 3453 2959 3508 κλίνειν
2989 3453 3057 3506 ἐν
3100 3456 3380 3521 Σαϐϐάτῳ
3413 3457 3586 3525 γόνυ,
3618 3454 3818 3522 ὥσπερ

2237 3546 2380 3601 οὐδὲ
2405 3548 2474 3598 ἐν
2490 3543 2758 3613 Κυριακῇ
2790 3545 2826 3613 ἦ
2858 3547 2928 3598 ἐν
2950 3546 3382 3616 Πεντηκοστῇς

2295 3637 2560 3692 ΑΠΟΚΡ.
2614 3638 2747 3690 Ἀπὸ
2787 3637 2894 3690 τοῦ
2921 3640 3182 3704 κανόνος
3199 3637 3316 3707 μὲν
3340 3641 3413 3693 οὐ
3439 3639 3772 3696 κεκώλυται
3801 3655 3815 3669 ο

2235 3732 2290 3784 οι
2323 3729 2541 3782 πολλοὶ
2574 3727 2645 3783 δὲ
2678 3728 2775 3782 διὰ
2792 3731 2858 3784 τὸ
2876 3729 2961 3798 μὴ
2989 3730 3426 3786 ἐπακολουθεῖν
3453 3733 3521 3786 ὲν
3546 3732 3819 3794 Σαϐϐάτῳ

2235 3818 2530 3884 νηστείαν
2552 3816 2694 3870 οὐδὲ
2729 3819 2880 3884 γόνυ
2902 3820 3248 3874 κλίνουσιν.

2306 3907 2568 3963 EPMHN.
2613 3907 2680 3960 Ἠ
2735 3911 3116 3981 προσκυνητὲα
3163 3912 3459 3981 ἀπόκρισις
3511 3915 3580 3967 δι’
3632 3914 3813 3982 ὀλίγου

2236 3999 2438 4063 πολλὰς
2453 3999 2761 4066 ἀντιλογίας
2782 4000 2990 4055 ἔλυσεν.
3015 3998 3146 4056 Eius
3167 4003 3276 4074 γὰρ
3291 4004 3389 4070 ὡς,
3405 4007 3524 4057 ἐπεὶ
3550 4007 3698 4078 παρὰ
3716 4010 3818 4061 τῶν

2235 4091 2408 4158 ἁγίων
2449 4089 2710 4160 Πατέρων
2760 4093 2866 4146 οὐκ
2901 4093 3149 4164 ἐκωλύθη
3193 4096 3376 4166 ῥητῶς
3425 4098 3486 4150 τὸ
3522 4099 3656 4167 γόνυ
3683 4101 3820 4171 κάμ-

2238 4197 2394 4234 πτειν
2420 4185 2561 4234 κατὰ
2591 4184 2660 4235 τὰ
2689 4182 2968 4248 Σάϐϐατα,
3033 4184 3224 4256 ὥσπερ
3265 4187 3328 4239 τὸ
3381 4191 3671 4259 νηστεύειν
3733 4209 3820 4245 κε·

2238 4267 2504 4334 κὼλυται,
2576 4271 2604 4322 ό
2656 4271 2786 4338 γόνυ
2837 4273 3112 4342 κάμπτων
3140 4275 3201 4326 οὐ
3251 4275 3643 4347 λογισθήσεται
3703 4284 3819 4344 ταῖς

2239 4360 2728 4430 ἐκκλησιαστικαῖς
2754 4353 3174 4436 ἐναντιούμενος
3192 4369 3550 4439 παραδόσεσι,
3570 4375 3664 4425 καὶ
3689 4375 3818 4443 μᾶλ-

2241 4452 2334 4505 λον
2368 4453 2528 4524 εἴπερ
2557 4455 2894 4523 τοῦτοκποιεῐ
2945 4457 3032 4510 διὰ
3070 4458 3331 4528 ἄσκησιν.
3363 4462 3486 4515 Ὀτι
3553 4463 3613 4516 δὲ
3674 4466 3819 4534 παρὰ

2244 4543 2353 4597 τῶν
2386 4545 2557 4612 ἁγίων
2591 4546 2854 4616 Πατέρων
2886 4546 3229 4616 ὲξισώθησαν
3257 4549 3436 4602 διόλου
3494 4551 3684 4620 σχεδὸν
3705 4558 3821 4616 ταῖς

2247 4640 2558 4708 Κυριακαῖς
2611 4639 2679 4690 τὰ
2747 4634 3023 4704 Σάϐϐατα,
3103 4639 3200 4694 καὶ
3255 4643 3306 4693 οἰ
3365 4643 3718 4709 νηστεύοντες
3767 4649 3820 4699 ὲν

2235 4727 2449 4791 τούτοις
2483 4729 2832 4793 κολάζονται,
2863 4730 2984 4783 οὐδὲ
3015 4733 3042 4784 ό
3070 4732 3196 4799 γόνυ
3238 4733 3314 4801 μὴ
3356 4733 3632 4802 κάμπτων
3687 4753 3817 4806 προ-

2237 4818 2740 4888 κριματισθήσεται
2763 4837 2778 4851 ·
2813 4823 2930 4890 ἐρεῖ
2953 4823 3064 4891 γὰρ
3092 4827 3319 4892 νομικόν
3346 4841 3402 4877 τι
3429 4827 3814 4896 παράγγελμα,

2235 4908 2376 4963 οὕτω
2395 4909 2692 4976 διεξιὸν,οὑ
2715 4914 2821 4964 πᾶν
2838 4914 2896 4965 τὸ
2916 4915 2990 4984 μὴ
3010 4914 3388 4986 κεκωλυμένον
3404 4915 3818 4988 ἐπιτέτριπται.

2794 5005 3131 5057 ΕΡΩΊῊΣΙΣ
3156 5007 3231 5059 Γ.

2259 5095 2325 5148 ει
2355 5093 2470 5164 χρὴ
2490 5094 2558 5147 ἐν
2618 5094 2699 5160 τῷ
2737 5097 3065 5166 Αὐγούστῳ
3103 5102 3395 5166 νηστείαν
3447 5104 3783 5167 ἐπιτελεῖνς

2316 5187 2584 5241 ΔΙΙΟΚΡ.
2625 5183 2737 5240 Ἦν
2767 5190 2804 5254 ἡ
2834 5193 3090 5257 νηστεία
3141 5197 3437 5260 πρότερον
3473 5194 3544 5248 ἐν
3577 5196 3658 5260 τῷ
3698 5213 3820 5250 και-

2249 5276 2338 5344 ρῷ
2389 5281 2597 5343 τούτῳ,
2648 5280 2932 5347 μετετέθη
2970 5282 3040 5335 δὲ
3073 5283 3169 5336 διὰ
3211 5283 3391 5352 τὸμὴ
3448 5289 3822 5352 περιπίπτειν

2235 5369 2364 5434 ταῖς
2413 5369 2562 5422 κατὰ
2615 5371 2722 5424 τὸν
2765 5373 2975 5439 καιρὸν
3011 5373 3229 5429 τοῦτον
3267 5377 3608 5444 γινομέναις
3669 5379 3820 5432 ἐθνι-

2235 5461 2369 5527 καῖς
2400 5465 2730 5530 νηστείαις.
2769 5465 2943 5532 Πλὴν
2969 5467 3066 5520 καὶ
3097 5468 3185 5521 ἔτι
3209 5469 3431 5523 πολλοὶ
3453 5469 3574 5523 τῶν
3597 5469 3818 5539 ἀνθρώο

2235 5571 2364 5609 πων
2393 5559 2619 5624 ταύτην
2643 5557 2756 5626 τὴν
2783 5562 3078 5627 νηστείαν
3101 5564 3536 5630 νηστεύουσιν.

2306 5647 2566 5701 ΕΡΜΗΝ.
2618 5650 2692 5701 Τὸ
2724 5651 2854 5721 περὶ
2902 5652 3004 5721 τῆς
3044 5653 3301 5723 νηστείας
3345 5656 3553 5726 ταύτης
3579 5657 3818 5728 ἐζητήθη

2241 5737 2376 5790 ποτὲ
2406 5737 2638 5792 ἐνώπιον
2667 5739 2764 5792 τοῦ
2803 5742 3072 5810 κραταιοῦ
3106 5745 3201 5797 καὶ
3233 5745 3393 5813 ἁγίου
3463 5747 3628 5817 ἡμῶν
3659 5747 3817 5819 βασι-

2237 5829 2371 5890 λέως
2399 5832 2539 5899 κατὰ
2577 5833 2881 5896 παρουσίαν
2915 5833 3008 5888 τοῦ
3039 5835 3346 5898 onmem
3404 5837 3618 5893 ἑκείνου
3704 5855 3808 5891 πα-
