4110 6460
175 358 278 424 945

1170 366 1951 429 ιΝΤΕΒΡΠΕΤΑΤΙΟΝΕΞ
1979 369 2396 434 CANONlC/E.

3320 376 3424 438 956

180 473 367 542 ρίσατο
399 490 414 506 ·
453 474 549 529 καὶ
583 475 661 539 ὡς
696 478 921 547 νομίζω,
952 474 1135 540 καλῶς
1165 494 1181 509 ο
1221 480 1341 533 οὑδὲ
1378 480 1487 549 γάρ
1520 480 1744 548 ὑψοῦται

1854 494 2027 539 catur.
2072 484 2213 555 Lege
2249 487 2410 541 etiam
2443 495 2755 541 sanctorum
2784 486 3151 557 apostolorum
3189 504 3316 545 can.
3353 493 3419 546 73

186 567 212 620 ὁ
243 562 410 631 οῐνος,
475 568 613 621 ἀλλά
662 568 824 637 μόνον
887 572 1203 639 ἁγιάζεται.
1283 572 1582 640 ’Δνάγνωθι
1642 573 1751 625 τῶν

178 658 343 723 ἁγίων
418 657 734 714 ἀποστόλων
793 660 992 714 κανόνα
1051 661 1126 731 οβ’
1184 663 1277 714 καὶ
1361 665 1459 733 τῆς
1504 664 1563 715 ἐν
1624 664 1749 729 Ἀγ-

180 749 316 820 κύρᾳ
339 750 563 802 συνόδου
594 750 795 803 κανόνα
817 749 861 813 ζ’
895 753 987 804 καὶ
1008 758 1080 817 η’.
1142 752 1450 822 Σημείωσαι
1498 751 1553 805 δὲ
1599 753 1666 806 τὰ
1693 754 1752 805 ὲν

176 843 237 909 τῇ
268 842 524 911 παρούσῃ
555 843 845 909 ἀποκρίσει
875 844 1263 912 περιεχόμενα,
1308 847 1400 896 καὶ
1454 844 1747 913 θρήνησον,

178 932 287 986 τῶς
319 936 743 1000 καταφρονεῖται
774 934 959 1002 σχεδὸν
988 936 1094 987 ἀπὸ
1124 936 1340 988 πάντων
1396 934 1507 988 τῶν
1560 936 1750 1005 ἱερέων

178 1020 206 1085 ἡ
264 1019 479 1090 δαπάνη
537 1038 645 1074 των
707 1025 781 1095 μὴ
835 1024 1135 1093 ὑψωμὼων
1208 1042 1535 1095 προσφορων
1566 1043 1580 1058 ·
1668 1027 1750 1080 ὅτι

176 1108 390 1193 πλείους
422 1112 536 1180 γὰρ
567 1112 663 1165 καὶ
695 1115 833 1183 μετὰ
862 1118 1112 1185 κρεάτων
1142 1117 1411 1170 ἐσθίουσιν
1436 1117 1623 1184 αὑτάς,
1654 1116 1749 1172 καὶ

176 1197 525 1269 ἀλλοτρόπως
555 1204 974 1258 κοινοποιοῦσιν.

767 1297 1104 1354 ΕΡΩΤΠΣΙΣ
1140 1304 1231 1368 ς’.

243 1385 311 1437 Ei
335 1384 726 1448 ὁπουδήποτε
750 1388 1077 1457 ἀποκαρεὶς
1124 1396 1393 1461 μογαχός
1452 1410 1544 1459 τις
1591 1394 1737 1457 β.ὶά-

175 1494 377 1531 πτεται
400 1479 556 1534 κατά
584 1498 638 1533 τι
672 1484 913 1550 συμϐὰν
941 1485 1239 1553 ψυχικῶς.
1301 1488 1395 1540 καί
1445 1488 1745 1555 ,βουλόμε-

174 1587 276 1636 νος
296 1570 690 1639 ὑποχωρῆσαι
719 1571 993 1641 δεσμηθῇ
1022 1578 1181 1643 παρὰ
1212 1577 1317 1631 τοῦ
1349 1581 1571 1633 οἰκείου
1605 1595 1747 1645 προ-

173 1661 449 1727 εστῶτος,
480 1664 538 1717 τί
560 1663 840 1732 aestivat;
872 1665 982 1735 τῆς
1014 1668 1250 1737 βλάϐης
1275 1672 1743 1741 καταφρονήσει,

177 1758 211 1824 ἢ
239 1756 345 1809 τοῦ
380 1758 619 1827 δεσμοῦ
643 1774 663 1821 ,'

1854 578 2115 648 ctsyuodi
2144 580 2438 650 Ancyram:
2495 593 2615 634 can.
2651 578 2681 630 7
2725 589 2779 632 et
2820 578 2874 637 8.
2930 577 3197 635 Observes
3235 593 3415 637 autem

1853 683 1973 737 qua:
2016 670 2067 720 in
2109 668 2360 735 pru‘senti
2419 668 2771 737 responsione
2820 669 3206 734 continemur;
3255 684 3309 726 et
3344 674 3423 727 la-

1854 761 2052 816 mentis
2083 775 2260 825 vaces,
2293 759 2435 828 quod
2496 760 2565 814 ab
2596 762 2846 815 omnibus
2888 764 3273 831 propemodum
3332 778 3421 819 sa-

1853 853 2168 908 cerdmihus
2224 851 2486 919 ueglectui
2543 853 2808 906 habeatur
2852 852 3207 909 exaltatarum
3252 856 3417 926 218

1851 946 2183 998 oblutionmn
2211 945 2551 1010 consumptio
2588 962 2602 998 :
2636 944 2877 1013 plerique
2920 946 3066 1000 enim
3123 962 3215 1001 eos
3250 949 3412 1002 etiam

1851 1050 1976 1089 cum
2012 1037 2270 1091 carnibus
2296 1034 2608 1105 comedunt,
2635 1046 2688 1089 et
2722 1036 2843 1092 aliis
2876 1038 3049 1093 modis
3099 1039 3412 1107 prolanant.

2304 1321 2820 1379 INTERROGATIO
2872 1320 2959 1375 Vl.

1906 1413 1964 1468 Si
1984 1414 2121 1467 ullus
2137 1429 2440 1483 quocunque
2453 1415 2505 1465 in
2523 1414 2638 1466 loco
2656 1420 2839 1467 tonsus
2853 1410 3136 1464 monachus
3155 1410 3208 1465 in
3221 1410 3419 1479 aliqua,

1848 1506 1987 1573 quod
2010 1506 2124 1574 ejus
2154 1506 2390 1559 animam
2427 1508 2670 1575 o/fendit,
2702 1508 2934 1572 (editur,
2983 1516 3030 1561 et
3066 1506 3239 1560 volens
3283 1521 3424 1559 rece-

1847 1596 1988 1659 dere,
2024 1616 2053 1650 a
2092 1614 2186 1650 suo
2238 1600 2518 1667 prwposito
2587 1598 2785 1668 ligatus
2816 1598 2998 1665 fuerit,
3051 1597 3176 1668 quid
3223 1596 3424 1667 faciet?

1847 1689 2097 1740 damnum
2120 1699 2434 1755 contemnet,
2477 1706 2546 1743 an
2577 1688 2847 1743 vinculum
2871 1690 2896 1744 .’

236 1851 501 1903 ΑΠΟΚΡ.
569 1851 690 1919 Χρὴ
743 1855 954 1909 τοῦτον
1011 1855 1214 1923 λέγειν
1282 1853 1360 1917 τῷ
1417 1853 1743 1922 προεστῶτι

1917 1864 2128 1922 RESP.
2190 1868 2402 1936 Oportet
2446 1883 2563 1923 eum
2622 1866 2796 1923 dicere
2838 1868 3118 1935 praeposita
3172 1882 3329 1935 quam
3359 1866 3421 1920 ob

176 1938 247 1992 δι’
273 1940 304 1994 ὃ
323 1941 665 2005 βλάπτεται
696 1959 712 1977 ·
738 1947 834 1999 καὶ
861 1950 912 2001 ει
936 1948 1068 2001 ἐστι
1108 1946 1425 2015 προφανὴς
1461 1945 1745 2012 κίνδυνος

176 2032 241 2085 ἐκ
264 2034 496 2093 τούτου.
538 2037 873 2106 ὑποχωρεῖν
933 2038 1183 2104 ἐκεῖθεν,
1221 2040 1321 2092 καί
1361 2038 1446 2109 μὴ
1486 2038 1593 2093 τοῦ
1648 2038 1745 2091 δε-

176 2128 331 2194 σμοῦ
383 2130 741 2196 φροντίζειν.

244 2219 507 2273 ΕΡΜΗΝ.
552 2221 611 2273 '0
666 2222 853 2289 τρίτος
888 2223 1068 2277 κανὼν
1100 2224 1198 2292 τῆς
1228 2225 1287 2277 έν
1340 2220 1421 2284 τῷ
1474 2222 1586 2291 ναῷ
1635 2221 1744 2277 τῶν

186 2309 382 2376 Ἀγίων
415 2313 762 2366 ⁹Λποστόλων
786 2316 1059 2379 συστάσης
1091 2316 1314 2383 πρώτης
1362 2316 1455 2369 καὶ
1498 2316 1594 2384 τῆς
1622 2317 1744 2369 6w-

175 2400 328 2469 τέρας
348 2403 567 2455 συνόδου
587 2403 942 2474 ἀφορίζεσθαι
964 2405 1258 2474 διορέζεται
1282 2405 1371 2457 τὸν
1400 2406 1747 2475 καθηγούμεο

178 2508 287 2553 νον,
331 2493 407 2561 μὴ
441 2492 819 2562 ἀναζητοῦντα
855 2496 994 2563 μετά
1052 2498 1373 2562 ἐπιμελείας
1423 2498 1516 2549 τὸν
1554 2498 1744 2550 ἀποδι-

174 2583 474 2652 δράσκοντα
505 2588 734 2655 μοναχὸν
752 2586 917 2639 αὑτοῦ
941 2602 956 2619 ο
988 2588 1081 2640 καὶ
1111 2590 1138 2639 ὁ
1164 2589 1206 2641 δ’
1236 2590 1416 2641 κανὼν
1445 2590 1545 2657 τῆς
1574 2590 1745 2657 αὐτῆς

181 2676 395 2728 συνόδου
454 2676 704 2746 ἀφορίζει
740 2678 831 2728 τὸν
859 2679 1027 2747 χωρὶς
1068 2678 1289 2744 εὐλόγου
1346 2679 1527 2741 αίτιας
1583 2696 1744 2745 μετα-

176 2762 439 2821 πίπτοντα
476 2766 730 2836 μοναχδν,
768 2768 978 2820 καὶτὸν
1002 2770 1290 2839 δεχόμενον
1340 2772 1528 2824 αὐτόν.
1580 2772 1743 2823 Ὅθεν

177 2860 265 2912 καὶ
290 2860 321 2925 ἡ
355 2859 489 2925 ἀγία
513 2859 731 2923 σύνοδος
758 2860 1133 2931 ἀπελογήσατο
1162 2864 1236 2932 μὴ
1267 2864 1741 2932 ἀπεριμερίμνως,

180 2948 269 2997 καὶ
297 2947 441 2999 κατά
477 2948 539 2999 τὸ
586 2948 743 3013 δόξαν
776 2949 1071 3002 σκάνδαλον
1102 2952 1180 3003 ἑνὶ
1215 2953 1429 3021 ἑκάστῳ
1480 2954 1589 3003 τῶν
1654 2972 1741 3020 μο-

180 3037 380 3105 ναχῶν,
409 3038 719 3108 ὑποχωρεῖν
742 3040 799 3104 ἐξ
830 3035 897 3110 ἧς
926 3040 1179 3111 ἀπεκάρη
1218 3044 1404 3109 μονῆς,
1436 3042 1571 3095 ἀλλὰ
1611 3044 1741 3095 ἀνα.

178 3129 448 3182 διδάσκειν
470 3129 630 3181 τοῦτο
685 3130 777 3182 τὸν
804 3129 1236 3199 καθηγούμενον,
1268 3131 1361 3183 καὶ
1385 3134 1433 3183 εί
1474 3132 1547 3200 μὴ
1586 3131 1742 3199 τύχοι

177 3221 532 3291 διορθώσεως,
589 3222 896 3291 ὑποχωρεῖν
930 3221 1036 3274 ἀπδ
1103 3225 1200 3288 τῆς
1256 3222 1447 3290 μονῆς,
1518 3223 1611 3275 καὶ
1671 3224 1745 3291 μὴ

181 3310 607 3379 ἐπιστρέφεσθαι
638 3310 731 3363 τοῦ
766 3310 1094 3380 ἡγεμονικοῦ
1127 3310 1350 3380 δεσμοῦ.
1391 3310 1744 3365 Ἐκλαόοὖ“δὶ

179 3402 234 3452 τὸ
269 3402 342 3470 μὴ
381 3401 807 3470 ἐπιστρέφεσθαι
838 3401 1003 3454 αὖτὶν
1033 3401 1125 3452 τοῦ
1165 3400 1364 3469 δεσμοῦ
1435 3405 1515 3462 είς
1577 3401 1637 3452 τὸ
1673 3401 1747 3471 μὴ

181 3489 504 3543 ὑποπτεύειν
535 3490 779 3542 κίνδυνον
811 3494 873 3541 ἐκ
904 3488 1002 3541 τοῦ
1064 3489 1419 3558 ὑποχωρῆσαι
1485 3491 1589 3559 πρὸ
1652 3491 1747 3543 τοῦ

180 3582 523 3648 λυθῆναιοτδν
554 3580 752 3647 δεσμόν
780 3595 793 3609 ’
836 3582 910 3649 μὴ
940 3580 1121 3647 μέντοι
1158 3598 1220 3647 γε
1282 3580 1375 3633 καὶ
1406 3583 1483 3642 είς
1548 3579 1608 3631 τὸ
1654 3596 1747 3645 γε-

180 3671 361 3725 νέσθαι
393 3672 696 3724 αύτὸλυπον
731 3685 745 3699 ·
776 3670 1251 3738 ἀναγκασθήσεται
1283 3675 1391 3740 γὰρ
1433 3670 1749 3739 προσελθεῖν

180 3764 251 3829 τῷ
272 3764 413 3815 κατὰ
442 3760 630 3832 χώραν
656 3763 964 3831 ὲπισκόπῳ,
1003 3764 1095 3814 καὶ
1138 3762 1368 3829 λυθῆναι
1424 3761 1519 3814 τοῦ
1547 3762 1747 3831 δεσμοῦ

182 3854 382 3922 ἥκατά
409 3854 842 3923 παρουσίανκτοῠ
894 3856 1263 3920 ἐπαγαγόντος
1319 3855 1502 3915 αὑτὸν,
1560 3856 1592 3924 ἦ
1654 3856 1750 3907 καὶ

181 3945 388 3996 ἐκείνου
422 3945 572 4014 δίχα,
627 3946 761 4014 μετά
789 3944 885 4017 τὴν
953 3944 1291 4015 μετάκλησιν
1320 3945 1396 4015 μὴ
1452 3944 1748 4014 παρουσιά·

182 4050 387 4097 σαντος.

831 4128 1162 4182 ΕΡΩΤΗΣῑΣ
1198 4133 1270 4183 Ζ’.

253 4216 613 4286 Ἠγούμενος
644 4218 937 4273 τελευτῶν
980 4223 1305 4274 κατέλιπεν
1364 4222 1565 4289 ἕτερον
1615 4223 1747 4275 ἀνθ’

181 4307 415 4371 ἑαυτοῦ,
449 4309 764 4375 δεσμήσας
794 4312 982 4363 αὐτὸν
1004 4311 1088 4378 μὴ
1126 4313 1540 4381 ὑποχωρῆσαι.
1587 4314 1749 4367 Ἀλλ’

180 4396 209 4446 ὁ
240 4395 506 4461 τοιοῦτος
536 4397 869 4465 καταγνοὺς
942 4399 1159 4452 ἑαυτοῦ
1229 4402 1549 4455 ἀσθένειαν
1604 4406 1749 4456 pars.

179 4488 429 4557 χώρησε.
464 4491 523 4544 Τί
554 4491 704 4558 γοῦν
724 4492 840 4559 χρὴ
869 4492 1120 4558 ποιῆσαι
1162 4495 1293 4558 περὶ
1347 4496 1453 4548 τοῦ
1480 4497 1743 4564 δεσμοῦ;
1774 4536 1825 4594 ο
1851 4497 1968 4549 culo
1992 4494 2017 4545 7

244 4579 510 4636 ΛΠΟΚΡ.
584 4584 838 4649 Ἀλογος
897 4587 929 4635 ὁ
974 4583 1222 4652 δεσμὸς,
1268 4586 1366 4639 καὶ
1426 4586 1523 4641 διὰ
1568 4588 1745 4643 τοῦτο

182 4670 635 4740 ἁνίσχυροςοκαὶ
660 4676 693 4727 ὁ
725 4673 1043 4741 δεσμηθεὶς
1069 4676 1515 4741 ἀπολυθήσεται
1542 4679 1743 4747 ἀρχιε-

175 4761 269 4827 ρεῖ
321 4764 702 4830 προσελθὼν,
766 4765 866 4818 καί
934 4767 1007 4819 τὰ
1075 4770 1205 4822 καθ’
1283 4769 1502 4823 ἑαυτὸν
1551 4771 1743 4839 ἀπαγ-

182 4854 401 4921 tre/Jac.

245 4943 509 4997 EPMHN.
577 4943 637 4997 Ὀ
668 4943 751 5012 λβ¹
773 4944 954 5000 κανὼν
982 4948 1091 5003 τῶν
1170 4950 1345 5016 ἁγίων
1416 4952 1733 5007 ἀποστόλων

186 5036 313 5101 φησὶ
338 5037 431 5086 τδν
456 5035 818 5104 ἀφορισθέντα
841 5038 971 5107 παρ’
1005 5041 1305 5095 ἐπισκόπου
1357 5044 1431 5114 μὴ
1487 5043 1738 5113 δέχεσθαι

184 5123 307 5190 παρ’
344 5124 531 5193 ἐτέρου
568 5127 689 5178 ἀλλ’
724 5127 756 5195 ἢ
798 5131 947 5198 παρά
975 5129 1069 5182 τοῦ
1144 5132 1504 5199 ἀφορίσαντος
1556 5137 1740 5200 αὐτὸν,

186 5215 229 5265 εί
265 5216 336 5283 μὴ
364 5216 512 5269 κατὰ
556 5217 862 5288 συγκυρίαν
888 5219 1204 5288 τελευτήσει
1227 5225 1256 5275 ό
1306 5225 1575 5292 ἀφορίσας
1612 5228 1740 5281 τοῦ·

184 5320 289 5358 τον.
316 5306 473 5358 Κατά
517 5307 649 5373 γοῦν
688 5307 787 5376 τὴν
810 5308 999 5361 τούτου
1038 5312 1331 5380 περίληψιν
1359 5315 1741 5383 ἀπελογήσατο

173 5393 216 5462 Δὴ
247 5395 371 5457 ἁγία
406 5394 628 5458 σύνοδος
664 5397 755 5447 τδν
783 5398 1077 5465 ἀνεύλογον
1099 5400 1298 5470 δεσμὸν
1340 5404 1432 5456 τοῦ
1489 5406 1740 5477 τελευτή-

188 5498 373 5545 σαντος
432 5486 854 5553 καθηγουμένου
938 5486 1158 5540 λύεσθαι
1218 5492 1368 5560 παρά
1433 5494 1736 5562 ἀρχιερέως

185 5574 393 5636 πάντως
445 5576 543 5626 τοῦ
593 5580 731 5628 κατά
765 5577 969 5648 χώραν.
999 5580 1074 5632 Οὐ
1135 5583 1240 5651 γὰρ
1296 5583 1511 5653 ἐνεδόθη
1543 5587 1735 5655 ἑτέρας

188 5664 398 5734 ένορίας
439 5667 687 5736 ἀρχιερεῖ
714 5668 859 5721 λύειν
902 5671 1098 5739 δεσμὸν
1144 5672 1580 5749 καθηγουμένου,
1659 5678 1734 5750 μὴ

191 5754 551 5827 ὑποκειμένου
577 5758 741 5827 αὐτῷ.
775 5758 885 5813 Ναὶ
914 5760 941 5811 ὁ
978 5763 1075 5829 μὲν
1102 5762 1407 5833 παράλογος
1433 5768 1573 5835 ἀφορ
1600 5768 1735 5836 σμὸς

1854 1974 1957 2012 rem
1989 1959 2241 2013 laeditur:
2266 1969 2313 2011 et
2342 1959 2389 2012 si
2432 1968 2508 2013 est
2534 1973 2600 2012 ea:
2624 1974 2683 2012 eo
2730 1960 3071 2028 manifestum
3111 1956 3422 2027 periculum,

1852 2052 2109 2116 recedere,
2143 2058 2191 2103 et
2218 2049 2480 2104 vinculum
2500 2066 2605 2104 non
2634 2066 2845 2105 curare.

1924 2229 2343 2286 INTERPRET.
2390 2229 2609 2286 Tertius
2647 2245 2821 2285 canon
2862 2230 3052 2300 primm
3076 2236 3127 2283 et
3168 2227 3423 2282 secundm

1851 2340 1970 2393 syn.
2014 2325 2067 2378 in
2101 2324 2299 2392 templo
2336 2322 2437 2377 SS.
2475 2322 2841 2388 apostolorum
2896 2320 3114 2385 habitae,
3146 2318 3419 2378 decernit,

1854 2424 2250 2484 utsegregetur
2286 2413 2604 2468 monasterii
2634 2414 2975 2481 praepositus,
3002 2412 3094 2479 qui
3133 2410 3423 2477 diligenter

1854 2523 1959 2560 non
2016 2505 2246 2577 requirit
2302 2505 2625 2559 monachum
2673 2518 2829 2557 suum
2890 2503 2981 2572 qui
3052 2502 3311 2571 aufugit:
3369 2508 3422 2554 et

1851 2606 2076 2663 quartus
2093 2610 2270 2650 canon
2299 2594 2539 2662 ejusdem
2570 2592 2760 2663 synodi
2798 2599 3053 2661 segregat
3096 2590 3421 2643 monachum

1851 2689 1941 2757 qui
1971 2687 2244 2753 smeiusta
2296 2701 2461 2741 causa
2514 2686 2737 2749 recedit,
2779 2693 2827 2737 et
2872 2698 2995 2738 eum
3027 2684 3115 2753 qui
3154 2682 3298 2736 illum
3342 2695 3429 2734 re-

1851 2780 2000 2848 cipit.
2037 2777 2187 2833 Unde
2221 2778 2382 2832 etiam
2412 2778 2468 2831 S.
2490 2791 2608 2846 syn.
2639 2773 2923 2844 respondit
2978 2789 3088 2828 non
3118 2772 3424 2827 inconsideo

1853 2883 1968 2925 rate
1990 2882 2044 2924 et
2110 2885 2208 2939 pro
2275 2885 2337 2922 ea
2396 2885 2514 2938 qum
2563 2869 2665 2923 sibi
2726 2869 3041 2936 apparuerit
3100 2866 3423 2924 oﬂ'ensione.

1853 2962 2014 3013 licere
2063 2959 2355 3025 unicuique
2382 2958 2647 3011 monacho
2703 2971 2767 3010 ex
2831 2970 2896 3010 eo
2952 2970 3061 3022 quo
3116 2964 3302 3009 tonsus
3342 2965 3426 3008 est

1854 3049 2187 3102 monasterio
2213 3047 2465 3102 recedere
2492 3063 2505 3098 :
2535 3046 2627 3100 sed
2662 3045 2763 3099 hoc
2813 3043 3159 3113 praepositum
3206 3044 3420 3103 docere.

1852 3149 1905 3192 ct
1931 3139 1971 3190 si
2007 3152 2111 3190 non
2144 3136 2537 3190 correctionem
2569 3144 2848 3188 assecutus
2885 3134 2977 3195 sit,
3012 3148 3042 3187 a
3090 3132 3426 3186 monasterio

1852 3232 2128 3291 recedere,
2160 3238 2216 3282 et
2244 3226 2446 3280 vinculi
2512 3227 2594 3281 sui
2648 3225 2923 3294 praepositi
2981 3222 3184 3278 nullam
3238 3237 3423 3278 curam

1852 3320 2070 3374 habere.
2105 3318 2300 3387 Accipe
2349 3327 2529 3370 autem
2564 3315 2694 3369 illud
2742 3315 2940 3370 vinculi
3005 3315 3207 3372 nullam
3240 3329 3425 3369 curam

1854 3412 2053 3465 habere
2088 3408 2153 3461 ad
2187 3410 2309 3473 hoc,
2367 3418 2423 3459 ut
2457 3422 2565 3460 non
2598 3407 2908 3475 suspicetur
2940 3406 3159 3475 aliquod
3182 3406 3283 3459 sibi
3325 3408 3399 3460 im

1853 3502 2061 3553 minere
2093 3498 2413 3567 periculum,
2444 3512 2509 3550 eo
2536 3497 2676 3564 quod
2705 3496 2993 3550 recesserit
3017 3506 3307 3563 antequam
3349 3495 3421 3549 sit

1853 3592 2086 3645 solutum
2115 3590 2383 3643 vinculum
2412 3606 2424 3641 :
2462 3604 2569 3641 non
2596 3591 2759 3642 etiam
2784 3589 2851 3642 ad
2887 3588 3011 3653 hoc,
3065 3598 3122 3640 ut
3150 3588 3263 3655 ipse
3313 3600 3408 3655 per

1854 3698 1913 3736 sc
1940 3681 2275 3735 absolvatur;
2301 3678 2535 3748 Cogetur
2558 3680 2701 3732 enim
2748 3679 3006 3734 accedere
3060 3680 3125 3733 ad
3178 3678 3279 3730 loci
3310 3676 3423 3742 cpi~

1853 3788 2097 3839 scopum,
2136 3781 2188 3823 et
2217 3771 2419 3824 absolvi
2446 3787 2474 3823 a
2510 3771 2748 3835 vinculo,
2780 3771 2861 3825 vel
2900 3786 2966 3825 eo
3010 3775 3276 3837 praesente
3327 3769 3419 3835 qui

1853 3866 2126 3932 imposuit,
2198 3864 2279 3916 vel
2314 3863 2478 3916 etiam
2512 3862 2633 3917 sine
2692 3862 2807 3928 illo,
2868 3873 3156 3933 postquam
3203 3869 3425 3915 vocatus

1856 3971 1965 4010 non
2001 3952 2258 4008 adfuerit.

2307 4119 2824 4177 INTERROGATIO
2857 4119 2963 4178 VII.

1926 4221 2157 4274 Moriens
2187 4218 2498 4287 praepositus
2540 4216 2750 4284 reliquit
2775 4231 2868 4284 pro
2892 4230 2945 4267 se
2999 4213 3186 4276 alium,
3243 4210 3306 4262 ab
3362 4222 3418 4261 eo

1852 4315 2071 4384 ligatum
2100 4328 2160 4364 ne
2198 4312 2471 4364 recederet.
2497 4307 2550 4361 Is
2582 4315 2781 4370 autem,
2817 4321 2915 4357 sua
2943 4301 3305 4356 imbecillitate
3336 4314 3414 4352 co-

1853 4406 2023 4474 gnita,
2059 4401 2291 4455 recessit.
2332 4398 2474 4469 Quid
2536 4399 2713 4465 itaque
2752 4395 3056 4465 faciendum
3094 4402 3168 4445 est
3207 4394 3270 4445 de
3304 4391 3417 4443 vin-

1919 4582 2124 4643 RESP.
2154 4584 2380 4639 Ratione
2413 4590 2552 4636 caret
2581 4578 2865 4643 oincuium,
2892 4585 3047 4644 atque
3090 4575 3205 4628 ideo
3235 4571 3423 4627 invali-

1848 4683 1970 4734 dum
1999 4688 2096 4741 est,
2156 4687 2205 4731 et
2231 4674 2477 4730 accedens
2508 4672 2575 4724 ad
2606 4672 2903 4740 episcopum
2957 4669 3153 4737 ligatus
3186 4662 3422 4719 absolve-

1846 4782 1953 4836 tur,
1986 4787 2104 4825 cum
2133 4785 2231 4823 sua
2265 4769 2312 4821 ei
2341 4766 2661 4835 exposuerit.

1917 4944 2685 5005 lNTERPRET.Tricesitnus
2748 4943 3017 4997 secundus
3071 4954 3243 4996 canon
3295 4952 3420 4993 san-

1845 5052 2055 5098 ctorum
2088 5039 2472 5109 apostolorum,
2497 5035 2630 5089 dicit
2665 5049 2789 5089 eum
2824 5034 2915 5101 qui
2947 5034 3015 5087 ab
3042 5032 3295 5101 episcopo
3330 5043 3419 5085 se-

1846 5142 2100 5205 gregatus
2123 5140 2205 5187 est
2226 5131 2294 5185 ab
2330 5130 2436 5184 alio
2467 5144 2571 5183 non
2603 5127 2825 5196 suscipi,
2859 5134 3216 5195 praeterquam
3254 5123 3321 5177 ab
3347 5136 3413 5176 eo

1844 5225 1935 5295 qui
1970 5226 2145 5293 ipsum
2193 5221 2520 5289 segregavit,
2556 5218 2660 5272 nisi
2714 5218 2855 5271 forte
2913 5227 3155 5269 mortuus
3199 5214 3269 5268 sit
3322 5212 3415 5282 qui

1808 5312 1967 5372 'eum
2017 5314 2341 5383 segregavit.
2407 5312 2558 5365 Sicut
2613 5325 2743 5377 ergo
2788 5323 2853 5361 eo
2911 5305 3416 5376 cumprelicnditur,

1850 5406 2127 5473 respondit
2157 5415 2340 5459 sancta
2389 5403 2629 5473 synodus
2687 5400 2943 5469 injustnm
2991 5397 3267 5452 vinculum
3320 5397 3415 5451 do-

1842 5498 2011 5553 functi
2042 5497 2311 5565 praepositi
2340 5496 2478 5550 solvi
2509 5494 2731 5547 omnino
2769 5494 2835 5547 ab
2868 5492 3119 5558 episcopo
3154 5489 3415 5559 regionis.

1842 5589 2027 5656 Neque
2057 5588 2200 5640 enim
2243 5589 2425 5639 datum
2485 5594 2567 5640 est
2599 5584 2822 5638 alterius
2885 5582 3121 5651 regionis
3179 5580 3412 5637 antistiti

1842 5679 2051 5734 solvere
2073 5676 2283 5731 vincula
2319 5674 2593 5746 prepositi
2625 5674 2728 5729 sibi
2789 5688 2895 5727 non
2933 5671 3157 5727 subditi.
3209 5670 3274 5723 Et
3330 5670 3413 5724 in-

1844 5769 1993 5837 justa
2025 5767 2241 5837 quidem
2266 5765 2569 5837 segregatio
2594 5765 2676 5821 sic
2710 5765 2971 5821 solvetur.
3006 5763 3081 5817 De
3131 5776 3195 5817 eo
3226 5771 3404 5819 autem
