4110 6454
165 348 266 412 953

979 345 1360 405 ῘΗΞΞΡΟΝΞΑ
1405 347 1504 404 AD
1551 347 2282 412 lNTEllROGATlONES
2321 353 2561 415 MARCI

3250 355 3356 424 954

161 460 538 531 οἰκουμευικοῦ
598 466 932 532 πατριάρχου
971 467 1157 533 κυρίου
1199 465 1489 543 Γεωργίου.
1519 459 1618 516 Ὧν
1649 466 1715 517 τά

1825 478 1996 521 annos
2025 477 2215 537 augeat
2249 469 2388 524 Deus
2419 473 2471 524 in
2499 472 2706 523 dict-nm
2735 469 3135 537 longitudinem.
3167 467 3351 522 Mense

162 558 251 622 ἔτη
283 555 504 618 αὑξανεί
543 559 570 608 ό
609 556 738 617 Θεὸς
783 559 860 618 είς
899 558 1214 625 μακρότητα
1273 557 1513 624 ἡμερῶν.
1563 556 1710 625 Μηνὶ

160 647 507 714 Φεϐρουαρίῳ
564 647 934 713 ὲιτινεμήσεως
967 653 1056 710 ιγ’,
1112 649 1202 697 καὶ
1253 647 1388 698 ἑτῶν
1429 647 1565 714 μετὰ
1612 647 1710 712 τὴν

164 733 436 800 σάρκωσιν
477 732 568 784 τοῦ
610 733 814 800 Κυρίου
847 733 941 783 καὶ
979 731 1114 783 Θεοῦ
1147 731 1241 782 καὶ
1271 731 1513 798 Σωτῆρος
1558 730 1710 798 ἡμῶν

161 823 330 892 Ἰησοῦ
351 822 616 890 Χριστοῦ.
655 819 810 886 ,ασγ’.

242 914 592 978 Ἐρώτησις.
621 914 681 965 Al
729 914 855 980 περὶ
889 913 956 962 τά
998 911 1134 980 μέρη
1169 911 1268 978 τῆς
1314 909 1710 979 Ἀλεξανδρείας

163 1005 382 1060 καὶτῶν
421 1001 809 1071 Ἰεροσολύμων
839 1001 1341 1067 ἀναγινωσκόμεναι
1363 999 1709 1068 λειτουργίαι,

163 1098 250 1149 καὶ
273 1094 568 1162 λεγόμεναι
614 1092 991 1160 συγγραφῆναι
1039 1090 1186 1157 παρά
1227 1089 1334 1140 τῶν
1368 1089 1536 1154 ἁγίων
1572 1090 1706 1139 ἀπο-

165 1187 384 1244 στόλων,
451 1182 706 1236 Ἰακώϐου
764 1178 858 1232 τοῦ
920 1179 1262 1244 ἀδελφοθέου,
1313 1180 1404 1230 καὶ
1462 1179 1707 1245 Μάρκου,

160 1277 340 1331 δεκταί
365 1278 474 1328 είσι
499 1277 565 1344 τῇ
593 1274 722 1342 ἁγία
747 1273 839 1325 καὶ
867 1272 1122 1340 καθολικῇ
1168 1271 1482 1339 Ἐκκλησία,
1514 1271 1546 1338 ἢ
1577 1267 1636 1320 οῦ
1661 1284 1676 1331 ;

224 1372 356 1421 ‘Au.
414 1368 476 1419 ὐ
507 1366 682 1435 μέγας
725 1361 1020 1423 ἀπόστολος
1049 1361 1281 1424 Παῦλος,
1329 1363 1357 1412 ὸ
1386 1361 1494 1413 τῶν
1546 1357 1713 1426 ἁγίων

174 1456 514 1526 Ἐκκλησιῶν
543 1453 636 1507 τοῦ
663 1452 795 1505 Θεοῦ
825 1454 1007 1520 ῥήτωρ
1032 1453 1124 1510 καὶ
1150 1451 1486 1514 διδάσκαλος,
1519 1452 1712 1518 Κοριν-

163 1549 288 1608 θίοις
315 1544 668 1608 ἐπιστέλλων,
704 1542 863 1611 φησίν
887 1557 900 1570 ·
941 1542 1202 1609 Ἀδελφοί,
1240 1540 1541 1612 παρακαλεῖ)
1569 1541 1712 1610 ὑμᾶς

161 1638 242 1690 διὰ
273 1637 364 1688 τοῦ
399 1636 662 1701 ὀνόματος
692 1635 784 1686 τοῦ
815 1633 1013 1701 Κυρίου
1049 1632 1202 1701 ἡμῶν
1237 1632 1407 1699 Ἰησοῦ
1459 1629 1710 1698 Χριστοῦ,

167 1730 248 1782 ίνα
275 1729 334 1780 τὸ
371 1727 512 1779 αὐτὸ
544 1727 734 1793 λέγητε
772 1725 988 1784 πάντες,
1021 1724 1116 1775 καὶ
1147 1723 1219 1789 μὴ
1341 1725 1396 1771 ὲν
1444 1722 1569 1788 ὑμῖν
1598 1721 1712 1786 σχί-

167 1836 344 1887 σματα
376 1835 386 1844 ·
425 1814 523 1885 ἦτε
550 1818 604 1868 δὲ
633 1816 1052 1884 κατηρτισμένοι
1106 1815 1163 1864 ὲν
1197 1814 1271 1884 τῷ
1309 1813 1455 1880 αὐτῷ
1481 1812 1582 1874 νοῒ,
1621 1813 1712 1864 καὶ

161 1912 215 1960 ἐν
235 1913 296 1976 τῇ
330 1910 469 1974 αὐτῇ
497 1906 705 1978 γνώμῃ.
731 1905 912 1974 Φαμὲν
938 1905 1132 1965 τοίνυν,
1157 1903 1230 1965 ὡς
1261 1902 1382 1954 οὕτε
1413 1904 1520 1954 άπὸ
1562 1902 1712 1964 θείας

162 1999 406 2067 Γραφῆς,
443 1996 562 2048 οὔτε
601 1997 706 2047 ἀπὸ
742 1995 958 2056 κανόνος
995 1993 1394 2060 ἐκφωνηθέντος
1426 1993 1711 2053 συνοδικὼς

161 2085 604 2152 ἀνεδιδάχθημεν,
626 2083 1014 2150 ἱεροτελεστίαν
1049 2081 1150 2132 ὑπὸ
1183 2080 1277 2132 τοῦ
1305 2080 1457 2144 ἁγίου
1489 2080 1712 2131 ἀποστό-

168 2175 254 2226 λου
290 2176 520 2241 Μάρκου
556 2171 912 2240 παραδοθῆναι
937 2187 949 2199 ·
988 2169 1143 2238 μόνος
1183 2170 1234 2220 δὲ
1263 2171 1291 2220 ό
1319 2165 1395 2236 λβ⁹
1424 2166 1595 2218 κανὼν
1615 2170 1713 2235 τῆς

166 2268 219 2315 ἐν
251 2265 325 2330 τῷ
369 2261 628 2329 Τρούὶ.λῳ
678 2260 768 2312 τοῦ
825 2258 1062 2327 μεγάλου
1119 2257 1380 2310 παλατίου
1442 2256 1712 2324 συστάσης

164 2354 318 2415 ἁγίας
354 2354 455 2403 καὶ
506 2351 888 2418 οίκουμενικῆς
947 2350 1184 2409 συνόδου,
1227 2346 1392 2415 φησιν
1465 2348 1566 2399 ὑπὸ
1618 2348 1711 2400 τοῦ

165 2444 318 2510 ἁγίου
349 2441 607 2495 Ἰακώϐου
637 2443 730 2493 τοῦ
759 2440 1080 2508 ἁδελφοθέου
1111 2439 1374 2510 μυστικὴν
1407 2440 1710 2508 ἱερουργίαν

167 2531 507 2597 συντεθῆναι.
528 2528 586 2583 '0
614 2533 790 2600 μέντοι
813 2530 898 2582 πε⁹
922 2528 1099 2582 κανὼν
1120 2530 1227 2582 τῶν
1256 2530 1424 2596 ἁγίων
1460 2531 1553 2582 καὶ
1578 2547 1713 2583 παν-

169 2624 434 2688 ευφήμων
473 2619 804 2680 ἀποστόλων,
836 2619 932 2672 κοιλ⁸
979 2620 1008 2671 ό
1036 2618 1112 2670 νθ¹
1143 2618 1321 2671 κανὼν
1363 2619 1458 2686 τῆς
1493 2622 1551 2672 ὲν
1575 2622 1713 2672 Λαο-

163 2710 336 2779 δικείᾳ
365 2709 605 2770 συνόδου,
631 2707 1102 2778 ἀπαριθμούμενοι
1149 2707 1215 2759 τὰ
1264 2708 1542 2774 ὀφείλοντα
1588 2710 1712 2778 παρ⁹

168 2797 296 2864 ἡμῖν
342 2793 726 2847 πολιτεύεσθαι
802 2793 980 2863 βιϐλία
1019 2796 1116 2862 τῆς
1164 2795 1406 2857 Παλαιᾶς
1443 2797 1715 2866 Διαθήκης

169 2885 259 2937 καὶ
319 2885 422 2951 τῆς
470 2884 700 2951 Καινῆς,
765 2884 857 2935 καὶ
921 2882 1061 2936 αὑτά
1111 2884 1174 2952 δὴ
1234 2884 1299 2935 τά
1363 2885 1714 2948 ἀποπολικά,

175 2975 493 3042 ἱερουργίας
515 2973 606 3025 τοῦ
637 2973 790 3039 ἁγίου
827 2971 1080 3024 Ἰακώϐου
1111 2973 1142 3040 ἢ
1173 2972 1266 3023 τοῦ
1313 2973 1467 3038 ἁγίου
1490 2974 1714 3040 Μάρκου

1813 551 2126 619 Februario,
2183 557 2494 611 indictionis
2551 559 2633 621 15,
2689 559 2812 609 anni
2853 567 2970 625 pes;
3026 555 3352 608 incarnatio-

1813 657 1933 695 nem
1992 643 2226 710 Domini,
2277 655 2331 701 et
2389 646 2500 710 Dei,
2535 655 2590 699 t-t
2646 646 2948 700 Servatoris
3002 644 3174 699 nostri
3231 638 3355 701 Jesu

1812 733 2033 798 Christi,
2064 734 2219 788 1203.

1886 911 2049 964 Inter.
2078 913 2126 964 Ι.
2155 912 2281 976 Quze
2309 911 2360 964 in
2393 913 2634 980 partibus
2661 913 2998 966 Alexandria:
3021 920 3074 966 et
3104 911 3357 968 Hieroso-

1813 1002 2073 1070 lymorum
2115 1003 2360 1070 leguntur
2390 1001 2638 1070 litnrgiaa,
2673 1008 2726 1055 et
2757 1003 3076 1068 conscriptae
3105 1003 3360 1056 dicuntur

1815 1090 1982 1144 fuisse
2029 1105 2059 1142 a
2099 1092 2304 1144 sanctis
2349 1091 2637 1159 apostolis,
2675 1090 2876 1144 Jacobo
2911 1091 3078 1144 fratre
3129 1094 3358 1155 Domini,

1813 1189 1866 1232 ct
1905 1179 2107 1243 Marco,
2143 1180 2467 1247 recipienda:
2497 1190 2628 1235 sunt
2678 1196 2709 1234 a
2753 1195 2942 1237 sancta
2994 1193 3046 1236 ct
3096 1185 3362 1240 catholica

1815 1266 2074 1326 Ecclesia.
2110 1282 2277 1321 necne
2304 1268 2326 1320 ἲ

1884 1354 2003 1408 Res.
2049 1355 2272 1425 Magnus
2314 1357 2597 1426 apostolus
2635 1355 2859 1422 Paulus,
2909 1367 3219 1412 sanctarum
3270 1360 3365 1417 Dei

1815 1440 2178 1496 Ecclesiarum
2211 1453 2396 1497 orator
2422 1454 2475 1497 et
2519 1443 2733 1511 doctor,
2775 1446 2840 1498 ad
2884 1444 3200 1502 Corinthios
3232 1451 3372 1505 scri-

1813 1530 1967 1594 bens,
2022 1531 2098 1583 ait
2135 1548 2147 1583 :
2182 1529 2422 1595 Fratres,
2470 1531 2700 1589 obsecro
2757 1549 2850 1588 vos
2895 1548 2994 1603 per
3032 1554 3229 1593 nomen
3266 1541 3370 1595 Do-

1815 1619 1945 1671 mini
1975 1618 2145 1671 nostri
2183 1616 2311 1672 Jesa
2359 1617 2592 1684 Christi,
2642 1628 2699 1674 ut
2754 1624 2886 1678 idem
2919 1628 3113 1683 dicatis
3155 1643 3367 1694 omnes,

1815 1723 1914 1762 nec
1962 1711 2071 1761 sint
2127 1709 2178 1762 in
2231 1709 2382 1765 vobis
2429 1711 2653 1765 dissidia
2697 1714 2862 1769 :sitis
2920 1728 3098 1772 autem
3145 1733 3370 1788 compo-

1815 1799 1903 1851 siti
1941 1800 1957 1838 ί
1992 1799 2178 1852 cadem
2216 1810 2415 1865 mente,
2465 1800 2759 1869 eademque
2794 1805 3086 1860 voluntate.
3129 1807 3370 1865 Dicimus

1815 1889 1992 1958 igitur,
2051 1905 2150 1945 nos
2204 1906 2380 1959 neque
2437 1906 2469 1945 ι
2514 1907 2672 1947 sacra
2741 1893 3049 1964 Scriptura,
3113 1912 3288 1966 neque
3336 1914 3369 1954 ι

1813 1996 2021 2036 canone
2080 1985 2334 2052 synodice
2396 1986 2561 2048 edito,
2612 1987 2838 2043 eductos
2920 1989 3086 2044 fuisse
3151 2005 3368 2046 sacrum

1815 2069 2173 2122 ministct'imn
2208 2068 2220 2118 i
2266 2085 2294 2123 a
2335 2070 2390 2124 S.
2425 2073 2670 2140 apostolo
2712 2072 2894 2127 Marco
2938 2075 3220 2128 traditum.
3268 2075 3368 2128 So-

1813 2161 1896 2213 lus
1927 2159 2070 2211 enim
2102 2158 2169 2211 3%
2212 2174 2384 2213 canon
2436 2171 2636 2214 sancta:
2679 2170 2730 2216 et
2785 2165 3133 2217 mcumenicae
3178 2165 3368 2234 synodi

1813 2260 2012 2302 coacta:
2042 2249 2094 2302 in
2127 2248 2312 2302 Trullo
2339 2253 2516 2319 magni
2541 2254 2749 2321 palatii,
2791 2254 2865 2306 ait
2893 2269 2921 2306 a
2951 2255 3009 2307 S.
3031 2252 3236 2308 Jacobo
3274 2254 3372 2308 Dei

1814 2339 1981 2394 fratre
2027 2343 2310 2410 mysticum
2372 2345 2699 2398 sacrificium
2753 2345 2923 2400 fuisse
2983 2348 3367 2416 compositum.

1811 2427 2058 2482 Attamen
2095 2430 2165 2483 85
2202 2447 2374 2486 canon
2421 2443 2735 2488 sanctorum
2769 2444 2822 2489 et
2865 2436 3011 2490 omni
3043 2436 3198 2490 laude
3231 2438 3375 2490 cele-

1812 2518 1989 2571 brium
2060 2520 2466 2589 Apostolorum,
2542 2533 2594 2578 et
2679 2522 2752 2578 59
2809 2541 2983 2579 canon
3054 2524 3374 2582 Laodiceam

1813 2608 2027 2677 synodi,
2059 2620 2438 2665 enumerantes
2480 2610 2690 2668 Veteris
2729 2612 3062 2667 Testamenti
3120 2623 3172 2666 et
3213 2613 3372 2680 Novi,

1816 2697 2070 2766 ipsosque
2097 2702 2425 2768 apostolicos
2479 2703 2671 2766 libros,
2711 2704 2802 2772 qui
2843 2703 2898 2755 in
2928 2718 3026 2757 usu
3065 2704 3222 2758 nobis
3249 2718 3375 2759 esse

1815 2789 2034 2853 debent,
2070 2791 2268 2844 nullam
2301 2791 2551 2845 sacrificii
2583 2792 2610 2831 ιι
2650 2793 2824 2846 sancti
2855 2792 3042 2846 Jacobi
3071 2795 3156 2849 vel
3194 2796 3372 2848 sancti

1815 2880 1982 2935 Marci
2028 2881 2356 2934 mentionem
2415 2880 2641 2934 faciunt.
2672 2881 2856 2951 Neque
2907 2883 3070 2937 etiam
3103 2884 3372 2938 catholica

1819 2969 2150 3023 sanctissimi
2187 2978 2240 3023 et
2290 2973 2611 3025 tecumenici
2646 2973 2825 3026 throni
2868 2971 3372 3041 Constantinopolis

173 3063 359 3131 μνείαν
392 3062 530 3122 ὅλως
573 3061 633 3113 οὐ
682 3059 981 3113 ποιοῦνται.
1027 3061 1184 3114 Ἀλλά
1238 3062 1330 3114 καὶ
1371 3062 1404 3130 ή
1461 3061 1721 3133 καθολικὴ

1822 3058 2061 3113 Ecclesia
2093 3059 2202 3113 ullo
2231 3061 2388 3114 modo
2423 3076 2513 3115 eas
2548 3063 2794 3130 liturgias
2829 3064 3094 3130 agnoscit.
3125 3061 3376 3118 Pronun-

184 3151 484 3221 Ἐκκλησία
520 3151 613 3202 τοῦ
645 3151 951 3217 ἁγιωτάτου
984 3152 1076 3202 καὶ
1109 3150 1486 3219 οίκουμενικοῦ
1533 3152 1719 3221 θρόνου

171 3243 266 3310 τῆς
300 3241 922 3302 Κωνσταντινουπὸλεως
959 3241 1063 3292 οὐδ’
1117 3241 1251 3303 ὅλως
1301 3240 1502 3304 ταύτας
1544 3244 1723 3311 ὲπιγι-

171 3332 387 3384 νώσκει.
420 3330 780 3398 Ψηφιξόμεθα
805 3326 894 3382 οὖν
914 3331 988 3399 μὴ
1014 3327 1150 3383 εἴναι
1172 3330 1364 3393 δεκτάς
1386 3333 1574 3393 αὑτάς.
1606 3334 1722 3386 Κάν

171 3423 276 3490 γὰρ
303 3421 570 3486 ἐγένοντο,
599 3419 887 3482 παντελοῦς
911 3417 1182 3489 ἀπραξίας
1205 3420 1717 3490 κατεψηφίσθησαν,

171 3511 242 3572 ὡς
286 3511 384 3568 καὶ
431 3509 563 3561 ἄλλα
605 3509 792 3562 πολλά.
835 3511 937 3561 Καὶ
991 3511 1144 3577 δῆλόν
1168 3511 1312 3564 ἐστιν
1369 3512 1474 3564 ἀπὸ
1501 3511 1594 3564 τοῦ
1639 3511 1722 3566 πε⁹

173 3602 393 3660 κανόνος
416 3600 520 3649 τῶν
538 3599 706 3664 ἁγίων
742 3599 836 3651 καὶ
874 3601 1240 3669 πανευφήμων
1272 3603 1598 3668 ἀποστόλων,
1630 3606 1720 3658 καὶ

171 3691 263 3742 τοῦ
305 3688 351 3758 β’
414 3691 637 3750 κανόνος
680 3692 775 3757 τῆς
826 3691 880 3740 ἐν
920 3689 996 3758 τῷ
1032 3691 1278 3760 Τρούλλφ
1335 3692 1427 3744 τοῦ
1486 3696 1719 3762 μεγάλου

175 3781 439 3832 παλατίου
471 3781 735 3848 συστάσης
759 3781 918 3846 ἁγίας
946 3782 1037 3832 καὶ
1065 3782 1445 3850 οίκουμενικῆς
1482 3785 1716 3838 συνόδου.

184 3870 241 3920 '0
278 3869 379 3936 μὲν
405 3869 583 3934 γάρ,ό
632 3867 982 3929 ὰποστολικὺς
1026 3869 1244 3937 δηλαδὴ,
1282 3870 1572 3936 διορίζεται
1624 3873 1720 3936 τὰς

173 3957 264 4008 τοῦ
291 3958 605 4024 Κλήμεντος
627 3957 718 4008 δύο
751 3957 1054 4019 ἐπιστολάς,
1085 3958 1180 4010 καὶ
1206 3960 1302 4021 τὰς
1339 3961 1597 4027 διαταγὰς
1615 3963 1720 4016 τῶν

171 4044 314 4099 ὀκτὼ
333 4044 554 4112 βιϐλίων
583 4043 744 4095 αὑτοῦ
781 4044 1248 4110 ἀναγινώσκεσθαι
1299 4050 1415 4115 μὲν,
1455 4050 1529 4119 μὴ
1557 4051 1721 4118 δημο-

176 4136 454 4191 σιεύεσθαι
489 4136 565 4200 δὲ,
606 4136 691 4186 διά
710 4137 775 4187 τά
801 4139 856 4187 ὲν
881 4139 1066 4198 αὑταῖς
1095 4141 1332 4206 μυστικά
1357 4157 1370 4170 ·
1403 4143 1431 4192 ὁ
1471 4141 1527 4194 δὲ
1579 4143 1720 4194 θέλει

173 4223 376 4280 ταύτας
417 4222 549 4290 μηδὲ
584 4221 1066 4287 ἀναγινώσκεσθαι,
1109 4222 1195 4277 8ιά
1232 4226 1292 4277 τὸ
1331 4229 1719 4297 παρεντεθῖιναι

174 4309 364 4369 αὐταῖς
398 4309 546 4375 παρά
587 4310 903 4377 ἑτεροδόξων
943 4311 1109 4362 πολλά
1153 4328 1271 4364 τινα
1309 4315 1458 4378 νόθα,
1487 4318 1578 4367 καὶ
1621 4317 1720 4384 τῆς

1821 3151 2020 3202 tiamus
2050 3149 2235 3216 igitur,
2269 3163 2374 3202 non
2400 3165 2520 3205 esse
2555 3152 2648 3205 has
2679 3153 3032 3221 recipiendas.
3063 3152 3126 3205 Et
3160 3153 3369 3210 sienitn

1819 3240 1888 3296 ab
1919 3241 1985 3294 iis
2039 3241 2195 3294 facta:
2224 3241 2350 3302 sint,
2403 3241 2472 3294 ab
2523 3244 2671 3296 omni
2720 3259 2818 3297 usu
2867 3258 3059 3299 vacare
3087 3245 3366 3314 iubentur,

1821 3339 1952 3386 utet
1983 3332 2090 3385 alia
2123 3330 2307 3383 multa.
2360 3328 2524 3398 quue
2569 3332 2912 3387 manifestum
2956 3343 3038 3389 est
3077 3351 3139 3388 ex
3184 3335 3255 3390 85
3280 3352 3373 3390 ca-

1820 3436 1962 3477 none
1992 3430 2304 3476 sanctorum
2339 3432 2390 3476 et
2430 3422 2836 3476 benedictorum
2884 3425 3273 3491 apostolorum,
3316 3437 3371 3480 et

1817 3511 1852 3564 2
1899 3526 2105 3565 canone
2143 3517 2342 3564 sancta:
2395 3519 2449 3563 et
2497 3509 2845 3563 meumenicze
2875 3510 3064 3578 synodi
3096 3509 3150 3562 in
3183 3508 3370 3564 Truilo

1819 3601 1998 3669 magni
2065 3601 2248 3669 palatii
2313 3608 2511 3653 coactae
2578 3615 2592 3651 :
2651 3599 2788 3651 alter
2825 3599 2989 3662 enim,
3039 3600 3373 3666 apostolicus

1819 3691 2112 3753 videlicet,
2174 3689 2362 3743 dciinit
2441 3688 2573 3741 duas
2623 3687 2917 3742 Clementis
2965 3688 3265 3756 epistolas,
3315 3700 3370 3743 et

1821 3777 2249 3849 dispositionesl
2302 3791 2424 3832 octo
2474 3779 2730 3831 librorum
2782 3779 2920 3846 ejus,
2970 3780 3071 3847 legi
3129 3780 3369 3847 quidem.

1818 3884 2006 3924 verum
2064 3883 2168 3921 non
2220 3868 2482 3937 evulgari,
2517 3868 2585 3920 ob
2636 3882 2832 3921 arcana
2871 3883 2989 3937 qua:
3035 3871 3087 3922 in
3132 3869 3198 3923 iis
3243 3876 3371 3923 sunt

1820 3958 2136 4011 recondita:
2171 3957 2310 4011 alter
2358 3965 2538 4008 autem
2569 3957 2682 4009 vult
2731 3971 2824 4010 eas
2872 3973 3044 4024 neque
3073 3958 3195 4027 legi.
3239 3973 3372 4026 pro-

1821 4058 2000 4119 pterea
2034 4049 2176 4117 quod
2225 4047 2292 4100 iis
2325 4047 2506 4114 spuria
2549 4045 2792 4113 qua-dam
2841 4048 3004 4099 multa
3038 4055 3092 4101 et
3119 4063 3147 4098 a
3173 4049 3371 4116 pietate

1823 4139 1996 4191 aliena
2027 4135 2342 4204 interposita
2392 4136 2514 4188 sint‘
2551 4134 2617 4188 ab
2663 4134 2950 4189 bereticis.
3006 4136 3366 4200 Quamobrem

1822 4243 2008 4281 omnes
2061 4225 2317 4279 Ecclesiae
2367 4225 2457 4278 Dei
2514 4230 2665 4292 sequi
2702 4225 2901 4278 debent
2963 4241 3163 4280 morem
3214 4241 3367 4282 novae

1823 4315 2025 4378 Romae,
2077 4314 2331 4367 nimirum
2386 4311 2900 4380 Constantinopolis,
2931 4324 2981 4367 et
3033 4331 3186 4369 sacra
3219 4317 3365 4372 cele-

178 4398 466 4459 εὐσεϐείας
489 4398 758 4466 ἀλλότρια.
783 4400 879 4451 Διά
900 4416 980 4451 τοι
995 4399 1254 4453 τοῦτοκαὶ
1269 4402 1718 4468 όφείλουσιπᾶσαι

1825 4408 1982 4462 brare
2029 4405 2178 4474 juxta
2236 4403 2552 4456 traditiones
2608 4418 2922 4470 magnorum
2974 4405 3253 4459 doctorum
3309 4415 3364 4460 et

175 4490 230 4538 αί
289 4489 590 4556 Εκκλησίαι
615 4488 705 4540 τοῦ
734 4488 864 4542 Θεοῦ
900 4490 1204 4560 ἀκολουθεῖν
1229 4490 1305 4558 τῷ
1334 4492 1440 4544 ἔθει
1469 4494 1564 4561 τῆς
1594 4495 1717 4558 νέας

186 4576 430 4644 Ῥώμης,
457 4577 571 4644 ἦτοι
597 4576 692 4643 τῆς
719 4577 1330 4640 Κωνσταντινουπόλεως
1349 4594 1362 4607 ·
1396 4582 1488 4633 καὶ
1513 4583 1719 4653 ίερουρο

172 4671 288 4733 γείν
318 4667 463 4719 κατά
493 4667 589 4726 τὰς
613 4665 932 4734 παραδόσεις
963 4667 1072 4718 τῶν
1104 4667 1354 4734 μεγάλων
1385 4669 1715 4724 διδασκάλων

175 4757 596 4825 καίφωστήρων
661 4756 759 4823 τῆς
816 4755 1115 4819 εὐσεϐείας,
1143 4756 1231 4808 τοῦ
1267 4759 1420 4824 ἁγίου
1471 4760 1713 4815 Ἰωάννου

1824 4499 2168 4552 luminarium
2223 4496 2462 4564 pictatis,
2510 4496 2684 4547 sancti
2728 4494 2948 4549 Joannis
2993 4496 3363 4566 Cltrysoslomi

1822 4598 1876 4644 et
1925 4589 2100 4642 sancti
2131 4585 2334 4640 Basilii.
2365 4584 2457 4637 Ait
2487 4586 2630 4637 enim
2683 4585 2743 4638 Η
2798 4594 2978 4652 caput,
3014 4601 3029 4638 t
3070 4587 3151 4639 tit.
3184 4587 3218 4638 2
3264 4587 3358 4641 lib.

1823 4675 2129 4728 Basilicon:
2166 4673 2239 4726 De
2285 4671 2480 4740 quibus
2516 4671 2715 4738 scripta
2751 4673 2830 4724 lex
2859 4686 2967 4725 non
2995 4684 3096 4739 est,
3137 4689 3362 4741 morem,

1822 4780 1932 4834 quo
1960 4764 2128 4817 Roma
2159 4765 2347 4824 utitur,
2377 4763 2576 4815 servari
2612 4769 2843 4829 oportet.

173 4848 266 4900 τοῦ
296 4847 687 4916 Χρυσοστόμου
710 4847 801 4897 καὶ
826 4845 916 4897 τοῦ
966 4846 1118 4912 ἁγίου
1144 4846 1439 4900 Βασιλείου.
1470 4849 1605 4916 Φησὶ
1632 4853 1739 4924 γάρ
1767 4855 1827 4906 τὸ
1865 4840 2269 4921 μα”κεφάλαιον
2298 4848 2389 4900 τοῦ
2438 4855 2487 4900 α’
2514 4848 2693 4900 τίτλου
2761 4849 2854 4900 τοῦ
2912 4850 2957 4918 β’
3000 4850 3199 4918 βιϐλίου
3250 4854 3362 4908 τῶν

173 4937 500 4992 Βασιλικῶνο
561 4937 693 5006 Περὶ
752 4930 825 4989 ὧν
885 4937 1156 5006 ἔγγραφος
1201 4940 1260 4990 οὐ
1299 4943 1472 4992 κεῖται
1531 4941 1709 5009 νόμος,
1742 4945 2182 5014 παραφυλάττειν
2207 4941 2363 4994 δεῖτὸ
2384 4939 2524 5003 ἔθος,
2548 4934 2644 5009 ᾦὴ
2676 4939 2861 5008 Ῥώμη
2894 4941 3170 5010 κέχρηται.

253 5026 575 5096 Ἐρώτησις·
609 5024 690 5088 β’.
739 5026 923 5078 Βιϐλία
969 5026 1198 5094 διάφορα
1257 5027 1597 5095 εὑρίσκονται
1631 5029 1712 5090 είς

173 5119 268 5178 τὰς
319 5116 646 5176 ἀνατολικάς
697 5117 789 5168 καὶ
841 5116 1047 5177 νοτίους
1099 5115 1316 5184 χώρας’
1370 5118 1464 5169 καὶ
1503 5119 1569 5170 τὰ
1619 5119 1718 5186 μὲν

175 5206 532 5274 ὀνομάζονται
566 5204 904 5256 Διδασκαλίαι
941 5205 1048 5257 τῶν
1079 5207 1247 5271 ἁγίων
1294 5207 1622 5269 ἀποστόλων,
1649 5207 1718 5259 τά

174 5295 248 5357 δὲ,
290 5295 538 5361 Ὀράσεις
569 5293 661 5344 τοῦ
690 5293 844 5357 ἁγίου
877 5293 1102 5346 Παύλου.
1140 5295 1353 5361 Ἐρωτῶ
1381 5295 1471 5346 οῦν
1501 5297 1717 5362 είὸφεί-

176 5385 336 5452 λομεν
372 5381 758 5447 ἀναγινώσκειν
787 5381 924 5434 αὑτά
948 5399 962 5440 ;

1901 5030 2069 5083 Inter.
2119 5028 2176 5081 2.
2221 5027 2368 5080 Varii
2424 5028 2767 5094 reperiuntur
2832 5028 2975 5088 libri,
3024 5029 3077 5082 in
3125 5033 3356 5087 oriente.

1824 5120 1969 5174 libus
1999 5129 2052 5172 et
2087 5117 2534 5170 meridionalibus
2557 5116 2870 5185 regionibus
2910 5135 2923 5170 :
2960 5125 3012 5172 et
3050 5120 3139 5172 alii
3183 5124 3361 5176 nomi-

1824 5219 2026 5261 nantur
2077 5208 2345 5274 Praecepta
2397 5213 2711 5260 sanctorum
2762 5207 3126 5274 apostolorum
3185 5226 3201 5263 ε
3245 5213 3360 5278 alii,

1827 5295 2078 5350 Visiones
2119 5297 2290 5350 sancti
2329 5295 2502 5349 Pauli.
2547 5295 2742 5361 Quaero
2774 5311 2841 5351 an
2878 5297 2930 5351 bi
2967 5298 3122 5354 nobis
3153 5301 3362 5370 legendi

1819 5385 1972 5438 sint?

1423 5537 1652 5592 VARIE
1707 5536 2106 5594 LECTIUNES.

248 5628 656 5695 iconqlutinati.
737 5626 748 5676 l
798 5643 998 5683 sacram
1043 5629 1427 5682 carcmoniam.
1506 5630 2066 5686 lIsacra:carimom‘w.
2140 5628 2559 5698 lortrceptt’onu.
