4110 6456
767 350 874 413 955

777 564 934 617 Jesus
960 560 1211 614 Christus
1233 558 1286 610 in
1314 555 1619 625 Evangeliis
1664 555 1827 616 dicat,
1860 554 2041 608 Videte
2066 570 2131 608 ne
2170 556 2316 608 deci»

777 650 997 722 piamini
1025 666 1041 703 :
1081 648 1233 701 multi
1279 650 1422 701 enim
1456 646 1673 699 venient
1702 647 1754 699 in
1788 646 2008 698 nomine
2054 660 2195 708 meo,
2229 646 2315 698 di-

776 754 981 806 centes,
1022 739 1159 804 Quia
1183 754 1282 808 ego
1316 752 1456 800 sum,
1498 746 1551 791 et
1584 746 1795 804 tempus
1826 737 2272 804 apprOpinquavit
2302 753 2316 788 :

776 832 1190 901 pronuntiamus
1241 837 1294 883 et
1352 843 1474 893 nos,
1534 828 1623 881 Dei
1663 828 1953 882 Ecclesiam
2003 842 2164 881 nosse
2198 836 2237 865 ³³
2267 835 2321 881 et

783 919 1030 974 confiteri
1078 917 1371 986 apostolica
1396 924 1680 985 praecepta,
1728 927 1780 969 et
1817 916 2083 980 visiones,
2134 925 2185 969 et
2241 917 2321 969 di.

780 1010 1009 1077 sciplina
1034 1017 1061 1047 ⁸
1095 1008 1379 1069 librorum,
1422 1020 1541 1072 qua:
1570 1006 1638 1057 85
1670 1006 1961 1072 apostolico
1988 1021 2195 1058 canone
2226 1007 2319 1057 dc—

777 1101 1073 1161 elarantur,
1101 1106 1154 1149 et
1177 1096 1267 1147 Dei
1293 1110 1596 1163 prmconum
1623 1109 1780 1147 voces
1814 1094 1879 1147 iis
1914 1110 2035 1148 esse
2059 1096 2315 1149 creditas.

777 1187 976 1241 Prater
1006 1188 1105 1242 bos
1143 1186 1304 1238 alium
1340 1186 1543 1237 nullum
1578 1186 1726 1237 novit
1763 1185 2113 1251 apostolicum
2168 1198 2315 1235 com-

780 1279 1101 1331 meutarium
1131 1284 1170 1328 ⁹.
1203 1274 1603 1329 Observandum
1635 1274 1813 1341 igitur,
1859 1282 1916 1324 ut
1953 1272 2019 1325 ab
2052 1273 2317 1325 hrcreticis

777 1370 901 1420 ilcta
941 1379 1253 1419 aversemur
1283 1364 1583 1417 mendacia.
1626 1364 1914 1417 Absintltio
1968 1365 2110 1415 enim
2165 1378 2317 1414 ama-

778 1459 945 1521 riora,
977 1457 1102 1509 licet
1126 1472 1220 1524 per
1269 1455 1548 1509 nominum
1602 1465 1916 1508 sanctorum
1952 1452 2313 1519 apostolorum

775 1544 1180 1612 inscriptionem
1210 1542 1467 1595 mellitam
1497 1539 1731 1595 referant
1778 1542 2099 1609 placcntam.

847 1719 1010 1772 Inter.
1043 1720 1097 1771 5.
1130 1718 1418 1783 Sexaginta
1469 1716 1819 1769 Basilicorum
1878 1716 2056 1782 capita
2096 1715 2159 1767 ad
2217 1730 2314 1766 no-
2380 1755 2393 1762 -

2352 1785 2390 1837 Β
2420 1807 2583 1857 λικῶν
2610 1809 2668 1857 οὐ
2694 1808 3001 1874 διεδόθησαν
3037 1808 3113 1866 ei;
3146 1808 3241 1866 τὰς
3266 1805 3445 1873 χώρας
3473 1808 3625 1871 ἡμῶν
3651 1821 3663 1833 ’
3702 1806 3789 1858 διὰ
3821 1806 3972 1858 τοῦτο

776 1821 915 1863 stras
945 1809 1193 1875 regiones
1220 1822 1325 1858 non
1358 1814 1713 1874 pervenerunt
1742 1823 1755 1857 :
1791 1804 2015 1872 ideoque
2057 1814 2314 1873 quantum

777 1900 841 1951 ad
882 1914 943 1950 ea
976 1900 1229 1965 pertinet,
1266 1896 1319 1948 in
1355 1895 1592 1948 tenebris
1640 1909 1940 1947 versamur.
1992 1894 2315 1959 Qumrimus,

777 2004 842 2040 an
880 1990 947 2041 ob
973 2003 1087 2041 eam
1110 2002 1221 2040 rem
1258 1986 1591 2039 damnemur.

848 2077 965 2129 Res.
987 2075 1332 2140 Quaecunque
1366 2075 1445 2126 lex
1470 2074 1568 2135 ait,
1602 2074 1667 2126 iis
1713 2074 1784 2126 ait
1829 2074 1919 2141 qui
1952 2075 2002 2125 in
2031 2075 2142 2141 lege
2170 2088 2313 2139 sunt,

776 2168 1068 2219 secundum
1092 2177 1341 2229 magnum
1373 2164 1709 2229 Apostolum.
1733 2162 1833 2228 Qui
1870 2164 2032 2231 igitur
2062 2165 2131 2216 ob
2152 2166 2311 2218 vitam

778 2258 1078 2324 gloriantur
1124 2254 1503 2311 orthodoxam,
1542 2253 1654 2305 sive
1686 2268 1749 2305 cx
1793 2254 1998 2308 oriente
2039 2258 2167 2315 sint,
2205 2256 2316 2309 sive

774 2362 839 2398 es
883 2343 1369 2397 Alexandrinorum
1414 2342 1587 2409 plaga,
1628 2342 1745 2393 sive
1791 2343 2027 2406 aliunde,
2085 2343 2311 2396 Romani

774 2436 1050 2493 dicuntur,
1086 2441 1138 2482 et
1168 2430 1463 2484 secundum
1499 2431 1640 2498 leges
1666 2429 1847 2483 vivere
1876 2440 2162 2499 coguntur.
2196 2432 2312 2485 Non

774 2526 1146 2591 astringuntur
1182 2530 1360 2573 tamen
1385 2520 1517 2589 lege,
1546 2536 1665 2588 qua:
1694 2522 1788 2583 ait,
1821 2520 1935 2574 Non
1960 2531 2167 2590 oportet
2206 2527 2314 2576 lto-

776 2628 993 2666 manum
1048 2612 1221 2663 virum
1276 2610 1418 2677 leges
1456 2608 1727 2677 ignorare.
1784 2611 1822 2663 li
1873 2612 2015 2663 enim
2056 2612 2178 2674 soli,
2224 2615 2313 2679 qui

779 2701 1025 2755 habitant
1053 2701 1299 2759 Romam.
1335 2698 1535 2767 regiam
1587 2699 1833 2753 videlicet
1870 2699 2163 2762 civitatem,
2196 2717 2315 2769 qua:

774 2788 1043 2842 similibus
1064 2795 1147 2839 est
1166 2788 1370 2839 munita
1407 2787 1841 2854 propugnaculis,
1866 2798 1917 2841 et
1938 2789 2122 2841 multis
2144 2790 2315 2841 abun-

778 2882 871 2932 dat
920 2878 1275 2946 jurisperitis,
1307 2877 1499 2929 horum
1546 2875 1738 2929 ferreis
1785 2885 2037 2930 tenentur
2090 2879 2312 2945 pedicis.

774 2969 1006 3037 [deoque
1038 2968 1083 3020 si
1126 2966 1180 3019 hi
1217 2966 1386 3033 legetu
1428 2965 1681 3030 ignorare
1710 2980 1769 3019 se
1812 2964 2062 3031 allegent,
2102 2969 2311 3019 veniam

2003 345 2275 408 THEOD.
2317 345 2802 405 BALSAMONIS

852 470 973 525 Res.
1006 467 1141 523 Cum
1189 465 1448 521 Dominus
1484 471 1540 520 et
1566 462 1709 519 Deus
1738 470 1791 519 et
1826 458 2085 517 Senator
2133 473 2319 517 noster
2348 471 2393 528 Α

3874 352 3968 414 956

2501 467 2631 519 ’Ax.
2676 466 2780 517 Τοῦ
2828 464 3030 534 Κυρίου
3064 467 3155 516 καὶ
3198 465 3331 518 Θεοῦ
3380 466 3473 517 καὶ
3523 467 3770 534 Σωτὶρος
3820 471 3969 537 ἡμῶν

2433 556 2603 625 Ἰησοῦ
2633 555 2866 626 Χριστοῦ
2886 559 2942 607 ἐν
2964 556 3312 621 Εὑαγγελίοις
3344 556 3604 616 εἰπόντος·
3637 556 3871 609 Βλέπετε
3898 562 3966 628 μὴ

2420 645 2721 714 πλανηθῆτε
2751 662 2764 676 ·
2806 646 2988 698 πολλοὶ
3032 645 3138 713 γὰρ
3188 645 3489 695 ἐλεύσονται
3522 646 3611 695 ἐπὶ
3646 645 3722 711 τῷ
3752 648 3969 714 όνόματί

2423 752 2545 803 μου,
2578 738 2845 802 λέγοντες,
2884 738 3002 787 Ὀτι
3038 735 3145 800 ἐγώ
3172 737 3305 802 είμι,
3348 738 3437 787 καὶ
3464 741 3492 789 ὁ
3520 741 3705 804 καιρὸς
3744 740 3966 807 ᾕγγικε·

2420 826 2766 894 ψηφιζόμεθα
2788 827 2878 877 καὶ
2904 826 3085 893 ἡμεῖς,
3106 826 3184 875 ὅτι
3216 826 3574 886 ἀποστολικὰς
3603 828 3969 890 δ;δασκαλῖα;,

2421 919 2515 969 καὶ⁵
2542 918 2779 985 ὁράσεις,
2822 916 2915 966 καὶ
2941 916 3169 976 διδάξεις
3200 916 3230 982 ὴ
3260 914 3351 966 τοῦ
3384 916 3518 966 Θεοῦ
3561 915 3857 984 Ἐκκλησία
3890 936 3967 983 γις

2419 1006 2615 1059 νώσκει
2646 1006 2739 1057 καὶ
2769 1004 3019 1071 ὁμολογεῖ
3040 1004 3106 1055 τὰ
3130 1008 3184 1054 ἐν
3205 1004 3279 1071 τῷ
3313 1010 3394 1053 πε¹
3422 1005 3758 1073 ἀποστολικῴ
3790 1008 3970 1057 κανόνι

2418 1096 2715 1163 δηλούμενα
2749 1092 2945 1161 βιϐλία,
2998 1096 3089 1144 καὶ
3135 1094 3495 1159 πιστευόμενα
3533 1090 3671 1144 εἶναι
3711 1094 3821 1145 τῶν
3857 1094 3970 1144 θεο-

2421 1184 2672 1254 κηρύκων
2700 1185 2877 1248 φωνάς
2898 1200 2910 1213 ·
2938 1184 3121 1249 ἕτερον
3140 1184 3195 1235 δέ
3228 1200 3280 1233 τι
3321 1186 3470 1251 παρὰ
3508 1183 3675 1235 ταῦτα
3705 1186 3807 1235 οὐκ
3835 1180 3970 1237 οἶδεν

2418 1274 2767 1326 ἁποστολικδν
2825 1274 3177 1341 σύγγραμμα.
3228 1273 3648 1341 Παρατηρητὲον
3691 1271 3785 1325 οὖν
3839 1275 3979 1341 ιἰττοοΔ

2423 1361 2745 1430 στρέφεσθαι
2795 1361 2861 1411 τὰ
2910 1361 3266 1427 πεπλασμένα
3329 1360 3478 1427 παρὰ
3526 1359 3633 1410 τῶν
3682 1361 3970 1429 αἶρετικῶν

2421 1452 2808 1518 σχεδιάσματα.
2872 1449 3141 1516 Ἀψινθίτιυ
3190 1450 3293 1518 γὰρ
3349 1433 3647 1518 πικρότερᾶ
3696 1454 3825 1511 εἱσι,
3873 1451 3971 1502 κᾶν

2422 1538 2767 1606 μελιτοῦτταν
2797 1539 2883 1589 διὰ
2914 1540 3008 1605 τῆς
3054 1539 3364 1605 ἐπιγραφῆς
3414 1539 3520 1588 τῶν
3559 1541 3839 1607 ὀνομάτων
3868 1540 3972 1591 τῶν

2418 1628 2587 1693 ἁγίων
2623 1629 2933 1680 ἀποστόλων
2970 1629 3388 1696 ὑποκρίνωνται.

2503 1717 2813 1783 Ἐρώτησις
2856 1724 2924 1784 γ.
2964 1718 3042 1768 Ta
3073 1717 3331 1785 ἐξήκοντα
3372 1716 3638 1781 κεφάλαια
3672 1716 3780 1767 τῶν
3818 1716 3975 1767 Βασι-

2421 1896 2847 1967 νυκτοδατοῦμεν
2876 1898 2997 1948 ὅσον
3021 1896 3080 1946 τὸ
3116 1898 3193 1956 εἰς
3241 1897 3397 1947 αὑτά.
3443 1897 3724 1961 Ζητοῦμεν
3749 1892 3841 1947 οὖν
3866 1914 3971 1965 μα-

2420 1987 2551 2047 θεῖν,
2582 1988 2626 2037 εί
2658 1986 2903 2037 ἐντεῦθεν
2932 1987 3393 2052 κατακρινόμεοα.

2500 2080 2616 2129 ‘Aa.
2652 2076 2793 2130 Ὅσα
2817 2078 2844 2128 ό
2872 2077 3031 2140 νόμος
3070 2076 3238 2138 λαλεῖ,
3282 2078 3391 2136 τοῖς
3426 2078 3481 2127 ἐν
3510 2076 3583 2144 τῷ
3612 2077 3765 2145 νόμῳ
3806 2078 3972 2145 λέγει,

2417 2166 2556 2218 κατὰ
2586 2164 2676 2215 τὸν
2703 2165 2872 2232 μέγαν
2921 2163 3258 2214 Ἀπόστολον.
3295 2163 3356 2213 Ol
3387 2162 3515 2228 γοῦν
3537 2162 3829 2231 αὐχοῦντες
3858 2164 3973 2231 βίον

2417 2255 2690 2323 ὀρθόδοξον
2712 2292 2725 2315 ,
2777 2253 2877 2304 κᾶν
2908 2252 2965 2314 ἐξ
3006 2252 3279 2304 ἀνατολῶν
3312 2247 3435 2312 ὦσι,
3486 2251 3585 2303 κᾶν
3616 2253 3675 2314 ἐξ
3730 2251 3976 2316 ’Λλεξαν-

2419 2344 2607 2411 δρέων,
2644 2342 2744 2394 κᾶν
2774 2342 3058 2409 ἑτέρωθεν,
3106 2341 3362 2408 Ῥωμαῖοι
3410 2342 3677 2408 λέγονται,
3710 2344 3802 2393 καὶ
3832 2344 3974 2395 κατὰ

2420 2434 2607 2500 νόμους
2642 2430 3033 2495 ἀναγκάζονται
3070 2429 3481 2481 πολιτεύεσθαι·
3530 2431 3606 2499 τῷ
3636 2432 3783 2500 νόμῳ
3813 2433 3866 2483 δὶ
3898 2433 3974 2500 τῷ

2419 2524 2695 2589 φάσκοντι,
2722 2522 2792 2571 Οὔ
2828 2521 2907 2571 δεῖ
2942 2520 3207 2588 Ῥωμαῖον
3242 2520 3407 2588 ἄνδρα
3453 2523 3616 2589 νόμον
3644 2524 3876 2588 ἀγνοεῖν.
3912 2525 3969 2574 οι)

2420 2612 2827 2677 συσφίγγονται.
2870 2611 3034 2663 Mrith
3076 2611 3181 2677 γὰρ
3215 2611 3263 2661 οἱ
3294 2610 3676 2673 κατοικοῦντες
3706 2612 3802 2680 τὴν
3839 2613 3973 2664 Ῥώ-

2421 2720 2545 2770 μην,
2580 2702 2676 2768 τὴν
2708 2700 2951 2768 βασιλίδα
2987 2699 3225 2767 δηλονότι
3273 2699 3380 2751 τῶν
3427 2702 3652 2768 πόλεως),
3696 2704 3793 2769 τὴν
3840 2720 3973 2754 κατ’

2417 2788 2825 2855 ῃσνξαλισμένην
2844 2786 3045 2853 ὁμοίοις
3069 2784 3418 2854 πυργώμασι,
3441 2787 3533 2837 καὶ
3559 2788 3785 2849 πολλοὺς
3814 2786 3973 2842 nias-

2415 2878 2611 2929 τοῦσαν
2663 2876 3008 2943 νομομαθείς,
3056 2877 3174 2936 ταῖς
3219 2878 3282 2925 ὲκ
3331 2876 3537 2928 τούτων
3593 2878 3972 2946 σιδηροπέδαις

2416 2966 2753 3034 κατέχονται.
2787 2965 2875 3017 Διὸ
2904 2960 3050 3017 οὗτοι
3085 2967 3181 3033 μὲν
3208 2968 3472 3036 ἀγνοῆσαι
3498 2970 3659 3037 νόμον
3703 2971 3971 3023 διενιοτάο

780 3075 890 3112 nou
936 3063 1360 3124 consequuntur,
1412 3053 1525 3105 sive
1584 3053 1861 3107 manuales
1910 3054 2018 3107 sint
2054 3057 2355 3135 operarii,‘

2420 3072 2588 3124 μενοι,
2635 3056 2693 3105 οὐ
2748 3052 3238 3119 συγγινώσκονται·
3294 3058 3395 3109 κᾶν
3441 3060 3823 3127 χειρωνάκται,
3873 3062 3972 3112 κᾰι

781 3150 893 3201 sive
916 3145 1334 3200 circuinl'oranei
1359 3144 1470 3198 sint
1515 3143 1704 3211 aliqui,
1736 3150 1790 3197 et
1820 3143 2118 3197 litterarum
2144 3148 2312 3214 impe-

779 3237 868 3288 riti
904 3252 917 3286 :
949 3244 1004 3285 ut
1030 3233 1121 3300 qui
1168 3232 1376 3300 possint
1415 3246 1444 3283 a
1476 3232 1590 3285 suis
1628 3232 1836 3288 civibus
1876 3234 2053 3303 legum
2105 3235 2313 3290 discere

777 3336 1040 3376 tmorem.
1074 3319 1175 3383 Qui
1213 3328 1393 3371 autem
1446 3326 1595 3371 extra
1636 3317 1861 3373 Romam
1922 3330 2106 3389 agunt,
2162 3336 2307 3389 agre-

780 3421 890 3465 stes
918 3420 943 3458 ιι
976 3408 1205 3471 scilicet,
1244 3417 1298 3460 et
1326 3407 1537 3474 reliqui,
1568 3406 1844 3475 multoque
1873 3412 2042 3477 magis
2077 3410 2309 3463 Alexan-

779 3500 944 3562 drini,
976 3499 1145 3567 legem
1166 3496 1375 3550 civilem
1408 3496 1740 3565 ignorantes,
1776 3498 1985 3550 veniam
2017 3506 2306 3553 merentur.

779 3587 982 3639 Bonum
1014 3598 1144 3651 ergo
1208 3591 1311 3645 est,
1372 3590 1433 3635 ut
1487 3582 1542 3635 hi
1600 3598 1815 3652 quoque
1848 3585 2202 3654 interrogent,
2260 3596 2314 3641 et

779 3676 1015 3743 legitima
1043 3679 1305 3741 praecepta
1332 3671 1563 3724 discant.
1599 3670 1753 3735 Quod
1787 3673 1834 3726 si
1862 3685 1942 3728 est
1966 3673 2197 3736 diﬂicile,
2226 3692 2313 3728 ve-

776 3768 921 3818 niam
959 3772 1084 3816 sunt
1108 3760 1470 3815 consecuturi.

849 3851 1018 3904 Inter.
1056 3850 1112 3901 4.
1144 3850 1226 3901 An
1257 3856 1410 3901 extra
1452 3847 1773 3914 periculum,
1816 3854 2039 3913 sacrati,
2080 3853 2311 3919 itemque

778 3942 900 3995 laici
951 3937 1121 3992 lenori
1148 3936 1277 3990 deut
1301 3934 1603 4003 pecuniam,
1638 3950 1707 3988 an
1741 3939 1920 4005 potius
1942 3938 2010 3991 sit
2038 3939 2103 3991 iis
2120 3940 2311 3993 exitio—

776 4047 895 4087 sum
917 4030 939 4080 7

850 4118 968 4171 Res.
999 4114 1231 4169 Mosaica
1264 4113 1480 4181 quidem
1504 4112 1610 4175 lex,
1640 4110 1755 4165 Non
1800 4112 2088 4179 fenerabis,
2113 4114 2307 4184 inquit,

777 4216 1060 4273 argentum
1109 4213 1260 4256 tuum
1307 4202 1461 4255 fratri
1492 4208 1584 4253 tuo
1618 4217 1634 4253 :
1664 4202 1837 4256 civilis
1856 4215 2032 4256 autem
2068 4207 2311 4273 agnoscit

777 4308 971 4349 usuras
996 4290 1320 4344 centesimas
1350 4297 1402 4341 et
1450 4288 1690 4342 trientes.
1726 4289 1919 4343 Definit
1951 4294 2094 4344 enim
2134 4303 2189 4344 ut
2224 4308 2309 4347 se-

2420 3145 2649 3214 ἀγὺρται
2676 3144 2817 3205 τινὲς
2840 3137 2960 3203 ὦσι,
3007 3145 3099 3195 καὶ
3128 3146 3468 3214 γραμμάτων
3499 3148 3719 3215 ἀνήκοοι
3739 3163 3753 3176 ⁸
3782 3150 3852 3210 ὡς
3880 3150 3972 3200 δυ-

2420 3232 2636 3300 νάμενοι
2664 3233 2727 3283 τὰ
2762 3231 2867 3281 τῶν
2897 3231 3075 3298 νόμων
3118 3231 3306 3297 μαθεῖν
3335 3233 3442 3286 ἀπὸ
3462 3234 3568 3286 τῶν
3597 3237 3971 3299 συγκατοίκων

2419 3320 2614 3372 αὐτῶν.
2661 3320 2722 3369 Oi
2766 3319 2821 3370 δὲ
2856 3318 2957 3379 ἔξω
2986 3318 3084 3385 τῆς
3134 3319 3348 3386 Ῥώμης
3393 3321 3691 3386 διάγοντες,
3742 3325 3970 3388 ἀγρόται

2418 3409 2675 3475 δηλονότι,
2708 3407 2802 3459 καὶ
2846 3406 3044 3467 λοιποὶ,
3090 3406 3266 3475 πολλῷ
3294 3408 3349 3460 δὲ
3374 3408 3535 3462 πλέον
3581 3410 3968 3480 Ἀλεξανδρεῖς,

2420 3501 2579 3565 νόμον
2610 3497 2882 3548 πολιτικὸν
2898 3497 3258 3561 ἀγνοήσαντες
3284 3497 3766 3563 συγγινώσκονται.
3796 3502 3970 3553 Καλὸν

2420 3590 2546 3657 γοῦν
2592 3591 2704 3640 ἐστι
2755 3588 2847 3639 καὶ
2883 3586 3101 3649 τούτους
3131 3589 3357 3654 ερωτᾷν,
3408 3589 3502 3641 καὶ
3569 3591 3864 3655 μανθάνειν
3908 3594 3970 3644 τὰ

2421 3678 2616 3746 νομικὰ
2650 3674 3077 3744 παραγγέλματα
3100 3686 3115 3702 ⁸
3148 3675 3193 3723 εί
3215 3673 3270 3724 δὲ
3297 3674 3551 3744 δυσχερές
3573 3672 3708 3741 ἐστι,
3731 3678 3969 3746 συγγνὼο

2423 3785 2525 3836 μης
2564 3767 2979 3833 ἀξιωθήσονται.

2490 3857 2814 3926 ,Ἐρώτησις
2842 3854 2909 3906 δ’.
2956 3856 3256 3907 ’Δκίνδυνόν
3306 3858 3419 3906 ἐστι
3472 3859 3583 3916 τοῖς
3630 3856 3965 3923 ίερωμένοις,

2420 3948 2505 4000 val
2549 3946 2731 4013 μέντοι
2766 3944 2857 3996 καὶ
2887 3944 2999 4006 τοῖς
3045 3942 3272 4006 λαῖκοῖς,
3300 3944 3393 3995 ἐπὶ
3439 3944 3581 4010 τόκῳ
3620 3944 3908 4007 δανείζειν.
3936 3946 3965 3996 ἢ

2420 4035 2617 4104 μᾶλλον
2650 4032 2923 4101 ὀλέθριονς

2501 4122 2618 4173 Ἀπ.
2668 4119 2725 4169 Ὀ
2762 4118 2859 4185 μὶν
2921 4120 3209 4181 Μωσαῖκὸς
3249 4119 3445 4187 νόμος,
3497 4118 3609 4169 Οὐκ
3668 4120 3963 4181 ὲκτοκιεῖς,

2420 4208 2572 4276 φησὶ,
2600 4208 2660 4257 τὸ
2705 4206 2964 4276 ἀργύριόν
3012 4224 3101 4260 σου
3128 4208 3203 4277 τῷ
3235 4207 3448 4276 ἀδελφῷ
3497 4225 3587 4260 σου
3622 4224 3636 4238 ·
3669 4212 3696 4260 ό
3719 4209 3776 4259 δὲ
3814 4210 3964 4261 πολι-

2417 4296 2563 4356 τικὸς
2611 4294 2957 4361 ἐπιγινώσκει
3006 4295 3197 4356 τόκους
3256 4294 3681 4357 ἑκατοστιαίους,
3739 4297 3833 4348 καὶ
3864 4297 3965 4347 ἀπὸ

778 4392 994 4436 natores
1032 4377 1299 4443 accipiant
1329 4390 1523 4429 usuras
1554 4376 1798 4438 trientes,
1831 4378 2084 4431 nimirum
2116 4382 2170 4433 in
2200 4380 2312 4434 sin-
2344 4386 2355 4440 1

2416 4386 2602 4453 τρίτης
2655 4385 2969 4449 ἑκατοστῆς.
3024 4384 3323 4453 Διορίζεται
3378 4386 3481 4453 γὰρ
3510 4385 3634 4445 τοὺς
3671 4386 3965 4453 συγκλητι-

774 4482 929 4541 gutas
959 4470 1126 4522 libras
1161 4478 1409 4519 nummos
1447 4474 1701 4533 quatuor.
1740 4465 2109 4534 Negotiatores
2134 4476 2309 4521 autem

778 4561 1028 4627 vulgares
1043 4567 1093 4621 ιι,
1120 4564 1173 4609 et
1202 4565 1447 4616 exteros,
1483 4554 1760 4606 dimidiam
1791 4555 2123 4622 centesima,
2156 4558 2313 4610 nimi-

774 4663 896 4701 rum
929 4648 983 4698 in
1010 4644 1247 4713 singulas
1277 4643 1439 4695 libras
1471 4657 1720 4696 nummos
1756 4658 1871 4696 sex.
1903 4642 2010 4697 Eos
2040 4659 2189 4707 vero,
2221 4646 2312 4713 qui

778 4735 1107 4787 maritimum
1158 4732 1313 4784 fenus
1340 4730 1665 4783 contrahunt
1708 4739 1750 4795 τ,
1776 4745 1880 4799 pro
1907 4731 2136 4800 singulis
2161 4732 2313 4785 libris

775 4837 1027 4878 nummos
1061 4821 1365 4873 duodecim.
1425 4818 1667 4883 Quonam
1712 4828 1887 4872 autem
1942 4821 2099 4874 modo
2135 4831 2311 4874 cente-

773 4914 926 4966 simae
960 4919 1220 4963 vocentur
1249 4922 1443 4972 usurae,
1498 4922 1619 4960 cnm
1685 4908 1835 4961 libra:
1884 4909 2155 4976 quantitas
2204 4925 2308 4961 non

779 4998 1056 5067 perveniat
1087 4995 1151 5048 ad
1184 4996 1385 5050 solidos
1441 5004 1678 5061 centum,
1713 4998 1805 5051 sed
1860 4998 1926 5050 ad
1976 4998 2312 5066 septuaginta

774 5091 949 5145 duos:
979 5101 1084 5139 non
1115 5092 1199 5139 est
1232 5086 1443 5139 dicendi
1471 5094 1701 5151 tempus,
1731 5103 1798 5141 nc
1825 5103 1961 5155 Opus
2000 5087 2088 5139 ﬁat
2121 5099 2312 5156 przeter

777 5191 937 5245 opus.
972 5175 1039 5228 Et
1067 5176 1176 5229 haec
1198 5176 1415 5243 quidem
1438 5175 1505 5229 de
1552 5177 1727 5231 iaicis.
1770 5179 2010 5231 Sacratis
2057 5193 2187 5231 vero
2236 5179 2313 5231 fe-

777 5267 1056 5322 neratione
1085 5280 1305 5334 prorsus
1356 5264 1699 5323 interdictum
1742 5276 1845 5323 est.
1879 5269 1967 5321 Ait
2017 5268 2163 5321 enim
2198 5270 2311 5321 itan:

2409 4476 2532 4534 κοὺς
2560 4472 2853 4540 λαμϐάνειν
2882 4472 3068 4534 τόκους
3097 4475 3202 4525 ἀπὸ
3226 4474 3412 4542 τρίτης
3446 4475 3743 4539 ἑκατοστῆς
3761 4488 3774 4500 ⁸
3801 4475 3964 4543 ηγουν

2408 4561 2491 4627 ἐφ’
2524 4562 2725 4631 ἑκάστῃ
2774 4562 2931 4630 λίτρα
2982 4562 3289 4631 νομίσματα
3320 4561 3362 4613 δ’
3370 4602 3381 4614 .
3432 4563 3567 4622 Τοὺς
3621 4562 3964 4623 κοινολαῖτας

2409 4648 2848 4715 πραγματευτὰς,
2874 4648 2966 4698 καὶ
2983 4648 3219 4713 λοιποὺς,
3234 4648 3746 4717 ἡμιεκατοστιαίους
3764 4663 3774 4673 '
3798 4649 3963 4716 ἤγουν

2409 4734 2492 4801 ἐφ’
2549 4736 2751 4805 ἑκάστῃ
2795 4736 2953 4807 λίτρᾳ
3006 4738 3313 4805 νομίσματα
3343 4736 3418 4801 ς’.
3465 4740 3600 4799 Τοὺς
3632 4739 3688 4791 δὲ
3723 4740 3958 4801 διδόντας

2409 4822 2712 4874 διαπόντιον
2740 4824 2967 4885 δάνειον,
2997 4824 3137 4893 ὑπὲρ
3180 4826 3413 4893 ἑκάστης
3440 4825 3629 4891 λίτρας
3654 4826 3962 4894 νομίσματα

2414 4912 2498 4978 ιβ’.
2533 4913 2717 4972 Ὀπως
2757 4912 2811 4963 δὲ
2844 4913 3128 4966 καλοῦνται
3158 4916 3205 4965 οι
3233 4915 3381 4966 τόκοι
3432 4916 3821 4979 ἑκατοστιαῖοι,
3871 4918 3964 4984 τῆς

2412 5004 2598 5071 λίτρας
2651 5004 2725 5074 μὴ
2771 5006 3223 5076 συμποσουμένης
3274 5010 3352 5069 είς
3406 5010 3717 5077 νομίσματα
3751 5007 3822 5078 ρ’,
3855 5006 3966 5061 ἀλλ’

2413 5093 2489 5153 εἰς
2521 5090 2617 5157 οβ’,
2646 5092 2832 5161 καιρὸς
2857 5093 2955 5144 οὐκ
2987 5092 3317 5160 ἐπιλέγειν·
3343 5096 3429 5147 ἵνα
3458 5097 3532 5164 μὴ
3553 5096 3714 5163 ῑργον
3741 5097 3801 5147 τὸ
3830 5100 3965 5164 πάρ-

2414 5196 2573 5247 εργον
2626 5180 2866 5249 γένηται.
2916 5182 3025 5234 Καὶ
3076 5182 3247 5234 ταῦτα
3278 5184 3374 5249 μὲν
3406 5186 3534 5251 περὶ
3572 5184 3798 5236 λαῖκῶν.
3832 5186 3966 5243 Τοὺς

2422 5269 2745 5336 ιερωμένους
2772 5269 2827 5321 δὲ
2848 5270 3024 5333 τοκίζε
3036 5288 3080 5322 ιν
3114 5273 3387 5334 παντελῶς
3414 5274 3811 5344 ἀπηγόρευται.
3837 5275 3966 5341 Φησὶ

2049 5446 2129 5497 VA
2143 5446 2277 5499 ιῖΙῶ
2319 5443 2719 5499 LECTIONES.

845 5561 881 5588 ι·
904 5567 1199 5618 agnascere.
1300 5562 1329 5591 ⁸
1361 5556 1641 5609 doctrinas.

1736 5568 1751 5587 ⁸
1781 5561 2048 5626 scriptum.

770 5620 923 5676 dant.

2154 5571 2179 5610 Ρ
2215 5562 2418 5615 rustici.

2528 5558 2758 5612 slaicos.
2867 5561 2997 5628 ’ςιιὶ
3053 5562 3397 5628 trajecticiam
3471 5561 3744 5629 pecuniam
3792 5574 3964 5615 mutam
