4110 6466
289 383 404 442 957
1114 381 1505 440 RESI‘ONSA
1552 386 1652 444 AD
1685 384 2427 447 lNTERllOGATIONES
2468 389 2731 450 MARCI.
3393 392 3497 457 958

290 521 401 571 τιρ
433 505 458 553 ό
485 499 567 570 μδ¹
593 501 768 554 κανὼν
797 504 901 554 τῶν
931 503 988 570 ἀγ
1007 506 1097 555 ξων
1118 506 1424 556 ἀποστόλων
1451 506 1622 558 ταῦτα
1646 507 1843 577 ῥητῶς·
1876 514 1913 570 Α

1876 508 2268 570 Anominatitu
2330 504 2398 558 Η
2461 515 2776 560 sanctorum
2832 505 3198 572 apostolorum
3251 519 3422 561 canon
3475 524 3491 563 :

305 593 631 651 ἰ-ζπίσκοπος
665 591 696 658 ἧ
731 591 1096 659 πρεσϐύτερος
1133 595 1163 660 ἢ
1195 595 1436 654 διάκονος
1466 595 1655 656 τόκους
1687 597 1849 647 ἁπαι-

1954 596 2277 665 Episcopus,
2299 605 2388 648 aut
2415 594 2719 664 presbyter,
2757 602 2852 647 aut
2875 593 3163 656 diaconus,
3197 607 3392 648 usuras
3423 594 3490 648 ab

291 683 406 731 τῶν
431 683 551 742 τοὺς
575 682 636 733 δα
651 683 1000 748 θειζομένονς,
1024 685 1054 750 ἦ
1078 683 1393 744 παυσάσθω,
1413 685 1444 752 ἢ
1467 685 1847 753 καθαιρείσθω.

1953 687 2020 740 iis
2052 686 2294 754 exigens,
2330 685 2527 754 quibus
2561 694 2805 737 mutuutn
2833 682 3002 749 dedit,
3029 684 3113 737 vel
3140 683 3379 747 desinat,
3408 683 3495 737 vel

293 773 405 819 Καὶ
432 773 458 821 6
494 772 557 832 ιζ’
592 769 768 820 κανὼν
797 773 890 837 τῆς
919 773 1077 837 ἁγίας
1115 773 1206 822 καὶ
1235 774 1622 842 οίκουμενικῆς
1649 781 1694 825 α’
1730 792 1852 828 συν-

1955 776 2277 843 deponatur.
2313 774 2377 827 Et
2427 776 2489 827 l7
2537 789 2712 827 canon
2743 781 2942 826 sancta:
2983 781 3036 825 et
3084 772 3432 826 mcumenicz
3462 773 3488 824 1

290 861 416 908 ὁδου
463 859 630 909 ταῦτα
667 858 947 918 διέξεισιν·
1002 861 1214 926 Ἐπειδὴ
1243 862 1425 913 πολλοὶ
1456 865 1510 913 ἐν
1557 864 1633 932 τῷ
1667 869 1848 917 κανόνι

1953 865 2142 931 synodi
2171 863 2281 916 hwc
2319 880 2332 919 :
2362 864 2626 926 Quoniam
2659 863 2834 923 multi,
2867 859 2958 929 qui
2982 861 3037 913 in
3071 874 3282 913 canone
3307 875 3495 913 recen-

293 946 700 1012 ἐξεταζόμενοι,
753 946 843 1014 τὴν
893 948 1205 1010 πλεονεξίαν
1260 955 1353 1002 καὶ
1383 952 1442 1002 τὸ
1473 953 1850 1021 αίσχροκερδὲς

1953 961 2161 1017 scntur,
2191 953 2341 1020 plura
2374 953 2604 1006 habendi
2664 951 2904 1005 studium
2963 959 3016 1004 et
3063 958 3220 1018 turpe
3278 949 3491 1002 lucrum

291 1033 601 1094 διώκοντες,
651 1035 971 1086 ἐπελάθοντο
996 1035 1088 1086 τοῦ
1121 1036 1264 1088 θείου
1291 1039 1636 1107 Γράμματος,
1673 1043 1853 1108 λέγον-

1952 1050 2357 1108 persequentes,
2405 1041 2598 1092 divinae
2659 1038 2954 1107 Scriptura:
2993 1039 3146 1092 obliti
3187 1048 3333 1100 sunt,
3374 1053 3494 1106 qua:

294 1139 413 1182 τος.
450 1124 519 1173 ἰὀ
556 1125 816 1190 ἀργύριον
869 1124 1033 1175 αὐτοῦ
1068 1127 1165 1175 οὐκ
1215 1127 1408 1179 ἔδωκεν
1441 1130 1530 1178 ἐπί
1561 1133 1733 1198 τόκῳ·
1763 1134 1854 1183 καὶ

1952 1133 2082 1184 dicit
2128 1147 2140 1182 :
2177 1133 2466 1200 Argentum
2499 1147 2654 1185 suum
2708 1145 2814 1183 non
2847 1130 2998 1183 dedit
3028 1130 3093 1182 ad
3138 1144 3359 1183 usuram
3392 1145 3406 1192 ;
3442 1135 3495 1182 et

293 1211 634 1274 δανείζοντες
704 1214 1000 1274 ἐκατοστὰς
1065 1215 1402 1280 ἀπαιτοῦσιν,
1465 1219 1852 1290 ἐδικαίωσενὴ

1962 1222 2270 1275 lettet'antes
2311 1223 2633 1274 centesimas
2694 1221 2961 1287 exigunt:
3018 1233 3230 1286 equum
3284 1218 3496 1272 censuit

299 1302 434 1365 ἁγία
467 1304 559 1352 καὶ
605 1303 808 1371 μεγάλη
843 1303 1075 1369 σύνοδος,
1108 1305 1181 1366 ὡς
1223 1305 1274 1357 εἴ
1310 1324 1392 1368 τις
1426 1310 1670 1378 εὑρεθείη
1717 1311 1854 1377 μετὰ

1954 1321 2144 1364 sancta
2169 1321 2217 1362 ct
2251 1315 2445 1378 magna
2481 1309 2749 1377 synodus,
2785 1318 2840 1361 ut
2870 1307 2914 1362 si
2948 1309 3072 1375 quis
3105 1307 3357 1360 inventus
3381 1305 3498 1358 fue-

291 1392 392 1441 τὶν
418 1393 542 1459 ὅρον
571 1390 754 1443 τοῦτον
785 1392 969 1456 τόκους
992 1394 1280 1455 λαμϐάνων
1309 1397 1371 1448 ἐκ
1398 1402 1852 1468 μεταχειρήσεωῖ,

1952 1399 2023 1451 rit
2045 1407 2166 1466 post
2201 1400 2301 1452 hoc
2338 1405 2602 1451 statutum
2636 1411 2834 1450 usuras
2885 1404 3074 1448 mutuo
3129 1407 3368 1455 sumere,
3411 1390 3496 1444 vel

292 1481 328 1548 ἧ
359 1481 532 1542 ἄλλως
590 1484 951 1552 ἐπερχόμενος
1003 1486 1062 1536 το
1095 1488 1342 1555 πρᾶγμα,
1370 1487 1402 1555 ἢ
1431 1488 1676 1555 ἡμιολίας
1705 1491 1856 1541 ἁπαιο

1953 1501 2070 1539 eant
2127 1502 2236 1541 rem
2271 1487 2428 1539 aliter
2457 1485 2731 1554 persequi,
2767 1484 2852 1537 vel
2903 1482 3086 1551 sesqui
3131 1482 3331 1535 alteras
3380 1480 3495 1534 exi-

291 1572 432 1632 τῶν,
478 1572 726 1641 ῆὲτερόν
771 1591 823 1624 τι
875 1576 1098 1627 ἐπινοῶν
1161 1577 1606 1645 αἰσχροκερδείας
1669 1580 1852 1642 ἕνεκα,

1953 1590 2100 1641 gere,
2137 1575 2220 1629 vel
2255 1575 2460 1644 aliquid
2515 1575 2661 1627 aliud
2705 1575 3014 1643 excogitare
3041 1572 3217 1638 turpis
3249 1579 3495 1640 quastus

295 1659 757 1728 καθαιρεθήσεται
789 1664 882 1714 τοῦ
917 1664 1137 1732 κλήρου,
1192 1669 1285 1716 καὶ
1324 1666 1595 1735 ἀλλότριος
1633 1668 1724 1721 τοῦ
1756 1687 1851 1720 κα-

1953 1666 2146 1736 gratia,
2186 1679 2216 1718 e
2270 1664 2413 1717 clero
2463 1663 2786 1733 deponatur,
2839 1671 2894 1716 et
2936 1662 3007 1716 sit
3061 1661 3270 1714 alienus
3320 1675 3349 1712 a
3407 1674 3493 1713 ca-

295 1747 452 1810 νόνος
500 1750 664 1800 ἔσται.
703 1751 779 1801 Τὰ
828 1753 966 1803 αὑτά
1013 1769 1144 1821 φησι
1179 1755 1270 1804 καὶ
1304 1756 1330 1806 6
1358 1754 1399 1806 δ’
1435 1756 1612 1808 κανὼν
1667 1759 1764 1825 τῆς
1799 1761 1855 1808 ἐν

1957 1769 2116 1808 nune.
2151 1755 2350 1813 Eadem
2382 1755 2456 1808 ait
2485 1764 2537 1808 et
2568 1753 2602 1806 4
2641 1767 2817 1807 canon
2849 1750 3168 1805 Laodicenae
3196 1750 3411 1819 synodi,
3439 1757 3493 1804 et

295 1838 588 1907 Λεμοδικεὶᾳ
619 1840 858 1901 συνόδου,
899 1845 990 1893 καὶ
1031 1843 1225 1912 ἕτεροι.
1887 1839 1926 1890 Β
1957 1844 2070 1898 alii.

389 1928 707 1992 Ἐρώτησις·
739 1935 801 1980 ε’.
847 1931 1150 1982 Ἀκίνδυνόν
1189 1936 1334 1987 ἐστιν
1367 1933 1661 2000 ἱερατεύειν
1693 1935 1848 2003 ὀρθο-

2024 1933 2187 1986 Inter.
2227 1933 2278 1990 5.
2331 1941 2418 1989 An
2467 1934 2754 1988 orthodoxi
2805 1934 2925 2002 Syri
2977 1943 3030 1987 et
3088 1950 3152 1987 ex
3199 1934 3494 1998 Armeniis,

295 2017 506 2080 δῖτξους,
539 2021 763 2089 Σύρους,
798 2026 890 2077 καὶ
918 2023 974 2088 ἐξ
1015 2024 1328 2091 Ἀρμενίων,
1367 2025 1500 2076 ἀλλὰ
1536 2027 1640 2092 μὴν
1675 2029 1766 2076 καὶ
1793 2027 1848 2090 ἐξ

1954 2037 2160 2076 necnon
2212 2039 2274 2078 ex
2331 2025 2449 2078 aliis
2499 2025 2809 2094 regionibus
2849 2023 3012 2092 aliqui
3054 2023 3236 2077 ﬁdeles
3281 2023 3494 2091 propria

299 2109 503 2176 ἐτέρων
533 2112 723 2178 χωρῶν
758 2113 906 2173 τινὰς
941 2115 1182 2174 πιστοὺς,
1224 2114 1364 2167 κατὰ
1392 2114 1487 2182 τὴν
1515 2115 1714 2166 οἰκείαν
1739 2115 1850 2168 διά·

1955 2113 2133 2182 lingua
2168 2123 2319 2168 extra
2359 2115 2654 2182 periculum
2694 2129 2849 2169 sacra
2896 2113 3189 2175 celebrent,
3244 2129 3312 2166 an
3370 2128 3501 2166 vero

299 2197 588 2270 λεκτονή
634 2203 902 2264 παντοίως
946 2202 1340 2269 ἀναγκάζονται
1384 2203 1521 2272 μετὰ
1555 2204 1850 2274 Ἑλληνίδος

1955 2213 2217 2272 cogantur
2248 2222 2470 2276 prorsus
2511 2221 2633 2260 cum
2667 2206 2855 2260 Graeca
2895 2207 3163 2276 scriptura
3201 2205 3499 2261 sacerdotio

304 2289 602 2354 ἱερατεύειν
632 2291 884 2357 γραψῆςς
1951 2290 2132 2361 fungi?

389 2377 738 2440 Ἀπόκρισις.
791 2377 846 2428 Ὁ
891 2380 1060 2446 μέγας
1106 2379 1398 2441 ἀπόστολος
1453 2380 1660 2442 Παῦλος
1707 2379 1852 2434 Ῥω-

2023 2381 2146 2434 Res.
2205 2382 2431 2452 Magnus
2509 2383 2789 2451 apostolus
2851 2382 3050 2437 Paulus
3107 2383 3172 2436 ad
3230 2382 3502 2436 Romanos

307 2466 486 2531 μαίοις
509 2457 829 2518 ἐπιστέλλων
849 2470 1026 2536 φησίν·
1051 2465 1126 2520 Ἶι
1164 2470 1426 2522 Ἰουδαίων
1453 2471 1624 2537 μόνων
1646 2474 1672 2522 ό
1691 2471 1849 2535 Θεόςς

1956 2473 2200 2526 scribens
2228 2473 2400 2542 inquit
2430 2491 2444 2526 :
2483 2475 2562 2526 An
2591 2473 2897 2527 Judteorum
2919 2482 3126 2527 tantum
3170 2473 3342 2527 Deus?
3365 2472 3501 2527 Num

304 2558 426 2623 οὶχὶ
458 2557 510 2612 δὲ
551 2561 642 2608 καὶ
671 2559 872 2622 ἐθνῶν;
906 2561 994 2611 ναί
1041 2560 1133 2610 καὶ
1173 2560 1358 2612 ἐθνῶν.
1395 2561 1455 2610 Ol
1488 2561 1615 2626 γοῦν
1643 2561 1853 2628 όρθοδοο

1956 2568 2009 2612 et
2055 2560 2340 2628 gentium!
2369 2569 2514 2616 certe
2549 2572 2602 2616 et
2645 2564 2905 2632 gentium.
2937 2563 3038 2627 Qui
3075 2562 3240 2628 igitur
3269 2571 3416 2616 recte
3448 2561 3501 2614 in

309 2646 525 2714 ξοῦντες
553 2649 608 2698 ἐν
642 2651 791 2713 πᾶσι,
821 2651 918 2700 κᾶν
943 2645 1040 2700 ῶσι
1063 2649 1154 2716 τῆς
1181 2649 1478 2716 Ἑλληνίδος
1505 2649 1684 2716 φωνῆς
1708 2649 1854 2716 πάμ-

1958 2651 2209 2703 omnibus
2239 2652 2304 2704 de
2337 2652 2438 2704 (ide
2481 2653 2741 2716 sentiunt,
2774 2662 2825 2705 et
2852 2655 2896 2705 si
2927 2655 3037 2706 sint
3065 2651 3260 2706 Graeca:
3309 2652 3503 2721 lingua

312 2754 420 2786 παν
450 2739 730 2806 ἀμέτοχοι,
777 2740 909 2807 μετὰ
938 2741 1033 2807 τῆς
1089 2741 1220 2801 ἰδίας
1253 2739 1528 2790 διαλέκτου
1578 2741 1857 2808 ἱερουργή-

1958 2739 2178 2791 omnino
2203 2750 2472 2808 expertes,
2493 2742 2713 2810 propria
2764 2741 2994 2795 dialeeto
3017 2756 3168 2795 sacra
3191 2740 3501 2806 conﬁcient,

311 2845 516 2891 σουσιν,
537 2830 840 2897 ἀντίγραφα
867 2830 1076 2897 ἔχοντες
1096 2832 1201 2881 τῶν
1228 2831 1468 2898 συνήθων
1499 2829 1664 2895 ἁγίων
1687 2829 1855 2897 εὐχῶν

1959 2829 2281 2896 exemplaria
2304 2840 2682 2884 consuetarum
2704 2846 2979 2886 sacrarum
3006 2846 3223 2899 precum
3246 2812 3503 2884 habentes

311 2917 722 2986 ἀπαράλλακτα,
750 2920 822 2981 ὼς
864 2921 1276 2990 μεταγραφέντα
1317 2921 1380 2970 ἐκ
1409 2921 1701 2972 κοντακίων
1729 2920 1856 2972 καλ·

1959 2929 2064 2966 non
2093 2915 2410 2980 evariantia,
2442 2925 2498 2970 ut
2532 2919 2810 2986 desumpta
2844 2935 2907 2972 ex
2937 2919 3200 2972 contaciis
3241 2919 3504 2986 gracaui-

311 3010 755 3077 λιγραφηθέντων
779 3011 866 3067 δα
899 3011 1234 3080 γραμίλᾲτωεδ
1269 3010 1612 3078 Ἑλληνικῶν.

1278 3010 1612 3078 Ἑλληνικῶν.
1960 3006 2040 3057 cis
2069 3005 2261 3060 litteris
2290 3000 2561 3075 eleganter
2594 3008 2901 3076 descriptis.

397 3101 713 3164 Ἐρώτησις
744 3097 817 3162 ς’.
874 3098 1313 3168 Ἢῤῥαεωνίσατό
1353 3116 1434 3158 τις
1483 3100 1734 3164 γυναῖκα,
1767 3097 1857 3148 καὶ
1884 3139 1925 3168 ι,

1884 3139 1925 3168 Ι,
2031 3093 2194 3147 Inter.
2258 3095 2310 3149 6.
2361 3095 2708 3164 Desponsavit
2761 3098 2884 3165 quis
2931 3096 3034 3149 sibi
3088 3095 3393 3160 mulierem,
3448 3102 3504 3149 et

414 3139 704 3164 “r‘V'WV'S
746 3139 771 3162 δ
804 3139 817 3151 ⁸
893 3139 1313 3168 --Γισαννυητυυν
1363 3139 1432 3158 ὐτ
1495 3139 1734 3164 ι*⁷“”’”“”9
1767 3139 1857 3148 '""

314 3190 631 3258 ἐτελεύτησε
680 3190 783 3256 πρὸ
822 3188 913 3240 τοῦ
959 3189 1360 3258 ίερολογηθῆναι
1402 3189 1515 3257 μετ’
1556 3188 1754 3255 αὐτῆς,
1785 3188 1859 3249 ὼς
1884 3139 1926 3197 c

2261 3139 2310 3149 -.
2361 3139 2708 3164 ---γεω-η.
2762 3139 2883 3165 ν..-
2931 3139 3034 3149 -.-.
3088 3139 3393 3160 ...-..-.-...,
3451 3139 3505 3149 ν-

1884 3139 1926 3197 c
1962 3185 2274 3252 priusquam
2303 3199 2424 3238 cum
2460 3199 2520 3238 ea
2550 3201 2640 3254 per
2667 3185 3109 3248 benedictionem,
3139 3186 3281 3239 sicut
3304 3184 3505 3239 consti-

313 3280 642 3340 νενόμισται,
665 3279 756 3330 καὶ
789 3278 892 3343 πρὸ
917 3277 1009 3328 τοῦ
1034 3277 1363 3343 συναφθῆναι
1388 3277 1543 3343 αὐτῇ,
1583 3275 1858 3327 ἀκίνδυνόν

1961 3278 2131 3322 tutum
2190 3279 2293 3334 est,
2343 3273 2664 3335 initiaretur,
2725 3281 2777 3326 et
2836 3288 2960 3326 cum
3009 3288 3072 3326 ea
3133 3275 3501 3341 copularetur,

318 3373 435 3426 ἐστι
465 3371 665 3435 ταύτην
695 3368 876 3419 λαϐεῖν
906 3367 996 3419 τὸν
1031 3366 1217 3418 τούτου
1255 3365 1495 3433 ἀδελφὸν,
1526 3366 1559 3435 ἢ
1595 3364 1689 3428 οῦς

1962 3359 2196 3412 decessit
2251 3375 2266 3412 :
2329 3376 2395 3413 an
2460 3375 2521 3415 ea
2587 3363 2806 3430 impune
2868 3362 3034 3415 nubet
3097 3362 3258 3431 hujus
3323 3361 3501 3430 fratri,

1961 3450 2170 3502 necne?

402 3551 528 3602 ’Ax.
570 3543 642 3596 Τὸ
691 3545 850 3595 καλὸν
887 3545 984 3595 οὐκ
1015 3544 1127 3594 ἔστι
1160 3543 1340 3602 καλὸν,
1376 3543 1422 3593 εί
1461 3542 1534 3610 μὴ
1568 3541 1744 3602 καλῶς
1768 3541 1862 3606 γέ-

2031 3537 2150 3591 Res.
2189 3535 2339 3601 Quod
2382 3537 2601 3603 bonum,
2656 3553 2760 3592 non
2807 3539 3004 3592 bonum
3058 3547 3159 3604 est,
3215 3537 3321 3592 nisi
3365 3538 3501 3595 bene

318 3650 494 3702 νηται.
521 3632 580 3682 Ει
606 3631 733 3696 γοῦν
760 3633 790 3696 ἠ
825 3631 1105 3696 μνηστεία,
1130 3631 1246 3698 ἦτοι
1269 3632 1296 3680 6
1317 3629 1590 3698 ὰρῤαὕὼν,
1610 3629 1859 3698 ἐτελέσθη

1963 3629 2072 3680 llat.
2136 3626 2190 3680 Si
2231 3629 2392 3694 igitur
2432 3628 2703 3695 sponsalia
2747 3637 2800 3681 et
2832 3629 3153 3682 arrhabonis
3201 3627 3348 3682 datio
3383 3644 3502 3697 per-

318 3717 459 3768 κατὰ
509 3716 603 3783 τὴν
652 3713 996 3765 ὑποτύπωσιν
1037 3715 1130 3781 τῆς
1187 3715 1383 3784 νεαρᾶς
1421 3715 1732 3782 νομοθεσίας
1771 3715 1860 3766 τοῦ

1963 3713 2101 3765 lecta
2139 3713 2248 3764 sint
2272 3713 2426 3779 juxta
2459 3713 2869 3780 dispositionem
2905 3714 3125 3766 novella:
3152 3714 3497 3767 constitutio-

318 3805 563 3872 ἀοιδίμου
607 3803 863 3871 βασιλέως
907 3803 1092 3871 κυρίου
1147 3803 1379 3866 Ἀλεξίου
1425 3805 1514 3854 τοῦ
1559 3804 1860 3872 Κομνηνοῦ,

1962 3803 2046 3856 nis
2103 3802 2284 3870 inclyti
2340 3802 2700 3869 imperatoris,
2753 3802 2952 3856 domini
3007 3798 3159 3854 Alexi
3216 3801 3497 3866 Comnenl,

323 3897 462 3962 μετὰ
487 3893 703 3961 τελετῆς
747 3893 852 3943 τῶν
896 3893 1136 3958 συνήθων
1181 3892 1347 3957 ἁγίων
1381 3893 1551 3960 εὐχῶν
1575 3909 1588 3923 ·
1630 3893 1727 3959 τῆς
1765 3910 1861 3959 γυ-

1964 3907 2084 3946 cum
2116 3891 2561 3946 consecrationeI
2596 3893 2876 3946 solitarum
2917 3898 3221 3946 sanctarum
3254 3905 3495 3958 precum,

320 3985 508 4044 ναικδς
538 3983 698 4049 οῠσης
729 3983 1112 4044 δωδεκαετοῠς,
1142 3981 1234 4034 τοῦ
1265 3983 1320 4033 δὲ
1342 3983 1527 4051 ἀνδρὸς
1559 3983 1649 4035 τὸν
1672 4000 1864 4036 τεσσα-

1964 3981 2162 4035 ῑοιυὶηιι
2211 3979 2504 4034 excedente
2529 3995 2726 4032 annum
2760 3979 3158 4038 duodecimum,
3197 3979 3370 4031 virum
3405 3993 3500 4031 au-

325 4073 736 4142 ρεσκαιδέκατον
766 4073 950 4140 χρόνον
985 4072 1300 4134 ἀνύσαντος,
1335 4073 1392 4123 εὐ
1419 4072 1640 4140 λήψεται
1663 4072 1862 4139 ταύτην

1962 4080 2068 4124 tem
2117 4072 2382 4125 decimum
2431 4080 2699 4140 quartum,
2755 4083 2860 4122 non
2919 4069 3074 4122 ducet
3118 4082 3234 4121 eam
3281 4083 3499 4122 uxorem

322 4165 402 4220 είς
444 4162 615 4226 γάιον
647 4163 672 4212 6
720 4161 941 4228 ἀδελφὸς
980 4160 1162 4212 αὑτοῦ.
1207 4160 1262 4212 '0
1298 4161 1402 4228 γὰρ
1431 4160 1568 4213 οὕτω
1595 4161 1863 4223 τελεσθεὶς

1963 4160 2129 4214 frater
2156 4160 2296 4228 ejus.
2325 4159 2506 4228 Itaque
2527 4161 2667 4213 enim
2700 4158 2964 4228 perfectus
2987 4157 3220 4210 arrhabo
3245 4157 3499 4225 legitimis

324 4247 576 4314 app-.63»
610 4250 663 4297 ἐν
688 4249 815 4297 πᾶσι
845 4247 918 4316 τῷ
947 4252 1158 4317 νομίμῳ
1187 4246 1346 4311 γάμῳ
1366 4246 1692 4308 ταυτίζεται.
1717 4247 1778 4298 El
1806 4247 1862 4299 δέ

1962 4247 2164 4314 nuptiis
2204 4248 2256 4299 in
2282 4247 2532 4300 omnibus
2563 4245 2912 4298 assimilatttr.
2938 4241 3092 4307 Quod
3118 4243 3161 4297 si
3189 4242 3342 4310 juxta
3368 4256 3502 4295 con-

325 4340 466 4390 κατὰ
498 4337 592 4403 τὴν
623 4337 922 4403 κρατοῦσαν
950 4336 1254 4402 συνήθειαν,
1288 4334 1360 4394 ῶς
1404 4335 1758 4403 μανθάνομεν,
1786 4336 1864 4396 είς

1965 4335 2321 4396 suetudinem,
2349 4348 2466 4402 qua:
2498 4334 2576 4400 (ut
2605 4331 2910 4399 didicimus)
2933 4332 3137 4384 obtinet
3167 4331 3221 4383 in
3252 4331 3502 4386 omnibus

326 4423 502 4473 πάντα
530 4422 707 4489 σχεδὸν
731 4421 794 4471 τὰ
829 4421 966 4488 μέρη
995 4415 1086 4470 τού
1105 4419 1272 4469 Νότου
1303 4420 1394 4470 καὶ
1424 4420 1518 4486 τῆς
1559 4420 1862 4489 Ἀνατολῆς,
1894 4443 1940 4500 D

1894 4443 1940 4500 ι)
1967 4423 2076 4477 fere
2101 4424 2284 4477 Austri
2316 4433 2366 4475 et
2386 4422 2620 4476 Orientis
2649 4422 2908 4489 partibus,
2949 4427 3305 4488 praemortuus
3348 4420 3504 4471 aliter

327 4509 688 4576 ἀλλοτρόπως,
709 4509 736 4557 6
767 4505 938 4558 θανὼν
973 4507 1069 4574 τὴν
1105 4505 1401 4573 περιοῦσαν
1433 4507 1860 4576 ἡρῤαόωνίσατο,

1969 4513 2070 4568 sibi
2096 4513 2437 4580 superstitem
2468 4512 2919 4580 desponsaverat:
2951 4509 3110 4576 hujus
3138 4524 3424 4577 germanus
3453 4512 3502 4566 ei

329 4598 643 4665 συζευχθείη
667 4597 903 4664 νομίμως
933 4597 1065 4664 αὐτῇ
1106 4598 1132 4646 ὁ
1163 4595 1347 4646 τούτου
1378 4596 1719 4662 αύτάδελιρος.

986 4599 1065 4664 ϋτῇ
1106 4598 1132 4646 ὁ
1163 4595 1347 4646 τούτου
1378 4596 1719 4662 αὑτάδελιρος.
1967 4602 2200 4670 legitime
2236 4601 2609 4669 coniungatur.

414 4686 723 4752 Ἐρώτησις
763 4684 826 4744 ζ’.
901 4685 1430 4752 ⁹δοὶττροκριμαειτίστως
1471 4683 1770 4758 διακονικοῦ
1827 4686 1860 4756 ἢ

2042 4692 2208 4745 Inter.
2241 4692 2292 4744 7.
2323 4693 2403 4743 An
2445 4692 2560 4744 sine
2587 4688 2896 4758 praejudicio
2926 4689 3207 4742 diaconico
3235 4697 3286 4742 et
3318 4703 3503 4742 sacer-

334 4777 602 4844 ἱερατικοῦ
636 4773 837 4846 βαθμοῦ
869 4773 1120 4838 ἀξιωθείη
1145 4773 1172 4821 ὁ
1202 4772 1284 4824 διὰ
1341 4773 1398 4822 τὸ
1427 4754 1737 4840 τελευτῆσαι

1971 4782 2137 4836 dotali
2180 4781 2346 4849 gradu
2391 4754 2600 4847 dignus-
2638 4754 2938 4838 habebitur,
2985 4777 3074 4843 qui
3118 4791 3239 4828 cum
3291 4786 3502 4830 mortua

335 4864 753 4932 μνηστευθεῖσαν
781 4862 944 4929 αύτῷ,
977 4864 1162 4927 ἑτέραν
1191 4861 1416 4927 σύμϐιον
1449 4864 1798 4932 ἀγαγόμενος,
1832 4864 1860 4933 ἢ

1968 4871 2138 4938 ipsius
2171 4877 2313 4922 esset
2360 4884 2580 4937 sponsa,
2638 4869 2798 4919 alium
2870 4865 3150 4934 conjugem
3198 4864 3392 4928 duxit,
3435 4880 3497 4916 au

331 4955 404 5014 ὡς
440 4955 658 5018 δίγαμος
689 4953 1050 5019 κωλυθήσεται
1071 4968 1085 5014 ;

1967 4961 2112 5012 velut
2143 4960 2374 5012 binubus
2411 4956 2819 5026 prohibebitur?

417 5045 532 5094 Ἄστ.
567 5043 626 5094 Et
652 5043 749 5108 μὲν
793 5042 930 5091 κατὰ
969 5042 1064 5108 τὴν
1093 5042 1188 5108 τῆς
1225 5041 1479 5109 ῥηθείσης
1509 5041 1702 5108 νεαρᾶς
1741 5040 1867 5091 ὑπο-

2043 5048 2163 5101 Res.
2206 5047 2261 5098 Si
2292 5047 2505 5114 quidem
2534 5047 2683 5112 juxta
2728 5042 2996 5110 praedictae
3029 5042 3248 5096 novella:
3280 5040 3502 5092 formam

335 5132 571 5182 τύπωσιν
603 5128 1010 5198 ηρραϐωνίσατο
1049 5129 1144 5196 τὴν
1187 5129 1548 5196 ἀποιχομένην
1605 5129 1864 5196 μνηστὴν,

1976 5137 2328 5205 desponderat
2351 5135 2454 5187 sibi
2481 5143 2742 5187 mortuam
2767 5144 3039 5198 sponsam,
3072 5137 3193 5196 post
3217 5129 3332 5194 ejus
3361 5144 3503 5181 more

335 5222 494 5288 ἐτέρᾳ
523 5220 738 5285 γυναικὶ
764 5219 896 5283 μετά
932 5219 1021 5268 τὸν
1056 5218 1252 5285 ταύτης
1281 5216 1505 5268 θανατον
1530 5217 1865 5285 συζευχθεὶς,

1975 5230 2079 5272 tem
2116 5218 2206 5271 alii
2249 5217 2405 5270 uxori
2437 5217 2758 5282 conjunctus
2800 5229 2909 5268 non
2947 5218 3306 5280 consequetur
3335 5213 3501 5262 ullum

335 5313 432 5363 οὐκ
459 5309 710 5374 ἀξιωθείη
742 5305 942 5375 βαθμοῦ
986 5322 1125 5365 τινος
1152 5305 1259 5356 τῶν
1295 5304 1387 5356 τοῦ
1419 5303 1679 5372 βήματος.
1708 5303 1867 5368 Δίγα-

1976 5309 2160 5361 altaris
2188 5307 2411 5377 gradum
2451 5327 2463 5360 :
2496 5305 2728 5358 binubus
2776 5304 2917 5357 enim
2963 5309 3229 5357 censetur.
3282 5298 3374 5352 Sin
3407 5313 3501 5352 au-

341 5418 434 5470 μος
464 5402 569 5468 γὰρ
595 5397 886 5466 λογίζεται.
906 5397 968 5449 Et
987 5395 1042 5448 δέ
1070 5395 1216 5465 παρὰ
1236 5393 1332 5464 τὴν
1361 5395 1562 5464 ταύτης
1583 5393 1867 5464 περίληψιν

1972 5402 2078 5448 tem
2144 5403 2336 5464 prater
2392 5394 2511 5464 ejus
2561 5401 2798 5448 tenorem
2851 5406 2973 5446 cum
3033 5399 3245 5446 mortuo
3307 5403 3505 5458 sponsa

1582 5573 1810 5627 VAlllAi
1839 5569 2230 5627 LECTIONES.

417 5677 437 5708 ⁸
473 5669 785 5737 pt'rurtt'onc.
