4110 6458
576 375 684 442 959

1873 353 2149 412 THEOD.
2201 349 2680 410 BALSAMONIS

3707 343 3808 404 950

583 503 927 556 contractum
961 492 1208 554 iniverat,
1246 488 1360 541 siin-
1395 482 1784 550 impedimento
1817 474 2142 530 sacrabitur.

2270 469 2312 527 εδ
2351 467 2678 532 τελευτῆσαν
2719 461 3124 530 εμνηστεύσατο
3149 457 3402 526 γύναιον;
3441 456 3806 525 dmpsit-notit-

583 602 647 642 ut
675 586 766 655 qui
803 585 1046 650 bigamns
1072 595 1174 631 non
1212 584 1516 629 censeatur.

659 676 824 732 Inter.
854 674 907 727 8.
938 671 993 722 Si
1049 667 1303 722 sacerdos
1355 674 1546 716 tonsus
1603 659 1781 718 fuerit,
1830 662 2152 707 concessum

584 767 688 819 erit
715 765 762 817 ei
795 771 914 829 post
948 770 1227 811 tonsuram
1264 752 1592 812 sacriﬁcare,
1625 745 1835 801 annon?

660 853 775 907 Res.
813 851 947 903 Cum
974 847 1245 901 secundus
1281 858 1454 896 canon
1484 849 1686 894 sanctze
1717 846 1768 890 et
1803 830 2154 889 cecumenicae

588 946 776 1017 synodi
811 950 1013 995 coactas
1053 943 1105 990 in
1148 935 1497 990 sanctissimo
1541 932 1734 983 throno
1763 921 2152 979 Constantino-

589 1011 727 1106 polis
785 1035 901 1086 haec
950 1027 1269 1081 nominatim
1324 1022 1640 1092 promimiet
1690 1034 1704 1074 :
1770 1015 1990 1068 Etiamsi
2046 1011 2154 1064 huc

592 1140 763 1192 usque
799 1119 1043 1174 nonnulli
1075 1115 1368 1175 antistites,
1399 1112 1488 1178 qui
1529 1109 1593 1160 ad
1628 1105 2016 1158 menachorum
2059 1100 2156 1152 ha-

594 1218 768 1270 bitum
819 1208 1240 1264 descenderant,
1279 1213 1337 1256 ut
1365 1205 1417 1255 in
1453 1197 1746 1268 episcopali
1787 1193 2001 1261 fastigio
2039 1205 2156 1242 ma-

595 1315 802 1361 nerent.
857 1302 962 1354 vim
1012 1298 1374 1350 adhibuerunt
1427 1310 1440 1344 :
1485 1300 1539 1343 et
1583 1304 1705 1342 cum
1754 1286 1855 1338 hoc
1890 1286 2153 1342 facerent,

596 1393 822 1461 neglecti
852 1397 978 1442 sunt
1015 1404 1029 1438 :
1059 1394 1241 1437 sancta
1270 1392 1446 1433 tamen
1491 1389 1540 1430 et
1584 1374 1901 1432 universalis
1934 1373 2043 1424 hac
2069 1384 2157 1438 sy-

598 1457 796 1538 nodus.
835 1480 974 1530 hanc
1009 1472 1391 1542 negligentiam
1425 1482 1642 1535 quoque
1669 1465 1969 1529 corrigens.
2004 1466 2055 1512 et
2089 1457 2156 1510 ad

598 1574 738 1624 ritus
769 1567 1168 1623 ecclesiasticos
1209 1563 1347 1614 hanc
1388 1558 1750 1612 inordinatam
1782 1555 2045 1605 actionem
2076 1563 2156 1601 re-

598 1666 807 1723 digens.
867 1658 1058 1713 statuit
1111 1662 1168 1707 ut
1214 1655 1256 1707 si
1306 1653 1428 1719 quis
1476 1651 1786 1717 episcopus,
1834 1645 1912 1696 vel
1958 1641 2154 1708 aliquis

2258 574 2398 618 στως
2429 555 2808 622 ίερωθήσεται,
2841 551 2912 608 ὡς
2947 551 3020 617 μὴ
3053 548 3395 615 λογιζόμενος
3427 546 3674 612 δίγαμος.

2337 646 2648 710 Ἐρώτησις
2672 650 2743 706 η’.
2792 641 2992 708 ’ῐερεῦς
3026 640 3119 690 ἐὰν
3164 639 3439 705 ἀποκαρῇ.
3478 635 3811 704 ὲκχωρηθείη

2259 736 2560 804 ἱερουργεῖν
2595 731 2731 799 μετὰ
2763 735 2859 799 τὴν
2887 732 3214 794 ἁπόκαρσιν,
3250 727 3281 792 ἢ
3310 726 3406 789 ob;

2336 827 2456 876 ‘Au.
2504 823 2609 874 Τοῦ
2644 822 2686 891 β’
2729 820 2950 880 κανόνος
2975 819 3072 885 τῆς
3109 818 3165 866 ὲν
3220 813 3296 882 τῷ
3325 813 3612 882 ἁγιωτάτῳ
3648 812 3815 881 θρόνῳ

2253 920 2348 986 τῆς
2378 910 3000 969 Κωνσταντινουπόλεως
3035 905 3304 971 συστάσης
3333 905 3494 966 ἁγίας
3525 905 3616 954 καὶ
3645 905 3814 954 οἰκου-

2259 1005 2485 1075 μενικῆς
2513 1002 2732 1056 συνόδου
2756 998 2928 1052 ταῦτα
2951 997 3091 1048 κατὰ
3119 996 3270 1063 ῥῆμα
3297 993 3608 1055 διεξιόντοςο
3642 991 3700 1042 Εἰ
3727 992 3813 1042 καὶ

2257 1094 2418 1162 μέχρι
2446 1090 2537 1143 τοῦ
2580 1090 2674 1141 νῦν
2713 1089 2842 1140 ἔνιοι
2874 1086 2982 1138 τῶν
3014 1083 3338 1154 ἀρχιερέων,
3371 1084 3451 1143 είς
3480 1078 3542 1131 τὸ
3575 1079 3683 1130 τῶν
3712 1095 3814 1146 μο-

2254 1182 2433 1250 ναχῶν
2481 1181 2760 1241 κατιόντες
2801 1178 3010 1247 σχῆμα,
3063 1177 3120 1227 ιν
3156 1174 3231 1244 τῷ
3261 1174 3356 1242 τῆς
3411 1171 3816 1241 ἀρχιερωσύνης

2255 1274 2527 1337 ἐϐιάζοντο
2563 1269 2838 1339 διαμένειν
2884 1267 3029 1332 ὕψει,
3051 1306 3064 1320 .
3089 1303 3107 1320 .
3130 1304 3145 1319 .
3169 1303 3184 1318 .
3204 1302 3219 1317 .
3245 1306 3256 1319 .
3281 1305 3294 1318 .
3323 1265 3440 1318 ἀλλ’
3479 1263 3572 1316 οὖν
3613 1267 3644 1332 ὴ
3693 1263 3818 1330 ἁγία

2255 1364 2351 1416 καὶ
2379 1361 2733 1429 οίκουμενικὴ
2758 1358 2972 1422 σύνοδος
3004 1356 3164 1428 αὕτη,
3191 1360 3282 1410 καὶ
3309 1357 3465 1410 τοῦτο
3487 1355 3818 1425 ρυθμίζουσα

2256 1456 2314 1507 τὸ
2363 1455 2677 1521 παρόραμα,
2727 1452 2818 1504 καὶ
2869 1449 3003 1519 πρὸς
3043 1449 3164 1509 τοὺς
3219 1448 3707 1516 ὶκκλησιαστικοὺς
3736 1445 3813 1498 θεο

2259 1546 2427 1613 σμοὺς
2461 1544 2558 1613 τὴν
2593 1543 2827 1595 ἄτακτον
2852 1541 3056 1605 ταύτην
3090 1539 3436 1604 ἐπανάγουσα
3461 1536 3818 1605 πρᾶξιν,ὦρι-

2258 1652 2347 1688 σεν
2373 1635 2459 1686 ῐνα
2482 1636 2532 1685 εἰ
2558 1651 2635 1694 τις
2670 1635 2966 1693 ἐπίσκοπος
2997 1632 3028 1700 ἧ
3052 1649 3134 1692 τις
3159 1630 3313 1690 ἀλλος
3334 1628 3426 1680 τοῦ
3445 1625 3822 1698 ἀρχιερατικοῦ

599 1718 737 1803 alios
795 1718 865 1800 ex
927 1741 1218 1813 pontificali
1258 1718 1537 1806 dignitate.
1588 1733 1820 1787 votuerit
1877 1730 1944 1784 ad
1992 1730 2152 1781 vitam

2270 1723 2567 1792 ὶξιώματος
2617 1723 2752 1791 πρὸς
2795 1723 2886 1773 τὸν
2924 1723 3212 1790 μοναχικδν
3256 1720 3498 1786 Θελήσεις
3549 1718 3825 1770 κατελθεῖν

604 1795 737 1803 ””“’””
807 1795 865 1800 ⁷-
930 1795 952 1813 I’
972 1795 985 1797 “
1318 1795 1346 1806 ν

604 1843 955 1892 monasticam
995 1831 1346 1894 descendere,
1379 1831 1458 1882 vel
1490 1828 1818 1895 ptenitcnti'ze
1859 1825 2032 1875 locum
2059 1821 2158 1872 im-

2270 1815 2396 1885 βίον,
2422 1816 2623 1867 καὶτὸν
2647 1815 2743 1882 τῆς
2775 1815 3062 1883 μετανοίας
3090 1814 3252 1864 τόπον
3279 1812 3694 1878 ἀναπληρῶσαι,
3731 1826 3824 1876 μη-

605 1932 768 1995 plere,
828 1940 893 1977 ne
945 1923 1176 1989 amplius
1225 1920 1481 1970 antistitis
1534 1915 1854 1981 dignitatem
1917 1916 2155 1975 usurpet.

605 2019 989 2070 Monachorum
1051 2013 1191 2065 enim
1246 2007 1638 2078 professiones,
1695 2000 2052 2070 sulijectionis
2110 2006 2162 2049 et

605 2108 847 2162 discendi
889 2101 1201 2170 cupiditatis
1252 2100 1510 2149 rationem
1560 2096 1783 2153 habent,
1835 2106 1939 2144 non
1980 2097 2161 2142 autem

605 2199 864 2251 doctrinm
898 2196 978 2244 vel
1017 2193 1278 2258 primatus
1323 2206 1334 2240 :
1385 2203 1480 2239 nec
1511 2188 1648 2237 alios
1686 2196 1930 2252 pascere,
1978 2179 2072 2232 sed
2104 2191 2163 2231 se

607 2288 753 2357 pasci
787 2287 1126 2354 proﬁtentur.
1185 2281 1248 2331 Et
1285 2281 1424 2338 ideo,
1475 2274 1930 2343 quemadmodum
1970 2267 2165 2340 prandi-

606 2389 751 2431 ctuin
807 2384 911 2436 est,
969 2370 1313 2424 decernimus
1379 2376 1434 2418 ut
1488 2379 1642 2417 nemo
1692 2377 1898 2424 eorum,
1963 2359 2051 2426 qui
2109 2359 2163 2408 in

643 2465 963 2534 piscopalem
1016 2468 1403 2530 pastorumque
1459 2457 1760 2521 cataloguui
1805 2454 2006 2505 relatus
2059 2457 2160 2510 est,

608 2557 673 2608 ad
707 2571 916 2615 eorum,
940 2551 1030 2619 qui
1059 2557 1356 2617 pascuntur
1385 2554 1436 2598 et
1467 2557 1631 2614 agunt
1664 2545 2058 2611 paenitentiam,
2081 2541 2132 2592 lo
2151 2567 2163 2577 -

609 2659 818 2697 cumse
863 2642 1128 2694 demittat.
1167 2640 1222 2690 Si
1267 2638 1390 2704 quis
1418 2647 1594 2686 autem
1645 2637 1746 2687 hoc
1782 2633 1957 2684 facere
2002 2644 2165 2683 ausos

611 2737 797 2796 fuerit,
828 2739 947 2800 post
975 2730 1440 2782 denuntiationem
1475 2733 1529 2777 et
1558 2723 1973 2776 declaratiOnem
2008 2719 2167 2785 hujus

611 2829 766 2880 edita:
795 2823 1094 2880 sententiae.
1130 2823 1242 2885 ipse
1271 2823 1362 2886 qui
1396 2818 1634 2883 seipsum
1670 2811 1962 2881 episcopali
1999 2810 2166 2878 gradu

615 2920 860 2985 privavit,
895 2928 997 2964 non
1035 2911 1270 2976 amplius
1301 2908 1365 2961 ad
1396 2906 1654 2975 priorem,
1681 2917 1842 2971 quam
1875 2900 2032 2953 factis
2077 2899 2167 2952 de-

621 3006 848 3075 Spicatni
890 3003 1076 3057 halmit
1107 3002 1418 3068 dignitatem
1459 3006 1772 3050 revertetur.
1797 2991 2168 3060 Comprehen-

2264 1910 2378 1961 κέτι
2413 1907 2597 1958 λοιπὸν
2621 1907 2718 1975 τῆς
2752 1905 3141 1974 ἀρχιερατικῆς
3175 1903 3517 1970 ἀντιποιῆται
3551 1902 3728 1966 ἀξίας.
3761 1902 3824 1952 Δί

2263 2001 2371 2068 γὰρ
2392 2000 2498 2050 τῶν
2542 1997 2788 2066 μοναχῶν
2835 1996 3098 2063 συνθῆκαι
3129 1996 3403 2060 ὑποταγῆς
3436 1995 3616 2060 έχουσι
3651 1991 3824 2058 λόγον,

2264 2092 2356 2143 καὶ
2378 2089 2696 2158 μαθητείας,
2719 2087 2831 2140 ἀλλ’
2860 2086 2979 2154 ούχὶ
2996 2085 3337 2145 διδασκαλίας
3358 2085 3450 2135 καὶ
3473 2082 3792 2152 προεδρείας
3809 2097 3824 2111 ⁸

2264 2178 2384 2230 οὐδὲ
2409 2179 2715 2244 ποιμαίνειν
2743 2175 2955 2237 ἄλλους,
2987 2174 3120 2226 ἀλλὰ
3150 2172 3530 2242 ποιμαίνεσθαι
3561 2170 3827 2238 ὲπαγγέλ-

2263 2270 2465 2322 λονται.
2482 2270 2592 2329 Διδ,
2613 2266 2752 2321 καθὰ
2769 2268 3111 2335 προείρηται,
3135 2265 3460 2332 θεσπίζομεν
3487 2265 3682 2333 μηκέτι
3711 2261 3829 2314 τινὰ

2263 2361 2370 2412 τῶν
2393 2363 2452 2413 ὲν
2474 2358 2845 2429 ἀρχιερατικῷ
2868 2356 3154 2423 καταλόγῳ
3175 2357 3268 2408 καὶ
3290 2354 3560 2422 ποιμένων
3581 2353 3832 2414 ἐξεταζο-

2269 2455 2442 2521 μένων
2469 2455 2546 2513 είς
2571 2453 2668 2518 τὴν
2691 2450 2798 2500 τῶν
2829 2447 3266 2515 ποιμαινομένων
3301 2447 3394 2498 καὶ
3431 2443 3833 2510 μετανοούντων

2265 2542 2448 2612 χώραν
2463 2541 2652 2593 ἑαυτὸν
2676 2536 3083 2599 καταϐιϐάζειν.
3105 2537 3164 2586 Εί
3181 2535 3237 2586 δέ
3257 2551 3340 2596 τις
3367 2533 3523 2584 τοῦτο
3543 2532 3830 2599 τολμήσειε

2269 2633 2473 2701 πρᾶξαι
2493 2630 2629 2698 μετὰ
2647 2629 2741 2696 τὴν
2767 2627 3075 2694 εκφώνησιν
3102 2626 3193 2677 καὶ
3211 2625 3498 2689 διάγνωσιν
3515 2625 3612 2691 τῆς
3627 2622 3719 2673 νῦν
3739 2624 3829 2674 ἐκ·

2268 2717 2664 2786 πεφωνημένης
2688 2716 2883 2784 timeat),
2918 2715 3078 2775 αὐτὸς
3114 2713 3302 2765 ἑαυτὸν
3323 2712 3416 2765 τοῦ
3449 2711 3831 2780 ἀρχιερατικοῦ

2269 2809 2647 2875 ἀποστερήσας
2681 2803 2910 2874 βαθμοῦ,
2945 2791 3129 2855 οὐκέτι
3161 2802 3294 2867 πρὸς
3321 2802 3381 2853 τὸ
3415 2803 3676 2871 πρότερον
3701 2801 3833 2868 ὅπερ

2269 2898 2494 2967 ὴθέτησε
2522 2897 2608 2947 διὰ
2636 2897 2741 2947 τῶν
2767 2895 2942 2961 ἔργων
2967 2894 3181 2961 ἀξίωμα
3203 2891 3625 2960 ἐπαναστρέφει.
3651 2891 3830 2941 Κατα-

2270 2988 2606 3055 λαμϐἁνεται
2629 2987 2682 3036 δὲ
2714 2986 2814 3053 πρὸ
2845 2985 2942 3050 τῆς
2969 2985 3327 3052 ἑκφωνήσεως
3351 2983 3540 3034 τούτου
3575 2983 3648 3050 μὴ
3678 2984 3831 3050 μόθον

613 3098 762 3150 ditur
808 3107 984 3146 autem
1031 3102 1083 3144 et
1129 3100 1250 3142 ante
1293 3091 1454 3154 hujus
1506 3084 2010 3153 promulgationem,
2060 3094 2166 3131 non

2272 3081 2398 3137 τοὺς
2447 3076 2538 3126 τοῦ
2585 3077 2848 3142 βήματος,
2897 3074 3063 3140 ἡγουν
3114 3072 3518 3134 ὑποδιακόνους,
3558 3057 3830 3131 διακόνους

615 3189 786 3240 solum
820 3200 934 3238 eos.
963 3183 1053 3250 qui
1088 3181 1243 3232 altari
1281 3180 1546 3240 serviunt,
1601 3173 1966 3226 subdiaconus
2017 3169 2168 3222 vide-

614 3278 741 3329 licet
769 3277 1027 3328 diaconos
1057 3282 1110 3326 et
1152 3270 1496 3330 sacerdotes;
1528 3265 1620 3319 sed
1648 3264 1989 3316 ctantistites
2023 3262 2169 3327 ipsos

614 3369 772 3419 etiam
815 3373 939 3434 post
971 3376 1246 3416 tonsuram
1278 3359 1603 3413 sacrificare.
1639 3355 1772 3408 Cum
1819 3354 1984 3419 igitur
2026 3350 2169 3403 anti-

614 3458 771 3510 stites
802 3470 922 3508 cum
951 3454 1211 3522 gravitate
1264 3450 1523 3500 canonica
1563 3461 1591 3497 a
1628 3442 1932 3498 sacerdotio
1964 3442 2170 3495 abalie-

617 3549 725 3598 nati
758 3548 886 3605 sint,
926 3557 1203 3610 propterea
1236 3541 1378 3607 quod
1421 3550 1540 3606 post
1578 3545 1857 3589 tonsuram
1887 3534 1951 3587 ad
1990 3535 2168 3586 locum

615 3633 1006 3700 ἁίεοὶριιυισιιιη
1057 3640 1108 3683 ct
1159 3630 1535 3696 ptenitentinm
1591 3625 1865 3686 venerint,
1938 3623 2170 3689 indeque

616 3725 777 3777 alieni
833 3721 957 3772 facti
1008 3719 1207 3771 fuerint
1265 3717 1524 3784 dignilate
1565 3713 1811 3766 doctoria
1857 3712 2168 3765 sacerdotes

615 3813 859 3874 Omnino,
906 3819 959 3863 et
1003 3810 1094 3876 qui
1142 3807 1459 3874 simpliciter
1504 3804 1661 3855 altari
1722 3801 1962 3855 serviunt
2006 3802 2169 3854 etiam

620 3909 741 3969 post
799 3909 1078 3952 tonsuram
1121 3897 1256 3948 citra
1299 3892 1741 3959 impedimentum
1800 3890 2171 3957 operabuntur

619 4005 738 4056 quae
789 3987 853 4039 ad
901 3989 1137 4054 ipsorum
1183 3983 1380 4052 gradus
1425 3982 1713 4048 pertinent.
1771 3977 1902 4030 Nam
1949 3986 2000 4030 et
2045 3986 2171 4029 ante

622 4089 900 4130 tonsuram
943 4077 1163 4142 pariter,
1201 4089 1261 4124 at:
1293 4080 1411 4139 post
1441 4068 1681 4123 eamdem
1716 4067 1926 4120 fuerant
1955 4077 2007 4120 et
2044 4072 2172 4120 sunt

619 4165 868 4233 discipuli
901 4174 956 4216 et
995 4163 1243 4229 subjecti.

693 4254 855 4307 Inter.
889 4253 941 4307 9.
985 4252 1041 4304 Si
1074 4252 1245 4304 laicus
1298 4251 1351 4302 in
1391 4252 1594 4302 somnis
1636 4259 1959 4315 imaginatus
1990 4246 2168 4310 fuerit,

624 4354 861 4397 mcrctur
883 4357 946 4394 eo
979 4343 1065 4394 die
1093 4341 1392 4392 divinarum
1431 4337 1916 4390 sanctiﬁcationum
1951 4337 2170 4405 partici-

2276 3166 2372 3219 καὶ
2402 3169 2582 3235 ίερεῖς,
2622 3165 2757 3216 ἀλλὰ
2799 3165 2891 3216 καὶ
2932 3165 3128 3225 αὐτοὺς
3159 3165 3284 3224 τοὺς
3315 3165 3593 3234 ἀρχιερεῖς
3631 3165 3832 3234 ίερουρσ

2276 3259 2392 3324 γεῖν
2427 3259 2518 3308 καὶ
2553 3257 2691 3325 μετὰ
2721 3256 2818 3324 τὴν
2861 3255 3185 3323 απόκαρσιν.
3221 3254 3344 3305 Τῶν
3371 3253 3500 3320 γοῦν
3539 3255 3830 3323 ἀρχιερέων

2280 3349 2396 3416 μετ’
2431 3347 2744 3415 ὲμσριθείας
2777 3347 3060 3412 κανονικῆς
3089 3346 3152 3395 ἐκ
3178 3344 3278 3409 τῆς
3317 3344 3611 3413 ἱερωσύνης
3638 3343 3829 3406 ἀποξε-

2278 3440 2574 3500 νωθέντων,
2609 3438 2695 3490 διὰ
2749 3438 2809 3488 τὸ
2859 3436 2995 3504 μετὰ
3049 3437 3148 3503 τὴν
3205 3435 3512 3503 ἀπόκαρσιν
3542 3435 3620 3492 είς
3675 3436 3834 3487 τόπον

2280 3531 2667 3601 μαθητιώντων
2715 3528 2807 3578 καὶ
2850 3525 3254 3593 μετανοούντων
3302 3526 3495 3587 ἐλθεῖν,
3546 3524 3832 3577 κάντεῦθεν

2277 3619 2784 3688 ἀπαλλοτριωθῆναι
2815 3617 2906 3668 τοῦ
2936 3616 3317 3668 διδασκαλικοῦ
3347 3616 3675 3684 ἀξιώματος,
3705 3617 3835 3667 παν-

2274 3729 2381 3773 τως
2416 3712 2467 3763 οί
2505 3711 2666 3777 ἱερεῖς
2692 3710 2785 3760 καὶ
2817 3706 3000 3769 ἁπλῶς
3030 3707 3078 3756 οἱ
3118 3705 3208 3756 τοῦ
3241 3706 3481 3774 βήματος
3513 3706 3832 3771 ἁπαρεμπο-

2275 3803 2468 3863 δίστως
2513 3799 2607 3852 καὶ
2654 3798 2789 3866 μετὰ
2836 3797 2933 3864 τὴν
2993 3795 3294 3864 ἁπόκαρσιν
3349 3794 3414 3846 τὰ
3460 3794 3567 3845 τῶν
3617 3793 3834 3861 βαθμῶν

2276 3893 2628 3960 ὲνερτήσουσι
2666 3891 2870 3942 δίκαια.
2905 3889 3011 3939 Καὶ
3043 3886 3145 3956 πρὸ
3189 3886 3282 3953 τῆς
3322 3886 3681 3955 ἀποκάρσεως
3730 3890 3832 3952 γὰρ

2278 3981 2556 4042 ὡσαύτως,
2619 3981 2714 4032 καὶ
2767 3978 2903 4048 μετὰ
2951 3977 3046 4046 τὴν
3101 3978 3402 4044 ἁπόκαρσιν
3448 3976 3688 4046 μαθηταὶ
3743 3977 3834 4027 καὶ

2279 4071 2635 4122 ὑποτακτικοὶ
2663 4065 2802 4138 ἦσαν
2833 4069 2925 4118 καὶ
2958 4065 3083 4119 είσί.

2360 4251 2680 4318 Ἐρώτησις
2715 4247 2780 4301 θ’.
2834 4248 3033 4308 Λαῖκὸς
3095 4247 3186 4298 ίαν
3236 4245 3540 4314 φαντασθῇ,
3581 4245 3831 4311 ἀξιωθείη

2280 4340 2591 4411 αὐθημερὸν
2627 4340 2722 4408 τῆς
2748 4339 2857 4390 τῶν
2886 4338 3044 4389 θείων
3087 4336 3441 4403 ὰγιασμάτων
3483 4334 3767 4402 μεθέξεως,
3795 4336 3829 4403 ἢ

624 4439 917 4503 pationcm,
946 4431 1159 4484 necne?
1185 4429 1247 4481 Et
1277 4445 1343 4481 an
1371 4428 1646 4491 sacerdos,
1682 4428 1771 4495 qui
1797 4427 1936 4480 idem
1973 4441 2166 4496 passus

2278 4431 2336 4483 ού
2359 4448 2373 4495 ;
2405 4432 2495 4482 καὶ
2522 4430 2699 4498 ίερεὺς
2720 4429 2813 4480 ἐὰν
2835 4426 3133 4495 φαντασθῇ,
3161 4426 3498 4493 ἱερουργήσει
3527 4426 3647 4476 κατ’
3671 4423 3833 4492 αὐτὴν

621 4534 726 4585 cst,
750 4537 899 4576 sacra
934 4521 1202 4582 conﬁciet,
1245 4517 1455 4570 necne?

699 4612 818 4665 Res.
848 4611 1133 4662 Antistites
1167 4609 1365 4676 (inquit
1405 4622 1559 4659 sacra
1598 4605 1903 4674 Scriptura)
1942 4605 2084 4659 dona
2120 4613 2174 4660 et

622 4705 833 4757 hostias
863 4701 1115 4760 oﬂ'erens,
1149 4699 1214 4750 ab
1248 4697 1556 4749 hominibus
1584 4697 1798 4762 accipit,
1830 4705 1881 4747 et
1919 4697 2175 4762 quemad-

627 4794 842 4845 modum
893 4789 1047 4842 oﬂ'ert
1088 4788 1193 4840 Deo
1233 4803 1328 4855 pro
1375 4786 1590 4854 populo,
1635 4785 1714 4837 sic
1754 4793 1805 4836 et
1846 4798 1940 4850 pro
1971 4786 2171 4851 seipso.

626 4882 756 4934 Nam
798 4891 849 4934 et
889 4895 1010 4933 eum
1062 4879 1255 4946 premit
1295 4877 1527 4929 carnalis
1568 4874 1899 4926 inﬁrmitatis
1941 4876 2170 4941 pondus.

629 4969 824 5024 Verum
863 4981 918 5024 et
957 4984 1051 5039 per
1097 4966 1277 5019 Mosen
1321 4966 1456 5018 dixit
1488 4963 1765 5024 Dominus,
1813 4962 1993 5015 Mundi
2027 4977 2178 5014 mun-

628 5061 755 5114 dum
782 5060 997 5112 adeant.
1034 5058 1294 5110 Maculam
1327 5062 1503 5106 autem
1530 5053 1734 5104 habens
1762 5053 1814 5103 in
1841 5054 2039 5113 anima,
2076 5055 2175 5104 sub

630 5150 807 5203 velum
841 5165 1013 5202 meum
1045 5164 1149 5201 non
1199 5145 1550 5214 ingredietur,
1581 5157 1679 5194 nec
1709 5142 1772 5192 ad
1803 5141 1969 5193 altare
1997 5156 2174 5195 meum

629 5239 1102 5310 appropinquabit.
1138 5236 1288 5291 Unde
1319 5243 1374 5289 et
1413 5244 1518 5286 tres
1561 5232 1890 5286 sanctissimi
1942 5232 2177 5299 patriar-

629 5333 742 5384 cha:
775 5331 955 5382 throni
993 5327 1367 5391 Alexandria,
1405 5333 1623 5376 sanctus
1668 5320 1952 5388 Dionysius
1986 5320 2165 5372 videli-

628 5429 714 5473 cet
748 5418 1049 5473 rescribens
1084 5418 1147 5470 ad
1192 5415 1476 5469 BaSilidem
1505 5412 1836 5480 episcopum,
1866 5418 1917 5463 et
1950 5426 2175 5479 magnus

630 5510 979 5570 Athanasius,
1005 5508 1244 5576 regulam
1274 5504 1628 5574 praescribens
1662 5502 1924 5554 monacho
1959 5503 2176 5556 cuidam

635 5607 825 5656 Amum
855 5600 1257 5669 cognominata,
1287 5606 1342 5650 et
1377 5605 1595 5650 sanctus
1635 5591 1968 5652 Timotheus,
2002 5593 2066 5646 de
2119 5609 2176 5646 re

630 5689 934 5762 hujusmodi
982 5688 1369 5756 respondentes
1404 5684 1743 5753 quibusdam,
1792 5684 1878 5748 qui
1911 5682 2056 5750 ipsos
2093 5684 2177 5736 in-

2279 4521 2377 4589 τὴν
2400 4521 2616 4588 ἡμέραν
2645 4517 2735 4569 τοῦ
2762 4517 3101 4584 φαντασμοῦ,
3142 4515 3173 4583 ἦ
3204 4513 3262 4567 οὗ
3295 4533 3310 4580 ;

2364 4611 2494 4663 Ἀρι,
2542 4610 2598 4660 Ὀ
2633 4608 2958 4677 προσφέρων
3008 4606 3162 4675 (φησὶ
3190 4605 3250 4656 τὸ
3296 4605 3531 4672 Γράμμα
3569 4605 3628 4657 τὸ
3668 4603 3828 4673 ἱερὸν)

2279 4701 2428 4769 δῶρα
2472 4702 2564 4751 καὶ
2605 4699 2796 4758 θυσίας
2844 4697 3147 4764 ἀρχιερεὺς,
3173 4695 3231 4758 ἐξ
3279 4695 3577 4763 ἀνθρώπων
3625 4695 3832 4764 λαμσά-

2280 4807 2447 4851 νεται,
2481 4790 2574 4840 καὶ
2606 4787 2787 4848 καθὼς
2819 4789 2944 4855 περὶ
2969 4785 3060 4837 τοῦ
3096 4784 3223 4836 λαοῦ
3262 4785 3556 4854 προσφέρει
3584 4785 3660 4852 τῷ
3695 4785 3831 4851 Θεῷ,

2277 4880 2417 4931 οὕτω
2446 4878 2508 4946 δὴ
2540 4880 2631 4930 καὶ
2663 4878 2790 4946 περὶ
2825 4874 3045 4926 ἑαυτοῦ·
3075 4875 3192 4925 ἐπεὶ
3223 4874 3316 4925 καὶ
3341 4873 3489 4941 αὐτῷ
3515 4873 3680 4942 βάρος
3707 4891 3834 4944 σαρ-

2277 4971 2436 5036 κικῆς
2464 4967 2744 5025 ἀσθενείας
2797 4965 3087 5016 ἐπίκειται.
3134 4963 3290 5015 Ἀλλὰ
3340 4965 3430 5015 καὶ
3478 4964 3564 5015 διὰ
3593 4965 3835 5027 Μωσέως

2276 5057 2428 5114 εἷπεν
2458 5065 2483 5114 ό
2520 5062 2741 5129 Κύριος,
2771 5059 2834 5110 Ol
2866 5057 3092 5125 καθαροὶ⁸
3123 5057 3198 5124 τῷ
3220 5057 3443 5125 καθαρῷ
3473 5059 3832 5122 προσίτωσαν.

2286 5150 2346 5202 '0
2383 5150 2438 5201 δὲ
2495 5148 2680 5216 μῶμον
2729 5146 2866 5214 ἔχων
2906 5147 3042 5196 κατὰ
3088 5143 3286 5213 ψυχὴν,
3317 5146 3452 5211 πρὸς
3502 5144 3563 5196 τὸ
3589 5145 3830 5196 καταπέ-

2278 5237 2462 5305 τασμά
2494 5253 2592 5303 μου
2620 5235 2716 5286 οὐκ
2747 5231 3137 5296 είσελεύσεται,
3161 5233 3254 5283 καὶ⁵
3287 5232 3420 5300 πρὸς
3450 5231 3510 5283 τὸ
3541 5233 3836 5302 θυσιαστή-

2285 5331 2396 5401 ριόν
2462 5346 2564 5390 μου
2619 5328 2716 5378 οὐκ
2766 5327 2972 5393 ὲγγιεῖο
3022 5324 3142 5377 ὅθεν
3187 5325 3281 5376 καὶ
3335 5320 3835 5393 τρεῖς’ἁγιώτατοι

2282 5421 2615 5488 πατριάρχαι
2649 5416 2741 5468 τοῦ
2775 5415 2964 5484 θρόνου
2999 5415 3098 5481 τῆς
3153 5413 3574 5484 Ἀλεξανδρείας,
3602 5418 3631 5467 ό
3680 5416 3834 5481 ἅγιος

2281 5510 2551 5569 Διονύσιος
2578 5506 2798 5575 δηλαδὴ,
2826 5504 3174 5571 ἀντιγράφων
3209 5504 3340 5570 πρὸς
3367 5503 3682 5571 Βασιλείδην
3714 5505 3834 5556 ἐπί-

2283 5605 2501 5660 σκοπον,
2536 5597 2563 5646 ό
2613 5597 2783 5662 μέγας
2825 5592 3139 5652 ’Δθανάσιος
3173 5590 3467 5653 κανονίζων
3497 5590 3621 5643 τινὰ
3670 5608 3834 5660 μονιι⁴

2282 5688 2394 5753 χον,
2433 5683 2629 5751 Ἀμοῦν
2653 5680 3142 5750 ἐπονομαζόμενον,
3186 5679 3277 5730 καὶ
3303 5679 3332 5730 ό
3366 5679 3516 5745 ἅγιος
3548 5679 3832 5748 Τιμόθεος,
