4110 6462
591 365 700 431 959

1889 349 1986 407 ΤΠ
2005 349 2164 408 ΕΟῘ).
2217 349 2307 405 BA
2326 347 2696 407 LSAMONIS

3723 346 3825 407 960

599 493 943 545 contractum
977 483 1224 546 inivcrat,
1261 479 1376 533 εἴη.»
1410 475 1800 544 Impedimeuto
1832 469 2157 525 sacrabitur.

2273 465 2327 524 τὴ
2366 465 2693 530 τειευτῆσαν
2735 459 3138 528 εμνηστεύσατο
3164 458 3416 526 γύναιον;
3456 457 3822 527 ἀπαρεμποόί-

597 591 662 632 ut
690 576 781 644 qui
818 575 1061 641 bigatuus
1087 587 1189 622 non
1227 577 1531 621 censeatur.

673 665 838 721 Inter.
868 664 922 718 8.
952 662 1007 713 Si
1063 659 1317 713 sacerdos
1369 667 1560 708 tonsus
1617 653 1796 712 fuerit,
1845 657 2166 702 concessum

599 756 702 808 erit
729 755 776 806 ei
809 761 928 820 post
961 761 1241 802 tonsuram
1278 745 1606 804 sacriﬁcare,
1639 739 1849 794 annon?

674 843 789 896 Ra.
827 841 961 894 Cum
988 839 1258 892 secundus
1294 851 1467 888 canon
1498 843 1700 887 sancta:
1731 841 1782 884 et
1817 825 2168 884 mcumenica:

601 936 790 1006 synodi
825 941 1027 986 coactae
1067 934 1118 982 in
1161 927 1510 981 sanctissimo
1555 925 1747 976 throno
1777 917 2166 973 Constantino-

602 1027 739 1094 polis
799 1025 914 1076 haic
963 1019 1281 1072 nominatim
1337 1016 1652 1084 promuuiet
1703 1028 1717 1068 :
1783 1009 2003 1062 Etiamsi
2059 1007 2166 1059 huc

605 1129 776 1182 usque
812 1110 1056 1164 nonnulli
1087 1107 1380 1167 antistites,
1411 1105 1500 1170 qui
1542 1103 1606 1154 ad
1641 1099 2028 1152 monachorum
2071 1095 2168 1147 ha-

607 1207 780 1259 bitum
832 1199 1252 1256 descenderant,
1291 1205 1348 1248 ut
1377 1197 1428 1247 'm
1465 1191 1758 1261 episcopali
1799 1189 2013 1256 fastigio
2051 1201 2170 1238 ma-

606 1303 814 1352 nerent.
869 1292 974 1344 vim
1024 1289 1386 1341 adhibuerunt
1439 1303 1452 1337 :
1497 1293 1551 1335 et
1595 1297 1717 1335 cum
1766 1281 1866 1332 hoc
1902 1282 2165 1338 facerent,

607 1383 835 1450 neglecti
864 1388 990 1432 sunt
1026 1395 1040 1429 :
1070 1386 1252 1428 sancta
1281 1383 1458 1424 tamen
1502 1381 1551 1423 et
1596 1368 1913 1424 universalis
1945 1369 2055 1419 haec
2081 1379 2168 1433 sy-

609 1474 806 1527 nodus.
846 1470 985 1520 hanc
1020 1464 1402 1533 negligentiam
1436 1475 1652 1527 quoilue
1680 1459 1980 1522 corrigens.
2015 1462 2066 1507 et
2101 1453 2166 1505 ad

609 1563 748 1614 ritus
780 1558 1179 1612 ecclesiasticos
1220 1555 1357 1606 hanc
1399 1551 1760 1604 inordinatam
1793 1550 2056 1598 actionem
2086 1558 2167 1596 re-

609 1655 817 1712 digcns,
878 1649 1069 1703 statuit
1121 1653 1178 1697 ut
1224 1647 1266 1699 si
1317 1646 1439 1711 quis
1487 1644 1796 1710 cpiscopus,
1844 1639 1923 1690 vel
1968 1636 2164 1704 aliquis

609 1743 748 1792 altus
813 1753 875 1790 ex
937 1732 1228 1803 pontiﬁcali
1269 1732 1547 1799 dignitate.
1598 1727 1830 1781 voluerit
1887 1726 1953 1778 ad
2003 1726 2162 1776 vitam

2273 571 2413 614 στοις
2445 553 2822 620 ίερωθήσεται,
2855 550 2927 608 ὡς
2962 551 3035 616 μὴ
3068 548 3410 614 λογιζόμενος
3442 547 3688 614 όίγαμος.

2351 643 2662 708 Ἐρώτησις
2687 648 2757 704 η’.
2807 640 3007 706 Ἱερεὺς
3040 639 3134 690 ἐὰν
3179 639 3454 706 ἀποκαρῇ,
3492 637 3826 706 ὲκχωρηθείη

2273 733 2574 800 ἱερουργεῖν
2609 729 2744 797 μετὰ
2778 733 2874 798 τὴν
2901 731 3227 793 ἁπόκαρσιν,
3264 728 3295 792 ἢ
3324 727 3420 790 οὓς

2350 823 2470 873 ‘AJI.
2518 821 2623 872 ἰὐῡ
2657 820 2700 888 β’
2743 819 2963 879 κανόνος
2989 819 3086 884 τῆς
3123 818 3178 867 ὲν
3233 814 3310 883 τῷ
3339 815 3626 883 ἁγιωτάτῳ
3661 814 3829 884 θρόνῳ

2266 916 2362 982 τῆς
2392 909 3013 968 Κωνσταντινουπόλεως
3048 905 3317 972 συστάσης
3347 907 3506 967 ἁγίας
3538 907 3628 956 καὶ
3657 907 3828 956 οἰκου-

2271 1003 2498 1072 μενικῆς
2527 1001 2745 1053 συνόδου
2769 997 2942 1050 ταῦτα
2964 997 3104 1047 κατὰ
3132 996 3282 1062 ῥῆμα
3310 993 3621 1056 διεξιόντος·
3654 994 3712 1044 εἰ
3740 994 3827 1044 καὶ

2271 1091 2430 1158 μέχρι
2459 1087 2550 1140 τοῦ
2593 1088 2687 1139 νῦν
2726 1087 2855 1138 ἔνιοι
2887 1085 2995 1137 τῶν
3027 1084 3351 1154 ἀρχιερέων,
3384 1085 3463 1144 είς
3493 1079 3554 1132 τὸ
3587 1081 3694 1132 τῶν
3724 1097 3829 1149 μο-

2267 1179 2445 1247 ναχῶν
2494 1179 2772 1239 κατιόντες
2814 1177 3022 1246 σχῆμα,
3075 1177 3132 1227 ὲν
3168 1174 3243 1244 τῷ
3273 1174 3369 1243 τῆς
3424 1174 3829 1243 ἀρχιερωσύνης

2267 1270 2539 1333 ἐϐιάζοντο
2575 1267 2850 1337 διαμένειν
2896 1266 3040 1332 ὕψει,
3063 1305 3076 1319 .
3101 1302 3119 1320 .
3141 1303 3157 1319 .
3180 1303 3194 1318 .
3216 1302 3230 1317 .
3256 1307 3268 1319 .
3293 1305 3306 1318 .
3335 1265 3453 1318 ἀλλ’
3490 1264 3582 1318 οὖν
3623 1269 3655 1333 ἡ
3705 1266 3832 1332 ἀγία

2267 1360 2362 1412 xui
2391 1358 2744 1427 οίκουμενικὴ
2769 1357 2983 1420 σύνοδος
3016 1355 3175 1427 αὕτη,
3203 1359 3294 1409 xui
3320 1358 3476 1411 τοῦτο
3498 1357 3831 1426 ρυθμίζουσα

2267 1452 2325 1503 τὸ
2374 1452 2689 1518 παρόραμα,
2737 1450 2830 1502 xui
2880 1448 3014 1518 πρὸς
3054 1449 3175 1509 τοὺς
3229 1448 3718 1517 ἐκκλησιαστικοὺς
3747 1448 3826 1500 Os.

2270 1542 2438 1610 σμοὺς
2473 1541 2568 1610 τὴν
2605 1540 2838 1592 ἄτακτον
2863 1540 3067 1605 ταύτην
3100 1539 3447 1605 ὲπανάγουσα
3471 1540 3683 1606 πρᾶξιν,
3701 1538 3830 1608 ὦριο

2268 1649 2358 1684 σεν
2383 1631 2469 1683 ῐνα
2492 1633 2543 1682 εί
2569 1648 2645 1692 τις
2681 1633 2976 1692 ἐπίσκοπος
3007 1631 3039 1699 ἦ
3063 1648 3144 1691 τις
3169 1630 3324 1690 ἀλλος
3345 1629 3436 1681 τοῦ
3455 1629 3834 1699 ἀρχιερατικοῦ

2268 1720 2577 1788 ἀξιώματος
2627 1721 2762 1789 πρὸς
2805 1721 2896 1771 τὸν
2933 1723 3223 1789 μοναχικδν
3265 1721 3508 1787 θελήσειε
3560 1721 3835 1772 κατελθεῖν

614 1832 964 1881 monasticam
1005 1822 1356 1887 descendere,
1389 1823 1467 1874 vel
1499 1822 1827 1887 pmuitcutiaﬁ
1868 1819 2042 1869 locum
2069 1815 2168 1868 im-

2273 1812 2406 1882 βίον,
2431 1814 2522 1864 xui
2544 1814 2634 1864 τὸν
2657 1813 2752 1880 τῆς
2784 1815 3071 1881 μετανοίας
3099 1814 3262 1864 τόπον
3289 1813 3703 1880 ἀναπληρῶσαι.
3739 1829 3835 1878 μη-

614 1921 777 1984 plere,
837 1930 902 1967 ne
954 1914 1185 1980 amplius
1235 1911 1490 1961 antistitis
1543 1908 1863 1974 dignitatem
1926 1911 2165 1970 usurpet.

615 2009 999 2059 Monachorum
1059 2005 1199 2056 enim
1255 1999 1646 2070 professiones,
1703 1995 2060 2064 suhjeCtionis
2119 2002 2172 2044 et

613 2098 855 2151 discendi
897 2093 1210 2161 cupiditatis
1260 2092 1518 2141 rationem
1569 2089 1791 2147 habent,
1843 2101 1947 2138 non
1989 2093 2169 2137 autem

613 2189 872 2240 doctrinm
907 2187 986 2234 vel
1025 2185 1286 2249 primatus
1331 2198 1342 2232 :
1393 2195 1488 2231 nec
1519 2180 1656 2230 alios
1694 2191 1938 2245 pascere,
1986 2174 2080 2227 sed
2112 2187 2171 2226 se

615 2278 761 2346 pasci
795 2277 1134 2344 proﬁtentur.
1193 2272 1256 2323 Et
1293 2273 1432 2330 ideo,
1483 2267 1937 2335 quemadmodum
1977 2263 2173 2334 prwdi-

614 2379 759 2420 ctum
815 2374 918 2428 est,
977 2361 1320 2415 decernimus
1386 2369 1441 2410 ut
1495 2372 1649 2410 nemo
1699 2371 1906 2417 eorum,
1970 2354 2059 2421 qui
2117 2354 2170 2404 in

651 2455 970 2524 piscopalem
1023 2459 1409 2521 pastorumque
1466 2451 1766 2514 catalogum
1811 2448 2013 2498 relatus
2065 2453 2167 2506 est,

615 2546 680 2596 ad
715 2561 922 2605 eorum,
947 2542 1036 2610 qui
1066 2549 1362 2608 pascuntur
1391 2547 1442 2590 et
1474 2549 1636 2606 agunt
1670 2539 2065 2604 pcenitentiam,
2088 2536 2169 2587 lo-

615 2649 737 2686 cum
768 2649 825 2686 se
869 2632 1134 2684 demittat.
1173 2631 1228 2681 Si
1273 2631 1395 2695 quis
1424 2639 1600 2679 autem
1650 2630 1752 2680 hoc
1789 2627 1964 2678 facere
2008 2639 2172 2678 ausus

617 2727 802 2785 fuerit,
834 2729 952 2790 post
981 2721 1446 2773 denuntiationem
1481 2725 1534 2770 et
1563 2717 1979 2769 declaratiOnem
2014 2714 2173 2780 hujus

616 2818 772 2869 edite
801 2814 1100 2872 sententiae,
1136 2814 1248 2876 ipse
1277 2827 1367 2877 qui
1401 2811 1639 2876 Seipsum
1675 2806 1967 2874 episcopali
2004 2805 2172 2873 gradu

619 2910 866 2974 privavit,
900 2918 1002 2954 non
1041 2902 1275 2967 amplius
1305 2900 1370 2952 ad
1401 2899 1659 2967 priorem,
1685 2911 1847 2964 quam
1879 2894 2037 2948 factis
2082 2895 2172 2947 de-

625 2996 852 3064 Spicaltti
895 2995 1080 3047 habuit
1111 2994 1424 3059 dignitatem
1463 2999 1777 3042 revcrtetur.
1802 2986 2173 3054 Comprehen-

2273 1906 2387 1957 κέτι
2423 1904 2606 1955 λοιπὸν
2631 1905 2727 1972 τῆς
2761 1904 3150 1973 ἀρχιερατικῆς
3185 1903 3526 1971 ἀντιποιῆται
3560 1903 3737 1968 ἀξίας.
3771 1904 3834 1954 Δί

2272 1997 2380 2064 γὰρ
2401 1996 2506 2047 τῶν
2551 1995 2796 2064 μοναχῶν
2844 1995 3106 2062 συνθῆκαι
3138 1995 3413 2060 ὑποταγῆς
3446 1996 3624 2062 έχουσι
3660 1994 3834 2060 λόγον,

2273 2088 2365 2139 xui
2387 2086 2704 2155 μαθητείας,
2727 2086 2840 2138 ἀλλ’
2869 2086 2987 2153 οὐχὶ
3004 2085 3346 2146 διδασκαλίας
3366 2087 3459 2136 xui
3482 2084 3801 2153 προεδρειας
3819 2100 3834 2113 ο

2272 2175 2391 2226 οὐδὲ
2417 2176 2723 2241 ποιμαίνειν
2751 2173 2963 2236 ἄλλους,
2995 2174 3127 2226 ἀλλὰ
3159 2173 3537 2242 ποιμαίνεσθαι
3569 2173 3836 2239 ἑπαγγέλυ

2271 2266 2472 2319 λονται.
2489 2267 2599 2326 Διὸ,
2621 2264 2760 2318 καθά
2776 2266 3118 2334 προείρηται,
3143 2265 3468 2333 θεσπίζομεν
3494 2267 3688 2334 μηκέτι
3719 2263 3836 2317 τινὰ

2271 2357 2378 2408 τῶν
2401 2359 2458 2409 ὲν
2481 2355 2852 2426 ἀρχιερατικῷ
2876 2355 3160 2422 καταλόγῳ
3183 2357 3276 2407 xui
3298 2355 3566 2422 ποιμένων
3588 2354 3841 2417 ἐξεταζο-

2276 2451 2449 2517 μένων
2475 2451 2553 2510 si;
2577 2450 2676 2515 τὴν
2698 2448 2805 2498 τῶν
2836 2447 3274 2514 ποιμαινομένων
3309 2447 3400 2498 xui
3438 2444 3840 2510 μετανοούντων

2273 2539 2455 2608 χώραν
2470 2539 2658 2590 ἑαυτὸν
2683 2535 3090 2598 καταϐιϐάζειν.
3111 2536 3170 2586 Et
3187 2535 3243 2586 δέ
3265 2551 3347 2597 τις
3374 2533 3530 2586 τοῦτο
3549 2534 3837 2601 τολμήσειε

2276 2629 2479 2696 πρᾶξαι
2499 2627 2635 2695 μετά
2653 2626 2748 2693 τὴν
2774 2626 3081 2692 ὲκφώνησιν
3109 2625 3199 2677 xui
3217 2625 3504 2690 διάγνωσιν
3522 2627 3617 2692 τῆς
3632 2624 3725 2674 νῦν
3746 2627 3836 2676 ὲκ-

2274 2714 2669 2782 πεφωνημένης
2693 2714 2889 2781 ψήφου,
2923 2714 3084 2774 αὐτὸς
3119 2712 3308 2765 ἑαυτὸν
3330 2713 3422 2765 τοῦ
3456 2713 3836 2781 ἀρχιερατικοῦ

2274 2805 2653 2871 ἀποστερήσας
2686 2802 2916 2872 βαθμοῦ,
2950 2791 3134 2854 οὐκέτι
3167 2801 3300 2867 πρὸς
3327 2802 3386 2854 τὸ
3421 2805 3681 2872 πρότερον
3707 2804 3839 2871 ὅπερ

2273 2894 2499 2962 ὴθέτησε
2527 2894 2612 2944 διὰ
2640 2895 2747 2944 τῶν
2773 2893 2947 2959 ἔργων
2972 2893 3186 2960 ἀξίωμα
3209 2893 3629 2961 ἑπαναστρέῲει.
3655 2894 3835 2943 Κατα-

2275 2985 2610 3051 λαμὸἀνεται
2633 2984 2686 3034 δὲ
2719 2984 2819 3050 πρὸ
2850 2983 2946 3048 τῆς
2973 2984 3331 3051 ἑκφωνήσεως
3356 2984 3543 3036 τούτου
3580 2984 3652 3051 μὴ
3683 2987 3750 3052 μό
3764 3001 3837 3034 ιον

618 3087 766 3139 ditur
812 3098 990 3136 autem
1035 3093 1087 3134 et
1133 3091 1254 3134 ante
1297 3083 1458 3146 hujus
1511 3077 2014 3145 promulgationem,
2065 3089 2169 3126 non

2277 3078 2402 3133 to);
2451 3073 2542 3123 τοῦ
2589 3075 2852 3140 βήματος,
2901 3073 3067 3139 ἠγουν
3119 3072 3521 3134 ὑποδιακόνους,
3561 3059 3837 3134 διακόνους

619 3178 790 3229 solum
825 3190 938 3229 eos.
967 3173 1057 3240 qui
1092 3173 1247 3224 altari
1285 3172 1550 3232 serviunt,
1605 3166 1970 3219 subdiaconus
2021 3164 2171 3218 vide-

618 3267 744 3318 licet
773 3266 1030 3318 diaconos
1060 3274 1114 3316 et
1155 3262 1499 3322 sacerdotes;
1532 3257 1623 3311 sed
1651 3258 1992 3310 etantistites
2025 3257 2173 3322 ipsos

617 3358 775 3408 etiam
819 3363 942 3424 post
974 3367 1249 3406 tonsuram
1281 3351 1606 3405 sacrificare.
1642 3348 1776 3401 Cum
1823 3349 1986 3412 igitur
2029 3346 2172 3398 anti-

616 3447 773 3499 stites
805 3460 924 3498 cum
954 3445 1214 3512 gratitate
1267 3442 1525 3493 canonica
1566 3454 1593 3490 a
1631 3436 1934 3491 sacerdotio
1967 3437 2172 3490 abalie-

619 3539 728 3587 nati
761 3538 888 3595 sint,
928 3548 1205 3600 propterea
1238 3533 1380 3598 quod
1423 3542 1543 3598 post
1580 3538 1859 3582 tonsuram
1889 3529 1953 3581 ad
1993 3529 2170 3580 locum

617 3623 1008 3690 ᾶὶερὶριιυτιιιη
1059 3631 1110 3673 et
1161 3623 1537 3688 pmuitcuzium
1593 3619 1868 3680 venerint,
1939 3618 2172 3684 indeque

617 3714 778 3766 alieni
835 3711 957 3762 lacti
1010 3710 1208 3762 fuerint
1266 3709 1525 3776 dignilate
1567 3707 1812 3760 doctoria
1858 3707 2168 3760 sacerdotes

616 3803 860 3864 omnino,
907 3809 960 3853 et
1004 3801 1094 3867 qui
1143 3800 1460 3866 simpliciter
1505 3797 1662 3849 altari
1723 3796 1963 3849 serviunt
2007 3798 2170 3848 etiam

621 3899 742 3958 post
800 3899 1078 3942 tonsuram
1121 3889 1256 3939 citra
1300 3885 1740 3952 impediuwutnm
1800 3884 2172 3951 Operabuntur

619 3995 738 4046 quae
789 3978 854 4029 ad
901 3979 1137 4045 ipsormu
1183 3975 1380 4044 gradus
1425 3975 1713 4041 pertinent.
1771 3972 1902 4024 Nam
1949 3981 2000 4025 et
2045 3981 2172 4025 ante

621 4078 900 4120 tonsuram
943 4069 1163 4133 pariter,
1200 4081 1260 4117 ac
1293 4072 1410 4132 post
1441 4061 1680 4116 eamdem
1715 4061 1926 4114 fuerant
1955 4073 2006 4114 et
2044 4068 2171 4115 sunt

618 4156 868 4223 discipuli
901 4165 956 4207 et
994 4154 1242 4220 subjecti.

692 4244 855 4296 Inter.
888 4244 940 4297 9.
984 4243 1040 4295 Si
1073 4243 1244 4295 laicus
1297 4243 1350 4294 in
1390 4246 1592 4294 somnis
1635 4254 1958 4309 imaginatus
1989 4241 2168 4306 fuerit,

623 4344 860 4386 meretur
882 4348 946 4385 eo
977 4334 1064 4385 die
1091 4333 1391 4383 divinarum
1429 4331 1914 4383 sanctificationum
1949 4332 2168 4399 partici-

2280 3163 2375 3214 καὶ
2405 3165 2586 3232 ἱερεῖς,
2625 3163 2760 3214 ἀλλὰ
2803 3164 2894 3214 καὶ
2935 3164 3131 3224 αὐτοὺς
3162 3165 3288 3224 τοὺς
3319 3165 3595 3236 ἀρχιερεῖς
3635 3166 3840 3236 ἱερουρο

2279 3256 2395 3320 γεῖν
2431 3256 2521 3305 καὶ
2556 3255 2694 3322 μετά
2725 3255 2822 3322 τὴν
2864 3253 3188 3321 ἀπόκαρσιν.
3226 3253 3347 3305 Τῶν
3375 3253 3503 3320 γοῦν
3541 3257 3837 3325 ἀρχιερέων

2283 3345 2399 3412 μετ’
2433 3344 2748 3412 ιμῦριθείας
2780 3345 3063 3412 κανονικῆς
3093 3346 3154 3394 ἐκ
3181 3345 3280 3409 τῆς
3321 3345 3612 3413 ἱερωσύνης
3641 3346 3836 3409 ἀποξε-

2280 3437 2576 3498 νωθέντων,
2611 3436 2698 3487 διὰ
2752 3437 2812 3486 τὸ
2862 3435 2997 3503 μετά
3052 3435 3151 3502 τὴν
3208 3435 3514 3504 ἀπόκαρσιν
3544 3437 3622 3494 είς
3678 3438 3838 3489 τόπον

2282 3527 2669 3598 μαθητιώντων
2717 3526 2810 3576 xui
2853 3525 3257 3591 μετανοούντων
3305 3526 3497 3588 ἐλθεῖν,
3548 3527 3836 3578 κάντεῦθεν

2279 3617 2786 3686 ἀπαλλοτριωθῆναι
2817 3615 2908 3667 τοῦ
2937 3616 3319 3668 διδασκαλικοῦ
3349 3616 3676 3685 ἀξιώματος,
3707 3619 3838 3669 πάν-

2276 3725 2382 3770 τως
2417 3709 2468 3759 οῑ
2506 3709 2667 3774 ἱερεῖς
2693 3708 2786 3757 xui
2819 3704 3002 3767 ἁπλῶς
3032 3706 3080 3756 οἱ
3119 3704 3209 3756 τοῦ
3243 3705 3482 3774 βήματος
3515 3708 3834 3774 ἀπαρεμπο-

2277 3799 2469 3860 δίστως
2515 3797 2608 3848 xui
2655 3796 2789 3864 μετά
2837 3796 2934 3862 τὴν
2993 3795 3295 3863 ἀπόκαρσιν
3349 3795 3415 3847 τὰ
3461 3795 3567 3846 τῶν
3617 3796 3836 3863 βαθμῶν

2277 3891 2628 3957 ὲνεργὴσουσι
2667 3888 2870 3941 δίκαια.
2906 3887 3011 3938 Καὶ
3043 3885 3146 3955 πρὸ
3190 3886 3283 3952 τῆς
3322 3887 3682 3956 ἀποκάρσεως
3731 3892 3834 3954 γὰρ

2278 3977 2556 4038 ὡσαύτως,
2619 3978 2714 4030 xui
2768 3976 2903 4045 μετά
2950 3976 3046 4044 τὴν
3101 3978 3402 4045 ἀπόκαρσιν
3449 3978 3688 4047 μαθηταὶ
3744 3979 3834 4030 καὶ

2279 4067 2634 4119 ύποτακτικοὶ
2663 4062 2802 4135 ἦσαν
2833 4067 2925 4116 xui
2957 4065 3083 4118 εἰσι.

2359 4248 2678 4315 Ἐρώτησις
2713 4245 2780 4299 θ’.
2834 4247 3032 4307 Λαῖκδς
3095 4247 3185 4298 ιἀν
3235 4245 3539 4315 φαντασθῇ,
3580 4246 3830 4313 ἀξιωθείη

2279 4337 2590 4407 αὐθημερὸν
2625 4338 2721 4406 τῆς
2747 4337 2855 4388 τῶν
2885 4337 3043 4388 θείων
3086 4337 3440 4404 ἀγιασμάτων
3481 4336 3767 4403 μεθέξεως,
3797 4339 3826 4405 ἢ

622 4428 916 4493 pationcm,
944 4423 1157 4475 necne?
1183 4421 1245 4472 Et
1275 4436 1340 4473 an
1369 4421 1644 4485 sacerdos,
1680 4422 1769 4489 qui
1795 4421 1934 4474 idem
1972 4437 2168 4490 passus

2277 4427 2334 4479 οὗ
2358 4445 2372 4492 ;
2403 4429 2493 4479 xui
2520 4427 2697 4495 ἱερεὺς
2719 4427 2811 4478 ἐὰν
2834 4426 3132 4494 φαντασθῇ,
3159 4427 3496 4494 ἱερουργήσει
3525 4429 3645 4478 κατ’
3669 4426 3830 4495 αὐτὴν

619 4524 723 4574 cst.
748 4528 896 4566 sacra
932 4512 1199 4573 conﬁciet,
1243 4509 1452 4563 necne?

696 4603 815 4654 lies.
845 4602 1130 4653 Autistites
1164 4601 1363 4666 (inquit
1402 4614 1556 4652 sacra
1595 4598 1901 4668 Scriptura)
1939 4600 2082 4654 dona
2117 4609 2171 4656 et

619 4696 830 4747 hostias
860 4691 1112 4751 oﬂ’ereus,
1145 4691 1212 4741 ab
1245 4690 1552 4742 hominibus
1580 4691 1794 4756 accipit,
1827 4701 1878 4741 et
1916 4691 2172 4758 quemad-

622 4783 839 4835 modum
889 4779 1044 4833 oﬂ'ert
1084 4779 1190 4832 Deo
1229 4795 1325 4847 pro
1372 4779 1587 4846 populo,
1632 4779 1710 4830 sic
1751 4787 1802 4829 et
1842 4793 1937 4845 pro
1968 4781 2168 4846 seipso.

622 4872 753 4924 Nam
794 4881 844 4924 et
885 4886 1006 4924 eum
1059 4871 1251 4937 premit
1291 4870 1523 4921 carnalis
1565 4867 1895 4921 inlirmitatis
1937 4871 2166 4936 pondus.

624 4959 820 5014 Verum
859 4971 914 5014 et
953 4975 1047 5030 per
1093 4958 1274 5010 Mosen
1317 4958 1452 5010 dixit
1483 4956 1761 5018 Dominus,
1809 4956 1989 5010 Mundi
2023 4973 2173 5010 mun-

623 5051 750 5104 dum
778 5051 992 5102 adeant.
1030 5049 1290 5102 Maculam
1323 5055 1499 5099 autem
1526 5046 1729 5098 habens
1759 5046 1810 5097 in
1837 5049 2034 5108 anima,
2071 5050 2171 5100 sub

625 5139 802 5194 velum
836 5155 1008 5191 meum
1039 5155 1145 5192 non
1195 5137 1545 5206 ingredietur,
1576 5150 1675 5187 nee
1705 5136 1768 5186 ad
1798 5136 1964 5188 altare
1993 5151 2170 5190 meum

624 5230 1097 5300 appropinquabit.
1133 5227 1283 5282 Unde
1315 5235 1368 5281 et
1408 5237 1513 5279 tres
1557 5226 1884 5279 sanctissimi
1937 5227 2171 5294 patriar-

623 5322 737 5374 chae
769 5322 949 5372 throni
988 5319 1361 5383 Alexandriae,
1399 5325 1618 5368 sanctus
1662 5313 1946 5382 Dionysius
1981 5316 2159 5368 videli-

623 5419 708 5462 cet
743 5409 1044 5463 rescribens
1079 5409 1141 5461 ad
1187 5407 1470 5460 BaSilidem
1499 5405 1830 5473 episcopum,
1861 5413 1911 5458 et
1944 5421 2169 5474 magnus

624 5501 974 5560 Athanasius,
1000 5499 1238 5568 regulam
1268 5497 1621 5566 praescribens
1655 5497 1918 5549 monacho
1953 5498 2170 5552 cnidam

628 5597 818 5645 Amum
848 5591 1250 5660 cognominata,
1281 5598 1335 5641 et
1370 5598 1588 5643 sanctus
1628 5584 1961 5647 Timotheus,
1995 5588 2060 5642 de
2112 5604 2169 5642 re

623 5680 927 5751 hujusmodi
976 5679 1362 5746 respondentes
1397 5677 1736 5746 quibusdam,
1784 5679 1871 5742 qui
1904 5677 2049 5744 ipsos
2085 5679 2170 5732 in-

2277 4518 2375 4585 τὴν
2397 4518 2614 4585 ἡμέραν
2643 4515 2733 4566 τοῦ
2760 4516 3099 4583 φαντασμού,
3140 4516 3172 4583 ἢ
3202 4514 3260 4566 οὗ
3293 4533 3307 4580 ;

2362 4608 2491 4660 ‘An.
2539 4607 2595 4657 '0
2631 4606 2956 4674 προσφέρων
3005 4605 3160 4674 (mai
3189 4605 3247 4656 τὸ
3294 4606 3528 4674 Γράμμα
3566 4607 3625 4659 τὸ
3665 4606 3822 4676 ἱερὸν)

2277 4697 2424 4765 δῶρα
2469 4699 2561 4748 xui
2602 4696 2793 4756 θυσίας
2841 4697 3144 4762 ἀρχιερεὺς,
3171 4695 3228 4758 ἐξ
3276 4696 3574 4764 ἀνθρώπων
3621 4697 3825 4765 λαμϐά-

2277 4803 2444 4848 νεται,
2478 4786 2570 4837 xui
2603 4785 2784 4847 καθὼς
2817 4787 2941 4854 περὶ
2965 4784 3057 4836 τοῦ
3094 4784 3220 4835 λαοῦ
3259 4786 3552 4854 προσφέρει
3580 4787 3655 4854 τῷ
3690 4786 3824 4854 Θεῷ,

2273 4876 2414 4927 οὕτω
2442 4875 2504 4944 δὴ
2536 4877 2628 4926 xui
2660 4875 2786 4944 περὶ
2821 4873 3042 4924 ἑαυτοῦ*
3071 4875 3188 4925 ἐπεὶ
3219 4874 3313 4925 xui
3338 4875 3485 4942 αύτῷ
3512 4875 3676 4943 βάρος
3703 4893 3826 4946 σαρ-

2273 4967 2432 5032 κικῆς
2459 4964 2740 5022 ἀσθενείας
2793 4963 3084 5014 ἐπίκειται.
3130 4962 3286 5015 Ἀλλά
3337 4967 3426 5016 xui
3474 4965 3559 5016 διὰ
3590 4967 3826 5029 Μωσέως

2272 5053 2424 5110 εἷπεν
2453 5061 2479 5110 ό
2516 5059 2736 5126 Κύριος,
2767 5057 2831 5108 Οί
2861 5056 3087 5124 καθαροὶ
3119 5057 3193 5124 τῷ
3216 5058 3438 5126 καθαρῷ
3468 5061 3822 5124 προσίτωσαν.

2282 5147 2341 5198 '0
2378 5146 2434 5198 δὲ
2489 5145 2676 5213 μῶμον
2725 5144 2862 5212 έχων
2901 5147 3038 5196 κατά
3083 5143 3281 5212 ψυχὴν,
3313 5147 3446 5212 πρὸς
3497 5145 3558 5197 τὸ
3585 5148 3819 5198 καταπέ·

2272 5233 2457 5302 τασμά
2488 5250 2587 5300 μου
2615 5233 2711 5283 οὐκ
2743 5229 3132 5296 εἰσελεύσεται,
3157 5233 3248 5282 xui
3283 5233 3415 5300 πρὸς
3445 5232 3504 5285 τὸ
3535 5233 3824 5304 θυσιαστή-

2279 5328 2390 5398 ριόν
2456 5343 2558 5388 μου
2613 5325 2710 5376 οὐκ
2760 5326 2966 5391 ὲγγιεῖο
3017 5323 3137 5376 ὅθεν
3183 5325 3276 5376 καὶ
3330 5321 3510 5394 τρετς’
3537 5326 3822 5393 ἁγιώτατοι

2276 5417 2609 5485 πατριάρχαι
2643 5414 2735 5466 τοῦ
2769 5414 2958 5482 θρόνου
2992 5414 3092 5480 τῆς
3147 5413 3568 5484 Ἀλεξανδρείας,
3595 5419 3623 5468 ό
3673 5417 3822 5482 ἅγιος

2275 5507 2545 5566 Διονύσιος
2572 5504 2791 5573 δηλαδὴ,
2819 5503 3168 5570 ἀντιγράφων
3203 5503 3335 5570 πρὸς
3361 5505 3674 5572 Βασιλείδην
3706 5505 3820 5556 ἐπί·-

2276 5602 2494 5658 σκοπον,
2529 5595 2556 5643 ό
2606 5594 2777 5660 μέγας
2819 5591 3132 5652 ’Δθανάσιος
3166 5591 3460 5654 κανονίζων
3491 5592 3613 5644 τινὰ
3661 5610 3818 5661 μοναο

2275 5684 2386 5750 χον,
2425 5680 2622 5748 Ἀμοῦν
2646 5679 3134 5747 ἐπονομαζόμενον,
3179 5678 3270 5729 xui
3296 5679 3324 5730 ό
3359 5680 3509 5746 ἅγιος
3541 5681 3815 5749 Τιμόθεος,
