4110 6486
158 422 255 482 965

923 418 1306 483 RESI'ONSA
1345 421 1444 478 Λί)
1487 422 2223 485 ΙΝΊἘΗΒΟΟΛἫΟΝΕΞ
2252 425 2512 492 ΜΛΙίΟῙ.

3283 435 3387 498 966

160 556 266 604 σεις
295 541 492 608 Πάσχα
530 541 719 609 Κυρῐῳ
750 541 824 608 τῷ
850 540 966 608 Θεῷ
996 561 1110 596 σου.
1145 544 1424 597 Ἐντεῦθεν
1465 547 1719 614 καθαρῶς

1823 548 1906 601 bis
1936 548 2224 604 Paschalis
2261 551 2491 604 Domino
2522 550 2630 606 Deo
2663 562 2779 609 luo.
2807 552 2935 609 Inde
2962 555 3110 611 clare
3140 556 3377 615 innucns

153 632 516 700 αἰνιττόμενος
583 632 676 681 τοῦ
751 633 1041 685 Ἰουδαϊκοῦ
1099 637 1285 704 Πάσχα
1333 637 1711 704 τὴν“παντελῆ

154 724 448 795 ἀπραξίαν,
487 724 574 777 διά
608 725 667 775 τὸ
694 725 786 776 τοῦ
838 727 1001 777 τόπου
1057 725 1384 794 μονώτατον.
1447 727 1504 775 't)
1533 727 1588 778 δὲ
1635 724 1712 778 v0'

154 816 320 868 κανὼν
373 817 476 883 τῆς
507 817 564 865 ὲν
602 815 679 884 τῷ
710 815 965 883 Τρούλλῳ
1010 816 1102 869 τοῦ
1157 818 1394 884 μεγάλου
1449 819 1712 870 παλατίου

154 907 420 972 συστάσης
449 905 612 970 ἁγίας
643 905 735 956 καὶ
766 907 1153 975 οίκουμενικῆς
1187 907 1425 965 συνόδου,
1459 908 1550 957 καὶ
1574 910 1601 958 6
1631 907 1712 958 πδ¹

153 996 321 1047 κανὼν
353 996 451 1063 τῆς
481 997 539 1045 ἐν
574 997 905 1066 Καρθαγένῃ
943 997 1185 1058 συνόδου,
1219 996 1538 1065 καθαιρέσει
1572 997 1708 1049 καθ-

153 1086 506 1138 υποὸάλλουσι
530 1087 619 1137 τὸν
642 1089 699 1138 ὲν
726 1086 1000 1155 εὖκτηρίῳ
1020 1087 1154 1156 οἴκῳ
1187 1089 1328 1138 θεῖον
1352 1089 1711 1140 ὲκτελέσαντα

150 1175 443 1242 βάπτισμα.
486 1177 820 1246 Διορίζονται
866 1177 976 1245 γὰρ
1029 1179 1086 1229 ὲν
1132 1177 1446 1239 καθολικαῖς
1511 1177 1712 1246 ἐκκλη-

150 1267 281 1326 σῖαις
302 1268 368 1316 τὰ
396 1265 750 1334 βαπτίσματα
773 1269 1038 1332 γίνεσθαι.
1085 1268 1246 1320 ’Λλλὰ
1281 1269 1372 1320 καὶ
1390 1271 1416 1320 6
1432 1268 1510 1319 λα’
1533 1266 1712 1320 κανὼν

143 1356 233 1420 τῆς
261 1357 316 1407 ὲν
345 1356 424 1423 τῷ
455 1356 707 1426 Τρούλλῳ
744 1358 984 1420 συνόδου,
1018 1360 1111 1410 καὶ
1141 1361 1168 1411 ὁ
1199 1360 1263 1429 ιβ’
1310 1357 1489 1410 κανὼν
1519 1359 1618 1426 τῆς
1655 1361 1712 1410 ἐν

143 1444 214 1513 τῷ
245 1445 357 1514 ναῷ
387 1447 498 1499 τῶν
549 1448 719 1514 ἁγίων
773 1448 1094 1500 ἀποστόλων
1143 1450 1418 1517 συστάσης
1471 1451 1709 1512 συνόδου,

143 1534 517 1590 διατάττονται
559 1538 698 1605 μετὰ
736 1538 1090 1606 ἐκχωρήσεως
1123 1541 1485 1603 ἑπισκοπικῆς
1511 1541 1604 1590 καὶ
1632 1540 1712 1601 είς

143 1625 459 1695 εὖκτηρίους
488 1625 671 1687 οἴκους
703 1629 974 1680 τελεῖσθαι
1010 1628 1382 1696 βαπτίσματα.
1430 1629 1488 1679 Ὀ
1527 1629 1712 1696 μέντοι

143 1717 379 1785 ἀοίδιμος
408 1717 660 1783 βασιλεὺς
688 1719 874 1786 κύριος
906 1719 1081 1782 Λέων,
1106 1722 1132 1771 6
1158 1722 1340 1786 σοφὸς,
1375 1718 1586 1786 βλέπων
1614 1719 1712 1788 τὴν

143 1804 417 1874 ὀρθόδοξον
467 1805 649 1856 πίστιν
708 1806 1115 1874 εὐθηνουμένην
1170 1807 1246 1869 ὡς
1293 1807 1574 1874 ἄμπελον,
1619 1808 1712 1858 καὶ

142 1895 508 1963 αὐξανομένην
557 1895 634 1957 ὡς
667 1897 900 1963 νεόφυτα
949 1897 1167 1960 ἐλαιῶν,
1217 1896 1403 1964 κύκλῳ
1443 1898 1543 1965 τῆς
1578 1913 1711 1966 τρα-

143 1986 310 2054 πέζης
347 1986 460 2038 τῶν
503 1985 708 2054 ταύτης
751 1986 1078 2054 ἐκκλησιῶν,
1128 1987 1420 2056 διωρίσατο
1453 1988 1508 2038 ὲν
1545 1984 1586 2037 δ’
1617 1987 1711 2037 καὶ

143 2077 196 2124 ἐν
237 2082 294 2127 ιε’
342 2076 534 2145 Νεαρᾷ
580 2076 908 2145 θεσμοθεσία
961 2077 1126 2128 αὐτοῦ
1183 2079 1256 2146 μὴ
1294 2078 1454 2146 μόνον
1500 2078 1579 2139 είς
1604 2077 1710 2139 ,τὰς

142 2170 437 2240 ἐκκλησίας
487 2170 620 2224 ἀλλά
669 2171 763 2223 καὶ
822 2172 904 2232 είς
952 2172 1077 2232 τοὺς
1134 2170 1457 2239 εὐκτηρίους
1527 2173 1710 2232 οῐκους

143 2263 500 2323 ἁδιαστέκτως
525 2262 920 2332 ίεροτελεστίας
945 2263 1036 2315 καὶ
1071 2262 1420 2331 βαπτίσματα
1443 2262 1706 2328 γίνεσθαι.

141 2352 227 2404 Διὸ
260 2354 402 2404 κατὰ
432 2352 530 2421 τὴν
568 2353 770 2404 τούτων
802 2353 1113 2421 περίληψιν,
1143 2353 1172 2402 6
1204 2353 1340 2421 μετὰ
1370 2353 1710 2422 ὰντιμινσίου

141 2443 540 2512 ἱερουργήσας,
571 2443 604 2511 ἢ
639 2443 908 2510 βαπτίσας
956 2446 1036 2506 είς
1080 2444 1367 2512 εὑκτήριον
1414 2441 1594 2505 οἷκον,
1636 2443 1710 2514 μὴ

141 2533 432 2602 ίερωθέντα
462 2533 527 2586 δι’
569 2535 864 2600 ὲγκαινίων
895 2534 1163 2598 ἁνοιξίων,
1197 2535 1290 2586 καὶ
1318 2533 1408 2586 τοῦ
1449 2536 1708 2605 συνήθους

138 2623 512 2694 ἐνθρονισμοῦ,
541 2625 628 2677 ναὶ
657 2625 842 2693 μέντοι
888 2626 978 2677 καὶ
1009 2624 1097 2676 διὰ
1127 2625 1396 2693 λειψάνων
1428 2625 1597 2690 ἁγίων
1623 2626 1710 2676 ὲν-

139 2715 438 2786 σοριασμοῦ
466 2715 657 2786 (ταῦτα
690 2717 795 2786 γάρ
842 2717 947 2768 είσι
982 2715 1091 2768 τῶν
1139 2716 1436 2768 καθολικῶν
1474 2717 1706 2784 Ἐκκλη-

140 2808 265 2859 ct.th
295 2806 827 2875 ἁποθησαυρίσματα
852 2807 943 2859 καὶ
967 2805 1415 2874 ὑψώματα),·ἁλλ’
1442 2807 1520 2868 είς
1546 2808 1710 2876 εὐχὴν

136 2899 391 2968 οἰκιακὴν
423 2897 784 2967 ἀφορισθέντα
815 2896 1045 2962 πιστῶν,
1077 2897 1110 2965 ἢ
1144 2898 1224 2958 είς
1259 2896 1498 2949 οἰκίσκον
1526 2897 1712 2950 πλοια-

141 2989 252 3055 ρίου
296 2989 444 3048 τινὸς
489 2987 963 3054 άποταμιευοέντα
1008 2986 1148 3057 Θεῷ,
1203 2987 1298 3039 καὶ
1327 2987 1506 3056 ἁγίαις
1541 2988 1710 3040 είκόσι

139 3078 546 3146 κοσμούμενον,
601 3077 662 3129 οὑ
718 3077 1210 3148 προκριματισθείη
1261 3078 1337 3140 ὡς
1390 3079 1713 3147 παραϐάτης

1815 635 2023 690 Judaici
2058 636 2340 692 Paschalis
2369 639 2578 705 plenam
2615 638 2973 706 vacationem,
3016 655 3237 713 propter
3271 648 3372 701 lori

1815 729 2272 795 singularitatem;
2295 727 2483 781 Canou
2516 739 2697 784 autem
2728 731 2796 784 59
2824 743 3026 786 sancte
3047 743 3100 786 et
3129 749 3373 789 ineunte-

1815 819 1953 873 nica:
1992 821 2186 889 synodi
2207 833 2410 874 coacta:
2435 823 2486 874 in
2519 824 2707 877 Trullo
2740 829 2919 894 magni
2957 827 3164 894 palatii,
3195 839 3248 882 et
3282 845 3376 882 ca-

1815 926 1923 964 non
1980 911 2050 964 84
2091 912 2285 981 synodi
2353 913 2825 982 Carthaginiensis,
2874 919 3196 982 depositioni
3244 923 3375 974 sub-

1809 999 2010 1069 jiciunt
2086 1016 2236 1064 eum,
2322 1001 2415 1071 qui
2469 1003 2522 1055 in
2578 1008 2818 1058 oratoria
2895 1007 3057 1060 domo
3133 1009 3376 1061 divinum

1816 1092 2110 1159 perﬁciunt
2138 1093 2429 1160 baptisma.
2487 1093 2746 1148 Statuunt
2772 1096 2919 1149 enim
2953 1099 3280 1164 baptismata
3323 1102 3376 1154 in

1816 1181 2104 1234 catholicis
2150 1181 2412 1237 Ecclesiis
2443 1185 2640 1239 debere
2670 1180 2808 1240 fieri.
2866 1187 2970 1240 Sed
3001 1197 3054 1241 et
3088 1190 3149 1242 51
3202 1205 3375 1242 canon

1815 1272 2003 1340 synodi
2026 1273 2077 1324 in
2109 1272 2316 1332 Trullo,
2379 1280 2435 1327 et
2491 1273 2558 1326 12
2600 1288 2775 1328 canon
2817 1278 3010 1345 synodi
3067 1287 3267 1331 coacta:
3324 1280 3376 1330 iu

1817 1363 2018 1431 templo
2055 1373 2372 1418 sanctorum
2423 1365 2818 1432 apostolorum,
2855 1369 3197 1421 constituunt
3233 1379 3290 1420 ut
3327 1377 3378 1419 et

1815 1451 1868 1503 in
1901 1452 2156 1505 oratoriis
2178 1451 2436 1507 domibus
2461 1454 2782 1522 baptismata
2810 1455 2938 1508 [iant
2966 1473 3088 1510 cum
3109 1458 3375 1525 permissu

1813 1542 2080 1610 episcopi.
2143 1542 2387 1612 lnclytus
2443 1558 2574 1597 sane
2625 1545 2920 1612 imperator
2978 1547 3234 1599 dominus
3269 1546 3378 1598 Leo

1814 1631 2198 1699 philosophus,
2229 1633 2420 1684 videns
2447 1633 2808 1686 orthodoxam
2860 1635 3016 1688 ﬁdem
3074 1637 3378 1688 exuberan-

1814 1730 1918 1772 tem
1941 1728 1998 1772 ut
2028 1722 2214 1786 vitem,
2245 1729 2297 1775 ct
2323 1734 2659 1776 crescentem
2715 1732 2773 1777 ut
2823 1726 3087 1778 olivarum
3130 1726 3378 1793 pahnitt-s

1815 1807 1868 1858 in
1928 1807 2162 1860 circuitu
2223 1822 2425 1860 mensa:
2487 1809 2846 1863 ecclesiarum
2915 1811 3054 1879 ejus,
3139 1812 3382 1866 deﬁnivit

1814 1896 1869 1948 in
1899 1897 1930 1948 ι
1965 1905 2018 1950 et
2044 1898 2109 1950 15
2152 1896 2395 1959 Novella,
2444 1912 2554 1951 non
2593 1908 2803 1953 tantum
2851 1900 2905 1953 in
2951 1901 3239 1956 catholicis
3277 1919 3381 1957 ec-

1813 1988 2024 2048 clesiis,
2059 1989 2151 2041 sed
2177 1987 2310 2040 etin
2337 1991 2598 2042 oratoriis
2632 1991 2885 2044 domibus
2933 1991 3248 2047 indistincte
3292 2008 3382 2047 sa—

1812 2092 1902 2130 cra
1937 2078 2262 2140 ministeria,
2319 2086 2372 2130 et
2437 2080 2762 2147 baptismata
2822 2081 2959 2134 ﬁeri.
3006 2081 3376 2147 Quamobrem

1809 2165 1964 2232 juxta
2003 2165 2195 2218 harum
2259 2173 2528 2229 tenorem,
2567 2168 2656 2234 qui
2690 2181 2814 2218 cum
2857 2167 3188 2220 antimensio
3221 2183 3378 2221 sacra

1814 2254 2028 2318 fecerit,
2097 2263 2190 2308 aut
2233 2255 2587 2322 baptisaverit
2629 2256 2683 2309 in
2737 2256 2972 2309 oratoria
3033 2256 3214 2321 domo,
3269 2273 3381 2312 non

1813 2355 2136 2400 consecrata
2167 2361 2264 2414 per
2295 2346 2624 2399 initiatorias
2659 2346 3055 2408 dedicationes.
3089 2357 3142 2399 et
3179 2348 3381 2400 solem-

1815 2452 1936 2491 nem
1967 2437 2145 2491 throni
2191 2436 2694 2504 iuaugurationem,
2756 2439 2888 2505 quin
2954 2444 3006 2489 et
3039 2452 3130 2504 per
3159 2443 3382 2487 sancta-

1813 2542 1934 2580 rum
1971 2527 2324 2593 reliquiarum
2380 2523 2647 2576 tumulum
2723 2524 2800 2592 (hi
2854 2525 2996 2577 enim
3031 2533 3158 2577 sunt
3191 2523 3382 2576 catho-

1815 2620 2041 2673 licarum
2069 2617 2438 2671 Ecclesiarum
2475 2617 2718 2670 thesauri
2751 2625 2804 2670 et
2829 2615 3235 2683 exaltationes),
3283 2617 3378 2669 sed

1817 2711 1868 2763 in
1895 2708 2252 2764 domesticam
2286 2707 2591 2762 orationem
2631 2707 2872 2761 ﬁdelium
2905 2713 3177 2775 separata,
3206 2715 3299 2758 aut
3324 2707 3378 2757 in

1815 2801 2014 2871 navigii
2052 2801 2281 2866 alicujus
2315 2799 2645 2852 domuncula
2679 2799 2787 2852 Deo
2807 2799 3104 2860 destinata,
3161 2808 3214 2850 et
3257 2811 3383 2849 san-

1815 2890 1924 2945 ctis
1984 2890 2312 2958 imaginibus
2342 2896 2555 2952 ornata,
2588 2903 2693 2941 non
2721 2889 2956 2954 patietur
2988 2887 3381 2956 prajtidicium,

1816 2979 2042 3049 perinde
2077 2994 2139 3032 ac
2173 2981 2216 3033 si
2248 2994 2518 3032 canonum
2554 2988 2922 3048 transgressor
2948 2990 3116 3043 esset,
3149 2979 3384 3031 nullam-

1815 3089 1922 3142 que
1957 3088 2144 3126 eorum
2172 3072 2436 3124 rationem
2475 3071 2778 3124 habuisset.
2805 3071 2894 3123 Sic
2928 3071 3073 3124 enim
3101 3070 3380 3131 etclerici,

141 3171 382 3224 κανόνων
413 3168 507 3222 καὶ
545 3167 855 3238 ἀδιάφορος.
896 3167 1052 3221 Οὕτω
1083 3169 1190 3239 γὰρ
1223 3169 1317 3222 καὶ
1342 3169 1392 3219 οί
1429 3169 1565 3238 μετὰ
1607 3169 1714 3222 τῶν

1819 3166 1911 3234 qui
1947 3173 2074 3219 sunt
2105 3165 2160 3217 in
2201 3164 2591 3228 imperatorum
2640 3163 2924 3225 comitatu,
2962 3162 3016 3213 in
3047 3161 3254 3228 campis
3287 3174 3382 3212 so-

140 3263 560 3334 αὑτοκρατόρων
631 3264 890 3330 ἑπόμενοι
959 3262 1245 3332 κληρικοὶ,
1311 3262 1392 3324 είς
1453 3262 1712 3324 πεδιάδας

140 3352 385 3422 ιρήμους
464 3353 768 3423 ἱερουργεῖν
847 3352 1260 3416 δεδικαίωνται,
1353 3351 1494 3404 κατὰ
1554 3352 1713 3420 μόνον

139 3441 198 3494 τὸ
251 3443 334 3504 είς
379 3443 681 3512 ἐκκλησίαν
737 3442 1034 3512 ἁφορισθὲν
1097 3440 1420 3512 βαμὸίκινον
1469 3440 1715 3494 οἰκισκά-

142 3548 282 3601 ριον.

205 3619 537 3688 Ἐρώτησις
563 3621 648 3673 ιδ’.
684 3620 1004 3680 ’Λκινδύνως
1041 3619 1384 3689 ἱερουργήσει
1416 3635 1500 3680 τις
1529 3618 1711 3686 ῆσυν-

141 3715 356 3776 ε’ξεται
408 3712 545 3779 μετὰ
599 3711 908 3781 αἱρετικῶν,
968 3710 1298 3763 Ἰακωὸιτῶν
1355 3709 1558 3777 δηλαδὴ
1624 3708 1715 3760 καὶ

139 3803 546 3874 Νεστοριανῶν,
582 3805 659 3864 είς
714 3802 1010 3871 ἐκκλησίαν
1063 3801 1263 3863 αὐτῶν,
1315 3802 1425 3851 εἴτε
1465 3799 1570 3868 μὴν
1622 3799 1714 3851 καὶ

140 3896 452 3964 ἡμετέραψ
480 3895 513 3960 ἢ
546 3893 730 3961 κοινῆς
762 3892 880 3960 μετ’
913 3892 1088 3942 αὐτῶν
1123 3891 1367 3961 μετάσχῃ
1400 3888 1710 3958 τραπέζης·

139 3989 427 4058 ἢποιήσει
476 3987 733 4054 ἁνάδοχον
772 3987 836 4037 ἐκ
885 3985 978 4037 τοῦ
1023 3987 1180 4052 ἁγίου
1236 3985 1637 4054 βαπτίσματος·
1679 3982 1711 4050 ἦ

141 4079 550 4149 κατοιχομένων
634 4078 852 4146 ποιήσει
927 4076 1288 4145 μνημόσυναο
1337 4075 1371 4143 ἦ
1423 4072 1716 4144 μεταδώσει

139 4170 248 4221 τῶν
325 4170 488 4221 θείων
565 4169 918 4234 ἁγιασμάτων
984 4166 1202 4230 αὑτοῖς;
1268 4165 1333 4217 ’Π
1390 4163 1718 4232 στενοχωρία

140 4259 250 4329 γάρ
279 4257 380 4310 τοῦ
417 4258 583 4311 τόπου
630 4256 802 4308 πολλὰ
847 4256 1072 4310 τοιαῦτα
1107 4257 1271 4307 ποιεῖ.
1323 4256 1434 4307 Καὶ
1484 4254 1630 4322 ζητῶ
1659 4253 1719 4305 τὸ

140 4349 423 4418 ποιητέον.

225 4439 355 4490 ‘Ax.
390 4436 481 4504 Μὴ
515 4437 631 4488 δότε
672 4434 738 4487 τὰ
772 4434 905 4503 ἁγια
953 4437 1063 4496 τοῖς
1119 4433 1276 4485 κυσὶν
1307 4433 1353 4504 (ὁ
1387 4433 1589 4501 Κύριος
1626 4433 1719 4486 καὶ

1817 3259 2012 3312 litariis
2048 3272 2202 3311 sacra
2231 3258 2332 3312 rite
2368 3257 2546 3310 facere
2577 3263 2898 3317 censentur,
2932 3253 3037 3305 sub
3077 3251 3196 3305 solo
3233 3251 3382 3304 bom-

1815 3348 2034 3419 bycino,
2073 3347 2216 3418 quod
2247 3356 2329 3403 est
2361 3348 2603 3403 ecclesia:
2625 3345 2975 3407 destinatum,
3005 3342 3268 3397 tentorio.

1887 3625 2054 3680 Inter.
2097 3626 2184 3678 Η.
2217 3628 2298 3679 An
2330 3625 2450 3680 sine
2483 3626 2731 3694 periculo
2765 3639 2919 3678 sacra
2952 3623 3035 3678 vel
3072 3631 3193 3677 vota
3221 3623 3385 3678 simul

1819 3717 1975 3770 f..cict
2008 3716 2206 3784 aliquis
2228 3730 2348 3768 cum
2397 3716 2690 3779 haereticis,
2724 3715 2986 3770 Jacobitis
3028 3715 3278 3768 videlicet
3333 3721 3387 3768 et

1818 3806 2174 3872 Nestorianis,
2219 3810 2271 3861 in
2312 3823 2496 3861 eorum
2533 3808 2787 3869 ecclesia,
2823 3808 2904 3861 vel
2965 3808 3130 3859 etiam
3182 3807 3235 3859 in
3285 3820 3387 3860 no-

1819 3903 1960 3957 stra,
1989 3902 2081 3947 aut
2117 3903 2460 3948 communem
2486 3910 2607 3948 cum
2647 3896 2712 3950 iis
2739 3895 3088 3963 participabit
3121 3909 3386 3954 mensam,

1821 3993 1914 4037 aut
1940 3984 2098 4038 faciet
2125 4000 2188 4038 ex
2218 3993 2412 4038 sancto
2433 3984 2647 4038 lavacro
2681 3994 3080 4054 susceptorem,
3115 3993 3206 4036 aut
3236 4000 3388 4037 mor-

1820 4085 2036 4128 tuorum
2072 4074 2376 4128 celebrabit
2430 4075 2748 4137 memorias,
2816 4083 2908 4127 aut
2964 4075 3225 4144 largietur
3280 4072 3388 4125 illis

1818 4165 2034 4218 divinas
2128 4165 2643 4219 sanetilicationes?
2723 4163 2856 4217 Nam
2937 4164 3041 4217 loci
3127 4166 3386 4232 angustiae

1820 4255 1991 4308 multa
2046 4253 2360 4323 huiusmodi
2428 4253 2659 4308 faciunt.
2733 4256 2930 4320 Quaro
2991 4257 3122 4328 quid
3180 4256 3388 4310 facien-

1820 4345 1972 4398 dum.

1895 4433 2016 4488 Res.
2047 4433 2129 4490 Ne
2150 4435 2291 4491 detis
2315 4446 2505 4491 sancta
2545 4437 2800 4501 canibus,
2849 4436 3073 4505 (inquit,
3126 4435 3387 4490 Dominus

140 4528 274 4589 Θεὸς
304 4526 470 4596 ἡμῶν
498 4527 765 4596 εἴρηκεν),
807 4526 940 4596 μηδὲ
973 4525 1172 4594 βάλητε
1202 4525 1328 4587 τοὺς
1379 4525 1719 4593 μαργαρίτας

1823 4532 1875 4578 et
1911 4525 2052 4579 Deus
2081 4527 2289 4594 noster)
2323 4543 2423 4580 nec
2449 4527 2750 4595 projiciatis
2777 4529 3095 4595 margaritas
3114 4538 3239 4580 ante
3266 4543 3390 4593 por—

141 4619 249 4669 τῶν
279 4619 483 4686 χοίρων
512 4616 863 4686 ἐπίπροσθεν.
903 4617 1003 4668 Διά
1047 4634 1126 4669 τοι
1157 4615 1316 4668 τοῦτο
1345 4618 1436 4668 καῖ¹
1461 4619 1487 4667 6
1515 4615 1583 4679 ξδ’
1620 4633 1718 4669 καφ

144 4708 248 4761 νὼν
276 4709 392 4762 τῶν
424 4707 772 4778 θεοκηρύκων
799 4709 970 4776 ἁγίων
991 4708 1303 4760 ἀποστόλων
1330 4708 1513 4778 φησὶν,
1543 4707 1610 4759 Εἴ
1635 4723 1718 4768 τις

146 4799 419 4871 κληρικδς
447 4800 481 4872 ἢ
525 4798 715 4862 λαῖκὸς
745 4800 964 4869 εἰσέλθῃ
989 4801 1066 4861 είς
1104 4799 1422 4868 συναγωγὴν
1450 4799 1718 4850 Ἰουδαίων

145 4890 176 4959 ἦ
237 4889 538 4958 αίρετικῶν
585 4889 1008 4959 προσεύξασθαι,
1065 4889 1432 4958 καθαιρείσθω
1478 4889 1571 4941 καὶ
1613 4890 1717 4956 ἁφ-

148 4980 444 5049 οριζέσθω.
475 4979 585 5032 Καὶ
609 4983 635 5032 6
654 4978 733 5047 λγ⁹
752 4980 934 5033 κανὼν
953 4980 1053 5047 τῆς
1084 4982 1141 5031 ὲν
1170 4980 1454 5049 Λαοδικείᾳ
1480 4981 1717 5042 συνόδου,

149 5073 288 5126 ἀλλὰ
334 5069 443 5139 μὴν
475 5071 571 5122 καὶ
601 5072 628 5122 6
655 5067 708 5134 ς’
736 5059 882 5122 καὶό
920 5069 1016 5129 λδί,
1066 5069 1237 5121 ταῦτὰ
1285 5086 1412 5138 φησι
1461 5072 1588 5140 περὶ
1627 5067 1719 5121 τοῦ

147 5161 464 5229 συγχωρεῖν
516 5160 627 5220 τοῖς
663 5159 956 5229 αίρετικοῖς
995 5158 1221 5209 εἰσιέναι
1257 5159 1336 5220 είς
1373 5154 1519 5209 οἷκον
1562 5156 1718 5223 Θεοῦ,

147 5252 478 5318 ἐπιμένουσι
510 5253 575 5319 τῇ
622 5251 854 5319 αίρέσει,
890 5251 972 5302 ὅτι
1002 5250 1075 5302 Οὐ
1111 5248 1192 5300 δεῖ
1247 5248 1511 5318 αἰρετικῷ
1541 5249 1572 5319 ἢ
1604 5265 1721 5318 σχι-

149 5341 411 5410 σματικῷ
438 5341 941 5411 συνεύχεσθαι.”οτι
962 5342 1021 5393 οὐ
1048 5341 1126 5392 δεῖ
1147 5340 1463 5409 Χριστιανὸν
1491 5343 1724 5408 ἐγκατα-

148 5431 370 5485 λείπειν
411 5435 694 5501 μάρτυρας
731 5430 991 5502 Χριστοῦ,
1026 5432 1121 5483 καὶ
1152 5431 1371 5483 ἀπιέναι
1415 5432 1550 5499 προς
1599 5431 1722 5493 τοὺς

145 5525 611 5599 ψευδομάρτυρας
629 5540 642 5553 ⁶
667 5527 941 5576 τουτέστιν
964 5523 1291 5592 αίρετικοὺς,
1315 5524 1347 5592 ἢ
1371 5523 1566 5585 αὐτοὺς
1600 5525 1723 5586 τοὺς

150 5615 592 5686 προειρημένους
640 5615 952 5684 αίρετικοὺς
1008 5615 1352 5682 γενομένους.
1412 5608 1572 5666 Οὗτοι
1617 5617 1724 5683 γάρ

148 5706 435 5778 ἀλλότριοι
469 5704 563 5757 τοῦ
590 5705 723 5757 Θεοῦ
757 5707 1136 5775 τυγχάνουσιν.
1168 5707 1448 5758 Ἔστωσαν
1479 5705 1571 5758 οὖν
1599 5707 1727 5757 ἀνά-

152 5801 301 5872 θεμα
339 5801 389 5852 oi
423 5797 781 5867 ἀπερχόμενοι
809 5797 943 5867 πρὸς
965 5782 1179 5859 αὐτούς.
1211 5798 1307 5860 Διά
1333 5813 1412 5849 τοι
1443 5796 1600 5851 τοῦτο
1630 5798 1722 5850 καὶ

1821 4630 1937 4670 cos.
1970 4614 2089 4680 Qua
2129 4616 2195 4671 de
2216 4631 2382 4671 causa
2420 4626 2473 4670 et
2506 4621 2885 4686 sexagesimus
2924 4627 3157 4687 quartus
3207 4633 3384 4671 canon

1821 4708 1913 4763 Dei
1943 4725 2254 4778 pra'conum
2284 4717 2598 4766 sanctorum
2627 4710 2996 4780 apostolorum
3029 4709 3102 4760 ait
3127 4726 3139 4760 :
3171 4706 3226 4760 Si
3262 4709 3386 4775 quis

1821 4800 2081 4863 clericus,
2107 4811 2202 4852 aut
2234 4801 2430 4864 laicus,
2458 4801 2652 4854 orandi
2694 4814 2861 4854 causa
2895 4799 3178 4866 ingressus
3228 4797 3387 4852 luerit

1823 4887 1878 4941 in
1911 4904 2245 4959 synagogam
2277 4888 2613 4954 Iudaeorum,
2645 4891 2728 4943 vel
2776 4888 3179 4954 haereticorum,
3219 4886 3386 4955 depo-

1823 4989 1983 5033 natur
2007 4989 2062 5033 et
2107 4981 2630 5034 excommunicetur.
2689 4979 2757 5032 Et
2815 4979 3129 5050 trigesimus
3195 4978 3388 5030 tertius

1823 5084 1999 5124 canon
2035 5069 2350 5123 Laodiceam
2412 5071 2642 5140 synodi,
2682 5070 2812 5124 item
2845 5079 3034 5124 sextus
3083 5075 3134 5120 et
3175 5066 3388 5135 trigesi.

1824 5176 1948 5215 tuus
1974 5168 2227 5230 quartus,
2257 5159 2371 5214 hac
2400 5163 2474 5214 ait
2513 5163 2575 5215 de
2598 5160 2755 5216 venia
2791 5159 2968 5212 danda
3019 5157 3297 5212 haereticis
3331 5156 3384 5209 in

1825 5266 1923 5307 sua
1948 5253 2140 5306 hmresi
2171 5253 2545 5318 perstantibus
2578 5251 2918 5320 ingrediendi
2965 5250 3187 5303 domutn
3243 5246 3338 5300 Dei
3368 5262 3382 5298 :

1825 5343 1972 5412 quod
2000 5358 2110 5397 non
2135 5352 2349 5412 oportet
2381 5359 2489 5396 una
2523 5358 2645 5395 cum
2688 5342 2942 5396 haeretico
2989 5342 3073 5393 vel
3121 5340 3390 5393 schisma-

1830 5435 1939 5488 tico
1968 5450 2128 5489 orare
2171 5455 2184 5487 :
2220 5436 2376 5500 Quod
2407 5451 2516 5489 non
2548 5443 2762 5505 oportet.
2803 5436 2970 5488 ullum
3012 5432 3388 5487 Christianum

1827 5524 2030 5580 Christi
2059 5533 2332 5596 martyras
2363 5528 2700 5596 relinquere,
2735 5536 2785 5581 et
2819 5527 2884 5580 ad
2912 5525 3079 5577 l'alsos
3101 5529 3390 5591 martyras,

1828 5616 1930 5669 hoc
1961 5625 2044 5669 est
2075 5616 2380 5675 haereticos,
2424 5617 2594 5680 abire,
2628 5618 2708 5670 vel
2732 5632 2848 5677 eos,
2879 5615 2971 5683 qui
3004 5613 3161 5682 prius
3207 5613 3381 5663 haere-

1834 5705 2120 5760 ticifuere.
2161 5705 2226 5759 lli
2272 5707 2419 5760 enim
2453 5717 2581 5760 sunt
2621 5723 2648 5759 a
2677 5707 2784 5761 Deo
2841 5706 3026 5759 alieni.
3083 5702 3205 5756 Sint
3254 5715 3384 5768 ergo

1833 5794 2143 5862 anathema,
2174 5793 2272 5862 qui
2301 5793 2367 5848 ad
2398 5808 2492 5849 eos
2519 5795 2738 5848 abeunt.
2776 5793 2903 5846 Eam
2930 5795 2998 5848 ob
3036 5808 3146 5846 rem
3183 5801 3236 5844 et
3287 5800 3385 5842 nos
