4110 6460
262 421 369 483 960

1110 419 1484 476 RESI‘UNSA
1526 420 1624 476 AD
1670 418 2390 482 INTERROGATIONES
2431 425 2690 490 MARCI.

3358 433 3464 496 970

253 546 352 610 τῆς
408 543 557 602 θείας
613 544 1021 611 ἱ;ρἰτελεττίας.
1080 545 1171 597 καὶ
1227 545 1324 610 τῆς
1357 543 1660 603 τελευταίας
1717 542 1807 594 τοῦ

1915 543 2112 596 ultima;-
2144 544 2494 596 saeriticantis
2525 541 2851 610 precationis
2902 543 3461 614 remunerationisan

254 634 666 701 ἱερουργοῦντος
691 634 869 700 εὐχῆς.
928 635 1020 686 καὶ
1073 635 1163 685 τοῦ
1192 633 1482 703 ἀντιδωρου
1513 634 1614 701 τῆς
1647 650 1810 696 μετα-

253 721 492 789 λήψεως.
555 720 935 789 ψηφιζόμεθαο
979 720 1072 773 καὶ
1134 724 1244 781 τοῖς
1287 720 1427 772 οὕτω
1480 725 1552 789 μὴ
1600 722 1808 774 ποιοῦσι

252 813 352 878 τὴν
372 815 435 862 ἐκ
467 811 560 862 τοῦ
589 813 808 873 κανόνος
843 812 1155 880 ἐπισείομεν
1189 813 1579 878 ἀγανάκτησιν.
1627 815 1808 864 Mem-

251 901 549 968 λαμῦάνειν
579 902 633 953 δὲ
664 902 858 963 αὐτοὺς
887 903 984 953 οὐκ
1018 902 1418 968 ἀναγκάζομεν,
1454 901 1541 953 διὰ
1585 902 1680 969 τὴν
1712 904 1808 969 τῆς

254 991 610 1057 συνειδήσεως
640 991 888 1058 βάσανον.
927 990 1260 1056 Προσεκτέον
1289 987 1400 1050 οῦν,
1427 991 1565 1042 κατὰ
1588 990 1685 1060 τὴν
1713 992 1804 1042 τοῦ

253 1081 509 1147 ῥηθέντος
558 1081 774 1138 κανόνος
821 1079 1130 1148 περίληψιν,
1189 1083 1263 1147 μὴ
1323 1079 1669 1140 ἀσυντάκτως
1740 1083 1804 1134 έκ

249 1171 354 1231 τῆς
405 1170 713 1236 ἱερουργίας
767 1169 1064 1236 ὑποχωρεῖν
1120 1172 1243 1230 τοῦς
1305 1170 1801 1238 ἐκκλησιάζοντας·

249 1259 366 1308 ἀλλ’
388 1257 508 1309 ἐπεὶ
536 1257 669 1325 αὕτη
704 1256 766 1307 ἐκ
789 1273 846 1306 τε
881 1259 977 1324 τῆς
1010 1255 1248 1319 Παλαιᾶς
1277 1257 1548 1325 Διαθήκης
1573 1259 1664 1308 καὶ
1692 1257 1791 1324 τῆς

246 1348 394 1408 Νέας
430 1351 508 1405 είς
552 1348 677 1413 μίαν
726 1347 1026 1410 ταυτότητα
1063 1345 1443 1412 μεγαλύνεται,
1509 1350 1600 1398 καὶ
1636 1346 1798 1416 μέχρι

249 1438 355 1504 μὲν
382 1437 480 1503 τῆς
510 1437 618 1487 τῶν
659 1438 828 1502 ἁγίων
873 1436 1218 1501 [εὐαγγελίων
1261 1435 1664 1503 άνακηρύξεως,
1703 1436 1800 1503 τῆς

244 1531 536 1593 Δαυῖτικῆς
568 1529 792 1595 κινύρας
842 1527 908 1578 τὰ
942 1527 1192 1594 ψαλτῳδή
1205 1543 1350 1594 ματα
1377 1527 1466 1577 τοῦ
1505 1526 1797 1594 μυστηρίου

245 1619 344 1683 τὴν
373 1615 598 1681 δύναμιν
640 1614 962 1681 άγιάζουσιο
1000 1615 1135 1684 μετὰ
1171 1615 1226 1666 δὲ
1263 1614 1464 1682 ταύτην
1510 1614 1608 1681 τῆς
1652 1617 1802 1668 ἀναι-

244 1709 454 1773 μάκτου
481 1706 666 1768 θυσίας
697 1708 998 1770 ἀνοίγονται
1025 1707 1090 1757 τὰ
1121 1705 1406 1773 προαύλια,
1437 1706 1798 1774 ἐπιτρέποντα

243 1800 336 1848 καὶ
365 1801 476 1857 τοῖς
500 1797 808 1865 ἀρχιερεῦσι
838 1797 896 1847 τὸ
925 1797 1020 1863 μὲν
1055 1797 1363 1863 ὲπωμάδιον
1397 1795 1702 1864 ὠμοφόριον
1735 1797 1792 1848 τὸ

1915 633 2341 701 participationis
2378 635 2686 695 ,interesse
2749 632 3000 685 concioni
3065 634 3260 688 debere
3324 651 3455 689 cen-

1912 738 2115 777 semus.
2152 723 2213 775 Et
2259 722 2322 775 iis
2354 762 2366 785 ,
2417 722 2507 790 qui
2550 724 2628 775 sic
2658 736 2761 774 non
2816 723 3039 785 faciunt,
3091 725 3313 778 canonis
3367 725 3452 778 in-

1909 815 2274 882 dignationem
2345 815 2622 866 vibramus
2677 832 2689 865 :
2744 814 3070 881 participare
3123 825 3300 868 autem
3359 831 3452 871 eos

1911 919 2016 958 non
2068 907 2330 973 cogimus,
2373 905 2441 957 ob
2487 904 2834 958 conscientia:
2882 914 3231 958 tormentum.
3263 904 3450 960 Anim-

1907 995 2290 1049 advertendum
2328 995 2509 1059 iqitur,
2537 993 2691 1062 juxta
2725 993 2965 1061 praedicti
3017 995 3241 1048 canonis
3298 1003 3451 1048 teno-

1906 1100 2042 1143 rem.
2113 1103 2178 1139 ne
2229 1087 2318 1154 qui
2385 1086 2674 1139 conventui
2724 1085 3012 1144 intersunt.
3075 1086 3376 1140 inordinate
3419 1103 3449 1140 a

1906 1177 2171 1230 sacriﬁcio
2230 1184 2586 1229 revertantur.
2624 1175 2727 1229 Sed
2767 1191 2889 1228 eum
2929 1176 3104 1242 ipsum
3156 1190 3220 1228 ex
3270 1177 3449 1231 Veteri

1903 1264 2159 1335 Novoque
2209 1264 2550 1319 Testamento
2597 1267 2711 1332 pari
2759 1265 2917 1318 modo
2970 1265 3360 1331 magniﬁcetur,
3395 1276 3449 1320 et

1902 1356 1969 1408 ad
2010 1356 2373 1410 recitationem
2400 1355 2615 1423 quidem
2657 1369 2829 1422 usque
2856 1364 3160 1407 sanctorum
3210 1353 3448 1424 Evange-

1903 1447 2118 1508 liorum,
2151 1447 2412 1500 Davidicaa
2446 1448 2666 1500 citharae
2696 1447 2934 1498 carmina
2985 1448 3307 1500 sacramenti
3351 1462 3446 1501 ce-

1900 1533 2106 1588 lebrent
2134 1544 2448 1603 potestatem
2486 1551 2497 1585 :
2529 1543 2710 1602 postea
2735 1544 2912 1588 autem
2940 1535 3230 1588 incruenta:
3261 1535 3447 1589 hostia-

1900 1626 2213 1690 aperiantur
2244 1625 2532 1687 vestibula,
2586 1624 2920 1677 antistitibus
2955 1625 3319 1692 permittentia
3350 1639 3444 1678 su-

1899 1713 2322 1779 perhumeralem
2355 1715 2606 1764 amictum
2647 1712 2934 1778 deponere,
2973 1711 3063 1778 qui
3103 1713 3221 1780 agni
3276 1712 3444 1780 ﬁgura

1898 1800 2171 1867 eleganter
2201 1799 2491 1852 fabricatus
2531 1805 2634 1858 est.
2662 1807 2714 1850 ct
2747 1808 2979 1852 tractare
3009 1799 3118 1850 veri
3140 1799 3442 1866 vivilieique

241 1890 323 1948 είς
375 1888 542 1938 τύπον
589 1887 681 1938 τοῦ
731 1886 901 1953 ἀμνοῦ
944 1886 1361 1954 καλλιτεχνηθὲν
1415 1887 1785 1947 ἀποτίθεσθαι,

1893 1891 2028 1956 Agni
2061 1900 2452 1943 sacramentum
2487 1905 2501 1942 :
2540 1893 2580 1942 si
2615 1890 2829 1956 quidem
2854 1890 2911 1951 ii,
2941 1889 3031 1957 qui
3063 1889 3116 1941 in
3147 1903 3442 1959 congrega-

243 1979 710 2047 μεταχειρίζεσθαι
733 1979 787 2030 δὲ
813 1979 905 2031 τοῦ
935 1977 1164 2048 ἀληθοῦς
1191 1979 1282 2030 καὶ
1304 1977 1563 2040 ζωοποιοῦ
1589 1978 1786 2045 ’Λμνοῦ

240 2069 298 2120 τὸ
329 2070 658 2138 μυστήριονο
690 2070 738 2121 εἰ
777 2069 874 2137 μὲν
907 2071 954 2120 oi
982 2068 1428 2137 ἐκκλησιάζοντες
1465 2068 1623 2129 εὐθὺς
1657 2067 1790 2135 μετὰ

239 2161 306 2211 τὰ
349 2161 479 2226 ἅγια
545 2160 874 2225 Εὐαγγέλια,
925 2158 1260 2227 αὐθαιρέτως
1324 2159 1788 2225 ὑποχωρήσουσιν,

237 2251 338 2300 οὐκ
367 2249 771 2317 αἰτιαθὴσονται
803 2265 818 2280 ο
857 2250 905 2299 εί
943 2249 998 2300 δέ
1049 2249 1184 2315 μετὰ
1236 2249 1334 2313 τὴν
1379 2247 1654 2314 καταρχὴν
1695 2247 1789 2314 τῆς

237 2339 578 2403 (inmittime
607 2337 796 2397 θυσίας
818 2335 913 2388 καὶ
950 2337 1240 2404 μυστικῆς,
1295 2335 1366 2396 ὡς
1419 2336 1642 2387 ἄτακτοι
1696 2337 1788 2388 καὶ

240 2410 622 2479 σκανδαλισταὶ
653 2425 872 2486 δικαίως
897 2425 1375 2492 ἀφορισθήσονται.

320 2515 638 2580 Ἐρώτησις
671 2514 755 2574 ιζ’.
813 2515 875 2565 Οί
936 2515 1068 2581 μετὰ
1108 2513 1201 2565 τοῦ
1251 2515 1549 2582 ἀρχιερέως
1582 2514 1614 2581 ἦ
1652 2512 1788 2580 μετὰ

236 2605 328 2655 τοῦ
350 2606 538 2672 ἱερέως
565 2603 1096 2672 συλλειτουργοῦντες
1115 2603 1371 2662 διάκονοι,
1397 2604 1785 2671 ἀπαραιτήτοις

238 2693 677 2760 μεταλαμϐάνειν
699 2692 1022 2757 ὀφείλουσιν,
1053 2689 1086 2756 ἢ
1127 2689 1220 2755 οῦς

323 2781 454 2832 ⁹Λπ.
495 2782 552 2831 '0
575 2779 624 2846 η’
657 2780 838 2832 κανὼν
857 2780 963 2831 τῶν
989 2780 1157 2846 ἁγίων
1192 2779 1498 2831 ἀποστόλων
1519 2780 1657 2831 οὓτω
1685 2798 1785 2848 φη-

236 2872 341 2930 σίν,
402 2871 466 2921 Εἴ
498 2886 578 2929 τις
632 2870 943 2931 ἐπίσκοπος,
978 2870 1009 2936 ἢ
1040 2868 1426 2939 πρεσϐύτερος,
1461 2869 1778 2936 ἢδιάκονος,

235 2959 392 3028 ἢτοῦ
437 2960 734 3025 καταλόγου
785 2959 879 3011 τοῦ
933 2958 1228 3027 ἱερατικοῦ,
1267 2961 1577 3028 προσφορᾶς
1638 2976 1782 3026 γινοο

237 3048 408 3116 μένης
442 3047 514 3118 μὴ
543 3047 837 3118 μεταλάϐῃ,
870 3048 967 3115 τὴν
992 3049 1164 3099 αἰτίαν
1187 3048 1409 3102 εἰπάτω.
1439 3047 1548 3101 Καὶ
1605 3049 1697 3100 ἐὰν

234 3136 475 3204 εὔλογος,
536 3139 861 3204 συγγνώμης
906 3137 1240 3204 τυγχανέτω.
1277 3137 1338 3189 Ei
1389 3137 1445 3190 δὲ
1490 3137 1565 3207 μὴ
1611 3136 1777 3204 λέγει,
1805 3167 1849 3228 C

233 3225 596 3295 ἁφοριζέσθω,
625 3227 701 3287 ὡς
753 3227 919 3286 αἴτιος
947 3226 1147 3294 βλάϐης
1197 3227 1474 3294 γινόμενος
1515 3227 1593 3296 τῷ
1645 3229 1778 3297 λαῷ,

233 3317 331 3366 καὶ
372 3314 622 3365 ὑπόνοιαν
675 3313 906 3380 ποιήσας
963 3313 1102 3364 κατὰ
1165 3314 1259 3364 τοῦ
1323 3315 1780 3381 προσενέγκαντος

233 3405 310 3463 ὡς
352 3401 424 3468 μὴ
479 3401 644 3466 ὑγιῶς
705 3400 1176 3468 προσενεγκόντος.
1243 3402 1782 3470 Παρατηρητέονοῦν

234 3495 361 3554 τοὺς
384 3492 760 3552 ὑποδιακόνους
810 3489 904 3542 καὶ
934 3492 1056 3551 τοὺς
1093 3489 1390 3553 διακόνους,
1446 3491 1538 3542 καὶ
1583 3492 1780 3559 μᾶλλον

234 3584 362 3642 τοὺς
424 3581 892 3650 χειραπτὴσαντας
969 3577 1404 3646 μεταλαμϐάνειν
1467 3577 1573 3629 τῶν
1623 3578 1780 3630 θείων

204 3672 591 3739 -ἀγιασμάτων
626 3683 638 3697 ⁸
670 3670 702 3737 ἢ
747 3668 853 3738 μὴν
901 3668 999 3736 τὴν
1055 3668 1232 3719 αίτίαν
1261 3667 1440 3734 λέγειν
1491 3667 1558 3719 δι’
1594 3667 1661 3737 ἢν
1687 3667 1778 3720 τοῦ

233 3758 438 3827 ἀγαθοῦ
468 3758 655 3810 τούτου
674 3757 1006 3824 ἀπέστησαν.
1039 3755 1207 3808 Τοῦτο
1234 3755 1340 3823 γὰρ
1369 3757 1441 3822 μὴ
1483 3756 1777 3820 ποιοῦντες,

232 3850 688 3918 ἁφορισθήσονται
746 3845 887 3900 κατὰ
935 3846 1034 3898 τὶδν
1081 3845 1174 3897 τοῦ
1234 3845 1490 3914 ῥηθέντος
1562 3846 1781 3908 κανόνος

233 3935 541 4004 περίληψιν.

304 4023 624 4090 Ἐρώτησις
646 4021 740 4088 ιη’.
772 4020 1069 4074 Ἀκίνδυνόν
1123 4023 1238 4075 ἐστι
1282 4023 1522 4090 γίνεσθαι
1548 4025 1646 4092 τὴν
1673 4025 1780 4076 τῶν

233 4119 397 4171 θείων
449 4117 801 4185 ἁγιασμάτων
842 4115 1074 4168 διάδοσιν
1126 4118 1219 4168 κα)⁸
1286 4116 1586 4184 μετάληψιν
1644 4117 1780 4185 μετὰ

232 4209 443 4279 ψυχροῦ
498 4208 637 4260 οἴνου
675 4207 768 4259 καὶ
807 4205 1027 4268 ὓδατοςο
1063 4207 1096 4274 ἢ
1129 4207 1502 4276 ἀπαραίτητόν
1532 4211 1646 4259 ἐστι
1685 4209 1778 4259 καὶ

236 4303 356 4353 ζέον
393 4299 535 4367 ὕδωρ
577 4298 714 4352 κατὰ
733 4298 824 4349 τὸν
854 4297 1040 4364 καιρὸν
1069 4296 1168 4363 τῆς
1209 4295 1558 4364 μεταλήψεως
1589 4297 1673 4357 είς
1705 4296 1772 4347 τὰ

235 4393 368 4458 ἅγια
395 4389 640 4459 βάλλειν;

1894 1981 2094 2033 tionem
2123 1986 2509 2038 convenerunt.
2547 1979 2723 2031 statim
2757 1989 2877 2046 post
2921 1985 3108 2031 saneta
3155 1975 3442 2045 Evangelia

1892 2077 2082 2135 sponte
2125 2069 2423 2132 discedant,
2469 2083 2576 2121 non
2633 2069 2994 2135 culpabuntur
3029 2085 3041 2120 ε
3076 2065 3170 2121 sed
3217 2067 3263 2120 si
3320 2072 3444 2134 post

1892 2160 2184 2214 incruenta:
2212 2161 2556 2228 mysticmque
2583 2161 2807 2212 victimae
2838 2159 3182 2228 principium,
3207 2167 3266 2210 ut
3293 2157 3436 2210 inor-

1890 2248 2056 2302 dinati
2081 2258 2134 2302 et
2163 2250 2458 2304 offensores
2485 2250 2627 2318 justo
2665 2249 3297 2303 excommunicabuntur.

1958 2517 2121 2570 Inter.
2157 2516 2242 2570 17.
2276 2515 2377 2580 Qui
2416 2529 2539 2569 cum
2573 2513 2830 2583 pontifice
2859 2512 2941 2566 vel
2975 2511 3256 2564 sacerdote
3286 2519 3433 2562 com-

1888 2608 2196 2661 ministrant
2267 2607 2499 2667 diaconi,
2567 2606 2765 2658 debent
2831 2604 2963 2655 citra
3031 2601 3432 2655 excusationem

1886 2697 2324 2749 communionem
2354 2709 2652 2755 assumere,
2693 2695 2919 2748 annon?

1951 2787 2293 2858 Res.Canon
2343 2789 2374 2838 8
2429 2795 2739 2840 sanctorum
2789 2788 3154 2855 apostolorum
3208 2789 3288 2840 sic
3316 2787 3432 2841 ait:

1885 2877 1937 2928 Si
1989 2876 2112 2944 quis
2161 2877 2470 2943 episcopus,
2524 2877 2826 2946 presbyter,
2881 2879 2962 2930 vel
3016 2879 3300 2940 diaconus,
3347 2883 3435 2936 vel

1881 2979 1942 3017 ex
1977 2964 2291 3018 sacerdotali
2325 2965 2588 3032 catalogo,
2632 2967 2770 3021 facta
2820 2968 3090 3022 oblatione
3145 2983 3248 3020 non
3283 2983 3432 3022 com-

1879 3056 2252 3116 tnunieaverit,
2292 3070 2510 3110 causam
2549 3057 2693 3109 dicat
2723 3073 2735 3109 :
2770 3065 2821 3110 et
2846 3058 2892 3111 si
2930 3059 3220 3125 probabilis
3249 3058 3430 3116 fuerit.

1881 3145 2090 3197 veniam
2121 3154 2482 3213 consequetur
2513 3162 2527 3210 ;
2562 3147 2644 3200 sin
2703 3160 2832 3199 vero
2866 3148 3065 3206 minus,
3101 3155 3430 3214 segregetur,

1885 3243 1940 3286 ut
1975 3234 2064 3300 qui
2104 3235 2300 3302 papula
2330 3234 2645 3287 «im-usionis
2675 3249 2836 3287 causa
2869 3235 2956 3296 sit,
2991 3245 3042 3287 et
3069 3237 3428 3303 suspicionem

1883 3320 2088 3373 dederit
2115 3323 2374 3374 adversus
2399 3337 2546 3383 eum,
2574 3322 2665 3389 qtti
2706 3322 2921 3384 obtulit,
2953 3324 3106 3390 quasi
3136 3338 3241 3376 non
3271 3323 3430 3392 digne

1881 3409 2153 3463 obtulerit.
2181 3411 2580 3464 Observandum
2613 3409 2870 3478 ἰδίω-,ιιι
2900 3411 3430 3474 subdiaconi,etdia-

1883 3500 2003 3551 coni
2028 3509 2081 3552 et
2102 3502 2277 3568 potius
2298 3515 2447 3554 sacra
2467 3507 2877 3564 contrectantes,
2899 3500 3108 3555 divinas
3130 3501 3424 3556 sanctiﬁca-

1881 3587 2054 3641 tiones
2085 3596 2398 3651 assumant,
2437 3588 2515 3640 vel
2550 3599 2693 3640 certe
2715 3602 2931 3642 causam
2959 3589 3237 3651 dicant,ob
3268 3605 3426 3656 quant

1881 3690 1944 3728 eo
1971 3675 2112 3729 bono
2133 3677 2525 3730 abstinuerunt.
2550 3676 2607 3730 Id
2641 3679 2783 3732 enim
2818 3680 2864 3732 si
2904 3693 3006 3732 non
3034 3677 3254 3743 faciant,
3276 3678 3427 3747 juxta

1884 3766 2122 3834 praedicti
2153 3769 2379 3822 canonis
2411 3778 2648 3822 tenorem
2685 3769 3318 3823 excommunicabuntur.

1953 4029 2116 4085 Inter.
2149 4030 2232 4084 18.
2260 4031 2340 4083 Αη
2372 4031 2486 4084 sine
2523 4031 2764 4099 periculo
2793 4030 3093 4084 divinarum
3121 4031 3427 4084 sanctiﬁca-

1881 4123 2085 4176 tionum
2115 4121 2423 4175 distributio
2468 4131 2516 4174 et
2549 4124 2843 4189 assumptio
2889 4123 3016 4175 liant
3059 4136 3179 4174 eum
3233 4120 3424 4190 frigido

1879 4214 2004 4266 vino
2049 4221 2103 4266 et
2131 4218 2266 4279 aqua
2304 4231 2317 4265 :
2357 4227 2425 4264 an
2473 4216 2590 4266 sine
2640 4213 2988 4266 excusatione
3019 4226 3154 4278 aqua
3210 4211 3421 4264 terrens

1883 4301 2304 4371 participationis
2333 4309 2570 4370 tempore
2591 4303 2644 4355 in
2672 4312 2858 4356 sancta
2891 4302 2961 4355 sit
2994 4301 3287 4354 mittenda?

317 4479 446 4532 Ἀπ.
489 4479 594 4530 Τοῦ
635 4474 712 4546 λβ¹
762 4475 982 4537 κανόνος
1044 4476 1140 4543 τῆς
1179 4476 1235 4526 ὲν
1289 4475 1366 4544 τῷ
1397 4476 1647 4547 Τρούλλῳ
1684 4472 1810 4532 τοῦῙ

1948 4475 2067 4528 Res.
2099 4473 2230 4528 Cum
2259 4474 2326 4527 σε
2351 4488 2520 4526 canon
2552 4481 2751 4526 sanctae
2768 4480 2819 4526 et
2839 4474 3187 4527 meumenicaa
3207 4474 3418 4543 synodi.

237 4570 474 4638 μεγάλου
496 4567 757 4619 παλατίου
788 4568 1059 4630 συστάσης
1081 4565 1244 4631 ἁγίας
1289 4568 1379 4617 καὶ
1406 4567 1780 4639 οίκουμενικῆς

233 4660 454 4711 συνόδου
512 4657 824 4726 καθαιρέσει
883 4655 1380 4718 καθυποόάλλοντος
1419 4657 1543 4718 τοὺς
1592 4659 1664 4726 μὴ
1696 4674 1774 4711 τεο

231 4748 509 4808 λειοῦντας
534 4745 593 4795 τὸ
647 4743 790 4796 θεῖον
829 4743 922 4794 καὶ
947 4743 1098 4808 ἅγιον
1123 4745 1375 4813 ποτήριον
1415 4746 1471 4809 ἐξ
1515 4745 1656 4798 οἴνου
1688 4749 1780 4798 καὶ

237 4838 449 4896 ὕδατος,
486 4833 800 4902 αίρεσιῶταί
833 4849 979 4888 τινες
1003 4833 1099 4885 οὐκ
1121 4833 1402 4900 ἀνέχονται
1427 4835 1636 4902 βάλλειν
1662 4834 1780 4897 ζέον

233 4928 314 4986 είς
343 4925 404 4977 τὸ
432 4925 584 4989 ἆγιον
609 4923 699 4975 καὶ
731 4923 868 4974 θεῖον
887 4923 1140 4990 ποτήριον
1160 4937 1174 4952 ο
1203 4922 1323 4974 Ὀτι
1355 4923 1525 4991 (φασὶ)
1559 4925 1623 4976 τὰ
1655 4927 1780 4992 περὶ

219 5017 420 5083 ,τούτου
455 5013 534 5082 τῷ
561 5013 742 5065 κανόνι
769 5013 827 5063 οὑ
858 5011 1239 5080 διιλήφθησαν.
1280 5012 1557 5065 Ἀκούουσι
1587 5014 1668 5077 δὲ,
1697 5017 1776 5066 ὅτι

232 5108 291 5158 τὸ
352 5106 471 5170 ζέον
517 5102 594 5171 τῷ
650 5103 789 5170 ἁγίῳ
856 5101 1046 5169 αἵματι
1094 5100 1510 5170 προστιθέμενον
1563 5104 1659 5172 τὴν
1714 5107 1780 5157 δι.

241 5193 428 5252 ὓδατος
487 5190 578 5242 καὶ
617 5189 755 5241 οἴνου
794 5187 984 5239 ἕνωσιν
1036 5187 1129 5240 τοῦ
1182 5189 1337 5254 ἁγίου
1388 5193 1644 5260 ποτηρίου
1683 5195 1779 5246 οὐκ

237 5283 438 5333 ἀιλοιοὶ
499 5281 612 5332 ἐπεὶ
645 5277 775 5346 μηδὲ
806 5277 991 5345 ἔτερόν
1047 5294 1096 5329 τι
1132 5279 1280 5346 παρὰ
1325 5280 1384 5330 τὸ
1442 5279 1583 5349 ὕδωρ
1635 5285 1772 5338 έστί.

235 5372 492 5424 Βάλλεται
526 5369 580 5421 δὲ
642 5371 720 5428 είς
786 5367 1156 5435 πληροφορίαν
1205 5369 1296 5422 τοῦ
1355 5366 1491 5422 εἶναι
1543 5372 1776 5434 {moneta

235 5464 302 5512 τά
327 5460 591 5529 ῥεύσαντα
627 5456 732 5508 ἀπὸ
758 5457 856 5522 τῆς
873 5457 1031 5521 ἁγίας
1066 5454 1303 5523 πλευρᾶς
1332 5458 1426 5510 τοῦ
1466 5461 1667 5531 Κυρίου
1687 5463 1778 5515 καὶ

237 5550 368 5603 Θεοῦ
390 5551 482 5602 καὶ
506 5548 752 5615 Σωτῆρος
779 5546 932 5614 ἡμῶν
978 5544 1150 5610 Ἰησοῦ
1207 5547 1249 5597 Χ
1260 5547 1464 5614 ριστοῦ,
1492 5550 1628 5603 κατὰ
1688 5552 1777 5603 τὸν

237 5643 425 5710 καιρὸν
454 5639 548 5691 τοῦ
570 5637 835 5706 σωτηρίου
866 5636 1066 5697 πάθους
1095 5636 1278 5698 αὑτοῦ,
1304 5639 1360 5689 τὸ
1376 5632 1510 5706 αἷμα
1534 5641 1775 5708 δηλονότι

239 5733 331 5784 καὶ
359 5732 418 5783 τὸ
440 5729 614 5794 ὕδωρ·
651 5728 808 5778 ἅτινα
835 5725 1158 5793 ὲξέρῤευσαν
1193 5725 1378 5787 ζέοντα
1420 5727 1494 5790 ὡς
1523 5730 1586 5782 ὲκ
1635 5730 1769 5792 ζωο-

557 5826 818 5884 ΡΑτιιοι..
859 5829 971 5886 (in.
1023 5825 1425 5887 CXXXVIII.

1878 4572 2085 4617 coacta:
2115 4565 2168 4615 in
2200 4561 2384 4628 Trullo
2421 4563 2597 4631 magni
2630 4562 2833 4630 palatii.
2867 4561 3186 4629 depositioni
3247 4563 3418 4629 subji-

1879 4654 1984 4704 ciat
2034 4667 2151 4713 eos,
2203 4652 2295 4718 qui
2342 4652 2581 4704 divinum
2627 4659 2682 4704 et
2720 4659 2966 4704 sanctum
3019 4652 3268 4718 poculum
3312 4667 3418 4704 non

1881 4747 2200 4792 consecrant
2229 4755 2292 4792 ex
2324 4741 2448 4792 vino
2472 4750 2525 4793 et
2560 4753 2699 4808 aqua
2731 4754 2746 4801 ;
2777 4738 3070 4794 haeresiota
3113 4739 3274 4804 aliqui
3312 4754 3418 4792 non

1879 4829 2155 4894 patiuntur
2189 4828 2415 4882 calidam
2449 4828 2653 4881 infundi
2686 4828 2738 4880 in
2786 4839 3028 4882 sanctum
3079 4836 3131 4881 et
3175 4829 3417 4900 divinum

1878 4916 2165 4981 poculum,
2220 4915 2376 4981 Quia,
2441 4919 2716 4986 inquiunt,
2767 4918 2832 4970 de
2887 4933 2952 4971 eo
3027 4915 3157 4973 nihil
3211 4931 3420 4970 canone

1880 5007 2321 5074 enmpreltensum
2380 5015 2483 5062 est.
2539 5007 2781 5060 Audiunt
2838 5014 3039 5066 autem.
3123 5004 3415 5060 ferventem

1877 5105 2066 5150 sant-to
2120 5096 2367 5163 sanguini
2412 5097 2669 5156 additam.
2722 5097 2974 5149 unionem
3016 5109 3165 5162 aqua:
3202 5103 3254 5147 ct
3308 5095 3416 5147 vini

1878 5188 2050 5241 sancti
2113 5188 2297 5241 calicis
2343 5202 2449 5240 non
2503 5194 2733 5247 mutare,
2788 5186 2915 5255 quia
2984 5193 3174 5252 prteter
3223 5197 3414 5250 aquam

1879 5277 2013 5330 nihil
2039 5284 2119 5331 est
2147 5276 2310 5328 aliud.
2341 5275 2644 5329 Infundltur
2685 5285 2888 5338 autem,
2943 5283 3000 5326 ut
3044 5273 3252 5328 viviﬂca
3295 5289 3417 5327 esse

1877 5377 2108 5428 constet,
2136 5383 2255 5438 qua:
2281 5367 2453 5421 ﬂuunt
2477 5383 2506 5420 e
2537 5378 2719 5420 sancto
2746 5366 2911 5417 latere
2943 5363 3172 5426 Domini,
3203 5372 3257 5416 et
3288 5364 3415 5427 Dei',

1877 5469 1929 5511 et
1963 5457 2264 5511 Servatoris
2299 5457 2466 5509 nostri
2489 5454 2613 5509 Jesu
2645 5455 2864 5510 Christi.
2893 5461 3130 5519 tempore
3159 5452 3415 5508 salutaris

1875 5549 2142 5616 passionis
2199 5547 2357 5615 ejus,
2402 5546 2712 5614 sanguinem
2771 5544 3013 5597 videlicet
3069 5550 3122 5596 et
3181 5557 3415 5611 aquam,

1875 5652 1993 5705 quae
2047 5635 2301 5690 ferventia
2346 5634 2682 5696 cuiu-xerunt,
2711 5634 2857 5686 velut
2907 5648 2973 5686 ex
3017 5631 3231 5687 viviﬂen
3268 5633 3417 5686 deiti-

1877 5736 2000 5781 cato
2034 5741 2259 5796 corpore
2305 5724 2537 5781 vit-inca.
2568 5725 2668 5792 Qui
2705 5727 2786 5780 sic
2832 5724 2996 5793 igitur
3028 5739 3138 5779 tton
3190 5723 3414 5791 faciunt,

3039 5825 3106 5882 31
