4110 6470
627 389 731 451 επ)

1921 385 2020 442 ΤΗ
2037 385 2197 445 EOD.
2253 387 2341 442 BA
2358 392 2372 444 I
2387 386 2481 441 ΒΛ
2495 384 2643 443 SMN
2659 385 2722 442 lS

3747 387 3848 447 θῖῦ

633 505 1028 572 :intem‘dignus
1061 503 1148 566 sit,
1182 504 1290 558 fiat.
1315 503 1443 579 Non
1477 503 1619 556 enim
1653 505 1898 571 corporis
1929 502 2184 555 damnum

2295 503 2326 571 ἢ
2358 503 2418 554 τὸ
2439 506 2625 566 σκέλος
2655 505 3052 573 πεπληγμένος.
3086 505 3229 570 ἄξιος
3261 507 3312 558 δέ
3347 509 3490 556 ἐστιν
3514 504 3841 572 ἐπισκοπῆς,

632 611 754 650 eum
795 596 1000 664 polluit,
1043 595 1136 649 sed
1182 596 1372 649 anima:
1409 595 1730 663 inquinatio.
1784 595 1847 646 Et
1903 594 1969 644 78
2013 609 2185 646 canon

634 687 945 741 eorumdem
1005 695 1312 740 sanctorum
1363 688 1729 756 apostolorum
1776 687 1853 738 sic
1891 685 2128 752 loquitur
2166 701 2179 736 :

636 775 736 839 Qui
764 783 942 828 autem
975 783 1058 828 est
1084 775 1281 827 surdus
1315 787 1368 828 et
1406 790 1603 838 creetis,
1645 791 1710 828 ne
1771 774 1841 827 sit
1875 776 2186 842 episcopus,

635 880 742 918 non
775 873 833 918 ut
867 865 1119 934 pollutus,
1151 862 1243 917 sed
1283 879 1348 917 ne
1376 864 1747 916 ecclesiastica
1788 865 2183 929 impediantur.

635 957 954 1022 Quicunque
983 955 1148 1024 igitur
1167 957 1479 1008 morborum
1514 957 1816 1022 aliquorum
1859 956 1986 1007 vitio
2015 955 2189 1021 prohi-

637 1045 732 1096 hiti
787 1043 986 1096 fuerint
1035 1045 1448 1096 saccrdotalinm
1482 1044 1741 1111 graduum
1779 1045 1900 1110 jura
1934 1044 2182 1112 exsequi,

640 1132 980 1185 ordinatione
1009 1131 1152 1201 digni
1183 1148 1286 1185 non
1325 1133 1686 1186 habebuntur.
1727 1133 1824 1196 Qui
1855 1142 2032 1186 autem
2071 1143 2190 1199 post

637 1221 1032 1273 ordinationem
1087 1221 1165 1274 sic
1213 1222 1348 1274 male
1398 1221 1575 1274 affecti
1617 1231 1764 1284 sunt,
1818 1238 1970 1274 sacra
2014 1222 2190 1276 facere

638 1309 825 1359 morbo
852 1321 957 1358 non
990 1305 1371 1371 impediuntur.
1407 1305 1474 1360 Et
1505 1309 1575 1359 ita
1612 1309 1880 1361 imbecilla
1910 1309 2190 1359 constituti

641 1392 970 1456 valetudine,
1026 1393 1193 1446 libere
1255 1394 1658 1447 sacriﬁcabunt.
1719 1393 1808 1447 Dei
1854 1395 2190 1461 prazconihus

640 1481 781 1534 enim
828 1481 1046 1549 placuit,
1092 1497 1185 1550 per
1218 1485 1612 1537 mutilationem
1640 1485 1884 1550 corporis
1913 1499 1940 1534 a
1987 1484 2185 1536 sacrili-

639 1571 850 1624 caliene
899 1586 1005 1623 non
1059 1571 1330 1640 prohiberi
1371 1588 1713 1639 quemquam.
1751 1574 1900 1636 Quod
1948 1573 1991 1626 si
2021 1575 2189 1626 morbi

639 1660 876 1713 debitum
896 1659 1073 1712 oﬂicio
1100 1659 1385 1713 sacerdotii
1413 1661 1482 1712 sit
1512 1661 1912 1728 impedimento,
1941 1677 2190 1714 exercere

641 1747 844 1802 desinet
861 1756 1147 1815 aegrotans,
1172 1763 1199 1799 a
1218 1747 1476 1816 dignitate
1501 1757 1678 1801 tamen
1699 1763 1803 1802 non
1834 1750 2186 1811 alienabitur,

641 1836 773 1902 quin
829 1837 1004 1904 potius
1063 1836 1402 1889 miserandus
1451 1838 1575 1902 erit,
1638 1851 1700 1889 ac
1745 1837 1925 1904 priore
1978 1837 2189 1904 quidem

642 1927 845 1979 honore
876 1926 1105 1989 fruetur,
1131 1927 1350 1979 habebit
1382 1939 1556 1980 autem
1590 1929 1748 1980 etiam
1780 1942 1898 1994 quin
1939 1930 2002 1980 ad
2029 1929 2190 1981 vitam

643 2016 1048 2069 sustentandam
1094 2016 1381 2079 sufﬁciant,
1412 2025 1464 2070 et
1507 2017 1731 2085 reliqua,
1768 2016 1916 2082 juxta
1959 2018 2190 2084 priorem

645 2105 1115 2158 consuetudinem.

717 2191 876 2242 Inter.
913 2193 1000 2244 ‘24.
1037 2194 1115 2244 An
1149 2193 1419 2253 sacerdos,
1457 2202 1536 2246 vel
1567 2193 1828 2246 diaconus
1860 2233 1872 2255 ,
1907 2199 2020 2246 sine
2051 2195 2192 2260 peri-

646 2282 768 2332 rulo
797 2281 882 2333 fiat
918 2282 1328 2345 nummularius,
1359 2286 1436 2335 vel
1467 2285 1927 2347 commerciarius,
1962 2285 2040 2337 vel
2077 2300 2192 2338 mc-

643 2372 815 2432 dicus,
845 2372 924 2423 vel
955 2371 1275 2439 astrologus,
1309 2373 1519 2424 necne?

713 2458 829 2512 Res.
878 2461 1062 2511 (Zanon
1100 2469 1411 2512 sanctorum
1442 2468 1493 2512 et
1523 2460 1668 2513 omni
1704 2461 1860 2515 laude
1907 2463 2188 2516 beatorum

645 2548 1011 2614 apostolorum
1033 2587 1045 2608 ,
1073 2547 1183 2600 haec
1213 2548 1383 2615 inquit
1408 2565 1419 2598 :
1441 2547 1757 2616 Episcopus,
1777 2550 1858 2602 vcl
1890 2550 2189 2616 presbyter,

644 2637 725 2687 vel
759 2637 1018 2691 diaconus
1045 2638 1314 2692 seculares
1347 2652 1506 2691 curas
1537 2655 1640 2691 non
1668 2642 1930 2706 suscipiat
1953 2657 1967 2695 :
1990 2641 2188 2708 alioqui

643 2726 960 2792 deponatur.
995 2725 1160 2779 Nemo
1190 2727 1331 2780 enim
1367 2735 1542 2796 potest
1573 2729 1783 2782 duobus
1810 2728 2044 2782 dominis
2076 2744 2188 2782 ser-

645 2814 776 2866 vire.
821 2813 883 2866 Et
918 2814 977 2867 8|
1026 2828 1194 2868 canon
1223 2815 1352 2867 dicit
1402 2832 1414 2867 :
1468 2815 1729 2880 Diximus,
1780 2832 1884 2870 non
1939 2825 2188 2884 oportere

646 2905 978 2971 episcopum,
1020 2905 1100 2956 vel
1135 2905 1525 2972 presbyterum,
1563 2906 1794 2971 seipsum
1835 2904 1900 2957 ad
1944 2907 2188 2973 publicas

647 2996 1144 3048 administrationes
1200 2995 1498 3049 demittere.
1553 2996 1644 3048 sed
1695 2980 1749 3046 in
1803 2997 2190 3049 ecclesiasticis

649 3085 873 3154 negotiis
905 3087 1127 3138 versari.
1157 3085 1324 3139 Nemo
1380 3086 1522 3139 cnim
1573 3093 1748 3153 potest
1776 3085 1988 3138 duobus
2020 3087 2191 3140 domi-

647 3177 731 3229 nis
762 3176 987 3234 servirc.
1017 3175 1315 3229 secundum
1367 3175 1706 3229 Dominicum
1738 3176 1983 3230 verbum.

725 3263 812 3319 Vel
858 3280 984 3333 ergo
1018 3266 1088 3317 ita
1133 3281 1238 3318 non
1281 3265 1452 3319 facere
1508 3266 1914 3335 persuadeatur,
1966 3267 2046 3320 vel
2097 3266 2194 3319 dr-

649 3363 900 3421 ponatur.
947 3355 1010 3406 Et
1063 3369 1234 3408 canon
1303 3355 1334 3407 6
1389 3355 1577 3424 synodi
1623 3354 2062 3423 Carthaginensis
2101 3355 2194 3407 de-

652 3445 801 3506 Iinit,
854 3458 917 3497 ex
976 3442 1159 3495 infanti
1217 3443 1301 3495 vel
1352 3445 1496 3512 turpi
1551 3445 1763 3512 negotio
1819 3453 2061 3496 sacratos
2119 3445 2198 3496 vi-

648 3541 792 3585 ctum
841 3547 943 3584 non
991 3545 1323 3598 comparare.
1377 3532 1441 3584 Et
1480 3547 1650 3585 canon
1710 3531 1774 3584 10
1829 3532 2066 3599 ejusdem
2111 3548 2196 3601 sy-

651 3621 776 3676 n'=di
829 3621 892 3674 ad
949 3621 1318 3675 institutiones
1369 3637 1651 3690 puerorum
1700 3633 1749 3674 ct
1797 3621 2194 3690 Scripturarutn

651 3712 930 3764 lectionem
995 3711 1190 3763 debere
1249 3719 1465 3778 paratos
1520 3727 1638 3764 esse
1696 3710 1920 3763 clericos
1977 3710 2196 3772 definit,

650 3810 704 3852 et
744 3817 847 3854 non
906 3801 1187 3853 mundanis
1222 3809 1275 3853 et
1310 3801 1657 3853 satriilarihus
1719 3801 1865 3853 euris
1919 3800 2198 3868 occupari.

653 3892 744 3944 Est
780 3905 904 3941 vero
951 3890 1109 3941 etiam
1149 3889 1319 3957 jussio
1358 3889 1374 3925 ί
1431 3891 1612 3956 inclyti
1665 3889 2040 3957 imperatoris,
2103 3889 2199 3941 do-

653 3981 782 4032 mini
833 3979 1092 4032 Manuelis
1135 3979 1426 4040 Comneui,
1475 3979 1616 4032 edita
1666 3993 1850 4032 mense
1880 3976 2200 4040 Novembri,

656 4070 844 4124 indict.
897 4072 982 4134 15,
1019 4069 1085 4122 ad
1124 4069 1481 4136 quorumdam
1532 4069 1850 4122 clericorum
1900 4068 2202 4120 nummula‘

661 4160 855 4209 riornm
899 4156 1314 4225 suggestionem,
1369 4157 1642 4210 insinuata
1697 4156 1748 4208 in
1781 4164 1989 4210 secreto
2021 4155 2205 4208 dome-

659 4247 912 4300 sticorum
954 4247 999 4306 3,
1063 4259 1244 4297 mense
1281 4244 1585 4304 Novembri,
1631 4244 1815 4298 indict.
1859 4244 1946 4308 i5,
1991 4251 2045 4296 et
2093 4243 2204 4296 hate

658 4334 955 4402 expressim
1009 4333 1370 4400 praecipiens:
1421 4332 1501 4383 Ad
1548 4346 1902 4398 quoscunque
1948 4345 2204 4398 pervene-

2287 593 2544 667 ytvéJOw.
2569 598 2640 648 03
2670 599 2776 666 γὲρ
2807 597 2948 665 λώϐη
2982 598 3228 665 σώματος
3258 598 3416 648 αὐτὸν
3460 596 3681 661 μιαίνει,
3707 594 3838 646 ἀλλὰ

2285 681 2458 750 ψυχῆς
2490 684 2775 750 μολυσμός.
2834 686 2940 736 Και
2961 687 2988 735 ὁ
3015 691 3093 752 οη¹
3129 687 3306 738 κανὼν
3334 686 3438 736 τῶν
3466 684 3642 736 αὐτῶν
3671 685 3838 749 ἀγίων

2288 772 2596 824 ἀποστόλων
2630 773 2769 824 οὕτω
2822 772 3059 836 διέξεισι,
3115 774 3306 840 lim-po;
3351 774 3441 822 καὶ
3478 772 3696 838 τυφλὸς,
3755 771 3827 839 μὴ

2287 861 2516 928 γινέσθω
2554 861 2844 923 ἐπίσκοπος
2872 880 2885 893 ο
2911 865 3006 931 οὒκ
3041 863 3114 923 ὡς
3169 862 3559 930 μεμιασμένος,
3614 859 3726 911 ἀλλ’
3757 862 3841 910 ἶνα

2293 951 2364 1017 μὴ
2392 950 2458 1000 τὰ
2510 950 2927 1016 ἑκκλησιαστικὰ
2965 950 3460 1018 παρεμποδίζοιντο.
3489 949 3553 999 Ὀ
3574 964 3652 998 σοι
3670 949 3844 998 τοίνυν

2291 1041 2354 1090 ἐκ
2389 1039 2590 1101 πάθους
2625 1041 3065 1109 ἀρρωστημάτων
3108 1041 3266 1090 τινῶν
3297 1038 3585 1105 ίερατικῶν
3624 1036 3842 1103 βαθμῶν

2291 1128 2526 1196 ἐνεργεῖν
2552 1129 2883 1181 κεκώλυνται
2916 1130 3095 1181 δίκαια
3126 1130 3456 1197 χειροτονίας
3489 1127 3587 1178 οὐκ
3612 1127 3844 1192 ἀξιωθήο

2292 1235 2491 1269 σονται.
2521 1221 2582 1268 0i
2631 1219 2687 1270 δὲ
2717 1221 2848 1286 μετὰ
2896 1221 2990 1286 τὴν
3043 1218 3372 1286 χειροτονίαν
3398 1216 3540 1267 οὕτω
3587 1215 3844 1274 παθόντες

2292 1309 2495 1370 κακῶς,
2526 1309 2624 1358 οὐκ
2648 1308 3020 1375 ἐμποδίζονται
3053 1308 3140 1357 διά
3185 1307 3282 1373 τὴν
3320 1305 3473 1356 νόσον
3527 1304 3844 1371 ἱερουργεῖν,

2293 1397 2384 1446 καί
2418 1397 2588 1457 οὕτως
2629 1396 2924 1466 ἁρῤὡστως
2972 1398 3205 1463 ἔχοντες,
3233 1393 3524 1453 ἀκωλύτως
3556 1392 3845 1461 ἱερουργή-

2293 1503 2463 1540 σουσι.
2510 1487 2632 1547 Τοῖς
2683 1487 2789 1554 γὰρ
2826 1485 3140 1553 θεοκήρυξιν
3196 1483 3362 1545 εδοξε,
3409 1481 3498 1532 διά
3522 1481 3700 1547 λώϐην
3743 1480 3846 1530 eth-

2295 1593 2458 1644 ματος
2499 1577 2596 1642 τῆς
2628 1575 2930 1645 ἱερουργίας
2957 1574 3077 1626 τινὰ
3120 1559 3191 1641 μὴ
3223 1569 3542 1624 κωλύεσθαι.
3570 1571 3631 1621 Εἰ
3663 1569 3718 1620 δὲ
3745 1568 3845 1636 τῆς

2295 1666 2559 1732 ίερατείας
2583 1666 2640 1716 τὸ
2662 1665 2974 1732 σπούδασμα
2998 1663 3273 1732 ἐμποδίζει
3292 1664 3388 1729 τῆς
3414 1659 3568 1713 νόσου
3589 1657 3650 1711 τὺ
3675 1658 3846 1726 ὀτλη-

2294 1773 2388 1821 μα.
2439 1755 2536 1822 τῆς
2597 1755 2866 1823 ἐνεργείας
2913 1754 3248 1822 παυθήσεται
3314 1752 3341 1802 ό
3392 1749 3580 1811 νοσῶν,
3639 1748 3732 1800 τοῦ
3786 1748 3843 1800 δὲ

2222 1824 2263 1878 Β
2293 1844 2594 1912 ἀξιώματος
2628 1845 2727 1896 οὐκ
2776 1845 3260 1912 ἀλλοτριωθησεται
3288 1857 3300 1870 °
3343 1841 3476 1892 ἀλλά
3519 1839 3716 1908 μᾶλλον
3756 1840 3843 1890 el.-

2295 1933 2732 2000 κτειρηθήσεται,
2793 1934 2883 1984 καί
2939 1931 3232 1983 ἀπολαύσει
3275 1929 3372 1996 μὲν
3421 1929 3518 1994 τῆς
3575 1927 3842 1996 προτέρας

2293 2023 2472 2089 τιμῆς,
2492 2023 2600 2084 ἕξει
2630 2023 2682 2073 δὲ
2712 2023 2802 2073 καὶ
2833 2021 2900 2072 τὰ
2928 2021 3058 2089 πρὸς
3080 2020 3399 2087 ζωᾶρκειαν,
3431 2017 3524 2068 καὶ
3565 2016 3631 2068 τὰ
3662 2015 3840 2079 λοιπὰ,

2293 2109 2431 2161 κατά
2458 2109 2552 2177 τὴν
2587 2110 2852 2177 προτέραν
2886 2108 3192 2175 συνήθειαν.

2374 2200 2690 2265 Ἐρώτησις
2723 2199 2827 2253 κδ’.
2879 2199 3192 2258 Ἀκινδύνως
3226 2199 3432 2262 γίνεται
3455 2196 3628 2261 ίερεὺς
3663 2194 3693 2260 ἢ
3735 2193 3841 2244 διὰ-

2294 2307 2444 2352 κονος
2473 2291 2861 2356 καταλλάκτης,
2909 2291 2941 2356 ἢ
2985 2288 3430 2356 κομμερκιάριος,
3475 2287 3506 2352 ἦ
3556 2285 3758 2352 ἰατρος,
3807 2281 3839 2349 ἢ

2296 2379 2630 2446 ἀστρολόγος,
2661 2378 2690 2444 ἧ
2714 2377 2772 2428 οὔ
2797 2396 2810 2441 ;

2371 2468 2498 2518 Ἀττ.
2549 2467 2604 2517 ’0
2638 2463 2687 2527 ς’
2720 2463 2894 2515 κανὼν
2942 2464 3050 2514 τῶν
3108 2462 3272 2526 ἁγίων
3324 2460 3416 2512 καὶ
3473 2461 3840 2526 πανευφήμων

2292 2555 2594 2606 ἀποστόλων
2638 2553 2805 2606 ταῦτά
2838 2569 3023 2618 φησιν·
3086 2553 3429 2611 Ἐπίσκοπος,
3473 2550 3504 2616 ἢ
3548 2548 3842 2615 πρεσϐύτεο

2295 2660 2404 2712 ρος,
2434 2643 2464 2709 ἢ
2493 2643 2733 2702 διάκονος
2763 2642 3027 2709 κοσμικὰς
3051 2641 3332 2708 φροντίδας
3364 2640 3436 2706 μὴ
3470 2637 3844 2703 ἀναλαμϐανὲο

2289 2753 2366 2788 τω
2392 2752 2402 2763 ·
2429 2739 2476 2786 εί
2501 2737 2556 2787 δὲ
2583 2737 2677 2804 μὴ,
2704 2735 3082 2804 καθαιρείσθω.
3122 2735 3305 2797 Οὐδεὶς
3337 2735 3444 2801 γὰρ
3469 2733 3688 2784 δύναται
3725 2733 3842 2782 δυσὶ

2289 2826 2493 2893 κυρίοις
2516 2825 2796 2877 δουλεύειν.
2825 2827 2931 2877 Καὶ
2962 2829 2989 2877 ὁ
3016 2823 3103 2877 πα¹
3136 2824 3310 2876 κανὼν
3339 2817 3512 2886 εἶπεν,
3539 2822 3615 2873 ὅτι
3638 2823 3712 2873 0-3
3740 2821 3845 2888 χρὴ

2291 2914 2645 2982 ὶπίσκοπονῆ
2686 2914 3050 2982 πρεσϐύτερον
3100 2914 3339 2965 καθιέναι
3385 2913 3576 2964 ἑαυτὸν
3627 2913 3704 2970 είς
3751 2909 3839 2976 δηο

2294 3003 2553 3068 μοσιακάς
2571 3004 2877 3068 διοικήσεις,
2909 3003 3040 3052 ἀλλά
3065 3003 3474 3068 προσευκαιρεῖν
3499 3001 3612 3058 ταῖς
3647 2998 3844 3063 ὲκκληυ

2298 3094 2598 3152 σιαστικαῖς
2629 3091 2857 3160 χρείαις.
2887 3092 3071 3151 Οὐδεὶς
3109 3091 3213 3158 γὰρ
3244 3090 3464 3142 δύναται
3487 3091 3605 3141 δυσὶ
3631 3090 3838 3158 κυρίοις

2297 3180 2582 3240 δουλεύειν,
2617 3180 2754 3230 κατά
2785 3180 2880 3246 τὴν
2922 3180 3198 3248 Κυριακην
3236 3179 3628 3245 παραγγελίαν.

2367 3268 2431 3318 Ἦ
2467 3266 2728 3318 πειθέσθω
2761 3266 2848 3318 οὖν
2881 3268 3034 3318 τοῦτο
3065 3268 3136 3334 μὴ
3169 3270 3357 3326 ποιεῖν,
3393 3269 3425 3336 ἦ
3455 3265 3841 3332 καθαιρείσθω,

2295 3359 2403 3411 Καὶ
2442 3360 2468 3409 ὖ
2514 3356 2564 3420 ς’
2597 3359 2769 3409 κανὼν
2830 3360 2921 3424 τῆς
2957 3360 3012 3408 ὲν
3051 3358 3373 3425 Καρθαγένῃ
3422 3359 3637 3408 συνόδου
3677 3357 3844 3421 διορί-

2297 3446 2484 3510 ζεται,
2547 3446 2650 3497 ἀπδ
2713 3447 2904 3514 ἀτίμου
2977 3447 3008 3513 ἦ
3071 3447 3291 3513 αἰσχροῦ
3352 3447 3672 3514 πράγματος
3723 3447 3846 3504 τοὺς

2299 3535 2617 3604 ίερωμένους
2666 3538 2866 3603 τροφὴν
2914 3534 2986 3602 μὴ
3043 3535 3373 3602 πορίζεσθαι.
3429 3536 3536 3586 Καὶ
3587 3534 3614 3580 6
3666 3540 3696 3583 ι’
3746 3550 3843 3583 κα-

2299 3624 2400 3675 νὼν
2458 3623 2556 3690 τῆς
2615 3625 2780 3689 αὐτῆς
2849 3623 3062 3674 συνόδου
3123 3623 3254 3691 πρὸς
3311 3623 3652 3681 διδασκαλίας
3720 3621 3845 3672 παί-

2299 3713 2399 3764 δων
2456 3715 2547 3764 κοιλ⁸
2597 3713 2896 3778 ἀνάγνωσιν
2948 3713 3174 3780 Γραφῶν
3223 3712 3467 3780 ἑτοίμους
3525 3707 3662 3761 εἶναι
3723 3710 3846 3769 τοὺς

2301 3802 2586 3870 κληρικοίις
2660 3802 2990 3869 διορίζεται,
3068 3802 3158 3852 καὶ
3235 3801 3306 3867 μὴ
3380 3802 3670 3866 κοσμικαῖς
3752 3801 3844 3848 καὶ.

2302 3891 2574 3959 βιωτικαῖς
2636 3891 2904 3960 φροντίσιν
2959 3891 3375 3957 ὲνασχολεῖσθαι.
3423 3888 3575 3940 Ἐστι
3637 3889 3692 3938 δὲ
3758 3887 3849 3938 καὶ

2303 3979 2624 4047 πρόσταγμα
2657 3979 2746 4030 τοῦ
2796 3979 3036 4046 ἀοιδίμου
3069 3979 3322 4046 βασιλέως
3372 3978 3560 4045 κυρίου
3595 3975 3849 4044 Μανουὴλ

2301 4067 2394 4119 τοῦ
2437 4069 2757 4136 Κομνηνοῦ,
2807 4067 3079 4136 ἐξενεχθὲν
3143 4069 3238 4136 μὲν
3293 4070 3429 4119 κατὰ
3486 4068 3625 4135 μῆνα
3677 4066 3849 4132 Νοέμ-

2304 4158 2474 4227 ϐριον.
2518 4161 2884 4225 ὲπινεμήσεως
2934 4165 3015 4219 ιε’,
3055 4159 3143 4208 ἐπὶ
3199 4159 3496 4225 ὑπομνήσει
3525 4157 3688 4208 τινῶν
3721 4157 3849 4223 κλη-

2308 4245 2470 4315 ρικῶν
2513 4247 2926 4297 κειταλλακτῶν⁹
2967 4247 3344 4314 καταστρωθὲν
3391 4246 3448 4295 ὲν
3490 4246 3564 4311 τῷ
3613 4245 3849 4310 σεκρέτῳ

2305 4335 2410 4386 τῶν
2464 4334 2770 4391 οίκειακῶν.
2829 4334 2964 4385 κατά
3026 4335 3168 4400 μῆνα
3220 4334 3538 4401 Νοέμϐριον,
3589 4335 3848 4397 ἐπινεμή-

661 4426 770 4477 rint
799 4440 859 4480 ex
899 4423 1166 4490 emptione
1205 4421 1338 4474 tales
1382 4419 1862 4471 nummulariarum
1895 4432 2193 4471 mensarum

2308 4414 2442 4484 σεὼς
2511 4419 2605 4478 ιε’,
2672 4422 2762 4472 καὶ
2821 4420 2987 4472 ταῦτα
3055 4421 3226 4488 ῥητῶς
3299 4420 3796 4486 παρακελευόμενον
3830 4435 3845 4447 ·

661 4516 919 4576 taberna),
964 4513 1246 4580 imperium
1288 4525 1464 4562 meum
1497 4517 1810 4576 potestatem
1847 4507 1939 4560 dat
1969 4503 2200 4561 transib-

660 4601 811 4656 rendi
833 4616 925 4655 eas
953 4601 1008 4653 in
1029 4601 1306 4654 honestam
1336 4610 1388 4652 et
1424 4601 1714 4652 iteittanam
1752 4613 2060 4666 personam,
2089 4613 2205 4665 qua:

661 4687 1158 4744 occurrerit.Vobis
1188 4689 1352 4749 enim,
1377 4689 1570 4741 sacrati
1596 4703 1714 4741 eum
1744 4689 1885 4754 sitis,
1923 4689 2080 4741 talem
2119 4703 2205 4741 ar-

663 4788 768 4834 tem
799 4793 1046 4834 exercere
1078 4793 1187 4831 non
1225 4777 1382 4840 licet,
1428 4779 1552 4846 quia
1605 4795 1704 4833 nec
1742 4780 1968 4846 potestis
2007 4794 2204 4831 conve-

662 4869 830 4923 nienti
861 4867 1215 4936 eaStigatione
1263 4867 1527 4925 coerceri.
1554 4867 1597 4920 si
1627 4868 1752 4935 quid
1792 4877 1987 4936 praeter
2014 4866 2208 4935 praefe-

663 4955 884 5008 ctoriam
928 4953 1295 5007 deﬁnitionem
1347 4953 1582 5016 faciatis,
1629 4953 1762 5007 cum
1806 4955 1926 5008 sitis
1984 4953 2204 5007 sacrati.

666 5041 982 5108 Quicunque
1016 5041 1176 5108 igitur
1206 5050 1438 5096 vestrum
1470 5045 1756 5112 emptione,
1785 5056 1840 5096 ut
1872 5045 2072 5097 dictum
2101 5053 2207 5104 est,

671 5131 765 5183 has
817 5131 1188 5199 acquisierint,
1251 5131 1440 5199 dignas
1480 5135 1546 5186 ad
1585 5133 1889 5202 praefectum
1937 5133 2210 5185 adducant

671 5233 952 5288 personas,
983 5228 1094 5274 tum
1126 5230 1183 5274 ut
1213 5221 1456 5274 admittat
1483 5238 1594 5286 eas,
1621 5232 1732 5276 tum
1763 5232 1819 5274 ut
1852 5226 2209 5277 mensularios

674 5323 771 5377 pro
804 5308 934 5377 ipsis
964 5310 1130 5377 gratis
1166 5317 1218 5363 et
1259 5311 1461 5378 absque
1492 5312 1886 5364 consuetudine
1925 5313 2207 5365 dationevc

1218 5549 1230 5576 1

768 5665 786 5705 ³
813 5661 1055 5716 edictum.

2308 4511 2488 4572 Ὀσοις
2543 4511 2828 4578 περιῆλθον
2885 4512 2940 4574 ἐξ
2983 4512 3274 4577 ἀγορασίας
3321 4511 3390 4561 τὰ
3439 4509 3664 4560 τοιαῦτα
3720 4525 3850 4560 κατ-

2304 4601 2598 4652 αλλακτικά
2658 4599 3080 4669 τραπεζοτόπια,
3128 4599 3336 4651 δίδωσιν
3381 4598 3560 4651 ἄδειαν
3602 4602 3634 4667 ἠ
3702 4599 3852 4668 βασι-

2307 4691 2423 4741 λεία
2451 4706 2546 4756 μου
2590 4687 2943 4756 ὲναλλαγῆναι
2975 4687 3145 4739 ταῦτα
3197 4690 3271 4749 εἰς
3319 4688 3456 4755 ἆπερ
3487 4688 3552 4741 ἂν
3580 4691 3849 4759 εὑρήστ,τε

2311 4776 2560 4843 ἀξιόλογα
2590 4778 2677 4826 καὶ
2724 4776 3002 4843 Ῥωμαῖκά
3037 4776 3502 4844 πρόσωπα.ὙμΞς
3527 4777 3659 4845 γὰρ,
3702 4779 3851 4846 ίερω-

2316 4865 2505 4931 μένους
2542 4865 2699 4924 ὄντας
2745 4865 2844 4930 τὴν
2875 4863 3125 4930 τοιαύτην
3163 4867 3467 4931 ἐπιστήμην
3499 4866 3852 4931 μετέρχεσθαι

2308 4955 2405 5005 οὐκ
2447 4954 2736 5022 ἐνδέχεται,
2780 4954 2860 5005 ὅτι
2893 4953 3011 5005 οὐδὲ
3054 4954 3274 5005 δυνατὸν
3314 4955 3738 5022 ἀναστέλλεσθαι
3766 4953 3854 5004 διὰ

2306 5044 2666 5110 προσήκοντος
2737 5042 3132 5111 σωφρονισμοῦ,
3219 5045 3447 5111 ὁπηνίκα
3536 5060 3586 5093 τι
3649 5021 3853 5111 πῖριεῖτε

2307 5133 2456 5202 παρά
2485 5133 2575 5184 τὸν
2609 5133 2902 5201 ὲπαρχικὺν
2955 5134 3197 5202 ὁρισμὸν,
3233 5133 3317 5184 διὰ
3345 5132 3404 5183 τὸ
3445 5129 3583 5183 εἷναι
3627 5133 3669 5183 ίε
3691 5129 3852 5202 pultat-

2313 5240 2453 5283 νους.
2487 5224 2639 5274 Ὅσοι
2667 5221 2757 5274 οὖν
2781 5222 2838 5285 ἐξ
2869 5223 3018 5291 ὑμῶν
3053 5223 3112 5286 ἐξ
3148 5224 3460 5292 ἀγορασίας,
3492 5223 3564 5284 ὡς
3613 5221 3853 5292 εῐῄηται,

2312 5313 2480 5364 ταῦτα
2507 5313 2790 5381 κέκτησθε,
2821 5314 3340 5383 προσκομισάτωσαν
3390 5313 3643 5380 ἀξιόλογα
3674 5310 3850 5382 #963-

1943 5499 2165 5552 VARIA'Z
2231 5498 2621 5555 LECT!ONF.S.

1128 5665 1154 5702 ⁸
1181 5663 1398 5715 relatum
1433 5665 1482 5715 in
1514 5665 1840 5716 secretarium
1868 5679 2034 5716 rerum
2055 5663 2408 5730 privatarum:
