4110 6496
657 450 762 517 979

1864 445 2139 506 TlIEOD.
2171 438 2640 503 BALSAMONIS

3758 432 3858 496 980

659 569 927 626 ccelestem
962 565 1224 631 iecerunt,
1251 564 1306 619 in
1335 563 1366 617 7
1390 567 1724 632 cauone_sub
1755 563 1865 616 lucc
1893 567 1959 616 de
2001 563 2067 617 iis
2114 575 2210 617 no-

2321 562 2533 615 σύνοδον
2584 562 3006 631 οὐρανὼσαντες,
3076 566 3131 615 ἐν
3185 564 3228 628 ζ’
3277 564 3457 617 κανόνι
3505 566 3683 618 αὐτῶν
3740 568 3855 618 vids

659 659 901 713 utinatim
950 658 1223 727 eleganter
1270 655 1604 724 scripserunt
1643 673 1654 706 :
1696 654 1820 713 Eos,
1856 653 1947 720 qui
1979 655 2030 706 in
2062 654 2206 706 clero

659 749 820 804 semel
850 746 1085 801 ordinati
1111 756 1260 811 sunt,
1307 753 1357 798 et
1384 744 1566 799 itidem
1597 745 1891 797 monaclzos
1922 746 2210 797 statuimus

664 853 763 892 nec
791 837 855 890 ad
887 836 1171 890 militarem
1220 835 1637 903 expeditionem,
1668 848 1766 886 nec
1806 833 1870 885 ad
1904 832 2209 886 stecularem

663 926 977 995 dignitatem
1027 939 1182 993 posse
1236 925 1439 981 venire.
1485 924 1583 989 Qui
1627 933 1805 976 autem
1860 923 1958 975 hoc
2015 921 2213 976 audent

658 1027 710 1070 et
748 1029 855 1068 non
901 1014 1214 1084 paenitentia
1258 1015 1405 1067 ducti
1439 1015 1503 1068 ad
1546 1013 1596 1067 id
1662 1021 2024 1074 revertuntur,
2067 1013 2209 1082 quod

661 1115 877 1174 prepter
945 1103 1106 1156 Deum
1182 1103 1332 1172 prius
1385 1103 1678 1172 elegerant,
1743 1103 2207 1156 anatliematizari.

661 1193 724 1246 Et
788 1194 857 1246 85
924 1208 1107 1262 canon
1153 1189 1468 1248 'sanctorum
1525 1194 1886 1261 apostolorum
1925 1193 2036 1247 haec
2084 1194 2207 1246 ait:

658 1271 978 1352 Episcopus,
1017 1285 1096 1337 vel
1133 1284 1432 1354 presbyter,
1472 1285 1552 1336 vel
1601 1284 1884 1344 diaconus,
1953 1283 2208 1337 exercitui

656 1385 880 1436 vacans,
933 1380 987 1424 et
1039 1381 1267 1440 utraque
1296 1373 1542 1425 obtinere
1613 1373 1834 1435 volens,
1913 1370 2207 1424 noinanuui

658 1462 863 1518 scilicet
899 1463 1296 1531 magistratum,
1331 1475 1381 1517 et
1415 1465 1806 1519 sacerdotalem
1858 1441 2210 1518 adtuinistra:

657 1552 879 1617 tionem,
925 1552 1244 1621 deponatur.
1287 1554 1416 1619 Qure
1457 1564 1583 1609 sunt
1629 1558 1769 1610 enim
1811 1555 2060 1617 Cmsaris,
2099 1555 2211 1608 Ca2-

657 1643 804 1706 sari;
841 1649 893 1695 ct
921 1658 1040 1710 quae
1088 1653 1215 1697 sunt
1250 1643 1362 1707 Dei,
1391 1646 1516 1698 Deo.
1554 1645 1707 1698 Fient
1737 1645 1902 1714 igitur
1931 1645 1982 1698 in
2025 1659 2212 1697 mona-

658 1731 792 1794 chis,
826 1741 878 1785 et
907 1733 1129 1801 reliquis
1171 1732 1305 1786 adeo
1339 1733 1472 1787 bene
1519 1748 1577 1787 se
1615 1736 1940 1801 gerentibus,
1981 1747 2042 1787 ea
2091 1747 2210 1802 quae

656 1819 960 1887 huiusmodi
989 1821 1288 1875 canonibus
1318 1820 1536 1874 deﬁnita
1563 1832 1705 1876 sunt.

729 1907 893 1962 Inter.
917 1908 1006 1962 27.
1049 1908 1318 1978 Coniuges
1358 1913 1629 1963 communi
1679 1910 1814 1966 forte
1860 1927 2128 1967 consensu
2158 1922 2210 1967 et

657 1997 854 2066 placito
889 2000 1083 2052 anima:
1113 2001 1464 2065 conducibili,
1510 2002 1863 2056 monasticam
1901 2005 2063 2057 vitam
2097 2005 2206 2058 elc-

661 2095 882 2155 gerunt.
909 2088 1042 2153 Quia
1079 2098 1254 2143 autem
1289 2105 1480 2145 rursus
1511 2093 1561 2143 in
1607 2092 1790 2146 eadem
1835 2093 1994 2146 domo
2021 2105 2203 2163 agunt,

656 2178 841 2230 eodem
900 2181 1067 2242 victu,
1111 2180 1404 2248 eademque
1475 2196 1657 2236 mensa
1729 2191 1955 2247 utentes,
2001 2184 2207 2239 discere

657 2267 815 2319 velim
846 2266 975 2336 quid
1007 2267 1310 2321 faciendum
1337 2269 1428 2323 sit.

728 2352 847 2408 Res.
875 2354 1046 2409 Divini
1071 2370 1308 2410 canones
1331 2367 1527 2411 sanctae
1544 2365 1598 2412 et
1623 2361 1973 2413 (ecumenica:
1994 2362 2204 2431 synodi,

662 2451 862 2497 coactae
904 2445 956 2498 in
1003 2446 1200 2514 templo
1242 2455 1549 2499 sanctorum
1592 2448 1977 2516 apostolorum,
2026 2453 2207 2519 appel-

2316 653 2492 722 ῥητῶς
2519 655 2644 720 περὶ
2675 652 2873 704 τούτων
2902 653 3394 722 ὲκαλλιγράφησαν,
3443 655 3581 715 Τοὺς
3620 656 3765 720 ἅπαξ
3803 675 3854 703 ιν

2314 744 2498 814 κλήρῳ
2540 743 2904 811 τεταγμένους
2952 746 3043 796 καὶ
3097 746 3361 813 μοναστὲς
3402 745 3682 814 ὡρίσαμεν
3726 747 3854 813 μήτε

2312 834 2403 884 ἐπὶ
2439 833 2742 900 στρατείας,
2763 834 2915 899 ’μήτε
2947 833 3037 884 ἐπὶ
3073 834 3226 896 ἀξίαν
3263 835 3534 901 κοσμικὴν
3566 834 3816 901 ἔρχεσθαι
3842 849 3852 861 ·

2312 924 2367 990 ἢ,
2398 923 2552 974 τοῦτο
2601 923 2931 992 τολμῶντας,
2990 924 3079 974 καὶ
3114 923 3187 988 μὴ
3232 924 3698 992 μεταμελομένους
3721 925 3854 975 ὣστε

2311 1013 2630 1083 ἐπιστρέψαι
2661 1015 2751 1066 ἐπὶ
2775 1014 2928 1066 τοῦτο
2956 1014 2982 1065 δ
3002 1013 3086 1066 διὰ
3112 1013 3239 1064 Θεὸν
3272 1015 3494 1075 εἴλοντο,
3527 1015 3854 1080 ἀναθεματί-

2311 1103 2518 1166 ζεσθαι.
2577 1104 2681 1155 Καὶ
2735 1106 2761 1156 ό
2816 1102 2906 1170 πγ’
2961 1101 3139 1156 κανὼν
3180 1102 3287 1154 τῶν
3336 1103 3504 1170 ἁγίων
3553 1104 3857 1155 ἀποστόλων

2309 1195 2480 1248 ταῦτα
2541 1194 2816 1257 διέξεισιν·
2895 1194 3234 1258 Ἐπίσκοπος,
3296 1195 3328 1263 ἢ
3390 1193 3773 1263 πρεσδύτερος,
3825 1195 3852 1260 ἦ

2311 1285 2551 1346 διάκονος
2584 1287 2839 1355 στρατείᾳ
2872 1286 3165 1352 σχολάζων,
3199 1285 3292 1337 καὶ⁵
3333 1284 3653 1352 βουλόμενος
3683 1285 3856 1351 ἀμφό-

2310 1391 2442 1445 τερα
2495 1376 2763 1442 κατέχειν,
2836 1375 3142 1444 Ῥωμαϊκὴν
3201 1375 3373 1444 ἀρχὴν
3429 1377 3519 1426 καὶ
3581 1376 3862 1442 ἱερατικὴν.

2310 1465 2604 1525 διακονίαν,
2632 1466 3016 1533 καθαιρείσθω.
3039 1466 3117 1517 Τά
3135 1466 3240 1534 γὰρ
3259 1467 3556 1534 Καίσαρος.
3583 1467 3819 1532 Καίσαρι
3840 1480 3853 1493 ο

2311 1558 2403 1608 καὶ
2433 1559 2497 1606 τὰ
2533 1555 2622 1606 τοῦ
2668 1553 2824 1612 θεοῦ,
2872 1553 2945 1622 τῷ
2983 1554 3119 1621 Θεῷ.
3167 1555 3458 1623 Γενὴσεται
3505 1554 3596 1606 οὖν
3629 1555 3723 1605 επὶ
3754 1557 3856 1613 τοῖς

2309 1645 2448 1696 οὕτω
2477 1645 2651 1706 καλῶς
2682 1645 3113 1712 πολιτευομένοις
3148 1646 3400 1711 μοναχοῐς
3429 1660 3486 1694 τε
3523 1644 3617 1694 καὶ
3651 1643 3854 1703 λοιποῖς

2309 1735 2374 1786 τα
2405 1737 2459 1786 ὲν
2479 1737 2588 1796 τοῖς
2606 1736 2862 1795 τοιούτοις
2896 1735 3080 1786 κανόσι
3105 1734 3456 1803 διωρισμένα.

2381 1904 2690 1971 Ἐρώτησις
2719 1902 2818 1963 κζ’.
2860 1903 3144 1970 Ὀμόςυγοι
3164 1906 3312 1956 κατὰ
3333 1905 3516 1969 κοινὴν
3551 1907 3690 1974 τάχα
3715 1906 3850 1976 ψυχο

2308 1995 2485 2063 ωφελῆ
2536 1996 2748 2062 θέλησιν
2818 1997 2908 2047 καὶ
2968 1997 3257 2064 ἀρέσκειαν
3340 1998 3431 2048 τὸν
3477 2000 3686 2067 μονήρη
3746 1997 3855 2066 βίον

2309 2082 2625 2146 ιπελέξαντο
2644 2097 2658 2109 ⁸
2688 2085 2767 2134 ὅτι
2793 2083 2954 2135 δὲκαὶ
2981 2079 3132 2146 αὖθις
3155 2086 3211 2135 ὲν
3239 2086 3337 2154 μιᾷ
3367 2086 3618 2155 κατοικία
3644 2086 3854 2155 διάγου-

2311 2192 2413 2238 σιν,
2483 2173 2779 2239 ὸμοδίαιτοι
2837 2173 3051 2234 πάντως
3109 2173 3260 2232 ὄντες
3315 2173 3410 2226 καὶ
3469 2176 3852 2244 ὁμοτράπεζοι,

2309 2262 2453 2332 ζητῶ
2481 2262 2540 2314 τὸ
2576 2260 2824 2330 ποιητέον
2848 2262 2936 2314 ἐπὶ
2961 2260 3168 2323 τούτοις
3198 2262 3408 2330 μαθεῖν.

2380 2355 2500 2405 Ἀπ.
2532 2354 2594 2404 Ol
2628 2353 2761 2403 θεῖοι
2806 2351 3029 2413 κανόνες
3065 2353 3161 2420 τῆς
3201 2354 3258 2403 ὲν
3294 2352 3369 2420 τῷ
3402 2352 3514 2421 ναῷ
3551 2353 3658 2404 τῶν
3692 2355 3856 2420 ἁγίων

2310 2440 2617 2492 ἀποστόλων
2655 2441 2926 2508 συστάσης
2971 2442 3129 2507 ἁγίας
3185 2444 3276 2493 καὶ
3319 2443 3700 2512 οίκουμενικῆς
3734 2462 3855 2494 aw-

662 2533 780 2587 latae
812 2535 834 2586 1
867 2542 918 2587 et
947 2537 1001 2600 2,
1034 2535 1298 2589 deﬁniunt
1347 2556 1358 2590 :
1393 2552 1644 2592 tonsuras
1684 2540 1735 2592 in
1769 2544 2090 2595 monasteria
2130 2544 2210 2597 sic

2310 2529 2447 2592 όδου,
2483 2532 2584 2594 τῆς·
2619 2529 2913 2596 λεγομένης
2936 2527 2982 2580 α’
3029 2531 3121 2580 καὶ
3153 2529 3217 2598 β’,
3265 2530 3582 2600 διορίζονται
3623 2535 3764 2584 κατά
3782 2535 3849 2583 τὸ

667 2623 803 2684 ﬁeri,
834 2637 900 2676 ne
927 2623 1166 2676 recusari
1199 2625 1428 2692 possint,
1462 2632 1515 2678 et
1543 2627 1928 2681 conventiones
1947 2636 1974 2663 ιι
1999 2645 2207 2694 eorum,

661 2713 753 2781 qui
793 2712 1104 2773 tondentur,
1140 2727 1168 2766 a
1201 2711 1609 2780 ﬁdeiussoribus
1639 2716 1865 2783 suscipi.
1899 2715 2000 2780 Qui
2044 2719 2209 2788 igitur

662 2817 768 2856 non
800 2802 999 2871 degunt
1023 2803 1076 2855 in
1105 2805 1468 2867 monasteriis,
1504 2803 1557 2857 in
1589 2805 1783 2873 quibus
1814 2807 1997 2860 habitu
2032 2819 2210 2862 muta-

661 2900 811 2955 runt,
842 2901 896 2945 et
929 2895 1070 2946 tonsi
1108 2900 1254 2959 sunt,
1291 2894 1384 2948 sed
1435 2896 1489 2948 in
1535 2896 1822 2951 mundanis
1864 2897 2207 2964 diversoriis;

661 2981 1057 3050 compellentur
1091 2997 1120 3035 a
1162 2983 1461 3039 dimceseos
1504 2986 1775 3055 episcopo,
1841 3003 1963 3042 cum
2003 3004 2214 3044 excom-

665 3072 1027 3126 municatione
1049 3083 1102 3126 et
1125 3073 1487 3129 acerbissimis
1511 3076 1681 3143 poenis
1697 3077 1871 3132 redire
1892 3079 2049 3145 bene,
2073 3079 2211 3134 unde

666 3159 804 3210 male
831 3159 1098 3212 exierunt.

738 3336 902 3392 Inter.
937 3339 1025 3393 28.
1061 3340 1369 3404 Pontiﬁces,
1405 3342 1496 3411 qui
1528 3343 1809 3409 diaconos,
1843 3347 1922 3399 vel
1959 3346 2210 3401 sacerdo-

669 3439 748 3484 tes
775 3430 1048 3494 ordinant,
1086 3432 1209 3484 item
1243 3432 1334 3500 qui
1366 3446 1460 3499 per
1489 3432 1726 3485 divinum
1780 3435 2048 3490 lavacrum
2081 3451 2210 3504 pue-

657 3511 760 3570 ros
800 3518 1247 3580 orthodoxornm,
1285 3530 1377 3572 aut
1423 3520 1630 3586 aliquos
1663 3521 1940 3576 haereticos
1976 3524 2212 3578 sanctiﬁ-

671 3616 842 3668 cant;
906 3606 1106 3674 pariter
1159 3606 1249 3673 qui
1311 3607 1579 3674 aliquibus
1642 3609 1948 3662 ministrant
2004 3611 2214 3665 divinas

676 3694 1155 3757 sanctiﬁcationes,
1186 3696 1230 3748 si
1261 3696 1313 3747 in
1356 3695 1554 3748 laboris
1583 3699 1856 3763 prmmium
1889 3705 2214 3754 nummarias

674 3781 883 3849 aliquas
934 3797 1174 3836 summas
1228 3783 1294 3836 ab
1346 3783 1412 3836 iis
1459 3785 1693 3852 exigant,
1742 3798 1954 3842 rectene
1993 3789 2214 3856 iaciunt,

671 3871 886 3924 annon?

743 3958 861 4012 Res.
924 3958 1150 4022 Milites,
1204 3959 1412 4027 inquit,
1475 3962 1707 4028 propriis
1766 3963 2048 4030 stipendiis
2110 3982 2214 4019 non

672 4050 909 4102 aluntur.
944 4047 1008 4101 Et
1056 4064 1148 4116 per
1194 4047 1377 4102 Mosen
1420 4048 1559 4101 dixit
1601 4049 1759 4112 Deus,
1792 4048 1905 4103 Non
1949 4055 2215 4107 constrin-

672 4153 764 4206 ges
810 4153 872 4192 os
922 4139 1043 4191 bovi
1094 4139 1387 4192 trituranti.
1435 4137 1489 4191 Si
1549 4138 1710 4207 igitur
1759 4155 1852 4207 per
1896 4142 2214 4196 mediocrem

672 4226 941 4280 dationem
989 4227 1246 4295 aliquam.
1290 4233 1344 4279 et
1387 4225 1608 4279 arbitrio
1651 4227 1901 4289 ordinati,
1939 4229 2017 4280 vel
2062 4231 2218 4282 aliter

675 4312 1021 4375 sanctilicati,
1050 4312 1300 4366 solatium
1339 4312 1588 4379 accipere
1633 4323 1874 4381 quazrunt
1913 4317 2216 4370 sacerdotes

675 4411 729 4455 et
758 4401 1063 4465 pontiﬁces,
1091 4401 1180 4467 qui
1209 4401 1462 4454 ordinant
1491 4402 1568 4455 vel
1598 4403 1894 4470 baptizant,
1929 4405 2060 4458 nihil
2093 4407 2216 4459 mali

676 4489 902 4544 faciunt.
931 4489 1062 4543 Nam
1106 4489 1344 4544 solemne
1376 4497 1459 4542 est
1507 4505 1599 4557 per
1638 4494 2103 4556 consuetudlnem,
2129 4510 2218 4547 or-

2311 2620 2680 2689 ἀπαραίτητον
2723 2620 2801 2680 είς
2861 2621 3192 2688 μοναστήρια
3241 2620 3337 2682 τὰς
3390 2623 3723 2690 ἀποκάρσεις
3769 2621 3851 2688 γίο

2310 2709 2514 2771 νεσθαι,
2561 2711 2652 2761 καὶ
2686 2710 2786 2761 ὑπὸ
2821 2709 3090 2777 ἀναδόχων
3123 2715 3219 2771 τὰς
3273 2711 3542 2778 συνθήκας
3575 2711 3681 2762 τῶν
3717 2713 3847 2764 ἀποο

2311 2798 2638 2868 κειρομένων
2665 2797 2932 2865 δέχεσθαι.
2967 2799 3029 2849 Ol
3074 2798 3200 2864 γοῦν
3251 2799 3322 2867 μὴ
3356 2799 3626 2864 διάγοντες
3670 2802 3748 2860 είς
3787 2803 3851 2852 τὰ

2313 2886 2647 2953 μοναστήρια
2690 2887 2767 2945 εἰς
2813 2883 2847 2936 ἃ
2895 2884 3475 2953 μετεσχηματίσθησαν
3518 2891 3607 2937 καὶ
3647 2889 3851 2939 ἀπεκά-

2314 2989 2502 3042 ρησαν,
2543 2973 2654 3024 ἀλλ’
2705 2975 2780 3034 είς
2836 2973 3075 3039 κοσμικά
3120 2973 3458 3039 καταγώγια,
3514 2991 3850 3039 “away”-

2314 3063 2600 3135 σθήσονται
2653 3063 2804 3130 παρὰ
2860 3062 2952 3114 τοῦ
3017 3062 3279 3132 ἐγχωρίου
3338 3063 3657 3124 ἐπισκόπου,
3718 3066 3853 3133 μετά

2313 3151 2636 3220 ἁφορισμοῦ,
2672 3152 2763 3202 καὶ
2801 3151 3140 3219 δριμυτάτων
3183 3152 3492 3220 ιπιτιμίων,
3524 3153 3851 3223 ὑποστρέψαι

2234 3258 2278 3318 C
2316 3239 2493 3300 καλῶς
2531 3241 2651 3291 ὅθεν
2681 3240 2898 3306 ἐξῆλθον
2929 3241 3130 3302 κακῶς.

2395 3327 2716 3392 Ἐρώτησις
2743 3328 2850 3392 κη’.
2886 3331 2946 3380 Ui
2980 3328 3402 3398 χειροτονοῦντες
3434 3333 3708 3397 ἀρχιερεῖς
3748 3331 3853 3381 δια-

2313 3416 2498 3477 κόνους
2550 3418 2641 3468 καὶ
2697 3418 2876 3484 ἱερεῖς,
2937 3417 3069 3469 ἀλλά
3104 3418 3204 3485 μὴν
3253 3422 3342 3469 καὶ
3374 3419 3421 3469 οί
3451 3419 3537 3470 διὰ
3576 3419 3667 3469 τοῦ
3711 3420 3851 3471 θείου

2313 3502 2682 3570 βαπτίσματος
2731 3504 2923 3564 παῖδας
2976 3503 3262 3572 specu.ng
3311 3507 3712 3575 ἀγιάζοντες,ἢ
3765 3509 3852 3559 καί

2311 3609 2460 3652 τινας
2493 3593 2796 3660 αίρετικούς
2817 3609 2832 3625 ·
2866 3593 3123 3656 ὡσαύτως
3173 3596 3263 3648 καὶ
3295 3599 3340 3647 οί
3388 3597 3752 3665 μεταδιδόντες
3777 3615 3852 3649 τις

2316 3682 2406 3740 νὰς
2439 3681 2543 3730 τῶν
2569 3679 2725 3732 θείων
2753 3681 3121 3749 ἁγιασμὰτων,
3153 3685 3248 3735 ὲάν
3274 3685 3575 3736 ἀπαιτῶσιν
3598 3688 3656 3748 ἐξ
3682 3687 3852 3737 αὐτῶν

2316 3769 2468 3835 χάριν
2503 3768 2668 3818 κόπου
2701 3768 2903 3818 τούτων
2935 3771 3228 3836 ποσότητάς
3261 3786 3408 3830 τινας
3439 3773 3852 3838 νομισματικάς,

2317 3856 2492 3918 καλῶς
2525 3855 2786 3918 ποιιιῦσιν,
2826 3858 2857 3924 ἢ
2887 3857 2947 3908 οῦ
2973 3875 2987 3921 ;

2395 3946 2750 4011 Ἀπόκρισις.
2806 3932 2866 3996 ὀί
2921 3946 3263 4011 στρατιῶται,
3299 3948 3483 4013 φησὶν,
3528 3948 3678 4011 ἰδίοις
3719 3950 3857 4017 ὀψω-

2316 4034 2443 4096 νίοις
2502 4037 2598 4085 οὐκ
2642 4037 3052 4103 ἁνατρὲφονται.
3105 4037 3214 4088 Καὶ
3257 4037 3342 4088 διὰ
3369 4038 3612 4098 Μωσέως
3648 4036 3799 4092 εἶπεν
3829 4042 3856 4091 ὀ

2315 4123 2465 4183 Θεὸς,
2491 4125 2562 4174 Οὐ
2589 4123 2850 4190 φιμώσεις
2873 4123 2995 4190 βοῦν
3017 4125 3271 4178 ἀλοῶντα.
3297 4126 3358 4178 Εἰ
3385 4126 3512 4193 γοῦν
3529 4127 3616 4180 διὰ
3640 4131 3855 4198 μετρίας

2316 4214 2458 4276 τινὸς
2505 4214 2720 4275 δόσεως,
2765 4215 2855 4266 καὶ
2885 4217 2950 4282 τῇ
2977 4216 3291 4284 προαιρέσει
3333 4216 3427 4268 τοῦ
3459 4221 3852 4287 χειροτονουμέ·

2317 4325 2431 4369 νου,
2458 4308 2489 4376 ἢ
2524 4308 2694 4368 ἄλλως
2719 4308 3093 4375 ἁγιαζομένου,
3131 4310 3580 4378 παρηγορηθῑψαι
3611 4313 3848 4380 ζητοῦσιι

2318 4397 2366 4447 οι
2396 4397 2876 4465 χειροτονοῦντεςῆ
2905 4397 3266 4465 βαπτίζοντες.
3303 4401 3487 4468 Ὶερεῖς
3528 4419 3586 4452 τε
3630 4407 3722 4454 καὶ
3761 4406 3857 4472 ἀρ-

2319 4489 2538 4554 χιερεῖς,
2574 4487 2724 4537 οὐδέν
2749 4503 2800 4536 τι
2833 4485 3044 4538 ποιοῦσι
3078 4487 3263 4540 κακόν.
3288 4488 3621 4556 Νενόμισται
3649 4493 3754 4560 γὰρ
3774 4491 3859 4543 διὰ

678 4575 928 4631 dinautes
980 4579 1226 4646 accipere
1300 4576 1576 4630 solatium.
1633 4577 1783 4642 Quod
1819 4581 1863 4632 si
1917 4581 2210 4648 hujusmodi

2326 4575 2611 4642 συνήθειαν
2643 4574 3071 4644 παρηγορείσθαι
3120 4577 3244 4637 τοὺς
3287 4577 3748 4644 χειροτονοῦντας.
3799 4580 3858 4631 Ei.

681 4667 870 4721 solitas
917 4666 1318 4720 muniﬁcentias
1369 4681 1473 4720 non
1521 4669 1821 4736 requirant,
1870 4670 1964 4724 sed
2019 4672 2219 4739 majora

679 4761 844 4822 dona,
875 4766 927 4812 et
963 4772 1082 4826 qua:
1119 4756 1349 4809 ordinati
1393 4756 1672 4810 facultates
1703 4768 2087 4826 coangustent,
2114 4777 2218 4814 non

681 4856 890 4901 tantum
929 4863 1037 4901 non
1073 4846 1455 4908 exaudientur,
1491 4847 1581 4900 sed
1617 4856 1668 4899 ct
1703 4846 2022 4914 depositioni
2056 4851 2224 4918 subji-

2320 4663 2374 4714 δὲ
2422 4665 2669 4726 τοιαύτας
2731 4665 2828 4732 μὲν
2883 4665 3131 4733 συνήθεις
3179 4666 3423 4730 εὐλογίας
3475 4667 3536 4718 οὑ
3590 4668 3848 4737 ζητοῦσιν,

2322 4754 2454 4805 ἀλλά
2477 4755 2682 4822 δόματα
2714 4754 2946 4823 σθεναρά
2973 4757 3068 4806 καὶ
3091 4755 3188 4825 τὴν
3216 4757 3365 4824 ἰσχὺν
3398 4758 3491 4809 τοῦ
3534 4775 3859 4827 χειροτονου·

2326 4845 2480 4911 μένου
2524 4844 2973 4912 στενοχωροῦντα,
3030 4850 3088 4897 οὺ
3150 4847 3308 4915 μόνον
3361 4849 3458 4901 οὐκ
3510 4854 3860 4920 εἰσακουσθή·

681 4940 910 4990 cientur.
938 4937 1026 4989 Ait
1071 4937 1214 4989 enim
1250 4937 1284 4989 2
1315 4950 1486 4990 canon
1541 4946 1738 4990 sancta
1787 4947 1839 4991 et
1883 4941 2210 4993 cecumenica

2326 4951 2530 4996 σονται,
2559 4933 2690 4984 ἀλλὰ
2736 4933 2829 4985 καὶ
2859 4924 3170 5003 καθαιρέσει
3199 4938 3686 5008 ὑποδληθήσονται.
3733 4944 3844 5010 Φησ

683 5026 870 5095 synodi
900 5043 913 5079 :
945 5025 1001 5078 Si
1035 5026 1158 5093 quis
1199 5026 1485 5093 episcopus
1531 5035 1749 5094 propter
1779 5029 2033 5094 pecunias
2075 5031 2210 5082 ordi«

2323 5024 2427 5091 γὰρ
2481 5024 2509 5074 δ
2565 5023 2608 5092 β’
2639 5023 2815 5075 κανὼν
2847 5024 2941 5092 τῆς
2993 5026 3148 5091 ἁγίας
3189 5028 3282 5078 καὶ
3317 5031 3696 5098 οἰκουμενικῆς
3740 5051 3862 5087 συν-

684 5117 958 5169 nationem
1002 5114 1214 5178 fecerit,
1241 5122 1293 5167 et
1322 5128 1428 5166 non
1473 5115 1713 5168 venalem
1756 5115 1982 5184 gratiam
2012 5118 2062 5168 in
2093 5133 2224 5170 ven-

684 5204 939 5262 ditionem
973 5201 1277 5264 deduxerit,
1311 5210 1364 5257 et
1410 5213 1626 5272 propter
1654 5205 1907 5271 pecunias
1939 5205 2222 5259 ordinave-

688 5292 760 5344 rit
785 5290 1216 5357 episcopum,vel
1244 5290 1706 5358 chorepisc0pum,
1726 5291 1805 5344 vel
1833 5293 2222 5361 presbyterum,

689 5379 773 5432 vel
826 5378 1133 5440 diaconum,
1174 5378 1254 5431 vel
1309 5379 1541 5446 aliquem
1592 5393 1799 5443 eorum,
1845 5380 1936 5448 qui
1986 5381 2038 5434 in
2084 5381 2228 5434 clero

692 5474 1152 5528 annumerantur,
1199 5467 1282 5521 vel
1330 5478 1548 5537 propter
1599 5470 1853 5536 pecunias
1902 5469 2230 5538 promoverit

693 5569 1064 5619 (sectionum,
1114 5555 1196 5610 vel
1241 5555 1608 5621 defensorem,
1657 5556 1736 5611 vel
1777 5556 2229 5625 paramonarium,

2321 5112 2458 5173 όδου,
2481 5112 2633 5172 Είτις
2665 5113 2958 5175 ἐπίσκοπος
2980 5116 3070 5164 ἐπὶ
3097 5117 3334 5183 χρήμασι
3357 5121 3686 5185 χειροτονίαν
3718 5128 3866 5188 ποιή-

2329 5215 2431 5262 σει,
2465 5200 2558 5251 καὶ
2583 5201 2659 5261 είς
2690 5202 2886 5268 πράσιν
2919 5203 3142 5268 κατάγει
3182 5206 3277 5274 τὴν
3310 5205 3551 5275 ἄπρατον
3579 5210 3753 5278 χάριν,
3777 5217 3867 5262 καὶ

2332 5289 2683 5355 χειροτονήσει
2715 5290 2802 5338 ἐπὶ
2831 5290 3098 5358 χρήμασιν
3129 5293 3441 5355 ἐπίσκοπον,
3496 5297 3528 5365 ἢ
3573 5299 3867 5366 πρεσϐύτε-

2338 5390 2446 5442 ρον,
2474 5375 2504 5442 ἢ
2537 5375 2851 5444 διὰκονον,ἢ
2879 5379 3304 5445 χωρεπίσκοπον,
3332 5382 3362 5449 ἢ
3399 5383 3584 5452 ἔτερόν
3615 5402 3732 5438 τινα
3761 5387 3868 5438 τῶν

2337 5468 2395 5516 ὲν
2437 5465 2512 5533 τῷ
2563 5465 2743 5534 κλήρῳ
2791 5468 3304 5538 κατηριθμημένων,
3349 5473 3380 5542 ἢ
3428 5475 3750 5543 προὸάλοιτο
3782 5481 3868 5531 ἐπὶ

2338 5556 2608 5623 χρήμασιν
2637 5558 2932 5626 οἰκονόμον,
2955 5553 2998 5627 ’ἢ
3034 5560 3265 5624 ἔκδικον,
3297 5561 3328 5630 ἦ
3373 5567 3794 5636 προσμονάριον,
3835 5569 3868 5638 ἢ

1957 5662 2183 5720 νΑιυΑ]
2213 5664 2610 5723 LECTIONES.

766 5740 793 5770 ³
814 5733 1123 5801 sponsiones.
