4110 6476
237 373 333 435 98!

1011 375 1397 435 RESPONSA
1429 373 1530 432 AD
1565 374 1747 432 lN'l‘E
1759 373 2064 430 ιιιιυυΑΤ
2078 371 2578 438 ιΟΝεδλιιΛιιιει.

3341 374 3446 436 982

243 506 419 565 ἄλλως
457 497 581 556 τινὰ
607 496 698 550 τοῦ
733 497 947 557 κανόνος
979 496 1044 548 δι’
1081 494 1539 563 αἰσχροκέρδειαν,
1573 494 1601 545 ὁ
1632 493 1803 560 τούτῳ

1910 493 1984 548 vel
2039 495 2260 546 outttitto
2316 495 2548 562 aliquem
2603 510 2662 549 es
2711 509 2936 559 canone,
2984 497 3154 566 turpis
3207 511 3442 568 quaestus

244 594 625 662 ἐπιχειρήσας,
660 587 930 656 ἐλεγχθεὶς
962 585 1314 638 κινδυνευέτω
1345 585 1469 652 περὶ
1495 585 1583 636 τὸν
1612 583 1807 662 οἰκεῖον

248 656 499 752 βιοῇάνζ
529 682 636 736 Καὶ
670 683 696 732 ὁ
732 676 1222 747 χειροτονούμενος,
1264 675 1428 744 μηδὲν
1471 675 1534 724 ὲκ
1560 673 1658 737 τῆς
1687 656 1806 721 κατ’

251 773 523 839 ἐμπορίαν
552 766 867 833 ὠφελείσθω
892 763 1272 833 χειροτονείας,
1296 764 1328 834 ἢ
1362 761 1627 829 προϐολῆς
1649 776 1662 790 ο
1690 756 1805 812 ἀλλ’

248 865 385 914 ἔστω
432 859 709 926 ἀλλότριος
736 858 830 924 τῆς
862 855 1016 918 ἀξίας
1065 855 1097 922 ἢ
1129 853 1223 906 τοῦ
1264 854 1688 921 φροντίσματος,
1718 847 1806 904 οὗ·

249 970 352 1021 περ
382 955 473 1003 ἐπὶ
501 952 772 1018 χρήμασιν
796 947 995 1015 ἔτυχεν.
1023 946 1081 997 Εἰ
1100 945 1156 996 δέ
1181 961 1262 1006 τις
1293 944 1589 1011 μεσιτεύων
1612 942 1803 1013 φανείη

248 1046 355 1102 τῖς
387 1041 561 1100 οὕτως
612 1039 855 1106 αἰσχροῖς
917 1039 1010 1088 καὶ
1057 1035 1332 1103 ἀθεμίτοις
1382 1034 1652 1102 λήμμασι,
1709 1034 1805 1086 καὶ

249 1126 424 1192 οὗτος,
484 1131 535 1181 εί
589 1129 684 1196 μὲν
723 1125 978 1194 κληρικδς
1007 1127 1114 1190 εἴη,
1150 1124 1242 1177 τοῦ
1271 1124 1469 1177 οἰκείου
1498 1123 1805 1180 ὲκπιπτέτω

253 1220 461 1290 βαθμοῦ
493 1240 504 1250 ο
541 1223 588 1272 εἰ
619 1221 674 1272 δὲ
706 1219 890 1282 λαῖκὸς
924 1220 953 1284 ἢ
993 1220 1085 1270 καὶ
1119 1217 1381 1283 μονάζων,
1417 1215 1806 1283 ἁναθεματιζέ-

254 1313 384 1362 σθω.
444 1309 552 1362 Καὶ
597 1310 623 1360 ὁ
657 1309 739 1376 κγ’
773 1307 948 1360 κανὼν
996 1307 1093 1373 τῆς
1130 1308 1186 1357 έν
1212 1305 1290 1374 τῷ
1315 1303 1564 1372 Τρούλλῳ
1585 1303 1678 1356 τοῦ
1710 1320 1804 1370 με·

252 1403 418 1468 γάλου
478 1401 737 1453 παλατίου
783 1401 1054 1467 συστάσης
1100 1399 1258 1465 ἁγίας
1296 1399 1386 1448 καὶ
1427 1397 1804 1464 οίκουμενικῆς

255 1495 470 1546 συνόδου
503 1493 673 1544 ταῦτα
696 1491 912 1554 διέξεισι
948 1491 1074 1560 περὶ
1118 1489 1210 1542 τοῦ
1240 1489 1463 1556 Μηδένα
1487 1490 1799 1550 ἐπίσκοπον,

252 1584 360 1636 εἴτε
398 1582 785 1652 πρεσϐύτερον,
841 1583 951 1633 εἴτε
989 1581 1250 1642 διάκονον,
1281 1580 1376 1648 τῆς
1407 1579 1671 1648 ἁχράντου
1707 1593 1802 1644 με-

252 1674 526 1724 ταδιδόντα
558 1673 856 1733 κοινωνίας,
889 1672 1036 1739 παρὰ
1066 1669 1156 1721 τοῦ
1182 1669 1494 1737 μετέχοντος
1547 1667 1804 1737 είσπράτ⁹

250 1781 383 1824 τειν,
444 1765 538 1828 τῆς
578 1763 826 1830 τοιαύτης
887 1759 1233 1829 μεταλήψεως
1275 1759 1452 1828 χάριν,
1516 1757 1720 1819 ὀϐολὸν,
1767 1756 1798 1826 ἢ

252 1849 395 1914 εἶδος
425 1852 485 1902 τὸ
512 1849 732 1902 οίονοῦν.
786 1848 918 1900 Οὐδὲ
953 1849 1056 1917 γὰρ
1098 1848 1419 1917 πεπραμένη
1460 1845 1605 1899 ἐστὶν
1638 1847 1667 1914 ἡ
1701 1845 1799 1912 χάο

257 1959 361 2010 ρις,
395 1941 514 1992 οὐδὲ
545 1941 787 2008 χρήμασι
813 1941 903 1990 τὸν
942 1938 1208 2005 ἁγιασμδν
1231 1937 1323 1989 τοῦ
1357 1935 1658 2005 πνεύματος
1713 1951 1805 2003 με·

253 2031 588 2096 ταδιδόαμεν,
651 2029 784 2081 ἀλλὰ
835 2031 942 2088 τοῖς
982 2026 1149 2088 ἀξίοις
1193 2025 1287 2079 τοῦ
1332 2025 1500 2094 δώρου
1533 2027 1802 2093 άπανουρο

252 2122 459 2188 γεύτως
493 2120 829 2188 μεταδοτέον.
863 2121 921 2172 Εἰ
953 2121 1006 2172 δὲ
1037 2122 1225 2186 φανείη
1252 2135 1334 2180 τις
1363 2119 1471 2170 τῶν
1495 2118 1551 2168 έν
1575 2117 1648 2186 τῷ
1679 2117 1807 2185 κλήι-

255 2229 332 2280 ρῳ
397 2211 826 2278 κατειλεγμένων
897 2210 1145 2262 ἁπαιτῶν
1211 2202 1255 2276 ᾧ
1325 2209 1642 2277 μεταδίδωσι
1704 2207 1804 2276 τῆς

252 2303 520 2370 ἀχράντου
558 2301 833 2360 κοινωνίας
885 2300 942 2351 τὸ
975 2300 1177 2351 οίονοῦν
1225 2296 1384 2362 είδος,
1416 2298 1802 2367 καθαιρείσθω,

254 2393 328 2454 ὡς
370 2392 463 2458 τῆς
497 2390 588 2441 τοῦ
624 2391 857 2458 Σίμωνος
900 2388 1143 2458 ζηλωτὴς
1188 2390 1391 2459 πλάνης
1426 2391 1532 2442 καὶ,
1571 2406 1806 2458 κακουρ-

257 2481 401 2547 γέας.

338 2570 652 2635 Ἐρώτησις
703 2567 809 2622 κη’.
863 2569 932 2620 ΟἱΔ
960 2571 1077 2622 κατ’
1125 2570 1415 2635 ἐπίγνωσιν
1459 2570 1632 2638 άληθῆ
1671 2572 1802 2637 πρὸς

255 2661 352 2728 τὴν
401 2661 672 2728 ὀρθόδοξον
711 2660 885 2710 πίστι)
918 2660 1221 2727 ἐρχόμενοι,
1271 2660 1621 2728 Νεστοριανοὶ
1653 2658 1806 2728 δηλο-

256 2750 391 2809 νότι,
436 2750 725 2816 ’Λρμένιοι,
770 2750 1093 2810 Ἰακωϐῐται,
1126 2749 1214 2800 καὶ
1249 2749 1421 2816 ἕτεροι
1464 2750 1801 2813 αἱρεσιῶται,

256 2839 343 2891 διὰ
381 2840 540 2906 μόνου
572 2840 660 2891 τοῦ
693 2840 844 2904 ἁγίου
883 2839 1052 2907 μύρου
1073 2840 1344 2907 ὀφείλουσι
1383 2840 1735 2902 τελειοῦσθαι,
1771 2841 1802 2910 ἦ

258 2931 354 2982 καὶ
381 2929 467 2980 διά
498 2929 642 2980 θείου
674 2931 1079 2997 βαπτίσματοςς

343 3025 472 3079 Ἀπ.
511 3022 568 3073 ὐ
596 3021 674 3088 Rs'
701 3023 877 3074 κανὼν
907 3023 1004 3090 τῆς
1050 3025 1106 3074 ἐν
1152 3020 1227 3090 τῷ
1268 3023 1519 3090 Τρούλὶῳ
1565 3024 1802 3083 συνόδου.

1909 583 2099 650 gratia,
2154 585 2244 652 qui
2294 585 2395 638 hoc
2437 595 2672 641 tentasse
2707 589 2988 642 convictus
3023 586 3202 649 fuerit,
3228 590 3294 642 de
3325 605 3446 656 prn-

1907 671 2023 738 prio
2059 672 2226 740 gradu
2259 674 2320 725 in
2343 672 2640 742 periculum
2671 675 2846 728 veniat
2871 692 2887 738 ;
2908 684 2972 730 ἐι
3001 676 3092 745 qui
3126 684 3205 729 est
3230 677 3446 730 ordina-

1909 769 2029 823 tus.
2071 777 2135 815 ex
2183 761 2525 816 ordinatione
2563 763 2646 816 vel
2699 766 3071 832 pronuntioue,
3113 782 3233 835 quae
3278 770 3446 821 instar

1908 861 2269 906 mercatmum
2319 850 2681 916 venundatur,
2719 852 2851 905 nihil
2881 853 3118 922 juvetur,
3176 855 3272 910 sed
3315 858 3384 912 sit
3417 873 3445 911 a

1909 941 2170 1014 dignitate
2230 942 2309 996 vel
2369 941 2658 996 curatione
2699 943 2909 997 alienus
2936 982 2950 1007 ,
2997 961 3159 1014 quam
3204 949 3447 1016 pecuniis

1907 1033 2134 1101 adeptus
2180 1041 2285 1086 est.
2315 1034 2371 1088 Si
2407 1035 2528 1103 quis
2563 1043 2740 1088 autem
2769 1026 3070 1101 sequester
3100 1047 3150 1092 et
3189 1039 3449 1094 interces-

1904 1137 1996 1178 sor
2050 1125 2183 1178 adeo
2230 1125 2478 1192 turpibus
2525 1133 2578 1179 et
2627 1126 2848 1179 nefariis
2900 1126 3066 1180 lucris
3113 1129 3448 1196 apparuerit,

1905 1211 1990 1264 hic
2041 1227 2274 1280 quoque,
2308 1213 2352 1266 si
2389 1213 2461 1266 sit
2498 1213 2715 1281 quidem
2748 1215 2998 1278 clericus,
3035 1215 3251 1284 prOprio
3280 1216 3447 1284 gradu

1902 1302 2152 1367 excidat;
2188 1304 2228 1357 si
2270 1306 2341 1358 sit
2393 1311 2571 1357 autem
2615 1305 2809 1368 laicus,
2845 1307 2924 1360 vel
2973 1307 3289 1371 monachus,
3324 1320 3450 1358 ana-

1905 1391 2309 1446 thematizetur.
2345 1392 2410 1444 Et
2458 1391 2526 1445 23
2569 1407 2741 1445 canon
2783 1405 2983 1447 sancta:
3016 1404 3069 1449 et
3107 1393 3450 1448 aecumenicat

1901 1483 2090 1552 synodi
2130 1483 2181 1535 in
2217 1482 2404 1535 Trullo
2445 1483 2621 1551 magni
2668 1483 2846 1551 palatii
2883 1493 3082 1541 coactae
3127 1484 3238 1537 ιιωο
3271 1499 3451 1552 persc-

1903 1573 2090 1639 quitur
2119 1589 2133 1625 :
2167 1569 2231 1625 Ut
2268 1571 2472 1635 nullus,
2513 1573 2627 1627 sive
2667 1573 2973 1641 episcopus,
3005 1576 3116 1628 sive
3145 1574 3446 1643 presbyter,

1903 1664 2014 1717 sive
2065 1662 2347 1725 diaconus,
2379 1664 2774 1717 immaculatam
2823 1665 3064 1734 praebens
3110 1665 3448 1718 communio-

1903 1770 2048 1817 nem,
2082 1754 2147 1808 ab
2190 1770 2275 1815 eo,
2313 1755 2403 1823 qui
2438 1755 2818 1818 communicat,
2856 1755 2973 1823 ejus
3024 1755 3449 1824 participationis

1906 1846 2099 1915 gratia,
2129 1845 2339 1909 obolos,
2372 1846 2449 1899 vel
2493 1848 2740 1914 quamvis
2785 1847 2942 1899 aliam
2987 1847 3220 1914 speciem
3249 1846 3446 1915 exigat.

1904 1935 2022 1988 Non
2058 1944 2141 1989 est
2176 1936 2318 1989 enim
2352 1936 2556 1991 venalis
2585 1936 2778 2005 gratia,
2818 1951 2915 1990 nec
2941 1951 3038 2004 pro
3062 1936 3306 2004 pecuniis
3337 1939 3447 2004 spi-

1904 2027 2044 2081 ritus
2084 2025 2568 2081 sanctiﬁcationem
2605 2027 2941 2094 impertimur
2972 2045 2986 2082 :
3019 2028 3213 2090 sedlea
3241 2029 3326 2091 iis,
3357 2030 3450 2098 qui

1902 2115 2052 2186 digiti
2094 2126 2239 2178 sunt,
2277 2119 2479 2186 absque
2507 2118 2614 2171 ulla
2649 2126 2731 2170 est
2778 2118 3128 2188 calliditate“
3147 2122 3452 2173 communi-

1903 2207 2097 2259 canda.
2139 2205 2192 2260 Si
2223 2208 2345 2276 quis
2373 2217 2550 2261 autem
2582 2224 2789 2271 eorum,
2823 2210 2912 2279 qui
2961 2218 3087 2263 sunt
3118 2211 3168 2262 in
3201 2211 3327 2264 cleri
3360 2225 3448 2263 ca-

1905 2297 2104 2363 talogo,
2134 2295 2201 2348 ab
2244 2312 2328 2358 eo,
2363 2297 2448 2349 cui
2498 2297 2894 2351 immaculatam
2935 2298 3172 2367 impertit
3208 2313 3458 2353 commu‘

1906 2386 2144 2447 nionem,
2171 2387 2334 2439 ullam
2363 2388 2596 2455 speciem
2632 2389 2848 2456 exigere
2877 2388 3026 2442 visus
3061 2388 3249 2453 fuerit,
3283 2389 3447 2457 depo»

1906 2485 2088 2536 ttatur,
2112 2484 2168 2528 ut
2195 2475 2484 2530 Simoniaci
2511 2479 2711 2532 erroris
2735 2488 2787 2531 et
2811 2478 3054 2533 maleﬁcii
3083 2483 3381 2533 aemulator.

1976 2565 2140 2620 Inter.
2194 2567 2282 2622 29.
2340 2565 2440 2631 Qui
2502 2582 2594 2636 per
2654 2583 2829 2620 verum
2869 2569 3224 2637 cognitionem
3255 2569 3318 2622 ad
3364 2584 3451 2622 or-

1907 2657 2125 2710 thoxam
2195 2655 2353 2711 [idem
2417 2656 2723 2718 accedunt,
2779 2655 3106 2710 Nestioriani
3156 2656 3445 2718 videlicet,

1908 2747 2168 2810 Armenii,
2201 2746 2476 2810 Jacobitre,
2520 2754 2572 2799 et
2604 2746 2691 2797 alii
2722 2746 2981 2808 haeretici,
3010 2760 3077 2799 an
3111 2745 3228 2799 solo
3260 2752 3448 2799 sancto

1906 2845 2184 2906 unguento
2235 2837 2464 2890 debeant
2511 2834 2739 2899 initiari,
2785 2848 2852 2887 an
2893 2849 3018 2888 vero
3060 2835 3220 2888 etiam
3269 2834 3448 2887 divino

1906 2927 2156 2981 lavacro?

1980 3016 2128 3087 Resp.
2170 3017 2356 3072 Canon
2398 3015 2466 3070 95
2508 3015 2700 3085 synodi
2726 3014 2778 3068 in
2811 3014 2996 3068 Trullo
3039 3024 3258 3070 secutus
3299 3013 3328 3066 7
3362 3030 3449 3068 ca-

257 3113 621 3181 ἁκολουθήσας
655 3113 729 3181 τῷ
760 3111 801 3175 ζ’
837 3115 1018 3164 κανόνι
1052 3113 1147 3180 τῆς
1193 3113 1351 3178 άγίας
1382 3113 1474 3164 καὶ
1500 3114 1804 3180 οίκουμενιο

1907 3124 2100 3162 nonem
2148 3117 2348 3161 sanctae
2392 3116 2446 3163 et
2491 3106 2840 3160 mcumenicze
2882 3104 2918 3158 2
2961 3106 3184 3175 synodi,
3223 3107 3338 3159 haec
3381 3104 3448 3158 ad

258 3204 362 3271 κῆς
390 3204 433 3272 β’
463 3203 693 3262 συνόδου,
727 3201 846 3256 τάδε
893 3201 1030 3254 κατὰ
1063 3203 1210 3272 ῥῆμα
1242 3202 1592 3270 διαλαμϐάνει
1616 3218 1628 3232 ⁸
1669 3203 1805 3264 Τοὺς

259 3294 707 3363 προστιθεμένους
730 3297 792 3362 τῇ
819 3293 1090 3361 ὀρθοδοξία
1115 3296 1207 3345 καὶ
1231 3296 1294 3362 τῇ
1325 3293 1497 3362 μερίδι
1515 3294 1618 3344 τῶν
1646 3294 1806 3355 σωζο-

263 3385 438 3454 μένων
460 3385 566 3436 ἀπὸ
589 3383 896 3451 αίρετικών,
921 3381 1182 3450 δεχόμεθα
1220 3383 1356 3435 κατὰ
1379 3382 1472 3450 τὴν
1491 3384 1596 3435 ὑπο
1609 3399 1805 3446 τεταγ-

262 3473 428 3543 μένην
457 3472 768 3524 ἀκολουθίαν
808 3489 863 3523 τε
903 3474 994 3523 καὶ
1025 3473 1325 3542 συνήθειαν,
1367 3473 1674 3540 Ἀρειανοὺς
1707 3473 1804 3540 μὲν

259 3567 352 3616 καὶ
383 3563 805 3622 Μακεδονιανοὺς
836 3565 928 3612 καὶ
963 3560 1361 3624 Ναόατιανοὺς,
1393 3562 1518 3625 τοὺς
1554 3562 1803 3628 λέγοντας

258 3653 486 3715 ιαυτοὺς
519 3652 810 3720 καθαροὺς,
840 3651 930 3703 καὶ
968 3653 1304 3720 ἀριστεροὺς.
1341 3652 1432 3703 καὶ
1457 3653 1576 3714 τοὺς
1612 3669 1805 3705 τεσσα-

261 3741 754 3812 ρεσκαιδεκατίτας,
781 3741 896 3808 ἦτοι
921 3741 1250 3808 τιτραδίτας,
1281 3740 1443 3808 ῆγουν
1473 3742 1493 3771 ¹
1525 3741 1806 3794 Ἀπολινα-

263 3837 509 3904 ριαστὰς,
537 3833 798 3902 δεχόμεθα
818 3833 1053 3893 διδόντας
1080 3831 1375 3896 λιδέλλους,
1420 3833 1512 3884 καὶ
1542 3831 1807 3900 ἀναθεμα-

257 3925 503 3987 τίζοντας
539 3925 717 3975 πᾶσαν
747 3923 956 3992 αἵρεσιν
985 3923 1057 3992 μὴ
1093 3923 1394 3993 φρονοῦσαν
1439 3929 1514 3986 ὼς
1541 3925 1726 3993 φρονεῖ
1769 3925 1802 3993 ἠ

262 4013 392 4079 ἁγία
416 4011 508 4064 τοῦ
537 4011 670 4063 Θεοῦ
697 4012 957 4080 καθολικὴ
984 4014 1076 4064 καὶ
1110 4013 1438 4082 άποστρλικὴ
1473 4013 1765 4082 Ἐκκλησία
1787 4026 1802 4042 ⁸

261 4102 728 4171 σφραγιζομένους
770 4103 888 4171 ἦτοι
940 4103 1260 4171 χριομένους
1311 4104 1524 4172 πρῶτον
1566 4101 1642 4165 τῷ
1666 4103 1806 4170 ἁγίῳ

262 4190 419 4260 μύρῳ
450 4191 531 4253 τό,
562 4207 619 4241 τε
654 4191 897 4258 μέτωπον
927 4192 1021 4243 καὶ
1049 4193 1172 4253 τοὺς
1196 4191 1524 4260 ὀφθαλμοὺς,
1575 4192 1670 4245 καὶ
1704 4192 1805 4254 τὰς

261 4281 436 4347 ῥῖνας,
469 4279 562 4330 καὶ
589 4277 647 4328 τὸ
679 4279 871 4345 στόμα,
901 4280 993 4330 καί
1015 4278 1084 4329 τὰ
1120 4273 1255 4342 ὦτα.
1288 4280 1396 4331 Καὶ
1421 4278 1804 4347 σφραγίζοντες

258 4366 475 4429 αὐτοὺς,
503 4366 754 4435 λέγομεν,
780 4368 1018 4436 Σφραγὶς
1044 4367 1247 4437 δωρεᾶς
1288 4367 1593 4437 πνεύματος
1619 4369 1799 4436 άγίου.

259 4453 395 4523 Περὶ
457 4453 513 4506 δὲ
566 4455 672 4506 τῶν
729 4457 1208 4519 παυλιανισάντων,
1242 4453 1358 4509 εἷτα
1388 4457 1804 4524 προσφυγόντων

258 4547 325 4613 τῇ
360 4544 617 4614 καθολικῇ
664 4544 981 4614 Ἐκκλησία,
1012 4547 1134 4615 ὅρος
1162 4547 1482 4613 έκτέθειται,
1507 4548 1811 4602 ἀνασαπτίο

260 4631 448 4696 ξασθαι
479 4632 675 4693 αὐτοὺς
706 4631 765 4694 ἑξ
795 4631 1051 4694 ἅπαντος.
1078 4633 1440 4701 Εὐνομιανοὺς
1470 4635 1649 4703 μέντοι
1680 4637 1808 4699 τοὺς

260 4723 340 4784 είς
368 4723 496 4788 μίαν
524 4723 816 4775 κατάδυσιν
842 4721 1290 4790 βαπτιζομένους,
1321 4724 1415 4776 καὶ
1437 4724 1808 4789 Μοντανιστὰς

259 4810 385 4871 τοὺς
419 4807 652 4861 ὶκταῦθα
675 4809 997 4877 λεγομένους
1019 4808 1255 4878 Φρύγας,
1282 4812 1374 4863 καί
1401 4811 1806 4877 Σαδελλιανοὺς,

258 4904 386 4964 ⁸τοὺς
429 4902 773 4972 υίοπατορίαν
817 4902 1138 4966 δοξάζοντας
1161 4944 1177 4969 ,
1236 4904 1328 4956 καὶ
1366 4903 1528 4974 ἕτερά
1557 4921 1680 4958 τινα
1705 4923 1804 4974 χα-

260 4989 401 5042 λεπὰ
449 4991 728 5053 ποιοῦντας
757 5006 772 5020 ·
828 4992 922 5044 καὶ
979 4989 1158 5053 πάσας
1204 4993 1319 5061 τὰςΙ
1349 4991 1513 5056 ἄλλας
1546 4995 1804 5064 αἱρέσεις,

260 5080 453 5148 έπειδὴ
507 5079 687 5132 πολλοί
739 5081 874 5133 εἰσιν
917 5080 1167 5146 ἐνταῦθα,
1228 5081 1456 5150 μάλιστα
1497 5085 1674 5136 οῑάπδ
1709 5086 1808 5152 τῆς

259 5167 518 5221 Γαλατῶν
555 5168 735 5238 χώρας
762 5170 1092 5240 ὁρμώμενοι,
1122 5171 1328 5234 πάντας
1356 5173 1480 5234 τοὺς
1503 5173 1597 5225 ἀπ’
1629 5173 1803 5226 αὐτῶν

261 5258 514 5319 θέλοντας
544 5259 924 5327 προστίθεσθαι
954 5261 1020 5330 τῇ
1068 5258 1373 5332 ὀρθοδοξίᾳ,
1425 5261 1499 5322 ὡς
1544 5261 1803 5331 Ἕλληνας

1909 3198 2128 3252 verbum
2156 3196 2535 3264 complectitur
2566 3213 2580 3249 :
2620 3195 2743 3257 Eos,
2779 3197 2873 3265 qui
2905 3202 3064 3249 rectae
3094 3195 3158 3249 de
3195 3195 3294 3249 ﬁde
3322 3211 3448 3248 sen-

1907 3290 2088 3344 tentia:
2113 3289 2398 3351 accedunt,
2428 3294 2483 3342 et
2528 3287 2665 3356 parti
2710 3301 2917 3352 eorum,
2942 3287 3034 3356 qui
3075 3302 3138 3339 ex
3185 3285 3449 3340 haereticis

1907 3390 2212 3442 servantur,
2236 3379 2391 3449 juxta
2433 3379 2731 3446 subiectam
2774 3378 3213 3446 consequentiam
3239 3388 3293 3430 et
3320 3374 3450 3430 con:

1905 3472 2247 3526 suetudinem
2288 3470 2630 3539 recipientes;
2661 3469 2888 3521 Arianos
2919 3466 3158 3535 quidem,
3189 3473 3245 3520 et
3266 3465 3440 3520 Mace-

1906 3561 2190 3623 donianos,
2233 3567 2288 3614 et
2321 3558 2669 3623 Novatianos,
2706 3557 2798 3626 qui
2843 3571 2899 3610 se
2941 3557 3209 3624 καθαροὺς
3251 3555 3326 3627 [id
3367 3561 3449 3614 est

1909 3648 2097 3722 puros]
2136 3649 2426 3718 appellant,
2455 3656 2508 3702 et
2546 3659 2784 3703 tessares
2813 3647 3076 3701 decatitas
3105 3661 3200 3703 seu
3227 3647 3446 3700 tetradi-

1905 3740 2065 3804 ditas,
2087 3746 2140 3793 et
2164 3737 2596 3806 Apollinaristas,
2617 3737 2908 3805 recipimus
2934 3736 3123 3789 dantes
3148 3736 3373 3798 libeilos,
3396 3744 3449 3792 et

1905 3842 2118 3883 omnem
2153 3825 2397 3881 heresim
2423 3823 2958 3887 anathematizantes,
2983 3836 3100 3890 qua:
3127 3837 3231 3875 non
3258 3822 3448 3885 sentit,

1905 3928 1965 3974 ut
1986 3917 2150 3973 sentit
2167 3925 2354 3970 sancta
2387 3913 2480 3968 Dei
2512 3911 2836 3966 universalis
2861 3919 2915 3966 et
2936 3910 3232 3977 apostolica
3261 3907 3445 3963 Eccle-

1904 4010 2015 4064 sia:
2034 4015 2225 4064 sancto
2253 4006 2484 4074 primum
2509 4003 2801 4058 chrismate
2821 4009 2874 4056 et
2894 4001 3214 4066 frontem,et
3240 4002 3450 4053 oculos-

1903 4108 1959 4156 et
1993 4114 2176 4162 nares,
2216 4105 2271 4152 et
2314 4111 2396 4158 os,
2428 4103 2481 4150 et
2546 4108 2707 4148 aures
2765 4093 3156 4162 imprimentes,
3189 4091 3447 4145 dit-imus:

1908 4188 2263 4259 Signaculum
2297 4185 2424 4239 doni
2453 4183 2686 4252 Spiritus
2711 4180 2907 4237 sancti.
2943 4181 3102 4249 De;iis
3134 4187 3333 4242 autem,
3356 4178 3449 4245 qui

1903 4280 2151 4337 Pauliani
2185 4288 2389 4335 sectam
2421 4275 2596 4332 secuti
2627 4281 2778 4337 sunt,
2804 4271 2998 4326 deinde
3030 4270 3095 4324 ad
3128 4270 3456 4324 catholicam

1904 4373 2201 4429 Ecclesiam
2235 4368 2616 4437 confugerunt,
2656 4373 2912 4420 statutum
2943 4369 3026 4417 est
3075 4369 3133 4416 ut
3163 4361 3198 4415 ii
3229 4361 3452 4414 omnino

1906 4463 2328 4532 rebaptizentur.
2373 4457 2739 4511 Eunontianos
2787 4465 3022 4521 quoque,
3056 4450 3148 4518 qui
3191 4449 3243 4502 in
3289 4463 3448 4500 unam

1907 4551 2302 4607 demersionem
2359 4547 2654 4615 baptizaut,
2697 4552 2750 4598 et
2796 4542 3180 4602 Montanistas,
3221 4538 3314 4607 qui
3365 4538 3452 4590 hic

1906 4640 2164 4695 dicuntur
2199 4636 2462 4705 Phryges.
2486 4643 2540 4687 et
2570 4631 2928 4694 Sabellianos,
2961 4629 3052 4699 qui
3081 4625 3275 4682 Filium
3309 4627 3448 4680 idem

1906 4744 2028 4784 esse
2061 4740 2188 4782 cum
2219 4725 2377 4779 Patre
2417 4723 2754 4784 existimant,
2781 4729 2836 4774 et
2860 4720 2964 4774 alia
2995 4718 3237 4787 quaedam
3267 4716 3451 4785 gravia

1906 4815 2146 4874 faciunt,
2191 4821 2243 4867 et
2282 4826 2470 4866 omnes
2515 4809 2649 4865 alias
2697 4809 2960 4872 haereses,
2997 4807 3250 4875 quoniam
3298 4804 3451 4858 nmlti

1907 4905 1994 4959 hic
2051 4912 2212 4965 sunt,
2265 4909 2318 4955 et
2357 4901 2590 4954 maxime
2638 4898 2728 4966 qui
2774 4912 2840 4952 ex
2885 4895 3189 4950 Galatarum
3233 4896 3451 4963 regione

1907 4991 2130 5062 profecti
2162 4999 2288 5043 sunt
2323 5007 2335 5042 :
2371 5003 2557 5042 omnes
2589 5002 2653 5041 ex
2679 4987 2767 5048 iis,
2797 4986 2889 5055 qui
2922 4985 2987 5039 ad
3019 4993 3219 5038 rectam
3253 4983 3320 5038 de
3349 4984 3451 5037 lide

1907 5080 2226 5136 sententiam
2251 5079 2438 5131 volunt
2467 5077 2750 5138 accedere,
2776 5074 3063 5142 recipimus
3087 5081 3144 5125 ut
3168 5071 3382 5127 (ἕτεοω
3396 5082 3445 5124 Ρ.

1907 5169 1972 5224 Et
2022 5170 2201 5239 primo
2231 5169 2450 5238 quidem
2496 5167 2622 5230 dis,
2672 5181 2766 5221 eos
2811 5163 3148 5219 Christianos
3185 5163 3446 5225 facimus,

1908 5261 2144 5316 secundo
2178 5267 2376 5320 autem,
2411 5257 2853 5319 catechumenos,
2890 5255 3082 5309 deinde
3142 5253 3319 5316 tertio,
3349 5251 3442 5305 ad-

259 5347 523 5415 δεχόμεθα
551 5361 567 5376 ·
606 5348 700 5399 καὶ
722 5347 819 5417 τὴν
847 5347 1065 5418 πρώτην
1099 5348 1308 5417 ⁴ἡμέραν
1337 5348 1593 5418 ποιοῦμεν
1611 5350 1808 5413 αὐτοὺς

1904 5350 2170 5418 iuramus,
2200 5347 2361 5401 simul
2387 5347 2546 5400 etiam
2574 5355 2656 5398 ter
2690 5345 2744 5398 in
2777 5344 2966 5399 faciem
3005 5352 3059 5398 et
3084 5356 3242 5397 aures
3271 5341 3444 5410 inspi-

261 5438 639 5507 Χριστιανοὺς,
675 5439 765 5490 καὶ
791 5438 889 5508 τὴν
910 5439 1161 5506 δευτέραν
1185 5440 1641 5509 κατηχουμένους,
1683 5434 1802 5493 εἶτα

1904 5446 2087 5491 rantes
2123 5453 2135 5490 :
2169 5443 2222 5489 et.
2255 5436 2332 5490 sic
2360 5433 2660 5500 iuitiamus,
2689 5439 2743 5488 et
2771 5432 2861 5487 diu
2892 5433 2947 5486 in
2976 5431 3204 5488 ecclesia
3242 5428 3441 5486 vorsari

1494 5611 1727 5671 VARIA“.
1754 5611 2151 5670 LECTiONES.

331 5717 357 5744 ο
384 5706 592 5774 fraude.
672 5716 698 5754 ιι
736 5720 982 5773 paganos.
