4110 6464
623 350 729 415 983

1877 347 1976 408 ΤΗ
1990 349 2148 413 Είίῡ.
2196 351 2280 408 BA
2292 348 2583 410 ιδιιιιικ
2597 352 2663 409 lS

3757 356 3863 418 934

631 489 684 532 et
721 476 1030 546 Scripturas
1085 475 1272 529 audire
1313 473 1562 539 facimus,
1590 483 1644 531 et
1674 483 1805 528 tunc
1837 475 1986 543 ipsos
2018 475 2194 542 bapti-

2301 479 2390 529 καὶ
2431 477 2527 545 τὴν
2582 477 2772 546 τρίτην
2802 476 3280 547 ἐξορκιζομένους.
3312 477 3448 547 μετά
3478 478 3571 531 τοῦ
3603 481 3860 550 ἀμφυσᾷν

630 581 842 622 satnus.
890 564 1198 630 Quinetiam
1258 563 1607 629 Manichazos,
1664 572 1716 618 et
1764 563 2194 626 Valentinianos.

631 669 686 713 et
733 657 1133 715 Marcionistas,
1162 664 1216 708 et
1243 655 1446 708 similes
1492 655 1799 710 hereticos.
1845 653 2197 708 Nestorianos

632 757 812 801 autem
858 753 1078 815 oportet
1129 745 1341 797 lihellos
1393 745 1591 807 facere,
1644 753 1697 798 et
1747 744 1993 798 heresim
2042 757 2194 795 suam

630 837 1138 897 anathematizare,
1185 845 1238 888 et
1278 835 1582 888 Nestorium
1611 876 1625 898 ,
1671 843 1720 888 et
1773 834 2086 903 Eutychen,
2144 841 2198 886 et

632 925 976 988 Dioscorum,
1005 935 1057 979 ct
1103 926 1387 985 Severum,
1415 935 1468 978 ct
1516 927 1753 992 reliquos
1794 925 1980 978 talium
2027 924 2196 975 haere-

629 1031 758 1071 seon
793 1017 1090 1086 principes,
1122 1025 1173 1070 et
1202 1017 1292 1084 qui
1326 1019 1534 1080 eadem,
1567 1019 1688 1084 ιιυώ
1720 1017 1820 1076 illi,
1846 1017 2110 1074 sentiunt,
2144 1023 2199 1066 et

627 1121 820 1161 omnes
872 1107 1164 1176 pradictas
1243 1106 1477 1158 hzerescs
1510 1145 1524 1168 ,
1573 1114 1626 1158 et
1682 1107 1761 1159 sic
1816 1120 1936 1159 esse
1991 1117 2192 1161 sancta:

627 1196 1034 1250 communionis
1067 1197 1380 1262 participes.
1410 1195 1597 1265 Itaque
1638 1197 1791 1264 juxta
1823 1197 2049 1250 canonis
2094 1197 2196 1249 hu-

623 1283 715 1349 jus
751 1294 994 1338 tenorem
1029 1286 1119 1337 alii
1153 1271 1367 1354 quidem
1419 1285 1656 1338 lueretici
1706 1285 1922 1337 lavacro
1950 1285 2194 1340 sanctiﬁ-

2297 569 2474 637 τρίτον
2503 569 2580 628 είς
2607 568 2663 619 τὸ
2689 569 2996 636 πρόσωπον,
3027 571 3120 624 καὶ
3144 573 3224 633 είς
3252 571 3320 624 τὰ
3375 566 3486 624 ὦτα
3509 586 3526 602 ⁸
3563 574 3657 625 καὶ
3686 573 3853 636 οὕτως

2300 655 2660 726 κατηχοῦμεν.
2692 658 2783 710 καὶ
2811 657 3066 727 ποιοῦμεν
3109 660 3376 728 χρονίζειν
3420 663 3497 722 είς
3530 661 3628 732 τὴν
3657 665 3855 730 ἐκκλη-

2301 747 2442 809 σίαν,
2470 748 2560 798 καὶ
2586 747 2884 815 ἀκροᾶσθαι
2917 747 3025 800 τῶν
3070 748 3301 817 Γραφῶν
3327 766 3341 780 ο
3383 750 3476 801 καὶ
3510 753 3628 802 τότε
3666 753 3858 814 αὐτοὺς

2302 834 2654 906 βαπτίζομεν.
2702 839 2807 889 Καὶ
2838 839 2961 898 τοὺς
2996 839 3328 904 Μανιχαίους
3365 839 3440 902 δὲ,
3475 841 3567 891 καὶ
3593 841 3716 902 τοὺς
3750 841 3852 891 Γαο

2298 928 2654 989 λεντινιανοὺς
2684 927 2752 988 ⁸³,
2773 927 2865 979 καὶ
2890 929 3013 988 τοὺς
3037 928 3484 997 Μαρκιωνιστάς,
3521 931 3610 980 καὶ
3643 933 3766 990 τοὺς
3797 933 3851 979 ἐκ

2299 1013 2407 1065 τῶν
2429 1013 2628 1081 ὁμοίων
2656 1015 2940 1084 αἱρέσεων,
2989 1014 3113 1076 τοὺς
3155 1016 3572 1084 Νεστοριανοϋς.
3618 1019 3716 1085 χρὴ
3743 1035 3832 1068 ποι

2297 1108 2375 1156 εῖν
2398 1105 2689 1183 λιδέλλους.
2722 1106 2816 1158 καὶ
2840 1106 3258 1174 ἀναθεματίζειν
3289 1109 3385 1174 τὴν
3420 1109 3632 1174 αἵρεσιν
3656 1108 3857 1169 αὑτῶ..

2295 1196 2387 1248 καὶ
2436 1196 2751 1263 Νεστόριον,
2797 1198 2890 1248 καὶ
2941 1196 3204 1264 Εὑτυχέα,
3263 1198 3356 1248 καὶ
3409 1199 3717 1266 Διόσκορον,
3770 1198 3858 1247 καὶ

2292 1285 2547 1355 Σεδῆρον.
2587 1286 2683 1337 καὶ
2735 1289 2856 1348 τοὺς
2899 1287 3116 1349 λοιποὺς
3153 1287 3410 1355 ὲξὰρχους
3446 1287 3552 1338 τῶν
3603 1287 3857 1338 τοιούτων

631 1383 845 1435 cantur,
880 1375 966 1428 alii
1001 1387 1179 1429 autem
1227 1387 1418 1430 sancto
1454 1376 1717 1429 duntaxat
1746 1386 2023 1445 unguento
2060 1392 2195 1431 con-

2300 1377 2575 1444 αἱρέσεων,
2635 1377 2728 1428 καὶ
2763 1377 2889 1437 τοὺς
2920 1375 3252 1444 φρονοῦντας
3283 1377 3350 1428 τά
3388 1376 3589 1434 αὐτῶν.
3629 1378 3721 1426 καὶ
3753 1378 3856 1426 πά-

629 1473 936 1517 secrantur.

2291 1483 2387 1528 σας
2453 1467 2967 1534 προσαναφυομένας
3008 1467 3243 1535 αἱρέσεις
3268 1483 3281 1494 ·
3314 1469 3407 1518 καὶ
3449 1465 3618 1528 οὕτως
3686 1482 3855 1532 μετα-

627 1555 924 1624 λαμϐάνειν
949 1558 1044 1624 τῆς
1084 1556 1241 1622 ἀγίας
1274 1557 1573 1617 κοινωνίας.
1612 1557 1767 1610 Κατά
1795 1557 1922 1624 γοῦν
1949 1557 2047 1624 τὴν
2078 1557 2170 1610 τοῦ
2209 1558 2448 1610 τοιούτου
2480 1558 2703 1619 κανόνος
2733 1557 3038 1627 περίληψιν,
3108 1559 3156 1608 oi
3223 1555 3320 1624 μὲν
3358 1556 3464 1608 τῶν
3526 1556 3856 1626 αἱρεσιωτῶν

627 1648 712 1700 sta
759 1649 1130 1718 βαπτίσματος
1166 1650 1500 1716 ἀγιὰζυνται,
1557 1653 1605 1702 οἱ
1646 1651 1703 1702 δὲ
1746 1651 1834 1703 διά
1889 1653 2049 1718 μόνου
2093 1651 2184 1703 τοῦ
2226 1651 2379 1718 ἁγίου
2415 1650 2583 1720 μύρου
2609 1650 2954 1702 τελειοῦνται.

703 1745 872 1798 Inter.
912 1745 1000 1798 30.
1041 1745 1098 1797 Si
1145 1746 1440 1800 haereticus
1488 1747 1744 1799 sacerdos
1795 1746 1877 1797 vel
1928 1745 2194 1799 diaconus
2227 1754 2268 1806 Β

629 1835 830 1903 dignus
883 1835 1102 1890 habitus
1151 1835 1336 1888 divino
1382 1844 1436 1888 et
1485 1845 1676 1890 sancto
1722 1833 2068 1902 baptismate,
2111 1834 2196 1888 vel

631 1939 730 1994 per
764 1933 1009 1979 sanctam
1044 1926 1353 1979 unctionem
1395 1925 1769 1980 sanetilicatus
1812 1925 1902 1987 sit,
1941 1925 2196 1978 licebitue

630 2014 681 2067 ei
722 2028 880 2067 sacra
927 2012 1104 2067 lacere
1146 2028 1270 2066 cum
1307 2015 1490 2081 priore
1541 2015 1908 2077 ordinatione,
1955 2029 2022 2066 an
2065 2028 2196 2068 vero

631 2103 679 2158 si
719 2118 872 2157 sacra
903 2104 1214 2156 ministrare
1243 2105 1389 2166 velit,
1441 2105 1722 2159 iterabitur
1750 2107 1867 2172 ejus
1897 2105 2197 2158 ordinatio?

706 2192 830 2246 Res.
865 2191 1051 2245 Canun
1091 2190 1158 2246 80
1192 2202 1504 2245 sanctorum
1555 2196 1919 2262 apostolorum
1957 2209 2072 2260 eos,
2101 2195 2192 2264 qui

631 2301 700 2340 ex
740 2297 949 2355 pagana
995 2284 1102 2337 vita
1145 2283 1208 2337 ad
1252 2283 1815 2339 orthodoxamtldem
1852 2284 2113 2339 accedunt
2142 2294 2196 2339 et

633 2381 1010 2452 baptizantur,
1037 2378 1399 2447 episcopalem
1441 2378 1600 2432 etiam
1632 2377 1945 2447 dignitatem
1981 2393 2194 2446 prome-

633 2471 741 2525 reri
773 2469 982 2522 deﬁnit.
1015 2469 1204 2522 Priore
1248 2469 1414 2536 igitur
1456 2469 1762 2523 sacerdotio
1804 2484 1899 2538 pro
1929 2470 2194 2535 sacrilego

636 2562 844 2626 habito,
869 2571 923 2614 et
972 2575 1069 2629 pro
1116 2575 1222 2613 non
1275 2560 1443 2622 laeto,
1475 2562 1518 2613 si
1567 2576 1690 2614 cum
1733 2563 1992 2614 canonica
2033 2561 2198 2615 disci-

635 2652 782 2721 plina
817 2650 1110 2719 judicatus,
1139 2650 1230 2718 qui
1269 2650 1349 2704 sic
1397 2649 1557 2702 fuerit
1584 2651 1924 2704 orthodoxus
1949 2650 2194 2715 ,cﬂ‘ectus,

635 2752 689 2797 et
736 2759 855 2797 cum
907 2751 1053 2796 esset
1095 2739 1386 2809 aliquando
1428 2741 1684 2808 prolanus
1715 2739 1989 2804 sacerdos,
2022 2741 2074 2792 in
2102 2755 2196 2808 po.

633 2834 862 2886 steriore
907 2833 1014 2885 vita
1061 2847 1155 2885 sua
1210 2829 1590 2884 imlemnabilis
1641 2830 1970 2897 apparuerit,
2002 2828 2198 2897 dignus

636 2933 924 2979 censeatur
967 2938 1076 2976 non
1124 2922 1448 2976 sacerdotali
1494 2922 1666 2974 solum
1698 2920 1979 2989 dignitate,
2013 2919 2104 2973 sed
2143 2927 2196 2972 et

635 3014 955 3084 episcopali,
988 3028 1084 3082 per
1110 3021 1402 3068 consuetos
1434 3011 1657 3065 omnino
1683 3011 1881 3080 gradus
1908 3009 1974 3063 ad
2005 3011 2197 3063 docto-

636 3103 772 3156 riam
805 3112 1086 3170 promotus
1111 3099 1520 3154 sublimitatem.

710 3191 878 3246 Inter.
934 3193 1019 3245 5|.
1072 3191 1129 3245 Si
1179 3190 1438 3253 Inerctici,
1493 3189 1586 3259 qui
1637 3188 1703 3242 ad
1769 3189 2192 3242 orthodoxorum

641 3283 799 3338 iidem
848 3285 1099 3346 accessit,
1146 3299 1284 3336 uxor
1327 3294 1381 3338 et
1421 3284 1598 3343 liberi,
1635 3284 1715 3336 vel
1746 3284 1905 3337 etiam
1943 3283 2030 3334 alii
2076 3283 2194 3349 ejus

639 3371 935 3426 familiares
975 3379 1029 3425 et
1074 3371 1382 3435 domestici,
1430 3386 1537 3424 non
1581 3371 1711 3424 [iant
1756 3371 2067 3434 orthodoxi,
2100 3370 2194 3424 st-d

638 3462 945 3515 inhaereant
990 3462 1158 3530 priori
1207 3461 1424 3524 literesi,
1471 3477 1539 3516 an
1586 3461 1960 3531 prohibebitur
2003 3462 2072 3526 is,
2102 3462 2195 3528 qui

640 3560 723 3619 (ut
753 3555 1014 3621 diximus)
1064 3553 1389 3622 baptismate
1422 3554 1665 3607 initiatus
1711 3564 1814 3616 est,
1849 3554 1913 3606 ad
1942 3553 2198 3606 sacerdo-

641 3645 802 3698 talem
851 3645 929 3697 vel
974 3644 1288 3712 episcopum
1337 3645 1632 3697 ascendere
1673 3641 1898 3711 gradum
1930 3659 1944 3695 :
1974 3657 2041 3694 an
2073 3656 2199 3694 vero

644 3737 864 3802 propter
910 3735 1126 3788 illorum
1160 3735 1418 3787 malitiam
1468 3744 1522 3787 ct
1556 3734 1668 3803 ipse
1711 3735 1801 3788 tali
1841 3736 1986 3788 bono
2023 3735 2200 3802 priva.

642 3823 822 3876 litur?

711 3912 830 3966 lies.
891 3911 1078 3966 Canon
1130 3912 1348 3981 quidem
1395 3912 1462 3967 39
1514 3912 1704 3982 synodi
1755 3912 2199 3982 Carthaginensls

647 4003 743 4068 ait,
777 4013 834 4058 ut
863 4004 1125 4074 episcopi,
1155 4013 1209 4058 et
1240 4003 1558 4074 presbyteri,
1590 4013 1642 4058 et
1669 4003 1881 4057 diaconi
1912 4020 2017 4058 non
2050 4005 2198 4060 ordi-

636 4104 860 4160 nentur,
897 4097 1214 4164 priusquam
1245 4109 1434 4149 omnes
1464 4095 1554 4162 qui
1581 4103 1707 4148 sunt
1741 4096 1792 4148 in
1821 4097 1936 4149 suis
1967 4096 2198 4158 aedibus,

639 4188 986 4242 Christianos
1049 4184 1386 4240 orthodoxos
1455 4184 1703 4240 fecerint.
1767 4186 1949 4240 Canon
2019 4193 2198 4240 autem

636 4278 708 4331 72
747 4286 951 4331 sancta:
987 4284 1039 4330 et
1079 4277 1429 4330 mcumenica:
1461 4276 1512 4330 in
1546 4275 1733 4330 Trullo
1772 4276 1961 4346 synodi
2004 4276 2117 4331 hac
2145 4276 2199 4330 in

2381 1744 2702 1812 Ἐρώτησις
2731 1742 2806 1797 .1'.
2852 1745 2978 1795 Ἐὰν
3017 1744 3303 1812 αίρετικὸς,
3361 1742 3558 1810 ἱερεὺς,
3602 1742 3633 1811 ἢ
3671 1743 3856 1794 8th,-

2301 1852 2408 1897 νος,
2444 1834 2644 1903 ἀξιωθῇ
2673 1833 2766 1886 τοῦ
2819 1833 2964 1886 θείου
2991 1835 3082 1884 καὶ
3106 1834 3262 1897 ἁγίου
3291 1833 3738 1901 βαπτίσματος,ἧ
3769 1833 3856 1884 διὰ

2301 1925 2388 1978 τοῦ
2418 1924 2572 1990 ἀγίου
2611 1923 2782 1993 μύρου
2819 1925 3049 1992 ἁγιασοῇ
3074 1964 3088 1984 ,
3136 1925 3341 1974 ὲσεῖται
3382 1925 3678 1990 ίερονργῷν
3717 1925 3855 1988 μετὰ

2300 2016 2395 2083 τῆς
2429 2015 2696 2083 προτέρας
2728 2015 3060 2083 χειροτονίας
3101 2013 3286 2075 αὑτοῦ,
3318 2012 3348 2081 ἢ
3381 2013 3570 2080 ἑτέρας
3600 2011 3856 2081 ἀξιωθείη

2301 2104 2651 2174 χειροτονίας,
2681 2104 2774 2154 ἐὰν
2804 2101 3004 2174 θελήσῃ
3033 2103 3361 2170 ἱερουργεῖν,

2389 2194 2506 2246 Ἆπ.
2551 2191 2608 2244 '0
2628 2191 2736 2243 τῶν
2770 2191 2940 2258 ἁγίων
2992 2189 3302 2242 ἀποστόλων
3333 2187 3384 2242 π’
3415 2191 3594 2243 κανὼν
3636 2194 3760 2252 toil;
3799 2194 3860 2256 ἐξ

2300 2283 2511 2338 ἑθνικοῦ
2545 2283 2658 2352 βίου
2691 2282 3082 2352 προσελθόντας
3143 2285 3206 2351 τῇ
3246 2283 3507 2350 όρθοδὸξῳ
3545 2283 3860 2335 πίστειξκαὶ

2303 2373 2710 2443 βαπτισθέντας,
2737 2374 2829 2425 καὶ
2854 2371 3208 2424 ἑπισκοπικοῦ
3235 2373 3542 2439 ἀξιώματος
3573 2373 3856 2436 “nemo-

2303 2465 2425 2516 σθαι
2450 2464 2757 2533 διορίζεται.
2783 2463 2892 2530 Τῆς
2923 2461 3051 2529 γοῦν
3083 2462 3351 2528 προτέρας
3386 2460 3700 2528 ἱερωσύνης,
3732 2477 3857 2527 μιαο

2307 2555 2550 2625 ρωσὺνης
2610 2552 2985 2621 νομιζομένης,
3013 2555 3104 2602 καὶ
3125 2551 3196 2612 ὡς
3222 2553 3296 2619 μὴ
3333 2553 3620 2619 γινομένης
3650 2552 3855 2617 λογιζος

2307 2646 2492 2714 μένης,
2533 2642 2627 2694 ἐὰν
2677 2643 2812 2710 μετὰ
2844 2643 2940 2708 τῆς
2971 2642 3258 2707 γανονικῆς
3300 2641 3587 2708 ἀκριϐείας
3625 2642 3856 2710 ἀνακρι-

2304 2737 2519 2804 νόμενος
2555 2736 2580 2786 ὁ
2607 2733 2776 2794 οὕτως
2803 2731 3180 2801 όρΟοδοξήσας,
3234 2729 3328 2782 καὶ
3365 2731 3438 2781 ὢν
3471 2747 3595 2782 ποτε
3631 2731 3858 2798 βέϐηλος

2304 2820 2502 2889 ἱερεὺς,
2560 2821 2686 2887 περὶ
2730 2819 2822 2870 τοῦ
2861 2821 3087 2888 ὑστέρου
3127 2819 3291 2870 αὑτοῦ
3337 2817 3450 2886 βίον
3487 2819 3857 2887 ἀκατάκριτος

2301 2913 2615 2982 ἀναφανείη.
2645 2910 2896 2978 ἀξιωθείη
2922 2911 2979 2962 οὗ
3018 2910 3174 2979 μόνον
3205 2910 3477 2979 ἱερατικοῦ
3523 2910 3855 2978 ἀξιώματος,

2303 3002 2436 3055 ἀλλά
2483 3003 2576 3053 καὶ
2625 3001 3001 3060 ιπισκοπικοῦ.
3051 3000 3139 3052 διά
3189 3000 3301 3051 τῶν
3351 2999 3594 3069 συνήθων
3641 3002 3860 3064 πάντως,

2225 3083 2269 3140 C
2303 3094 2524 3165 βαθμῶν
2559 3096 2637 3155 είς
2671 3093 2729 3144 τὸ
2762 3092 3133 3144 διδασκαλικὸν
3164 3091 3296 3158 ὕψος
3327 3091 3678 3158 ἀναγόμενος.

2378 3183 2695 3250 Ἐρώτησις
2722 3179 2831 3233 .la'.
2866 3181 2988 3231 Ἐὰν
3019 3180 3109 3231 τοῦ
3155 3179 3536 3246 προσελθόντος
3564 3183 3627 3248 τῇ
3674 3179 3859 3232 πίστει

2297 3273 2402 3324 τῶν
2428 3273 2718 3341 ὁρθοδόξων
2740 3269 3015 3338 αίρετικοῦ
3041 3273 3070 3337 ἡ
3101 3269 3261 3337 γυνὴ.
3301 3268 3391 3320 καὶ
3417 3271 3466 3320 oi
3487 3269 3690 3333 παῖδες,
3709 3270 3743 3338 ἢ
3763 3271 3861 3322 καὶ

2296 3365 2468 3433 ἕτεροι
2493 3362 2663 3428 τούτῳ
2686 3360 2950 3412 συνέστιοι
2973 3361 3066 3410 καὶ
3104 3360 3476 3424 συγκάτοικοι,
3509 3360 3606 3410 οῦκ
3644 3359 3862 3427 όρθοδο-

2298 3455 2567 3521 ξήσουσιν,
2615 3451 2728 3502 ἀλλ’
2755 3449 3027 3518 ἑξέχονται
3052 3449 3148 3516 τῆς
3183 3451 3450 3517 προτέρας
3480 3448 3765 3518 αἱρέσεως,
3793 3451 3857 3500 οὐ

2299 3546 2664 3614 κωλυθήσιται
2696 3545 2726 3596 ό
2777 3542 3104 3606 τελειωθεὶς,
3148 3542 3222 3604 ὡς
3250 3543 3486 3610 εῖρηται,
3515 3541 3600 3595 διὰ
3634 3543 3729 3594 τοῦ
3763 3543 3861 3610 βα·-

2299 3636 2639 3703 πτίσματος,
2697 3637 2774 3695 είς
2827 3633 3102 3702 ἱερατικὸν
3151 3631 3358 3700 βαθμὸν
3409 3631 3442 3700 ἢ
3501 3631 3859 3684 ὶπισκοπικδν

2299 3725 2542 3778 ἀνελθεῖν
2567 3741 2579 3753 °
2621 3725 2654 3793 ἢ
2677 3723 2763 3775 διὰ
2784 3723 2880 3790 τὴν
2906 3721 3125 3774 ἐκείνων
3159 3721 3355 3772 κακίαν
3382 3721 3473 3772 καὶ
3501 3719 3859 3780 αὑτοςτοσού-

2299 3831 2393 3868 του
2418 3813 2617 3880 ἀγαθοῦ
2651 3812 2996 3880 ἀποστερηϐῇ
3025 3828 3036 3871 ;

2383 3905 2508 3957 Ἀπ.
2580 3902 2636 3954 ὐ
2678 3903 2776 3968 μὲν
2817 3899 2905 3964 λς’
2937 3899 3114 3952 κανὼν
3139 3900 3236 3966 τῆς
3263 3901 3319 3951 ἑν
3366 3899 3694 3969 Καρθαγὲνῃ
3734 3917 3858 3950 συν-

2299 3993 2440 4056 όδου,
2475 3992 2660 4060 φησὶν,
2695 3991 3023 4041 Ἐπίσκοπον
3049 3989 3142 4041 καὶ
3175 3987 3541 4056 πρεσϐύτερον
3571 3990 3666 4040 καὶ
3685 3987 3860 4038 διακο·

2301 4099 2388 4134 νον
2420 4083 2494 4150 μὴ
2531 4078 2952 4150 χειροτονεῖσθαι
2995 4077 3125 4146 πρὶν
3162 4079 3371 4139 πάντας
3392 4078 3514 4139 τοὺς
3538 4080 3593 4129 ὲν
3617 4078 3692 4145 τῷ
3721 4079 3857 4144 οῖκῳ

2301 4175 2477 4229 αὐτῶν
2505 4173 2808 4244 όρθοδόξους
2835 4170 3190 4239 Χριστιανοὺς
3215 4171 3553 4240 ποιήσουσιν.
3617 4169 3675 4223 '0
3713 4171 3769 4221 δὲ
3810 4167 3854 4236 β’

2303 4263 2480 4320 κανὼν
2519 4265 2616 4334 τῆς
2661 4265 2716 4315 ὲν
2755 4262 2831 4332 τῷ
2871 4261 3123 4330 Τρούλλῳ
3161 4261 3322 4328 ἁγίας
3354 4262 3448 4312 καὶ
3471 4261 3855 4329 οίκουμενικῆς

635 4379 793 4439 parte
848 4367 1040 4422 deﬁnit
1092 4367 1393 4435 expressim
1452 4383 1465 4418 :
1517 4365 1572 4420 Si
1626 4376 1806 4420 autem
1865 4367 2054 4436 aliqui,
2107 4365 2198 4436 qui

2307 4357 2519 4412 συνόδου
2542 4356 2830 4423 διορίζεται
2860 4355 2916 4405 ὲν
2943 4353 3098 4421 μέρει
3126 4352 3296 4404 ταῦτα
3325 4351 3521 4419 ῥητῶς.
3545 4350 3606 4402 Et
3632 4350 3686 4401 δέ
3714 4366 3856 4410 τινες

642 4461 824 4514 adhuc
867 4467 995 4514 sunt
1043 4458 1308 4520 infideles,
1339 4465 1392 4511 et
1437 4457 1489 4510 in
1533 4457 1957 4511 orthodoxormn
1987 4473 2197 4526 gregem

636 4548 881 4604 nondum
917 4547 1073 4600 relati
1115 4555 1262 4608 sunt,
1295 4546 1431 4599 inter
1478 4561 1536 4600 se
1583 4546 1824 4614 legitimo
1856 4553 1981 4600 sunt
2011 4546 2200 4599 matri-

639 4639 827 4693 monio
869 4637 1149 4705 conjuncti
1199 4655 1212 4688 :
1258 4636 1454 4690 deinde
1502 4637 1590 4689 hic
1641 4635 1858 4705 quidem
1905 4651 2009 4700 eo,
2057 4635 2198 4704 quod

637 4738 723 4784 cst
761 4730 1044 4782 honestum
1061 4737 1112 4793 ς,
1147 4728 1342 4791 electo,
1376 4727 1440 4780 ad
1473 4728 1640 4780 lucem
1671 4726 1918 4780 veritatis
1948 4740 2199 4778 accurre-

636 4819 708 4874 rit
753 4836 766 4872 :
817 4819 908 4871 ille
932 4831 1063 4872 vero
1101 4817 1311 4871 erroris
1338 4816 1554 4869 vinculo
1591 4815 1842 4868 detentus
1876 4813 2062 4877 fuerit,
2100 4828 2199 4866 no-

635 4909 758 4962 lens
810 4907 1026 4962 divinos
1081 4907 1266 4960 radios
1310 4905 1430 4959 lixis
1475 4905 1649 4958 oculis
1706 4903 1924 4966 intueri,
1965 4911 2017 4957 et
2058 4903 2198 4955 tideli

641 5000 851 5069 placeat
897 5013 1021 5051 cum
1069 4997 1273 5050 inﬁdeli
1321 4995 1652 5054 cohabitare,
1715 5009 1783 5048 ne
1811 5011 1840 5046 a
1876 5008 1934 5047 se
1968 4993 2199 5045 invicem

645 5095 989 5153 separentur.
1022 5082 1100 5136 Ex
1132 5084 1300 5138 divini
1327 5084 1466 5138 enim
1497 5082 1647 5136 Pauli
1679 5083 1964 5143 sententia,
1999 5081 2201 5134 sancti-

643 5175 839 5230 ηεσιοδ
856 5185 938 5230 est
959 5176 1040 5230 vir
1073 5175 1310 5230 inﬁdelis
1337 5176 1389 5228 in
1415 5175 1658 5237 muliere,
1680 5183 1733 5226 et
1760 5172 2093 5226 sanctiﬁcata
2119 5179 2202 5224 est

649 5266 850 5320 mulier
878 5265 1108 5320 infidelis
1138 5265 1191 5318 in
1225 5266 1363 5319 viro.
1393 5263 1841 5318 Contrarietatcm
1869 5263 2034 5330 igitur
2060 5260 2192 5313 duo-

641 5370 762 5408 rum
816 5369 1104 5420 canonum,
1150 5371 1270 5426 quae
1319 5369 1444 5410 esse
1490 5354 1725 5418 videtur,
1775 5352 2033 5407 canonice
2085 5349 2198 5402 sol-

2305 4445 2384 4499 ἔτι
2423 4447 2479 4496 ἑν
2517 4445 2582 4513 τῇ
2617 4443 2838 4511 ἀπιστίᾳ
2887 4441 3261 4509 τυγχάνοντες,
3307 4441 3399 4491 καὶ¹
3454 4438 3604 4489 οῦπω
3649 4441 3714 4506 τῇ
3750 4437 3858 4489 τῶν

2299 4533 2592 4602 όρθοδόξων
2639 4529 3093 4598 ὲγκαταλεγέντες
3127 4528 3349 4595 ποίμνῃ.
3404 4525 3652 4592 ἀλλήλοις
3695 4527 3856 4592 γάμῳ

2299 4624 2514 4693 νομίμῳ
2556 4622 2908 4692 ⁴ἡρμόσθησαν
2936 4637 2951 4651 ο
2985 4615 3102 4671 εἶτα
3132 4620 3160 4670 ό
3191 4620 3292 4687 μὲν
3342 4619 3404 4670 τὸ
3448 4617 3609 4669 καλὸν
3642 4617 3856 4680 ἐκλεξὲ-

2303 4727 2480 4783 μενος,
2527 4712 2602 4779 τῷ
2651 4711 2788 4778 φωτὶ
2829 4710 2924 4777 τῆς
2967 4705 3223 4774 ἀληθείας
3290 4708 3664 4776 προσέδραμεν
3695 4724 3708 4737 ο
3742 4709 3770 4758 ό
3803 4709 3855 4758 δὲ

2300 4804 2403 4856 ὑπὸ
2431 4801 2524 4855 τοῦ
2553 4801 2650 4868 τῆς
2677 4800 2881 4866 πλάνης
2909 4797 3213 4864 κατεσχέθη
3239 4797 3456 4864 δεσμοῦ,
3490 4798 3564 4864 μὴ
3593 4800 3729 4864 πρὸς
3763 4801 3856 4857 τὰς

2301 4893 2446 4954 θείας
2495 4891 2736 4944 ἀτενίσαι
2783 4890 3003 4946 ἀκτῖνας
3058 4887 3348 4954 ἐλόμενος-ο
3415 4885 3624 4937 εὐδοκεῖ
3672 4886 3729 4938 δὲ
3779 4886 3856 4952 τῷ

2303 4980 2476 5049 πιστῷ
2500 4981 2534 5048 ἡ
2567 4980 2812 5039 ἄπιστος,
2847 4977 2880 5046 ἢ
2910 4977 2969 5028 τὸ
3002 4975 3225 5027 ἔκπαλιν
3261 4977 3288 5026 ό
3319 4975 3540 5034 ἄπιστος
3591 4974 3856 5023 συνοικεῖν

2301 5076 2367 5143 τῇ
2411 5071 2573 5139 πιστῇ
2607 5087 2620 5101 ο
2665 5068 2738 5137 μὴ
2767 5065 3104 5136 χωριζέσθω,
3135 5064 3274 5116 κατά
3321 5063 3410 5114 τον
3459 5063 3598 5114 θεῖον
3624 5063 3856 5114 ἀπόστο-

2301 5164 2412 5214 λον.
2479 5159 2767 5226 Ἦγίασται
2813 5159 2920 5224 γὰρ
2949 5157 2976 5207 ό
3008 5155 3232 5215 ἄπιστος
3265 5154 3401 5222 ἀνὴρ
3432 5154 3487 5204 ὲν
3517 5153 3582 5219 τῇ
3615 5150 3858 5216 γυναικὶ,

2312 5254 2344 5322 ἦ
2379 5251 2631 5319 ἡγίασται
2666 5249 2698 5317 ή
2733 5248 2958 5306 ἀπιστσῖ
2986 5245 3120 5313 γυνὴ
3161 5245 3216 5296 ἐν
3250 5241 3326 5310 τῷ
3365 5241 3542 5308 ἀνδρί.
3582 5239 3695 5308 Τὴν
3726 5241 3855 5290 ἀνασ-

2307 5342 2633 5412 φαινομένην
2675 5337 2765 5390 οῦν
2794 5337 3135 5403 ἐναντιότητα
3193 5332 3300 5385 τῶν
3331 5331 3423 5384 δύο
3464 5329 3669 5382 τούτων
3700 5327 3856 5382 κανό-

1924 5500 2160 5557 ΫΛΒΙΑΣ
2192 5492 2604 5554 LECTIONES.

717 5600 761 5632 ³⁸
787 5597 1238 5660 Βαλιντινιανούς.

716 5715 908 5786 ιᾳιιοά
954 5715 1140 5768 bonum
1190 5722 1286 5768 ut.
