4110 6490
240 392 346 456 985

1055 395 1432 455 llESl’ONS.\
1479 397 1576 454 AD
1619 394 2346 457 ιΝΤΕιιιιοῡΑΤιΟΝΕΞ
2385 394 2638 458 MARCI.

3316 397 3418 459 986

234 533 342 567 νων
381 513 676 574 κανονικῶς
698 514 932 577 λύοντες,
962 514 1186 580 λέγομεν
1215 519 1314 579 ὅτι,
1345 519 1372 565 6
1398 520 1491 584 μὲν
1525 519 1586 569 ὲκ
1632 535 1779 582 γενε-
1809 570 1814 579 1

1887 529 2090 580 ventes,
2131 519 2362 573 dicimus
2395 535 2541 583 eum,
2576 521 2664 586 qui
2707 535 2828 574 cum
2861 535 2892 574 a
2923 515 3200 576 nativitate
3231 522 3418 575 ortho-

238 607 334 672 τῆς
382 603 456 656 ῶν
494 605 765 672 ὀρθόδοξος
793 647 808 668 ,
873 607 1008 672 μετὰ
1047 608 1296 671 γυναικὸς
1343 609 1613 674 αἱρετικῆς
1659 624 1780 659 συν-

233 697 446 759 αφθεὶς,
484 695 581 746 οὐκ
610 695 861 764 ἀξιωθείη
893 692 1234 764 κληρώσεωτ,
1268 698 1315 747 εί
1348 697 1421 764 μὴ
1455 697 1546 747 καὶ
1573 698 1694 758 τοὺς
1725 702 1781 748 ἑν

235 786 312 854 τῷ
350 786 484 854 οίκῳ
513 785 674 838 αὑτοῦ
705 785 913 852 ποιήσει
936 784 1240 851 ὁρθοβὸξους
1268 785 1614 852 Χριστιανούς
1638 801 1652 815 ο
1699 786 1779 837 ὃτι

235 875 330 924 καί
387 875 482 940 τῆς
537 871 984 938 ἐκκλησιαστικῆς
1031 874 1430 939 κεχωρισμένος
1489 873 1602 922 ἐστὶ
1659 889 1779 923 συν-

235 965 428 1027 άξεως,
456 963 528 1022 ὡς
557 965 619 1030 τῇ
647 962 736 1013 τοῦ
768 960 998 1030 Χριστοῦ
1033 961 1202 1027 μερὶδι
1246 961 1568 1027 συμπλέξας
1587 961 1783 1028 κλῆρον

232 1052 576 1120 ἁμαρτωλόν.
649 1051 704 1102 '0
755 1052 810 1102 δὲ
862 1051 1180 1118 αἱρεσιώτης
1232 1049 1306 1101 ῶν
1349 1052 1412 1102 ἐκ
1459 1052 1782 1118 σπαργάνων

233 1143 434 1201 αὐτῶν,
462 1142 556 1191 ἐὰν
593 1141 687 1208 τὴν
708 1140 981 1208 ὀρθόδοξον
1006 1141 1186 1192 πίστιν
1207 1143 1514 1208 προέληται,
1538 1141 1776 1204 δικαίως,

231 1233 330 1284 MV
361 1229 469 1282 ἀπό
500 1245 641 1291 τινος
691 1229 874 1296 ἐτέρου
925 1231 1078 1294 λόγου
1124 1231 1222 1280 οὐκ
1263 1231 1638 1297 ἐμποδίζηται.
1669 1247 1780 1298 χει·

237 1323 480 1390 ροτονίας
524 1321 775 1388 ἀξιωθείη
834 1323 1125 1389 ἱερατικῆς.
1163 1323 1224 1371 Ti
1263 1323 1368 1388 γὰρ
1421 1318 1583 1382 οἶδας,
1622 1323 1782 1389 φησὶν

234 1413 264 1464 6
321 1413 494 1479 μέγας
549 1410 882 1469 Ἀπόστολος,
921 1410 1013 1461 ἐὰν
1043 1412 1070 1461 ὁ
1121 1411 1305 1472 πιστὸς
1355 1411 1631 1479 μεταγάγη
1683 1412 1782 1476 τὴν

234 1500 461 1553 ἄπιστον
489 1499 716 1563 σύζυγον
737 1498 898 1550 αὐτοῦ
929 1499 1060 1568 πρὸς
1089 1500 1182 1567 τὴν
1229 1502 1440 1563 πίστιν;
1477 1500 1662 1562 Καλῶς
1692 1497 1782 1551 οὖν

236 1590 373 1648 osi;
405 1588 500 1656 τὴν
557 1583 831 1655 ὅρθὸδοξον
887 1588 1063 1638 πίστιν
1119 1587 1284 1639 ἐλθὼν
1337 1589 1442 1641 ἀπὺ
1492 1588 1782 1656 θρησκείας

236 1677 558 1748 αἱρετικῶν.
596 1676 733 1728 κατὰ
766 1677 989 1737 κανόνας
1027 1678 1280 1746 ἀξιωθείη
1312 1678 1614 1746 ἀξιώματος
1642 1680 1783 1747 ίερα-

237 1767 412 1830 τικοῦ,
454 1768 552 1820 κᾶν
591 1767 665 1836 μὴ
709 1767 1184 1836 ἐρθοδοξήσωσινὴ
1233 1769 1366 1837 γυνὴ
1409 1769 1500 1820 καὶ
1525 1771 1590 1820 τὰ
1621 1771 1784 1821 τέκνα

238 1857 422 1910 αὑτοῦ.

325 1948 520 2013 Ἑρώτ.
588 1947 698 2012 λβιτ
772 1948 1286 2016 Ἀπροκριμάτιστόν
1343 1949 1458 2000 ἐστι
1519 1948 1783 2001 τελεῖσθαι

236 2039 441 2091 τέκνων
470 2037 730 2106 ἁναδοχὰς
781 2038 866 2090 διὰ
897 2040 1152 2102 Λατίνων,
1194 2042 1508 2109 Ἀρμενίων,
1555 2040 1784 2094 Μονοθε-

238 2127 437 2196 λητῶν,
485 2127 879 2194 Νεστοριανῶν,
914 2129 1004 2181 καὶ
1029 2129 1225 2181 λοιπῶν
1257 2130 1507 2182 τοιούτων
1534 2147 1548 2160 °
1579 2130 1611 2196 ἢ
1650 2131 1784 2196 μᾶλ-

237 2219 329 2269 λον
358 2217 580 2285 μισητὸν
605 2217 698 2268 καὶ
727 2219 1128 2286 ἀποτρόπαιον;

313 2306 506 2357 Ἁπόκ.
545 2305 614 2355 Τ),
667 2303 711 2370 β’
764 2301 1036 2372 θέσπισμα
1083 2306 1173 2358 τοῦ
1227 2313 1257 2357 ι’
1289 2305 1576 2372 κεφαλαίου
1607 2303 1698 2356 τοῦ
1737 2303 1783 2356 α’

237 2399 418 2448 τίτλου
454 2397 544 2448 τοῦ
600 2395 647 2449 α’
703 2397 904 2466 βιϐλίου
960 2397 1066 2448 τῶν
1104 2398 1442 2463 Βασιλικῶνς
1483 2397 1783 2466 Αίρετικὸς,

242 2489 432 2556 φησιν,
469 2489 604 2548 ἐστὶ,
643 2489 737 2540 καὶ
762 2491 872 2550 τοῖς
900 2489 1038 2539 κατὰ
1067 2506 1172 2540 των
1199 2487 1482 2557 αίρετικῶν
1509 2489 1785 2540 ὑπόκειται

241 2578 458 2646 νόμοις,
517 2579 544 2628 6
603 2579 792 2647 μικρὸν
843 2579 969 2644 γοῦν
1000 2578 1255 2630 ἐκκλίνων
1277 2580 1371 2646 τῆς
1394 2577 1667 2645 ὀρθοδόξου
1699 2579 1786 2628 πί·-

244 2685 435 2729 στεως.
506 2669 654 2719 Ἐπεὶ
701 2667 827 2735 γοῦν
855 2669 1050 2728 πάντες
1095 2669 1142 2719 οί
1181 2667 1648 2737 ὰπαριθμηθὲντες
1706 2670 1785 2730 είς

241 2758 341 2828 τὴν
397 2759 672 2828 παροῦσαν
715 2759 999 2829 ἐρώτησιν,
1049 2759 1106 2810 οὐ
1147 2757 1233 2810 διὰ
1287 2759 1504 2827 μικρὸν,
1533 2759 1664 2812 ἀλλὰ
1698 2759 1785 2813 διὰ

244 2849 450 2906 πλάτος
487 2849 628 2916 μέγα
665 2848 756 2900 καὶ
783 2847 1166 2915 δυσδιεξίτητον
1193 2849 1259 2900 ὲκ
1299 2847 1399 2914 τῆς
1430 2848 1538 2900 τῶν
1578 2847 1786 2916 ὀρθοδό-

245 2939 352 3002 ξων
402 2938 721 3005 Ἑκκλησίας
751 2935 1189 3004 ἀπεξενώθησαν,
1218 2937 1433 2998 πάντως
1465 2937 1584 2989 οὐδὲ
1629 2935 1787 3005 χάριν

242 3029 511 3097 ἁναδοχῆς
557 3029 760 3080 παίδων
810 3026 1193 3094 πνευματικῶν
1250 3027 1673 3094 μεσιτευομένης
1717 3027 1785 3078 δι’

1886 608 2056 661 doxus
2085 618 2247 669 esset,
2276 624 2395 662 eum
2431 611 2679 662 haeretica
2707 611 2927 666 muliere
2956 612 3278 679 conjunctus
3311 621 3418 676 est,

1886 699 2108 766 dignum
2141 713 2244 751 non
2285 700 2514 761 censeri,
2547 703 2638 768 qui
2672 701 2724 753 iu
2774 701 2978 756 clerum
3009 703 3288 769 allegatur,
3316 703 3416 755 nisi

1886 787 2210 840 domesticos
2249 803 2378 842 suos
2413 803 2600 841 omnes
2628 790 2963 843 Christianos
3011 790 3197 844 fecerit
3239 792 3421 844 ortho-

1888 878 2054 932 doxos
2087 895 2098 928 :
2135 878 2259 944 quia
2296 889 2344 932 et
2383 879 2450 932 ab
2479 879 2846 933 ecclesiastica
2877 888 2959 933 est
2999 891 3235 936 remotus
3273 897 3419 934 com-

1887 967 2162 1029 munione,
2194 975 2373 1034 utpote
2406 968 2496 1036 qui
2524 967 2723 1020 Christi
2771 969 3014 1037 partibus
3066 973 3416 1036 peccatricem

1887 1063 2087 1107 sortem
2119 1056 2475 1122 implexuerit.
2508 1055 2610 1120 Qui
2641 1066 2838 1116 autem,
2871 1058 3156 1110 haereticus
3182 1074 3300 1111 eum
3331 1075 3420 1112 es-

1888 1151 1970 1197 set
2013 1143 2080 1196 ab
2132 1144 2492 1205 incunabulis,
2544 1145 2894 1198 orthodoxam
2946 1144 3100 1198 ﬁdem
3140 1145 3417 1214 delt-gerit.

1885 1230 2028 1298 jure,
2057 1232 2159 1284 nisi
2191 1247 2310 1300 qua:
2335 1231 2486 1298 justa
2519 1246 2685 1284 causa
2725 1233 2999 1300 impediat,
3029 1234 3418 1286 ordinationem

1887 1319 2273 1372 sacerdotalem
2323 1320 2578 1386 consequi
2625 1321 2812 1386 possit.
2854 1321 2990 1383 Quid
3039 1322 3179 1374 enim
3229 1321 3422 1388 (inquit

1889 1421 2113 1473 magnus
2139 1408 2450 1474 Apostolus)
2484 1410 2647 1469 nosti,
2676 1409 2719 1461 si
2770 1407 2939 1462 ﬁdelis
2978 1411 3204 1462 deducat
3235 1410 3421 1462 inlide-

1889 1494 1988 1546 lem
2037 1497 2319 1563 conjugetn
2360 1496 2425 1548 ad
2469 1497 2665 1549 fidem?
2698 1497 2861 1550 Recte
2905 1499 3085 1566 igitur,
3115 1499 3204 1566 qui
3237 1497 3302 1551 ad
3331 1513 3422 1550 or-

1890 1583 2174 1640 thodoxam
2226 1584 2381 1638 [idem
2435 1585 2578 1638 venit
2625 1585 2692 1638 ab
2739 1587 3108 1640 haireticorum
3163 1588 3394 1652 supersti

1891 1671 2071 1733 tione,
2128 1673 2441 1725 sacerdotali
2504 1674 2796 1728 secundum
2841 1691 3077 1731 canones
3133 1676 3423 1729 honoretur

1890 1762 2164 1830 dignitate,
2206 1765 2329 1818 licet
2376 1779 2509 1818 uxor
2541 1775 2595 1820 et
2640 1767 2789 1819 liberi
2837 1768 2955 1831 ejus
3003 1768 3284 1821 orthodoxi
3315 1783 3420 1822 non

1813 1847 1856 1904 Β
1886 1850 2034 1904 ﬂant.

1954 1940 2150 1994 lnterr.
2174 1941 2260 1996 52.
2288 1944 2367 1995 An
2399 1952 2546 1996 extra
2581 1944 2946 2012 pmjudicium
2976 1943 3259 1996 infantium
3302 1958 3422 1997 sus-

1881 2033 2156 2101 ceptiones
2186 2032 2320 2087 fiunt
2361 2047 2388 2086 a
2437 2031 2664 2096 Latinis,
2704 2035 2993 2098 Armeniis,
3025 2033 3419 2097 llonotheletis,

1883 2121 2244 2184 Nestorianis,
2291 2129 2342 2176 et
2380 2123 2590 2175 caeteris
2638 2123 2922 2189 ejusmodi,
2967 2137 3034 2174 an
3081 2122 3257 2190 potius
3301 2121 3424 2173 odio

1883 2209 2103 2278 dignum
2137 2220 2298 2278 atque
2336 2209 2747 2264 detestandum?

1953 2298 2109 2366 Resp.
2134 2299 2332 2353 Thema
2356 2301 2410 2362 2,
2431 2313 2551 2367 cap.
2585 2301 2668 2362 10,
2702 2301 2782 2351 tit.
2812 2314 2851 2359 ι.
2885 2302 2974 2355 nb.
3007 2300 3417 2355 tBasilicorum:

1887 2390 2198 2454 llazreticus,
2232 2390 2427 2458 inquit,
2459 2399 2575 2452 est,
2613 2398 2664 2444 et
2698 2389 2926 2458 legibus,
2959 2405 3076 2458 qua:
3106 2392 3169 2444 de
3211 2393 3420 2445 hereti-

1884 2480 1964 2531 cis
2000 2487 2145 2540 sunt,
2184 2477 2498 2544 subjicitur,
2531 2479 2619 2543 qui
2655 2479 2866 2544 paulum
2901 2478 2966 2530 ab
2994 2477 3290 2532 orthodoxa
3323 2481 3425 2532 tide

1887 2569 2142 2622 declinat.
2171 2569 2302 2619 Cum
2335 2569 2498 2634 igitur
2543 2568 2576 2620 ii
2614 2582 2820 2629 omnes,
2853 2568 2941 2635 qui
2988 2568 3087 2621 hac
3130 2569 3418 2637 interroga-

1885 2659 2032 2712 tione
2056 2658 2354 2712 enumerati
2386 2666 2533 2718 sunt,
2564 2671 2668 2708 non
2699 2671 2884 2724 parvo,
2919 2659 3010 2710 sed
3041 2659 3197 2724 longo
3226 2659 3424 2726 spatio,

1885 2755 1938 2800 et
1965 2748 2107 2815 quod
2149 2747 2362 2799 dillicile
2401 2743 2644 2813 superari
2681 2752 2862 2813 queat,
2895 2744 2961 2797 ah
3004 2745 3422 2799 orthodoxorum

1885 2835 2130 2889 Ecclesia
2182 2850 2404 2904 prorsus
2449 2835 2744 2888 exsulenL:
2797 2850 2902 2886 non
2950 2837 3422 2889 communicabuut

1886 2926 2168 2980 nobiscum
2209 2925 2436 2994 gratiam
2471 2923 2836 2992 susceptionis
2872 2923 3164 2977 liberorum
3206 2925 3424 2993 spirita-

1888 3013 2042 3075 lium,
2078 3027 2170 3081 per
2201 3026 2386 3066 sacras
2412 3026 2599 3080 preces
2645 3020 2698 3066 et
2733 3010 3189 3066 sanetiﬂcationes
3230 3015 3425 3065 multas

245 3118 415 3186 ἁγίων
445 3117 614 3184 εὐχῶν
643 3117 734 3169 καὶ
757 3116 1103 3184 ἁγιασματων
1135 3115 1359 3187 πολλῶν,
1403 3117 1531 3185 ἡμῖν
1563 3131 1782 3182 συγκοι-
1813 3174 1814 3177 η

1890 3101 2270 3155 intercedentis
2305 3119 2319 3153 :
2361 3115 2428 3153 ne
2474 3109 2528 3152 et
2575 3101 3132 3154 exeommunieatione
3170 3101 3423 3154 condem-

245 3210 576 3274 νωνήσουσιν
605 3220 617 3232 ·
654 3207 738 3256 ἵνα
789 3206 862 3273 μὴ
905 3206 998 3256 καὶ
1043 3206 1194 3257 αὐτοὶ
1238 3205 1594 3274 ἁκοινωνησίᾳ
1621 3222 1787 3256 κατα-

248 3293 547 3362 κριθῶμεν,
580 3294 716 3345 κατά
744 3295 834 3345 τὸν
865 3293 1078 3355 κανόνα,
1110 3294 1198 3344 τὸν
1224 3292 1465 3358 λέγοντα,
1511 3292 1569 3344 '0
1591 3308 1782 3345 κοινωσ-

248 3386 355 3436 νῶν
385 3386 744 3453 ἀκοινωνήτῳ,
778 3386 868 3435 καί
904 3384 1061 3444 αὐτὸς
1101 3383 1455 3451 ἁκοινώνητός
1483 3383 1644 3434 ἐστιν.

331 3472 526 3540 Ἐρώτ.
590 3474 688 3539 λγ’.
753 3472 1047 3540 Ὀρθόδοξοι
1120 3475 1370 3537 γυναῖκες
1437 3472 1788 3522 συνάπτονται

248 3565 387 3632 τάχα
415 3563 663 3630 γαμικῶς
707 3561 840 3628 μετὰ
871 3560 1217 3630 Σαρακηνῶν.
1250 3560 1281 3628 ἢ
1320 3559 1410 3609 καί⁸
1436 3557 1788 3625 αίρεσιωτῶν,

250 3656 344 3706 καὶ
379 3653 639 3713 θέλουσιν,
671 3651 745 3712 ὡς
776 3649 1167 3719 ὀρθοδοξοῦσαι,
1203 3647 1380 3708 καθὼς
1414 3646 1787 3708 διενίστανται,

253 3742 685 3811 μεταλαμϐάνειν
741 3740 848 3792 τῶν
897 3739 1052 3791 θείων
1097 3738 1479 3804 ἀγιασμὰτωνο
1523 3734 1792 3803 ζητοῦμεν

249 3832 340 3884 οὖν
367 3831 427 3882 τὸ
452 3832 694 3898 ποιητέον
725 3831 933 3896 μαθεῖν.

333 3922 523 3976 Ἀπόκ.
567 3922 625 3973 '0
653 3920 692 3972 o'
725 3921 904 3972 κανὼν
939 3919 1036 3986 τῆς
1079 3922 1134 3971 ὲν
1187 3917 1261 3985 τῷ
1293 3916 1539 3984 Τρούλλῳ
1578 3913 1790 3966 συνόδου

250 4014 422 4066 ταῦτά
451 4029 582 4081 φησι
607 4027 620 4040 °
675 4011 763 4078 Μὴ
797 4010 992 4072 ἐξεῖναι
1031 4007 1304 4073 ὀρθόδοξον
1335 4007 1498 4074 ἄνδρα
1547 4004 1788 4073 αἱρετικῇ

254 4103 612 4155 συνάπτεσθαι
637 4100 872 4167 γυναικὶ,
901 4099 1036 4166 μήτε
1067 4095 1320 4165 αἱρετικῷ
1343 4096 1491 4161 ἀνδρὶ
1520 4092 1793 4161 δρθόδοξον

251 4194 482 4257 γυναῖκα
521 4190 932 4255 συζεύγνυσθαι.
989 4185 1126 4237 Ἀλλ’
1168 4186 1214 4236 εί
1265 4185 1356 4234 καὶ
1385 4185 1523 4249 φανῇ
1558 4180 1792 4233 τοιοῦτον

253 4279 357 4330 ὑπό
375 4293 518 4337 τινος
550 4277 654 4328 τῶν
683 4277 934 4328 ἁπάντων
957 4274 1256 4340 γινόμενον,
1286 4271 1485 4337 ἄκυρον
1509 4269 1599 4320 τὸν
1621 4269 1793 4335 γάμον

252 4363 535 4434 ἡνῐσθαι,
575 4363 668 4415 καὶ
709 4361 769 4412 τὸ
811 4361 1047 4428 ἄθεσμον
1087 4356 1391 4410 διαλύεσθαι
1443 4355 1791 4422 συνοικίσεον.

1890 3203 2100 3253 nemur,
2136 3189 2289 3256 juxta
2325 3202 2586 3242 canonem
2613 3189 2901 3252 dicentem,
2934 3188 3033 3254 Qui
3064 3192 3426 3243 communicat

1889 3292 2010 3330 cum
2053 3277 2539 3341 excommunicato,
2567 3285 2650 3331 est
2687 3279 3184 3333 excommunicatus
3209 3288 3260 3332 et
3288 3281 3424 3347 ipse.

1963 3454 2159 3514 luterr.
2195 3457 2280 3509 35.
2330 3453 2654 3510 Orthodoxre
2709 3455 2961 3509 mulieres
3022 3456 3426 3524 conjunguntur

1891 3543 2028 3598 forte
2063 3560 2154 3612 per
2180 3545 2394 3612 nuptias
2428 3558 2550 3596 cum
2582 3542 2867 3597 Saracenis
2901 3546 2979 3596 vel
3011 3545 3298 3606 haereticis,
3331 3561 3426 3599 vo-

1891 3634 2134 3701 luntquc,
2167 3642 2223 3686 ut
2254 3632 2388 3686 bene
2415 3633 2480 3685 de
2513 3632 2613 3685 ﬁde
2643 3634 2950 3696 sentientes,
2975 3632 3425 3700 quemadmodum

1892 3730 2208 3774 constanter
2240 3721 2608 3784 instituerunt,
2643 3723 2926 3791 participes
2967 3723 3082 3778 ﬁeri
3121 3723 3424 3776 divinarum

1892 3810 2402 3870 sanctiﬁcationum.
2459 3809 2758 3874 Quaerimus
2809 3812 2935 3878 quid
2991 3811 3290 3864 faciendum
3334 3815 3424 3864 sit.

1965 3899 2113 3967 Resp.
2137 3899 2320 3953 Canon
2341 3899 2407 3952 70
2439 3901 2628 3965 synodi
2654 3899 2706 3952 in
2743 3899 2926 3952 Trullo
2950 3901 3062 3954 hanc
3089 3901 3324 3954 ait:Nun
3359 3903 3424 3952 h-

1893 4004 2014 4042 cere
2059 3990 2171 4042 viro
2211 3988 2509 4042 orthodoxa
2552 4002 2671 4040 cum
2719 3989 2943 4041 muliere
2998 3990 3244 4043 haeretica
3302 4005 3432 4042 con-

1887 4079 2063 4146 jungi,
2098 4092 2269 4144 neque
2315 4091 2441 4130 vero
2491 4077 2804 4130 orthodoxa:
2851 4093 2971 4130 eum
3023 4080 3139 4131 viro
3178 4079 3428 4133 haeretico

1892 4167 2153 4236 copulari.
2186 4167 2288 4220 Sed
2318 4167 2418 4221 etsi
2450 4167 2580 4234 quid
2629 4167 2893 4234 ejusmodi
2925 4169 2990 4220 ab
3027 4169 3134 4222 ullo
3162 4183 3224 4222 ex
3252 4172 3426 4222 omni—

1896 4259 1994 4312 bus
2032 4257 2232 4310 factum
2275 4258 2600 4325 apparuerit,
2637 4257 2819 4310 irritas
2861 4259 3076 4324 nuptias
3108 4258 3425 4318 existimari,

1893 4359 1946 4402 et
1990 4347 2251 4401 nefarium
2289 4347 2596 4415 conjugium
2632 4348 2848 4400 dissolvi
2889 4366 2901 4400 :
2935 4363 3104 4415 neque
3160 4349 3302 4398 enim
3342 4362 3426 4408 ea,

254 4455 331 4506 Οὐ
363 4454 470 4523 γὰρ
501 4451 605 4520 χρὴ
646 4451 712 4502 τὰ
743 4449 945 4517 ἄμικτα
967 4449 1244 4517 μιγνύναι,
1291 4445 1409 4496 οὐδὲ
1439 4443 1514 4511 τῷ
1539 4443 1791 4510 προόἁτῳ

1896 4453 2013 4505 quae
2057 4451 2163 4490 non
2201 4445 2326 4490 sunt
2372 4437 2664 4500 miscenda,
2707 4437 2951 4500 misceri;
2988 4453 3085 4488 nec
3116 4451 3264 4488 ovem
3306 4449 3427 4489 cum

255 4545 348 4596 τὸν
368 4543 526 4593 λύκον
553 4537 969 4608 συμπλέκεσθαι,
1005 4535 1097 4589 καὶ
1120 4538 1183 4604 τῇ
1203 4534 1294 4585 τοῦ
1329 4532 1561 4600 Χριστοῦ
1594 4532 1793 4599 ποίμνῃ

255 4633 346 4683 τὸν
401 4632 510 4682 τῶν
557 4627 888 4697 ἁμαρτωλῶν
931 4626 1148 4694 κλῆρον.
1189 4624 1249 4676 Ei
1277 4622 1331 4674 δὲ
1363 4623 1577 4688 παραϐῇ
1612 4636 1692 4678 τις
1727 4621 1794 4670 τα

258 4717 391 4787 παρ’
421 4716 574 4785 ήμῶν
598 4714 898 4783 ὁρισθέντα,
935 4711 1290 4780 ἀφοριζισθω.
1329 4708 1392 4758 Ἡ
1413 4707 1539 4767 γοῦν
1572 4706 1657 4756 διὰ
1698 4704 1794 4770 τὴν

264 4807 499 4873 ἄθεσμον
520 4802 718 4870 ταύτην
744 4799 1021 4852 κοινωνίαν
1055 4797 1190 4865 μετὰ
1247 4795 1545 4864 αίρετικοῦ,
1587 4796 1795 4860 ἀφωρι-

263 4895 435 4963 σμένη
466 4891 597 4945 οὖσα
628 4893 720 4942 καὶ
747 4887 1122 4955 ἀκοινώνητος,
1158 4887 1274 4946 πῶς
1319 4885 1425 4936 τῶν
1457 4885 1610 4936 Θείων
1637 4884 1800 4947 ἁγια-

265 4987 486 5055 σμάτων
524 4979 779 5047 ἀξιωθείη
804 4996 818 5043 ;
848 4979 1062 5037 πάντως
1087 4975 1344 5043 οὐδαμοῦ,
1381 4977 1428 5025 εί
1459 4973 1530 5042 μὴ
1585 4973 1792 5038 ἀποστῇ

263 5074 357 5128 τοῦ
387 5071 580 5134 κακοῦ,
614 5069 706 5124 κα).
735 5069 1030 5127 κανονικοίς
1060 5065 1349 5133 ἐπιτιμίοις
1373 5061 1654 5130 δωρθωθῇ.

346 5250 544 5319 Ἐρώτ.
619 5246 713 5301 λδ’.
795 5247 948 5306 Τινὲς
1025 5243 1346 5311 γυναικείων
1427 5238 1797 5307 μοναστηρίων

269 5342 606 5413 προεστῶεαι
635 5337 884 5406 ζητοῦσιν
920 5335 1217 5402 ἐκχώρησιν
1247 5330 1604 5395 ὲπισκοπικὴν
1645 5328 1798 5394 χάριν

268 5433 363 5486 τοῦ
409 5429 656 5499 δέχεσθαι
701 5426 986 5493 λογισμοὺς
1043 5423 1146 5472 τῶν
1191 5421 1278 5472 ὑπ’
1317 5419 1483 5480 αὑτὰς
1531 5417 1796 5486 μοναχῶν.

273 5522 546 5593 Ζητοῦμεν
573 5515 662 5570 οὖν
703 5519 749 5568 εί
780 5518 923 5567 ἐστιν
963 5512 1299 5578 ἐνδεχόμενον
1340 5509 1492 5561 τοῦτο
1526 5506 1796 5573 γενέσθαι.

1899 4529 2044 4595 lupo,
2084 4541 2180 4580 nec
2223 4533 2560 4594 peccatorum
2607 4534 2804 4579 sortem
2863 4541 2984 4578 cum
3032 4525 3230 4578 Christi
3284 4534 3432 4591 parte

1897 4617 2147 4683 conjungi
2177 4623 2411 4683 oportet.
2465 4615 2520 4667 Si
2565 4616 2686 4681 quis
2729 4624 2905 4668 autem
2941 4629 3024 4676 ea,
3053 4631 3170 4682 quae
3201 4631 3229 4666 a
3275 4615 3431 4667 nobis

1899 4707 2112 4760 decreta
2154 4717 2297 4767 sunt,
2335 4714 2702 4774 transgressus
2733 4707 2915 4768 fuerit,
2945 4719 3268 4775 segregetur.
3305 4708 3432 4772 Quae

1900 4797 2064 4863 igitur
2095 4810 2186 4862 per
2221 4795 2458 4848 illicitam
2498 4796 2636 4847 hanc
2663 4811 2785 4848 cum
2824 4795 3072 4847 hmretico
3103 4797 3430 4857 societatem,

1898 4885 2250 4938 exterminata
2282 4885 2851 4950 exconnnunieataque
2877 4891 2986 4945 est,
3019 4898 3246 4949 quonam
3277 4884 3432 4936 modo

1904 4974 2188 5027 habebitur
2237 4973 2433 5026 divinis
2486 4973 2998 5027 sanetilicationibus
3052 4974 3243 5039 digna?
3287 4975 3433 5026 nullo

1903 5077 2147 5130 prorsus,
2176 5063 2280 5114 nisi
2325 5077 2354 5114 a
2400 5063 2538 5114 malo
2570 5061 2819 5124 divertat,
2855 5070 2907 5115 et
2940 5064 3214 5116 canonicis
3247 5079 3428 5116 emen-

1905 5152 2027 5204 data
2059 5151 2128 5202 sit
2157 5148 2607 5202 correctionibus.

1974 5237 2169 5290 Interr.
2206 5237 2294 5290 34.
2335 5237 2586 5301 Quaedam
2619 5236 2957 5290 muliebrium
2983 5239 3429 5293 monasteriorum

1903 5325 2166 5394 praetecta:
2205 5327 2564 5395 episcopalem
2615 5327 2894 5394 requirunt
2941 5329 3147 5381 veniam
3169 5337 3214 5392 τ,
3243 5337 3300 5380 ut
3328 5332 3428 5382 sibi

1904 5416 2237 5470 subditarum
2265 5415 2570 5467 monialium
2599 5415 2882 5470 ratiocinia
2905 5428 2924 5454 ἰ
2941 5417 3254 5486 suscipiant.
3277 5416 3431 5483 Qua:-

1907 5507 2096 5564 rimus,
2130 5520 2196 5558 an
2239 5506 2368 5557 illud
2409 5503 2617 5558 admitti
2656 5507 2843 5571 possit.

1542 5595 1764 5649 VARI/li
1804 5593 2197 5648 LECTIONES.

355 5711 380 5742 ι’
410 5698 818 5764 permissionem.
903 5697 921 5720 ³
961 5691 1320 5758 confessiones.
