4110 6498
678 374 781 439 98'!

684 591 1099 653 sacerdotibus,
1157 591 1557 642 coui'nSsionuin
1620 592 1894 658 suscipere
1948 593 2230 645 ratiocinia

684 697 807 735 cum
860 681 1151 749 episcopali
1203 684 1492 747 permissu.
1528 681 1583 733 Si
1636 682 1803 747 igitur
1844 697 1946 735 non
1988 693 2232 736 sacratus

684 774 970 844 praefectus
1017 787 1115 827 nec
1157 788 1279 825 cum
1326 773 1617 839 episcopali
1660 774 1929 839 permissu
1971 774 2019 826 id
2058 773 2231 827 facere

680 872 884 933 potest,
921 865 1091 917 multo
1124 863 1301 915 mimis
1333 862 1382 913 id
1422 864 1689 928 prae-lectae
1725 877 2044 917 concessum
2080 864 2180 918 erit
2214 880 2227 915 :

680 955 782 1007 etsi
818 954 989 1007 virtus
1019 953 1138 1021 ejus
1164 954 1329 1005 solem
1361 953 1649 1019 splendore
1682 961 1924 1020 superet.

755 1133 951 1188 Interr.
1011 1133 1099 1186 35.
1132 1131 1302 1185 Divini
1363 1147 1596 1186 canones
1649 1132 2076 1186 diaconissarum
2124 1147 2231 1183 mc-

681 1228 977 1281 minerunt.
1004 1225 1324 1287 Quaerimus,
1358 1224 1515 1291 quale
1547 1225 1617 1276 sit
1646 1238 1828 1275 earum
1856 1222 2107 1274 oilicium.

757 1408 911 1476 Resp.
946 1406 1083 1461 Olim
1116 1403 1405 1473 aliquando
1430 1404 1647 1457 ordines
1684 1405 2108 1457 diaconissarum
2143 1418 2232 1455 ra-

681 1497 911 1552 nonibus
942 1496 1138 1563 cogniti
1167 1494 1332 1555 fuere,
1362 1493 1734 1558 habebantque
1766 1493 1893 1557 ipsae
1912 1491 2133 1557 gradum
2164 1488 2227 1539 ad

676 1594 871 1644 altare.
903 1590 1295 1641 Menstruorum
1333 1594 1509 1637 autem
1544 1584 1846 1651 inquinatio
1870 1580 2226 1635 ministerium

681 1694 867 1732 carum
905 1692 935 1729 a
965 1678 1147 1729 divino
1181 1683 1235 1726 et
1266 1683 1452 1726 sancto
1472 1673 1627 1727 altari
1660 1672 1879 1739 expulit.
1912 1670 1965 1722 ‘n
1997 1670 2229 1723 sanctis-

681 1772 816 1824 sima
849 1777 1025 1821 autem
1059 1765 1298 1817 Ecclesia
1340 1762 1481 1816 sedis
1510 1762 2225 1829 Coustantinopolitanorum

678 1862 1001 1913 diaconissa:
1040 1858 1370 1925 deliguntur,
1400 1869 1560 1918 unam
1604 1853 1821 1921 quidem
1866 1852 2231 1904 communica-

677 1953 879 2003 timie'm
918 1963 1025 2000 non
1056 1947 1319 1998 habentes
1344 1944 1405 1995 ad
1433 1945 1623 2005 altare,
1648 1944 1698 1993 in
1729 1942 1912 1994 multis
1935 1948 2111 1992 autem
2142 1939 2225 1992 ha-

684 2045 868 2091 ln-ntes
910 2044 1261 2096 conventuin,
1302 2042 1353 2085 et
1402 2034 1712 2085 muliebrem
1740 2039 1937 2083 cretum
1970 2031 2231 2083 ecclesia-

680 2132 815 2183 stico
845 2128 1155 2193 dirigentes.

753 2217 947 2270 Inlerr.
983 2216 1073 2268 36.
1105 2213 1185 2265 An
1221 2210 1587 2265 subdiaconus
1624 2218 1677 2261 et
1701 2208 1957 2264 diaconus
1995 2208 2231 2279 legitime

679 2308 851 2375 possit
880 2321 999 2358 cum
1031 2304 1252 2355 muliere
1276 2299 1541 2369 capulari,
1574 2313 1763 2352 necne.

750 2402 903 2467 Resp.
946 2402 1009 2453 Et
1038 2413 1292 2457 canones,
1326 2406 1377 2449 et
1412 2394 1558 2463 leges
1595 2394 1753 2446 varia:
1783 2400 1963 2446 vetant
1991 2401 2231 2445 sacratos

681 2502 802 2561 post
825 2490 1219 2544 ordinationem
1248 2485 1571 2539 mulieribus
1594 2483 1869 2551 conjungi.
1895 2483 2030 2536 Cum
2052 2490 2229 2534 autem

677 2583 759 2651 (ut
802 2578 1028 2643 videtur)
1078 2578 1395 2629 canonicum
1446 2574 1549 2626 hoc
1601 2580 2035 2626 contemneretur
2068 2570 2233 2624 inter-

680 2673 903 2731 dictum,
952 2670 1090 2720 inter
1134 2666 1492 2731 imperatores
1543 2661 1775 2729 inclytus
1803 2668 1857 2714 et
1895 2658 2231 2729 sapientissi-

680 2775 801 2814 mus
826 2759 1076 2812 dominus
1099 2754 1206 2808 Leo
1236 2766 1332 2821 per
1362 2750 1636 2804 Novellam
1673 2750 2007 2803 sanctionem
2041 2748 2228 2801 vitium

676 2848 1000 2902 emendavit.
1060 2844 1239 2910 lnquit
1296 2842 1441 2895 enim
1492 2841 1603 2893 haec
1636 2841 1691 2893 in
1735 2849 1887 2910 parte
1934 2842 2226 2908 expressim

678 2940 836 2992 tertia
874 2938 991 3005 ejus
1036 2932 1251 2987 Novella
1289 2931 1587 2986 :Jubemus
1614 2938 1671 2983 ut
1701 2932 1766 2985 ad
1800 2939 1953 2985 vetus
1980 2929 2228 2985 Ecclesia:

682 3044 911 3099 superne
928 3027 1179 3080 traditum
1197 3022 1567 3093 praescriptum
1592 3021 1895 3075 creationes
1914 3018 2225 3089 procedant:

1913 386 2184 447 THEOD.
2230 387 2713 448 BALSAMONIS

757 497 908 566 Resp.
941 498 1077 551 Alibi
1127 499 1285 551 etiam
1335 499 1588 560 diximus,
1640 500 1767 554 stilis
1817 501 2073 555 tributum
2112 520 2228 557 isse
2261 514 2301 565 Α

3778 396 3875 462 988

2415 511 2611 563 Ἀπόπ.
2656 512 2759 562 Καὶ
2803 510 2983 563 ἄλλοτε
3020 511 3258 582 εἰπομεν,
3302 518 3479 585 μόνοις
3520 525 3632 585 τοῖς
3675 523 3869 593 ἱερεῦσι

2336 600 2471 665 μετὰ
2520 602 2882 669 ὲπισκοπικῆς
2932 605 3285 672 ἐκχωρήσεως
3325 610 3604 678 δεδομένον
3652 609 3872 669 εἶναιτὸ

2331 688 2579 756 δέχεσθαι
2626 690 2937 758 λογισμούς.
3024 695 3117 745 Ἂν
3157 697 3285 758 γοῦν
3334 699 3449 750 οὐδὲ
3489 702 3700 769 άνίερος
3745 706 3872 756 καθ-

2331 778 2634 846 ηγούμενος
2676 779 2813 847 μετὰ
2851 783 3210 852 ὲπισκοπικῆς
3250 787 3607 857 ἐκχωρήσεως
3657 790 3874 845 δύναται

2329 869 2577 936 δέχεσθαι
2621 870 2946 937 λογισμοὺς,
2999 874 3177 941 πολλῷ
3223 876 3382 928 πλέον
3444 879 3543 930 οὐκ
3588 883 3870 952 ὲκχωρηθῇ

2329 956 2485 1007 τοῦτο
2524 957 2671 1024 παρὰ
2708 958 3119 1027 καθηγουμένης
3159 961 3438 1028 γίνεσθαι,
3501 966 3602 1018 κᾶν
3635 972 3665 1036 ἡ
3707 972 3871 1041 άρετὴ

2330 1047 2497 1111 αὐτῆς
2529 1047 2716 1117 λάμπῃ
2740 1048 2877 1114 ὑπὲρ
2908 1049 2999 1099 τὸν
3019 1048 3189 1117 ⁴ἥλιον.

2413 1135 2760 1199 Ἑρώτκλεη
2826 1140 2885 1189 Oi
2932 1138 3059 1190 θεῖοι
3112 1142 3330 1203 κανόνες
3394 1144 3693 1212 μέμνηνται
3758 1149 3869 1201 δια.

2331 1227 2608 1277 κονισσῶν.
2632 1227 2904 1295 Ζητοῦμεν
2926 1225 3020 1281 οῦν
3054 1232 3242 1299 μαθεῖν
3274 1234 3422 1286 ποῖόν
3447 1237 3562 1287 ἐστι
3587 1237 3648 1289 τὸ
3671 1238 3871 1291 τούτων

2332 1312 2714 1381 λειτούργημα.

2412 1401 2613 1453 Ἀπόνι.
2646 1402 2817 1453 Πάλαι
2842 1404 2967 1455 ποτὲ
2998 1405 3087 1455 καὶ
3122 1404 3368 1473 τάγματα
3388 1408 3734 1462 διακονισσῶν
3766 1418 3873 1475 τοῖς

2330 1491 2549 1543 κανόσιν
2591 1492 3004 1559 ὲπεγινὼσκετο.
3040 1496 3131 1547 καὶ
3171 1493 3313 1564 εἶχον
3346 1500 3437 1551 καὶ
3480 1497 3635 1552 αὗται
3670 1502 3872 1571 βαθμὸν

2330 1582 2386 1631 ἒν
2431 1581 2507 1650 τῷ
2561 1581 2797 1651 βήματιο
2859 1585 2888 1653 ἡ
2938 1584 2993 1637 δὲ
3046 1586 3151 1637 τῶν
3199 1589 3456 1656 ἐμμήνων
3502 1593 3740 1654 κάκωσις
3776 1595 3871 1662 τὴν

2331 1668 2629 1737 ὑπηρεσίαν
2681 1672 2876 1741 ταύτην
2905 1676 2966 1724 ὲκ
2991 1673 3081 1725 τοῦ
3117 1673 3261 1726 Θείου
3289 1677 3380 1728 καὶ
3416 1677 3571 1742 ἁγίου
3636 1679 3872 1747 βήματος

2328 1756 2668 1820 ἁπεξένωσε·
2710 1763 2857 1829 παρὰ
2904 1763 2958 1814 δὲ
3014 1766 3077 1831 τῇ
3124 1764 3396 1835 ἁγιωτάτῃ
3450 1768 3744 1840 Ἐκκλησία
3780 1771 3869 1821 τοῦ

2334 1848 2522 1916 θρόνου
2556 1850 2663 1900 τῶν
2709 1850 3348 1906 Κωνσταντινουπολιτῶν
3380 1856 3708 1910 διακόνισσαι
3743 1877 3872 1927 προ-

2332 1940 2677 2008 χειρίζονται.
2719 1942 2845 2008 μίαν
2882 1944 2979 2009 μὲν
3022 1946 3305 2010 μετουσίαν
3346 1948 3420 2015 μὴ
3453 1948 3667 2017 ἔχουσαι
3704 1954 3759 2001 ὲν
3798 1953 3872 2018 τῷ

2334 2027 2559 2097 βήματι,
2607 2029 3062 2094 ὲκκλησιάζουσαι
3102 2034 3157 2084 δὲ
3190 2035 3256 2085 τὰ
3305 2035 3492 2098 πολλὰ,
3530 2038 3624 2089 καὶ
3653 2038 3749 2108 τὴν
3779 2057 3872 2106 γυ-

2332 2120 2636 2169 ναικωνϊτιν
2660 2118 3124 2187 ἑκκλησιαστικῶς
3149 2122 3545 2193 διορθούμεναι.

2413 2205 2608 2273 Ἐρώτ.
2659 2208 2763 2272 λς’.
2821 2210 3196 2275 ’Υποδιάκονος
3240 2213 3334 2265 καὶ
3368 2216 3608 2279 διάκονος
3654 2216 3871 2271 δύναται

2330 2299 2575 2367 νομίμως
2604 2302 2930 2367 συναφθῆναι
2965 2303 3204 2368 γυναικὶ,
3234 2304 3265 2371 ἢ
3292 2303 3351 2355 οὗ
3375 2322 3389 2368 ;

2414 2390 2612 2443 Ἀπόκ.
2643 2393 2747 2443 Καὶ
2780 2393 2997 2454 κανόνες
3028 2395 3120 2445 καὶ
3146 2395 3298 2461 νόμοι
3334 2394 3577 2464 διάφοροι
3604 2397 3869 2449 κωλύουσι

2330 2477 2453 2539 τοὺς
2507 2480 2829 2547 ίερωμὲνους
2888 2482 3249 2535 συνάπτεσθαι
3310 2486 3522 2551 γυναιξὶ
3582 2490 3719 2555 μετὰ
3776 2489 3871 2555 τὴν

2329 2569 2679 2635 χειροτονίαν.
2718 2569 2819 2622 Τοῦ
2858 2570 2913 2623 δὲ
2947 2572 3185 2625 τοιούτου
3226 2576 3507 2627 κανονικοῦ
3559 2578 3869 2646 παραγγέλ-

2333 2672 2499 2724 ματος
2555 2659 2932 2728 άθετουμένου,
2992 2662 3065 2721 ὼς
3116 2661 3312 2727 ἔοικεν,
3371 2668 3399 2717 ό
3451 2669 3509 2717 εν
3563 2666 3879 2734 βασιλεῦσιν

2330 2748 2568 2812 ἀοίδιμος
2615 2752 2705 2802 καὶ
2756 2752 3058 2817 σοφώτατος
3110 2756 3293 2823 κύριος
3342 2758 3509 2815 Λέων,
3555 2757 3639 2808 διά
3688 2757 3871 2812 Θεσπί-

2334 2855 2536 2908 σματος
2568 2840 2781 2908 Νεαροῦ
2816 2844 2873 2893 τὸ
2918 2843 3085 2895 κακὸν
3127 2844 3491 2914 διωρθώσατο.
3532 2848 3669 2915 Φησὶ
3702 2849 3863 2918 γάρὴ

2328 2929 2483 2996 τρίτη
2531 2930 2716 2998 Νεαρά
2769 2930 2932 2983 αὑτοῦ
2985 2934 3040 2983 ἐν
3100 2935 3250 3002 μέρει
3297 2935 3466 2987 ταῦτα
3512 2937 3729 3004 ῥητῶς·
3762 2940 3867 2989 Κε-

2328 3014 2552 3083 )..;ύομεν
2606 3018 2743 3069 κατὰ
2789 3020 2849 3070 τὸ
2900 3020 3103 3073 ἄνωθεν
3141 3022 3362 3090 ἀρχαῖον
3408 3024 3505 3091 τῆς
3547 3024 3871 3092 Ἐκκλησίας

681 3132 855 3185 neque
884 3118 1026 3170 enim
1070 3114 1289 3182 dignum
1340 3122 1441 3173 est,
1471 3121 1530 3164 ut
1572 3110 1662 3179 qui
1710 3110 1941 3179 spiritali
1990 3124 2220 3164 ascensu

2330 3102 2600 3173 διάταγμα
2661 3108 2756 3167 τάς
2824 3110 3150 3176 χειροτονίας
3212 3110 3543 3178 προϐαίνειν.
3621 3114 3695 3164 Οὑ
3763 3115 3869 3181 γάρ

682 3221 844 3275 supra
877 3204 1118 3272 corporis
1159 3202 1516 3274 abjectionem
1550 3201 1718 3257 evecti
1750 3210 1898 3267 sunt,
1942 3200 1997 3256 hi
2040 3218 2228 3257 rursus

682 3294 749 3350 ad
783 3292 961 3347 carnis
990 3293 1176 3347 sordes
1198 3293 1556 3361 delabantur;
1576 3290 1669 3345 sed
1693 3292 1970 3354 ediverso,
2008 3300 2064 3344 ut
2093 3291 2227 3345 divi-

683 3399 810 3438 num
865 3382 1226 3435 ministerium
1263 3396 1325 3432 ex
1377 3381 1623 3447 corporis
1660 3378 1911 3452 sordibus
1974 3386 2227 3443 tanquam

684 3472 737 3524 in
769 3472 931 3523 altum
974 3470 1204 3538 aliquem
1236 3468 1464 3537 gradum
1505 3467 1855 3529 conscendat,
1902 3468 2229 3521 convenien-

684 3561 793 3613 tius
850 3560 1027 3613 fuerit.
1082 3558 1439 3622 Quamobrem
1495 3570 1651 3610 nemo
1696 3570 1906 3617 eorum,
1934 3556 2025 3624 qui
2074 3554 2229 3609 altari

684 3651 945 3711 serviunt,
974 3656 1092 3716 post
1116 3646 1511 3700 ordinationem
1543 3645 1796 3699 audacter
1821 3646 1935 3714 lege
1973 3644 2228 3698 connubii

687 3736 893 3789 mulieri
933 3736 1318 3803 conjungetur.
1359 3734 1524 3801 idque
1564 3733 1610 3787 si
1657 3731 1867 3797 fechit,
1912 3734 2227 3802 deponetur.

685 3826 814 3879 Nam
862 3834 984 3879 ante
1022 3826 1416 3878 ordinationem
1470 3822 1647 3878 facere
1693 3823 1864 3886 licuit,
1918 3822 2060 3892 quod
2111 3828 2231 3891 post

682 3927 799 3965 eam
834 3912 966 3966 adeo
1003 3919 1140 3964 male
1166 3909 1266 3963 fuit
1291 3923 1477 3963 ausus.

755 4175 951 4228 Interr.
1005 4172 1092 4226 57.
1161 4170 1391 4223 Licitum
1458 4177 1540 4223 est
1599 4169 1906 4224 sacerdotes
1945 4169 2229 4239 praefectos

685 4266 1025 4324 exsistentes,
1065 4262 1143 4314 vel
1172 4262 1510 4329 primopapas
1531 4261 1600 4321 ι’.
1624 4268 1676 4311 et
1700 4259 1999 4327 pontiﬁces,
2040 4276 2229 4328 super-

685 4354 912 4406 nianicis
965 4360 1018 4404 et
1058 4350 1545 4419 supergenualibus
1586 4350 1849 4418 insigniri,
1882 4364 1946 4401 an
1987 4362 2069 4405 est
2099 4353 2229 4404 veti-

683 4452 821 4496 tum.

754 4530 903 4597 Resp.
934 4528 1442 4597 Supermanicarum
1481 4535 1535 4581 ct
1556 4531 2027 4598 supergenualium
2050 4546 2233 4584 sacra-

687 4624 931 4676 tis‘simus
969 4623 1198 4675 amictus
1243 4621 1373 4674 solis
1410 4621 1759 4689 pontiﬁcibus
1807 4624 2099 4679 attributus
2128 4631 2229 4687 est,

688 4716 831 4767 velut
859 4713 1083 4780 ﬁguram
1108 4711 1481 4765 obtinentibus
1508 4711 1741 4774 Domini,
1778 4721 1830 4765 et
1870 4712 1985 4772 Dei,
2020 4721 2073 4767 et
2112 4714 2234 4767 Ser-

686 4803 889 4854 vatoris
926 4801 1092 4853 nostri
1116 4798 1242 4853 Jesu
1285 4798 1487 4851 Christi
1521 4814 1533 4851 :
1562 4799 1792 4867 indeque
1825 4810 2037 4867 peccata
2069 4802 2231 4854 etiam

689 4892 966 4945 hominum
990 4891 1288 4953 remittunt,
1321 4890 1530 4957 aliaque
1553 4890 1753 4957 majora
1779 4889 1843 4942 ad
1874 4891 2225 4945 imitationem

687 4977 887 5031 Christi
928 4976 1152 5036 faciunt,
1186 4991 1308 5043 qua:
1340 4974 1714 5027 sacerdotibus
1754 4973 1879 5027 data
1929 4988 2035 5027 non
2081 4984 2223 5027 sunt.

688 5067 865 5130 Quare
895 5080 1065 5132 neque
1100 5062 1619 5130 supermenicarum,
1652 5077 1827 5130 neque
1859 5076 2223 5130 supergenua-

691 5159 821 5209 lium
872 5154 1222 5207 merebuntur
1254 5152 1528 5204 amictum.
1580 5150 1711 5203 Nam
1755 5152 2144 5219 supermanicaz
2172 5149 2227 5202 ﬂ-

685 5257 821 5311 gura
885 5250 1011 5294 sunt
1058 5241 1416 5299 manicarum,
1461 5240 1656 5308 quibus
1712 5249 1864 5292 erant
1922 5241 2226 5293 constrictae

689 5346 882 5384 manus
926 5330 1155 5394 Domini,
1200 5339 1253 5384 et
1297 5330 1410 5391 Dei,
1452 5338 1502 5383 et
1540 5328 1842 5382 Servatoris
1885 5329 2054 5381 nostri
2099 5325 2226 5380 Jesu

686 5419 907 5487 Christi,
936 5419 1149 5489 quando
1173 5421 1236 5473 ad
1272 5419 1630 5473 voluntariam
1665 5418 1971 5487 passionem
1999 5426 2225 5471 conten-

2329 3194 2475 3259 ἄξιόν
2527 3197 2661 3257 ἔστι,
2719 3198 2853 3266 μετὰ
2910 3198 2967 3251 τὸ
3017 3198 3357 3268 άνυψωϐῆναι
3410 3202 3505 3270 τῆς
3552 3206 3871 3272 σωματικῆς

2328 3286 2705 3343 ταπεινώσεως
2768 3289 2871 3339 ὑπὸ
2926 3290 3024 3357 τῆς
3094 3292 3468 3358 πνευματικῆς
3532 3294 3867 3356 ἀναϐάσεως,

2327 3378 2547 3441 τούτους
2574 3380 2733 3431 πάλιν
2764 3384 2854 3432 ἐπὶ
2890 3383 2985 3450 τὴν
3014 3383 3284 3451 σαρκικὴν
3312 3384 3668 3450 ταπεινότητα
3700 3402 3869 3436 κατα-

2332 3467 2583 3519 πίπτειν*
2634 3468 2940 3521 τούναντίον
2980 3469 3035 3520 δὲ
3086 3470 3284 3537 μᾶλλον
3325 3472 3427 3539 χρὴ
3476 3472 3555 3533 είς
3607 3473 3868 3524 άνάόασιν

2328 3554 2534 3625 ὑψηλὴν
2576 3555 2673 3625 τὴν
2724 3556 2870 3608 θείαν
2916 3556 3249 3625 λειτουργίαν
3299 3563 3364 3612 ἑκ
3408 3560 3505 3628 τῆς
3551 3562 3869 3628 σωματικῆς

2329 3644 2711 3710 ταπεινότητος
2739 3644 3065 3698 ἀναϐαίνειν.
3102 3644 3191 3698 Διὸ
3226 3648 3403 3710 οὐδεὶς
3433 3648 3539 3700 τῶν
3563 3651 3658 3701 τοῦ
3692 3650 3866 3719 βήμα-

2328 3747 2414 3793 τος
2437 3730 2573 3799 μετὰ
2593 3731 2687 3799 τὴν
2712 3732 3035 3797 χειροτονίαν
3060 3734 3345 3803 τολμηρῶς
3376 3735 3699 3807 συζευχθείη
3734 3741 3867 3791 κατά

2329 3819 2488 3887 νόμον
2516 3820 2690 3887 γάμου
2733 3823 2981 3886 γυναικί·
3033 3823 3187 3874 τοῦτο
3232 3823 3289 3876 at
3330 3826 3561 3893 ποιήσας
3612 3827 3867 3897 καθαιρε-

2330 3907 2569 3972 Θήσεται.
2639 3908 2795 3975 Ἐξῆν
2854 3910 2961 3977 γάρ
3016 3910 3161 3973 αὑτῷ
3222 3912 3327 3980 πρὸ
3392 3914 3489 3981 τῆς
3538 3920 3864 3983 χειροτονίας

2327 3994 2549 4062 ποιῆσαι
2578 3993 2639 4046 τὸ
2689 3998 2825 4063 μετὰ
2864 3998 2962 4064 τὴν
2997 4000 3326 4067 χειροτονίαν
3356 4000 3498 4053 οὕτω
3534 4005 3719 4065 κακῶς
3750 4006 3861 4057 τολ-

2330 4084 2519 4153 μηθέν.

2408 4174 2599 4241 Ἐρώτ.
2655 4174 2755 4239 λζ’.
2796 4174 3135 4246 Ἐκχωρητόν
3168 4179 3281 4232 ἔστι
3311 4180 3435 4242 τοὺς
3484 4182 3665 4251 ἱερεῖς,
3700 4184 3862 4252 ἡγου-

2329 4264 2517 4331 μένους
2540 4266 2715 4330 δντας,
2743 4265 2778 4333 ἢ
2808 4268 3261 4334 πρωτοπαπάδας,
3299 4270 3391 4322 καὶ
3421 4271 3544 4332 τοὺς
3571 4272 3861 4343 ἀρχιερεῖς,

2326 4352 2414 4402 διὰ
2459 4351 2795 4420 ἐπιμανίκων
2846 4354 2940 4404 καὶ
2978 4355 3333 4419 δπιγονατίων
3378 4356 3862 4425 άποσεμνύνεσθαι·

2260 4421 2303 4475 Ῑ)
2337 4439 2367 4508 ἢ
2397 4439 2698 4492 κεκώλυται
2718 4457 2733 4505 ;

2408 4528 2597 4580 Ἃπόκ.
2639 4528 2702 4579 Ἦ
2724 4528 2832 4579 τῶν
2870 4528 3205 4596 ἑπιμανίκων
3245 4530 3335 4581 καὶ
3365 4530 3471 4583 τῶν
3516 4532 3869 4600 ἑπιγονατίων

2331 4616 2595 4686 ἱερωτάτη
2624 4617 2906 4685 δνδυμενία
2938 4619 3117 4685 μόνοις
3144 4621 3255 4682 τοῖς
3298 4620 3608 4689 ἀρχιερεῦσι
3652 4624 3869 4690 πεφιλο-

2328 4707 2573 4774 τίμηται,
2622 4705 2696 4768 ὡς
2742 4707 2832 4758 τὸν
2877 4706 3043 4757 τύπον
3086 4709 3336 4775 ἐπέχουσι
3375 4708 3466 4759 τοῦ
3524 4710 3727 4778 Κυρίου
3778 4713 3869 4764 καὶ

2328 4795 2459 4847 Θεοῦ
2487 4796 2578 4849 καὶ
2604 4796 2854 4864 Σωτῆρος
2892 4796 3047 4864 ἡμῶν
3088 4796 3265 4866 Ἰησοῦ
3291 4799 3546 4867 Χριστοῦυ
3580 4801 3867 4853 κάντεῦθεν

2331 4886 2425 4937 καὶ
2450 4887 2718 4955 ἁμαρτίας
2746 4887 2994 4954 άφιοῦσιν
3025 4887 3345 4955 ἀνθρώπων,
3366 4890 3457 4941 καὶ
3484 4888 3619 4941 ἄλλα
3657 4890 3867 4943 ποιοῦσι

2332 4975 2789 5043 Χριστομιμήτως
2848 4975 3086 5043 μείζονα,
3144 4977 3243 5029 δσα
3302 4980 3413 5039 τοῖς
3475 4977 3708 5046 ἱερεῦσιν
3770 4982 3868 5032 οὐκ

2330 5061 2668 5129 ὲνεδόθησαν.
2710 5062 2799 5113 Διὸ
2827 5061 2946 5113 οὐδὲ
2975 5062 3071 5129 τῆς
3110 5062 3218 5112 τῶν
3246 5063 3583 5132 ἐπιμανίκων
3614 5065 3735 5117 οὐδὲ
3762 5064 3870 5117 τῶν

2331 5149 2683 5214 ὲπιγονατίων
2742 5150 3054 5217 ὲνδυμενίας
3121 5150 3527 5219 άξιωθήσονται.
3610 5152 3690 5205 Τά
3763 5155 3871 5224 γάρ

2329 5240 2625 5308 ἐπιμάνικα
2650 5241 2818 5302 τύπος
2852 5241 2959 5293 eisi
3004 5242 3111 5294 τῶν
3139 5244 3464 5312 χειροπεδῶν
3500 5244 3609 5296 τῶν
3640 5246 3870 5314 ἑλικοει-

2332 5328 2437 5380 σῶν
2476 5332 2551 5391 είς
2582 5330 2682 5392 τὰς
2721 5332 2906 5399 χεῖρας
2951 5330 3043 5382 τοῦ
3077 5332 3279 5400 Κυρίου
3320 5334 3412 5385 καὶ
3456 5334 3589 5386 Θεοῦ
3622 5338 3716 5387 καὶ
3761 5336 3872 5388 Σω-

2332 5418 2494 5487 τῆρος
2518 5418 2677 5487 ἡμῶν
2717 5420 2887 5489 Ἰησοῦ
2937 5420 3171 5489 Χριστοῦ
3222 5423 3309 5473 ὅτε
3362 5423 3494 5489 πρὸς
3526 5422 3586 5475 τὺ
3624 5421 3873 5476 ἑκούσιον

1928 5587 2155 5643 νΑιιιΑη]
2196 5587 2587 5647 LECTIONES.

765 5690 812 5728 ι·
836 5687 921 5750 (ικὶ
945 5686 1149 5739 abbam
1186 5684 1313 5765 sint.
1343 5681 1417 5735 vel
1452 5682 1855 5749 protopapadea.
