4110 6470
217 409 324 489 989

1031 410 1417 470 RESI‘ONSA
1461 409 1560 467 AD
1598 409 2341 470 lN’l‘EliltOGA'l‘lONES
2384 408 2640 468 MARlII.

3304 408 3410 469 990

219 526 388 586 πάθος
437 525 714 593 ἠπείγετο.
768 527 837 578 Τὸ
876 528 929 578 δὲ
961 530 1296 594 ἐπιγονάτιον
1348 531 1423 589 είς
1468 525 1604 579 τύπο
1662 523 1754 574 τοῦ
1787 535 1825 580 Α

1787 535 1825 580 A
1859 524 2034 576 debat.
2073 525 2469 596 Snpergenuale
2500 538 2699 590 autem,
2742 526 2906 596 ﬁgura
2939 535 3020 582 est
3050 527 3221 590 lintei,
3253 533 3394 596 quod

216 611 422 665 λεντίου
455 617 622 678 ἐστὶν,
661 616 687 668 δ
722 616 749 666 ό
772 617 965 685 Κύριος
1003 618 1302 677 ἐνεδύσατο,
1336 622 1425 670 καὶ
1447 621 1570 676 τοὺς
1600 618 1756 679 πόδας

219 702 324 753 τῶν
350 703 609 772 μαθητῶν
639 705 834 770 ἔνιψεν.
867 707 1072 774 Ὥσπερ
1095 707 1184 759 οὖν
1206 710 1264 759 οὐ
1284 709 1458 775 δοθείη
1483 708 1758 775 ἐπισκόπῳ

218 793 323 842 τινὶ
356 793 426 844 τὰ
456 797 566 854 τοῖς
596 797 956 865 πατριάρχαις
993 797 1407 865 φιλοτιμηθέντα
1428 798 1512 848 διὰ
1539 797 1758 864 ἐνδυμε-

219 881 338 941 νίας
371 885 704 950 χαρίσματα,
730 887 926 946 σάκκος
956 886 1192 954 δηλονότι
1246 889 1336 937 καὶ
1369 887 1759 954 πολυσταύριον

222 971 460 1035 (τούτους
497 973 603 1038 γὰρ
639 973 740 1023 ὑπὸ
769 975 966 1026 τούτων
1003 976 1344 1026 κυδαίνεσθαι
1379 975 1640 1036 δέδοκται,
1686 976 1759 1037 ὡς

224 1060 316 1111 καὶ
355 1062 786 1128 ἀναφερομένους
814 1066 892 1123 είς
929 1065 1025 1128 τῆς
1065 1065 1384 1132 οἰκουμένης
1421 1065 1479 1115 τὰ
1527 1067 1756 1134 πέρατα·

223 1152 392 1215 οὕτως
441 1154 558 1206 οὐδέ
595 1155 660 1206 τὰ
698 1158 808 1218 τοῖς
851 1159 1165 1220 ἐπισκόποις
1195 1159 1600 1228 ἀπονεμηθέντα
1634 1175 1761 1224 προ-

221 1242 382 1308 νόμια
429 1243 540 1300 τοῖς
585 1243 780 1310 ίερεῦσι
827 1245 1140 1313 δοθήσεται·
1188 1248 1270 1299 ἵνα
1317 1247 1388 1315 μὴ
1429 1246 1534 1298 τῶν
1565 1247 1760 1314 ἐκκληο

223 1325 513 1376 σιαστικῶν
563 1327 866 1394 προνομίων
931 1330 1186 1398 σύγχυσις
1246 1333 1486 1399 γένηται,
1545 1333 1638 1384 καὶ
1685 1333 1759 1401 τῷ

225 1416 491 1467 Πλάσαντι
527 1417 652 1486 εἴπῃ
675 1417 733 1468 τὺ
760 1417 998 1486 πλάσμα*
1041 1421 1345 1490 Ἐξισοῦμαί
1375 1440 1476 1476 σοι.

303 1504 500 1571 Ἐρώτ.
558 1504 656 1571 λη’.
724 1506 854 1559 Ἀπὸ
895 1509 1121 1576 ἀρχαίας
1169 1513 1428 1580 ἐγχωρίου
1477 1515 1757 1584 συνηθείας

222 1593 520 1645 θάπτονται
570 1593 792 1660 λείψανα
839 1595 1126 1663 δρθοδόξων
1151 1601 1227 1660 είς
1258 1600 1354 1662 τάς
1398 1603 1534 1654 κατά
1579 1603 1757 1671 χώραν

223 1681 513 1749 ἐκκλησίας
560 1682 747 1750 ἡμῶν.
793 1685 944 1752 Ζητῶ
988 1683 1077 1739 οὖν
1123 1687 1309 1755 μαθεῖν
1355 1692 1402 1740 εί
1445 1691 1558 1742 εστι
1604 1691 1758 1744 τοῦτο

221 1772 361 1822 duo!
371 1771 697 1837 ριμὰτιστον.

1863 611 2034 663 induit
2079 614 2358 674 Dominus,
2403 627 2525 665 cum
2581 616 2964 681 discipulorum
3028 616 3188 682 pedes
3242 614 3396 670 lavit.

1861 701 2314 762 Quemadmodum
2368 703 2528 770 igitur
2575 721 2692 770 qtae
2747 706 3059 771 patriarcliis
3105 722 3196 774 per
3240 708 3396 760 intlu-

1861 799 2036 842 menta
2084 795 2267 859 gratiae
2307 794 2521 845 tributae
2557 805 2681 846 sunt
2707 796 2746 856 ',
2793 796 2882 846 ulli
2927 797 3016 849 alii
3059 812 3163 850 non
3202 799 3398 850 dantui-

1859 879 2132 946 episc0po,
2174 895 2366 933 saccus
2409 881 2653 935 videlicet
2683 892 2734 934 et
2766 899 2894 935 crux
2937 887 3252 954 multiplex'I
3283 889 3397 955 (eos

1859 967 1999 1017 enim
2029 969 2174 1020 hisce
2207 969 2449 1022 decorari
2485 972 2706 1038 placuit,
2734 981 2912 1040 utpote
2943 974 3135 1027 relatos
3167 978 3273 1026 ail'
3303 977 3393 1028 ha-

1860 1053 2092 1107 bitabilis
2113 1057 2259 1108 orbis
2292 1061 2574 1125 extrema):
2615 1059 2692 1111 sic
2719 1074 2815 1111 nec
2845 1061 3110 1128 episcopis
3135 1077 3389 1118 concessa

1860 1145 2131 1212 privilegia
2163 1147 2532 1203 sacerdotibus
2570 1149 2859 1212 dabuntur,
2892 1165 2956 1203 ne
2989 1153 3390 1221 privilegiorum

1860 1232 2344 1287 ecclesiasticarum
2409 1237 2659 1291 confusio
2720 1238 2830 1302 ﬁat,
2876 1249 2929 1293 et
2965 1238 3206 1295 Creatori
3251 1241 3394 1298 dicat

1859 1333 2125 1389 creatura,
2166 1326 2424 1394 Exaequor
2455 1329 2569 1381 tibi.

1934 1499 2126 1553 Interr.
2167 1501 2252 1555 ‘58.
2295 1502 2481 1558 Vetere
2513 1506 2799 1572 provincia:
2847 1512 3232 1566 consuetudine
3265 1514 3392 1568 reli-

1861 1590 2038 1655 quim'
2087 1593 2510 1643 ortliodoxorum
2557 1594 2608 1645 in
2647 1604 2844 1649 nostra:
2890 1600 3122 1666 regionis
3151 1603 3392 1656 ecclesiis

1862 1680 2210 1746 sepeliuntur.
2245 1680 2434 1744 Quaero
2460 1681 2620 1748 igitur
2642 1683 2867 1750 discere,
2889 1702 2955 1739 an
2978 1689 3077 1742 hoc
3098 1691 3230 1742 citra
3258 1706 3391 1760 prc-

1859 1767 2117 1833 jndicitim
2153 1767 2261 1819 fiat.

307 1861 500 1913 Ἀπόκ.
525 1860 761 1928 Διαφορὰ
792 1863 994 1931 μεγάλη
1019 1865 1469 1933 ἐστἰνέκκλησιῶν
1499 1885 1756 1938 κασιερω-
1791 1841 1832 1894 Β

1791 1841 1832 1894 Β
1933 1853 2082 1921 Resp.
2108 1855 2290 1924 Magna
2319 1855 2618 1909 ditl'erentia
2646 1869 2726 1910 est
2751 1859 2891 1912 inter
2909 1860 3166 1916 ecclesias
3195 1877 3389 1917 conse-

221 1944 417 2003 θεισῶν
473 1952 560 2005 διὰ
605 1953 891 2018 ἐγκαινέων
941 1955 1186 2018 ἀνοιξίων
1240 1958 1332 2006 καὶ
1382 1956 1751 2026 ἐνθρονισμοῦ,

222 2041 522 2109 χρίσματός
555 2057 612 2094 τε
637 2042 790 2107 ἁγίου
821 2041 1009 2110 μύρου,
1033 2045 1125 2095 καὶ
1152 2045 1457 2107 ἀποθέσεως
1493 2047 1754 2114 λειψάνων

222 2132 393 2198 ἁγίων
427 2132 795 2200 μαρτυρικῶν,
831 2135 922 2182 καὶ
949 2134 1054 2184 τῶν
1083 2135 1154 2202 μὴ
1182 2134 1348 2196 οὕτως
1374 2137 1752 2202 ἀγιασθεισῶν,

225 2221 319 2272 καὶ
344 2221 631 2290 εὐκτηρίου
656 2221 818 2273 τόπον
840 2223 1163 2290 ἐπεχουσῶν.
1193 2226 1283 2275 Διὸ
1316 2227 1372 2276 ἐν
1401 2227 1628 2288 ἐκείναις
1660 2229 1756 2294 μὲν

223 2313 280 2361 ἐν
311 2304 400 2372 αἷς
427 2309 666 2377 δηλονότι
703 2313 1011 2380 μαρτυρικὰ
1043 2313 1268 2380 λείψανα
1314 2316 1754 2385 τεθησαύρισται,

224 2400 318 2450 καὶ
363 2400 517 2466 ἁγίου
557 2399 724 2468 μύρου
763 2401 1127 2470 ἐμεσολάσησε
1173 2403 1396 2471 χρίσμα,
1426 2405 1756 2473 ἀνθρώπινον

223 2489 474 2552 λείψανον
502 2489 876 2558 οἱονδηττοτοῦν
906 2491 965 2542 οὐ
1003 2492 1295 2561 ταφήσεται
1327 2492 1481 2560 (κατὰ
1511 2495 1570 2545 τὸ
1598 2494 1639 2562 β’
1665 2511 1755 2544 κεο

225 2578 450 2644 φάλαιον
477 2578 566 2629 τοῦ
595 2578 641 2630 α’
686 2581 862 2632 τίτλου
886 2583 977 2633 τοῦ
1004 2583 1044 2633 ε’
1072 2581 1272 2650 βιϐλίου
1311 2583 1416 2633 τῶν
1437 2583 1752 2644 Βασιλικῶν,

223 2668 284 2718 τὸ
312 2666 493 2733 λέγονο
520 2667 719 2734 Μηδεὶς
762 2670 817 2721 ἐν
845 2671 1103 2738 ἐκκλησία
1128 2672 1371 2723 θαπτέτω
1413 2674 1617 2741 νεκρόν.
1649 2674 1756 2723 Καὶ

228 2757 369 2807 κατὰ
405 2756 495 2806 τὸν
542 2756 736 2817 ἔξωθεν
788 2758 950 2810 αὑτοῦ
997 2760 1242 2828 κείμενον
1278 2760 1520 2821 παλαιὸν,
1549 2761 1640 2812 τὸν
1668 2761 1756 2812 λέ-

234 2861 414 2909 γοντα*
451 2847 563 2898 Οὐκ
605 2846 776 2911 ἔξεστι
812 2848 1032 2900 θάπτειν
1064 2849 1180 2902 τινὰ
1218 2851 1274 2900 ἐν
1321 2849 1598 2919 ἐκκλησίᾳ,
1632 2849 1756 2902 ἔνθα

227 2935 466 2998 δηλονότι
513 2935 780 3005 μάρτυρος
829 2939 1002 2989 ἐκεῖσε
1031 2938 1184 3005 σῶμα
1222 2939 1522 3006 ἀπόκειται)
1549 2956 1562 2970 ο
1588 2941 1665 3002 είς
1702 2941 1758 2991 δὲ

228 3025 354 3083 τοὺς
417 3025 490 3090 μὴ
552 3025 692 3076 οὕτω
745 3025 1186 3095 καθιερωθέντας,
1222 3028 1404 3091 ἁγίους
1443 3030 1758 3098 εὐκτηρίους

230 3110 775 3181 κατονομαζομένους,
859 3114 1149 3177 ἀκινδύνως

231 3199 480 3266 λείψανα.

312 3291 510 3355 Ἐρώτ.
566 3289 640 3342 λθ¹
721 3291 972 3344 Κάτοικοί
1020 3311 1175 3345 τινων
1230 3295 1468 3363 ἐνοριῶν,
1505 3298 1599 3359 τὰς
1652 3298 1759 3350 τῶν

233 3380 451 3432 οἰκείων
483 3380 774 3449 ἀρχιερέων
805 3385 1134 3450 χειροτονίας
1173 3387 1610 3454 παραιτούμενοι,
1643 3389 1759 3439 ἐτέ-

239 3485 346 3537 ρων
381 3470 598 3538 ἐνορῶν
631 3470 944 3532 ἐπισκόποις
977 3473 1360 3540 προσέρχονται
1397 3475 1487 3528 καὶ
1527 3493 1761 3546 χειροτον-

235 3557 382 3616 νιῶν,
444 3558 619 3619 καθὼς
677 3559 901 3622 ἕκαστος
969 3560 1077 3629 ἔχει
1145 3562 1456 3631 θελήματος.
1515 3563 1574 3615 Εί
1637 3566 1761 3630 γοῦν

234 3645 488 3708 ἀσφαλῶς
524 3646 703 3708 αὐτοῖς
739 3648 946 3711 γίνεται
971 3650 1146 3709 τοῦτο,
1181 3651 1325 3718 ζητῶ
1361 3643 1568 3717 μαθεῖν.

318 3734 520 3788 Ἀπόθε.
561 3734 694 3795 Τοὺς
726 3735 821 3801 μὲν
847 3735 1190 3801 ἀναγνώστας
1233 3739 1355 3798 τοὺς
1398 3739 1758 3806 ἀθετήσαντας

236 3822 331 3882 τὰς
358 3823 684 3889 χειροτονίας
704 3823 810 3874 τῶν
832 3825 1134 3877 ἐπισκόπων
1147 3827 1342 3886 αὐτῶν,
1368 3827 1459 3878 καὶ
1481 3829 1555 3888 είς
1575 3830 1761 3897 ἐτέρας

237 3909 450 3976 ἐνορίας
501 3911 738 3978 μείζονος
784 3912 1106 3974 ἀξιωθέντας
1155 3913 1357 3981 βαθμοῦ
1396 3916 1480 3967 διὰ
1529 3917 1762 3984 χειροθε-

241 3998 360 4058 σίας
377 3999 755 4065 ἐπισκοπικῆς,
782 4000 1169 4067 ἀκοινωνησίας
1192 4001 1446 4068 ἐπιτιμίῳ
1470 4003 1517 4052 οί
1545 4003 1761 4064 κανόνες

236 4086 700 4140 καθυποδάλλουσι
727 4101 740 4118 ⁸
785 4091 874 4140 καὶ
919 4091 979 4142 οὐ
1031 4091 1188 4156 μόνον
1235 4090 1444 4150 αὐτοὺς.
1488 4091 1619 4143 ἀλλὰ
1670 4093 1762 4143 καὶ

234 4177 360 4234 τοὺς
419 4178 898 4242 χειροτονήσαντας
967 4176 1219 4240 τούτους,
1290 4179 1465 4238 καθὼς
1519 4179 1587 4232 τὰ
1638 4181 1761 4247 περὶ

234 4261 426 4313 τούτου
483 4262 807 4328 παρίσταται
861 4262 966 4312 ἀπὸ
1019 4264 1109 4314 τοῦ
1166 4263 1234 4316 νδ¹
1295 4265 1512 4326 κανόνος
1562 4265 1657 4333 τῆς
1704 4268 1761 4315 ἐν

238 4349 560 4419 Καρθαγένῃ
605 4352 851 4410 συνόδου,
893 4353 1059 4406 ταῦτα
1091 4353 1227 4405 κατά
1274 4355 1421 4424 ῥῆμα
1467 4354 1762 4422 διαλαμϐά-

1241 3116 1756 3185 ἐνταφιασθήσονται
1779 3125 1826 3186 C

1857 1952 2035 1995 cratas
2095 1957 2189 2010 per
2243 1943 2570 1998 initiatorias
2633 1945 3038 2013 dedicationes,
3095 1961 3150 2006 et
3210 1956 3388 2008 throni

1857 2031 2320 2100 inaugurationem
2359 2036 2640 2104 sanctique
2673 2038 2929 2105 unguenti
2966 2042 3291 2107 unctionem,
3337 2059 3391 2100 et

1856 2131 2163 2177 sanctarum
2195 2125 2539 2202 reliquiarum
2588 2138 2883 2197 martyrum
2929 2130 3388 2202 indigitationem;

1855 2222 1907 2266 et
1945 2229 2036 2269 eas
2070 2231 2188 2284 qua
2220 2217 2298 2270 sic
2343 2199 2690 2272 sanctificata:
2721 2235 2827 2273 non
2862 2232 3011 2286 sunt,
3043 2199 3388 2294 obtinentque

1855 2307 2074 2358 oratorii
2111 2307 2308 2360 locum.
2352 2308 2582 2375 Ideoque
2611 2307 2662 2361 in
2691 2310 2888 2378 quibus
2924 2311 3167 2365 videlicet
3191 2325 3394 2382 marty-

1853 2393 1976 2446 rica:
2017 2396 2252 2462 reliquiae
2280 2397 2564 2450 reconditae
2593 2404 2736 2462 sunt,
2756 2407 2808 2451 et
2838 2399 3008 2451 sancti
3028 2403 3280 2468 unguenti
3308 2403 3388 2455 in~

1855 2482 2082 2533 tervenit
2146 2484 2348 2544 unctio,
2400 2483 2694 2536 humanum
2756 2487 3125 2554 qualecunque
3161 2490 3387 2544 cadaver

1856 2583 1962 2622 non
1989 2569 2298 2636 sepelietur,
2325 2571 2478 2635 juxta
2515 2570 2549 2623 2
2576 2579 2757 2638 caput,
2791 2573 2814 2624 1
2865 2573 2968 2634 tit.,
3014 2574 3046 2625 5
3073 2574 3163 2626 lib.
3202 2575 3394 2628 Basili-

1856 2669 2038 2708 corum
2064 2657 2344 2723 inquiens:
2367 2657 2557 2710 Nullus
2591 2659 2644 2710 in
2669 2658 2896 2711 ecclesia
2925 2661 3215 2724 sepeliatur
3247 2679 3388 2716 mor-

1858 2752 2004 2796 tuus.
2041 2743 2106 2796 Et
2142 2745 2433 2798 secundum
2462 2755 2752 2808 vetereml,
2781 2758 2927 2802 extra
2959 2765 3079 2804 eum
3124 2753 3392 2819 positum:

1856 2831 1971 2885 Non
2002 2833 2125 2885 licet
2151 2835 2375 2900 sepelire
2405 2849 2728 2903 quemquam
2763 2836 2814 2888 in
2839 2838 3085 2902 ecclesia,
3113 2841 3202 2893 ubi
3241 2842 3388 2895 scili-

1859 2930 1944 2974 cet
1981 2921 2228 2990 martyris
2255 2937 2446 2990 corpus
2469 2923 2767 2991 depositum
2789 2939 2889 2979 est.
2914 2927 2969 2978 ln
2993 2931 3193 2980 sanctis
3211 2940 3386 2983 autem

1859 3012 2112 3064 oratoriis
2179 3014 2479 3081 appellatis,
2507 3028 2626 3082 quae
2661 3017 2734 3067 ita
2763 3025 3078 3070 consecrata
3112 3033 3216 3072 non
3243 3031 3386 3084 sunt,

1857 3100 2095 3170 reliquiae
2111 3103 2227 3157 sine
2256 3103 2493 3172 periculo
2520 3104 2861 3172 sepelientur.

1932 3280 2124 3335 Interr.
2151 3281 2238 3336 39.
2258 3283 2618 3348 Quartimdam
2640 3287 2996 3354 parmciarum
3030 3288 3233 3350 incoiaa,
3265 3303 3391 3344 suo-

1861 3387 1976 3425 rum
2049 3373 2356 3441 pontiﬁcum
2417 3374 2781 3431 ordinationes
2847 3386 3186 3446 respuentes,
3253 3379 3386 3432 alia-

1862 3476 1980 3516 rum
2003 3462 2317 3519 dimcesium
2345 3471 2402 3518 et
2426 3464 2820 3518 ordinationum
2849 3467 3128 3534 episcopos
3166 3469 3382 3528 adeunt,

1859 3560 2018 3620 prout
2044 3551 2274 3620 quisque
2333 3551 2578 3604 vultzan
2629 3560 2746 3605 tuto
2801 3551 3022 3619 faciant,
3075 3571 3256 3624 quaero
3303 3559 3383 3612 dl-

1860 3655 2028 3693 scere.

1932 3727 2086 3796 Resp.
2109 3727 2358 3782 Lectores
2385 3729 2618 3798 quidem,
2645 3731 2734 3799 qui
2767 3747 2983 3787 suorum
3015 3736 3385 3804 episcoporum

1863 3815 2226 3870 ordinationes
2252 3826 2602 3884 Spreverunt:
2637 3829 2690 3872 et
2720 3821 2769 3872 in
2803 3822 2921 3875 aliis
2950 3824 3237 3890 provinciis
3278 3842 3388 3879 ma-

1857 3903 2027 3969 jorem
2066 3906 2286 3974 gradum
2315 3921 2408 3972 per
2437 3907 2751 3974 eplseopalis
2781 3923 2968 3963 manus
2996 3913 3386 3980 impositionem

1865 3995 2139 4048 consecuti
2168 4004 2329 4058 sunt,
2359 3997 2929 4051 excommunicationis
2959 4014 3126 4066 paenae
3157 4017 3392 4056 canones

1868 4083 2182 4150 subjiciunt,
2212 4097 2309 4136 nec
2338 4098 2429 4137 eos
2454 4084 2628 4148 modo,
2652 4085 2743 4138 sed
2767 4095 2819 4138 et
2845 4101 2957 4150 eos,
2980 4091 3070 4156 qui
3110 4090 3387 4144 ordinave-

1860 4180 2006 4235 runt,
2028 4171 2472 4239 quemadmodum
2518 4175 2834 4242 exprimitur
2862 4192 3068 4232 canone
3092 4180 3159 4232 54
3195 4181 3381 4249 synodi

1862 4259 2322 4327 Cartbaginensis,
2375 4262 2484 4315 haec
2536 4263 2920 4330 complectente
2972 4267 3036 4318 ad
3099 4269 3316 4319 verbum
3370 4285 3385 4320 :

1867 4347 2104 4400 Clericos
2128 4349 2188 4403 in
2205 4349 2428 4401 ecclesia
2451 4361 2685 4418 agentes,
2714 4362 2770 4404 ut
2799 4353 2905 4420 jam
2935 4355 3255 4416 deiiniimus,
3283 4372 3387 4410 non

237 4454 416 4496 νοντος
451 4451 466 4466 ο
509 4437 812 4507 Κληρικοὺς
866 4440 945 4500 είς
995 4440 1283 4501 ἐκκλησίαν
1334 4440 1635 4504 τελοῦντας,
1691 4438 1844 4502 ὠςΒ

1761 4460 1764 4493 τ
1789 4438 1844 4496 D
1871 4437 2026 4490 licere
2053 4437 2303 4491 ordinare
2346 4438 2397 4489 in
2437 4441 2573 4492 alius
2597 4442 2828 4495 civitatis
2859 4444 3103 4504 ecclesia,
3129 4447 3219 4498 sed
3257 4461 3384 4498 eon-

236 4528 336 4595 ήδη
357 4526 648 4594 ὡρίσαμεν,
671 4527 743 4595 μὴ
764 4527 956 4590 ἐξεῖναι
977 4531 1053 4588 είς
1069 4529 1228 4595 ἁλλης
1246 4529 1449 4590 πόλεως
1477 4531 1760 4581 τάττεσθαι

236 4616 546 4684 ἐκκλησίαν,
584 4615 716 4667 ἀλλὰ
764 4617 1004 4684 στέργειν
1047 4618 1254 4682 ἐκείνην
1283 4620 1338 4669 ἐν
1437 4618 1760 4688 λειτουργεῖν

237 4705 295 4766 ἐξ
320 4705 493 4772 ἀρχῆς
527 4702 833 4772 ἠξιώθησαν
853 4722 866 4735 ·
911 4707 1060 4767 ἐκτὸς
1101 4707 1317 4758 ἐκείνων
1345 4708 1536 4768 οἴτινες
1569 4709 1763 4760 ἀπολέ-

241 4807 432 4852 σαντες
459 4791 554 4852 τὰς
587 4793 718 4853 ίδίας
760 4793 1044 4859 πατρίδας,
1079 4794 1178 4844 ὑπὸ
1217 4796 1456 4863 ἀνάγκης
1490 4798 1567 4857 είς
1599 4798 1764 4862 ἀλλην

240 4879 529 4944 ἐκκλησίαν
562 4881 836 4948 μετῆλθον.
872 4883 930 4932 El
955 4881 1009 4932 δέ
1045 4899 1127 4942 τις
1164 4883 1474 4946 ἐπίσκοπος,
1510 4887 1645 4952 μετὰ
1673 4887 1764 4937 τὸν

242 4965 362 5032 ’ὅρον
413 4964 620 5026 τοῦτον,
667 4965 806 5032 άλλῳ
846 4956 1121 5032 ἐπισκόπῳ
1167 4968 1503 5035 προσήκοντα
1552 4970 1762 5036 δέξηται

244 5050 522 5118 κληρικδν,
571 5051 744 5113 ἔδοξεν
772 5051 1126 5119 ἀκοινώνητον
1153 5049 1288 5104 εἶναι
1315 5055 1404 5105 καὶ
1440 5056 1527 5106 τὸν
1556 5057 1765 5125 δεχθέν-

245 5156 307 5190 τα
335 5139 536 5191 καὶτὸν
579 5138 866 5206 δεξάμενον
886 5153 899 5167 ⁸
935 5140 1038 5201 ιως
1066 5140 1131 5192 ἂν
1155 5143 1182 5193 ὁ
1213 5143 1479 5209 μεταστὰς
1511 5144 1765 5212 κληρικδς

241 5231 319 5291 είς
362 5229 460 5297 τὴν
511 5229 642 5281 ίδίαν
689 5230 946 5299 ἐπανέλθῃ
989 5230 1320 5296 Ἐκκλησίαν.
1371 5232 1502 5298 Περὶ
1553 5233 1608 5284 δὲ
1659 5233 1766 5284 τῶν

243 5317 442 5369 λαῑκῶν
495 5317 824 5386 συνεζητήθη
893 5317 1020 5369 ποτε
1076 5319 1222 5385 παρὰ
1277 5319 1446 5390 ταύτῃ
1506 5324 1570 5390 τῇ
1637 5323 1766 5391 ἁγίᾳ

244 5404 441 5471 συνόδῳ
476 5403 573 5470 τῆς
599 5405 703 5455 τῶν
743 5404 1370 5456 Κωνσταντινουπολιτῶν
1418 5407 1756 5474 Ἐκκλησίας,

245 5485 725 5562 πατριαρχεύοντος
751 5491 842 5546 τοῦ
879 5493 1172 5560 ἀγιωτάτου
1205 5493 1261 5543 ἐν
1288 5495 1640 5562 πατριάρχαις
1672 5501 1766 5550 καὶ

1868 4535 2044 4576 tentos
2063 4538 2181 4577 esse
2209 4525 2318 4585 illa,
2354 4525 2404 4576 in
2428 4540 2531 4592 qua
2570 4528 2636 4578 ab
2667 4527 2819 4581 initio
2850 4531 3155 4584 ministrare
3186 4549 3392 4586 merue-

1867 4627 1990 4667 runt
2037 4630 2050 4666 :
2091 4615 2156 4668 iis
2196 4617 2454 4682 exceptis,
2490 4618 2578 4683 qui
2618 4619 2809 4672 amissa
2847 4635 2941 4673 sua
2971 4623 3161 4688 patria,
3192 4639 3256 4676 ex
3292 4641 3388 4676 ne-

1865 4705 2113 4757 cessitate
2163 4707 2216 4756 in
2272 4706 2428 4756 aliam
2477 4709 2751 4759 ecclesiam
2804 4711 3114 4776 migrorunt.
3156 4713 3306 4777 Quod
3343 4717 3387 4768 si

1864 4792 1986 4859 quis
2029 4792 2311 4858 episcopus
2363 4801 2481 4858 post
2525 4796 2659 4846 lianc
2706 4795 3084 4859 deﬁnitionem,
3135 4802 3387 4856 clericum

1863 4880 2160 4946 susceperit
2187 4879 2250 4930 ad
2283 4879 2446 4930 alium
2491 4883 2798 4948 episcopum
2830 4887 3181 4952 pertinentem
3210 4929 3223 4949 ,
3269 4892 3384 4957 pla-

1865 4970 1976 5022 cuit
2001 4969 2518 5021 exeommunicatum
2543 4986 2681 5032 esse,
2717 4982 2821 5025 tam
2863 4989 3188 5044 susceptum,
3224 4995 3384 5046 quam

1864 5057 2268 5122 suscipientem,
2292 5057 2462 5110 donec
2489 5059 2581 5125 qui
2617 5061 2864 5128 migravit
2891 5067 3138 5126 clericus,
3171 5067 3236 5118 ad
3263 5083 3384 5132 pro-

1862 5144 2034 5213 priam
2067 5143 2346 5196 ecclesiam
2382 5153 2693 5199 revertatur.
2729 5149 2801 5202 De
2848 5151 2997 5203 laicis
3019 5161 3192 5205 autem
3229 5155 3380 5214 simul

1865 5231 2146 5298 quaesitum
2204 5243 2287 5284 est
2341 5233 2394 5282 in
2442 5241 2622 5285 sancta
2676 5234 3386 5305 Constantinopolitanoruin

1865 5320 2118 5374 Ecclesiae
2159 5319 2384 5388 synodo,
2416 5321 2826 5388 patriareliatum
2865 5325 3137 5380 obtinente
3166 5329 3388 5380 sanctis-

1865 5411 2002 5463 simo
2046 5409 2182 5462 inter
2229 5408 2558 5476 patriarchas
2623 5421 2676 5464 et
2723 5413 3120 5480 sapientissimo
3169 5416 3388 5469 domino

1867 5497 2120 5552 Micliaele
2141 5497 2422 5560 Anchialo,
2459 5507 2513 5551 et
2548 5514 2730 5554 mense
2755 5501 3062 5570 Novembri,
3097 5503 3390 5559 indictione

1501 5607 1727 5681 νΔῆίῶ
1749 5609 2141 5664 LECTIONES.

317 5703 451 5767 ερατ
492 5697 1127 5770 εαρείίειιὲίεηιίὸειιερίὶα
1167 5698 1358 5749 tributa
1399 5707 1538 5750 sum.

244 5778 273 5810 κ
302 5779 577 5826 cadavera.
643 5777 669 5816 1
700 5768 912 5830 scilicet,
944 5768 1289 5830 interpreter».

1617 5711 1640 5737 ’³
1681 5701 2078 5768 νοίιμῑσιινὶωη.

2153 5712 2176 5736 ν
2202 5717 2417 5768 quarunt
2453 5703 2658 5755 nomina
2702 5705 2990 5770 referuntur
3036 5707 3087 5759 in
3121 5707 3279 5761 sacris
3300 5709 3386 5760 ad.
