  <div class='ocr_page' id='page_1' title='image "/cluster/home/n/w/nwhite01/storage/ocr_20150623/138/uva.x030486987/573.png"; bbox 0 0 4110 6458; ppageno 0'>
   <div class='ocr_carea' id='block_1_1' title="bbox 668 344 770 408">
    <p class='ocr_par' dir='ltr' id='par_1_1' title="bbox 668 344 770 408">
     <span class='ocr_line' id='line_1_1' title="bbox 668 344 770 408; baseline -0.029 0"><span class='ocrx_word' id='word_1_1' title='bbox 668 344 770 408; x_wconf 75' lang='lat'><strong>98&#39;!</strong></span> 
     </span>
    </p>
   </div>
   <div class='ocr_carea' id='block_1_2' title="bbox 673 560 2219 627">
    <p class='ocr_par' dir='ltr' id='par_1_2' title="bbox 673 560 2219 627">
     <span class='ocr_line' id='line_1_2' title="bbox 673 560 2219 627; baseline 0 -13"><span class='ocrx_word' id='word_1_2' title='bbox 673 561 1087 622; x_wconf 73' lang='lat' dir='ltr'><strong>sacerdmibus,</strong></span> <span class='ocrx_word' id='word_1_3' title='bbox 1146 560 1545 611; x_wconf 62' lang='lat' dir='ltr'><strong>confessionum</strong></span> <span class='ocrx_word' id='word_1_4' title='bbox 1609 562 1883 627; x_wconf 86' lang='lat' dir='ltr'><strong>suscipere</strong></span> <span class='ocrx_word' id='word_1_5' title='bbox 1938 562 2219 614; x_wconf 87' lang='lat' dir='ltr'><strong>ratiocinia</strong></span> 
     </span>
    </p>
   </div>
   <div class='ocr_carea' id='block_1_3' title="bbox 673 651 2221 719">
    <p class='ocr_par' dir='ltr' id='par_1_3' title="bbox 673 651 2221 719">
     <span class='ocr_line' id='line_1_3' title="bbox 673 651 2221 719; baseline 0.001 -15"><span class='ocrx_word' id='word_1_6' title='bbox 673 667 796 704; x_wconf 89' lang='lat' dir='ltr'><strong>cum</strong></span> <span class='ocrx_word' id='word_1_7' title='bbox 849 651 1140 719; x_wconf 81' lang='lat' dir='ltr'><strong>episcopali</strong></span> <span class='ocrx_word' id='word_1_8' title='bbox 1192 654 1481 717; x_wconf 69' lang='lat' dir='ltr'><strong>permiSs-u.</strong></span> <span class='ocrx_word' id='word_1_9' title='bbox 1517 651 1572 702; x_wconf 79' lang='lat' dir='ltr'><strong>Si</strong></span> <span class='ocrx_word' id='word_1_10' title='bbox 1625 651 1791 716; x_wconf 76' lang='lat' dir='ltr'><strong>igitur</strong></span> <span class='ocrx_word' id='word_1_11' title='bbox 1832 667 1935 704; x_wconf 89' lang='lat' dir='ltr'><strong>non</strong></span> <span class='ocrx_word' id='word_1_12' title='bbox 1978 662 2221 705; x_wconf 87' lang='lat' dir='ltr'><strong>sacratus</strong></span> 
     </span>
    </p>
   </div>
   <div class='ocr_carea' id='block_1_4' title="bbox 674 743 2220 814">
    <p class='ocr_par' dir='ltr' id='par_1_4' title="bbox 674 743 2220 814">
     <span class='ocr_line' id='line_1_4' title="bbox 674 743 2220 814; baseline -0.001 -18"><span class='ocrx_word' id='word_1_13' title='bbox 674 744 960 814; x_wconf 64' lang='lat' dir='ltr'><strong>prafectus</strong></span> <span class='ocrx_word' id='word_1_14' title='bbox 1006 757 1103 796; x_wconf 79' lang='lat' dir='ltr'><strong>nec</strong></span> <span class='ocrx_word' id='word_1_15' title='bbox 1146 757 1267 793; x_wconf 89' lang='lat' dir='ltr'><strong>cum</strong></span> <span class='ocrx_word' id='word_1_16' title='bbox 1315 743 1606 808; x_wconf 75' lang='lat' dir='ltr'><strong>c|iisc0pali</strong></span> <span class='ocrx_word' id='word_1_17' title='bbox 1648 744 1918 809; x_wconf 88' lang='lat' dir='ltr'><strong>permissu</strong></span> <span class='ocrx_word' id='word_1_18' title='bbox 1960 744 2008 795; x_wconf 91' lang='lat' dir='ltr'><strong>id</strong></span> <span class='ocrx_word' id='word_1_19' title='bbox 2047 743 2220 795; x_wconf 82' lang='lat' dir='ltr'><strong>facere</strong></span> 
     </span>
    </p>
   </div>
   <div class='ocr_carea' id='block_1_5' title="bbox 670 832 2216 903">
    <p class='ocr_par' dir='ltr' id='par_1_5' title="bbox 670 832 2216 903">
     <span class='ocr_line' id='line_1_5' title="bbox 670 832 2216 903; baseline 0.002 -22"><span class='ocrx_word' id='word_1_20' title='bbox 670 842 873 903; x_wconf 77' lang='lat' dir='ltr'><strong>potest,</strong></span> <span class='ocrx_word' id='word_1_21' title='bbox 910 835 1079 886; x_wconf 90' lang='lat' dir='ltr'><strong>multo</strong></span> <span class='ocrx_word' id='word_1_22' title='bbox 1114 833 1290 885; x_wconf 88' lang='lat' dir='ltr'><strong>minus</strong></span> <span class='ocrx_word' id='word_1_23' title='bbox 1322 832 1371 882; x_wconf 88' lang='lat' dir='ltr'><strong>id</strong></span> <span class='ocrx_word' id='word_1_24' title='bbox 1411 834 1677 897; x_wconf 59' lang='lat' dir='ltr'><strong>praelecta</strong></span> <span class='ocrx_word' id='word_1_25' title='bbox 1714 847 2033 886; x_wconf 90' lang='lat' dir='ltr'><strong>concessum</strong></span> <span class='ocrx_word' id='word_1_26' title='bbox 2069 834 2169 887; x_wconf 88' lang='lat' dir='ltr'><strong>erit</strong></span> <span class='ocrx_word' id='word_1_27' title='bbox 2204 850 2216 884; x_wconf 90' lang='lat'><strong>:</strong></span> 
     </span>
    </p>
   </div>
   <div class='ocr_carea' id='block_1_6' title="bbox 669 922 1913 990">
    <p class='ocr_par' dir='ltr' id='par_1_6' title="bbox 669 922 1913 990">
     <span class='ocr_line' id='line_1_6' title="bbox 669 922 1913 990; baseline -0.002 -14"><span class='ocrx_word' id='word_1_28' title='bbox 669 925 771 977; x_wconf 83' lang='lat' dir='ltr'><strong>etsi</strong></span> <span class='ocrx_word' id='word_1_29' title='bbox 808 924 978 977; x_wconf 86' lang='lat' dir='ltr'><strong>virtus</strong></span> <span class='ocrx_word' id='word_1_30' title='bbox 1008 923 1127 990; x_wconf 85' lang='lat' dir='ltr'><strong>ejus</strong></span> <span class='ocrx_word' id='word_1_31' title='bbox 1153 923 1318 975; x_wconf 86' lang='lat' dir='ltr'><strong>sulem</strong></span> <span class='ocrx_word' id='word_1_32' title='bbox 1351 922 1638 989; x_wconf 71' lang='lat' dir='ltr'><strong>splendore</strong></span> <span class='ocrx_word' id='word_1_33' title='bbox 1671 931 1913 989; x_wconf 83' lang='lat' dir='ltr'><strong>superet.</strong></span> 
     </span>
    </p>
   </div>
   <div class='ocr_carea' id='block_1_7' title="bbox 744 1101 2221 1159">
    <p class='ocr_par' dir='ltr' id='par_1_7' title="bbox 744 1101 2221 1159">
     <span class='ocr_line' id='line_1_7' title="bbox 744 1101 2221 1159; baseline -0.005 0"><span class='ocrx_word' id='word_1_34' title='bbox 744 1103 940 1159; x_wconf 83' lang='lat' dir='ltr'><strong>Interr.</strong></span> <span class='ocrx_word' id='word_1_35' title='bbox 1000 1102 1088 1155; x_wconf 83' lang='grc'><strong>55.</strong></span> <span class='ocrx_word' id='word_1_36' title='bbox 1121 1101 1291 1154; x_wconf 89' lang='lat' dir='ltr'><strong>Divini</strong></span> <span class='ocrx_word' id='word_1_37' title='bbox 1352 1117 1586 1156; x_wconf 83' lang='lat' dir='ltr'><strong>canones</strong></span> <span class='ocrx_word' id='word_1_38' title='bbox 1639 1102 2065 1155; x_wconf 90' lang='lat' dir='ltr'><strong>diaconissarum</strong></span> <span class='ocrx_word' id='word_1_39' title='bbox 2113 1116 2221 1153; x_wconf 58' lang='lat' dir='ltr'><strong>me-</strong></span> 
     </span>
    </p>
   </div>
   <div class='ocr_carea' id='block_1_8' title="bbox 670 1192 2097 1260">
    <p class='ocr_par' dir='ltr' id='par_1_8' title="bbox 670 1192 2097 1260">
     <span class='ocr_line' id='line_1_8' title="bbox 670 1192 2097 1260; baseline -0.006 -9"><span class='ocrx_word' id='word_1_40' title='bbox 670 1198 965 1251; x_wconf 88' lang='lat' dir='ltr'><strong>minerunt.</strong></span> <span class='ocrx_word' id='word_1_41' title='bbox 992 1194 1313 1257; x_wconf 69' lang='lat' dir='ltr'><strong>Quaerimus.</strong></span> <span class='ocrx_word' id='word_1_42' title='bbox 1347 1194 1505 1260; x_wconf 85' lang='lat' dir='ltr'><strong>quale</strong></span> <span class='ocrx_word' id='word_1_43' title='bbox 1536 1194 1607 1245; x_wconf 83' lang='lat' dir='ltr'><strong>sit</strong></span> <span class='ocrx_word' id='word_1_44' title='bbox 1635 1208 1817 1245; x_wconf 88' lang='lat' dir='ltr'><strong>earum</strong></span> <span class='ocrx_word' id='word_1_45' title='bbox 1846 1192 2097 1244; x_wconf 86' lang='lat' dir='ltr'><strong>oﬂicium.</strong></span> 
     </span>
    </p>
   </div>
   <div class='ocr_carea' id='block_1_9' title="bbox 746 1373 2222 1446">
    <p class='ocr_par' dir='ltr' id='par_1_9' title="bbox 746 1373 2222 1446">
     <span class='ocr_line' id='line_1_9' title="bbox 746 1373 2222 1446; baseline -0.005 -15"><span class='ocrx_word' id='word_1_46' title='bbox 746 1378 901 1446; x_wconf 80' lang='lat' dir='ltr'><strong>Resp.</strong></span> <span class='ocrx_word' id='word_1_47' title='bbox 935 1376 1072 1431; x_wconf 89' lang='lat' dir='ltr'><strong>Olim</strong></span> <span class='ocrx_word' id='word_1_48' title='bbox 1105 1373 1394 1442; x_wconf 74' lang='lat' dir='ltr'><strong>aliquando</strong></span> <span class='ocrx_word' id='word_1_49' title='bbox 1420 1374 1636 1427; x_wconf 81' lang='lat' dir='ltr'><strong>ordines</strong></span> <span class='ocrx_word' id='word_1_50' title='bbox 1673 1374 2097 1426; x_wconf 80' lang='lat' dir='ltr'><strong>diaconissarum</strong></span> <span class='ocrx_word' id='word_1_51' title='bbox 2133 1387 2222 1424; x_wconf 76' lang='lat' dir='ltr'><strong>ra-</strong></span> 
     </span>
    </p>
   </div>
   <div class='ocr_carea' id='block_1_10' title="bbox 670 1458 2217 1532">
    <p class='ocr_par' dir='ltr' id='par_1_10' title="bbox 670 1458 2217 1532">
     <span class='ocr_line' id='line_1_10' title="bbox 670 1458 2217 1532; baseline -0.009 -10"><span class='ocrx_word' id='word_1_52' title='bbox 670 1467 900 1522; x_wconf 89' lang='lat' dir='ltr'><strong>nouibus</strong></span> <span class='ocrx_word' id='word_1_53' title='bbox 931 1466 1127 1532; x_wconf 90' lang='lat' dir='ltr'><strong>cogniti</strong></span> <span class='ocrx_word' id='word_1_54' title='bbox 1156 1464 1322 1525; x_wconf 78' lang='lat' dir='ltr'><strong>fuere,</strong></span> <span class='ocrx_word' id='word_1_55' title='bbox 1352 1462 1724 1527; x_wconf 83' lang='lat' dir='ltr'><strong>habebantque</strong></span> <span class='ocrx_word' id='word_1_56' title='bbox 1756 1462 1882 1526; x_wconf 71' lang='lat' dir='ltr'><strong>ipsre</strong></span> <span class='ocrx_word' id='word_1_57' title='bbox 1902 1461 2123 1527; x_wconf 81' lang='lat' dir='ltr'><strong>gradum</strong></span> <span class='ocrx_word' id='word_1_58' title='bbox 2154 1458 2217 1508; x_wconf 87' lang='lat' dir='ltr'><strong>ad</strong></span> 
     </span>
    </p>
   </div>
   <div class='ocr_carea' id='block_1_11' title="bbox 665 1550 2216 1620">
    <p class='ocr_par' dir='ltr' id='par_1_11' title="bbox 665 1550 2216 1620">
     <span class='ocr_line' id='line_1_11' title="bbox 665 1550 2216 1620; baseline -0.01 -6"><span class='ocrx_word' id='word_1_59' title='bbox 665 1564 860 1614; x_wconf 82' lang='lat' dir='ltr'><strong>altare.</strong></span> <span class='ocrx_word' id='word_1_60' title='bbox 893 1559 1285 1611; x_wconf 76' lang='lat' dir='ltr'><strong>Menstruorum</strong></span> <span class='ocrx_word' id='word_1_61' title='bbox 1322 1563 1499 1607; x_wconf 88' lang='lat' dir='ltr'><strong>autem</strong></span> <span class='ocrx_word' id='word_1_62' title='bbox 1534 1553 1835 1620; x_wconf 77' lang='lat' dir='ltr'><strong>inquinatio</strong></span> <span class='ocrx_word' id='word_1_63' title='bbox 1860 1550 2216 1605; x_wconf 81' lang='lat' dir='ltr'><strong>ministerium</strong></span> 
     </span>
    </p>
   </div>
   <div class='ocr_carea' id='block_1_12' title="bbox 670 1639 2219 1707">
    <p class='ocr_par' dir='ltr' id='par_1_12' title="bbox 670 1639 2219 1707">
     <span class='ocr_line' id='line_1_12' title="bbox 670 1639 2219 1707; baseline -0.008 -5"><span class='ocrx_word' id='word_1_64' title='bbox 670 1664 857 1702; x_wconf 82' lang='lat' dir='ltr'><strong>carum</strong></span> <span class='ocrx_word' id='word_1_65' title='bbox 894 1662 923 1698; x_wconf 88' lang='lat' dir='ltr'><strong>a</strong></span> <span class='ocrx_word' id='word_1_66' title='bbox 955 1647 1137 1698; x_wconf 83' lang='lat' dir='ltr'><strong>divino</strong></span> <span class='ocrx_word' id='word_1_67' title='bbox 1170 1653 1224 1695; x_wconf 91' lang='lat' dir='ltr'><strong>et</strong></span> <span class='ocrx_word' id='word_1_68' title='bbox 1255 1653 1441 1696; x_wconf 80' lang='lat' dir='ltr'><strong>sancto</strong></span> <span class='ocrx_word' id='word_1_69' title='bbox 1462 1643 1617 1697; x_wconf 80' lang='lat' dir='ltr'><strong>altari</strong></span> <span class='ocrx_word' id='word_1_70' title='bbox 1649 1641 1869 1707; x_wconf 81' lang='lat' dir='ltr'><strong>expulit.</strong></span> <span class='ocrx_word' id='word_1_71' title='bbox 1902 1639 1955 1691; x_wconf 83' lang='lat' dir='ltr'><strong>&#39;n</strong></span> <span class='ocrx_word' id='word_1_72' title='bbox 1986 1640 2219 1693; x_wconf 86' lang='lat' dir='ltr'><strong>sanctis-</strong></span> 
     </span>
    </p>
   </div>
   <div class='ocr_carea' id='block_1_13' title="bbox 671 1731 2215 1799">
    <p class='ocr_par' dir='ltr' id='par_1_13' title="bbox 671 1731 2215 1799">
     <span class='ocr_line' id='line_1_13' title="bbox 671 1731 2215 1799; baseline -0.009 -6"><span class='ocrx_word' id='word_1_73' title='bbox 671 1742 805 1793; x_wconf 86' lang='lat' dir='ltr'><strong>sima</strong></span> <span class='ocrx_word' id='word_1_74' title='bbox 838 1746 1015 1791; x_wconf 91' lang='lat' dir='ltr'><strong>autem</strong></span> <span class='ocrx_word' id='word_1_75' title='bbox 1048 1734 1288 1787; x_wconf 85' lang='lat' dir='ltr'><strong>Ecclesia</strong></span> <span class='ocrx_word' id='word_1_76' title='bbox 1330 1732 1471 1785; x_wconf 81' lang='lat' dir='ltr'><strong>sedis</strong></span> <span class='ocrx_word' id='word_1_77' title='bbox 1500 1731 2215 1799; x_wconf 78' lang='lat' dir='ltr'><strong>Coustantinopolitanorum</strong></span> 
     </span>
    </p>
   </div>
   <div class='ocr_carea' id='block_1_14' title="bbox 1902 354 2702 417">
    <p class='ocr_par' dir='ltr' id='par_1_14' title="bbox 1902 354 2702 417">
     <span class='ocr_line' id='line_1_14' title="bbox 1902 354 2702 417; baseline 0.004 -4"><span class='ocrx_word' id='word_1_78' title='bbox 1902 354 2173 417; x_wconf 65' lang='lat' dir='ltr'><strong>TIIEOD.</strong></span> <span class='ocrx_word' id='word_1_79' title='bbox 2219 356 2702 417; x_wconf 70' lang='lat' dir='ltr'><strong>BALSAMONIS</strong></span> 
     </span>
    </p>
   </div>
   <div class='ocr_carea' id='block_1_15' title="bbox 746 467 2290 536">
    <p class='ocr_par' dir='ltr' id='par_1_15' title="bbox 746 467 2290 536">
     <span class='ocr_line' id='line_1_15' title="bbox 746 467 2290 536; baseline 0.002 -14"><span class='ocrx_word' id='word_1_80' title='bbox 746 467 897 536; x_wconf 75' lang='lat' dir='ltr'><strong>Resp.</strong></span> <span class='ocrx_word' id='word_1_81' title='bbox 930 468 1066 521; x_wconf 80' lang='lat' dir='ltr'><strong>Alibi</strong></span> <span class='ocrx_word' id='word_1_82' title='bbox 1116 469 1274 520; x_wconf 66' lang='lat' dir='ltr'><strong>etiam</strong></span> <span class='ocrx_word' id='word_1_83' title='bbox 1324 468 1577 529; x_wconf 73' lang='lat' dir='ltr'><strong>diximus,</strong></span> <span class='ocrx_word' id='word_1_84' title='bbox 1628 469 1755 523; x_wconf 75' lang='lat' dir='ltr'><strong>solis</strong></span> <span class='ocrx_word' id='word_1_85' title='bbox 1805 471 2063 523; x_wconf 87' lang='lat' dir='ltr'><strong>tributum</strong></span> <span class='ocrx_word' id='word_1_86' title='bbox 2100 490 2217 525; x_wconf 66' lang='lat' dir='ltr'><strong>(ssc</strong></span> <span class='ocrx_word' id='word_1_87' title='bbox 2250 483 2290 535; x_wconf 81' lang='grc' dir='ltr'><strong>Α</strong></span> 
     </span>
    </p>
   </div>
   <div class='ocr_carea' id='block_1_16' title="bbox 3768 364 3868 429">
    <p class='ocr_par' dir='ltr' id='par_1_16' title="bbox 3768 364 3868 429">
     <span class='ocr_line' id='line_1_16' title="bbox 3768 364 3868 429; baseline 0 0"><span class='ocrx_word' id='word_1_88' title='bbox 3768 364 3868 429; x_wconf 68' lang='lat'><strong>998</strong></span> 
     </span>
    </p>
   </div>
   <div class='ocr_carea' id='block_1_17' title="bbox 2405 479 3863 561">
    <p class='ocr_par' dir='ltr' id='par_1_17' title="bbox 2405 479 3863 561">
     <span class='ocr_line' id='line_1_17' title="bbox 2405 479 3863 561; baseline 0.014 -33"><span class='ocrx_word' id='word_1_89' title='bbox 2405 480 2600 532; x_wconf 70' lang='grc' dir='ltr'>Ἁπόπ.</span> <span class='ocrx_word' id='word_1_90' title='bbox 2645 482 2748 531; x_wconf 72' lang='grc' dir='ltr'><strong>Καὶ</strong></span> <span class='ocrx_word' id='word_1_91' title='bbox 2792 479 2972 531; x_wconf 73' lang='grc' dir='ltr'>ἄλλοτε</span> <span class='ocrx_word' id='word_1_92' title='bbox 3010 480 3247 551; x_wconf 65' lang='grc' dir='ltr'>εἰπομεν,</span> <span class='ocrx_word' id='word_1_93' title='bbox 3291 488 3468 554; x_wconf 65' lang='grc' dir='ltr'>μότοις</span> <span class='ocrx_word' id='word_1_94' title='bbox 3509 494 3621 553; x_wconf 85' lang='grc' dir='ltr'>τοῖς</span> <span class='ocrx_word' id='word_1_95' title='bbox 3665 491 3863 561; x_wconf 71' lang='grc' dir='ltr'>ἱερεῦσι</span> 
     </span>
    </p>
   </div>
   <div class='ocr_carea' id='block_1_18' title="bbox 2325 570 3865 647">
    <p class='ocr_par' dir='ltr' id='par_1_18' title="bbox 2325 570 3865 647">
     <span class='ocr_line' id='line_1_18' title="bbox 2325 570 3865 647; baseline 0.013 -29"><span class='ocrx_word' id='word_1_96' title='bbox 2325 570 2460 635; x_wconf 84' lang='grc' dir='ltr'><strong>μετά</strong></span> <span class='ocrx_word' id='word_1_97' title='bbox 2509 571 2871 637; x_wconf 80' lang='grc' dir='ltr'>ὲπισκοπικῆς</span> <span class='ocrx_word' id='word_1_98' title='bbox 2922 574 3274 640; x_wconf 73' lang='grc' dir='ltr'><strong>ἐκχωρήσεως</strong></span> <span class='ocrx_word' id='word_1_99' title='bbox 3314 578 3593 647; x_wconf 75' lang='grc' dir='ltr'><strong>δεδομένον</strong></span> <span class='ocrx_word' id='word_1_100' title='bbox 3642 578 3781 634; x_wconf 79' lang='grc' dir='ltr'>εἶναι</span> <span class='ocrx_word' id='word_1_101' title='bbox 3810 586 3865 638; x_wconf 74' lang='grc' dir='ltr'>τὸ</span> 
     </span>
    </p>
   </div>
   <div class='ocr_carea' id='block_1_19' title="bbox 2320 658 3865 737">
    <p class='ocr_par' dir='ltr' id='par_1_19' title="bbox 2320 658 3865 737">
     <span class='ocr_line' id='line_1_19' title="bbox 2320 658 3865 737; baseline 0.011 -29"><span class='ocrx_word' id='word_1_102' title='bbox 2320 658 2568 725; x_wconf 82' lang='grc' dir='ltr'>δέχεσθαι</span> <span class='ocrx_word' id='word_1_103' title='bbox 2616 658 2926 727; x_wconf 83' lang='grc' dir='ltr'>λογισμούς.</span> <span class='ocrx_word' id='word_1_104' title='bbox 3013 664 3105 714; x_wconf 75' lang='grc' dir='ltr'>Ἂν</span> <span class='ocrx_word' id='word_1_105' title='bbox 3146 666 3274 727; x_wconf 85' lang='grc' dir='ltr'>γοῦν</span> <span class='ocrx_word' id='word_1_106' title='bbox 3322 668 3439 719; x_wconf 72' lang='grc' dir='ltr'>οὐδὲ</span> <span class='ocrx_word' id='word_1_107' title='bbox 3479 670 3690 737; x_wconf 70' lang='grc' dir='ltr'>άνίερος</span> <span class='ocrx_word' id='word_1_108' title='bbox 3735 675 3865 724; x_wconf 84' lang='grc' dir='ltr'>καθ-</span> 
     </span>
    </p>
   </div>
   <div class='ocr_carea' id='block_1_20' title="bbox 2321 747 3867 825">
    <p class='ocr_par' dir='ltr' id='par_1_20' title="bbox 2321 747 3867 825">
     <span class='ocr_line' id='line_1_20' title="bbox 2321 747 3867 825; baseline 0.01 -29"><span class='ocrx_word' id='word_1_109' title='bbox 2321 747 2623 815; x_wconf 80' lang='grc' dir='ltr'>ηγούμενος</span> <span class='ocrx_word' id='word_1_110' title='bbox 2665 748 2801 816; x_wconf 88' lang='grc' dir='ltr'><strong>μετά</strong></span> <span class='ocrx_word' id='word_1_111' title='bbox 2840 753 3199 821; x_wconf 82' lang='grc' dir='ltr'>ὲπισκοπικῆς</span> <span class='ocrx_word' id='word_1_112' title='bbox 3239 756 3596 825; x_wconf 71' lang='grc' dir='ltr'><strong>ἐκχωρήσεως</strong></span> <span class='ocrx_word' id='word_1_113' title='bbox 3647 759 3867 812; x_wconf 81' lang='grc' dir='ltr'>δύναται</span> 
     </span>
    </p>
   </div>
   <div class='ocr_carea' id='block_1_21' title="bbox 2318 838 3862 920">
    <p class='ocr_par' dir='ltr' id='par_1_21' title="bbox 2318 838 3862 920">
     <span class='ocr_line' id='line_1_21' title="bbox 2318 838 3862 920; baseline 0.01 -33"><span class='ocrx_word' id='word_1_114' title='bbox 2318 838 2566 905; x_wconf 80' lang='grc' dir='ltr'>δέχεσθαι</span> <span class='ocrx_word' id='word_1_115' title='bbox 2611 839 2936 907; x_wconf 78' lang='grc' dir='ltr'>λογισμοὺς,</span> <span class='ocrx_word' id='word_1_116' title='bbox 2988 843 3166 910; x_wconf 84' lang='grc' dir='ltr'>πολλῷ</span> <span class='ocrx_word' id='word_1_117' title='bbox 3211 845 3371 897; x_wconf 82' lang='grc' dir='ltr'>πλέον</span> <span class='ocrx_word' id='word_1_118' title='bbox 3433 848 3532 899; x_wconf 73' lang='grc' dir='ltr'>οὐκ</span> <span class='ocrx_word' id='word_1_119' title='bbox 3578 851 3862 920; x_wconf 78' lang='grc' dir='ltr'>ὲκχωρηθῇ</span> 
     </span>
    </p>
   </div>
   <div class='ocr_carea' id='block_1_22' title="bbox 2318 925 3863 1009">
    <p class='ocr_par' dir='ltr' id='par_1_22' title="bbox 2318 925 3863 1009">
     <span class='ocr_line' id='line_1_22' title="bbox 2318 925 3863 1009; baseline 0.01 -34"><span class='ocrx_word' id='word_1_120' title='bbox 2318 925 2474 976; x_wconf 80' lang='grc' dir='ltr'>τοῦτο</span> <span class='ocrx_word' id='word_1_121' title='bbox 2512 926 2661 992; x_wconf 87' lang='grc' dir='ltr'><strong>παρά</strong></span> <span class='ocrx_word' id='word_1_122' title='bbox 2697 927 3109 996; x_wconf 85' lang='grc' dir='ltr'>καθηγουμένης</span> <span class='ocrx_word' id='word_1_123' title='bbox 3148 930 3427 997; x_wconf 80' lang='grc' dir='ltr'>γίνεσθαι,</span> <span class='ocrx_word' id='word_1_124' title='bbox 3491 934 3590 987; x_wconf 83' lang='grc' dir='ltr'><strong>κάν</strong></span> <span class='ocrx_word' id='word_1_125' title='bbox 3624 940 3655 1004; x_wconf 90' lang='grc' dir='ltr'><strong>ή</strong></span> <span class='ocrx_word' id='word_1_126' title='bbox 3696 941 3863 1009; x_wconf 81' lang='grc' dir='ltr'>άρετη</span> 
     </span>
    </p>
   </div>
   <div class='ocr_carea' id='block_1_23' title="bbox 2320 1016 3178 1086">
    <p class='ocr_par' dir='ltr' id='par_1_23' title="bbox 2320 1016 3178 1086">
     <span class='ocr_line' id='line_1_23' title="bbox 2320 1016 3178 1086; baseline 0.005 -19"><span class='ocrx_word' id='word_1_127' title='bbox 2320 1016 2487 1081; x_wconf 78' lang='grc' dir='ltr'>αὐτῆς</span> <span class='ocrx_word' id='word_1_128' title='bbox 2518 1016 2705 1085; x_wconf 81' lang='grc' dir='ltr'><strong>λάμπῃ</strong></span> <span class='ocrx_word' id='word_1_129' title='bbox 2729 1016 2867 1083; x_wconf 66' lang='grc' dir='ltr'>ὑπερ</span> <span class='ocrx_word' id='word_1_130' title='bbox 2897 1018 2988 1069; x_wconf 70' lang='grc' dir='ltr'><strong>τὸν</strong></span> <span class='ocrx_word' id='word_1_131' title='bbox 3009 1017 3178 1086; x_wconf 76' lang='grc' dir='ltr'>ἥλιον.</span> 
     </span>
    </p>
   </div>
   <div class='ocr_carea' id='block_1_24' title="bbox 2402 1105 3861 1181">
    <p class='ocr_par' dir='ltr' id='par_1_24' title="bbox 2402 1105 3861 1181">
     <span class='ocr_line' id='line_1_24' title="bbox 2402 1105 3861 1181; baseline 0.008 -23"><span class='ocrx_word' id='word_1_132' title='bbox 2402 1105 2750 1167; x_wconf 73' lang='grc' dir='ltr'>Ἐρώτ.“λε’.</span> <span class='ocrx_word' id='word_1_133' title='bbox 2815 1109 2875 1159; x_wconf 85' lang='lat' dir='ltr'><strong>Ol</strong></span> <span class='ocrx_word' id='word_1_134' title='bbox 2921 1107 3047 1159; x_wconf 84' lang='grc' dir='ltr'>θεῖοι</span> <span class='ocrx_word' id='word_1_135' title='bbox 3102 1111 3319 1173; x_wconf 76' lang='grc' dir='ltr'><strong>κανόνες</strong></span> <span class='ocrx_word' id='word_1_136' title='bbox 3383 1114 3682 1181; x_wconf 78' lang='grc' dir='ltr'>μέμνηνται</span> <span class='ocrx_word' id='word_1_137' title='bbox 3748 1118 3861 1169; x_wconf 81' lang='grc' dir='ltr'>δια-</span> 
     </span>
    </p>
   </div>
   <div class='ocr_carea' id='block_1_25' title="bbox 2321 1194 3863 1268">
    <p class='ocr_par' dir='ltr' id='par_1_25' title="bbox 2321 1194 3863 1268">
     <span class='ocr_line' id='line_1_25' title="bbox 2321 1194 3863 1268; baseline 0.007 -22"><span class='ocrx_word' id='word_1_138' title='bbox 2321 1196 2598 1246; x_wconf 85' lang='grc' dir='ltr'>κονισσῶν.</span> <span class='ocrx_word' id='word_1_139' title='bbox 2620 1196 2893 1264; x_wconf 82' lang='grc' dir='ltr'>Ζητοῦμεν</span> <span class='ocrx_word' id='word_1_140' title='bbox 2916 1194 3009 1250; x_wconf 81' lang='grc' dir='ltr'>οὖν</span> <span class='ocrx_word' id='word_1_141' title='bbox 3044 1200 3231 1268; x_wconf 78' lang='grc' dir='ltr'><strong>μαθεῖν</strong></span> <span class='ocrx_word' id='word_1_142' title='bbox 3264 1203 3411 1254; x_wconf 81' lang='grc' dir='ltr'>ποῖόν</span> <span class='ocrx_word' id='word_1_143' title='bbox 3436 1206 3551 1255; x_wconf 70' lang='grc' dir='ltr'>ἐστι</span> <span class='ocrx_word' id='word_1_144' title='bbox 3576 1205 3637 1257; x_wconf 80' lang='grc' dir='ltr'>τὸ</span> <span class='ocrx_word' id='word_1_145' title='bbox 3661 1206 3863 1259; x_wconf 86' lang='grc' dir='ltr'>τούτων</span> 
     </span>
    </p>
   </div>
   <div class='ocr_carea' id='block_1_26' title="bbox 2320 1282 2703 1351">
    <p class='ocr_par' dir='ltr' id='par_1_26' title="bbox 2320 1282 2703 1351">
     <span class='ocr_line' id='line_1_26' title="bbox 2320 1282 2703 1351; baseline 0.01 -21"><span class='ocrx_word' id='word_1_146' title='bbox 2320 1282 2703 1351; x_wconf 80' lang='grc' dir='ltr'><strong>λειτούργημα.</strong></span> 
     </span>
    </p>
   </div>
   <div class='ocr_carea' id='block_1_27' title="bbox 2402 1371 3865 1443">
    <p class='ocr_par' dir='ltr' id='par_1_27' title="bbox 2402 1371 3865 1443">
     <span class='ocr_line' id='line_1_27' title="bbox 2402 1371 3865 1443; baseline 0.007 -22"><span class='ocrx_word' id='word_1_147' title='bbox 2402 1371 2602 1422; x_wconf 75' lang='grc' dir='ltr'>Ἀπόκ.</span> <span class='ocrx_word' id='word_1_148' title='bbox 2635 1371 2806 1423; x_wconf 82' lang='grc' dir='ltr'><strong>Πάλαι</strong></span> <span class='ocrx_word' id='word_1_149' title='bbox 2832 1373 2957 1424; x_wconf 76' lang='grc' dir='ltr'>ποτε</span> <span class='ocrx_word' id='word_1_150' title='bbox 2988 1373 3077 1424; x_wconf 77' lang='grc' dir='ltr'>καὶ</span> <span class='ocrx_word' id='word_1_151' title='bbox 3111 1373 3357 1442; x_wconf 78' lang='grc' dir='ltr'><strong>τάγματα</strong></span> <span class='ocrx_word' id='word_1_152' title='bbox 3378 1377 3723 1431; x_wconf 82' lang='grc' dir='ltr'>διακονισσῶν</span> <span class='ocrx_word' id='word_1_153' title='bbox 3756 1386 3865 1443; x_wconf 78' lang='grc' dir='ltr'>τοῖς</span> 
     </span>
    </p>
   </div>
   <div class='ocr_carea' id='block_1_28' title="bbox 2320 1460 3863 1540">
    <p class='ocr_par' dir='ltr' id='par_1_28' title="bbox 2320 1460 3863 1540">
     <span class='ocr_line' id='line_1_28' title="bbox 2320 1460 3863 1540; baseline 0.006 -29"><span class='ocrx_word' id='word_1_154' title='bbox 2320 1460 2538 1513; x_wconf 81' lang='grc' dir='ltr'>κανόσιν</span> <span class='ocrx_word' id='word_1_155' title='bbox 2580 1462 2993 1529; x_wconf 80' lang='grc' dir='ltr'>ὲπεγινώσκετο.</span> <span class='ocrx_word' id='word_1_156' title='bbox 3030 1465 3120 1516; x_wconf 73' lang='grc' dir='ltr'>καὶ</span> <span class='ocrx_word' id='word_1_157' title='bbox 3161 1462 3303 1533; x_wconf 70' lang='grc' dir='ltr'>εἶχον</span> <span class='ocrx_word' id='word_1_158' title='bbox 3334 1470 3425 1520; x_wconf 75' lang='grc' dir='ltr'>καὶ</span> <span class='ocrx_word' id='word_1_159' title='bbox 3470 1465 3625 1521; x_wconf 74' lang='grc' dir='ltr'>αὗται</span> <span class='ocrx_word' id='word_1_160' title='bbox 3658 1471 3863 1540; x_wconf 78' lang='grc' dir='ltr'>βαθμὸν</span> 
     </span>
    </p>
   </div>
   <div class='ocr_carea' id='block_1_29' title="bbox 2320 1550 3863 1630">
    <p class='ocr_par' dir='ltr' id='par_1_29' title="bbox 2320 1550 3863 1630">
     <span class='ocr_line' id='line_1_29' title="bbox 2320 1550 3863 1630; baseline 0.009 -30"><span class='ocrx_word' id='word_1_161' title='bbox 2320 1552 2375 1601; x_wconf 67' lang='grc' dir='ltr'>ἐν</span> <span class='ocrx_word' id='word_1_162' title='bbox 2420 1550 2497 1619; x_wconf 84' lang='grc' dir='ltr'>τῷ</span> <span class='ocrx_word' id='word_1_163' title='bbox 2550 1551 2787 1620; x_wconf 75' lang='grc' dir='ltr'><strong>βήματι⁵</strong></span> <span class='ocrx_word' id='word_1_164' title='bbox 2848 1554 2877 1622; x_wconf 83' lang='grc' dir='ltr'><strong>ή</strong></span> <span class='ocrx_word' id='word_1_165' title='bbox 2927 1554 2983 1606; x_wconf 70' lang='grc' dir='ltr'><strong>δὲ</strong></span> <span class='ocrx_word' id='word_1_166' title='bbox 3035 1556 3140 1606; x_wconf 83' lang='grc' dir='ltr'>τῶν</span> <span class='ocrx_word' id='word_1_167' title='bbox 3188 1558 3445 1625; x_wconf 79' lang='grc' dir='ltr'>ὲμμήνων</span> <span class='ocrx_word' id='word_1_168' title='bbox 3491 1561 3730 1622; x_wconf 80' lang='grc' dir='ltr'><strong>κάκωσις</strong></span> <span class='ocrx_word' id='word_1_169' title='bbox 3766 1562 3863 1630; x_wconf 81' lang='grc' dir='ltr'>τὴν</span> 
     </span>
    </p>
   </div>
   <div class='ocr_carea' id='block_1_30' title="bbox 2321 1638 3863 1715">
    <p class='ocr_par' dir='ltr' id='par_1_30' title="bbox 2321 1638 3863 1715">
     <span class='ocr_line' id='line_1_30' title="bbox 2321 1638 3863 1715; baseline 0.007 -27"><span class='ocrx_word' id='word_1_170' title='bbox 2321 1638 2618 1706; x_wconf 74' lang='grc' dir='ltr'>ὑπηρεσίαν</span> <span class='ocrx_word' id='word_1_171' title='bbox 2670 1642 2865 1709; x_wconf 87' lang='grc' dir='ltr'>ταύτην</span> <span class='ocrx_word' id='word_1_172' title='bbox 2894 1645 2955 1693; x_wconf 77' lang='grc' dir='ltr'>ἐκ</span> <span class='ocrx_word' id='word_1_173' title='bbox 2980 1642 3071 1693; x_wconf 88' lang='grc' dir='ltr'><strong>τοῦ</strong></span> <span class='ocrx_word' id='word_1_174' title='bbox 3106 1642 3250 1695; x_wconf 87' lang='grc' dir='ltr'>θείου</span> <span class='ocrx_word' id='word_1_175' title='bbox 3279 1646 3369 1696; x_wconf 76' lang='grc' dir='ltr'>καὶ</span> <span class='ocrx_word' id='word_1_176' title='bbox 3405 1646 3559 1709; x_wconf 78' lang='grc' dir='ltr'>ἁγίου</span> <span class='ocrx_word' id='word_1_177' title='bbox 3625 1647 3863 1715; x_wconf 73' lang='grc' dir='ltr'>βήματος</span> 
     </span>
    </p>
   </div>
   <div class='ocr_carea' id='block_1_31' title="bbox 2318 1726 3860 1808">
    <p class='ocr_par' dir='ltr' id='par_1_31' title="bbox 2318 1726 3860 1808">
     <span class='ocr_line' id='line_1_31' title="bbox 2318 1726 3860 1808; baseline 0.007 -30"><span class='ocrx_word' id='word_1_178' title='bbox 2318 1726 2658 1789; x_wconf 73' lang='grc' dir='ltr'>ἀπεξὲνωσεο</span> <span class='ocrx_word' id='word_1_179' title='bbox 2700 1732 2846 1798; x_wconf 87' lang='grc' dir='ltr'><strong>παρά</strong></span> <span class='ocrx_word' id='word_1_180' title='bbox 2894 1733 2947 1783; x_wconf 79' lang='grc' dir='ltr'><strong>δὲ</strong></span> <span class='ocrx_word' id='word_1_181' title='bbox 3004 1735 3067 1799; x_wconf 77' lang='grc' dir='ltr'>τῇ</span> <span class='ocrx_word' id='word_1_182' title='bbox 3114 1734 3385 1803; x_wconf 77' lang='grc' dir='ltr'><strong>ἁγιωτάτῃ</strong></span> <span class='ocrx_word' id='word_1_183' title='bbox 3440 1736 3733 1808; x_wconf 67' lang='grc' dir='ltr'>Ἐκκλησία</span> <span class='ocrx_word' id='word_1_184' title='bbox 3770 1740 3860 1789; x_wconf 82' lang='grc' dir='ltr'><strong>τοῦ</strong></span> 
     </span>
    </p>
   </div>
   <div class='ocr_carea' id='block_1_32' title="bbox 668 1789 2220 1895">
    <p class='ocr_par' dir='ltr' id='par_1_32' title="bbox 668 1821 2220 1895">
     <span class='ocr_line' id='line_1_32' title="bbox 668 1821 2220 1895; baseline -0.006 -15"><span class='ocrx_word' id='word_1_185' title='bbox 668 1832 991 1882; x_wconf 67' lang='grc' dir='ltr'>ιιιιιοοιιίεετε</span> <span class='ocrx_word' id='word_1_186' title='bbox 1029 1828 1359 1895; x_wconf 83' lang='lat' dir='ltr'><strong>deliguntur,</strong></span> <span class='ocrx_word' id='word_1_187' title='bbox 1389 1839 1549 1888; x_wconf 77' lang='lat' dir='ltr'><strong>imam</strong></span> <span class='ocrx_word' id='word_1_188' title='bbox 1594 1823 1810 1890; x_wconf 85' lang='lat' dir='ltr'><strong>quidem</strong></span> <span class='ocrx_word' id='word_1_189' title='bbox 1856 1821 2220 1873; x_wconf 86' lang='lat' dir='ltr'><strong>communica-</strong></span> 
     </span>
    </p>
   </div>
   <div class='ocr_carea' id='block_1_33' title="bbox 2319 1789 3863 1895">
    <p class='ocr_par' dir='ltr' id='par_1_33' title="bbox 2323 1817 3863 1895">
     <span class='ocr_line' id='line_1_33' title="bbox 2323 1817 3863 1895; baseline 0.008 -29"><span class='ocrx_word' id='word_1_190' title='bbox 2323 1817 2511 1885; x_wconf 87' lang='grc' dir='ltr'>θρόνου</span> <span class='ocrx_word' id='word_1_191' title='bbox 2546 1819 2652 1869; x_wconf 84' lang='grc' dir='ltr'>τῶν</span> <span class='ocrx_word' id='word_1_192' title='bbox 2698 1819 3336 1874; x_wconf 83' lang='grc' dir='ltr'>Κωνσταντινουπολιτῶν</span> <span class='ocrx_word' id='word_1_193' title='bbox 3369 1824 3697 1878; x_wconf 84' lang='grc' dir='ltr'>διακόνισσαι</span> <span class='ocrx_word' id='word_1_194' title='bbox 3733 1845 3863 1895; x_wconf 66' lang='grc' dir='ltr'>προ-</span> 
     </span>
    </p>
   </div>
   <div class='ocr_carea' id='block_1_34' title="bbox 666 1908 2215 1974">
    <p class='ocr_par' dir='ltr' id='par_1_34' title="bbox 666 1908 2215 1974">
     <span class='ocr_line' id='line_1_34' title="bbox 666 1908 2215 1974; baseline -0.006 -3"><span class='ocrx_word' id='word_1_195' title='bbox 666 1923 869 1972; x_wconf 83' lang='lat' dir='ltr'><strong>tiouem</strong></span> <span class='ocrx_word' id='word_1_196' title='bbox 908 1933 1014 1969; x_wconf 89' lang='lat' dir='ltr'><strong>non</strong></span> <span class='ocrx_word' id='word_1_197' title='bbox 1045 1917 1309 1967; x_wconf 86' lang='lat' dir='ltr'><strong>habentes</strong></span> <span class='ocrx_word' id='word_1_198' title='bbox 1334 1914 1395 1964; x_wconf 91' lang='lat' dir='ltr'><strong>ad</strong></span> <span class='ocrx_word' id='word_1_199' title='bbox 1423 1915 1613 1974; x_wconf 83' lang='lat' dir='ltr'><strong>altare,</strong></span> <span class='ocrx_word' id='word_1_200' title='bbox 1638 1913 1688 1963; x_wconf 91' lang='lat' dir='ltr'><strong>in</strong></span> <span class='ocrx_word' id='word_1_201' title='bbox 1719 1911 1901 1963; x_wconf 83' lang='lat' dir='ltr'><strong>multis</strong></span> <span class='ocrx_word' id='word_1_202' title='bbox 1925 1917 2101 1961; x_wconf 86' lang='lat' dir='ltr'><strong>autem</strong></span> <span class='ocrx_word' id='word_1_203' title='bbox 2132 1908 2215 1961; x_wconf 84' lang='lat' dir='ltr'><strong>ha-</strong></span> 
     </span>
    </p>
   </div>
   <div class='ocr_carea' id='block_1_35' title="bbox 674 2000 2221 2065">
    <p class='ocr_par' dir='ltr' id='par_1_35' title="bbox 674 2000 2221 2065">
     <span class='ocr_line' id='line_1_35' title="bbox 674 2000 2221 2065; baseline -0.007 -4"><span class='ocrx_word' id='word_1_204' title='bbox 674 2015 858 2061; x_wconf 81' lang='lat' dir='ltr'><strong>In-utes</strong></span> <span class='ocrx_word' id='word_1_205' title='bbox 900 2014 1251 2065; x_wconf 76' lang='lat' dir='ltr'><strong>conventum,</strong></span> <span class='ocrx_word' id='word_1_206' title='bbox 1292 2012 1343 2055; x_wconf 86' lang='lat' dir='ltr'><strong>et</strong></span> <span class='ocrx_word' id='word_1_207' title='bbox 1392 2003 1701 2055; x_wconf 82' lang='lat' dir='ltr'><strong>muliebrem</strong></span> <span class='ocrx_word' id='word_1_208' title='bbox 1730 2008 1927 2053; x_wconf 63' lang='lat' dir='ltr'><strong>castum</strong></span> <span class='ocrx_word' id='word_1_209' title='bbox 1960 2000 2221 2053; x_wconf 80' lang='lat' dir='ltr'><strong>ecclesia-</strong></span> 
     </span>
    </p>
   </div>
   <div class='ocr_carea' id='block_1_36' title="bbox 670 2098 1145 2163">
    <p class='ocr_par' dir='ltr' id='par_1_36' title="bbox 670 2098 1145 2163">
     <span class='ocr_line' id='line_1_36' title="bbox 670 2098 1145 2163; baseline -0.013 -12"><span class='ocrx_word' id='word_1_210' title='bbox 670 2101 805 2153; x_wconf 87' lang='lat' dir='ltr'><strong>sticc</strong></span> <span class='ocrx_word' id='word_1_211' title='bbox 836 2098 1145 2163; x_wconf 77' lang='lat' dir='ltr'><strong>dirigentes.</strong></span> 
     </span>
    </p>
   </div>
   <div class='ocr_carea' id='block_1_37' title="bbox 742 2177 2220 2248">
    <p class='ocr_par' dir='ltr' id='par_1_37' title="bbox 742 2177 2220 2248">
     <span class='ocr_line' id='line_1_37' title="bbox 742 2177 2220 2248; baseline -0.005 -9"><span class='ocrx_word' id='word_1_212' title='bbox 742 2187 937 2239; x_wconf 82' lang='lat' dir='ltr'><strong>Interr.</strong></span> <span class='ocrx_word' id='word_1_213' title='bbox 974 2186 1064 2238; x_wconf 79' lang='lat'><strong>36.</strong></span> <span class='ocrx_word' id='word_1_214' title='bbox 1095 2183 1175 2235; x_wconf 81' lang='lat' dir='ltr'><strong>An</strong></span> <span class='ocrx_word' id='word_1_215' title='bbox 1212 2180 1577 2235; x_wconf 81' lang='lat' dir='ltr'><strong>subdiaconus</strong></span> <span class='ocrx_word' id='word_1_216' title='bbox 1614 2188 1667 2230; x_wconf 89' lang='lat' dir='ltr'><strong>et</strong></span> <span class='ocrx_word' id='word_1_217' title='bbox 1691 2178 1947 2233; x_wconf 87' lang='lat' dir='ltr'><strong>diaconus</strong></span> <span class='ocrx_word' id='word_1_218' title='bbox 1985 2177 2220 2248; x_wconf 73' lang='lat' dir='ltr'><strong>legitime</strong></span> 
     </span>
    </p>
   </div>
   <div class='ocr_carea' id='block_1_38' title="bbox 668 2269 1753 2345">
    <p class='ocr_par' dir='ltr' id='par_1_38' title="bbox 668 2269 1753 2345">
     <span class='ocr_line' id='line_1_38' title="bbox 668 2269 1753 2345; baseline -0.009 -16"><span class='ocrx_word' id='word_1_219' title='bbox 668 2278 841 2345; x_wconf 69' lang='lat' dir='ltr'><strong>possit</strong></span> <span class='ocrx_word' id='word_1_220' title='bbox 870 2291 989 2327; x_wconf 90' lang='lat' dir='ltr'><strong>cum</strong></span> <span class='ocrx_word' id='word_1_221' title='bbox 1022 2273 1242 2324; x_wconf 82' lang='lat' dir='ltr'><strong>muliere</strong></span> <span class='ocrx_word' id='word_1_222' title='bbox 1266 2269 1531 2338; x_wconf 74' lang='lat' dir='ltr'><strong>capulari,</strong></span> <span class='ocrx_word' id='word_1_223' title='bbox 1564 2282 1753 2321; x_wconf 88' lang='lat' dir='ltr'><strong>necne.</strong></span> 
     </span>
    </p>
   </div>
   <div class='ocr_carea' id='block_1_39' title="bbox 740 2362 2221 2436">
    <p class='ocr_par' dir='ltr' id='par_1_39' title="bbox 740 2362 2221 2436">
     <span class='ocr_line' id='line_1_39' title="bbox 740 2362 2221 2436; baseline -0.006 -13"><span class='ocrx_word' id='word_1_224' title='bbox 740 2371 893 2436; x_wconf 80' lang='lat' dir='ltr'><strong>Resp.</strong></span> <span class='ocrx_word' id='word_1_225' title='bbox 936 2371 1000 2422; x_wconf 84' lang='lat' dir='ltr'><strong>Et</strong></span> <span class='ocrx_word' id='word_1_226' title='bbox 1029 2382 1283 2425; x_wconf 86' lang='lat' dir='ltr'><strong>canones,</strong></span> <span class='ocrx_word' id='word_1_227' title='bbox 1316 2375 1366 2417; x_wconf 91' lang='lat' dir='ltr'><strong>et</strong></span> <span class='ocrx_word' id='word_1_228' title='bbox 1402 2362 1548 2431; x_wconf 87' lang='lat' dir='ltr'><strong>leges</strong></span> <span class='ocrx_word' id='word_1_229' title='bbox 1585 2362 1743 2415; x_wconf 71' lang='lat' dir='ltr'><strong>varias</strong></span> <span class='ocrx_word' id='word_1_230' title='bbox 1773 2369 1952 2415; x_wconf 90' lang='lat' dir='ltr'><strong>vetant</strong></span> <span class='ocrx_word' id='word_1_231' title='bbox 1981 2370 2221 2415; x_wconf 83' lang='lat' dir='ltr'><strong>sacratos</strong></span> 
     </span>
    </p>
   </div>
   <div class='ocr_carea' id='block_1_40' title="bbox 672 2452 2219 2531">
    <p class='ocr_par' dir='ltr' id='par_1_40' title="bbox 672 2452 2219 2531">
     <span class='ocr_line' id='line_1_40' title="bbox 672 2452 2219 2531; baseline -0.007 -18"><span class='ocrx_word' id='word_1_232' title='bbox 672 2471 792 2531; x_wconf 83' lang='lat' dir='ltr'><strong>post</strong></span> <span class='ocrx_word' id='word_1_233' title='bbox 816 2460 1209 2513; x_wconf 84' lang='lat' dir='ltr'><strong>ordinationem</strong></span> <span class='ocrx_word' id='word_1_234' title='bbox 1239 2454 1561 2508; x_wconf 85' lang='lat' dir='ltr'><strong>mulieribus</strong></span> <span class='ocrx_word' id='word_1_235' title='bbox 1584 2452 1859 2520; x_wconf 81' lang='lat' dir='ltr'><strong>conjungi.</strong></span> <span class='ocrx_word' id='word_1_236' title='bbox 1886 2452 2020 2505; x_wconf 89' lang='lat' dir='ltr'><strong>Cum</strong></span> <span class='ocrx_word' id='word_1_237' title='bbox 2042 2460 2219 2503; x_wconf 87' lang='lat' dir='ltr'><strong>autem</strong></span> 
     </span>
    </p>
   </div>
   <div class='ocr_carea' id='block_1_41' title="bbox 667 2539 2223 2619">
    <p class='ocr_par' dir='ltr' id='par_1_41' title="bbox 667 2539 2223 2619">
     <span class='ocr_line' id='line_1_41' title="bbox 667 2539 2223 2619; baseline -0.004 -21"><span class='ocrx_word' id='word_1_238' title='bbox 667 2552 749 2619; x_wconf 83' lang='lat' dir='ltr'><strong>(ut</strong></span> <span class='ocrx_word' id='word_1_239' title='bbox 792 2547 1018 2612; x_wconf 87' lang='lat' dir='ltr'><strong>videtur)</strong></span> <span class='ocrx_word' id='word_1_240' title='bbox 1068 2546 1385 2597; x_wconf 65' lang='lat' dir='ltr'><strong>canonicum</strong></span> <span class='ocrx_word' id='word_1_241' title='bbox 1437 2543 1539 2595; x_wconf 86' lang='lat' dir='ltr'><strong>hoc</strong></span> <span class='ocrx_word' id='word_1_242' title='bbox 1592 2549 2025 2595; x_wconf 90' lang='lat' dir='ltr'><strong>contemneretur</strong></span> <span class='ocrx_word' id='word_1_243' title='bbox 2057 2539 2223 2593; x_wconf 86' lang='lat' dir='ltr'><strong>inter-</strong></span> 
     </span>
    </p>
   </div>
   <div class='ocr_carea' id='block_1_42' title="bbox 670 2628 2221 2701">
    <p class='ocr_par' dir='ltr' id='par_1_42' title="bbox 670 2628 2221 2701">
     <span class='ocr_line' id='line_1_42' title="bbox 670 2628 2221 2701; baseline -0.009 -10"><span class='ocrx_word' id='word_1_244' title='bbox 670 2642 893 2699; x_wconf 88' lang='lat' dir='ltr'><strong>dictum,</strong></span> <span class='ocrx_word' id='word_1_245' title='bbox 942 2638 1080 2689; x_wconf 88' lang='lat' dir='ltr'><strong>inter</strong></span> <span class='ocrx_word' id='word_1_246' title='bbox 1124 2634 1481 2701; x_wconf 83' lang='lat' dir='ltr'><strong>imperatores</strong></span> <span class='ocrx_word' id='word_1_247' title='bbox 1533 2629 1765 2698; x_wconf 79' lang='lat' dir='ltr'><strong>inclytus</strong></span> <span class='ocrx_word' id='word_1_248' title='bbox 1792 2637 1846 2683; x_wconf 91' lang='lat' dir='ltr'><strong>et</strong></span> <span class='ocrx_word' id='word_1_249' title='bbox 1885 2628 2221 2698; x_wconf 84' lang='lat' dir='ltr'><strong>sapientissi-</strong></span> 
     </span>
    </p>
   </div>
   <div class='ocr_carea' id='block_1_43' title="bbox 670 2718 2217 2789">
    <p class='ocr_par' dir='ltr' id='par_1_43' title="bbox 670 2718 2217 2789">
     <span class='ocr_line' id='line_1_43' title="bbox 670 2718 2217 2789; baseline -0.009 -6"><span class='ocrx_word' id='word_1_250' title='bbox 670 2744 791 2783; x_wconf 85' lang='lat' dir='ltr'><strong>mus</strong></span> <span class='ocrx_word' id='word_1_251' title='bbox 816 2728 1065 2781; x_wconf 88' lang='lat' dir='ltr'><strong>dominus</strong></span> <span class='ocrx_word' id='word_1_252' title='bbox 1089 2724 1196 2776; x_wconf 87' lang='lat' dir='ltr'><strong>Leo</strong></span> <span class='ocrx_word' id='word_1_253' title='bbox 1227 2735 1321 2789; x_wconf 88' lang='lat' dir='ltr'><strong>per</strong></span> <span class='ocrx_word' id='word_1_254' title='bbox 1352 2718 1626 2773; x_wconf 81' lang='lat' dir='ltr'><strong>Novellam</strong></span> <span class='ocrx_word' id='word_1_255' title='bbox 1663 2719 1997 2772; x_wconf 81' lang='lat' dir='ltr'><strong>sanctionem</strong></span> <span class='ocrx_word' id='word_1_256' title='bbox 2031 2718 2217 2771; x_wconf 83' lang='lat' dir='ltr'><strong>vitium</strong></span> 
     </span>
    </p>
   </div>
   <div class='ocr_carea' id='block_1_44' title="bbox 666 2809 2216 2880">
    <p class='ocr_par' dir='ltr' id='par_1_44' title="bbox 666 2809 2216 2880">
     <span class='ocr_line' id='line_1_44' title="bbox 666 2809 2216 2880; baseline -0.006 -9"><span class='ocrx_word' id='word_1_257' title='bbox 666 2818 989 2871; x_wconf 75' lang='lat' dir='ltr'><strong>emendavit.</strong></span> <span class='ocrx_word' id='word_1_258' title='bbox 1050 2813 1229 2880; x_wconf 83' lang='lat' dir='ltr'><strong>lnqttit</strong></span> <span class='ocrx_word' id='word_1_259' title='bbox 1286 2812 1430 2864; x_wconf 88' lang='lat' dir='ltr'><strong>enim</strong></span> <span class='ocrx_word' id='word_1_260' title='bbox 1482 2809 1593 2862; x_wconf 63' lang='lat' dir='ltr'><strong>hac</strong></span> <span class='ocrx_word' id='word_1_261' title='bbox 1626 2810 1681 2862; x_wconf 89' lang='lat' dir='ltr'><strong>in</strong></span> <span class='ocrx_word' id='word_1_262' title='bbox 1726 2818 1877 2880; x_wconf 87' lang='lat' dir='ltr'><strong>parte</strong></span> <span class='ocrx_word' id='word_1_263' title='bbox 1924 2811 2216 2876; x_wconf 79' lang='lat' dir='ltr'><strong>expressim</strong></span> 
     </span>
    </p>
   </div>
   <div class='ocr_carea' id='block_1_45' title="bbox 668 2898 2217 2973">
    <p class='ocr_par' dir='ltr' id='par_1_45' title="bbox 668 2898 2217 2973">
     <span class='ocr_line' id='line_1_45' title="bbox 668 2898 2217 2973; baseline -0.007 -13"><span class='ocrx_word' id='word_1_264' title='bbox 668 2909 826 2961; x_wconf 78' lang='lat' dir='ltr'><strong>tertia</strong></span> <span class='ocrx_word' id='word_1_265' title='bbox 863 2907 981 2973; x_wconf 81' lang='lat' dir='ltr'><strong>ejus</strong></span> <span class='ocrx_word' id='word_1_266' title='bbox 1026 2902 1241 2955; x_wconf 84' lang='lat' dir='ltr'><strong>Novella</strong></span> <span class='ocrx_word' id='word_1_267' title='bbox 1279 2900 1577 2954; x_wconf 83' lang='lat' dir='ltr'><strong>:Jubemus</strong></span> <span class='ocrx_word' id='word_1_268' title='bbox 1604 2908 1661 2952; x_wconf 88' lang='lat' dir='ltr'><strong>ut</strong></span> <span class='ocrx_word' id='word_1_269' title='bbox 1692 2901 1757 2953; x_wconf 89' lang='lat' dir='ltr'><strong>ad</strong></span> <span class='ocrx_word' id='word_1_270' title='bbox 1791 2908 1943 2954; x_wconf 86' lang='lat' dir='ltr'><strong>vetus</strong></span> <span class='ocrx_word' id='word_1_271' title='bbox 1971 2898 2217 2954; x_wconf 70' lang='lat' dir='ltr'><strong>Ecclesia</strong></span> 
     </span>
    </p>
   </div>
   <div class='ocr_carea' id='block_1_46' title="bbox 672 2986 2214 3067">
    <p class='ocr_par' dir='ltr' id='par_1_46' title="bbox 672 2986 2214 3067">
     <span class='ocr_line' id='line_1_46' title="bbox 672 2986 2214 3067; baseline -0.007 -17"><span class='ocrx_word' id='word_1_272' title='bbox 672 3013 901 3067; x_wconf 85' lang='lat' dir='ltr'><strong>superne</strong></span> <span class='ocrx_word' id='word_1_273' title='bbox 918 2996 1169 3049; x_wconf 89' lang='lat' dir='ltr'><strong>traditum</strong></span> <span class='ocrx_word' id='word_1_274' title='bbox 1187 2991 1557 3061; x_wconf 66' lang='lat' dir='ltr'><strong>praescriptum</strong></span> <span class='ocrx_word' id='word_1_275' title='bbox 1582 2990 1884 3043; x_wconf 87' lang='lat' dir='ltr'><strong>creationes</strong></span> <span class='ocrx_word' id='word_1_276' title='bbox 1904 2986 2214 3057; x_wconf 87' lang='lat' dir='ltr'><strong>procedant:</strong></span> 
     </span>
    </p>
   </div>
   <div class='ocr_carea' id='block_1_47' title="bbox 2322 1908 3863 1987">
    <p class='ocr_par' dir='ltr' id='par_1_47' title="bbox 2322 1908 3863 1987">
     <span class='ocr_line' id='line_1_47' title="bbox 2322 1908 3863 1987; baseline 0.009 -30"><span class='ocrx_word' id='word_1_277' title='bbox 2322 1908 2667 1977; x_wconf 76' lang='grc' dir='ltr'>χειρίζονται,</span> <span class='ocrx_word' id='word_1_278' title='bbox 2708 1912 2834 1977; x_wconf 90' lang='grc' dir='ltr'>μίαν</span> <span class='ocrx_word' id='word_1_279' title='bbox 2871 1913 2969 1977; x_wconf 78' lang='grc' dir='ltr'>μὲν</span> <span class='ocrx_word' id='word_1_280' title='bbox 3011 1916 3295 1979; x_wconf 76' lang='grc' dir='ltr'>μετουσίαν</span> <span class='ocrx_word' id='word_1_281' title='bbox 3335 1916 3409 1983; x_wconf 79' lang='grc' dir='ltr'>μὴ</span> <span class='ocrx_word' id='word_1_282' title='bbox 3442 1916 3657 1985; x_wconf 78' lang='grc' dir='ltr'>ἔχουσαι</span> <span class='ocrx_word' id='word_1_283' title='bbox 3692 1921 3749 1970; x_wconf 70' lang='grc' dir='ltr'>ὲν</span> <span class='ocrx_word' id='word_1_284' title='bbox 3788 1921 3863 1987; x_wconf 83' lang='grc' dir='ltr'>τῷ</span> 
     </span>
    </p>
   </div>
   <div class='ocr_carea' id='block_1_48' title="bbox 2323 1996 3863 2076">
    <p class='ocr_par' dir='ltr' id='par_1_48' title="bbox 2323 1996 3863 2076">
     <span class='ocr_line' id='line_1_48' title="bbox 2323 1996 3863 2076; baseline 0.008 -28"><span class='ocrx_word' id='word_1_285' title='bbox 2323 1996 2548 2065; x_wconf 82' lang='grc' dir='ltr'><strong>βήματι,</strong></span> <span class='ocrx_word' id='word_1_286' title='bbox 2597 1998 3051 2063; x_wconf 70' lang='grc' dir='ltr'>ἑκκλησιάζουσαι</span> <span class='ocrx_word' id='word_1_287' title='bbox 3091 2002 3147 2052; x_wconf 66' lang='grc' dir='ltr'><strong>δὲ</strong></span> <span class='ocrx_word' id='word_1_288' title='bbox 3179 2004 3245 2053; x_wconf 74' lang='grc' dir='ltr'>τὰ</span> <span class='ocrx_word' id='word_1_289' title='bbox 3294 2004 3481 2066; x_wconf 80' lang='grc' dir='ltr'>πολλὰ,</span> <span class='ocrx_word' id='word_1_290' title='bbox 3519 2007 3613 2057; x_wconf 79' lang='grc' dir='ltr'>καὶ</span> <span class='ocrx_word' id='word_1_291' title='bbox 3642 2008 3739 2076; x_wconf 74' lang='grc' dir='ltr'><strong>τήν</strong></span> <span class='ocrx_word' id='word_1_292' title='bbox 3769 2024 3863 2074; x_wconf 87' lang='grc' dir='ltr'><strong>γυ-</strong></span> 
     </span>
    </p>
   </div>
   <div class='ocr_carea' id='block_1_49' title="bbox 2321 2088 3535 2162">
    <p class='ocr_par' dir='ltr' id='par_1_49' title="bbox 2321 2088 3535 2162">
     <span class='ocr_line' id='line_1_49' title="bbox 2321 2088 3535 2162; baseline 0.006 -24"><span class='ocrx_word' id='word_1_293' title='bbox 2321 2090 2625 2138; x_wconf 81' lang='grc' dir='ltr'>ναικωνῖτιν</span> <span class='ocrx_word' id='word_1_294' title='bbox 2650 2088 3113 2155; x_wconf 79' lang='grc' dir='ltr'>ὲκκλησιαστικῶς</span> <span class='ocrx_word' id='word_1_295' title='bbox 3139 2090 3535 2162; x_wconf 74' lang='grc' dir='ltr'>διορθούμενοι.</span> 
     </span>
    </p>
   </div>
   <div class='ocr_carea' id='block_1_50' title="bbox 2402 2175 3862 2247">
    <p class='ocr_par' dir='ltr' id='par_1_50' title="bbox 2402 2175 3862 2247">
     <span class='ocr_line' id='line_1_50' title="bbox 2402 2175 3862 2247; baseline 0.007 -20"><span class='ocrx_word' id='word_1_296' title='bbox 2402 2175 2597 2242; x_wconf 82' lang='grc' dir='ltr'>Ἐρώτ.</span> <span class='ocrx_word' id='word_1_297' title='bbox 2648 2177 2752 2241; x_wconf 76' lang='grc' dir='ltr'>λς’.</span> <span class='ocrx_word' id='word_1_298' title='bbox 2811 2179 3185 2243; x_wconf 84' lang='grc' dir='ltr'>’Υποδιάκονος</span> <span class='ocrx_word' id='word_1_299' title='bbox 3230 2182 3323 2234; x_wconf 78' lang='grc' dir='ltr'>καὶ</span> <span class='ocrx_word' id='word_1_300' title='bbox 3358 2184 3597 2247; x_wconf 86' lang='grc' dir='ltr'>διάκονος</span> <span class='ocrx_word' id='word_1_301' title='bbox 3644 2185 3862 2239; x_wconf 80' lang='grc' dir='ltr'>δύναται</span> 
     </span>
    </p>
   </div>
   <div class='ocr_carea' id='block_1_51' title="bbox 2319 2268 3378 2340">
    <p class='ocr_par' dir='ltr' id='par_1_51' title="bbox 2319 2268 3378 2340">
     <span class='ocr_line' id='line_1_51' title="bbox 2319 2268 3378 2340; baseline 0.005 -21"><span class='ocrx_word' id='word_1_302' title='bbox 2319 2268 2564 2336; x_wconf 79' lang='grc' dir='ltr'>νομίμως</span> <span class='ocrx_word' id='word_1_303' title='bbox 2592 2272 2919 2336; x_wconf 78' lang='grc' dir='ltr'>συναφθῆναι</span> <span class='ocrx_word' id='word_1_304' title='bbox 2954 2272 3194 2337; x_wconf 75' lang='grc' dir='ltr'>γυναικὶ,</span> <span class='ocrx_word' id='word_1_305' title='bbox 3223 2272 3254 2340; x_wconf 82' lang='grc' dir='ltr'>ἢ</span> <span class='ocrx_word' id='word_1_306' title='bbox 3282 2272 3341 2324; x_wconf 77' lang='grc' dir='ltr'>οὗ</span> <span class='ocrx_word' id='word_1_307' title='bbox 3365 2290 3378 2337; x_wconf 92' lang='lat'><strong>;</strong></span> 
     </span>
    </p>
   </div>
   <div class='ocr_carea' id='block_1_52' title="bbox 2403 2359 3858 2431">
    <p class='ocr_par' dir='ltr' id='par_1_52' title="bbox 2403 2359 3858 2431">
     <span class='ocr_line' id='line_1_52' title="bbox 2403 2359 3858 2431; baseline 0.003 -20"><span class='ocrx_word' id='word_1_308' title='bbox 2403 2359 2602 2411; x_wconf 80' lang='grc' dir='ltr'>Ἀπόκ.</span> <span class='ocrx_word' id='word_1_309' title='bbox 2631 2362 2736 2411; x_wconf 77' lang='grc' dir='ltr'><strong>Καὶ</strong></span> <span class='ocrx_word' id='word_1_310' title='bbox 2769 2362 2985 2422; x_wconf 81' lang='grc' dir='ltr'>κανόνες</span> <span class='ocrx_word' id='word_1_311' title='bbox 3017 2363 3109 2413; x_wconf 72' lang='grc' dir='ltr'>καὶ</span> <span class='ocrx_word' id='word_1_312' title='bbox 3136 2363 3287 2430; x_wconf 85' lang='grc' dir='ltr'>νόμοι</span> <span class='ocrx_word' id='word_1_313' title='bbox 3323 2362 3566 2431; x_wconf 76' lang='grc' dir='ltr'>διάφοροι</span> <span class='ocrx_word' id='word_1_314' title='bbox 3593 2364 3858 2417; x_wconf 84' lang='grc' dir='ltr'>κωλύουσι</span> 
     </span>
    </p>
   </div>
   <div class='ocr_carea' id='block_1_53' title="bbox 2319 2446 3863 2523">
    <p class='ocr_par' dir='ltr' id='par_1_53' title="bbox 2319 2446 3863 2523">
     <span class='ocr_line' id='line_1_53' title="bbox 2319 2446 3863 2523; baseline 0.005 -26"><span class='ocrx_word' id='word_1_315' title='bbox 2319 2446 2443 2508; x_wconf 72' lang='grc' dir='ltr'>τοὺς</span> <span class='ocrx_word' id='word_1_316' title='bbox 2496 2448 2818 2517; x_wconf 81' lang='grc' dir='ltr'>ίερωμένους</span> <span class='ocrx_word' id='word_1_317' title='bbox 2878 2450 3238 2503; x_wconf 79' lang='grc' dir='ltr'>συνάπτεσθαι</span> <span class='ocrx_word' id='word_1_318' title='bbox 3300 2454 3511 2519; x_wconf 79' lang='grc' dir='ltr'>γυναιξὶ</span> <span class='ocrx_word' id='word_1_319' title='bbox 3572 2457 3709 2523; x_wconf 87' lang='grc' dir='ltr'><strong>μετά</strong></span> <span class='ocrx_word' id='word_1_320' title='bbox 3766 2457 3863 2523; x_wconf 79' lang='grc' dir='ltr'>τὴν</span> 
     </span>
    </p>
   </div>
   <div class='ocr_carea' id='block_1_54' title="bbox 2319 2538 3862 2614">
    <p class='ocr_par' dir='ltr' id='par_1_54' title="bbox 2319 2538 3862 2614">
     <span class='ocr_line' id='line_1_54' title="bbox 2319 2538 3862 2614; baseline 0.007 -28"><span class='ocrx_word' id='word_1_321' title='bbox 2319 2538 2668 2605; x_wconf 83' lang='grc' dir='ltr'>χειροτονίαν.</span> <span class='ocrx_word' id='word_1_322' title='bbox 2707 2538 2809 2591; x_wconf 90' lang='grc' dir='ltr'>Τοῦ</span> <span class='ocrx_word' id='word_1_323' title='bbox 2847 2540 2902 2592; x_wconf 63' lang='grc' dir='ltr'><strong>δὲ</strong></span> <span class='ocrx_word' id='word_1_324' title='bbox 2936 2541 3174 2594; x_wconf 87' lang='grc' dir='ltr'>τοιούτου</span> <span class='ocrx_word' id='word_1_325' title='bbox 3216 2544 3497 2596; x_wconf 79' lang='grc' dir='ltr'>κανονικοῦ</span> <span class='ocrx_word' id='word_1_326' title='bbox 3549 2546 3862 2614; x_wconf 77' lang='grc' dir='ltr'>παραγγέλ-</span> 
     </span>
    </p>
   </div>
   <div class='ocr_carea' id='block_1_55' title="bbox 2323 2628 3870 2703">
    <p class='ocr_par' dir='ltr' id='par_1_55' title="bbox 2323 2628 3870 2703">
     <span class='ocr_line' id='line_1_55' title="bbox 2323 2628 3870 2703; baseline 0.009 -28"><span class='ocrx_word' id='word_1_327' title='bbox 2323 2641 2488 2692; x_wconf 84' lang='grc' dir='ltr'>ματος</span> <span class='ocrx_word' id='word_1_328' title='bbox 2544 2628 2921 2697; x_wconf 84' lang='grc' dir='ltr'>ἀθετουμένου,</span> <span class='ocrx_word' id='word_1_329' title='bbox 2981 2630 3053 2690; x_wconf 82' lang='grc' dir='ltr'>ὡς</span> <span class='ocrx_word' id='word_1_330' title='bbox 3106 2630 3302 2696; x_wconf 72' lang='grc' dir='ltr'>ἔοικεν,</span> <span class='ocrx_word' id='word_1_331' title='bbox 3361 2637 3388 2685; x_wconf 86' lang='grc' dir='ltr'><strong>ὁ</strong></span> <span class='ocrx_word' id='word_1_332' title='bbox 3441 2637 3499 2686; x_wconf 78' lang='grc' dir='ltr'><strong>εν</strong></span> <span class='ocrx_word' id='word_1_333' title='bbox 3553 2635 3870 2703; x_wconf 84' lang='grc' dir='ltr'>βασιλεῦσιν</span> 
     </span>
    </p>
   </div>
   <div class='ocr_carea' id='block_1_56' title="bbox 2319 2717 3861 2791">
    <p class='ocr_par' dir='ltr' id='par_1_56' title="bbox 2319 2717 3861 2791">
     <span class='ocr_line' id='line_1_56' title="bbox 2319 2717 3861 2791; baseline 0.006 -24"><span class='ocrx_word' id='word_1_334' title='bbox 2319 2717 2557 2781; x_wconf 78' lang='grc' dir='ltr'>ἀοίδιμος</span> <span class='ocrx_word' id='word_1_335' title='bbox 2605 2722 2694 2771; x_wconf 81' lang='grc' dir='ltr'>καὶ</span> <span class='ocrx_word' id='word_1_336' title='bbox 2745 2721 3048 2786; x_wconf 72' lang='grc' dir='ltr'>σοφώτατος</span> <span class='ocrx_word' id='word_1_337' title='bbox 3100 2725 3283 2791; x_wconf 85' lang='grc' dir='ltr'>κύριος</span> <span class='ocrx_word' id='word_1_338' title='bbox 3332 2726 3499 2783; x_wconf 76' lang='grc' dir='ltr'>Λέων,</span> <span class='ocrx_word' id='word_1_339' title='bbox 3544 2726 3629 2777; x_wconf 84' lang='grc' dir='ltr'>διά</span> <span class='ocrx_word' id='word_1_340' title='bbox 3677 2726 3861 2781; x_wconf 84' lang='grc' dir='ltr'>θεσπί-</span> 
     </span>
    </p>
   </div>
   <div class='ocr_carea' id='block_1_57' title="bbox 2323 2809 3854 2886">
    <p class='ocr_par' dir='ltr' id='par_1_57' title="bbox 2323 2809 3854 2886">
     <span class='ocr_line' id='line_1_57' title="bbox 2323 2809 3854 2886; baseline 0.006 -27"><span class='ocrx_word' id='word_1_341' title='bbox 2323 2824 2526 2877; x_wconf 89' lang='grc' dir='ltr'>σματος</span> <span class='ocrx_word' id='word_1_342' title='bbox 2558 2809 2771 2877; x_wconf 85' lang='grc' dir='ltr'>Νεαροῦ</span> <span class='ocrx_word' id='word_1_343' title='bbox 2804 2812 2863 2862; x_wconf 83' lang='grc' dir='ltr'>τὸ</span> <span class='ocrx_word' id='word_1_344' title='bbox 2908 2812 3075 2863; x_wconf 82' lang='grc' dir='ltr'>κακὸν</span> <span class='ocrx_word' id='word_1_345' title='bbox 3116 2812 3480 2883; x_wconf 85' lang='grc' dir='ltr'>διωρθώσατο.</span> <span class='ocrx_word' id='word_1_346' title='bbox 3523 2816 3657 2883; x_wconf 71' lang='grc' dir='ltr'>Φησὶ</span> <span class='ocrx_word' id='word_1_347' title='bbox 3692 2818 3854 2886; x_wconf 79' lang='grc' dir='ltr'>γὰρή</span> 
     </span>
    </p>
   </div>
   <div class='ocr_carea' id='block_1_58' title="bbox 2317 2898 3857 2972">
    <p class='ocr_par' dir='ltr' id='par_1_58' title="bbox 2317 2898 3857 2972">
     <span class='ocr_line' id='line_1_58' title="bbox 2317 2898 3857 2972; baseline 0.006 -25"><span class='ocrx_word' id='word_1_348' title='bbox 2317 2898 2472 2965; x_wconf 92' lang='grc' dir='ltr'>τρίτη</span> <span class='ocrx_word' id='word_1_349' title='bbox 2520 2898 2706 2967; x_wconf 82' lang='grc' dir='ltr'>Νεαρά</span> <span class='ocrx_word' id='word_1_350' title='bbox 2759 2899 2921 2952; x_wconf 82' lang='grc' dir='ltr'>αὐτοῦ</span> <span class='ocrx_word' id='word_1_351' title='bbox 2974 2903 3030 2951; x_wconf 78' lang='grc' dir='ltr'>ὲν</span> <span class='ocrx_word' id='word_1_352' title='bbox 3090 2904 3239 2971; x_wconf 83' lang='grc' dir='ltr'>μέρει</span> <span class='ocrx_word' id='word_1_353' title='bbox 3287 2903 3456 2955; x_wconf 90' lang='grc' dir='ltr'>ταῦτα</span> <span class='ocrx_word' id='word_1_354' title='bbox 3502 2906 3719 2972; x_wconf 55' lang='grc' dir='ltr'>ῥητῶν</span> <span class='ocrx_word' id='word_1_355' title='bbox 3753 2908 3857 2957; x_wconf 84' lang='grc' dir='ltr'><strong>Κε-</strong></span> 
     </span>
    </p>
   </div>
   <div class='ocr_carea' id='block_1_59' title="bbox 2318 2983 3861 3060">
    <p class='ocr_par' dir='ltr' id='par_1_59' title="bbox 2318 2983 3861 3060">
     <span class='ocr_line' id='line_1_59' title="bbox 2318 2983 3861 3060; baseline 0.007 -26"><span class='ocrx_word' id='word_1_356' title='bbox 2318 2983 2541 3052; x_wconf 72' lang='grc' dir='ltr'>λςύομεν</span> <span class='ocrx_word' id='word_1_357' title='bbox 2596 2988 2733 3038; x_wconf 83' lang='grc' dir='ltr'>κατὰ</span> <span class='ocrx_word' id='word_1_358' title='bbox 2778 2988 2839 3039; x_wconf 73' lang='grc' dir='ltr'>τὸ</span> <span class='ocrx_word' id='word_1_359' title='bbox 2889 2988 3092 3041; x_wconf 81' lang='grc' dir='ltr'>ἀνωθεν</span> <span class='ocrx_word' id='word_1_360' title='bbox 3130 2992 3352 3058; x_wconf 77' lang='grc' dir='ltr'>ἀρχαῖον</span> <span class='ocrx_word' id='word_1_361' title='bbox 3398 2992 3495 3059; x_wconf 87' lang='grc' dir='ltr'><strong>τῆς</strong></span> <span class='ocrx_word' id='word_1_362' title='bbox 3538 2992 3861 3060; x_wconf 72' lang='grc' dir='ltr'>ἐκκλησίας</span> 
     </span>
    </p>
   </div>
   <div class='ocr_carea' id='block_1_60' title="bbox 672 3071 2220 3155">
    <p class='ocr_par' dir='ltr' id='par_1_60' title="bbox 672 3078 2210 3155">
     <span class='ocr_line' id='line_1_60' title="bbox 672 3078 2210 3155; baseline -0.005 -16"><span class='ocrx_word' id='word_1_363' title='bbox 672 3102 845 3155; x_wconf 87' lang='lat' dir='ltr'><strong>neque</strong></span> <span class='ocrx_word' id='word_1_364' title='bbox 874 3087 1015 3139; x_wconf 89' lang='lat' dir='ltr'><strong>enim</strong></span> <span class='ocrx_word' id='word_1_365' title='bbox 1060 3084 1279 3151; x_wconf 85' lang='lat' dir='ltr'><strong>dignum</strong></span> <span class='ocrx_word' id='word_1_366' title='bbox 1329 3091 1431 3143; x_wconf 89' lang='lat' dir='ltr'><strong>est,</strong></span> <span class='ocrx_word' id='word_1_367' title='bbox 1461 3090 1520 3133; x_wconf 91' lang='lat' dir='ltr'><strong>ut</strong></span> <span class='ocrx_word' id='word_1_368' title='bbox 1562 3079 1652 3148; x_wconf 89' lang='lat' dir='ltr'><strong>qui</strong></span> <span class='ocrx_word' id='word_1_369' title='bbox 1701 3078 1931 3147; x_wconf 83' lang='lat' dir='ltr'><strong>spiritali</strong></span> <span class='ocrx_word' id='word_1_370' title='bbox 1981 3092 2210 3132; x_wconf 85' lang='lat' dir='ltr'><strong>ascensu</strong></span> 
     </span>
    </p>
   </div>
   <div class='ocr_carea' id='block_1_61' title="bbox 2319 3071 3860 3155">
    <p class='ocr_par' dir='ltr' id='par_1_61' title="bbox 2320 3071 3860 3148">
     <span class='ocr_line' id='line_1_61' title="bbox 2320 3071 3860 3148; baseline 0.007 -26"><span class='ocrx_word' id='word_1_371' title='bbox 2320 3071 2589 3141; x_wconf 80' lang='grc' dir='ltr'>διάταγμα</span> <span class='ocrx_word' id='word_1_372' title='bbox 2650 3077 2746 3136; x_wconf 81' lang='grc' dir='ltr'><strong>τὰς</strong></span> <span class='ocrx_word' id='word_1_373' title='bbox 2813 3079 3139 3143; x_wconf 82' lang='grc' dir='ltr'>χειροτονίας</span> <span class='ocrx_word' id='word_1_374' title='bbox 3202 3078 3533 3145; x_wconf 74' lang='grc' dir='ltr'>προϐαίνειν.</span> <span class='ocrx_word' id='word_1_375' title='bbox 3611 3084 3686 3132; x_wconf 83' lang='grc' dir='ltr'><strong>Οὐ</strong></span> <span class='ocrx_word' id='word_1_376' title='bbox 3754 3083 3860 3148; x_wconf 82' lang='grc' dir='ltr'>γάρ</span> 
     </span>
    </p>
   </div>
   <div class='ocr_carea' id='block_1_62' title="bbox 672 3168 2217 3243">
    <p class='ocr_par' dir='ltr' id='par_1_62' title="bbox 672 3168 2217 3243">
     <span class='ocr_line' id='line_1_62' title="bbox 672 3168 2217 3243; baseline -0.001 -15"><span class='ocrx_word' id='word_1_377' title='bbox 672 3190 835 3243; x_wconf 81' lang='lat' dir='ltr'><strong>supra</strong></span> <span class='ocrx_word' id='word_1_378' title='bbox 867 3173 1108 3241; x_wconf 84' lang='lat' dir='ltr'><strong>corporis</strong></span> <span class='ocrx_word' id='word_1_379' title='bbox 1149 3171 1506 3242; x_wconf 78' lang='lat' dir='ltr'><strong>abjeetiouem</strong></span> <span class='ocrx_word' id='word_1_380' title='bbox 1539 3170 1708 3226; x_wconf 87' lang='lat' dir='ltr'><strong>evecti</strong></span> <span class='ocrx_word' id='word_1_381' title='bbox 1740 3179 1889 3235; x_wconf 88' lang='lat' dir='ltr'><strong>sunt,</strong></span> <span class='ocrx_word' id='word_1_382' title='bbox 1932 3168 1988 3224; x_wconf 90' lang='lat' dir='ltr'><strong>hi</strong></span> <span class='ocrx_word' id='word_1_383' title='bbox 2030 3186 2217 3226; x_wconf 90' lang='lat' dir='ltr'><strong>rursus</strong></span> 
     </span>
    </p>
   </div>
   <div class='ocr_carea' id='block_1_63' title="bbox 672 3259 2216 3330">
    <p class='ocr_par' dir='ltr' id='par_1_63' title="bbox 672 3259 2216 3330">
     <span class='ocr_line' id='line_1_63' title="bbox 672 3259 2216 3330; baseline -0.004 -11"><span class='ocrx_word' id='word_1_384' title='bbox 672 3264 739 3319; x_wconf 79' lang='lat' dir='ltr'><strong>ad</strong></span> <span class='ocrx_word' id='word_1_385' title='bbox 773 3261 951 3316; x_wconf 85' lang='lat' dir='ltr'><strong>carnis</strong></span> <span class='ocrx_word' id='word_1_386' title='bbox 980 3262 1166 3315; x_wconf 81' lang='lat' dir='ltr'><strong>sordes</strong></span> <span class='ocrx_word' id='word_1_387' title='bbox 1189 3262 1545 3330; x_wconf 75' lang='lat' dir='ltr'><strong>delabantur;</strong></span> <span class='ocrx_word' id='word_1_388' title='bbox 1565 3259 1659 3315; x_wconf 88' lang='lat' dir='ltr'><strong>sed</strong></span> <span class='ocrx_word' id='word_1_389' title='bbox 1682 3261 1960 3323; x_wconf 87' lang='lat' dir='ltr'><strong>ediverso,</strong></span> <span class='ocrx_word' id='word_1_390' title='bbox 1997 3269 2054 3313; x_wconf 90' lang='lat' dir='ltr'><strong>ut</strong></span> <span class='ocrx_word' id='word_1_391' title='bbox 2083 3259 2216 3313; x_wconf 82' lang='lat' dir='ltr'><strong>divi-</strong></span> 
     </span>
    </p>
   </div>
   <div class='ocr_carea' id='block_1_64' title="bbox 674 3348 2217 3421">
    <p class='ocr_par' dir='ltr' id='par_1_64' title="bbox 674 3348 2217 3421">
     <span class='ocr_line' id='line_1_64' title="bbox 674 3348 2217 3421; baseline -0.005 -14"><span class='ocrx_word' id='word_1_392' title='bbox 674 3368 800 3407; x_wconf 88' lang='lat' dir='ltr'><strong>num</strong></span> <span class='ocrx_word' id='word_1_393' title='bbox 856 3351 1216 3404; x_wconf 90' lang='lat' dir='ltr'><strong>ministerium</strong></span> <span class='ocrx_word' id='word_1_394' title='bbox 1253 3364 1314 3401; x_wconf 80' lang='lat' dir='ltr'><strong>ex</strong></span> <span class='ocrx_word' id='word_1_395' title='bbox 1367 3350 1612 3416; x_wconf 91' lang='lat' dir='ltr'><strong>corporis</strong></span> <span class='ocrx_word' id='word_1_396' title='bbox 1649 3348 1901 3421; x_wconf 74' lang='lat' dir='ltr'><strong>sordibus</strong></span> <span class='ocrx_word' id='word_1_397' title='bbox 1965 3356 2217 3413; x_wconf 82' lang='lat' dir='ltr'><strong>tanquam</strong></span> 
     </span>
    </p>
   </div>
   <div class='ocr_carea' id='block_1_65' title="bbox 674 3436 2219 3507">
    <p class='ocr_par' dir='ltr' id='par_1_65' title="bbox 674 3436 2219 3507">
     <span class='ocr_line' id='line_1_65' title="bbox 674 3436 2219 3507; baseline -0.003 -15"><span class='ocrx_word' id='word_1_398' title='bbox 674 3441 727 3493; x_wconf 93' lang='lat' dir='ltr'><strong>in</strong></span> <span class='ocrx_word' id='word_1_399' title='bbox 759 3441 921 3492; x_wconf 90' lang='lat' dir='ltr'><strong>altum</strong></span> <span class='ocrx_word' id='word_1_400' title='bbox 965 3439 1194 3507; x_wconf 88' lang='lat' dir='ltr'><strong>aliquem</strong></span> <span class='ocrx_word' id='word_1_401' title='bbox 1226 3438 1453 3507; x_wconf 91' lang='lat' dir='ltr'><strong>gradum</strong></span> <span class='ocrx_word' id='word_1_402' title='bbox 1494 3436 1845 3498; x_wconf 88' lang='lat' dir='ltr'><strong>conscendat,</strong></span> <span class='ocrx_word' id='word_1_403' title='bbox 1892 3436 2219 3489; x_wconf 84' lang='lat' dir='ltr'><strong>convenien-</strong></span> 
     </span>
    </p>
   </div>
   <div class='ocr_carea' id='block_1_66' title="bbox 674 3523 2219 3593">
    <p class='ocr_par' dir='ltr' id='par_1_66' title="bbox 674 3523 2219 3593">
     <span class='ocr_line' id='line_1_66' title="bbox 674 3523 2219 3593; baseline -0.003 -12"><span class='ocrx_word' id='word_1_404' title='bbox 674 3530 784 3582; x_wconf 89' lang='lat' dir='ltr'><strong>tius</strong></span> <span class='ocrx_word' id='word_1_405' title='bbox 840 3528 1018 3582; x_wconf 81' lang='lat' dir='ltr'><strong>fuerit.</strong></span> <span class='ocrx_word' id='word_1_406' title='bbox 1072 3527 1429 3591; x_wconf 70' lang='lat' dir='ltr'><strong>Quamobrem</strong></span> <span class='ocrx_word' id='word_1_407' title='bbox 1485 3540 1641 3579; x_wconf 88' lang='lat' dir='ltr'><strong>nemo</strong></span> <span class='ocrx_word' id='word_1_408' title='bbox 1685 3539 1896 3586; x_wconf 88' lang='lat' dir='ltr'><strong>eorum.</strong></span> <span class='ocrx_word' id='word_1_409' title='bbox 1924 3525 2015 3593; x_wconf 90' lang='lat' dir='ltr'><strong>qui</strong></span> <span class='ocrx_word' id='word_1_410' title='bbox 2064 3523 2219 3577; x_wconf 88' lang='lat' dir='ltr'><strong>altari</strong></span> 
     </span>
    </p>
   </div>
   <div class='ocr_carea' id='block_1_67' title="bbox 674 3612 2218 3685">
    <p class='ocr_par' dir='ltr' id='par_1_67' title="bbox 674 3612 2218 3685">
     <span class='ocr_line' id='line_1_67' title="bbox 674 3612 2218 3685; baseline -0.004 -13"><span class='ocrx_word' id='word_1_411' title='bbox 674 3620 936 3680; x_wconf 82' lang='lat' dir='ltr'><strong>serviunt,</strong></span> <span class='ocrx_word' id='word_1_412' title='bbox 965 3625 1082 3685; x_wconf 87' lang='lat' dir='ltr'><strong>post</strong></span> <span class='ocrx_word' id='word_1_413' title='bbox 1106 3616 1501 3669; x_wconf 88' lang='lat' dir='ltr'><strong>ordinationem</strong></span> <span class='ocrx_word' id='word_1_414' title='bbox 1532 3614 1785 3667; x_wconf 85' lang='lat' dir='ltr'><strong>audacter</strong></span> <span class='ocrx_word' id='word_1_415' title='bbox 1810 3614 1925 3683; x_wconf 89' lang='lat' dir='ltr'><strong>lege</strong></span> <span class='ocrx_word' id='word_1_416' title='bbox 1963 3612 2218 3667; x_wconf 88' lang='lat' dir='ltr'><strong>connubii</strong></span> 
     </span>
    </p>
   </div>
   <div class='ocr_carea' id='block_1_68' title="bbox 677 3700 2218 3772">
    <p class='ocr_par' dir='ltr' id='par_1_68' title="bbox 677 3700 2218 3772">
     <span class='ocr_line' id='line_1_68' title="bbox 677 3700 2218 3772; baseline -0.003 -15"><span class='ocrx_word' id='word_1_417' title='bbox 677 3705 883 3758; x_wconf 91' lang='lat' dir='ltr'><strong>mulieri</strong></span> <span class='ocrx_word' id='word_1_418' title='bbox 924 3706 1307 3772; x_wconf 81' lang='lat' dir='ltr'><strong>coujungetur.</strong></span> <span class='ocrx_word' id='word_1_419' title='bbox 1349 3703 1514 3771; x_wconf 81' lang='lat' dir='ltr'><strong>quue</strong></span> <span class='ocrx_word' id='word_1_420' title='bbox 1554 3702 1599 3757; x_wconf 87' lang='lat' dir='ltr'><strong>si</strong></span> <span class='ocrx_word' id='word_1_421' title='bbox 1646 3700 1857 3766; x_wconf 59' lang='lat' dir='ltr'><strong>fecerit,</strong></span> <span class='ocrx_word' id='word_1_422' title='bbox 1902 3703 2218 3771; x_wconf 89' lang='lat' dir='ltr'><strong>deponetur.</strong></span> 
     </span>
    </p>
   </div>
   <div class='ocr_carea' id='block_1_69' title="bbox 675 3791 2221 3861">
    <p class='ocr_par' dir='ltr' id='par_1_69' title="bbox 675 3791 2221 3861">
     <span class='ocr_line' id='line_1_69' title="bbox 675 3791 2221 3861; baseline -0.005 -12"><span class='ocrx_word' id='word_1_423' title='bbox 675 3796 805 3849; x_wconf 82' lang='lat' dir='ltr'><strong>Nam</strong></span> <span class='ocrx_word' id='word_1_424' title='bbox 853 3805 974 3847; x_wconf 87' lang='lat' dir='ltr'><strong>ante</strong></span> <span class='ocrx_word' id='word_1_425' title='bbox 1012 3796 1406 3847; x_wconf 85' lang='lat' dir='ltr'><strong>ordinationem</strong></span> <span class='ocrx_word' id='word_1_426' title='bbox 1460 3791 1637 3847; x_wconf 75' lang='lat' dir='ltr'><strong>facere</strong></span> <span class='ocrx_word' id='word_1_427' title='bbox 1683 3792 1853 3855; x_wconf 85' lang='lat' dir='ltr'><strong>licuit,</strong></span> <span class='ocrx_word' id='word_1_428' title='bbox 1908 3791 2050 3861; x_wconf 88' lang='lat' dir='ltr'><strong>quod</strong></span> <span class='ocrx_word' id='word_1_429' title='bbox 2101 3797 2221 3859; x_wconf 90' lang='lat' dir='ltr'><strong>post</strong></span> 
     </span>
    </p>
   </div>
   <div class='ocr_carea' id='block_1_70' title="bbox 672 3878 1467 3935">
    <p class='ocr_par' dir='ltr' id='par_1_70' title="bbox 672 3878 1467 3935">
     <span class='ocr_line' id='line_1_70' title="bbox 672 3878 1467 3935; baseline -0.004 -1"><span class='ocrx_word' id='word_1_430' title='bbox 672 3896 790 3934; x_wconf 88' lang='lat' dir='ltr'><strong>eam</strong></span> <span class='ocrx_word' id='word_1_431' title='bbox 825 3882 956 3935; x_wconf 84' lang='lat' dir='ltr'><strong>adeo</strong></span> <span class='ocrx_word' id='word_1_432' title='bbox 993 3888 1130 3933; x_wconf 89' lang='lat' dir='ltr'><strong>male</strong></span> <span class='ocrx_word' id='word_1_433' title='bbox 1156 3878 1256 3932; x_wconf 82' lang='lat' dir='ltr'><strong>fuit</strong></span> <span class='ocrx_word' id='word_1_434' title='bbox 1281 3893 1467 3931; x_wconf 82' lang='lat' dir='ltr'><strong>ausus.</strong></span> 
     </span>
    </p>
   </div>
   <div class='ocr_carea' id='block_1_71' title="bbox 745 4138 2219 4208">
    <p class='ocr_par' dir='ltr' id='par_1_71' title="bbox 745 4138 2219 4208">
     <span class='ocr_line' id='line_1_71' title="bbox 745 4138 2219 4208; baseline -0.002 -12"><span class='ocrx_word' id='word_1_435' title='bbox 745 4143 942 4196; x_wconf 78' lang='lat' dir='ltr'><strong>Interr.</strong></span> <span class='ocrx_word' id='word_1_436' title='bbox 994 4141 1082 4195; x_wconf 73' lang='lat'><strong>37.</strong></span> <span class='ocrx_word' id='word_1_437' title='bbox 1151 4140 1380 4192; x_wconf 86' lang='lat' dir='ltr'><strong>Licitum</strong></span> <span class='ocrx_word' id='word_1_438' title='bbox 1448 4146 1530 4193; x_wconf 84' lang='lat' dir='ltr'><strong>est</strong></span> <span class='ocrx_word' id='word_1_439' title='bbox 1588 4138 1896 4193; x_wconf 87' lang='lat' dir='ltr'><strong>sacerdotes</strong></span> <span class='ocrx_word' id='word_1_440' title='bbox 1935 4138 2219 4208; x_wconf 74' lang='lat' dir='ltr'><strong>praefectos</strong></span> 
     </span>
    </p>
   </div>
   <div class='ocr_carea' id='block_1_72' title="bbox 676 4228 2219 4299">
    <p class='ocr_par' dir='ltr' id='par_1_72' title="bbox 676 4228 2219 4299">
     <span class='ocr_line' id='line_1_72' title="bbox 676 4228 2219 4299; baseline -0.004 -13"><span class='ocrx_word' id='word_1_441' title='bbox 676 4235 1015 4293; x_wconf 80' lang='lat' dir='ltr'><strong>exsistentes,</strong></span> <span class='ocrx_word' id='word_1_442' title='bbox 1055 4231 1133 4283; x_wconf 88' lang='lat' dir='ltr'><strong>vel</strong></span> <span class='ocrx_word' id='word_1_443' title='bbox 1161 4231 1500 4299; x_wconf 83' lang='lat' dir='ltr'><strong>primopapas</strong></span> <span class='ocrx_word' id='word_1_444' title='bbox 1521 4231 1589 4291; x_wconf 77' lang='grc'><strong>⁸⁸,</strong></span> <span class='ocrx_word' id='word_1_445' title='bbox 1614 4238 1666 4281; x_wconf 91' lang='lat' dir='ltr'><strong>et</strong></span> <span class='ocrx_word' id='word_1_446' title='bbox 1691 4228 1989 4297; x_wconf 77' lang='lat' dir='ltr'><strong>pontiﬁces.</strong></span> <span class='ocrx_word' id='word_1_447' title='bbox 2031 4244 2219 4297; x_wconf 80' lang='lat' dir='ltr'><strong>super-</strong></span> 
     </span>
    </p>
   </div>
   <div class='ocr_carea' id='block_1_73' title="bbox 676 4319 2220 4389">
    <p class='ocr_par' dir='ltr' id='par_1_73' title="bbox 676 4319 2220 4389">
     <span class='ocr_line' id='line_1_73' title="bbox 676 4319 2220 4389; baseline -0.002 -14"><span class='ocrx_word' id='word_1_448' title='bbox 676 4322 902 4375; x_wconf 79' lang='lat' dir='ltr'><strong>manicis</strong></span> <span class='ocrx_word' id='word_1_449' title='bbox 956 4329 1008 4373; x_wconf 91' lang='lat' dir='ltr'><strong>et</strong></span> <span class='ocrx_word' id='word_1_450' title='bbox 1048 4319 1535 4389; x_wconf 75' lang='lat' dir='ltr'><strong>supergenualibus</strong></span> <span class='ocrx_word' id='word_1_451' title='bbox 1575 4319 1839 4387; x_wconf 86' lang='lat' dir='ltr'><strong>insigniri,</strong></span> <span class='ocrx_word' id='word_1_452' title='bbox 1873 4333 1936 4370; x_wconf 91' lang='lat' dir='ltr'><strong>an</strong></span> <span class='ocrx_word' id='word_1_453' title='bbox 1978 4330 2059 4373; x_wconf 87' lang='lat' dir='ltr'><strong>est</strong></span> <span class='ocrx_word' id='word_1_454' title='bbox 2090 4321 2220 4373; x_wconf 84' lang='lat' dir='ltr'><strong>veti-</strong></span> 
     </span>
    </p>
   </div>
   <div class='ocr_carea' id='block_1_74' title="bbox 674 4422 811 4465">
    <p class='ocr_par' dir='ltr' id='par_1_74' title="bbox 674 4422 811 4465">
     <span class='ocr_line' id='line_1_74' title="bbox 674 4422 811 4465; baseline -0.015 0"><span class='ocrx_word' id='word_1_455' title='bbox 674 4422 811 4465; x_wconf 89' lang='lat' dir='ltr'><strong>tum.</strong></span> 
     </span>
    </p>
   </div>
   <div class='ocr_carea' id='block_1_75' title="bbox 745 4498 2223 4567">
    <p class='ocr_par' dir='ltr' id='par_1_75' title="bbox 745 4498 2223 4567">
     <span class='ocr_line' id='line_1_75' title="bbox 745 4498 2223 4567; baseline -0.001 -15"><span class='ocrx_word' id='word_1_456' title='bbox 745 4500 893 4566; x_wconf 79' lang='lat' dir='ltr'><strong>Resp.</strong></span> <span class='ocrx_word' id='word_1_457' title='bbox 924 4498 1432 4567; x_wconf 79' lang='lat' dir='ltr'><strong>Supermauicarum</strong></span> <span class='ocrx_word' id='word_1_458' title='bbox 1471 4504 1525 4550; x_wconf 88' lang='lat' dir='ltr'><strong>et</strong></span> <span class='ocrx_word' id='word_1_459' title='bbox 1546 4500 2017 4567; x_wconf 83' lang='lat' dir='ltr'><strong>supergenualium</strong></span> <span class='ocrx_word' id='word_1_460' title='bbox 2041 4515 2223 4553; x_wconf 86' lang='lat' dir='ltr'><strong>sacra-</strong></span> 
     </span>
    </p>
   </div>
   <div class='ocr_carea' id='block_1_76' title="bbox 677 4590 2220 4657">
    <p class='ocr_par' dir='ltr' id='par_1_76' title="bbox 677 4590 2220 4657">
     <span class='ocr_line' id='line_1_76' title="bbox 677 4590 2220 4657; baseline 0 -13"><span class='ocrx_word' id='word_1_461' title='bbox 677 4594 922 4646; x_wconf 75' lang='lat' dir='ltr'><strong>tis‘simus</strong></span> <span class='ocrx_word' id='word_1_462' title='bbox 960 4593 1188 4644; x_wconf 88' lang='lat' dir='ltr'><strong>amictus</strong></span> <span class='ocrx_word' id='word_1_463' title='bbox 1233 4590 1363 4643; x_wconf 92' lang='lat' dir='ltr'><strong>solis</strong></span> <span class='ocrx_word' id='word_1_464' title='bbox 1400 4590 1750 4657; x_wconf 76' lang='lat' dir='ltr'><strong>pontificibus</strong></span> <span class='ocrx_word' id='word_1_465' title='bbox 1798 4593 2090 4648; x_wconf 84' lang='lat' dir='ltr'><strong>attributus</strong></span> <span class='ocrx_word' id='word_1_466' title='bbox 2119 4600 2220 4656; x_wconf 87' lang='lat' dir='ltr'><strong>est,</strong></span> 
     </span>
    </p>
   </div>
   <div class='ocr_carea' id='block_1_77' title="bbox 678 4679 2225 4749">
    <p class='ocr_par' dir='ltr' id='par_1_77' title="bbox 678 4679 2225 4749">
     <span class='ocr_line' id='line_1_77' title="bbox 678 4679 2225 4749; baseline 0.003 -18"><span class='ocrx_word' id='word_1_467' title='bbox 678 4685 821 4736; x_wconf 83' lang='lat' dir='ltr'><strong>velut</strong></span> <span class='ocrx_word' id='word_1_468' title='bbox 850 4682 1073 4749; x_wconf 76' lang='lat' dir='ltr'><strong>figuram</strong></span> <span class='ocrx_word' id='word_1_469' title='bbox 1098 4680 1471 4733; x_wconf 90' lang='lat' dir='ltr'><strong>obtinentibus</strong></span> <span class='ocrx_word' id='word_1_470' title='bbox 1499 4679 1733 4743; x_wconf 78' lang='lat' dir='ltr'><strong>Domini,</strong></span> <span class='ocrx_word' id='word_1_471' title='bbox 1769 4690 1821 4733; x_wconf 91' lang='lat' dir='ltr'><strong>et</strong></span> <span class='ocrx_word' id='word_1_472' title='bbox 1861 4681 1976 4741; x_wconf 75' lang='lat' dir='ltr'><strong>Dei,</strong></span> <span class='ocrx_word' id='word_1_473' title='bbox 2011 4690 2064 4735; x_wconf 90' lang='lat' dir='ltr'><strong>et</strong></span> <span class='ocrx_word' id='word_1_474' title='bbox 2103 4683 2225 4735; x_wconf 88' lang='lat' dir='ltr'><strong>Ser-</strong></span> 
     </span>
    </p>
   </div>
   <div class='ocr_carea' id='block_1_78' title="bbox 678 4767 2221 4836">
    <p class='ocr_par' dir='ltr' id='par_1_78' title="bbox 678 4767 2221 4836">
     <span class='ocr_line' id='line_1_78' title="bbox 678 4767 2221 4836; baseline 0 -14"><span class='ocrx_word' id='word_1_475' title='bbox 678 4773 879 4824; x_wconf 81' lang='lat' dir='ltr'><strong>vatoris</strong></span> <span class='ocrx_word' id='word_1_476' title='bbox 916 4770 1082 4823; x_wconf 89' lang='lat' dir='ltr'><strong>nostri</strong></span> <span class='ocrx_word' id='word_1_477' title='bbox 1107 4767 1232 4821; x_wconf 81' lang='lat' dir='ltr'><strong>Jesu</strong></span> <span class='ocrx_word' id='word_1_478' title='bbox 1275 4768 1478 4821; x_wconf 87' lang='lat' dir='ltr'><strong>Christi</strong></span> <span class='ocrx_word' id='word_1_479' title='bbox 1512 4784 1523 4820; x_wconf 93' lang='lat'>:</span> <span class='ocrx_word' id='word_1_480' title='bbox 1554 4768 1783 4836; x_wconf 88' lang='lat' dir='ltr'><strong>iudeqtte</strong></span> <span class='ocrx_word' id='word_1_481' title='bbox 1816 4778 2027 4836; x_wconf 88' lang='lat' dir='ltr'><strong>peccata</strong></span> <span class='ocrx_word' id='word_1_482' title='bbox 2060 4771 2221 4823; x_wconf 82' lang='lat' dir='ltr'><strong>etiam</strong></span> 
     </span>
    </p>
   </div>
   <div class='ocr_carea' id='block_1_79' title="bbox 680 4858 2215 4926">
    <p class='ocr_par' dir='ltr' id='par_1_79' title="bbox 680 4858 2215 4926">
     <span class='ocr_line' id='line_1_79' title="bbox 680 4858 2215 4926; baseline -0.002 -11"><span class='ocrx_word' id='word_1_483' title='bbox 680 4862 955 4915; x_wconf 84' lang='lat' dir='ltr'><strong>hominum</strong></span> <span class='ocrx_word' id='word_1_484' title='bbox 981 4860 1278 4922; x_wconf 84' lang='lat' dir='ltr'><strong>remittunt,</strong></span> <span class='ocrx_word' id='word_1_485' title='bbox 1311 4859 1521 4926; x_wconf 88' lang='lat' dir='ltr'><strong>aliaque</strong></span> <span class='ocrx_word' id='word_1_486' title='bbox 1544 4859 1744 4925; x_wconf 84' lang='lat' dir='ltr'><strong>majora</strong></span> <span class='ocrx_word' id='word_1_487' title='bbox 1770 4858 1834 4911; x_wconf 89' lang='lat' dir='ltr'><strong>ad</strong></span> <span class='ocrx_word' id='word_1_488' title='bbox 1865 4860 2215 4913; x_wconf 84' lang='lat' dir='ltr'><strong>imitationem</strong></span> 
     </span>
    </p>
   </div>
   <div class='ocr_carea' id='block_1_80' title="bbox 676 4942 2214 5013">
    <p class='ocr_par' dir='ltr' id='par_1_80' title="bbox 676 4942 2214 5013">
     <span class='ocr_line' id='line_1_80' title="bbox 676 4942 2214 5013; baseline -0.004 -12"><span class='ocrx_word' id='word_1_489' title='bbox 676 4947 877 5001; x_wconf 85' lang='lat' dir='ltr'><strong>Christi</strong></span> <span class='ocrx_word' id='word_1_490' title='bbox 918 4946 1142 5005; x_wconf 76' lang='lat' dir='ltr'><strong>faciunt,</strong></span> <span class='ocrx_word' id='word_1_491' title='bbox 1177 4960 1299 5013; x_wconf 62' lang='lat' dir='ltr'><strong>qua</strong></span> <span class='ocrx_word' id='word_1_492' title='bbox 1331 4944 1705 4997; x_wconf 87' lang='lat' dir='ltr'><strong>sacerdotibus</strong></span> <span class='ocrx_word' id='word_1_493' title='bbox 1746 4942 1869 4995; x_wconf 85' lang='lat' dir='ltr'><strong>data</strong></span> <span class='ocrx_word' id='word_1_494' title='bbox 1920 4958 2026 4996; x_wconf 91' lang='lat' dir='ltr'><strong>non</strong></span> <span class='ocrx_word' id='word_1_495' title='bbox 2072 4953 2214 4995; x_wconf 88' lang='lat' dir='ltr'><strong>sunt.</strong></span> 
     </span>
    </p>
   </div>
   <div class='ocr_carea' id='block_1_81' title="bbox 678 5032 2213 5101">
    <p class='ocr_par' dir='ltr' id='par_1_81' title="bbox 678 5032 2213 5101">
     <span class='ocr_line' id='line_1_81' title="bbox 678 5032 2213 5101; baseline -0.005 -13"><span class='ocrx_word' id='word_1_496' title='bbox 678 5037 855 5100; x_wconf 83' lang='lat' dir='ltr'><strong>Quare</strong></span> <span class='ocrx_word' id='word_1_497' title='bbox 886 5049 1055 5101; x_wconf 87' lang='lat' dir='ltr'><strong>neque</strong></span> <span class='ocrx_word' id='word_1_498' title='bbox 1091 5032 1609 5099; x_wconf 80' lang='lat' dir='ltr'><strong>supertnanicarum,</strong></span> <span class='ocrx_word' id='word_1_499' title='bbox 1643 5046 1818 5099; x_wconf 84' lang='lat' dir='ltr'><strong>neque</strong></span> <span class='ocrx_word' id='word_1_500' title='bbox 1850 5044 2213 5098; x_wconf 84' lang='lat' dir='ltr'><strong>supergenua-</strong></span> 
     </span>
    </p>
   </div>
   <div class='ocr_carea' id='block_1_82' title="bbox 682 5118 2217 5188">
    <p class='ocr_par' dir='ltr' id='par_1_82' title="bbox 682 5118 2217 5188">
     <span class='ocr_line' id='line_1_82' title="bbox 682 5118 2217 5188; baseline -0.007 -8"><span class='ocrx_word' id='word_1_501' title='bbox 682 5129 811 5180; x_wconf 89' lang='lat' dir='ltr'><strong>lium</strong></span> <span class='ocrx_word' id='word_1_502' title='bbox 862 5124 1213 5177; x_wconf 89' lang='lat' dir='ltr'><strong>merebuntur</strong></span> <span class='ocrx_word' id='word_1_503' title='bbox 1244 5122 1518 5173; x_wconf 89' lang='lat' dir='ltr'><strong>amictum.</strong></span> <span class='ocrx_word' id='word_1_504' title='bbox 1571 5120 1703 5172; x_wconf 80' lang='lat' dir='ltr'><strong>Nam</strong></span> <span class='ocrx_word' id='word_1_505' title='bbox 1746 5120 2134 5188; x_wconf 63' lang='lat' dir='ltr'><strong>supermanicae</strong></span> <span class='ocrx_word' id='word_1_506' title='bbox 2162 5118 2217 5170; x_wconf 81' lang='lat' dir='ltr'><strong>li-</strong></span> 
     </span>
    </p>
   </div>
   <div class='ocr_carea' id='block_1_83' title="bbox 676 5208 2217 5281">
    <p class='ocr_par' dir='ltr' id='par_1_83' title="bbox 676 5208 2217 5281">
     <span class='ocr_line' id='line_1_83' title="bbox 676 5208 2217 5281; baseline -0.004 -16"><span class='ocrx_word' id='word_1_507' title='bbox 676 5227 811 5281; x_wconf 64' lang='lat' dir='ltr'><strong>gura</strong></span> <span class='ocrx_word' id='word_1_508' title='bbox 876 5220 1001 5264; x_wconf 89' lang='lat' dir='ltr'><strong>sunt</strong></span> <span class='ocrx_word' id='word_1_509' title='bbox 1048 5210 1407 5268; x_wconf 86' lang='lat' dir='ltr'><strong>manicarum,</strong></span> <span class='ocrx_word' id='word_1_510' title='bbox 1452 5208 1647 5277; x_wconf 90' lang='lat' dir='ltr'><strong>quibus</strong></span> <span class='ocrx_word' id='word_1_511' title='bbox 1702 5218 1855 5261; x_wconf 88' lang='lat' dir='ltr'><strong>erant</strong></span> <span class='ocrx_word' id='word_1_512' title='bbox 1912 5208 2217 5261; x_wconf 64' lang='lat' dir='ltr'><strong>constrictae</strong></span> 
     </span>
    </p>
   </div>
   <div class='ocr_carea' id='block_1_84' title="bbox 680 5294 2217 5364">
    <p class='ocr_par' dir='ltr' id='par_1_84' title="bbox 680 5294 2217 5364">
     <span class='ocr_line' id='line_1_84' title="bbox 680 5294 2217 5364; baseline -0.003 -11"><span class='ocrx_word' id='word_1_513' title='bbox 680 5316 872 5353; x_wconf 86' lang='lat' dir='ltr'><strong>manus</strong></span> <span class='ocrx_word' id='word_1_514' title='bbox 917 5300 1146 5364; x_wconf 86' lang='lat' dir='ltr'><strong>Domini,</strong></span> <span class='ocrx_word' id='word_1_515' title='bbox 1190 5308 1243 5353; x_wconf 92' lang='lat' dir='ltr'><strong>et</strong></span> <span class='ocrx_word' id='word_1_516' title='bbox 1288 5299 1401 5359; x_wconf 91' lang='lat' dir='ltr'><strong>Dei.</strong></span> <span class='ocrx_word' id='word_1_517' title='bbox 1442 5307 1493 5353; x_wconf 89' lang='lat' dir='ltr'><strong>et</strong></span> <span class='ocrx_word' id='word_1_518' title='bbox 1531 5297 1833 5351; x_wconf 83' lang='lat' dir='ltr'><strong>Servatoris</strong></span> <span class='ocrx_word' id='word_1_519' title='bbox 1876 5297 2044 5349; x_wconf 90' lang='lat' dir='ltr'><strong>nostri</strong></span> <span class='ocrx_word' id='word_1_520' title='bbox 2090 5294 2217 5348; x_wconf 75' lang='lat' dir='ltr'><strong>Iesu</strong></span> 
     </span>
    </p>
   </div>
   <div class='ocr_carea' id='block_1_85' title="bbox 676 5387 2216 5459">
    <p class='ocr_par' dir='ltr' id='par_1_85' title="bbox 676 5387 2216 5459">
     <span class='ocr_line' id='line_1_85' title="bbox 676 5387 2216 5459; baseline -0.005 -14"><span class='ocrx_word' id='word_1_521' title='bbox 676 5389 898 5456; x_wconf 83' lang='lat' dir='ltr'><strong>Christi,</strong></span> <span class='ocrx_word' id='word_1_522' title='bbox 926 5389 1140 5459; x_wconf 88' lang='lat' dir='ltr'><strong>quando</strong></span> <span class='ocrx_word' id='word_1_523' title='bbox 1164 5390 1226 5443; x_wconf 91' lang='lat' dir='ltr'><strong>ad</strong></span> <span class='ocrx_word' id='word_1_524' title='bbox 1264 5389 1621 5443; x_wconf 90' lang='lat' dir='ltr'><strong>voluntariam</strong></span> <span class='ocrx_word' id='word_1_525' title='bbox 1656 5387 1961 5455; x_wconf 87' lang='lat' dir='ltr'><strong>passionem</strong></span> <span class='ocrx_word' id='word_1_526' title='bbox 1989 5395 2216 5439; x_wconf 89' lang='lat' dir='ltr'><strong>conten-</strong></span> 
     </span>
    </p>
   </div>
   <div class='ocr_carea' id='block_1_86' title="bbox 2319 3163 3861 3240">
    <p class='ocr_par' dir='ltr' id='par_1_86' title="bbox 2319 3163 3861 3240">
     <span class='ocr_line' id='line_1_86' title="bbox 2319 3163 3861 3240; baseline 0.005 -22"><span class='ocrx_word' id='word_1_527' title='bbox 2319 3163 2465 3227; x_wconf 75' lang='grc' dir='ltr'>ἄξιόν</span> <span class='ocrx_word' id='word_1_528' title='bbox 2517 3166 2651 3227; x_wconf 73' lang='grc' dir='ltr'>εστι,</span> <span class='ocrx_word' id='word_1_529' title='bbox 2708 3167 2843 3235; x_wconf 81' lang='grc' dir='ltr'><strong>μετά</strong></span> <span class='ocrx_word' id='word_1_530' title='bbox 2899 3166 2957 3219; x_wconf 83' lang='grc' dir='ltr'>τὸ</span> <span class='ocrx_word' id='word_1_531' title='bbox 3006 3167 3347 3237; x_wconf 75' lang='grc' dir='ltr'>ἀνυψωθῆναι</span> <span class='ocrx_word' id='word_1_532' title='bbox 3399 3170 3495 3239; x_wconf 85' lang='grc' dir='ltr'><strong>τῆς</strong></span> <span class='ocrx_word' id='word_1_533' title='bbox 3542 3174 3861 3240; x_wconf 75' lang='grc' dir='ltr'>σωματικῆς</span> 
     </span>
    </p>
   </div>
   <div class='ocr_carea' id='block_1_87' title="bbox 2318 3255 3858 3327">
    <p class='ocr_par' dir='ltr' id='par_1_87' title="bbox 2318 3255 3858 3327">
     <span class='ocr_line' id='line_1_87' title="bbox 2318 3255 3858 3327; baseline 0.004 -20"><span class='ocrx_word' id='word_1_534' title='bbox 2318 3255 2694 3312; x_wconf 76' lang='grc' dir='ltr'>ταπεινώσεως</span> <span class='ocrx_word' id='word_1_535' title='bbox 2758 3258 2860 3308; x_wconf 80' lang='grc' dir='ltr'>ὑπὸ</span> <span class='ocrx_word' id='word_1_536' title='bbox 2915 3258 3014 3325; x_wconf 89' lang='grc' dir='ltr'><strong>τῆς</strong></span> <span class='ocrx_word' id='word_1_537' title='bbox 3084 3261 3458 3327; x_wconf 81' lang='grc' dir='ltr'>πνευματικῆς</span> <span class='ocrx_word' id='word_1_538' title='bbox 3522 3262 3858 3324; x_wconf 71' lang='grc' dir='ltr'>ἀναϐάσεως,</span> 
     </span>
    </p>
   </div>
   <div class='ocr_carea' id='block_1_88' title="bbox 2317 3347 3860 3419">
    <p class='ocr_par' dir='ltr' id='par_1_88' title="bbox 2317 3347 3860 3419">
     <span class='ocr_line' id='line_1_88' title="bbox 2317 3347 3860 3419; baseline 0.004 -21"><span class='ocrx_word' id='word_1_539' title='bbox 2317 3347 2537 3410; x_wconf 84' lang='grc' dir='ltr'>τούτους</span> <span class='ocrx_word' id='word_1_540' title='bbox 2563 3349 2722 3400; x_wconf 87' lang='grc' dir='ltr'>πάλιν</span> <span class='ocrx_word' id='word_1_541' title='bbox 2754 3353 2843 3401; x_wconf 72' lang='grc' dir='ltr'><strong>ἐπὶ</strong></span> <span class='ocrx_word' id='word_1_542' title='bbox 2878 3352 2975 3418; x_wconf 83' lang='grc' dir='ltr'><strong>τήν</strong></span> <span class='ocrx_word' id='word_1_543' title='bbox 3004 3353 3273 3419; x_wconf 80' lang='grc' dir='ltr'>σαρκικῆν</span> <span class='ocrx_word' id='word_1_544' title='bbox 3302 3353 3658 3419; x_wconf 83' lang='grc' dir='ltr'>ταπεινότητα</span> <span class='ocrx_word' id='word_1_545' title='bbox 3691 3370 3860 3405; x_wconf 81' lang='grc' dir='ltr'>κατα-</span> 
     </span>
    </p>
   </div>
   <div class='ocr_carea' id='block_1_89' title="bbox 2322 3436 3861 3507">
    <p class='ocr_par' dir='ltr' id='par_1_89' title="bbox 2322 3436 3861 3507">
     <span class='ocr_line' id='line_1_89' title="bbox 2322 3436 3861 3507; baseline 0.004 -22"><span class='ocrx_word' id='word_1_546' title='bbox 2322 3436 2572 3487; x_wconf 81' lang='grc' dir='ltr'>πίπτειν·</span> <span class='ocrx_word' id='word_1_547' title='bbox 2624 3438 2929 3489; x_wconf 86' lang='grc' dir='ltr'>τούναντίον</span> <span class='ocrx_word' id='word_1_548' title='bbox 2970 3438 3025 3489; x_wconf 72' lang='grc' dir='ltr'>δὲ</span> <span class='ocrx_word' id='word_1_549' title='bbox 3076 3439 3273 3506; x_wconf 81' lang='grc' dir='ltr'>μᾶλλον</span> <span class='ocrx_word' id='word_1_550' title='bbox 3315 3440 3417 3507; x_wconf 81' lang='grc' dir='ltr'><strong>χρὴ</strong></span> <span class='ocrx_word' id='word_1_551' title='bbox 3467 3441 3544 3501; x_wconf 82' lang='grc' dir='ltr'><strong>είς</strong></span> <span class='ocrx_word' id='word_1_552' title='bbox 3597 3442 3861 3492; x_wconf 74' lang='grc' dir='ltr'>ἀνάϐασιν</span> 
     </span>
    </p>
   </div>
   <div class='ocr_carea' id='block_1_90' title="bbox 2318 3524 3862 3597">
    <p class='ocr_par' dir='ltr' id='par_1_90' title="bbox 2318 3524 3862 3597">
     <span class='ocr_line' id='line_1_90' title="bbox 2318 3524 3862 3597; baseline 0.006 -23"><span class='ocrx_word' id='word_1_553' title='bbox 2318 3524 2523 3593; x_wconf 71' lang='grc' dir='ltr'>ὑψηλὴν</span> <span class='ocrx_word' id='word_1_554' title='bbox 2566 3524 2662 3593; x_wconf 81' lang='grc' dir='ltr'>τὴν</span> <span class='ocrx_word' id='word_1_555' title='bbox 2714 3524 2859 3576; x_wconf 81' lang='grc' dir='ltr'>θείαν</span> <span class='ocrx_word' id='word_1_556' title='bbox 2906 3525 3239 3593; x_wconf 81' lang='grc' dir='ltr'>λειτουργίαν</span> <span class='ocrx_word' id='word_1_557' title='bbox 3289 3532 3353 3580; x_wconf 76' lang='grc' dir='ltr'>ὲκ</span> <span class='ocrx_word' id='word_1_558' title='bbox 3398 3529 3495 3596; x_wconf 91' lang='grc' dir='ltr'><strong>τῆς</strong></span> <span class='ocrx_word' id='word_1_559' title='bbox 3541 3530 3862 3597; x_wconf 78' lang='grc' dir='ltr'>σωματικῆς</span> 
     </span>
    </p>
   </div>
   <div class='ocr_carea' id='block_1_91' title="bbox 2319 3613 3859 3688">
    <p class='ocr_par' dir='ltr' id='par_1_91' title="bbox 2319 3613 3859 3688">
     <span class='ocr_line' id='line_1_91' title="bbox 2319 3613 3859 3688; baseline 0.005 -25"><span class='ocrx_word' id='word_1_560' title='bbox 2319 3613 2701 3679; x_wconf 79' lang='grc' dir='ltr'>ταπεινότητος</span> <span class='ocrx_word' id='word_1_561' title='bbox 2728 3613 3055 3666; x_wconf 77' lang='grc' dir='ltr'>ἀναϐαίνειν.</span> <span class='ocrx_word' id='word_1_562' title='bbox 3092 3613 3181 3667; x_wconf 79' lang='grc' dir='ltr'><strong>Διὸ</strong></span> <span class='ocrx_word' id='word_1_563' title='bbox 3216 3616 3392 3678; x_wconf 79' lang='grc' dir='ltr'>οὐδεὶς</span> <span class='ocrx_word' id='word_1_564' title='bbox 3423 3617 3529 3669; x_wconf 83' lang='grc' dir='ltr'><strong>τῶν</strong></span> <span class='ocrx_word' id='word_1_565' title='bbox 3553 3620 3648 3669; x_wconf 90' lang='grc' dir='ltr'><strong>τοῦ</strong></span> <span class='ocrx_word' id='word_1_566' title='bbox 3682 3618 3859 3688; x_wconf 85' lang='grc' dir='ltr'>βήμα-</span> 
     </span>
    </p>
   </div>
   <div class='ocr_carea' id='block_1_92' title="bbox 2318 3698 3861 3775">
    <p class='ocr_par' dir='ltr' id='par_1_92' title="bbox 2318 3698 3861 3775">
     <span class='ocr_line' id='line_1_92' title="bbox 2318 3698 3861 3775; baseline 0.005 -24"><span class='ocrx_word' id='word_1_567' title='bbox 2318 3715 2405 3761; x_wconf 86' lang='grc' dir='ltr'><strong>τος</strong></span> <span class='ocrx_word' id='word_1_568' title='bbox 2427 3698 2563 3768; x_wconf 84' lang='grc' dir='ltr'><strong>μετά</strong></span> <span class='ocrx_word' id='word_1_569' title='bbox 2582 3700 2677 3767; x_wconf 71' lang='grc' dir='ltr'>τὴν</span> <span class='ocrx_word' id='word_1_570' title='bbox 2702 3701 3025 3766; x_wconf 86' lang='grc' dir='ltr'>χειροτονίαν</span> <span class='ocrx_word' id='word_1_571' title='bbox 3050 3702 3335 3771; x_wconf 81' lang='grc' dir='ltr'>τολμηρῶς</span> <span class='ocrx_word' id='word_1_572' title='bbox 3366 3704 3690 3775; x_wconf 77' lang='grc' dir='ltr'>συζευχθείη</span> <span class='ocrx_word' id='word_1_573' title='bbox 3724 3708 3861 3759; x_wconf 73' lang='grc' dir='ltr'>κατὰ</span> 
     </span>
    </p>
   </div>
   <div class='ocr_carea' id='block_1_93' title="bbox 2320 3789 3862 3865">
    <p class='ocr_par' dir='ltr' id='par_1_93' title="bbox 2320 3789 3862 3865">
     <span class='ocr_line' id='line_1_93' title="bbox 2320 3789 3862 3865; baseline 0.005 -25"><span class='ocrx_word' id='word_1_574' title='bbox 2320 3789 2478 3856; x_wconf 85' lang='grc' dir='ltr'>νόμον</span> <span class='ocrx_word' id='word_1_575' title='bbox 2506 3789 2679 3856; x_wconf 87' lang='grc' dir='ltr'>γάμου</span> <span class='ocrx_word' id='word_1_576' title='bbox 2723 3791 2971 3854; x_wconf 87' lang='grc' dir='ltr'>γυναικί·</span> <span class='ocrx_word' id='word_1_577' title='bbox 3023 3791 3177 3843; x_wconf 88' lang='grc' dir='ltr'>τοῦτο</span> <span class='ocrx_word' id='word_1_578' title='bbox 3222 3792 3279 3844; x_wconf 68' lang='grc' dir='ltr'><strong>δὲ</strong></span> <span class='ocrx_word' id='word_1_579' title='bbox 3320 3794 3552 3862; x_wconf 82' lang='grc' dir='ltr'>ποιήσας</span> <span class='ocrx_word' id='word_1_580' title='bbox 3602 3797 3862 3865; x_wconf 82' lang='grc' dir='ltr'>καθαιρε-</span> 
     </span>
    </p>
   </div>
   <div class='ocr_carea' id='block_1_94' title="bbox 2321 3876 3860 3952">
    <p class='ocr_par' dir='ltr' id='par_1_94' title="bbox 2321 3876 3860 3952">
     <span class='ocr_line' id='line_1_94' title="bbox 2321 3876 3860 3952; baseline 0.007 -27"><span class='ocrx_word' id='word_1_581' title='bbox 2321 3876 2559 3941; x_wconf 86' lang='grc' dir='ltr'>θήσεται.</span> <span class='ocrx_word' id='word_1_582' title='bbox 2629 3876 2784 3943; x_wconf 80' lang='grc' dir='ltr'>Ἐξῆν</span> <span class='ocrx_word' id='word_1_583' title='bbox 2844 3878 2951 3945; x_wconf 83' lang='grc' dir='ltr'><strong>γὰρ</strong></span> <span class='ocrx_word' id='word_1_584' title='bbox 3006 3879 3152 3942; x_wconf 85' lang='grc' dir='ltr'><strong>αύτῷ</strong></span> <span class='ocrx_word' id='word_1_585' title='bbox 3213 3881 3316 3948; x_wconf 81' lang='grc' dir='ltr'>πρὸ</span> <span class='ocrx_word' id='word_1_586' title='bbox 3381 3883 3479 3950; x_wconf 89' lang='grc' dir='ltr'><strong>τῆς</strong></span> <span class='ocrx_word' id='word_1_587' title='bbox 3528 3888 3860 3952; x_wconf 76' lang='grc' dir='ltr'>χειροτονίας</span> 
     </span>
    </p>
   </div>
   <div class='ocr_carea' id='block_1_95' title="bbox 2317 3962 3857 4036">
    <p class='ocr_par' dir='ltr' id='par_1_95' title="bbox 2317 3962 3857 4036">
     <span class='ocr_line' id='line_1_95' title="bbox 2317 3962 3857 4036; baseline 0.008 -24"><span class='ocrx_word' id='word_1_588' title='bbox 2317 3962 2539 4030; x_wconf 86' lang='grc' dir='ltr'>ποιῆσαι</span> <span class='ocrx_word' id='word_1_589' title='bbox 2568 3962 2629 4014; x_wconf 80' lang='grc' dir='ltr'>τὸ</span> <span class='ocrx_word' id='word_1_590' title='bbox 2679 3966 2815 4032; x_wconf 69' lang='grc' dir='ltr'>μετὰ</span> <span class='ocrx_word' id='word_1_591' title='bbox 2854 3966 2952 4033; x_wconf 73' lang='grc' dir='ltr'><strong>τήν</strong></span> <span class='ocrx_word' id='word_1_592' title='bbox 2987 3969 3317 4036; x_wconf 88' lang='grc' dir='ltr'>χειροτονίαν</span> <span class='ocrx_word' id='word_1_593' title='bbox 3347 3969 3489 4021; x_wconf 77' lang='grc' dir='ltr'>οὕτω</span> <span class='ocrx_word' id='word_1_594' title='bbox 3525 3974 3709 4034; x_wconf 80' lang='grc' dir='ltr'>κακῶς</span> <span class='ocrx_word' id='word_1_595' title='bbox 3741 3975 3857 4025; x_wconf 82' lang='grc' dir='ltr'>τολ-</span> 
     </span>
    </p>
   </div>
   <div class='ocr_carea' id='block_1_96' title="bbox 2321 4054 2509 4122">
    <p class='ocr_par' dir='ltr' id='par_1_96' title="bbox 2321 4054 2509 4122">
     <span class='ocr_line' id='line_1_96' title="bbox 2321 4054 2509 4122; baseline 0 -17"><span class='ocrx_word' id='word_1_596' title='bbox 2321 4054 2509 4122; x_wconf 74' lang='grc' dir='ltr'>μηθέν.</span> 
     </span>
    </p>
   </div>
   <div class='ocr_carea' id='block_1_97' title="bbox 2398 4142 3860 4221">
    <p class='ocr_par' dir='ltr' id='par_1_97' title="bbox 2398 4142 3860 4221">
     <span class='ocr_line' id='line_1_97' title="bbox 2398 4142 3860 4221; baseline 0.006 -26"><span class='ocrx_word' id='word_1_597' title='bbox 2398 4142 2589 4209; x_wconf 80' lang='grc' dir='ltr'>Ἐρώτ.</span> <span class='ocrx_word' id='word_1_598' title='bbox 2645 4142 2744 4207; x_wconf 76' lang='grc' dir='ltr'><strong>λζ’.</strong></span> <span class='ocrx_word' id='word_1_599' title='bbox 2786 4143 3125 4215; x_wconf 80' lang='grc' dir='ltr'>Ἐκχωρητόν</span> <span class='ocrx_word' id='word_1_600' title='bbox 3158 4148 3271 4200; x_wconf 69' lang='grc' dir='ltr'>ἐστι</span> <span class='ocrx_word' id='word_1_601' title='bbox 3301 4148 3425 4211; x_wconf 75' lang='grc' dir='ltr'>τοὺς</span> <span class='ocrx_word' id='word_1_602' title='bbox 3474 4150 3656 4219; x_wconf 81' lang='grc' dir='ltr'>ῑερετς,</span> <span class='ocrx_word' id='word_1_603' title='bbox 3691 4153 3860 4221; x_wconf 80' lang='grc' dir='ltr'>ήγου-</span> 
     </span>
    </p>
   </div>
   <div class='ocr_carea' id='block_1_98' title="bbox 2320 4233 3858 4312">
    <p class='ocr_par' dir='ltr' id='par_1_98' title="bbox 2320 4233 3858 4312">
     <span class='ocr_line' id='line_1_98' title="bbox 2320 4233 3858 4312; baseline 0.006 -29"><span class='ocrx_word' id='word_1_604' title='bbox 2320 4233 2507 4299; x_wconf 85' lang='grc' dir='ltr'>μένους</span> <span class='ocrx_word' id='word_1_605' title='bbox 2530 4234 2705 4297; x_wconf 72' lang='grc' dir='ltr'>ὄντας,</span> <span class='ocrx_word' id='word_1_606' title='bbox 2733 4233 2768 4301; x_wconf 78' lang='grc' dir='ltr'>ἢ</span> <span class='ocrx_word' id='word_1_607' title='bbox 2798 4237 3251 4302; x_wconf 77' lang='grc' dir='ltr'>πρωτοπαπάδας,</span> <span class='ocrx_word' id='word_1_608' title='bbox 3289 4238 3381 4291; x_wconf 78' lang='grc' dir='ltr'><strong>καὶ</strong></span> <span class='ocrx_word' id='word_1_609' title='bbox 3411 4240 3535 4301; x_wconf 83' lang='grc' dir='ltr'>τοὺς</span> <span class='ocrx_word' id='word_1_610' title='bbox 3562 4240 3858 4312; x_wconf 79' lang='grc' dir='ltr'>ἀρχιερεῖς,</span> 
     </span>
    </p>
   </div>
   <div class='ocr_carea' id='block_1_99' title="bbox 2317 4320 3861 4393">
    <p class='ocr_par' dir='ltr' id='par_1_99' title="bbox 2317 4320 3861 4393">
     <span class='ocr_line' id='line_1_99' title="bbox 2317 4320 3861 4393; baseline 0.005 -23"><span class='ocrx_word' id='word_1_611' title='bbox 2317 4320 2403 4371; x_wconf 83' lang='grc' dir='ltr'>διὰ</span> <span class='ocrx_word' id='word_1_612' title='bbox 2449 4320 2786 4388; x_wconf 72' lang='grc' dir='ltr'>ἐπιμανίκων</span> <span class='ocrx_word' id='word_1_613' title='bbox 2836 4322 2931 4372; x_wconf 73' lang='grc' dir='ltr'>καὶ</span> <span class='ocrx_word' id='word_1_614' title='bbox 2968 4324 3323 4388; x_wconf 74' lang='grc' dir='ltr'>ιπιγονατίων</span> <span class='ocrx_word' id='word_1_615' title='bbox 3368 4325 3861 4393; x_wconf 85' lang='grc' dir='ltr'>ἀποσεμνύνεσθαι·</span> 
     </span>
    </p>
   </div>
   <div class='ocr_carea' id='block_1_100' title="bbox 2250 4390 2723 4477">
    <p class='ocr_par' dir='ltr' id='par_1_100' title="bbox 2250 4390 2723 4477">
     <span class='ocr_line' id='line_1_100' title="bbox 2250 4390 2723 4477; baseline -0.002 -19"><span class='ocrx_word' id='word_1_616' title='bbox 2250 4390 2293 4443; x_wconf 79' lang='grc' dir='ltr'>ί)</span> <span class='ocrx_word' id='word_1_617' title='bbox 2328 4408 2358 4477; x_wconf 76' lang='grc' dir='ltr'>ἢ</span> <span class='ocrx_word' id='word_1_618' title='bbox 2388 4408 2689 4461; x_wconf 84' lang='grc' dir='ltr'>κεκώλυται</span> <span class='ocrx_word' id='word_1_619' title='bbox 2709 4426 2723 4473; x_wconf 89' lang='lat'><strong>;</strong></span> 
     </span>
    </p>
   </div>
   <div class='ocr_carea' id='block_1_101' title="bbox 2399 4496 3867 4568">
    <p class='ocr_par' dir='ltr' id='par_1_101' title="bbox 2399 4496 3867 4568">
     <span class='ocr_line' id='line_1_101' title="bbox 2399 4496 3867 4568; baseline 0.002 -20"><span class='ocrx_word' id='word_1_620' title='bbox 2399 4496 2587 4549; x_wconf 73' lang='grc' dir='ltr'>Ὰκόκ.</span> <span class='ocrx_word' id='word_1_621' title='bbox 2629 4497 2693 4548; x_wconf 84' lang='grc' dir='ltr'><strong>Ἦ</strong></span> <span class='ocrx_word' id='word_1_622' title='bbox 2714 4496 2823 4548; x_wconf 84' lang='grc' dir='ltr'><strong>τῶν</strong></span> <span class='ocrx_word' id='word_1_623' title='bbox 2860 4497 3195 4565; x_wconf 69' lang='grc' dir='ltr'>ἑπιμανίκων</span> <span class='ocrx_word' id='word_1_624' title='bbox 3235 4498 3325 4549; x_wconf 81' lang='grc' dir='ltr'>καὶ</span> <span class='ocrx_word' id='word_1_625' title='bbox 3355 4498 3461 4551; x_wconf 84' lang='grc' dir='ltr'><strong>τῶν</strong></span> <span class='ocrx_word' id='word_1_626' title='bbox 3507 4501 3867 4568; x_wconf 69' lang='grc' dir='ltr'>ἑπιγονατίων</span> 
     </span>
    </p>
   </div>
   <div class='ocr_carea' id='block_1_102' title="bbox 2321 4585 3867 4658">
    <p class='ocr_par' dir='ltr' id='par_1_102' title="bbox 2321 4585 3867 4658">
     <span class='ocr_line' id='line_1_102' title="bbox 2321 4585 3867 4658; baseline 0.005 -23"><span class='ocrx_word' id='word_1_627' title='bbox 2321 4585 2585 4654; x_wconf 74' lang='grc' dir='ltr'>ἱερωτάτη</span> <span class='ocrx_word' id='word_1_628' title='bbox 2615 4586 2896 4653; x_wconf 67' lang='grc' dir='ltr'>ινδυμενία</span> <span class='ocrx_word' id='word_1_629' title='bbox 2928 4587 3107 4654; x_wconf 88' lang='grc' dir='ltr'>μόνοις</span> <span class='ocrx_word' id='word_1_630' title='bbox 3134 4590 3245 4649; x_wconf 79' lang='grc' dir='ltr'>τοῖς</span> <span class='ocrx_word' id='word_1_631' title='bbox 3288 4588 3599 4657; x_wconf 81' lang='grc' dir='ltr'>ἀρχιερεῦσι</span> <span class='ocrx_word' id='word_1_632' title='bbox 3644 4593 3867 4658; x_wconf 76' lang='grc' dir='ltr'>πεφιλο-</span> 
     </span>
    </p>
   </div>
   <div class='ocr_carea' id='block_1_103' title="bbox 2318 4674 3866 4746">
    <p class='ocr_par' dir='ltr' id='par_1_103' title="bbox 2318 4674 3866 4746">
     <span class='ocr_line' id='line_1_103' title="bbox 2318 4674 3866 4746; baseline 0.004 -20"><span class='ocrx_word' id='word_1_633' title='bbox 2318 4675 2563 4743; x_wconf 85' lang='grc' dir='ltr'>τίμηται,</span> <span class='ocrx_word' id='word_1_634' title='bbox 2612 4674 2686 4737; x_wconf 84' lang='grc' dir='ltr'><strong>ὡς</strong></span> <span class='ocrx_word' id='word_1_635' title='bbox 2732 4676 2822 4727; x_wconf 82' lang='grc' dir='ltr'>τὸν</span> <span class='ocrx_word' id='word_1_636' title='bbox 2867 4675 3033 4725; x_wconf 81' lang='grc' dir='ltr'>τύπον</span> <span class='ocrx_word' id='word_1_637' title='bbox 3076 4677 3326 4743; x_wconf 71' lang='grc' dir='ltr'>ἐπέχουσι</span> <span class='ocrx_word' id='word_1_638' title='bbox 3366 4676 3455 4727; x_wconf 87' lang='grc' dir='ltr'><strong>τοῦ</strong></span> <span class='ocrx_word' id='word_1_639' title='bbox 3514 4678 3718 4746; x_wconf 76' lang='grc' dir='ltr'>Κυρίου</span> <span class='ocrx_word' id='word_1_640' title='bbox 3770 4684 3866 4732; x_wconf 77' lang='grc' dir='ltr'>καὶ</span> 
     </span>
    </p>
   </div>
   <div class='ocr_carea' id='block_1_104' title="bbox 2318 4764 3865 4835">
    <p class='ocr_par' dir='ltr' id='par_1_104' title="bbox 2318 4764 3865 4835">
     <span class='ocr_line' id='line_1_104' title="bbox 2318 4764 3865 4835; baseline 0.003 -20"><span class='ocrx_word' id='word_1_641' title='bbox 2318 4764 2449 4816; x_wconf 86' lang='grc' dir='ltr'>Θεοῦ</span> <span class='ocrx_word' id='word_1_642' title='bbox 2477 4765 2568 4817; x_wconf 80' lang='grc' dir='ltr'>καὶ</span> <span class='ocrx_word' id='word_1_643' title='bbox 2596 4764 2845 4832; x_wconf 85' lang='grc' dir='ltr'>Σωτῆρος</span> <span class='ocrx_word' id='word_1_644' title='bbox 2882 4764 3037 4832; x_wconf 84' lang='grc' dir='ltr'>ήμῶν</span> <span class='ocrx_word' id='word_1_645' title='bbox 3079 4764 3254 4833; x_wconf 85' lang='grc' dir='ltr'>Ἰησοῦ</span> <span class='ocrx_word' id='word_1_646' title='bbox 3281 4766 3537 4835; x_wconf 76' lang='grc' dir='ltr'>Χριστοῦο</span> <span class='ocrx_word' id='word_1_647' title='bbox 3571 4768 3865 4822; x_wconf 87' lang='grc' dir='ltr'>κάντεῦθεν</span> 
     </span>
    </p>
   </div>
   <div class='ocr_carea' id='block_1_105' title="bbox 2322 4854 3864 4924">
    <p class='ocr_par' dir='ltr' id='par_1_105' title="bbox 2322 4854 3864 4924">
     <span class='ocr_line' id='line_1_105' title="bbox 2322 4854 3864 4924; baseline 0.004 -19"><span class='ocrx_word' id='word_1_648' title='bbox 2322 4855 2415 4905; x_wconf 61' lang='grc' dir='ltr'><strong>καὶ⁸</strong></span> <span class='ocrx_word' id='word_1_649' title='bbox 2441 4855 2708 4924; x_wconf 84' lang='grc' dir='ltr'>ἁμαρτίας</span> <span class='ocrx_word' id='word_1_650' title='bbox 2737 4854 2984 4923; x_wconf 85' lang='grc' dir='ltr'>ἀφιοῦσιν</span> <span class='ocrx_word' id='word_1_651' title='bbox 3016 4855 3335 4924; x_wconf 84' lang='grc' dir='ltr'>ἀνθρώπων,</span> <span class='ocrx_word' id='word_1_652' title='bbox 3358 4858 3447 4909; x_wconf 83' lang='grc' dir='ltr'>καὶ</span> <span class='ocrx_word' id='word_1_653' title='bbox 3474 4856 3609 4909; x_wconf 84' lang='grc' dir='ltr'>ἀλλα</span> <span class='ocrx_word' id='word_1_654' title='bbox 3648 4859 3864 4911; x_wconf 84' lang='grc' dir='ltr'>ποιοῦσι</span> 
     </span>
    </p>
   </div>
   <div class='ocr_carea' id='block_1_106' title="bbox 2322 4943 3865 5015">
    <p class='ocr_par' dir='ltr' id='par_1_106' title="bbox 2322 4943 3865 5015">
     <span class='ocr_line' id='line_1_106' title="bbox 2322 4943 3865 5015; baseline 0.004 -21"><span class='ocrx_word' id='word_1_655' title='bbox 2322 4943 2779 5012; x_wconf 83' lang='grc' dir='ltr'>Χριστομιμήτως</span> <span class='ocrx_word' id='word_1_656' title='bbox 2839 4943 3077 5012; x_wconf 83' lang='grc' dir='ltr'>μείζονα,</span> <span class='ocrx_word' id='word_1_657' title='bbox 3136 4946 3234 4997; x_wconf 80' lang='grc' dir='ltr'>ὅσα</span> <span class='ocrx_word' id='word_1_658' title='bbox 3292 4948 3404 5008; x_wconf 82' lang='grc' dir='ltr'>τοῖς</span> <span class='ocrx_word' id='word_1_659' title='bbox 3465 4946 3699 5015; x_wconf 74' lang='grc' dir='ltr'>ἱερεῦσιν</span> <span class='ocrx_word' id='word_1_660' title='bbox 3762 4950 3865 5000; x_wconf 76' lang='grc' dir='ltr'>οὐκ</span> 
     </span>
    </p>
   </div>
   <div class='ocr_carea' id='block_1_107' title="bbox 2321 5029 3865 5100">
    <p class='ocr_par' dir='ltr' id='par_1_107' title="bbox 2321 5029 3865 5100">
     <span class='ocr_line' id='line_1_107' title="bbox 2321 5029 3865 5100; baseline 0.003 -21"><span class='ocrx_word' id='word_1_661' title='bbox 2321 5030 2658 5098; x_wconf 75' lang='grc' dir='ltr'>ἑνεδόθησαν.</span> <span class='ocrx_word' id='word_1_662' title='bbox 2700 5030 2790 5081; x_wconf 78' lang='grc' dir='ltr'><strong>Διὸ</strong></span> <span class='ocrx_word' id='word_1_663' title='bbox 2817 5029 2936 5082; x_wconf 70' lang='grc' dir='ltr'><strong>οὐδὲ</strong></span> <span class='ocrx_word' id='word_1_664' title='bbox 2966 5030 3061 5097; x_wconf 86' lang='grc' dir='ltr'><strong>τῆς</strong></span> <span class='ocrx_word' id='word_1_665' title='bbox 3101 5030 3208 5081; x_wconf 86' lang='grc' dir='ltr'><strong>τῶν</strong></span> <span class='ocrx_word' id='word_1_666' title='bbox 3238 5032 3574 5100; x_wconf 73' lang='grc' dir='ltr'>ἑπιμανίκων</span> <span class='ocrx_word' id='word_1_667' title='bbox 3604 5033 3726 5085; x_wconf 73' lang='grc' dir='ltr'><strong>οὐδὲ</strong></span> <span class='ocrx_word' id='word_1_668' title='bbox 3754 5033 3865 5085; x_wconf 84' lang='grc' dir='ltr'><strong>τῶν</strong></span> 
     </span>
    </p>
   </div>
   <div class='ocr_carea' id='block_1_108' title="bbox 2321 5117 3866 5192">
    <p class='ocr_par' dir='ltr' id='par_1_108' title="bbox 2321 5117 3866 5192">
     <span class='ocr_line' id='line_1_108' title="bbox 2321 5117 3866 5192; baseline 0.006 -26"><span class='ocrx_word' id='word_1_669' title='bbox 2321 5117 2673 5182; x_wconf 71' lang='grc' dir='ltr'>ἐπιγονατίων</span> <span class='ocrx_word' id='word_1_670' title='bbox 2733 5118 3045 5185; x_wconf 75' lang='grc' dir='ltr'>ὲνδυμενίας</span> <span class='ocrx_word' id='word_1_671' title='bbox 3112 5118 3517 5188; x_wconf 80' lang='grc' dir='ltr'>ἀξιωθήσονται.</span> <span class='ocrx_word' id='word_1_672' title='bbox 3600 5120 3681 5174; x_wconf 82' lang='grc' dir='ltr'><strong>Τὰ</strong></span> <span class='ocrx_word' id='word_1_673' title='bbox 3754 5124 3866 5192; x_wconf 80' lang='grc' dir='ltr'>γάρ</span> 
     </span>
    </p>
   </div>
   <div class='ocr_carea' id='block_1_109' title="bbox 2320 5209 3863 5283">
    <p class='ocr_par' dir='ltr' id='par_1_109' title="bbox 2320 5209 3863 5283">
     <span class='ocr_line' id='line_1_109' title="bbox 2320 5209 3863 5283; baseline 0.006 -25"><span class='ocrx_word' id='word_1_674' title='bbox 2320 5209 2616 5277; x_wconf 76' lang='grc' dir='ltr'>ὲπιμάνικα</span> <span class='ocrx_word' id='word_1_675' title='bbox 2640 5209 2808 5270; x_wconf 81' lang='grc' dir='ltr'>τύπος</span> <span class='ocrx_word' id='word_1_676' title='bbox 2843 5210 2949 5261; x_wconf 80' lang='grc' dir='ltr'>είσὶ</span> <span class='ocrx_word' id='word_1_677' title='bbox 2996 5210 3102 5263; x_wconf 85' lang='grc' dir='ltr'>τῶν</span> <span class='ocrx_word' id='word_1_678' title='bbox 3131 5213 3455 5281; x_wconf 85' lang='grc' dir='ltr'>χειροπεδῶν</span> <span class='ocrx_word' id='word_1_679' title='bbox 3491 5213 3600 5265; x_wconf 85' lang='grc' dir='ltr'><strong>τῶν</strong></span> <span class='ocrx_word' id='word_1_680' title='bbox 3631 5215 3863 5283; x_wconf 68' lang='grc' dir='ltr'>ἑλιχθει-</span> 
     </span>
    </p>
   </div>
   <div class='ocr_carea' id='block_1_110' title="bbox 2323 5297 3863 5369">
    <p class='ocr_par' dir='ltr' id='par_1_110' title="bbox 2323 5297 3863 5369">
     <span class='ocr_line' id='line_1_110' title="bbox 2323 5297 3863 5369; baseline 0.006 -22"><span class='ocrx_word' id='word_1_681' title='bbox 2323 5297 2428 5348; x_wconf 82' lang='grc' dir='ltr'>σῶν</span> <span class='ocrx_word' id='word_1_682' title='bbox 2466 5300 2543 5359; x_wconf 89' lang='grc' dir='ltr'><strong>είς</strong></span> <span class='ocrx_word' id='word_1_683' title='bbox 2574 5298 2673 5359; x_wconf 88' lang='grc' dir='ltr'><strong>τάς</strong></span> <span class='ocrx_word' id='word_1_684' title='bbox 2712 5300 2897 5367; x_wconf 82' lang='grc' dir='ltr'>χεῖρας</span> <span class='ocrx_word' id='word_1_685' title='bbox 2942 5299 3035 5351; x_wconf 90' lang='grc' dir='ltr'><strong>τοῦ</strong></span> <span class='ocrx_word' id='word_1_686' title='bbox 3068 5300 3270 5369; x_wconf 80' lang='grc' dir='ltr'>Κυρίου</span> <span class='ocrx_word' id='word_1_687' title='bbox 3311 5303 3402 5353; x_wconf 75' lang='grc' dir='ltr'>καὶ</span> <span class='ocrx_word' id='word_1_688' title='bbox 3448 5302 3580 5355; x_wconf 86' lang='grc' dir='ltr'>Θεοῦ</span> <span class='ocrx_word' id='word_1_689' title='bbox 3614 5306 3707 5355; x_wconf 77' lang='grc' dir='ltr'>καὶ</span> <span class='ocrx_word' id='word_1_690' title='bbox 3751 5305 3863 5357; x_wconf 83' lang='grc' dir='ltr'><strong>Σω-</strong></span> 
     </span>
    </p>
   </div>
   <div class='ocr_carea' id='block_1_111' title="bbox 2323 5386 3864 5457">
    <p class='ocr_par' dir='ltr' id='par_1_111' title="bbox 2323 5386 3864 5457">
     <span class='ocr_line' id='line_1_111' title="bbox 2323 5386 3864 5457; baseline 0.005 -20"><span class='ocrx_word' id='word_1_691' title='bbox 2323 5386 2667 5456; x_wconf 84' lang='grc' dir='ltr'>τῆροςήμῶν</span> <span class='ocrx_word' id='word_1_692' title='bbox 2708 5388 2877 5457; x_wconf 84' lang='grc' dir='ltr'>Ἰησοῦ</span> <span class='ocrx_word' id='word_1_693' title='bbox 2928 5389 3162 5457; x_wconf 84' lang='grc' dir='ltr'>Χριστοῦ</span> <span class='ocrx_word' id='word_1_694' title='bbox 3213 5391 3300 5442; x_wconf 85' lang='grc' dir='ltr'>ὅτε</span> <span class='ocrx_word' id='word_1_695' title='bbox 3353 5391 3485 5457; x_wconf 81' lang='grc' dir='ltr'>πρὸς</span> <span class='ocrx_word' id='word_1_696' title='bbox 3517 5391 3577 5443; x_wconf 85' lang='grc' dir='ltr'>τδ</span> <span class='ocrx_word' id='word_1_697' title='bbox 3616 5390 3864 5445; x_wconf 61' lang='grc' dir='ltr'>ἑκούσιον</span> 
     </span>
    </p>
   </div>
   <div class='ocr_carea' id='block_1_112' title="bbox 1918 5556 2577 5615">
    <p class='ocr_par' dir='ltr' id='par_1_112' title="bbox 1918 5556 2577 5615">
     <span class='ocr_line' id='line_1_112' title="bbox 1918 5556 2577 5615; baseline 0.006 -4"><span class='ocrx_word' id='word_1_698' title='bbox 1918 5556 2147 5611; x_wconf 64' lang='grc' dir='ltr'><strong>ΫᾹΠΙΛΕ</strong></span> <span class='ocrx_word' id='word_1_699' title='bbox 2187 5556 2577 5615; x_wconf 72' lang='lat' dir='ltr'><strong>LECTIONES.</strong></span> 
     </span>
    </p>
   </div>
   <div class='ocr_carea' id='block_1_113' title="bbox 755 5651 1845 5734">
    <p class='ocr_par' dir='ltr' id='par_1_113' title="bbox 755 5651 1845 5734">
     <span class='ocr_line' id='line_1_113' title="bbox 755 5651 1845 5734; baseline -0.004 -27"><span class='ocrx_word' id='word_1_700' title='bbox 755 5660 803 5699; x_wconf 72' lang='grc' dir='ltr'><strong>ι·</strong></span> <span class='ocrx_word' id='word_1_701' title='bbox 827 5657 911 5720; x_wconf 81' lang='lat' dir='ltr'><strong>qui</strong></span> <span class='ocrx_word' id='word_1_702' title='bbox 936 5656 1140 5708; x_wconf 76' lang='lat' dir='ltr'><strong>obbam</strong></span> <span class='ocrx_word' id='word_1_703' title='bbox 1176 5655 1303 5734; x_wconf 62' lang='lat' dir='ltr'><strong>sin}.</strong></span> <span class='ocrx_word' id='word_1_704' title='bbox 1333 5651 1407 5705; x_wconf 80' lang='lat' dir='ltr'><strong>vel</strong></span> <span class='ocrx_word' id='word_1_705' title='bbox 1442 5651 1845 5719; x_wconf 74' lang='lat' dir='ltr'><strong>protopapades.</strong></span> 
     </span>
    </p>
   </div>
  </div>
