4110 6472
215 407 321 471 989

1035 409 1420 470 RESI‘ONSA
1464 408 1563 466 AD
1601 409 2344 470 lN'l‘EllllOGA'l‘lONES
2387 408 2643 468 MARlIl.

3307 408 3414 469 990

223 524 388 584 πάθος
437 523 718 590 ἠπείγετο.
772 526 841 576 Τὸ
880 527 932 576 δὲ
964 529 1299 593 ἐπιγονάτιον
1351 530 1426 588 είς
1471 524 1607 578 τύπο
1665 522 1756 573 τοῦ
1790 534 1828 579 Α

1790 534 1828 579 Α
1861 523 2036 575 debat.
2076 524 2471 596 Supcrgenuale
2503 537 2702 588 autem,
2745 526 2909 595 ﬁgura
2942 535 3024 581 est
3054 527 3224 588 lintei.
3257 533 3397 596 quod

222 609 424 662 λεντίου
458 614 628 675 ἐστὶν,
666 614 692 665 δ
727 614 753 664 ό
776 615 969 683 Κύριος
1007 617 1304 674 ἐνεδύσατο.
1338 621 1428 668 καὶ
1449 619 1574 674 τοὺς
1603 616 1760 677 πόδας

224 700 326 751 τῶν
353 701 615 769 μαθητῶν
645 703 838 768 ἔνιψεν.
871 705 1076 772 Ὥσπερ
1098 705 1186 758 οὖν
1208 708 1266 758 οὐ
1287 706 1460 773 δοθείη
1485 706 1761 774 ὲπισκόπῳ

223 791 325 840 τινὶ
359 789 428 841 τὰ
459 794 570 851 τοῖς
601 794 958 862 πατριάρχαις
995 795 1410 862 φιλοτιμηθέντα
1431 797 1514 847 διὰ
1542 796 1761 862 ἐνδυμε-

223 879 340 939 νίας
374 881 708 947 χαρίσματα,
734 885 930 944 σάκκος
959 884 1195 952 δηλονότι
1249 887 1339 936 καὶ
1371 885 1762 952 πολυσταύριον

225 969 464 1032 (τούτους
501 971 607 1036 γὰρ
643 970 744 1020 ὑπὸ
773 973 970 1023 τούτων
1007 974 1346 1024 κυδαίνεσθαι
1382 974 1642 1034 δέδοκται,
1689 975 1762 1035 ὡς

226 1058 319 1109 καὶ
358 1059 790 1126 ἀναφερομένους
817 1063 895 1120 είς
933 1062 1028 1126 τῆς
1068 1063 1386 1130 οἰκουμένης
1423 1063 1482 1113 τὰ
1530 1066 1759 1132 πέρατα’

225 1150 395 1213 οὕτως
444 1152 562 1203 οὐδὲ
597 1152 663 1203 τά
701 1155 812 1215 τοῖς
854 1155 1168 1217 ἐπισκόποις
1199 1156 1603 1226 ἀπονεμηθέντα
1636 1173 1764 1222 προ-

224 1240 384 1305 νόμια
432 1241 543 1298 τοῖς
587 1240 784 1307 ἱερεῦσι
830 1241 1143 1310 δοθήσεταιο
1191 1245 1273 1296 ἵνα
1320 1244 1391 1312 μὴ
1431 1245 1536 1296 τῶν
1567 1245 1763 1312 ἐκκληο

225 1323 516 1374 σιαστικῶν
565 1325 870 1391 προνομίων
935 1328 1189 1396 σύγχυσις
1248 1331 1488 1397 γένηται,
1547 1331 1640 1382 καὶ
1687 1331 1762 1399 τῷ

226 1414 492 1465 Πλάσαντι
529 1415 655 1484 εἴπῃ
677 1415 736 1466 τὸ
762 1415 1001 1484 πλάσμα·
1044 1419 1349 1488 Ἐξισοῦμαί
1378 1437 1479 1474 σοι.

306 1502 503 1568 Ἑρώτ.
560 1501 658 1568 λη’.
726 1504 856 1556 Ἀπὸ
898 1507 1124 1574 ἀρχαίας
1171 1511 1432 1577 ἐγχωρίου
1480 1513 1760 1582 συνηθείας

225 1591 524 1643 θάπτονται
572 1591 794 1658 λείψανα
841 1593 1128 1661 sponsang
1154 1598 1230 1658 είς
1261 1598 1357 1659 τὰς
1401 1601 1536 1652 κατὰ
1581 1601 1760 1669 χώραν

226 1679 515 1746 ἐκκλησίας
561 1680 749 1748 ἡμῶν.
795 1682 947 1749 Ζητῶ
990 1681 1080 1736 οὖν
1126 1685 1312 1753 μαθεῖν
1357 1689 1404 1738 εί
1447 1688 1560 1740 ἐστι
1607 1689 1761 1742 τοῦτο

225 1769 698 1835 ἀποιριμάτιστον.

1866 609 2036 662 induit
2082 613 2360 673 Dominus,
2406 627 2528 664 cum
2583 615 2966 680 discipulorum
3031 615 3192 682 pedes
3245 614 3398 670 lavit.

1863 700 2317 761 Quemadmodum
2371 703 2530 770 igitur
2577 719 2695 769 quae
2750 706 3062 771 patriarcliis
3108 721 3199 773 per
3243 707 3400 759 indu-

1864 797 2039 841 menta
2087 794 2270 858 gratite
2310 793 2523 844 tributa:
2560 804 2684 845 sunt
2710 795 2750 856 ⁸,
2796 795 2885 846 ulli
2930 796 3019 848 alii
3062 812 3166 849 non
3205 798 3401 849 dantur

1861 878 2135 945 episc0po,
2177 894 2368 932 saccus
2411 881 2656 934 videlicet
2685 892 2736 934 et
2769 898 2897 934 crux
2939 887 3255 954 multiplex'I
3285 888 3400 955 (eos

1861 966 2002 1016 enim
2032 967 2177 1019 hisce
2211 968 2451 1020 decorari
2487 972 2709 1037 placuit,
2737 980 2915 1040 ttlpnlc
2945 973 3138 1027 relatos
3169 977 3275 1025 ad"
3306 976 3396 1027 ha-

1863 1051 2095 1106 bitabilis
2117 1056 2262 1107 orbis
2295 1059 2577 1124 extrema):
2619 1058 2695 1110 sic
2722 1073 2818 1110 nec
2847 1061 3113 1128 episcopis
3138 1076 3392 1118 concessa

1863 1143 2134 1210 privilegia
2165 1146 2535 1202 sacerdotibus
2573 1147 2862 1212 dabuntur,
2895 1165 2959 1202 ne
2992 1152 3393 1221 privilegiorum

1863 1231 2346 1286 ecclesiastieorum
2412 1236 2662 1289 confusio
2723 1238 2832 1302 nat,
2878 1249 2931 1292 et
2967 1238 3208 1295 Creatori
3253 1241 3397 1298 dicat

1862 1331 2127 1387 creatura,
2168 1325 2427 1393 Exaequor
2459 1328 2572 1380 tibi.

1937 1498 2128 1552 Interr.
2170 1501 2255 1553 ⁸58.
2297 1501 2484 1556 Vetere
2516 1505 2802 1571 provinciae
2849 1512 3235 1566 consuetudine
3268 1514 3395 1568 rel!-

1863 1589 2041 1653 quia:Ir
2089 1591 2514 1643 ortliodoxorum
2559 1593 2611 1644 in
2650 1603 2846 1648 nostra:
2893 1599 3124 1665 regionis
3153 1603 3394 1656 ecclesiis

1865 1678 2212 1744 sepeliuntur.
2247 1680 2436 1744 Quaero
2463 1681 2623 1748 igitur
2645 1683 2870 1750 discere,
2892 1702 2958 1739 an
2981 1688 3079 1742 boc
3101 1691 3232 1742 citra
3261 1706 3393 1760 pra-

1861 1766 2119 1831 jndieium
2154 1766 2264 1818 ﬂat.

308 1859 502 1911 Ἅπόκ.
527 1858 764 1927 Διάφορα
794 1861 996 1929 μεγάλη
1021 1863 1471 1932 ὲστὶνὲκκλησιῶν
1501 1883 1759 1936 κασιερω-
1794 1839 1835 1892 Β

1794 1839 1835 1892 Β
1935 1851 2086 1920 Resp.
2110 1855 2293 1923 Magna
2322 1854 2621 1909 diﬂ'erentia
2649 1868 2729 1910 est
2753 1859 2893 1912 inter
2912 1860 3168 1914 ecclesias
3197 1876 3391 1916 conse-

225 1941 419 2001 θεισῶν
474 1951 562 2003 διὰ
608 1952 893 2016 ἑγκαινὶων
943 1953 1189 2017 ἁνοιξίων
1242 1957 1334 2005 καὶ
1385 1955 1754 2025 ἐνθρονισμοῦ,

226 2039 524 2108 χρίσματος
556 2056 614 2092 τε
639 2041 792 2106 ἁγίου
823 2040 1011 2109 μύρου,
1035 2044 1128 2094 καὶ
1155 2045 1459 2106 ἀποθέσεως
1495 2046 1756 2113 λειψάνων

225 2131 394 2195 ἁγίων
429 2130 796 2199 μαρτυρικῶν,
833 2134 924 2182 καὶ
951 2133 1056 2183 τῶν
1085 2133 1156 2201 μη
1184 2133 1350 2195 οὕτως
1377 2137 1755 2201 άγιασθεισῶν,

228 2220 320 2270 καὶ
345 2219 632 2288 εὐκτηρίου
658 2219 820 2271 τόπον
842 2222 1165 2289 ἐπεχουσῶν.
1195 2225 1285 2274 Διὸ
1319 2226 1374 2276 ὲν
1404 2226 1630 2288 ἐκείναις
1661 2228 1758 2293 μὲν

226 2311 282 2360 ὲν
312 2303 400 2370 αῖς
429 2308 668 2376 δηλονότι
705 2311 1012 2378 μαρτυρικά
1046 2311 1271 2379 λείψανα
1316 2315 1755 2384 τεθησαύρισται,

229 2399 318 2450 καὶ
363 2399 520 2464 ἁγίου
558 2398 725 2466 μύρου
765 2399 1128 2468 εμεσολάσησε
1175 2402 1398 2470 χρίσμα,
1427 2404 1757 2472 ἀνθρώπινον

227 2487 476 2551 λείψανον
503 2488 878 2556 οίονδηποτοῦν
907 2489 967 2540 οὐ
1005 2491 1297 2559 ταφήσεται
1329 2491 1484 2559 (κατὰ
1513 2494 1572 2544 τὸ
1600 2493 1641 2560 β’
1666 2511 1757 2544 κε-

228 2577 451 2642 φάλαιον
478 2577 568 2628 τοῦ
597 2577 643 2628 α’
688 2579 864 2630 τίτλου
888 2581 979 2632 τοῦ
1006 2582 1046 2632 ε’
1074 2580 1274 2649 βιϐλίου
1313 2582 1417 2632 τῶν
1439 2583 1753 2643 Βασιλικῶν,

227 2667 285 2717 τὸ
313 2664 494 2731 λέγονο
521 2666 720 2733 Μηδεὶς
763 2669 818 2719 ιν
846 2669 1105 2737 ἐκκλησία
1129 2671 1372 2722 θαπτέτω
1415 2673 1619 2739 νεκρόν.
1651 2673 1757 2722 Καὶ

231 2755 369 2806 κατὰ
407 2755 496 2805 τὶν
543 2755 737 2815 ἔξωθεν
789 2757 952 2809 αὑτοῦ
999 2758 1243 2826 κείμενον
1280 2758 1522 2820 παλαιὸν,
1551 2759 1642 2810 τὸν
1669 2759 1758 2810 λέ-

235 2860 415 2907 γοντασ
451 2845 564 2896 Οὐκ
606 2844 778 2910 ἔξεστι
813 2846 1034 2898 θάπτειν
1065 2848 1182 2900 τινὰ
1220 2849 1275 2898 ἓν
1322 2848 1599 2918 ἐκκλησίᾳ,
1633 2847 1758 2900 ἔνθα

227 2934 467 2996 δηλονότι
513 2934 781 3004 μάρτυρος
830 2937 1003 2987 ἐκεῖσε
1033 2936 1186 3003 σῶμα
1223 2937 1524 3005 ἀπόκειται)
1551 2954 1563 2968 δ
1589 2940 1667 3000 είς
1703 2939 1759 2990 δὲ

228 3023 353 3082 τοὺς
417 3023 490 3089 μὴ
554 3023 694 3074 οὕτω
746 3023 1187 3093 καθιερωθέντας,
1223 3027 1406 3090 ἁγίους
1444 3029 1760 3096 εὐκτηρίους

229 3108 776 3179 κατονομαζομένους,
861 3113 1150 3175 ἀκινδύνως

231 3199 480 3265 λείψανα.

311 3290 511 3354 Ἐρώτ.
567 3289 641 3341 λθ⁹
721 3290 972 3344 Κάτοικοί
1021 3309 1176 3344 τινων
1231 3294 1469 3361 ὲνοριῶν,
1505 3296 1601 3357 τὰς
1654 3297 1760 3348 τῶν

234 3379 451 3431 οἰκείων
483 3380 775 3449 ἀρχιερέων
806 3383 1135 3450 χειροτονίας
1174 3386 1611 3452 παραιτούμενοι,
1645 3387 1761 3437 ἑτέ-

240 3485 346 3536 ρων
381 3469 598 3536 ὲνοριῶν
631 3469 944 3532 ἐπισκόποις
977 3473 1360 3538 προσέρχονται
1398 3474 1488 3526 καὶ
1527 3491 1762 3544 χειροτορ

236 3557 382 3616 νιῶν,
445 3557 620 3618 καθὼς
678 3559 901 3620 ἕκαστος
969 3559 1077 3628 εχει
1145 3561 1457 3630 Θελήματος.
1517 3562 1574 3614 El
1637 3564 1763 3629 γοῦν

235 3644 488 3707 ἀσφαλῶς
524 3645 704 3706 αὐτοῖς
740 3647 946 3710 γίνεται
971 3649 1146 3709 τοῦτο,
1181 3650 1325 3717 ζητῶ
1362 3643 1568 3716 μαθεῖν.

317 3733 521 3787 Ἀπόκ.
562 3733 694 3794 Τοὺς
727 3733 822 3800 μὲν
847 3734 1190 3800 ἀναγνώστας
1233 3739 1355 3798 τοὺς
1398 3739 1759 3805 ἀθετήσαντας

237 3822 330 3881 τὰς
358 3821 685 3888 χειροτονίας
705 3821 810 3872 τῶν
833 3824 1134 3876 ἐπισκόπων
1147 3826 1342 3885 αὐτῶν,
1368 3826 1459 3877 καὶ
1481 3829 1556 3887 είς
1575 3830 1762 3897 ἑτέρας

238 3909 450 3976 ὶνορίας
501 3910 738 3976 μείζονος
784 3911 1106 3972 ἀξιωθέντας
1156 3913 1357 3980 βαθμοῦ
1396 3915 1480 3966 διὰ
1530 3916 1764 3984 χειροθε-

241 3996 359 4057 σίας
377 3997 754 4063 ὲπισκοπικῆς,
783 3999 1169 4065 ἁκοινωνησίας
1192 4001 1446 4068 ἐπιτιμίῳ
1471 4003 1518 4052 οί
1546 4003 1763 4064 κανόνες

237 4085 701 4138 καθυποῆάλλουσι
727 4100 740 4116 °
785 4090 874 4138 καὶ
919 4089 979 4140 οὺ
1031 4089 1188 4154 μόνον
1234 4090 1444 4150 αὐτοὺς,
1489 4091 1620 4142 ἀλλὰ
1670 4093 1764 4143 καὶ

236 4175 360 4233 τοὺς
419 4176 898 4241 χειροτονήσαντας
967 4175 1220 4238 τούτους,
1291 4179 1465 4237 καθὼς
1520 4178 1588 4231 τὰ
1638 4181 1762 4246 περὶ

236 4260 425 4312 τούτου
483 4261 807 4326 παρίσταται
861 4261 966 4312 ἀπὸ
1019 4263 1110 4313 τοῦ
1167 4262 1235 4314 νδ¹
1296 4265 1512 4326 κανόνος
1563 4265 1658 4332 τῆς
1705 4268 1762 4316 εν

239 4348 560 4418 Καρθαγένη
604 4350 852 4408 συνόδου,
893 4351 1060 4404 ταῦτα
1091 4353 1228 4404 κατὰ
1275 4354 1422 4423 ῥῆμα
1468 4355 1763 4423 διαλαμϐά-

1243 3115 1758 3184 ὲνταιιςιασθήσονται
1781 3123 1828 3184 c

1859 1951 2037 1994 cratas
2097 1956 2192 2010 per
2247 1943 2572 1998 initiatorias
2637 1945 3040 2012 dedicationes,
3097 1960 3152 2004 et
3213 1956 3390 2007 throni

1860 2030 2324 2099 inaugurationem
2362 2036 2644 2103 sanctique
2676 2038 2930 2104 unguenti
2968 2041 3293 2106 unctionem,
3339 2058 3393 2099 et

1859 2130 2166 2176 sanctarum
2198 2124 2542 2200 reliquiarum
2591 2137 2885 2196 martyrum
2930 2129 3390 2200 indigitationem;

1857 2221 1909 2265 et
1947 2228 2039 2268 eas
2073 2230 2191 2284 qua
2223 2215 2300 2269 sic
2345 2199 2692 2272 sanctiﬁcata
2723 2234 2828 2272 non
2864 2231 3013 2284 sunt,
3045 2199 3390 2292 obtinentque

1857 2305 2077 2356 oratorii
2113 2305 2311 2359 locum.
2355 2306 2584 2374 Ideoque
2613 2306 2664 2360 in
2693 2309 2890 2376 quibus
2926 2310 3169 2364 videlicet
3193 2323 3396 2381 marty-

1855 2392 1978 2445 rica:
2019 2394 2255 2461 reliquiae
2283 2395 2566 2448 reconditae
2595 2403 2738 2460 sunt,
2757 2406 2810 2450 et
2839 2399 3010 2450 sancti
3029 2403 3282 2467 unguenti
3310 2402 3390 2455 in-

1857 2481 2084 2532 tervenit
2148 2482 2350 2543 unctio,
2402 2481 2695 2535 humanum
2758 2486 3127 2553 qualecunque
3163 2490 3389 2543 cadaver

1858 2583 1964 2620 non
1991 2567 2300 2634 sepelietur,
2327 2569 2481 2634 juxta
2517 2568 2551 2622 2
2578 2578 2758 2637 caput,
2792 2571 2816 2622 1
2867 2572 2970 2632 tit.,
3016 2572 3047 2624 5
3075 2573 3165 2626 lib.
3203 2574 3396 2628 Basili-

1858 2668 2039 2707 corum
2065 2655 2346 2722 inquiens:
2369 2655 2560 2709 Nullus
2593 2657 2646 2708 in
2670 2657 2898 2710 ecclesia
2926 2661 3216 2723 sepeliatur
3248 2678 3390 2716 mor-

1859 2751 2005 2794 tuus.
2043 2742 2108 2794 Et
2144 2744 2435 2798 secundum
2464 2754 2754 2807 veterem);
2783 2757 2929 2800 extra
2961 2764 3081 2802 eum
3126 2753 3393 2819 positum:

1857 2829 1972 2884 Non
2003 2832 2127 2884 licet
2153 2834 2377 2899 sepelire
2407 2847 2729 2902 quemquam
2765 2835 2816 2888 in
2840 2838 3086 2902 ecclesia,
3115 2840 3203 2893 ubi
3243 2842 3391 2895 scili-

1861 2929 1946 2974 cet
1983 2921 2230 2990 martyris
2257 2937 2447 2989 corpus
2471 2922 2768 2990 depositum
2791 2939 2890 2978 est.
2915 2926 2970 2978 In
2995 2932 3194 2981 sanctis
3213 2941 3388 2984 autem

1860 3011 2114 3064 oratoriis
2181 3013 2480 3080 appellatis,
2508 3028 2627 3082 quae
2663 3016 2736 3066 ita
2765 3026 3079 3070 consecrata
3114 3033 3218 3072 non
3245 3031 3388 3084 sunt,

1859 3099 2097 3168 reliquiae
2113 3102 2229 3156 sine
2257 3102 2494 3171 periculo
2521 3104 2863 3172 sepelientur.

1933 3279 2126 3334 Interr.
2153 3280 2240 3336 39.
2259 3282 2620 3347 Quartlmdam
2642 3287 2997 3354 parmciarum
3031 3289 3235 3351 incolae,
3267 3305 3394 3344 suo-

1862 3385 1978 3423 rum
2051 3372 2358 3440 pontiﬁcum
2419 3373 2783 3431 ordinationes
2848 3387 3188 3446 respuentes,
3255 3379 3388 3433 alia-

1863 3474 1982 3514 rum
2005 3461 2318 3518 diwcesium
2347 3470 2403 3518 et
2427 3463 2821 3518 ordinationum
2850 3467 3130 3534 episcopos
3167 3470 3385 3529 adeunt.

1861 3558 2020 3619 prout
2047 3551 2276 3618 quisque
2335 3551 2580 3603 vulttan
2631 3560 2747 3605 tuto
2803 3552 3023 3619 faciant,
3076 3572 3258 3625 quer
3305 3561 3385 3613 dl-

1862 3654 2030 3692 κει-ο.

1934 3726 2088 3796 Resp.
2111 3727 2360 3781 Lectores
2386 3729 2620 3798 quidem,
2647 3731 2736 3798 qui
2768 3747 2984 3787 suorum
3016 3737 3387 3804 episcoporum

1864 3815 2228 3870 ordinationes
2254 3826 2604 3884 spreverunt:
2639 3828 2692 3871 et
2721 3821 2770 3872 in
2805 3822 2923 3874 aliis
2952 3825 3239 3890 provinciis
3279 3843 3390 3879 ms-

1858 3904 2029 3969 jorem
2068 3905 2287 3973 gradum
2316 3921 2410 3972 per
2438 3907 2753 3974 episcopalis
2783 3923 2970 3963 ruanus
2997 3912 3388 3980 impositiouem

1866 3995 2140 4049 consecuti
2170 4004 2330 4058 sunt,
2361 3997 2931 4050 «communicationis
2961 4014 3128 4066 pinnae
3158 4016 3394 4056 canones

1869 4083 2183 4149 subjiciunt,
2213 4097 2310 4136 nec
2339 4098 2431 4137 eos
2456 4084 2629 4148 modo,
2653 4085 2744 4138 sed
2769 4095 2820 4138 et
2847 4100 2959 4149 eos,
2981 4090 3070 4155 qui
3112 4090 3389 4144 ordinave-

1862 4179 2007 4235 runt,
2029 4171 2473 4239 quemadmodum
2519 4175 2834 4242 exprimitur
2864 4191 3070 4232 canone
3094 4179 3160 4232 54
3197 4182 3382 4249 synodi

1864 4259 2324 4327 Cartliaginensis,
2377 4263 2485 4315 hac
2537 4263 2921 4330 complectente
2974 4266 3038 4317 ad
3100 4269 3318 4319 verbum
3372 4285 3386 4320 :

1869 4347 2105 4400 Clericos
2129 4349 2188 4403 in
2206 4349 2428 4402 ecclesia
2451 4361 2686 4418 agentes,
2715 4361 2771 4404 ut
2800 4352 2906 4420 jam
2936 4354 3256 4417 dellniimus.
3284 4373 3388 4409 non

238 4452 415 4495 νοντος
451 4450 466 4464 ·
510 4436 812 4506 Κληρικοὺς
867 4438 945 4499 είς
995 4439 1284 4500 ἐκκλησίαν
1335 4440 1636 4504 τελοῦντας,
1693 4437 1845 4502 ὼςῙ)

1762 4460 1766 4494 τ
1791 4437 1845 4496 D
1872 4437 2028 4490 licere
2055 4437 2304 4491 ordinare
2347 4438 2398 4490 in
2437 4441 2573 4491 alius
2597 4441 2829 4494 civitatis
2860 4443 3105 4504 ecclesia,
3131 4446 3221 4498 sed
3258 4461 3385 4498 con-

238 4526 335 4593 ἠδη
356 4524 648 4592 ὡρίσαμεν,
673 4525 744 4593 μὴ
764 4527 956 4590 ἐξεῖναι
978 4530 1053 4588 είς
1070 4528 1230 4594 άλλης
1247 4528 1450 4588 πόλεως
1479 4530 1762 4581 τάττεσθαι

237 4614 546 4683 ἐκκλησίαν,
585 4614 717 4666 ἀλλὰ
765 4615 1004 4683 στέργειν
1047 4617 1255 4682 εκείνην
1284 4619 1339 4668 ὲν
1438 4618 1761 4687 λειτουργεῖν

238 4702 294 4764 ἐξ
319 4703 494 4770 ἀρχῆς
528 4701 833 4770 ἠξιώθησαν
853 4721 866 4734 ·
911 4706 1060 4766 ἐκτὸς
1102 4706 1318 4757 ἐκείνων
1346 4708 1537 4768 οἵτινες
1570 4709 1764 4761 ἀπολέ-

241 4806 433 4852 σαντες
459 4789 555 4852 τὰς
588 4791 719 4852 ιδίας
761 4792 1044 4858 πατρίδας,
1079 4793 1179 4844 ὑπὸ
1218 4795 1457 4862 ἀνάγκης
1491 4797 1568 4856 είς
1601 4797 1765 4862 ἄλλην

241 4879 529 4942 ἐκκλησίαν
561 4880 836 4947 μετῆλθον.
871 4881 930 4930 El
955 4880 1010 4931 δέ
1046 4898 1128 4941 τις
1165 4882 1476 4946 ἐπίσκοπος,
1511 4886 1646 4951 μετὰ
1674 4887 1765 4937 τὸν

242 4964 361 5031 ὅρον
413 4963 620 5025 τοῦτον,
667 4964 806 5031 άλλῳ
847 4955 1121 5030 ἐπισκόπῳ
1167 4968 1504 5034 προσήκοντα
1553 4969 1764 5036 δέξηται

244 5049 522 5117 κληρικδν,
571 5050 744 5111 ἔδοξεν
772 5050 1127 5117 ἀκοινώνητον
1153 5047 1290 5103 εῖναι
1316 5055 1405 5104 καὶ
1441 5055 1528 5105 τὸν
1557 5056 1766 5124 δεχθιν-

245 5154 305 5190 τα
334 5138 536 5189 καὶτὸν
579 5136 866 5205 δεξάμενον
886 5151 899 5166 ’
935 5138 1038 5200 ἕως
1067 5138 1132 5192 ἂν
1156 5142 1182 5191 ὁ
1214 5141 1480 5207 μεταστὰς
1513 5143 1766 5210 κληρικὸς

241 5229 317 5290 είς
361 5228 460 5295 τὴν
511 5227 642 5279 ἰδίαν
689 5228 946 5297 ιπανέλθῃ
989 5228 1322 5294 Ἐκκλησίαν.
1372 5230 1503 5296 Περὶ
1553 5231 1610 5282 δὲ
1661 5232 1766 5282 τῶν

241 5315 442 5367 λαῖκῶν
494 5315 824 5384 συνεζητηθη
893 5315 1020 5366 ποτε
1076 5317 1223 5383 παρά
1277 5316 1447 5386 ταύτῃ
1508 5321 1571 5387 τῇ
1639 5320 1768 5388 ἁγίᾳ

243 5402 440 5470 συνόδῳ
474 5402 572 5468 τῆς
598 5402 702 5454 τῶν
743 5402 1371 5454 Κωνσταντινουπολιτῶν
1419 5405 1757 5472 Ἐκκλησίας,

243 5483 725 5561 πέατριαρχεύοντος
750 5489 842 5544 τοῦ
878 5491 1172 5558 άγιωτάτου
1204 5491 1262 5541 ιν
1288 5493 1642 5560 πατριάρχαις
1673 5499 1767 5548 καὶ

1869 4535 2045 4577 teotos
2064 4538 2182 4577 esse
2211 4525 2318 4585 illa,
2354 4525 2531 4592 inqua
2570 4528 2636 4578 ab
2667 4527 2820 4581 initio
2851 4531 3156 4584 ministrare
3187 4549 3394 4586 merue-

1869 4626 1991 4667 runt
2037 4631 2050 4666 :
2092 4616 2158 4667 iis
2197 4617 2454 4682 exceptis,
2489 4618 2578 4682 qui
2618 4619 2810 4671 amissa
2847 4635 2942 4673 sua
2971 4623 3163 4688 patria,
3193 4638 3258 4676 ex
3294 4641 3389 4676 ne-

1866 4705 2114 4757 cessitate
2164 4706 2216 4756 in
2273 4705 2428 4756 aliam
2477 4709 2751 4759 ecclesiam
2804 4710 3115 4776 migrorunt.
3158 4713 3307 4776 Quod
3344 4717 3388 4768 si

1865 4792 1986 4859 quis
2029 4792 2312 4858 episcopus
2364 4801 2481 4858 post
2525 4796 2658 4846 lianc
2706 4795 3085 4859 deﬁnitionem,
3137 4801 3388 4856 clericum

1865 4879 2160 4946 susceperit
2187 4879 2250 4930 ad
2283 4879 2445 4930 alium
2491 4883 2797 4948 episcopum
2830 4887 3182 4952 pertinentem
3210 4929 3225 4949 ,
3271 4892 3386 4957 pla-

1865 4970 1976 5022 cuit
2002 4969 2518 5021 excommunicatuni
2543 4986 2680 5030 esse,
2717 4982 2821 5024 tam
2862 4988 3189 5044 susceptum.
3225 4995 3385 5046 quam

1865 5057 2268 5122 suscipientem,
2292 5056 2462 5110 donec
2489 5059 2579 5126 qui
2616 5061 2864 5128 migravit
2891 5066 3139 5126 clericus,
3171 5067 3237 5118 ad
3264 5082 3386 5132 prn-

1864 5143 2034 5212 priam
2068 5143 2346 5195 ecclesiam
2382 5153 2692 5200 revertatur.
2729 5149 2801 5202 De
2847 5151 2996 5203 laicis
3019 5161 3193 5205 autem
3230 5154 3382 5214 simul

1866 5230 2146 5297 quaesitum
2204 5241 2286 5283 est
2341 5231 2393 5282 in
2441 5241 2622 5285 sancta
2676 5235 3388 5305 Constantinopolitanoruin

1867 5318 2119 5371 Ecclesiae
2159 5318 2384 5386 synodo,
2416 5321 2825 5388 patriarchatuiu
2864 5326 3138 5379 obtinente
3167 5328 3389 5380 sanctis-

1867 5409 2004 5461 simo
2047 5407 2182 5460 inter
2230 5408 2558 5474 patriarchas
2622 5422 2676 5464 et
2723 5413 3120 5481 sapientissimo
3169 5415 3389 5468 domino

1868 5495 2121 5550 Michaele
2143 5495 2422 5560 Anchialo,
2459 5507 2513 5550 et
2548 5514 2729 5554 mense
2754 5501 3061 5570 Novembri,
3097 5504 3390 5559 indictione

1501 5605 1728 5679 VARlE
1750 5607 2142 5662 LECTIONES.

315 5703 332 5737 ί
362 5717 450 5766 per
491 5696 1126 5762 supellectilembencﬁcia
1167 5698 1358 5748 tributa
1400 5706 1539 5749 sum.

241 5777 272 5809 κ
302 5778 576 5824 cadavera.
642 5777 668 5815 1
698 5768 911 5829 scilicet,
944 5767 1289 5829 interpretem.

1618 5710 1640 5736 "
1682 5700 2078 5768 po.’ysraurium.

2154 5709 2177 5733 ν
2204 5714 2418 5765 quorum
2452 5703 2658 5754 nomina
2702 5704 2990 5770 referuntur
3035 5708 3086 5761 in
3120 5708 3278 5762 sacris
3300 5709 3386 5761 ad.
