4110 6464
685 383 779 446 991
804 420 815 429 .

1943 371 2038 429 ΤΗ
2057 373 2112 428 lii
2129 373 2214 432 li).
2268 372 2358 430 BA
2373 373 2504 430 ΒΞΔ
2519 371 2748 430 Mnng

3781 372 3878 431 99.?

682 513 895 571 quarta,
954 498 1229 569 synodalia
1272 506 1354 550 est
1399 498 1537 549 facta
1589 495 1916 551 subnotatio.
1961 507 2024 544 ex
2062 493 2234 541 varia.

2342 493 2648 559 σοφωτάτου
2692 490 2882 559 κυρίου
2912 489 3122 560 Μιχαὴλ
3167 486 3260 542 τοῦ
3301 487 3588 557 Ἀγχιάλου
3615 502 3626 514 ·
3665 490 3757 540 καὶ
3793 498 3877 554 γε·

691 610 808 646 rutn
844 604 1110 644 canonum
1148 589 1467 654 allegationc
1506 591 1795 651 escepta',
1831 597 1892 633 ex
1936 593 2091 646 aequo
2131 593 2233 645 pu-

691 685 794 736 niri
827 698 972 742 etnn.
1008 681 1098 747 qui
1138 693 1199 731 ex
1245 678 1417 728 aliena
1456 676 1731 742 provincia
1760 671 1976 724 ordinat
2015 669 2232 728 laicmn,

693 784 884 841 praeter
907 768 1143 836 episcopi
1177 766 1351 833 ipsius
1384 765 1728 823 sententiam,
1760 762 2046 828 ipsumque
2072 760 2232 810 etiam

691 865 1020 915 urtlinatuin.

767 1128 958 1181 lnterr.
987 1125 1072 1179 ιο.
1102 1123 1335 1178 Possunt
1359 1119 1570 1175 diaconi
1604 1129 1796 1186 praeter
1826 1116 2235 1167 archidiaconu—

693 1236 811 1273 rum
853 1219 1178 1268 voluntatem
1227 1211 1612 1266 sacerdotalem
1661 1208 1914 1274 consequi
1969 1205 2231 1272 gratiam,

693 1322 869 1359 annon
898 1304 920 1355 ’ἒ

768 1393 917 1457 Resp.
940 1388 1113 1456 Hujus
1142 1390 1215 1440 rei
1241 1381 1574 1456 provident-ia
1598 1399 1688 1450 per
1711 1380 2038 1434 sacrosancti
2063 1379 2235 1440 Spiri-

697 1494 783 1534 tus
830 1486 1053 1546 gratiam
1092 1478 1360 1546 episcopis
1415 1477 1610 1527 tributa
1652 1482 1750 1524 est.
1794 1471 1971 1533 Ouare
2017 1479 2070 1521 et
2112 1483 2233 1519 eum

695 1587 879 1624 eorum
902 1583 1166 1622 Consensu
1200 1567 1409 1618 diaconi
1438 1567 1811 1623 saerabuntnr,
1838 1559 2234 1619 arcliidiacono,

699 1671 753 1712 ut
783 1660 1072 1714 confratre.
1099 1656 1270 1708 solum
1302 1661 1581 1720 pi-azsentc.

772 1839 967 1892 Interr.
999 1838 1086 1890 Η.
1111 1833 1389 1898 Laiei,qui
1421 1830 1687 1884 secundas
1713 1833 2099 1881 contraxerunt
2129 1841 2232 1877 nu-

703 1933 860 1998 ptias,
885 1930 1016 1981 alias
1048 1926 1280 1992 nuptias,
1298 1922 1482 1974 tertias
1509 1921 1731 1980 scilicet,
1763 1918 1992 1983 legitime
2016 1922 2234 1968 contra-

701 2021 849 2075 lient.
883 2031 1059 2068 annon
1091 2015 1112 2064 ?

778 2106 932 2171 Resp.
965 2104 1124 2157 Vetus
1150 2103 1364 2170 quidem
1405 2116 1482 2153 .cx
1521 2109 1573 2153 et
1596 2100 1780 2152 tertias
1808 2097 2038 2164 nuptias,
2070 2104 2126 2147 ut
2160 2094 2236 2146 le-

700 2195 933 2262 gitimas.
967 2191 1210 2258 agnovit.
1241 2199 1294 2242 et
1325 2204 1386 2240 ex
1429 2189 1495 2238 iis
1532 2194 1860 2252 procreatos.
1901 2180 2155 2240 lia-redes,
2185 2187 2238 2231 et

705 2286 757 2335 in
794 2288 1054 2349 potestate
1082 2279 1268 2330 habuit
1303 2278 1557 2344 parentis.
1595 2276 1839 2327 Canones
1885 2279 2062 2324 autem
2102 2269 2237 2321 divi-

706 2387 898 2426 norum
948 2380 1000 2422 et
1047 2377 1355 2422 sanctorum
1389 2364 1627 2423 Patrum,
1686 2380 1789 2415 non
1841 2363 2012 2415 solum
2051 2359 2236 2412 tertias

705 2462 921 2528 nuptias
979 2472 1084 2510 non
1140 2463 1474 2522 agnoscunt,
1537 2469 1717 2506 verum
1764 2453 1922 2506 etiam
1975 2451 2238 2504 secundas

707 2564 878 2616 poma:
909 2548 1193 2600 moderatae
1227 2543 1534 2611 subjiciunt.
1568 2543 1702 2607 Quia
1737 2553 1912 2595 autem
1945 2544 2240 2608 imperante

706 2640 907 2704 inclyto
927 2637 1182 2704 principe.
1197 2636 1410 2685 domino
1427 2631 1599 2685 Leone
1617 2631 2237 2699 philosopho,dissitlinm

707 2726 804 2779 fuit
842 2739 1088 2792 magnum
1148 2725 1286 2775 inter
1320 2736 1507 2774 omnes
1553 2722 1737 2772 mundi
1777 2720 2065 2777 Ecclesias.
2098 2720 2236 2786 quod

710 2817 955 2882 princeps
984 2827 1086 2863 non
1114 2811 1287 2863 solum
1323 2810 1509 2862 tertias
1547 2811 1910 2869 contraheret,
1951 2809 2042 2861 sed
2077 2811 2238 2860 etiam

709 2911 952 2969 quartas,
1028 2899 1318 2968 synodicus
1359 2899 1530 2950 factus
1570 2907 1650 2951 cst
1677 2910 1972 2953 conventus
2000 2899 2240 2951 omnium

709 2997 836 3051 lere.
860 3006 975 3057 quae
1003 2991 1196 3055 ubique
1221 2994 1345 3041 sunt
1369 2987 1680 3039 dioecesium
1710 2988 2028 3049 antistitum,
2047 2988 2078 3040 8
2111 2987 2244 3039 indi-

2336 599 2458 648 γονε
2511 584 2650 634 κατὰ
2712 583 2854 649 μῆνα
2901 582 3224 649 Νοὲμῦριον,
3266 582 3637 648 ἐπινεμήσεως
3684 576 3746 642 δ’,
3787 597 3878 643 ση-

2339 672 2555 738 μείωμα
2585 672 2878 732 συνοδικὸν,
2933 671 3431 737 συγκεκροτημένον
3465 668 3573 719 ἀπὸ
3611 667 3876 736 διαφόρων

2337 762 2573 812 κανόνων
2606 761 2967 828 προσκομιδῆς
2988 775 3002 787 °
3051 761 3244 826 ἐπίσης
3284 757 3634 828 γνωματεῦον
3660 757 3876 818 κολάζε-

2337 851 2459 902 σθαι
2479 853 2571 902 καὶ
2597 851 2686 900 τὸν
2708 850 2767 913 ἐξ
2785 851 2974 917 ἐτέρας
2993 849 3202 916 ὲνορίας
3227 849 3677 917 χειροτονήσαντα
3703 846 3880 897 iam»;

2337 942 2484 1007 παρὰ
2530 941 2750 1008 γνώμην
2792 938 2886 990 τοῦ
2935 940 3229 990 ἐπισκόπου
3268 938 3454 1000 αὐτοῦ,
3495 937 3589 988 καὶ
3629 937 3786 987 αὑτὸν
3818 937 3878 998 δὴ

2337 1031 2424 1080 τὸν
2461 1029 2914 1097 χειροτονηθέντα.

2420 1121 2612 1184 Ἐρώτ.
2674 1123 2744 1187 μ’.
2798 1121 3057 1168 Δύνανται
3099 1117 3146 1168 oi
3188 1117 3420 1168 διάκονοι
3470 1115 3618 1182 παρὰ
3662 1113 3877 1178 γνώμη-,ο

2339 1208 2444 1257 τῶν
2476 1206 2861 1274 ἁρχιδιακόνων
2921 1207 3097 1256 αὐτῶν
3161 1206 3436 1265 ἱερατικοῦ
3501 1202 3880 1263 καταξιοῦσθαι

2339 1295 2695 1362 χαρίσματος,
2732 1294 2762 1360 ἦ
2793 1293 2894 1356 οὓς

2421 1383 2616 1433 Ἀπόκ.
2641 1383 2762 1442 Τοῖς
2788 1382 3102 1441 ἐπισκόποις
3125 1381 3156 1447 ἡ
3181 1382 3304 1448 περὶ
3328 1380 3512 1431 τούτου
3542 1381 3761 1447 πρζνπια
3788 1394 3879 1429 πε-

2338 1474 2681 1541 φιλοτίμηται
2723 1473 2871 1539 παρὰ
2915 1473 3011 1538 τῆς
3042 1471 3260 1538 χάριτος
3305 1470 3395 1520 τοῦ
3429 1469 3694 1533 παναγίου
3724 1469 3883 1519 Ilva-3-

2340 1581 2524 1632 ματος.
2563 1563 2652 1615 Διὸ
2686 1564 2776 1614 καὶ
2811 1562 2946 1628 μετὰ
2978 1563 3197 1626 γνώμης
3225 1559 3401 1611 αὐτῶν
3435 1561 3812 1625 ίερωίιήτονται
3837 1559 3878 1603 ’,ί

2337 1654 2589 1712 διάκονοι,
2639 1651 2732 1702 τοῦ
2778 1650 3176 1719 ἀρχιδιακόνου,
3220 1649 3294 1700 t'o:
3334 1649 3685 1713 συναδέλφου.
3732 1647 3880 1711 μόνον

2339 1757 2414 1792 πα
2423 1741 2791 1808 ρουσιάζοντος
2808 1756 2825 1800 ;

2422 1833 2614 1899 Ἐρώτ.
2667 1831 2778 1902 μα’.
2833 1835 2896 1884 0i
2948 1832 3342 1899 διγαμήσαντες
3396 1828 3588 1890 λαῖκοὶ,
3653 1827 3885 1878 mliti-

2340 1938 2433 1989 pou
2484 1921 2682 1988 γάμου,
2743 1920 2860 1989 ἢτοι
2917 1920 3122 1988 τρίτου,
3191 1917 3428 1984 νομίμως
3475 1914 3888 1982 ἁξιωθήσοντοε,

2335 2010 2492 2080 ἠοῦς

2420 2101 2611 2154 Ἀπόκ.
2647 2102 2704 2153 '0
2730 2100 2826 2168 μὲν
2849 2100 3074 2160 παλαιὸς
3096 2100 3256 2166 νόμος
3290 2100 3382 2150 καὶ
3404 2098 3582 2166 τρίτον
3617 2097 3788 2163 γάμον
3814 2095 3883 2154 ὡς

2337 2195 2556 2262 ῑννομον
2583 2192 2933 2259 ἐπεγίνωσκε,
2964 2192 3058 2242 καὶ
3084 2193 3206 2251 τοὺς
3232 2194 3291 2240 ἐκ
3307 2191 3493 2241 τούτου
3511 2188 3884 2255 γεννηθέντας,

2353 2284 2717 2352 κληρονόμους
2768 2284 2860 2334 καὶ
2887 2281 3230 2346 ὑπεξουσίους
3262 2276 3372 2350 εἶχε
3426 2279 3514 2331 τοῦ
3571 2279 3834 2344 φύσαντος
3870 2293 3881 2302 ·

2339 2375 2387 2425 οἱ
2419 2374 2475 2426 δὲ
2503 2374 2725 2435 κανόνες
2770 2374 2876 2424 τῶν
2915 2373 3072 2424 θείων
3125 2372 3218 2423 καὶ
3275 2370 3442 2435 ἁγίων
3491 2370 3766 2435 Πατέρων,
3825 2366 3881 2414 οὗ

2344 2466 2501 2531 μόνον
2527 2465 2616 2514 τὸν
2669 2463 2848 2532 τρίτον
2898 2463 3071 2528 γάμον
3119 2462 3216 2512 οὐκ
3255 2458 3722 2526 ἐπιγινώσκουσιν,
3757 2456 3884 2506 di}:

2341 2553 2540 2606 καὶτὸν
2576 2552 2821 2619 δεύτερον
2860 2552 3113 2617 ἐπιτιμίῳ
3143 2549 3343 2618 μετρίῳ
3370 2547 3883 2599 καθυποϐἀὶλουτιν.

2345 2642 2463 2693 Ὀτι
2495 2641 2549 2692 δὲ
2589 2640 2956 2707 βασιλεύοντος
2991 2638 3082 2689 τοῦ
3111 2639 3349 2703 ἀοιδίμου
3403 2638 3661 2706 βασιλέως
3700 2638 3882 2700 κυρίου

2344 2732 2564 2791 Λέοντος
2589 2731 2696 2782 τοῦ
2732 2730 2901 2795 Σοφοῦ
2928 2731 3130 2796 σχίσμα
3178 2732 3364 2794 γέγονε
3397 2729 3537 2794 μέγα
3579 2730 3726 2793 παρὰ
3772 2731 3886 2784 τατς

2357 2821 2697 2888 Ἐκκλησίιις
2723 2819 2813 2870 τοῦ
2842 2821 3039 2886 κόσμου
3081 2819 3295 2879 παντὸς,
3335 2818 3418 2867 διὰ
3453 2818 3512 2866 τὸ
3541 2816 3629 2866 τὸν
3669 2816 3884 2881 βασιλέα

2347 2911 2420 2978 μὴ
2451 2911 2606 2976 μόνον
2651 2911 3005 2976 τριγαμῆσαι,
3036 2909 3168 2959 am
3191 2909 3281 2958 καὶ
3306 2907 3735 2974 τετραγαμῆσαι.
3768 2922 3885 2954 συνο

2352 3001 2560 3060 έλευσις
2606 2999 2855 3065 ἐτελέσθη
2894 2998 3138 3065 συνοδικὴ
3190 2999 3400 3048 πάντων
3448 2997 3629 3063 σχεδὸν
3660 2997 3766 3045 τιῖν
3798 2997 3886 3061 ἀρ-

708 3083 884 3132 ctione
912 3079 1035 3132 anni
1075 3078 1231 3130 6‘28.
1261 3078 1327 3132 Et
1363 3078 1687 3146 disputatum
1715 3086 1816 3140 est,
1841 3078 1933 3147 qui
1976 3078 2240 3144 nuptiales

2345 3089 2762 3155 χιερατευόντων
2809 3091 2864 3138 ἐν
2909 3091 3025 3148 ταῖς
3054 3087 3361 3154 ἁπανταχοῦ
3408 3086 3723 3151 διοικήσεσι,
3753 3101 3886 3137 κατι

709 3171 944 3239 fugiendi
985 3171 1089 3221 sint
1130 3177 1456 3230 contractus,
1490 3177 1542 3222 et
1576 3170 1664 3235 qui
1717 3168 2075 3236 permittendi,
2101 3169 2244 3219 velut

713 3260 955 3325 legitimi,
987 3260 1371 3326 imperantibus
1397 3259 1595 3326 inclyto
1625 3259 1862 3325 principe
1891 3256 2244 3310 Constantino
2273 3274 2278 3280 ·

714 3350 1240 3418 Porpliyrogenneta.
1267 3355 1316 3399 et
1355 3348 1470 3413 ejus
1498 3362 1685 3399 socero
1725 3349 1940 3399 domino
1981 3347 2243 3398 Romano.

711 3435 838 3488 Post
856 3435 1046 3487 multas
1065 3433 1457 3494 altercationes,
1475 3442 1525 3485 et
1540 3447 1775 3486 exactam
1794 3436 2244 3503 disquisitionem.

712 3526 917 3578 decisio
939 3537 963 3563 ι
1004 3523 1256 3592 synodica
1279 3524 1547 3590 eleganter
1573 3524 1770 3590 scripta
1796 3530 1896 3581 est.
1930 3523 2245 3576 conﬁrmata

711 3615 872 3667 etiam
897 3613 1153 3681 principis
1174 3612 1325 3664 solita
1354 3613 1745 3678 subscriptione
1765 3629 1776 3664 :
1794 3621 2013 3679 quartas
2031 3613 2244 3680 quidem

715 3704 925 3768 nuptias
959 3701 1286 3769 respuendas
1316 3715 1455 3763 esse,
1484 3715 1581 3753 nec
1612 3701 1994 3768 permittendas
2024 3702 2248 3754 :tertias

713 3805 888 3846 autem
936 3807 1078 3844 nunc
1131 3791 1516 3859 permittendas
1565 3805 1708 3855 esse,
1764 3808 1905 3846 nunc
1954 3807 2060 3845 non
2102 3807 2242 3846 esse.

714 3880 903 3932 Di-tinit
925 3883 1061 3932 enim
1098 3878 1346 3942 binubos,
1370 3886 1422 3932 et
1451 3879 1610 3932 simul
1633 3880 1811 3938 orbos,
1841 3880 1930 3946 qui
1956 3881 2248 3948 quadrage-

711 3973 906 4020 simum
964 3981 1163 4020 annum
1216 3972 1450 4019 nondum
1496 3967 1872 4034 impleverunt,
1926 3971 2246 4022 contrahere

710 4059 870 4110 etiam
917 4057 1100 4109 tertias
1140 4055 1350 4124 nuptias
1393 4054 1455 4106 ail
1482 4055 1726 4108 orbitatis
1781 4055 2092 4117 remedium,
2143 4055 2243 4106 nisi

712 4147 850 4210 quod
870 4161 962 4212 per
983 4153 1150 4197 totum
1169 4143 1594 4211 quinquennium
1617 4155 1840 4196 censura
1872 4144 2244 4204 emendantur,

713 4251 778 4287 ne
815 4237 1024 4287 divinas
1047 4241 1324 4287 assumant
1350 4234 1821 4286 sanctilleationes.
1853 4232 2030 4284 Finito
2066 4243 2242 4284 autem

713 4323 1103 4391 quinquennio.
1137 4329 1216 4372 ter
1264 4321 1314 4371 in
1367 4334 1507 4371 anno
1544 4327 1840 4373 assumant.
1874 4319 1976 4371 Sed
2011 4327 2062 4371 et
2091 4320 2246 4370 trice-

2347 3177 2442 3244 τὴν
2474 3182 2520 3243 η’
2541 3177 2857 3242 ἐπινέμησιν
2885 3176 2976 3226 τοῦ
3005 3174 3179 3246 ⁴ςτυκη⁹
3215 3175 3380 3235 ἔτους,
3416 3177 3522 3226 Καὶ
3555 3176 3883 3242 συνεζητῄθη

2347 3267 2474 3314 ποῖα
2520 3263 2728 3327 γαμικά
2751 3263 3167 3328 συναλλάγματά
3218 3262 3353 3312 εἰσιν
3392 3260 3749 3328 ἀποτρόπαια,
3799 3261 3886 3311 καὶ

2347 3355 2471 3402 ποῖα
2500 3354 2871 3418 συγχωρητέα,
2905 3356 2978 3410 ὡς
3029 3351 3222 3417 ἔννομα
3245 3365 3258 3379 °
3292 3350 3676 3418 βασιλευόντων
3700 3347 3792 3400 τοῦ
3831 3366 3885 3397 τε

2345 3443 2584 3508 ἀοιδίμου
2615 3441 2872 3509 βασιλέως
2897 3441 3298 3493 Κωνσταντίνου
3334 3440 3425 3492 τοῦ
3452 3439 3887 3507 Πορφυρογεννήι

2346 3545 2456 3590 του,
2513 3531 2604 3581 καὶ
2658 3528 2750 3580 τοῦ
2797 3527 3055 3596 πενθεροῦ
3114 3527 3277 3580 αὑτοῦ
3338 3527 3523 3597 κυρίου
3586 3526 3879 3593 ’1³ωμανοῦ.

2345 3617 2497 3668 Μετὰ
2547 3615 2743 3676 πολλὰς
2769 3615 2894 3681 γοῦν
2947 3615 3249 3680 ἀντιλογίας
3313 3615 3403 3665 καὶ
3452 3614 3590 3680 μετὰ
3641 3612 3884 3674 ἐξέτασιν

2345 3707 2562 3774 ἀκριϐῆ,
2605 3706 3041 3774 ἐκαλλιγραφήθη
3090 3705 3253 3772 τόμος
3289 3704 3580 3764 συνοδικὸς,
3604 3719 3882 3770 κατησφαο

2347 3797 2594 3864 λισμένος
2611 3801 2700 3848 καὶ
2723 3800 2788 3864 τῇ
2815 3795 2908 3847 τοῦ
2937 3794 3193 3863 βασιλέως
3223 3792 3436 3863 συνήθει
3465 3794 3770 3860 ὑπογραφῇ,
3799 3792 3885 3840 τὸν

2350 3887 2446 3951 μὲν
2478 3887 2729 3952 τέταρτον
2757 3885 2949 3951 γάμον,
2979 3885 3317 3935 ἀπόπτυστον
3345 3880 3479 3933 εἶναι
3512 3883 3605 3932 καὶ
3635 3881 3884 3946 ἀσυγχώ-

2349 3989 2546 4040 ρητονο
2581 3975 2668 4024 τὸν
2693 3973 2747 4023 δὲ
2791 3973 2986 4040 τρίτον,
3037 3973 3109 4037 πῆ
3168 3972 3263 4037 μὲν
3317 3970 3693 4036 συγχωρητέον
3727 3963 3881 4027 εἶναι,

2347 4061 2423 4128 πῆ
2449 4061 2504 4111 δὲ
2523 4060 2920 4128 ἀσυγχώρητον.
2946 4059 3241 4125 Διορίζεται
3266 4059 3392 4124 γὰρ,
3412 4057 3531 4116 τοὺς
3559 4057 3722 4121 μήπω
3751 4055 3884 4120 πλη-

2348 4153 2621 4222 ρώσαντας
2647 4154 2706 4205 τὸ
2725 4153 3148 4218 τεσσαρακοστὸν
3178 4152 3312 4214 ἔτος,
3343 4150 3764 4217 διγαμήσαντας.
3795 4150 3885 4198 καὶ

2346 4243 2573 4303 ἄπαιδας
2604 4242 2778 4306 ὄντας,
2815 4242 3188 4294 συναλλάττειν
3224 4241 3314 4290 καὶ
3345 4240 3524 4308 τρίτον
3565 4240 3762 4304 γάμον,
3797 4238 3882 4287 διὰ

2345 4333 2440 4400 τὴν
2465 4333 2760 4399 θεραπείαν
2788 4331 2885 4397 τῆς
2904 4331 3177 4391 ἀπαιδίας.
3237 4330 3378 4395 Πλὴν
3404 4329 3883 4394 ἐπιτετιμημένους

712 4414 901 4471 nariis.
934 4410 1177 4476 quamvis
1210 4411 1407 4462 liberos
1440 4409 1778 4468 habentibus.
1813 4409 1954 4460 tertii
1981 4408 2235 4460 connubii

2343 4419 2565 4472 είναιδι⁹
2607 4421 2732 4488 ὅλης
2778 4419 3116 4482 πενταετίας,
3155 4417 3298 4468 ὥστε
3345 4418 3416 4484 μὴ
3451 4416 3883 4483 μεταλαμϐάνειν

712 4509 947 4569 pctestas
985 4499 1122 4549 facta
1165 4507 1272 4556 est.
1305 4507 1522 4564 propter
1548 4497 1728 4549 etatis
1752 4496 2150 4549 inﬁrmitatem:
2187 4505 2245 4549 ut

713 4597 766 4640 et
794 4588 844 4638 lii
873 4600 962 4652 per
980 4585 1386 4652 quadriennium
1413 4599 1533 4637 esse
1563 4599 1668 4636 non
1693 4585 1920 4635 debeant
1945 4584 2241 4636 divinarum

708 4675 1194 4726 sanetilicationum
1253 4672 1581 4739 participes:
1633 4685 1741 4735 quo
1795 4680 2030 4738 peracto,
2069 4681 2148 4724 ter
2189 4674 2242 4725 in

711 4779 852 4814 anno
873 4762 1051 4814 divina
1075 4761 1438 4828 partieipaturi
1469 4760 1574 4813 sint
1607 4767 1961 4812 sacramenta.
1983 4760 2050 4813 lis
2066 4771 2239 4814 autem

710 4851 800 4916 qui
854 4850 1321 4916 quadragesimum
1380 4861 1578 4899 annum
1632 4857 2024 4910 excesserunt,
2096 4849 2240 4901 nullo

709 4937 867 4989 modo
887 4938 1070 4989 tertias
1093 4951 1212 4989 esse
1229 4936 1594 4988 concedendas
1617 4935 1829 5002 nuptias
1857 4935 2022 4988 divini
2054 4932 2238 4990 Patres

706 5027 927 5078 oraculo
951 5027 1387 5094 pronuntiarunt.
1438 5026 1499 5078 Et
1537 5024 1646 5077 hac
1686 5025 1900 5091 quidem
1938 5027 2150 5080 unionis
2179 5042 2239 5080 ea

709 5114 908 5166 decisio
954 5113 1159 5165 deﬁnit.
1199 5113 1460 5164 Caeterum
1509 5111 1746 5164 Ecclesia
1797 5111 2011 5164 tandem
2053 5123 2238 5166 nostra

705 5211 862 5256 :etate
885 5203 1022 5254 tertii
1055 5202 1376 5254 matrimonii
1411 5209 1739 5253 contractum
1770 5214 1874 5253 non
1907 5204 2166 5268 permisit.

2345 4509 2451 4560 τῶν
2491 4508 2649 4559 θείων
2696 4508 3047 4574 ἀγιασμάτων
3080 4523 3093 4537 ο
3129 4506 3263 4570 μετὰ
3306 4507 3362 4556 δὲ
3404 4504 3501 4572 τὴν
3546 4505 3882 4563 πενταετίαν,

2344 4599 2463 4665 τρὶς
2510 4596 2601 4648 τοῦ
2645 4596 2793 4656 ἔτους
2843 4595 3271 4664 μεταλαμϐάνειν
3323 4593 3531 4653 αὐτούς.
3585 4593 3743 4642 Ἀλλά
3796 4595 3885 4642 καὶ

2344 4684 2468 4743 τοὺς
2501 4683 2932 4749 τριακονταετεῖς
2961 4681 3138 4741 ὂντας,
3185 4681 3285 4730 κᾶν
3311 4679 3502 4738 παῖδας
3529 4677 3744 4745 ἔχωσιν,
3777 4678 3885 4740 ἑξε-

2345 4769 2618 4838 χώρησαν,
2684 4768 2771 4819 διὰ
2825 4769 2922 4833 τὴν
2984 4770 3044 4818 ἐκ
3069 4769 3164 4833 τῆς
3213 4767 3428 4834 ἡλικίας
3458 4766 3763 4827 ἀσθένειαν,
3797 4774 3884 4816 και

2345 4859 2525 4926 τρίτον
2560 4858 2734 4923 γάμον
2762 4873 2773 4884 ·
2815 4857 3124 4923 ὀφείλοντας
3173 4861 3264 4908 καὶ
3297 4856 3518 4916 τούτους
3547 4857 3637 4906 ἐπὶ
3667 4871 3885 4918 τετραε-

2344 4947 2462 4996 τίαν
2482 4946 2773 5012 ἀμετόχους
2795 4939 2931 4994 εἶναι
2963 4944 3069 4994 τῶν
3091 4943 3247 4996 θείων
3285 4943 3655 5010 ἁγιασμάτων,
3697 4942 3771 5002 ὡς
3798 4943 3887 4991 Ex-

2344 5049 2463 5084 τοτε
2499 5033 2592 5083 καὶ
2619 5032 2797 5082 αὐτῶν
2829 5031 3124 5098 μελλόντων
3149 5034 3267 5097 τρὶς
3299 5033 3391 5081 τοῦ
3420 5033 3568 5091 ἔτους
3599 5031 3708 5081 τῶν
3730 5030 3886 5080 θείων

2349 5121 2778 5190 μεταλαμὸάνειν
2799 5119 3124 5186 μυστηρίων.
3178 5121 3300 5180 Τοῖς
3336 5119 3391 5170 δὲ
3424 5119 3512 5170 τὸν
3554 5134 3887 5184 τεσσαρακο-

2349 5209 2471 5258 στὸν
2502 5207 2687 5273 χρόνον
2743 5205 3163 5272 ὑπεραναδᾶσιν,
3197 5206 3254 5268 ἐξ
3308 5205 3516 5265 οὐδενὸς
3544 5205 3746 5272 τρόπου
3798 5206 3888 5254 τὸν

707 5294 882 5361 τρίτον
923 5295 1094 5360 γάμον
1141 5292 1512 5360 συγχωρητέον
1561 5291 1694 5344 εἶναι
1738 5294 1788 5343 oi
1821 5293 1951 5344 θεῖοι
1998 5296 2234 5365 Πατέρες
2273 5299 2673 5365 ἐθεσπιῴδησαν
2708 5310 2720 5322 ·
2762 5299 2912 5349 καιὸ
2944 5296 3040 5363 μὲν
3075 5296 3236 5362 τόμος
3271 5289 3424 5356 οὗτος
3481 5295 3580 5360 τῆς
3647 5294 3888 5358 ἐνὼσεως

712 5381 874 5433 ταῦτα
904 5382 1189 5452 διορίζεται
1214 5397 1228 5410 '
1273 5382 1306 5449 ἡ
1347 5381 1631 5444 Ἐκκλησία
1655 5381 1708 5432 δὲ
1738 5382 1835 5432 οὐκ
1864 5384 2123 5450 ἐπέτρεψε
2148 5387 2281 5447 τέως
2355 5389 2446 5438 ἐπὶ
2510 5387 2617 5437 τῶν
2673 5387 2949 5454 ἡμετέρων
2996 5385 3200 5452 χρόνων
3239 5385 3419 5451 τρίτου
3466 5383 3646 5451 γάμου
3696 5383 3888 5435 συνάλ-

704 5485 805 5542 tax
811 5493 906 5543 μα.

2014 5561 2242 5617 \‘ARIAS
2279 5565 2673 5620 LECTIONES.

784 5666 808 5694 ι
823 5657 1075 5725 confecta.
1135 5670 1158 5697 ι
1197 5667 1382 5711 tomus.
