4110 6468
227 394 349 462 ιαδι

1071 340 1450 449 RESPONSA
1488 385 1588 443 AD
1625 380 2346 445 lNTEltltOGATlONES
2384 379 2644 442 mser.

3282 380 3305 443 1
3318 379 3422 441 002

230 504 584 580 ἀδδηςαγὲας.
637 515 790 566 Κατᾶ
837 514 889 565 δὲ
925 516 1020 582 τὴν
1056 516 1320 585 ἑϐδομάδα
1355 516 1450 583 τῆς
1481 514 1772 583 διακινησίο
1806 513 1852 572 Α

1806 513 2036 572 Ᾱνίεω.
2071 511 2409 565 "ebdomade
2459 519 2633 563 autem
2685 507 3064 574 antipascnalis
3116 505 3231 557 sine
3275 507 3416 572 pori-

234 621 333 670 μου
369 605 415 636 ⁸³
443 604 736 666 ἀκινδύνως
770 607 1244 673 κρεωξαγήσομεν,
1297 606 1433 658 κατὰ
1471 604 1566 672 τὴν
1604 603 1772 670 αὐτῆς

231 694 597 760 τετράδα,καὶ
635 695 1001 763 παρασκευήν.
1048 695 1134 755 Ὠς
1187 697 1283 762 μία
1343 695 1446 763 γὰρ
1508 693 1772 761 λογίζεται

233 780 566 850 κυριώνυμος
595 784 655 834 τὸ
688 784 1026 850 ἑπταήμερον
1052 782 1210 834 τοῦτο
1255 783 1544 852 διάστημα.

315 871 512 936 Ἐρώτ.
547 879 640 936 νγ’.
699 873 760 922 Δί
812 873 1053 940 νηστεῖαι
1104 873 1197 939 τῆς
1237 872 1425 941 ἑορτῆς
1460 871 1568 925 τῶν
1602 872 1772 939 ἁγίων

238 959 581 1023 ἀπεστάλων,
628 961 720 1011 καὶ
757 960 853 1027 τῆς
897 960 1126 1024 Χριστοῦ
1168 962 1506 1030 γεννήσεως,
1553 960 1773 1028 καὶτῆς

237 1052 544 1117 κοιμήσεως
597 1050 692 1114 τῆς
748 1049 903 1115 ἁγίας
941 1050 1219 1114 Θεοτόκου,
1267 1049 1480 1104 καὶτοῦ
1505 1049 1771 1118 Σωτῆρος,

237 1137 593 1206 ἀπαραίτητοί
624 1140 779 1200 είσιν,
803 1139 834 1204 ἦ
879 1140 1247 1208 συγχωρητιαι
1272 1139 1367 1191 καὶ
1395 1139 1706 1206 ἁδιάφοροι;

325 1226 517 1278 Ἇπόκ.
606 1225 668 1276 Ἠ
736 1225 831 1294 μὲν
910 1228 967 1278 ὲν
1028 1225 1578 1278 Κωνσταντινουπόλει
1645 1224 1774 1292 ἁγία

241 1311 451 1371 σύνοδος
508 1312 599 1361 ἐπὶ
661 1312 765 1362 τῶν
801 1312 1022 1380 ἡμερῶν
1079 1311 1172 1362 τοῦ
1225 1311 1525 1375 ἁγιωτάτου
1569 1310 1772 1362 ἐκείνου

239 1400 734 1467 απατριάρχου.......
767 1400 1094 1468 ἐρωτηθεῖσα
1115 1400 1162 1450 εί
1184 1398 1289 1467 χρὴ
1313 1399 1409 1466 τὴν
1456 1399 1512 1449 ὲν
1548 1398 1624 1466 τῷ
1664 1399 1771 1450 Λύ-

238 1488 450 1556 γούστῳ
479 1489 726 1556 νηστείαν
764 1487 1048 1549 ἐπιτελεῖν,
1105 1488 1473 1557 ἀπελογήσατο
1529 1488 1602 1549 ὡς
1637 1489 1771 1558 αῦτη

241 1577 522 1646 ὴνηστεία
569 1577 840 1646 μετετέθη,
894 1577 978 1630 διὰ
1028 1577 1086 1628 τὸ
1136 1579 1208 1646 μὴ
1246 1578 1586 1645 περιπίπτειν
1647 1580 1770 1640 ταῖς

240 1668 381 1720 κατά
405 1669 495 1718 τὸν
517 1667 701 1735 καιρὸν
723 1665 908 1718 τοῦτον
953 1666 1258 1734 γινομέναις
1288 1666 1524 1727 ἐθνικαῖς
1553 1665 1771 1733 νηστεί-

242 1773 348 1818 αις.
381 1758 525 1824 Πλὴν
541 1759 634 1809 καὶ¹
661 1757 739 1807 ἔτι
773 1756 955 1808 πολλοὶ
985 1756 1091 1807 τῶν
1135 1755 1431 1823 ἀνθρώπων
1453 1755 1650 1822 ταύτην
1676 1753 1772 1822 τὴν

242 1814 495 1910 νηστείαν
541 1845 903 1914 νηστεύουσιν.
939 1845 1126 1910 Ἡμεῖς
1172 1814 1252 1905 δὲ,
1302 1814 1664 1910 σκοπήσαντες
1708 1814 1775 1894 τὰ
1805 1814 1846 1868 Β

244 1936 370 2004 περὶ
394 1935 605 1994 τούτου,
633 1932 1060 2000 ἀπολογούμεθα,
1105 1933 1184 1983 ὅτι
1229 1932 1285 1996 ἐξ
1339 1932 1584 1999 ἀνάγκης
1637 1947 1769 2000 προ-

240 2019 494 2090 ηγοῦνται
528 2023 762 2088 νηστείαι
793 2021 893 2087 πρὸ
908 2019 1012 2072 τῶν
1035 2021 1304 2088 τεσσάρων
1319 2019 1515 2073 τούτων
1540 2019 1734 2088 ἑορτῶν
1755 2033 1772 2050 ο

246 2111 412 2178 ἤγουν
446 2111 664 2181 πρὸτῆς
695 2111 882 2180 ἑορτῆς
912 2109 1020 2161 τῶν
1061 2110 1255 2175 ’Λγίων
1285 2109 1640 2172 Ἀποστόλων,
1677 2108 1774 2175 τῆς

243 2198 545 2268 Γεννήσεως
592 2202 683 2251 τοῦ
727 2199 979 2266 Χριστοῦ,
1031 2200 1127 2261 τῆς
1157 2197 1632 2266 Μεταμορφώσεως
1681 2194 1772 2248 τοῦ

241 2287 475 2354 Χριστοῦ
506 2289 599 2338 καὶ
640 2287 771 2338 Θεοῦ
815 2289 989 2355 ἡμῶν,
1046 2288 1138 2337 καὶ
1181 2285 1277 2352 τῆς
1307 2286 1627 2352 Κοιμήσεως
1674 2284 1771 2351 τῆς

242 2377 399 2442 ἁγίας
446 2376 725 2427 Θεοτόκου·
772 2375 907 2443 πλὴν
939 2377 1290 2443 ἑπταήμεροι.
1327 2375 1438 2426 Μία
1477 2374 1584 2442 γὰρ
1646 2390 1772 2425 τεσ-

243 2461 710 2531 σαρακονθήμερος
739 2463 955 2528 νηστεία
987 2463 1152 2525 ἐστὶν,
1187 2459 1327 2530 ἠτοῦ
1377 2460 1533 2526 ἁγίου
1568 2461 1658 2512 καὶ
1681 2477 1773 2530 με·

240 2551 405 2614 γάλου
457 2550 662 2617 Πάσχα.
703 2549 763 2599 Εἰ
799 2549 852 2600 δέ
877 2566 956 2609 τις
990 2549 1082 2601 καὶ
1125 2550 1281 2600 πλέον
1319 2549 1426 2600 τῶν
1459 2549 1595 2602 ἑπτὰ
1636 2550 1774 2617 ὴμε·

245 2637 350 2704 ρῶν
363 2639 500 2689 κατὰ
519 2640 614 2704 τὴν
633 2637 821 2705 ἑορτὴν
839 2637 945 2688 τῶν
968 2637 1160 2702 Ἀγίων
1180 2637 1238 2688 Ἀ
1251 2637 1516 2688 ποστόλων
1530 2636 1772 2688 καὶκατὰ

238 2727 338 2791 τὴν
384 2727 571 2794 ἑορτὴν
600 2729 695 2794 τῆς
741 2727 1041 2791 Γεννήσεως
1085 2725 1177 2777 τοῦ
1220 2725 1452 2792 Χριστοῦ
1506 2724 1770 2792 νηστεύει,

236 2815 270 2882 ἧ
299 2816 500 2875 ἑκοντὶ,
527 2815 558 2882 ἢ
583 2815 687 2866 ἀπὸ
726 2814 1041 2882 κτητορικοῦ
1071 2813 1295 2866 τυπικοῦ
1353 2811 1767 2880 συνωθούμενος,

236 2905 298 2956 ού
321 2905 856 2972 καταισχυνθήσεται.
893 2905 1075 2966 Ὅπως
1097 2904 1151 2954 δὲ
1179 2903 1268 2954 καὶ
1290 2903 1428 2954 διατί
1486 2901 1588 2970 πρὸ
1643 2901 1772 2954 ἑκά-

239 3011 374 3064 στης
433 2995 634 3046 τούτων
677 2995 786 3046 τῶν
829 2994 1100 3062 τεσσάρων
1169 2992 1368 3060 ἑορτῶν
1427 2992 1770 3060 ἑπταίυιιερον

1879 605 1998 657 culo
2029 603 2282 656 carnibus
2336 614 2618 655 vescemur
2659 600 2714 651 in
2763 598 2883 664 ejus
2943 594 3198 648 Mercurii
3246 597 3332 648 dic
3365 605 3418 647 ιι

1876 693 2115 748 Veneris.
2155 692 2284 747 Nam
2314 704 2411 760 pro
2450 703 2557 742 uno
2588 687 2674 741 die
2731 684 3010 738 Dominico
3041 683 3277 738 habetur
3307 683 3411 734 hoc

1873 791 2074 852 septem
2101 783 2306 835 dierum
2335 779 2696 833 intervallum.

1942 872 2138 926 lnterr.
2156 872 2242 925 53.
2273 869 2482 938 Jejunia
2509 870 2615 923 dici
2643 868 2762 922 festi
2778 867 3098 921 Sanctorum
3120 864 3409 933 Apostolo—

1875 976 2017 1024 rum,
2052 969 2104 1013 et
2139 957 2346 1011 Natalis
2368 956 2607 1019 Christi,
2649 964 2701 1009 et
2734 954 3163 1010 Obdormitionis
3214 963 3413 1005 sancta:

1880 1052 2125 1120 Deiparze
2148 1059 2202 1103 ct
2226 1047 2553 1110 Servatoris,
2603 1045 2992 1100 inexcusabilia
3023 1054 3171 1107 sunt,
3196 1058 3261 1096 an
3297 1057 3415 1110 per-

1873 1139 2132 1193 mittenda
2156 1147 2208 1191 et
2231 1136 2632 1190 indifferentia?

1943 1227 2094 1294 Resp.
2116 1225 2708 1292 Constantinopolitana
2730 1222 2944 1290 quidem
2967 1229 3150 1272 sancta
3177 1220 3408 1288 synodus

1874 1319 1929 1372 in
1956 1318 2145 1371 diebus
2173 1314 2501 1370 sanctissimi
2539 1315 2684 1366 illius
2732 1309 3140 1378 patriarcha...
3179 1309 3410 1360 interro-

1873 1415 2014 1476 gata,
2043 1420 2108 1458 an
2139 1411 2384 1474 oporteat
2433 1403 2658 1471 Augusti
2696 1402 2897 1453 mcnsis
2930 1399 3193 1466 jejunium
3243 1397 3404 1462 perli-

1873 1511 1995 1550 cere
2024 1494 2043 1533 ι
2081 1510 2094 1545 :
2133 1492 2431 1561 respondit,
2466 1493 2515 1544 id
2557 1491 2820 1559 jejunium
2856 1496 3116 1541 mutatum
3158 1501 3294 1544 esse,
3343 1501 3408 1536 nu

1871 1598 1992 1637 cum
2027 1583 2250 1650 paganis
2305 1580 2524 1649 jejuniis
2578 1594 2694 1645 qua:
2734 1576 2917 1630 eodem
2977 1585 3215 1641 tempore
3251 1574 3405 1632 fiunt,

1872 1679 2178 1724 concurrat.
2209 1669 2359 1722 Multi
2382 1676 2557 1721 tamen
2589 1666 2830 1718 homines
2870 1664 2919 1716 id
2948 1663 3208 1730 jejunium
3230 1661 3407 1712 adhuc

1872 1761 2182 1814 observant.
2220 1757 2325 1811 Nos
2358 1767 2534 1810 autem
2565 1769 2684 1808 cum
2725 1768 2806 1813 ca,
2837 1767 2954 1820 qua:
2993 1751 3056 1802 ad
3108 1751 3204 1802 hoc
3239 1749 3403 1816 perti-

1874 1856 2020 1908 nent,
2048 1846 2569 1900 consideraverimus
2592 1882 2607 1905 ,
2635 1841 2971 1894 defendimus
2989 1838 3190 1906 jejunia
3218 1852 3405 1891 neces-

1874 1939 2017 1993 sario
2038 1938 2337 2005 prmcedere
2362 1935 2475 1988 haec
2491 1942 2720 2001 quatuor
2746 1929 2877 1983 l‘esta
2903 1946 2916 1981 :
2948 1930 3194 1981 nimirum
3214 1927 3404 1981 festum

1874 2029 2190 2081 Sanctorum
2235 2024 2610 2092 Apostolorum
2634 2061 2649 2084 ,
2688 2018 2890 2071 Natalis
2931 2017 3126 2070 Christi
3150 2054 3163 2075 ,
3203 2014 3404 2067 Trans.

1875 2116 2206 2170 formationis
2229 2113 2427 2168 Christi
2455 2120 2510 2166 et
2544 2111 2631 2165 Dei
2663 2111 2851 2170 nostri.
2882 2118 2936 2162 ct
2968 2106 3403 2158 ()bdormitionis

1873 2214 2071 2259 sanctae
2102 2205 2358 2271 Deiparse,
2383 2203 2473 2255 sed
2506 2211 2712 2254 tantum
2736 2206 2938 2265 septem
2974 2197 3201 2249 dierum.
3231 2193 3402 2248 Unum

1871 2297 2010 2350 enim
2038 2303 2119 2348 est
2135 2291 2488 2361 quadraginta
2510 2291 2717 2342 dierum
2744 2287 3003 2355 jejunium
3022 2284 3190 2338 sancti
3210 2292 3261 2335 ct
3288 2297 3402 2334 ma-

1872 2385 1957 2454 gni
1985 2383 2291 2438 Paschatis.
2330 2380 2482 2446 Quod
2511 2379 2556 2434 si
2589 2378 2713 2448 quis
2739 2379 3016 2445 plusquam
3054 2383 3256 2441 septem
3289 2373 3397 2423 die.-

1871 2473 1972 2526 bus
1998 2472 2140 2524 circa
2174 2470 2367 2524 festum
2396 2469 2711 2522 Sanctorum
2732 2463 3108 2533 Apostolorum
3143 2460 3400 2514 ctfcstum

1873 2562 2072 2613 natalis
2098 2560 2296 2612 Christi
2326 2559 2552 2625 jejunet,
2589 2571 2681 2610 seu
2715 2563 2928 2623 sponte,
2967 2568 3060 2606 seu
3092 2567 3119 2604 a
3153 2550 3400 2603 fundato-

1871 2651 1949 2703 ria
1981 2649 2159 2716 regula
2189 2657 2228 2684 ω
2256 2648 2545 2715 impulsus,
2577 2662 2681 2698 non
2721 2643 3132 2711 vituperabitur.
3164 2641 3401 2704 Quomo-

1869 2738 1938 2790 do
1955 2746 2152 2795 autem.
2190 2745 2241 2788 et
2258 2744 2475 2803 propter
2493 2733 2618 2800 quid
2637 2741 2758 2785 ante
2776 2729 3192 2797 unumquodque
3206 2727 3400 2779 horum

1870 2833 2104 2891 quatuor
2140 2823 2399 2876 festorum
2452 2815 2699 2888 jejunare
2728 2819 3043 2879 debeamus,
3075 2817 3404 2868 declaratum

1868 2914 1924 2968 in
1974 2912 2218 2982 synodali
2275 2911 2571 2972 decisione,
2599 2909 2666 2962 de
2718 2922 2783 2962 eo
2835 2921 2866 2960 ι
2919 2907 3074 2959 nobis
3109 2906 3272 2958 facta.
3302 2905 3403 2968 Qui

1869 3003 2030 3072 igitur
2051 3017 2153 3056 non
2179 3001 2422 3070 jejunant
2453 3012 2575 3053 ante
2595 2996 3018 3065 unumquodque
3051 2996 3240 3048 horum
3267 3008 3406 3062 qua-

236 3083 487 3152 νηστείαν
513 3083 570 3146 ἐξ
597 3081 836 3149 ἀνάγκης
877 3080 1150 3150 νηστεύειν
1197 3080 1495 3146 ὀφείλομεν,
1531 3078 1766 3149 ιδηλώθη
1793 3100 1835 3158 c

1793 3100 1835 3158 α
1869 3101 1990 3145 tuor
2021 3090 2277 3143 festorum
2307 3087 2427 3143 sine
2445 3087 2551 3140 ulla
2579 3086 2800 3140 omnino
2823 3079 3175 3137 excusatione
3198 3080 3404 3147 magnis

237 3176 297 3228 ιν
328 3173 404 3241 τῷ
428 3174 666 3238 γεγονότι
704 3173 832 3239 παρ’
867 3171 1020 3240 ἡμῶν
1071 3171 1225 3238 χάριν
1281 3169 1466 3220 τούτου
1510 3168 1764 3238 συνοδικῷ

1872 3175 2299 3229 emendabuntur
2330 3174 2529 3242 panis.

238 3266 410 3330 τόμῳ.
438 3262 504 3314 Οί
535 3262 662 3326 γοῦν
696 3261 769 3329 μὴ
800 3259 1143 3328 νηστεύοντες
1175 3260 1278 3330 πρὸ
1315 3259 1547 3326 ἑκάστης
1568 3258 1767 3313 τούτων
1802 3263 1908 3316 τῶν
1933 3265 2207 3333 τεσσάρων
2229 3265 2428 3334 ἑορτῶν
2465 3270 2602 3316 κατὰ
2667 3262 2727 3314 τὸ
2795 3261 2968 3329 πάντη
3020 3258 3402 3328 ἀπαραίτητον,

238 3354 303 3405 δι’
335 3353 621 3420 ἐπιτιμίων
649 3353 893 3420 μεγάλων
922 3352 1385 3422 διορθωθήσονται.

317 3443 514 3508 Ἐρώτ.
545 3442 637 3494 νδ’.
672 3444 734 3494 Οἱ
777 3442 913 3492 κατὰ
935 3443 1133 3502 ταύτας
1179 3443 1273 3503 τὰς
1300 3442 1546 3510 νηστείας
1572 3443 1772 3512 ἐγχρα-

238 3529 549 3596 τευόμενοι,
606 3528 739 3596 πρὸς
802 3528 858 3579 δὲ
921 3528 1013 3578 καὶ
1067 3531 1114 3578 oi
1174 3529 1314 3579 κατὰ
1367 3529 1465 3589 τάς
1516 3531 1773 3597 τετράδας

241 3617 335 3666 καὶ
380 3615 730 3682 παρασκευὰς
793 3614 1238 3683 ξηροφαγοῦντες,
1306 3615 1772 3684 ἑκχωρηθήσονται

236 3705 325 3757 διὰ
349 3704 605 3772 δευτέρας
631 3704 908 3772 τραπέζης
937 3704 1263 3771 θεραπεῦσαι
1321 3704 1418 3772 τὴν
1460 3704 1553 3756 τοῦ
1587 3704 1768 3774 σώμα-

235 3810 326 3854 τος
345 3795 569 3857 ἔνδειαν,
611 3792 642 3861 ἢ
685 3793 787 3857 οὓς

320 3879 517 3931 Ἀπόκ.
537 3877 803 3947 Κυρίωςή
825 3878 1132 3945 ἐγκράτεια,
1149 3878 1366 3947 νηστεία
1385 3877 1528 3945 ἐστίν
1549 3893 1562 3907 ·
1580 3881 1660 3932 ὅτι
1676 3881 1769 3932 καὶ

239 3965 584 4028 παθοκτόνος,
638 3968 735 4018 οὐκ
778 3967 1215 4034 ἀνθρωποκτόνος
1252 3967 1515 4019 καλεῖται.
1548 3968 1610 4019 Εἰ
1640 3967 1769 4034 γοῦν

235 4055 284 4106 oi
339 4055 815 4124 ἀγκρατευόμενοι,
866 4056 955 4107 διὰ
983 4054 1238 4107 σύστασιν
1281 4054 1373 4106 τοῦ
1404 4055 1646 4124 σώματος
1678 4058 1772 4109 καὶ

235 4143 492 4210 δευτέρας
551 4144 825 4210 τραπέζης
875 4144 1153 4210 δεηθῶσιν,
1206 4143 1266 4194 ού
1308 4145 1773 4212 προκριματισθή·

1937 3440 2132 3495 Interr.
2162 3440 2248 3493 54.
2300 3439 2402 3504 Qui
2432 3440 2516 3493 his
2559 3437 2779 3505 jejuniis
2828 3434 3166 3488 continenter
3212 3439 3394 3497 agunt.

1868 3528 2048 3581 adhac
2077 3537 2126 3580 et
2148 3527 2340 3580 diebus
2371 3526 2617 3579 Mercurii
2651 3533 2703 3576 et
2723 3522 2944 3575 Veneris
2973 3519 3141 3573 aridis
3171 3531 3390 3571 vescun-

1868 3626 1976 3679 tur,
2003 3616 2247 3668 sinentur
2275 3629 2370 3684 per
2402 3613 2776 3668 secundariam
2810 3624 3046 3662 mensam
3065 3620 3254 3661 curare
3274 3619 3391 3661 cor-

1872 3703 2018 3772 poris
2048 3703 2419 3772 indigentiam,
2456 3699 2666 3755 annon?

1946 3875 2098 3943 Resp.
2137 3873 2357 3944 Proprie
2402 3873 2758 3936 continentia,
2815 3869 3080 3938 jejunium
3118 3875 3236 3933 est;
3272 3865 3398 3934 quia

1878 3972 1932 4019 et
1966 3965 2284 4027 aﬂ'ecticida,
2319 3978 2424 4016 non
2457 3962 2718 4017 homicida
2761 3968 3000 4014 vocatur.
3032 3958 3086 4009 Si
3129 3972 3276 4022 ergo,
3305 3954 3397 4023 qui

1877 4055 2218 4108 continenter
2262 4054 2488 4115 vivunt,
2541 4052 2607 4105 ad
2663 4051 2908 4118 corporis
2957 4046 3393 4102 sustentationem

1877 4142 2196 4196 secundaria
2261 4155 2444 4194 mensa
2505 4139 2815 4204 indigeant,
2867 4132 3232 4202 praejudiciuut
3290 4141 3397 4180 non

238 4247 442 4282 σονται.
499 4231 716 4291 Πάντως
769 4231 874 4299 γὰρ
908 4233 999 4283 καὶ
1023 4233 1170 4282 αὐτοὶ
1208 4232 1304 4299 τὴν
1350 4232 1643 4300 ὁλοήμερον
1675 4232 1774 4284 οὐκ
1804 4289 1840 4300 _

1772 4275 1774 4278 .
1804 4289 1840 4300 _
1877 4232 2165 4298 patientur.
2194 4228 2323 4280 Nam
2358 4242 2458 4280 nec
2482 4227 2535 4278 hi
2571 4235 2680 4278 tota
2705 4225 2789 4277 die
2823 4220 3211 4276 continentiam
3257 4215 3395 4268 iura:

233 4317 590 4385 ἀτιμάσουσιν
644 4289 984 4382 ἐγκράτειαν,
1021 4318 1106 4369 διὰ
1141 4289 1423 4386 ἑσπερινῆς
1459 4289 1770 4385 ’ἀκρασίας
1804 4289 1846 4343 D

1804 4289 1846 4343 θ
1879 4319 2099 4371 mabunt
2134 4332 2228 4386 per
2260 4315 2705 4370 incontinentiam
2756 4322 3071 4366 nocturnam
3096 4317 3146 4360 ιι.
3176 4307 3229 4359 ld
3257 4303 3398 4358 cnim

235 4407 403 4459 Τοῦτο
430 4407 486 4457 δὲ
520 4409 860 4475 ποιήσαντες.
893 4407 1391 4475 ὲπιτιμηθὴσονται.

317 4497 512 4561 Ἕρώτ.
549 4501 639 4547 νε’.
701 4497 855 4548 Κατά
900 4497 996 4565 τὴν
1053 4496 1366 4564 παραμονὴν
1410 4497 1505 4564 τῆς
1559 4498 1622 4548 ἐκ
1681 4513 1771 4547 νε-

235 4586 383 4656 κρῶν
417 4587 684 4655 ιγέρσεως
717 4586 810 4638 τοῦ
840 4586 1047 4637 δικαίου
1081 4586 1347 4654 Λαζάρου,
1393 4589 1487 4638 καὶ
1515 4587 1650 4638 κατὰ
1671 4588 1769 4654 τὴν

236 4676 428 4746 ἑορτὴν
452 4675 558 4727 τῶν
606 4675 781 4741 Αγίων
802 4675 1236 4743 Τεσσαράκοντα,
1257 4675 1543 4735 ἀκινδύνως
1562 4675 1768 4726 τελείαν

238 4764 545 4832 ἱερουργίαν
600 4764 936 4832 ίερουργήσει
977 4780 1085 4824 τις,
1137 4764 1170 4831 ἦ
1220 4762 1314 4826 ob;
1357 4762 1626 4822 Ὡσαύτως
1676 4763 1771 4813 καὶ

235 4853 372 4904 κατὰ
396 4853 495 4920 τὴν
532 4851 655 4921 ὃλην
686 4854 845 4918 ἁγίαν
873 4853 1316 4919 Τεσσαρακοστὴν
1361 4850 1533 4912 ἔξεστι
1566 4850 1768 4917 βαπτί-

233 4940 365 5004 ζειν,
424 4941 456 5008 ἢ
513 4941 802 5008 ίερολογίας
857 4943 1046 5008 γάμων
1099 4940 1192 4992 καὶ
1239 4940 1534 5009 ιινηστειῶν
1576 4942 1766 5002 ποιεῖν,

233 5029 389 5096 ἠοῦς

303 5118 494 5170 ’Δπάιμ
530 5116 588 5171 '0
611 5117 682 5186 νβ’
698 5119 872 5169 κανὼν
884 5118 978 5186 τῆς
992 5119 1045 5169 ὲν
1065 5115 1139 5185 τῷ
1152 5114 1398 5184 Τρούλλῳ
1422 5113 1514 5164 τοῦ
1535 5112 1764 5181 μεγάλου

1483 5297 1703 5352 VARIJE

300 5436 347 5468 "
376 5433 811 5500 διακαινησίμου.

303 5566 323 5606 ι
359 5569 593 5635 Augusto
635 5581 817 5622 mense.
855 5565 1111 5630 jejunium
1145 5571 1369 5635 serrarel
1400 5577 1415 5612 :

1516 5575 1553 5602 υ
1582 5579 1666 5614 seu
1704 5580 1733 5614 η
1761 5565 2060 5625 municipali
2079 5565 2296 5613 auriam
2326 5561 2540 5611 rc’nrrrrn.

1877 4406 1920 4460 si
1965 4404 2208 4466 fecerint,
2235 4404 2651 4458 eoercebuntur.

1945 4493 2137 4547 Interr.
2205 4492 2292 4546 55.
2354 4493 2411 4544 ln
2464 4491 2867 4558 “spectatione
2917 4481 3330 4541 resurrectionis
3371 4493 3401 4530 a

1877 4585 2102 4636 mortuis
2125 4583 2253 4650 justi
2291 4581 2500 4643 Lazari,
2540 4589 2594 4632 et
2635 4582 2688 4631 in
2731 4579 2863 4631 festo
2905 4576 3222 4628 Sanctorum
3256 4570 3401 4632 Qua-

1877 4672 2141 4738 draginta,
2171 4671 2285 4723 sine
2313 4671 2554 4739 periculo
2583 4668 2904 4720 sacriﬁcium
2939 4662 3205 4730 quispiam
3231 4656 3404 4725 perfe-

1875 4771 2018 4813 ctum
2065 4760 2397 4822 celebrabit,
2447 4759 2661 4810 annon?
2719 4756 2926 4809 Pariter
2956 4763 3008 4805 et
3053 4759 3163 4803 tota
3212 4755 3397 4799 sancta

1875 4850 2226 4918 Quadragena
2271 4849 2400 4901 licet
2454 4848 2759 4914 baptizare,
2837 4850 2928 4895 aut
3004 4837 3402 4892 benedictioucs

1874 4939 2187 5006 nuptiarum
2215 4936 2720 5004 sponsaliorumquc
2752 4918 2952 4992 facere,
2986 4925 3202 4980 annon?

1943 5110 2092 5176 Resp.
2112 5109 2600 5177 Quinquagcsimus
2627 5105 2896 5159 secundus
2923 5117 3099 5154 canon
3121 5111 3320 5154 sapere.
3350 5105 3403 5147 ιιι

1761 5293 2158 5350 ῐδΕϐΤΙΟΜίΞὲ.

2636 5571 2662 5596 η
2693 5560 2916 5613 Omnino
2950 5564 3119 5606 tamen
3166 5557 3253 5597 nec
3302 5537 3399 5602 ἱρ·;ἱ

241 5647 347 5692 tota
371 5632 457 5687 ιΙὶἐ
472 5635 822 5686 continuatum
853 5633 1266 5692 temperantiam.
1294 5645 1379 5689 per
1409 5636 1743 5695 rccperlimmz
1785 5634 2227 5694 intrin;‘:-:-.;:uf.-iui
2286 5632 2661 5681 ‹(.ιίυι·ι;ιι.·ί·ῖιρ.ι.

507 5730 739 5786 Pyram
817 5726 954 5800 ίὶιι..
981 5719 1139 5777 CXX
1160 5719 1204 5774 Χ
1225 5716 1383 5774 Vi”.

3015 5718 3089 5773 3'1).
