4110 6456
689 346 826 407 1οὓ3

1888 349 2038 407 Ἠίίί
2064 351 2158 404 .lil.
2210 349 2688 408 li.-\I.S'\.\i0.'\'lS

3764 360 3889 424 1004

695 467 1045 520 (enumcnicm
1080 470 1290 537 sytodi,
1319 471 1369 524 in
1403 472 1588 524 Truilo
1641 475 1810 540 magni
1870 477 2050 539 palatii
2104 492 2229 525 cun-

2340 477 2598 528 πςιλατίου
2618 479 2885 546 συστάσης
2917 480 3074 541 ἁγίας
3113 481 3200 532 καὶ
3226 480 3602 548 οἰκοῦμενικῆς
3641 482 3877 540 συνόδου,

684 557 1092 623 ἐι-εςαίωνίιωσ
1140 561 1336 614 aitz-ln
1369 563 1619 616 omnibus
1670 573 1867 616 saurtze
1916 564 2230 632 Quadrage-

691 645 843 698 siina:
896 647 1088 716 jejunii
1153 650 1362 710 diebus,
1431 661 1621 719 prmter
1668 669 1826 719 quam
1878 653 2132 717 Sabbato,
2181 663 2232 708 et

692 734 990 797 Dmninico,
1019 747 1072 792 et
1101 749 1289 792 sancto
1313 741 1752 797 Aununtiationis
1779 743 1885 805 die,
1907 744 1995 796 tlat
2017 759 2231 798 sacrum

693 826 1264 889 praesanctiﬁcatorum
1345 831 1726 885 ministerium.
1786 832 1852 884 Et
1926 834 1993 887 ‘9
2057 849 2229 887 canon

693 913 1008 969 Laodicena:
1035 919 1228 986 synodi
1265 919 1375 973 ha‘c
1401 923 1678 974 enuntiat:
1713 921 1864 988 Quod
1894 939 1999 976 non
2025 934 2232 991 oportet

691 1004 744 1053 in
785 1004 1211 1074 Quadragesima
1257 1023 1445 1076 panem
1478 992 1694 1074 oﬂ‘erre,
1749 1013 1851 1065 uisi
1885 1013 2144 1073 Sabbato,
2179 1021 2232 1066 et

689 1093 821 1146 solis
883 1095 1199 1153 Dominicis.
1247 1098 1312 1152 Et
1375 1100 1433 1152 5|
1505 1115 1678 1154 canon
1740 1103 1979 1170 ejusdem
2038 1104 2227 1172 synodi

690 1183 894 1252 inquit:
935 1184 1088 1248 Quod
1124 1203 1229 1241 non
1255 1197 1467 1256 oportet
1514 1190 1565 1242 in
1611 1189 2036 1258 Quadragesima
2090 1206 2234 1243 mar-

690 1284 863 1342 tyrum
899 1276 1106 1328 natales
1141 1291 1416 1344 peragere,
1454 1278 1546 1332 sed
1581 1287 1892 1332 sanctorum
1931 1289 2228 1347 martyrum

687 1363 868 1417 facere
897 1367 1440 1420 commemorationcs
1472 1369 1524 1420 in
1559 1366 1809 1421 Sabbatis
1833 1377 1886 1421 et
1913 1369 2227 1422 Dominicis.

686 1453 748 1505 Et
780 1453 846 1505 52
875 1453 948 1505 ait
985 1471 998 1506 :
1043 1452 1194 1517 Quod
1229 1471 1334 1508 non
1359 1465 1566 1523 oportet
1607 1459 1658 1510 in
1687 1457 2108 1526 Quadragesima
2137 1473 2235 1510 nu-

684 1542 850 1609 ptias,
897 1541 977 1595 vel
1021 1543 1263 1596 natalitia
1305 1544 1599 1599 celebrare.
1647 1543 1898 1612 Ejusdem
1953 1547 2233 1615 synodi45

683 1633 1102 1700 complectitur:
1135 1633 1286 1696 Quod
1316 1649 1422 1686 non
1460 1642 1673 1700 oportet
1701 1645 1821 1702 post
1861 1634 1997 1688 duas
2026 1635 2228 1690 hebdo-

684 1720 870 1774 madas
909 1719 1353 1788 Quadragesimaa
1381 1723 1445 1776 ad
1477 1722 1922 1777 illuminationem
1953 1733 1970 1754 '
1999 1723 2227 1778 admitti.

683 1810 786 1875 Qui
823 1810 986 1879 igitur
1010 1822 1194 1866 contra
1228 1814 1418 1869 horum
1479 1827 1718 1872 tenorem
1788 1819 1994 1873 faciunt
2052 1821 2232 1889 bapti-

683 1908 876 1964 smata,
911 1901 991 1954 vel
1039 1903 1299 1970 nuptiales
1346 1905 1747 1961 benedictiones
1805 1908 1857 1960 in
1890 1916 1999 1961 tota
2046 1921 2231 1964 sancta

685 2006 875 2060 magna
903 1991 1389 2062 Quadragena,vel
1441 1995 1710 2063 perfectas
1761 1997 1969 2051 hostias
2024 1999 2231 2052 sacriﬁ-

684 2089 894 2141 cantes.
930 2091 1154 2153 excepto
1186 2085 1300 2137 solo
1322 2082 1582 2148 Sabbato,
1616 2091 1668 2138 et
1712 2085 1799 2139 die
1832 2083 2135 2148 Dominico,
2175 2096 2230 2140 et

684 2171 1142 2238 evangelizatioue
1160 2181 1204 2236 ι’,
1228 2172 1427 2239 injuste
1443 2183 1622 2241 agunt,
1643 2183 1693 2226 et
1710 2173 1963 2244 gravibus
1979 2175 2231 2229 emenda-

684 2261 884 2311 buntur
920 2260 1117 2328 pugnis,
1141 2261 1282 2329 quod
1310 2277 1370 2315 ea
1401 2263 1795 2325 commiserint,
1846 2279 1966 2332 qua
2015 2265 2226 2318 veniam

684 2362 790 2400 non
823 2356 1122 2402 merentur.
1171 2350 1488 2406 Canonibus
1541 2367 1672 2407 sane
1719 2351 1998 2407 deﬁnitum
2030 2362 2135 2418 est,
2171 2354 2226 2408 in

682 2448 874 2502 magno
907 2433 1143 2491 Sabbato
1200 2437 1523 2506 bsptismata
1583 2439 1721 2494 ﬁeri.
1781 2438 1934 2505 Quod
1993 2439 2038 2494 si
2103 2440 2228 2495 vita:

682 2521 860 2576 exitus
918 2531 1106 2592 urgeat
1181 2524 1347 2580 divini
1420 2525 1763 2596 baptismatis
1843 2528 2225 2596 initiationem,

685 2612 956 2665 lavacrum
987 2613 1358 2678 exhibebitur,
1392 2616 1552 2670 etiam
1575 2617 1683 2672 alio
1712 2619 1798 2672 die
1841 2617 2228 2688 Quadragena'.

687 2699 817 2754 Nam
836 2709 890 2753 et
922 2699 1008 2755 iis.
1041 2703 1131 2769 qui
1158 2703 1223 2756 ad
1255 2711 1559 2758 extremum
1606 2717 1931 2761 coercentur
1947 2717 2002 2773 tt,
2032 2717 2085 2762 et
2108 2723 2230 2777 per-

685 2798 844 2856 petua
904 2791 1470 2848 excommunicatioue
1523 2794 1760 2849 damnati
1819 2805 1968 2860 sunt,
2032 2800 2226 2852 mortis

684 2877 979 2932 auxiliatur
1011 2880 1352 2948 mysterium,
1382 2882 1449 2937 ad
1489 2891 1805 2938 sanctorum
1841 2885 2224 2954 mysteriorum

683 2968 1174 3036 participationem.

752 3057 946 3114 Interr.
979 3061 1068 3116 56.
1107 3062 1234 3117 Sine
1257 3063 1498 3131 periculo
1532 3063 1664 3117 ﬁunt
1693 3063 2066 3119 ordinationes
2100 3065 2225 3121 sub-
2249 3076 2295 3140 ο

682 3150 1058 3214 diaconorum,
1090 3153 1467 3216 diaconorum.
1507 3155 1870 3218 sacerdotum,
1915 3164 1965 3209 et
2011 3157 2226 3225 pontiﬁ-

681 3252 802 3293 cum
838 3239 890 3293 in
913 3249 1102 3296 sancta
1127 3252 1181 3298 et
1207 3258 1398 3314 magna
1433 3243 1807 3314 Quadragena,
1845 3246 2064 3300 annon?

755 3415 903 3482 Resp.
935 3414 1248 3473 Canonibus
1273 3428 1537 3474 statutum
1563 3428 1644 3475 est
1671 3422 1752 3487 (ut
1798 3421 2049 3489 superius
2091 3421 2230 3474 dixi-

684 3506 826 3572 mus)
859 3519 925 3556 ne
983 3505 1222 3570 perfecta
1252 3507 1576 3562 sacriﬁcatio
1627 3509 1718 3562 ﬁat
1758 3519 1870 3563 toto
1919 3511 1986 3565 40
2016 3511 2224 3566 dierum

681 3590 909 3659 jejunio,
943 3594 1182 3662 exceptis
1232 3594 1364 3650 solis
1411 3594 1680 3658 Sabbatis,
1737 3605 1789 3649 et
1827 3598 2144 3662 Dominicis,
2178 3606 2232 3650 et

683 3679 820 3733 [σξιο
849 3679 1360 3749 Evangelizationis.
1389 3685 1486 3737 His
1513 3685 1693 3751 itaque
1745 3685 1959 3746 diebus.
2013 3688 2232 3754 quando

684 3770 908 3840 mystica
934 3780 1258 3825 consecrata
1289 3773 1508 3826 victima
1540 3775 1836 3847 perﬁcitur,
1858 3777 2230 3830 ordinationes

684 3861 821 3913 citra
855 3861 1020 3913 ullum
1066 3863 1271 3916 crimen
1307 3863 1441 3915 ﬁuut
1466 3879 1479 3914 :
1506 3865 1715 3917 caeteris
1751 3873 1926 3918 autem
1954 3864 2230 3932 jejunato-

684 3948 781 4002 riis
812 3948 1024 4012 diebus,
1074 3950 1292 4018 quando
1331 3951 1569 4019 perfecta
1627 3953 1952 4006 sacriﬁcatio
2005 3969 2111 4008 non
2150 3953 2230 4020 ﬁt,

685 4051 785 4092 nec
818 4038 1089 4092 ordinatio
1120 4039 1283 4092 ullius
1311 4054 1518 4104 eorum,
1551 4042 1641 4108 qui
1674 4041 1826 4093 altari
1879 4041 2226 4104 ministrant,

685 4128 960 4196 multoque
983 4130 1164 4182 minus
1189 4130 1514 4198 episcOpalis
1536 4130 1862 4198 perﬁcietur.
1903 4129 2187 4184 Ordinatio
2211 4141 2227 4167 τ

685 4219 828 4271 enim
862 4226 946 4271 est
996 4217 1194 4286 publici
1231 4227 1532 4273 conventus
1569 4228 1802 4288 tempus,
1861 4228 1916 4274 et
1967 4221 2226 4289 gloriﬁca-

683 4307 849 4362 tionis
923 4307 1038 4371 Dei,
1119 4309 1296 4378 dignis
1358 4310 1628 4378 elargiens
1701 4311 1974 4379 spiritales
2056 4311 2232 4374 digni-

684 4407 844 4452 tates.

753 4487 947 4541 lnterr.
987 4487 1075 4543 57.
1111 4487 1247 4552 Qua:
1270 4489 1324 4542 in
1353 4487 1556 4543 sanctis
1582 4487 1672 4541 Dei
1711 4489 1967 4544 Ecclesiis
2026 4489 2095 4543 ab
2127 4489 2226 4541 alio

683 4577 880 4644 quibus
936 4577 1239 4631 offeruntur
1292 4593 1379 4632 res
1429 4579 1869 4647 qualescunque,
1925 4580 2006 4633 vel
2066 4579 2227 4632 etiam

685 4666 887 4727 edulia,
935 4668 1008 4719 ab
1057 4668 1166 4721 ullo
1214 4669 1550 4737 accipientur
1585 4678 1631 4730 ι,
1677 4677 1727 4720 et
1779 4682 1967 4721 eorum
2022 4669 2227 4722 tribue-

687 4767 773 4809 tur
802 4757 1063 4810 licentia?
1095 4757 1224 4812 ltem
1275 4775 1416 4828 qua,
1456 4769 1508 4812 et
1559 4759 1738 4827 qualia
1773 4767 1898 4812 sunt
1946 4757 2227 4818 canonica,

690 4863 808 4916 quas
855 4848 1235 4905 sacerdotibus
1260 4861 1312 4905 et
1370 4851 1714 4920 pontiﬁcibus
1757 4849 2047 4917 quotannis
2097 4848 2232 4901 dau-

685 4938 812 4990 tur?

756 5028 912 5095 Resp.
957 5031 1135 5083 Aurea
1189 5029 1410 5099 quidem
1473 5039 1526 5083 ct
1590 5038 1877 5099 argentea,
1947 5041 2067 5096 qum
2123 5025 2231 5079 Deo

684 5115 1014 5182 oﬂ'eruntur,
1077 5133 1201 5172 vasa
1254 5127 1306 5172 et
1366 5119 1765 5187 supellectilis,
1822 5118 1940 5171 sine
2009 5115 2230 5167 domino

686 5215 815 5258 sunt
845 5208 890 5270 ⁸,
931 5216 984 5259 et
1019 5223 1112 5277 per
1141 5209 1426 5278 episcopos
1463 5208 1574 5262 Deo
1607 5214 2021 5261 consecrantur.
2060 5203 2228 5255 Escu-

687 5296 829 5348 ienta
881 5303 1080 5363 autem,
1129 5309 1181 5353 et
1229 5299 1543 5368 potulenta,
1611 5311 1730 5352 oua:
1801 5298 1946 5348 'uxta
2007 5306 2231 5354 morem,

2335 566 2502 616 ταῦτὰ
2556 584 2736 636 φησιν·
2777 569 2864 618 Ἐν
2885 569 3093 632 πάσαις
3149 572 3264 631 ταῖς
3295 571 3390 638 τῆς
3414 571 3570 638 ἁγίας
3606 569 3879 637 Τεσσαραο

2335 657 2530 721 κοστῆς
2569 657 2676 706 τῶν
2706 658 2964 724 νηστῐιῶν
3001 658 3251 726 ἡμέραις,
3279 659 3759 728 παρὲξ.Σα66ἁτου
3789 661 3880 710 καὶ

2335 745 2632 811 Κυριακῆς,
2674 747 2761 797 καὶ
2784 747 2879 812 τῆς
2908 747 3063 812 ἁγίας
3097 746 3187 798 τοῦ
3211 748 3618 816 Εὑαγγελισμοῦ
3651 749 3876 818 ἡμέρας,

2334 835 2364 897 ἡ
2406 833 2510 883 τῶν
2568 836 3011 900 προηγιασμὲνων
3071 835 3227 903 ἱερῶν
3273 836 3581 904 λειτουργία
3627 837 3876 902 γινέσθω.

2338 924 2440 974 Καὶ
2473 923 2500 973 ὁ
2529 923 2612 989 μίν
2646 923 2739 988 τῆς
2780 926 2832 973 ὲν
2857 924 3143 992 Λαοδικείᾳ
3172 925 3382 976 συνόδου
3406 925 3575 976 ταῦτα
3608 925 3876 988 διέξεισιν,

2337 1011 2418 1062 δτι
2457 1013 2530 1062 υὺ
2563 1010 2642 1060 δεῖ
2674 1014 2739 1078 τῇ
2781 1012 3202 1080 Τεσσαραχοστῇ
3236 1014 3393 1080 ἄρτον
3442 1014 3789 1082 προσφέρειν.
3829 1015 3878 1064 εἰ

2336 1099 2410 1168 μὴ
2465 1102 2521 1152 tv
2578 1100 2833 1168 Σαϐδάτῳ
2877 1103 2967 1152 καὶ
2999 1104 3244 1169 κυριακῇ
3276 1104 3451 1169 μόνον.
3483 1103 3591 1154 Καὶ
3617 1103 3647 1153 δ
3675 1100 3755 1154 να⁸
3779 1118 3878 1152 κα-

2332 1188 2438 1241 νὼν
2470 1193 2564 1257 τῆς
2595 1192 2762 1256 αὐτῆς
2794 1190 3007 1241 συνόδου
3033 1191 3299 1257 φησὶν,ὅτι
3319 1192 3392 1241 Οὐ
3411 1191 3568 1258 eam
3595 1191 3875 1258 Τεσσαρα-

2334 1282 2499 1347 κοστῇ
2540 1273 2829 1348 μρτύρων
2881 1279 3127 1344 γενέθλια
3195 1275 3383 1338 τελεῖν,
3450 1277 3580 1329 ἁλλὰ
3625 1276 3722 1334 τὰς
3772 1275 3878 1325 τῶν

2334 1371 2504 1434 ἁγίων
2547 1371 2835 1439 μαρτύρων
2891 1373 3108 1437 μνήμας
3159 1371 3330 1420 ποιεῖν
3391 1371 3445 1418 ὲν
3501 1367 3611 1423 τοῖς
3640 1363 3875 1415 Σὰὁϐασι

2333 1458 2424 1509 καὶ
2447 1459 2564 1520 ταῖς
2597 1459 2916 1527 Κυριακαῖς.
2951 1459 3055 1508 Καὶ
3084 1454 3202 1523 δ’νβ⁹
3230 1456 3396 1520 λέγει,
3427 1454 3506 1504 ὅτι
3536 1451 3773 1502 ossam
3809 1453 3874 1516 τῇ

2338 1549 2756 1614 Τεσσαρακοστῇ
2787 1547 2995 1615 γάμους
3030 1548 3060 1615 ἢ
3103 1543 3350 1611 γενέθλια
3379 1541 3664 1595 ἐπιτελεῖν.
3710 1536 3770 1592 Ὀ
3796 1534 3876 1605 με’

2330 1641 2429 1702 τῆς
2457 1640 2626 1708 αὐτῆς
2657 1640 2871 1692 συνόδου
2901 1638 3249 1706 διαλαμὸἀνει
3299 1637 3379 1688 δτι
3409 1637 3467 1687 οὐ
3499 1633 3580 1687 δεῖ
3616 1633 3751 1695 μετὰ
3791 1631 3879 1682 δύο

2334 1729 2630 1798 ἑϐδομάδας
2681 1731 2780 1794 τῆς
2805 1731 3262 1796 Τεσσαρακοστῆς
3292 1726 3537 1793 δέχεσθαι
3566 1726 3642 1785 εἰς
3676 1721 3877 1788 ταφώ-

2331 1835 2518 1886 τισμα.
2556 1806 2768 1884 Οίγοῦν
2800 1818 3072 1878 ποιοῦντες
3119 1817 3265 1884 παρὰ
3293 1815 3387 1883 τὴν
3415 1813 3616 1866 τούτων
3651 1812 3878 1878 περίλη-

2331 1904 2422 1970 ψιν
2448 1903 2816 1972 βαπτίσματα,
2845 1904 2876 1971 ἠ
2916 1905 3212 1970 ίερολογίας
3243 1903 3502 1969 γαμικὰς.
3537 1901 3603 1952 δι’
3625 1901 3751 1967 ὅλης
3781 1900 3880 1962 τῆς

2332 1994 2490 2060 ἁγίας
2535 1994 2772 2064 μεγάλης
2803 1993 3286 2062 Τεσσαρακοστῆς.
3339 1992 3370 2058 ἢ
3441 1990 3644 2051 τελείας
3688 1989 3878 2050 Θυσίας

2333 2084 2756 2152 ἱερουργοῦντες,
2817 2082 2942 2136 ἄνευ
3005 2083 3160 2150 μόνου
3203 2081 3294 2133 τοῦ
3343 2081 3619 2132 Σαεὸἁτου
3663 2081 3756 2159 καὶ
3781 2079 3878 2146 τῆς

2329 2173 2608 2240 Κυριακῆς
2626 2175 2718 2224 καὶ
2733 2171 2826 2224 τοῦ
2846 2171 3270 2240 Εὑαγγελισμοῦ,
3299 2168 3790 2239 παρανομοῦσι,καὶ
3811 2167 3876 2218 δι’

2329 2261 2615 2330 ἐπιτιμίων
2651 2262 2897 2327 μεγάλων
2915 2261 3380 2328 διορϐωοήσονται,
3418 2261 3490 2319 ὡς
3518 2257 3880 2322 ἁσύγγνωστα

2317 2350 2833 2418 ⁸πλημμελήσαντες.
2876 2351 3030 2402 Κατὰ
3090 2349 3272 2416 μέντοι
3311 2348 3370 2397 τὸ
3431 2346 3573 2412 μέγα
3604 2343 3880 2397 Σάϐϐατον

2328 2440 2703 2492 κεχανόνισται
2745 2439 2811 2492 τὰ
2846 2439 3192 2507 βαπτίσματα
3238 2435 3501 2503 γίνεσθαι.
3534 2436 3596 2486 Et
3644 2435 3700 2487 δι
3751 2450 3877 2486 κατο

2328 2526 2535 2592 επείγει
2578 2524 2673 2595 τὴν
2721 2525 2811 2578 τοῦ
2865 2525 3008 2577 υείου
3063 2523 3429 2593 βαπτίσματος
3471 2521 3751 2589 τελετὴνὴ
3788 2519 3878 2572 τοῦ

2333 2617 2446 2687 βίου
2467 2617 2810 2685 μετάστασις,
2845 2617 3128 2684 γενήσεται
3175 2614 3452 2684 βὰπτισμα
3482 2614 3573 2665 καὶ
3612 2612 3880 2665 καθἰἐτέο

2331 2726 2428 2779 ραν
2457 2707 2668 2776 ἡμέραν
2695 2708 2791 2772 τῆς
2813 2706 3260 2774 Τεσσαρακοστῆς
3281 2721 3294 2733 ο
3327 2706 3407 2756 ὄτι
3449 2703 3542 2754 καὶ
3569 2705 3678 2764 τοῖς
3720 2700 3878 2770 ἐσχά-

2327 2813 2433 2856 τως
2457 2793 2818 2862 ιπιτιμηθείσι
2844 2794 2934 2844 καὶ
2965 2791 3326 2861 ἁκοινωνησίσ⁵
3342 2787 3717 2857 κατακριθετσι
3745 2805 3878 2838 παν-

2327 2881 2472 2934 τελεῖ
2500 2881 2560 2932 τδ
2617 2881 2708 2933 τοῦ
2781 2879 3008 2930 Θανάτου
3065 2882 3356 2947 μυστήριον
3401 2877 3584 2946 βοηθεῖ
3617 2876 3754 2945 πρὸς
3785 2875 3878 2942 τὴν

2327 2971 2436 3023 τῶν
2457 2971 2626 3037 ἁγίων
2665 2970 2971 3039 μυστηρίων
3003 2967 3319 3036 μετάληψιν.

2408 3059 2609 3128 Ἐρώτ.
2669 3064 2774 3123 νς’.
2853 3055 3167 3118 Ἀκινδύνως
3243 3056 3479 3122 γίνονται
3547 3050 3870 3122 χειροτονίαι

2327 3149 2466 3203 κατὰ
2493 3150 2588 3218 τὴν
2643 3146 2803 3214 ἁγίαν
2848 3145 2940 3199 καὶ
2989 3142 3227 3212 μεγάλην
3277 3141 3733 3210 Τεσσαραιιοστὴν
3774 3140 3877 3190 τῶν

2333 3237 2722 3301 ὑποδιακόνων,
2763 3234 2871 3288 τῶν
2933 3233 3212 3296 διακόνων,
3261 3231 3368 3284 τῶν
3421 3229 3610 3299 ἱερέων
3640 3229 3733 3281 καὶ
3775 3227 3879 3280 τῶν

2327 3327 2642 3398 ἀρχιερέων,
2668 3326 2700 3396 ἢ
2732 3323 2790 3377 οῦ
2810 3340 2824 3388 ;

2410 3416 2599 3472 Ἇπόκ.
2647 3416 3031 3469 Κεκανόνισται
3057 3412 3257 3480 (καθὼς
3283 3409 3485 3462 ἄνωθεν
3523 3411 3761 3478 εἴρηται)
3811 3407 3882 3475 μὴ

2333 3503 2576 3570 γίνεσθαι
2613 3504 2820 3554 τελείαν
2870 3501 3266 3568 ιεροτελεστίαν
3297 3499 3364 3550 δι’
3414 3498 3540 3565 ὅλης
3565 3499 3662 3559 τῆς
3686 3511 3882 3548 τεσσαο

2334 3594 2740 3665 ρακονθημέρου
2777 3591 3050 3658 νηστείας,
3088 3591 3215 3642 ἁνευ
3251 3590 3434 3656 μόνων
3461 3588 3564 3639 τῶν
3595 3585 3886 3638 Σαδδάτων

2333 3684 2542 3737 καὶτῶν
2560 3681 2870 3752 Κυριακῶν,
2895 3679 3099 3746 καὶτῆς
3123 3679 3312 3747 ἑορτῆς
3329 3678 3420 3728 τοῦ
3446 3673 3884 3742 Εὑαγγελισμοῦ.

2331 3774 2418 3826 Διδ
2442 3773 2580 3825 κατὰ
2617 3774 2712 3840 μὲν
2741 3771 2836 3833 τὰς
2886 3770 3093 3838 ἡμέρας
3116 3769 3337 3830 ταύτας,
3383 3768 3470 3819 ὅτε
3523 3767 3615 3818 καὶ
3653 3761 3886 3834 μυστικὴ

2331 3860 2719 3929 τετελειωμένη
2751 3858 2906 3911 Θυσία
2939 3856 3189 3918 τελεῖται,
3216 3855 3539 3924 γενήσονται
3565 3853 3888 3921 χειροτονίαι

2332 3952 2469 4004 κατὰ
2499 3950 2558 4002 τὸ
2587 3948 2759 4016 πάντη
2813 3947 3235 4016 ἁκριμὰτιστον·
3288 3947 3344 3996 εν
3395 3944 3451 3996 δι
3507 3945 3625 4004 ταῖς
3676 3943 3888 4004 λοιπαῖς

2332 4039 2609 4109 νηστίμοις
2632 4038 2884 4108 ἡμέραις.
2916 4039 3004 4090 ὅτε
3058 4037 3233 4088 τελεία
3261 4032 3624 4104 ίερστελεστία
3653 4033 3716 4085 οὺ
3741 4033 3888 4097 γίνε-

2333 4147 2442 4186 ται.
2476 4129 2594 4181 οὐδὲ
2620 4127 2920 4197 χειροτονία
2960 4127 3104 4186 τινὸς
3148 4125 3255 4178 τῶν
3282 4123 3374 4176 τοῦ
3408 4123 3672 4192 βήματος,
3710 4119 3886 4188 πολλῷ

2332 4221 2387 4274 δι
2417 4221 2576 4274 πλέον
2601 4217 2926 4286 ὲπισκοπικὴ
2955 4215 3354 4284 τελεσθήσεται.
3391 4214 3500 4267 Καὶ
3531 4211 3884 4282 ηχειροτονία

2334 4315 2441 4381 γὰρ
2495 4309 2850 4380 πανηγύρεως
2875 4311 2990 4360 ἐστι
3039 4309 3247 4375 καιρὸς,
3275 4305 3367 4358 καὶ
3391 4303 3696 4368 δοξολογίας
3729 4299 3882 4365 Θεοῦ,

2262 4394 2306 4449 D
2333 4405 2443 4462 τοῖς
2468 4401 2636 4464 ἀξίοις
2669 4399 2993 4468 χαριζομένη
3033 4396 3374 4464 πνευματικὰ
3407 4393 3712 4460 ἀξιώματα.

2411 4490 2605 4556 Ἐρώτ.
2663 4489 2756 4551 vC'.
2808 4487 2886 4538 Τὰ
2943 4489 3001 4537 ιν
3039 4490 3154 4545 ταῖς
3205 4485 3385 4549 ἁγίαις
3433 4481 3526 4533 τοῦ
3564 4480 3701 4533 Θεοῦ
3765 4480 3887 4532 Ἐκ-

2331 4578 2578 4648 κλησίαις
2627 4577 2777 4646 παρὰ
2804 4592 2961 4628 τινων
3002 4573 3415 4641 προσφερόμενα
3442 4570 3717 4640 οίαδήτινα
3746 4570 3882 4638 πρά-

2332 4681 2536 4738 γματα.
2591 4665 2623 4734 ἢ
2670 4667 2762 4718 καὶ
2794 4664 3032 4734 τρωκτὰ,
3052 4663 3202 4730 παρὰ
3233 4663 3378 4723 τίνος
3410 4661 3762 4730 δεχθήσονται
3795 4662 3890 4711 καὶ

2333 4753 2838 4822 ἐξουσιασθήσονται
2863 4767 2878 4814 ;
2905 4749 3012 4801 Καὶ
3037 4749 3175 4811 τίνα,
3208 4749 3304 4802 καὶ
3333 4749 3462 4799 ποῖά
3503 4748 3609 4799 εἱσι
3655 4746 3723 4798 τὰ
3763 4748 3889 4813 ἐτη-

2340 4846 2470 4907 σίως
2521 4844 2769 4911 διδόμενα
2821 4842 2930 4902 τοῖς
2975 4838 3199 4908 ἱερεῦσι,
3228 4838 3318 4890 καὶ¹
3345 4835 3658 4908 ἀρχιερεῦσι
3684 4851 3892 4887 κανονιν

2340 4949 2446 4996 κα;

2422 5023 2613 5075 Ἀπόκ.
2632 5019 2712 5072 Τὰ
2748 5019 2844 5088 μὲν
2868 5017 2944 5087 τῷ
2962 5017 3079 5084 Θεῷ
3095 5015 3473 5085 προσαγόμενα
3490 5014 3666 5083 χρυσᾶ
3681 5013 3774 5063 καὶ
3794 5011 3892 5080 ἁρ-

2337 5111 2480 5180 γυρᾶ
2510 5108 2674 5176 σκεύη
2707 5109 2799 5158 καὶ
2834 5106 3054 5167 ἔπιπλα,
3083 5105 3351 5158 ἀδέσποτὰ
3376 5106 3504 5166 εισι,
3535 5103 3638 5155 κᾶν
3668 5101 3756 5154 διὰ
3781 5100 3889 5150 τῶν

2339 5199 2649 5251 ὶπισκόπων
2710 5195 3121 5265 προσφέρωνται
3160 5193 3236 5262 τῷ
3287 5193 3432 5261 Θεῷο
3469 5193 3536 5244 τὰ
3574 5191 3630 5244 δι
3674 5190 3889 5258 τρωκτά

2343 5288 2436 5340 καὶ
2469 5287 2608 5338 ποτὰ
2650 5285 2888 5352 συνήθως
2921 5287 2975 5334 ἐν
3003 5283 3104 5351 μνή
3117 5299 3243 5351 μαις
3263 5281 3427 5347 ἁγίων
3458 5279 3552 5332 καὶ
3583 5278 3722 5347 ὑπὶρ
3751 5293 3884 5348 μνη·

1933 5443 2165 5497 νΑιιιλΕ
2201 5438 2595 5497 LECTIONES.

762 5599 784 5621 °
809 5591 877 5642 ad
904 5593 1235 5658 baptismum.
1313 5604 1337 5642 τ
1375 5602 1421 5644 ει
1449 5590 1894 5646 Annuntiationis.
1974 5596 2000 5636 ιι
2029 5588 2115 5652 qui
2153 5596 2378 5658 extreme
2401 5582 2731 5658 ριιηὶιιηιιιν..
2791 5587 2809 5612 τ
2837 5592 2955 5658 nam
2993 5585 3042 5658 et
3071 5582 3358 5658 ordinatio,
3393 5582 3589 5658 publici

1781 5661 1800 5686 ι
1839 5641 2062 5725 {meum}
2093 5641 2409 5719 “apicum;
2455 5664 2501 5702 et
2555 5645 2950 5700 ratiurlmntur.’
3029 5650 3042 5679 ι
3083 5646 3131 5694 in
3163 5643 3356 5693 nullius
3389 5641 3621 5696 dominio
3652 5651 3791 5694 sunt.

682 5669 764 5710 est
817 5665 1040 5726 occasio,
1087 5674 1134 5713 et
1199 5663 1558 5715 rrlrfrctionis
1592 5661 1700 5712 Dei.

2791 5587 2809 5612 τ
2837 5592 2955 5626 nam
2993 5585 3042 5627 et
3071 5573 3358 5633 ordinatio,
3393 5573 3588 5639 publici
3615 5585 3894 5629 conventus
