4110 6466
232 359 364 422 1005

1071 360 1459 419 IlESl’ONSA
1504 361 1604 417 AD
1645 358 2377 424 lN'l‘ERROGATIONES
2417 363 2676 426 MARCI.

3305 365 3442 430 1006

227 483 472 549 μοσύνων
539 485 938 552 κατοιχομένων
969 485 1388 554 εῐοκομιζόμενα
1418 487 1492 555 τῷ
1529 486 1660 555 ναῷ.
1695 487 1787 538 καὶ

1895 497 2208 543 sanctorum
2237 489 2536 551 memoriis,
2583 493 2635 539 et
2669 499 2767 553 pro
2818 491 3158 539 mortuorum
3200 497 3435 539 comme—

220 576 284 626 τά
311 575 453 642 ὑπὲρ
481 574 730 643 ψυχικῶν
785 575 1067 626 διαδόσεων
1115 577 1234 639 ταϊς
1261 577 1578 643 ἐκκλησίαις
1636 583 1787 646 παρά

217 681 380 716 τινων
405 666 844 732 προσφερόμενα.
869 668 979 727 τοῖς
1013 666 1328 727 ἐπισκόποις
1359 666 1594 719 δίδοσθαι
1625 683 1790 719 κεκα-

217 753 484 815 νόνισται,
532 757 626 806 καὶ
687 755 838 824 παρά
864 755 1066 807 τούτων
1093 758 1228 824 πρός
1263 774 1320 808 τε
1348 759 1467 818 τοὺς
1498 757 1788 827 κληρικοὺς

218 844 315 895 καὶ
346 845 472 906 τοὺς
504 843 872 914 ξενιζομένους
897 847 989 898 καὶ
1020 847 1190 907 άλλως
1212 847 1601 915 πενητεύοντας
1638 847 1790 899 ἀδελ-

218 935 355 999 φοὺς
388 933 816 1001 διαμερίζεσθαι,
848 935 989 987 κατά
1013 937 1110 1004 τὴν
1132 936 1335 988 τούτων
1354 937 1790 1006 διάκρισιν.Φησὶ

217 1022 330 1090 γάρ
359 1025 387 1074 ὁ
413 1021 457 1088 γ’
490 1022 668 1074 κανὼν
699 1025 806 1074 τῶν
837 1024 1004 1089 ἁγίων
1043 1023 1353 1076 ἀποστόλων
1383 1025 1558 1076 ταῦτα
1588 1025 1784 1094 ρητῶςο

215 1112 285 1162 Εἴ
312 1127 395 1173 τις
427 1111 724 1173 ἐπίσκοπος
757 1112 786 1179 ἦ
826 1111 1197 1182 πρεσΰίιτερος
1259 1114 1406 1181 παρᾶ
1431 1113 1527 1183 τήν
1552 1112 1645 1166 τοῦ
1679 1114 1789 1166 Κυ-

223 1202 341 1269 ρίου
375 1203 614 1266 διάταξιν
644 1202 740 1270 τὴν
772 1203 863 1253 ἐπὶ
924 1204 990 1272 τῇ
1031 1202 1189 1272 θυσίᾳ
1246 1203 1584 1273 προσενέγκῃ
1630 1203 1791 1269 ἕτερά

218 1309 344 1343 τινα
373 1294 464 1344 ἐπὶ
510 1292 570 1343 τὸ
614 1291 1022 1360 θυσιαστήριον,
1059 1291 1091 1361 ἢ
1127 1293 1267 1360 μέλι,
1320 1292 1351 1359 ἢ
1404 1291 1562 1358 γάλα,
1605 1292 1637 1348 ἢ
1670 1292 1790 1344 ἀντὶ

218 1386 366 1436 οἴνου
409 1385 600 1452 σίκερα
661 1385 1003 1453 ἐπιτηδευτέα
1071 1385 1103 1453 ἢ
1151 1385 1318 1453 δρνις,
1351 1385 1382 1454 ἢ
1419 1382 1534 1446 ζῶἀ
1577 1383 1784 1452 τινα,ἢ

216 1476 444 1541 ὄσπρια,
499 1475 647 1544 παρά
701 1477 798 1544 τὴν
846 1473 1124 1539 διάταξιν,
1172 1476 1582 1544 καθαιρείσθω·
1652 1475 1791 1536 πλὴν

219 1565 356 1614 νέων
391 1564 611 1634 χίδρων,
657 1566 734 1635 τῷ
762 1567 938 1637 καιρῷ
979 1567 1056 1637 τῷ
1082 1567 1274 1619 δέοντι.
1310 1566 1538 1636 Μὴ.ἐξδν
1569 1568 1623 1618 δὲ
1653 1568 1793 1619 ἔστω

227 1655 419 1723 ἕτερόν
451 1673 500 1707 τι
550 1657 914 1724 προσάγεσθαι
947 1658 1025 1720 είς
1055 1659 1114 1710 τὸ
1141 1657 1543 1727 θυσιαστήριον,
1571 1658 1603 1728 ἢ
1633 1658 1793 1725 μόνον

221 1745 407 1797 ἔλαιον
451 1749 529 1808 είς
569 1748 667 1814 τὴν
717 1748 958 1817 λυχνίαν,
990 1750 1084 1803 καὶ
1110 1748 1360 1817 θυμίαμα
1383 1748 1458 1816 τῷ
1494 1747 1670 1816 καιρῷ
1693 1749 1793 1815 τῆς

222 1835 389 1901 ἁγίας
416 1839 730 1905 προσφορᾶς
751 1855 764 1869 ο
795 1841 827 1906 ἡ
857 1839 988 1908 άλλη
1017 1839 1070 1891 δὲ
1106 1840 1254 1890 πᾶσα
1286 1838 1477 1906 ὀπώρα
1533 1839 1612 1900 εις
1643 1834 1790 1892 οἷκον

221 1926 663 1991 ἀποστελλέσθω,
701 1929 920 1997 ἀπαρχὴ
943 1929 1022 2000 τῷ
1057 1929 1342 1999 ἐπισκόπῳ
1377 1929 1605 1991 καὶτοῖς
1656 1946 1791 1998 πρε-

224 2016 540 2083 σϐυτέροις,
569 2016 704 2069 ἀλλά
731 2018 805 2086 μὴ
855 2018 988 2085 πρὸς
1011 2018 1072 2070 τὸ
1107 2017 1509 2089 θυσιαστήριον.
1537 2019 1706 2087 Δῆλον
1735 2019 1792 2071 δὲ

221 2104 302 2166 ὼς
335 2107 362 2156 ό
389 2106 684 2168 ἐπίσκοπος
711 2108 802 2159 κα)⁸
821 2109 867 2160 οί
895 2125 994 2175 πρε
1007 2108 1253 2178 σδύτεροι
1275 2109 1656 2178 ἐπιμερίσουσι
1681 2113 1793 2171 τοῖς

219 2195 493 2257 διακόνοις
525 2198 616 2248 καὶ
657 2197 769 2258 τοῖς
810 2197 1016 2258 λοιποῖς
1046 2197 1345 2268 κληρικοῖς.
1402 2200 1510 2252 Καὶ
1545 2201 1572 2251 δ
1612 2198 1656 2262 ζ’
1699 2200 1793 2253 καὶ

221 2287 253 2335 δ
279 2282 325 2353 η’
352 2285 533 2336 κανὼν
557 2284 656 2353 τῆς
675 2286 730 2338 ἐν
751 2285 976 2355 Γάγγρςι⁵
997 2286 1211 2338 συνόδου
1225 2287 1395 2340 ταῦτα
1420 2289 1792 2357 παρακελεύευ

223 2389 337 2424 ται·
374 2375 440 2427 Et
461 2391 545 2434 τις
576 2374 953 2443 καρποφορίας
984 2375 1156 2426 ἐθέλει
1187 2374 1504 2444 λαμϐάνειν,
1538 2374 1569 2444 ἢ
1595 2375 1793 2429 διδόναι

222 2464 332 2528 ἔξω
367 2465 464 2533 τῆς
489 2464 802 2534 ἐκκλησίας,
857 2463 1007 2534 παρά
1049 2464 1274 2534 γνώμην
1311 2464 1405 2516 τοῦ
1465 2467 1789 2529 ἐπισκόπου,

224 2555 260 2627 ἢ
292 2556 385 2609 τοῦ
418 2556 892 2627 ἐγκεχειρισμένου
911 2559 977 2609 τά
999 2556 1244 2622 τοιαῦτα,
1268 2557 1361 2609 καὶ
1382 2557 1454 2626 μὴ
1492 2558 1628 2626 μετά
1653 2561 1792 2625 γνώ-

228 2663 339 2715 μης
363 2645 528 2698 αὑτοῦ
585 2646 756 2698 ἐθέλει
820 2648 1103 2715 πράττειν,
1136 2647 1384 2716 ἀνάθεμα
1429 2648 1588 2701 ἔστω.
1629 2650 1737 2701 Καὶ
1767 2651 1794 2703 ό

215 2736 302 2802 οβ’
330 2734 681 2798 ἀποστολικδς
711 2736 889 2787 κανὼν
917 2734 1090 2790 ταῦτά
1115 2751 1302 2804 φησιν’
1333 2737 1484 2798 Είτις
1512 2737 1792 2810 κληρικὸς,

222 2824 258 2891 ἢ
284 2821 486 2884 λαῖκδς,
521 2821 627 2874 ἀπὸ
658 2822 756 2889 τῆς
790 2822 948 2888 ἁγίας
980 2824 1273 2891 ἐκκλησίας
1329 2825 1591 2895 ἀφέληται
1629 2827 1795 2895 κηρὸν

223 2912 261 2980 ἢ
292 2913 493 2978 ἔλαιον,
520 2914 880 2982 ἀφοριζέσθω.
913 2915 1021 2966 Καὶ
1047 2915 1075 2966 ό
1095 2913 1173 2982 ογ⁹
1205 2915 1380 2968 κανὼν
1410 2916 1577 2984 λέγει’
1598 2919 1795 2980 Σκεῦος

225 3001 518 3072 χρυσοῦνῆ
553 3002 826 3072 ἀργυροῦν
878 3004 1155 3070 ἀγιασθέν,
1197 3005 1230 3075 ἢ
1264 3005 1472 3077 ὀθόνην,
1510 3010 1696 3078 μηδεὶς
1716 3013 1794 3071 είς

1890 579 2283 633 morationibus
2316 578 2624 632 inferuntur
2654 578 2707 630 iu
2750 576 3007 644 templum
3034 616 3049 640 ,
3094 585 3146 629 et
3182 590 3301 644 qua:
3344 591 3442 644 pro

1891 671 2215 724 animalibus
2243 670 2658 739 trajectionihus
2697 669 2944 724 ecclesiis
2979 678 3006 706 ιι
3051 667 3118 720 ab
3173 667 3441 736 aliquibus

1891 759 2220 822 oﬂ'eruntur.
2248 762 2520 830 episcopis
2555 761 2672 814 dari
2725 759 2991 815 canonice
3027 765 3291 811 statutum
3337 765 3442 816 est,

1889 859 1942 904 et
1972 849 2037 902 ab
2066 849 2152 902 his
2185 849 2439 902 distribui
2473 850 2525 902 iu
2559 848 2792 902 clericos
2844 846 3158 916 peregrinos
3212 844 3444 910 hospitio

1889 948 2171 1004 exceptos,
2205 945 2257 992 et
2291 939 2531 1006 alioquin
2577 938 2762 1006 inepia
2784 950 3006 1006 pressos
3041 935 3261 994 fratres.
3287 943 3448 1002 prout

1893 1027 1993 1095 ipsi
2016 1026 2402 1094 judicaverint.
2429 1030 2515 1081 Ait
2541 1029 2685 1082 enim
2712 1029 2906 1082 tertius
2933 1041 3108 1080 canon
3134 1033 3445 1078 sanctorum

1892 1119 2260 1185 apostolorum
2297 1118 2412 1171 haec
2451 1120 2796 1186 expressim:
2853 1119 2907 1171 Si
2961 1118 3087 1186 quis
3134 1117 3445 1184 episcopuS.

1894 1208 1976 1261 vel
2015 1211 2316 1278 presbyter,
2359 1218 2554 1276 praeter
2587 1207 2798 1261 Domini
2824 1209 2890 1261 de
2926 1207 3203 1262 sacrilicio
3232 1205 3448 1258 ordina-

1893 1298 2118 1359 tionem,
2154 1299 2259 1350 alia
2295 1298 2543 1366 quaedam
2569 1299 2634 1350 ad
2667 1299 2840 1351 altare
2887 1297 3155 1360 attulerit,
3210 1295 3332 1356 mel,
3368 1296 3448 1349 vel

1894 1389 1997 1452 lac,
2029 1390 2110 1442 vel
2143 1405 2239 1457 pro
2272 1390 2397 1442 vino
2427 1389 2664 1443 siceram
2701 1397 2748 1449 ν,
2781 1389 2862 1442 vel
2894 1387 3160 1451 confecta,
3193 1386 3272 1439 vel
3302 1401 3450 1449 aves,

1893 1479 1974 1531 vel
2004 1479 2180 1546 aliqua
2215 1480 2470 1532 animalia
2497 1517 2510 1539 .
2551 1479 2633 1531 vel
2668 1478 2962 1547 legumina,
2997 1487 3192 1544 praeter
3236 1476 3452 1528 ordina-

1897 1562 2487 1632 tionem,deponatur;
2551 1573 2908 1632 pranterquam
2961 1580 3097 1618 nova
3156 1564 3451 1631 legumina,

1899 1661 2143 1722 tempore
2168 1665 2500 1723 opportuno.
2536 1653 2614 1709 Ne
2647 1657 2806 1709 liceat
2835 1663 3017 1708 autem
3063 1653 3268 1722 aliquid
3304 1653 3450 1706 aliud

1897 1744 1964 1797 ad
2027 1745 2198 1800 altare
2245 1744 2463 1812 olferre,
2517 1761 2679 1814 quam
2725 1745 2907 1799 oleum
2946 1745 3012 1798 ad
3071 1744 3357 1807 luminare,
3402 1755 3456 1797 et

1896 1837 2203 1898 incensum,
2284 1845 2533 1905 tempore
2602 1846 2808 1891 sanctae
2868 1835 3186 1890 oblationis.
3263 1834 3453 1887 Omnis

1893 1931 2076 1978 autem
2139 1923 2281 1979 alius
2345 1923 2559 1979 fructus
2616 1925 2838 1978 domum
2895 1925 3177 1986 mittatur,
3236 1933 3293 1975 ut
3348 1924 3455 1974 sint

1895 2015 2151 2084 primitiae
2181 2017 2463 2085 episcopo,
2495 2024 2549 2071 et
2600 2016 2956 2086 presbyteris.
3011 2014 3228 2067 Clarum
3272 2021 3451 2065 autem

1894 2116 1998 2170 est,
2029 2109 2345 2176 episcopum
2378 2117 2431 2162 et
2461 2108 2816 2177 presbyteros
2848 2107 3114 2170 diaconis,
3141 2113 3193 2158 et
3230 2105 3453 2171 reliquis

1895 2198 2111 2253 clericis
2142 2198 2564 2253 distributuros.
2601 2197 2662 2249 Et
2717 2197 2746 2248 7
2777 2204 2831 2250 et
2864 2195 2896 2248 8
2921 2210 3099 2248 canon
3157 2194 3454 2263 Gangrenzi:

1895 2288 2088 2357 synodi
2126 2289 2238 2342 haec
2273 2290 2550 2357 praecipit:
2588 2288 2643 2342 Si
2673 2290 2796 2358 quis
2821 2288 2940 2341 vult
2971 2287 3182 2339 fructus
3209 2285 3455 2338 ecclesia:

1895 2379 2111 2433 oblatos
2147 2381 2424 2448 accipere,
2456 2382 2540 2435 vel
2563 2383 2694 2434 dare
2728 2388 2881 2433 extra
2907 2376 3220 2439 ecclesiam,
3264 2385 3455 2442 praeter

1894 2469 2137 2537 episcopi
2189 2472 2538 2535 sententiam,
2595 2469 2680 2523 vel
2740 2468 2895 2536 ejus,
2945 2465 3032 2517 cui
3095 2479 3228 2517 cura
3267 2479 3452 2516 eorum

1896 2562 2097 2616 tradita
2133 2569 2236 2625 est,
2289 2573 2340 2615 et
2396 2576 2502 2615 non
2545 2575 2668 2614 cum
2729 2559 2849 2627 ejus
2878 2555 3167 2614 .senteutia
3221 2568 3283 2608 ea
3328 2554 3450 2606 velit

1898 2667 2088 2721 agere.
2119 2653 2191 2707 sit
2219 2653 2530 2705 anathema.
2565 2651 2629 2703 Et
2653 2650 2722 2702 7‘2
2770 2647 3109 2716 apostolicus
3139 2660 3314 2700 canon
3341 2644 3455 2696 ha-c

1895 2744 2007 2797 ait:
2038 2743 2094 2796 Si
2128 2744 2253 2813 quis
2276 2744 2531 2801 clericus,
2567 2742 2648 2795 vel
2687 2741 2880 2799 laicus.
2927 2753 2954 2790 a
2992 2745 3180 2790 sancta
3223 2735 3452 2788 ecclesia

1897 2847 2079 2886 ceram
2111 2833 2191 2885 vel
2221 2832 2397 2884 oleum
2441 2829 2670 2892 auferat,
2695 2835 3031 2897 segregetur.
3078 2827 3140 2879 Et
3186 2825 3254 2878 73
3281 2838 3453 2877 canon

1899 2921 2007 2974 ait:
2041 2919 2148 2974 Vas
2177 2934 2423 2982 aureum,
2453 2919 2536 2972 vel
2573 2925 2915 2986 argenteum,
2949 2917 3030 2970 vel
3067 2917 3242 2970 velum
3296 2929 3454 2968 sanc-

1896 3011 2184 3093 tiﬁcatum,
2223 3024 2382 3063 nemo
2410 3009 2642 3076 amplius
2674 3008 2727 3060 in
2764 3022 2923 3060 suum
2954 3021 3113 3059 usum
3140 3014 3448 3058 convertat:

220 3095 435 3147 σίκείαν
489 3097 682 3163 χρῆσιν
735 3095 1166 3161 σφετεριζέσθω·
1202 3098 1517 3171 παράνομον
1563 3101 1690 3168 γάρ.
1735 3102 1793 3153 El

1897 3102 2000 3157 hoc
2037 3101 2182 3154 enim
2213 3100 2271 3153 tit
2309 3100 2629 3168 praeterjus,
2672 3109 2725 3152 et
2773 3107 2962 3151 contra
3010 3098 3183 3164 leges.
3241 3096 3297 3150 Si
3329 3095 3454 3165 quis

224 3186 287 3238 δέ
322 3202 410 3246 τις
443 3186 748 3255 φωραθείη,
781 3187 1122 3255 ἐπιτιμάσθω
1145 3187 1456 3257 ἀφορισμῷ.
1488 3189 1546 3242 Ὅ
1567 3190 1620 3242 δὲ
1645 3190 1673 3241 ι’
1706 3209 1798 3245 κα-

224 3276 335 3328 νὼν
356 3277 455 3344 τῆς
472 3279 527 3328 ἐν
549 3277 625 3345 τῷ
653 3276 766 3345 ναῷ
786 3277 891 3329 τῶν
933 3278 1130 3346 Ἀγίων
1167 3279 1505 3333 Ἀποστόλων
1526 3283 1796 3353 συστάσης

221 3368 608 3435 οἱκουμενικῆς
634 3367 794 3433 ἁγίας
819 3368 1058 3433 συνόδου,
1081 3369 1205 3430 τοὺς
1241 3370 1337 3436 μὲν
1358 3370 1794 3433 κοινοποιοῦντας

222 3458 296 3509 τὰ
338 3455 434 3508 τοῦ
511 3458 753 3526 βήματος
813 3456 931 3526 ίερά
1002 3457 1317 3527 καθαιρέσει
1358 3459 1794 3512 καθυποὸάλ).ει·

222 3551 355 3612 τοὺς
385 3551 442 3602 δὲ
470 3550 539 3601 τὰ
568 3549 769 3614 ἔξωθεν
815 3548 908 3601 τοῦ
939 3548 1178 3618 βήματος
1211 3550 1336 3601 ὄντα
1370 3549 1488 3620 ἱερὰ
1520 3555 1684 3621 σκεύη
1715 3553 1799 3615 είς

223 3643 443 3710 ἀνίερον
498 3641 692 3710 χρῆσιν
737 3640 1182 3709 μεταποιοῦντας,
1247 3642 1532 3713 ἀφορίζειν
1571 3646 1692 3706 τοὺς
1741 3646 1798 3698 δὲ

224 3733 597 3801 ἁρπάζοντας,
628 3732 703 3795 ὡς
735 3733 1047 3801 ἱεροσύλους
1079 3735 1416 3803 κατακρίνει.
1461 3736 1517 3788 '0
1543 3736 1598 3788 δὲ
1625 3737 1798 3806 μέγας

226 3823 498 3892 Κύριλλος
523 3824 580 3876 ἐν
613 3826 676 3893 τῇ
708 3823 836 3891 πρὸς
869 3823 1069 3890 Δόμνον
1107 3825 1361 3894 ἐπιστολῇ
1394 3827 1566 3879 ταῦτά
1600 3846 1761 3896 φησιν
1783 3845 1798 3860 ο

229 3915 500 3976 Ἕκαστος
530 3915 686 3983 ἡμῶν
735 3910 842 3966 τῶν
888 3913 1031 3966 ίδίων
1076 3916 1283 3983 καιρῶν
1331 3917 1487 3968 δώσει
1513 3917 1799 3988 λόγουςτῷ

225 4009 449 4060 πάντων
499 4007 697 4076 Κριτῇ.
767 4006 1065 4075 Κειμή).ιον
1119 4009 1217 4075 μὲν
1264 4007 1391 4076 γὰρ,
1436 4009 1526 4061 καὶ
1583 4012 1796 4079 κτήσεις

223 4100 517 4168 ἀκινήτους
581 4099 914 4167 ἀνεκποίητα
971 4102 1090 4161 ταῖς
1146 4101 1459 4167 ἐκκλησίαις
1525 4102 1798 4165 σώζεσθαι

222 4188 356 4261 χρὴ,
381 4188 773 4257 ειαρσείσθαιδέ)⁹
803 4190 911 4251 τοῖς
965 4192 1104 4241 κατὰ
1141 4191 1332 4258 καιρὸν
1373 4190 1470 4259 τὴν
1511 4193 1660 4244 θείαν
1718 4194 1799 4245 δι-

223 4281 448 4332 ἕπουσιν
475 4276 802 4348 ἱερωσύνην,
827 4276 936 4329 τῶν
961 4279 1418 4346 παραπιπτόντων
1436 4280 1800 4349 ἀναλωμάτων

220 4373 325 4442 τὴν
350 4371 681 4440 οἰκονομίαν.
714 4372 872 4440 Ζήτει
900 4371 991 4422 κα)⁹
1041 4370 1244 4439 βιϐλίου
1284 4373 1354 4423 νδ⁹
1399 4373 1574 4425 τίτλον
1607 4382 1673 4442 γ’,
1704 4393 1795 4428 κε-

1898 3205 2077 3250 autem
2108 3194 2480 3263 deprehensus
2510 3192 2697 3253 fuerit.
2729 3178 3007 3246 multetur.
3045 3190 3234 3244 Canon
3271 3202 3453 3244 autem

1897 3283 2144 3339 decimus
2173 3283 2525 3337 mcumeuiete
2549 3287 2748 3335 sancta:
2781 3279 2991 3349 synodi,
3033 3287 3369 3348 congregata:
3400 3279 3455 3331 in

1899 3373 2103 3441 templo
2159 3369 2486 3424 Sanctorum
2559 3366 2989 3436 Apostolorum,
3045 3381 3141 3420 eos
3213 3364 3456 3433 quidem,

1898 3464 1990 3532 qui
2018 3463 2206 3516 altaris
2228 3476 2384 3516 sacra
2404 3459 2804 3521 contaminant,
2832 3456 3162 3526 depositioni
3201 3457 3417 3522 subiicit
3441 3475 3452 3506 :

1898 3571 1993 3610 eos
2026 3567 2230 3619 autem,
2265 3553 2356 3621 qui
2393 3561 2548 3606 extra
2579 3551 2752 3604 altare
2781 3549 3102 3604 exsistentia
3122 3563 3280 3601 sacra
3332 3563 3455 3599 vasa

1899 3645 1954 3700 in
1996 3645 2287 3714 profanum
2344 3658 2507 3697 usum
2559 3648 2914 3703 convertunt,
2976 3639 3454 3694 excommunicat:

1903 3751 1998 3791 eos
2032 3750 2183 3800 vero,
2209 3735 2299 3802 qui
2324 3732 2606 3802 diripiunt,
2660 3740 2720 3784 ut
2753 3729 3053 3798 sacrilegos
3107 3728 3454 3782 condemnat.

1898 3825 2070 3881 Porro
2095 3840 2326 3895 magnus
2374 3823 2611 3893 Cyrillus
2668 3822 2722 3874 in
2782 3820 3010 3890 epistola
3084 3819 3149 3873 ad
3191 3819 3455 3874 Domuum

1898 3919 2125 3988 scripta,
2155 3918 2268 3972 haec
2287 3917 2363 3971 ait
2390 3933 2402 3970 :
2429 3913 2821 3984 Unusquisque
2842 3919 3094 3966 nostrum
3113 3910 3457 3978 propriorum

1901 4021 2202 4079 temporum
2269 4008 2510 4063 rationes
2563 4005 2757 4061 reddet
2821 4002 3001 4058 Judici
3057 4001 3325 4056 omnium.
3361 3998 3461 4051 Va-

1899 4116 2084 4156 sorum
2106 4101 2252 4154 enim
2287 4101 2599 4160 thesauros.
2632 4105 2685 4153 et
2718 4096 3098 4166 possessiones
3130 4093 3455 4150 immobiles,

1899 4191 2279 4247 inalienabiles
2350 4190 2600 4245 ecclesiis
2674 4188 2992 4244 conservari
3072 4194 3321 4254 oportet:
3393 4182 3460 4234 iis

1901 4293 2102 4346 autem,
2138 4282 2230 4350 qui
2267 4295 2361 4350 per
2397 4289 2614 4349 tempus
2648 4279 2833 4333 divino
2873 4277 3175 4345 funguntur
3206 4271 3464 4327 sacerdna

1901 4373 1999 4435 tio,
2071 4369 2605 4423 administrationem
2679 4374 2993 4434 sumptuum
3063 4362 3458 4430 erogandorum

221 4431 456 4531 φάλαιον
589 4431 850 4530 Χάριν-δέ
887 4461 984 4529 τῆς
1011 4431 1328 4530 ὀιρειλούσης
1360 4463 1594 4514 δίδοσθαι
1617 4431 1791 4516 ’ποσό-

1899 4431 2099 4517 iiducia
2126 4461 2408 4529 praditam
2442 4474 2562 4514 esse
2592 4467 2639 4510 ι.
2683 4431 2874 4523 Quzere
2904 4464 2956 4510 et
2998 4453 3120 4508 libri
3162 4453 3248 4512 54.
3290 4453 3373 4504 tit.
3402 4453 3455 4506 3.

219 4568 386 4621 τητος
406 4551 542 4621 ὑπὲρ
578 4551 860 4604 κανονικοῧ
903 4552 1052 4619 παρὰ
1098 4553 1463 4615 κοινολαῖτῶν,
1488 4556 1534 4605 oi
1569 4556 1791 4617 κανόνες

225 4642 328 4709 μὲν
356 4641 508 4692 οὐδέν
537 4657 587 4692 τι
613 4640 956 4708 διορίζονται,
979 4643 1306 4709 πρόσταγμα
1335 4642 1389 4693 δὲ
1418 4641 1510 4694 τοῦ
1546 4644 1790 4713 ἀοιδίμου

225 4725 493 4800 βασιλέως
527 4730 739 4782 ἐκείνου
799 4731 987 4798 κυρίου
1041 4731 1309 4782 ’ῐσαακίου
1349 4731 1440 4783 τοῦ
1506 4735 1789 4802 Κομνηνοῦ

223 4823 495 4877 ὑποτυποῖ
527 4822 696 4874 πολλά
726 4839 845 4873 τινα
878 4820 1112 4873 δίδοσθαι
1148 4823 1256 4883 τοῖς
1287 4823 1602 4887 ἐπισκόποις
1635 4827 1783 4894 παρὰ

220 4912 332 4964 τῶν
358 4914 416 4963 ἐν
445 4913 564 4973 ταῖς
597 4911 1027 4979 ἐνορίαιςαὺτῶν
1063 4912 1531 4982 προσκαθημένων
1560 4914 1781 4970 λαῖκῶν.

235 4999 393 5052 Ἐπεὶ
447 4996 503 5050 δὲ
555 5000 587 5066 ὴ
637 4999 744 5050 τῶν
778 4999 1118 5068 πραγμάτων
1165 5001 1447 5071 ἀνωμαλία
1483 5006 1574 5056 καὶ
1608 5004 1783 5058 ἔνδεια

217 5091 321 5160 τὴν
353 5089 558 5142 τούτων
603 5088 871 5156 ἐκάλυψεν
917 5089 1263 5142 ὑποτύπωσιν
1306 5092 1784 5165 (πολλοστημόριον

222 5184 331 5250 γάρ
355 5197 439 5243 τις
473 5179 655 5234 αὐτῶν
691 5179 751 5232 οὺ
791 5179 972 5231 δίδωσι
1025 5181 1158 5251 πρὸς
1209 5182 1549 5253 ἐπίσκοπον),
1592 5188 1789 5256 ἀρκού-

227 5274 367 5342 μεθα
391 5275 458 5341 τῇ
503 5270 762 5341 συνηθείᾳ
796 5273 890 5324 καὶ
925 5275 1241 5342 προαιρέσει
1268 5276 1375 5326 τῶν
1406 5277 1676 5331 διδόντων.

1899 4570 2019 4623 cap.
2055 4554 2110 4606 2.
2149 4552 2223 4606 De
2249 4553 2556 4621 quantitate
2604 4557 2808 4611 autem.
2867 4562 2989 4616 qua:
3023 4561 3120 4613 pro
3168 4541 3463 4598 cauonario

1900 4647 2072 4700 danda
2094 4655 2177 4702 est
2205 4659 2234 4697 a
2271 4644 2495 4712 plebeiis
2530 4652 2580 4708 γ,
2615 4655 2855 4696 canones
2916 4639 3137 4708 quidem
3173 4635 3305 4688 nihil
3334 4636 3462 4686 deti-

1898 4739 2094 4790 niunt:
2160 4751 2347 4790 verum
2406 4733 2582 4803 jussio
2639 4732 2822 4802 inclyti
2894 4731 3236 4799 imperatoris
3293 4729 3459 4792 illius,

1892 4829 2096 4883 domini
2118 4826 2308 4880 Isaacii
2329 4824 2615 4886 (Somneni,
2643 4823 2870 4877 formam
2895 4820 3143 4890 designat
3164 4820 3457 4871 multorum

1893 4915 2284 4985 quorumdam,
2321 4928 2442 4982 quae
2466 4913 2739 4982 episcopis
2803 4911 3005 4964 dantur
3055 4925 3083 4962 a
3144 4909 3315 4974 laieis,
3368 4925 3458 4977 qui

1892 5007 2050 5063 sedes
2073 5009 2125 5060 in
2156 5022 2352 5060 eorum
2371 5005 2701 5060 dimccsibus
2727 5004 3078 5058 slabilierunt
3112 5011 3159 5053 ι.
3192 5000 3458 5065 Quoniam

1897 5108 2076 5152 autem
2119 5111 2300 5151 rerum
2336 5095 2714 5165 irrcgularitas
2754 5103 2806 5147 et
2859 5093 3235 5162 indulgentia:
3270 5092 3459 5144 horum

1896 5190 2192 5243 occultavit
2216 5189 2640 5256 descriptionem
2680 5185 3066 5255 (multesimam
3104 5183 3246 5235 enim
3272 5197 3457 5236 corum

1899 5287 2105 5346 partem
2139 5279 2398 5347 episcopo
2429 5280 2519 5332 dat
2545 5276 2754 5336 nemo).
2788 5274 3027 5327 contenti
3082 5287 3270 5325 sumus
3327 5286 3457 5325 cou—

1902 5371 2211 5433 suetudine,
2245 5381 2296 5423 et
2331 5371 2575 5422 dantium
2621 5367 2966 5421 liberalitate.

1497 5481 1728 5538 VARI/Ii
1771 5487 2174 5546 LECTIONES.

291 5574 318 5601 ιι
342 5578 461 5636 quin
493 5564 700 5636 nomine
731 5565 1160 5618 distributionum
1194 5570 1510 5636 spiritalium
1537 5576 1789 5629 ecclesiis.

220 5649 336 5712 ett-'7!
365 5632 586 5712 llidtlfff
622 5636 897 5712 committi.
975 5642 1144 5711 Yqua:
1198 5632 1436 5692 canonici
1487 5646 1690 5698 nomine
1734 5632 2054 5712 prwstandar

217 5705 311 5754 riis
341 5702 637 5753 domicilia.
717 5716 739 5739 υ
779 5712 824 5752 et
853 5705 1053 5766 inopia}.

1903 5587 1928 5613 '
1963 5583 2183 5634 siceram
2221 5582 2507 5648 factitiam,
2556 5581 2629 5632 re!
2665 5579 2912 5646 gallinas.
2946 5647 2949 5648 ν
3024 5591 3045 5616 ι
3079 5573 3458 5648 erogandorum

2525 5660 2543 5685 ι
2580 5644 2672 5715 qui
2698 5649 2889 5700 habens
2936 5647 2986 5697 in
3019 5663 3196 5700 eorum
3256 5644 3456 5698 territo-
