4110 6464
666 354 816 418 ,ιιοπ

672 582 781 633 tus,
819 582 868 624 et
926 588 1019 638 per
1052 576 1154 627 vim
1205 577 1557 633 orthodoxam
1619 582 1772 634 lidem
1827 584 2092 650 cjuratus.
2152 599 2212 637 ac

671 663 1048 724 circumcisus,
1071 665 1277 733 absque
1312 669 1712 722 intermissione
1755 669 1865 724 fere
1918 671 2160 724 immund
2187 701 2210 713 -

673 749 800 802 tiem
858 751 1032 814 ιιειιιρι,
1088 762 1139 806 et
1199 755 1335 808 clam
1395 772 1516 810 cum
1580 758 1893 814 orthodoxis
1938 761 2210 823 convenit,

673 840 993 908 invocatque
1020 847 1268 898 salutem.
1305 846 1441 911 Quia
1471 856 1649 902 autem
1685 849 1800 902 vult
1844 859 2212 903 sacramento-

673 943 790 978 rum
836 929 948 980 heri
998 933 1296 1001 particeps,
1341 936 1658 1002 quterimus,
1709 935 1838 1006 quid
1880 937 1954 991 sit
2013 936 2214 990 facien-

671 1016 817 1068 dum.

743 1106 896 1175 Resp.
939 1109 1273 1164 Certantium
1320 1122 1448 1167 sunt
1505 1130 1738 1180 coronas,
1769 1127 1819 1170 et
1846 1118 2106 1171 Dominus
2149 1132 2213 1173 ac

701 1203 813 1248 lous
849 1206 1035 1250 noster
1063 1197 1218 1252 Jcsus
1252 1199 1540 1256 Christus:
1578 1203 1632 1256 Si
1667 1206 1786 1272 quis
1835 1221 1919 1259 me
1951 1207 2212 1260 conﬁtea-

699 1300 759 1336 ur
781 1325 794 1346 ,
822 1287 994 1354 inquit
1017 1327 1032 1349 ,
1063 1303 1243 1340 coram
1297 1291 1607 1346 hominibus
1634 1333 1647 1354 ,
1681 1304 1732 1347 et
1771 1309 1870 1362 ego
1918 1297 2214 1349 confitebor

672 1390 795 1426 eum
823 1390 1005 1428 coram
1039 1376 1195 1431 Patre
1226 1394 1367 1442 meo,
1403 1383 1491 1448 qui
1542 1383 1592 1433 in
1635 1384 1791 1436 ccelis
1835 1393 1940 1438 est.
1975 1384 2213 1436 immun-

668 1461 797 1514 dum
855 1478 985 1531 ergo
1038 1480 1152 1526 vas,
1205 1467 1268 1519 ad
1315 1471 1716 1535 susceptionem
1771 1473 2052 1538 unguenti.
2107 1487 2211 1540 qua

673 1553 872 1605 mentis
930 1553 1256 1610 alienatione
1296 1558 1642 1622 admittetur?
1689 1559 2050 1624 Quamobrem
2085 1577 2214 1615 con-

669 1639 990 1692 solationem
1019 1642 1236 1709 quidem
1269 1645 1654 1714 episcOpicam,
1687 1658 1742 1700 et
1787 1649 1932 1702 aliud
1963 1651 2212 1718 spiritale

668 1728 994 1795 colloquium
1022 1730 1110 1784 illc
1153 1733 1229 1785 sic
1285 1736 1578 1800 paenitens,
1615 1746 1666 1790 et
1719 1739 1858 1791 bona
1905 1742 2210 1795 mutatione

671 1815 868 1868 mutari
910 1819 1118 1881 volens,
1149 1825 1577 1886 promercbitur;
1635 1828 1728 1879 sed
1782 1830 1986 1882 sanctis
2032 1844 2213 1883 sacra-

669 1911 865 1962 mentis
892 1910 1086 1977 dignus
1107 1928 1209 1964 non
1237 1914 1542 1968 habebitur.
1567 1916 1730 1970 Debet
1752 1919 1894 1970 enim
1917 1920 2210 1988 impietatis

670 2001 858 2053 sordes
887 2001 1125 2063 abluere,
1158 2013 1208 2056 et
1238 2005 1308 2056 ita
1333 2006 1540 2058 admitti
1567 2024 1581 2059 :
1607 2017 1656 2060 ct
1694 2017 1816 2075 post
1851 2011 2210 2076 przestitutum

669 2101 883 2160 tempus
909 2105 1106 2148 sancta:
1157 2099 1318 2150 etiam
1351 2099 1860 2154 communicationis
1920 2100 2009 2156 net
2042 2103 2212 2170 parti-

669 2195 816 2248 ccps.

740 2267 934 2322 lntcrr.
997 2271 1085 2324 59.
1129 2271 1455 2328 Vicanorum
1511 2277 1680 2331 turbae
1733 2292 1878 2342 eum,
1933 2279 2024 2348 qui
2081 2279 2212 2349 ipsis

668 2359 882 2411 videtur
908 2374 1028 2414 esse
1055 2361 1250 2428 dignus
1294 2365 1604 2433 episcopali,
1635 2367 1715 2420 vel
1759 2367 2088 2421 sacerdotali
2130 2367 2206 2420 di-

673 2450 902 2518 gnitate,
932 2451 1062 2504 mihi
1105 2453 1390 2517 exhibent;
1426 2465 1718 2524 petuntque
1750 2465 1807 2509 ut
1856 2459 1972 2511 sine
1997 2457 2211 2525 repulsa

675 2541 1016 2594 renuntietur
1046 2541 1440 2611 ardineturque
1471 2544 1733 2612 pontifex,
1786 2553 1881 2600 aut
1929 2546 2205 2608 sacerdos,

671 2627 753 2678 vel
815 2627 1098 2682 diaconus.
1155 2629 1348 2694 Qumro
1411 2633 1606 2700 igitur,
1667 2649 1732 2686 an
1786 2635 2210 2691 acclamationes

673 2717 853 2785 populi
881 2721 1030 2785 sequi
1066 2723 1355 2787 compellar
1378 2722 1427 2773 δ.

742 2803 894 2871 Resp.
934 2805 1070 2860 Olim
1102 2808 1390 2876 aliquando
1418 2810 1788 2866 ordinationes
1815 2814 2206 2882 episcoporum,

669 2901 722 2944 et
753 2894 1087 2960 reliquorum
1114 2897 1286 2948 sacris
1331 2897 1662 2952 initiatorum
1696 2899 1980 2954 ordinibus
2013 2901 2212 2955 ﬁebant

669 3001 765 3052 per
793 2986 1108 3040 electionem
1142 2987 1524 3050 multitudinis,
1553 3004 1870 3059 eorumque,
1925 2992 2018 3058 qui
2047 2992 2206 3046 simul

1890 355 1987 413 Tii
2005 355 2162 418 non.
2193 359 2440 418 .il.\l.S.\
2455 358 2604 419 MON
2618 359 2683 417 ις

741 480 933 536 Interr.
969 483 1055 538 58.
1097 483 1438 542 ()rthodosas
1469 489 1685 558 quidam
1705 492 1769 544 ab
1794 492 2054 560 Agarenis
2082 507 2204 561 cap-
2242 496 2288 549 Α

3736 357 3778 420 lt
3801 356 3869 418 (ιε

2397 493 2589 558 Ἐρώτ.
2667 498 2766 563 νη’.
2857 491 3157 560 Ὀρθτζὸοξνίς
3245 509 3326 550 τις
3413 488 3869 560 αἰχμαλωτισθεὶς

2315 583 2466 648 παρὰ
2511 581 2843 651 Ἀγαρηνῶν,
2897 583 2985 633 καὶ
3017 582 3155 634 κατά
3189 582 3307 650 βίαν
3342 582 3434 649 τὴν
3474 581 3750 649 όρθόδοξον
3781 580 3868 630 πί-

2316 687 2432 721 στιν
2480 671 2896 737 ἐξομοσάμενος,
2929 670 3021 721 καὶ
3076 663 3866 737 περιτμηθεὶς,διόλοιΐσχεδδν

2313 761 2410 828 τὴν
2440 761 2776 830 ἀκαθαρσίαν
2813 760 3188 824 ἀποκλαίεται,
3226 760 3320 812 καὶ
3365 761 3498 828 μετὰ
3525 761 3630 811 τῶν
3655 759 3869 826 690066-

2315 849 2418 913 ξων
2456 849 2722 916 λαθραέως
2757 851 3090 916 συνέρχεται,
3118 851 3206 901 καὶ
3241 848 3336 915 τὴν
3364 849 3632 916 σωτηρίαν
3661 849 3866 900 ἀνακα-

2314 937 2501 989 λεῖται.
2549 937 2698 988 Ἐπεὶ
2735 937 2790 987 δὲ
2823 937 2994 988 ἐθέλει
3025 936 3116 988 καὶ
3149 937 3255 988 τῶν
3299 937 3654 1003 ἀγιασμάτων
3705 954 3868 1003 μεταο

2315 1027 2632 1093 λαμϐάνειν,
2661 1026 2926 1094 ζητοῦμεν
2953 1027 3011 1078 τὸ
3036 1028 3281 1093 ποιητέον
3312 1026 3522 1092 μαθεῖν.

2397 1115 2595 1166 Ἀπόχ.
2629 1113 2746 1163 Τῶν
2771 1115 3181 1182 ἀγωνιζομένων
3211 1115 3345 1165 είσὶν
3383 1116 3429 1162 oi
3467 1113 3740 1177 στέφανοι,
3773 1112 3865 1162 καὶ

2316 1206 2341 1255 6
2372 1203 2566 1272 Κύριος
2601 1204 2692 1254 καὶ
2711 1203 2840 1264 Θεὸς
2871 1204 3021 1269 ἡμῶν
3057 1203 3259 1268 Ἰησοῦς
3296 1203 3548 1270 Χριστός.
3601 1202 3665 1252 El
3692 1201 3772 1259 τίς
3799 1219 3866 1268 με

2314 1293 2654 1359 ὁμολογήσει,
2687 1292 2867 1358 φησιν,
2903 1292 3205 1360 ἔμπροσθεν
3233 1292 3337 1342 τῶν
3367 1291 3688 1359 ἀνθρώπων,
3716 1291 3869 1355 κάγὼ

2313 1382 2626 1449 ὁμολογήσω
2648 1380 2808 1432 αὑτὸν
2861 1381 3166 1448 ἔμπροσθεν
3201 1381 3291 1432 τοῦ
3322 1381 3526 1448 Πατρός
3566 1397 3666 1448 μου
3695 1379 3869 1431 τοῦὶν

2314 1471 2578 1536 οὐρανοῖς.
2622 1469 2950 1538 ’Λκάθαρτον
3006 1469 3134 1533 γοῦν
3181 1472 3396 1535 ἀγγεῖον
3427 1468 3556 1538 πρὸς
3599 1469 3868 1535 ὑποδοχὴν

2319 1558 2485 1627 μύρου
2521 1558 2634 1618 πῶς
2664 1558 3154 1626 παραφρονούντως
3191 1558 3548 1626 δεχθῆσεταις
3597 1559 3687 1610 Διὸ
3729 1576 3873 1627 παρο

2315 1649 2536 1716 ηγορίας
2591 1649 2688 1716 μὲν
2715 1629 3092 1716 ’ἐπισκοπικῆς
3147 1649 3240 1700 καὶ
3286 1649 3450 1716 ἄλλης
3490 1649 3869 1716 πνευματικῆς

2315 1736 2546 1803 ὁμιλίας,
2600 1737 2628 1786 6
2677 1734 2818 1787 οὕτω
2877 1736 3166 1804 μετανοῶν,
3223 1738 3316 1788 καὶ
3362 1737 3460 1804 τὴν
3497 1737 3666 1803 καλὴν
3700 1738 3871 1788 θέλων

2313 1824 2664 1892 ἀλλοιωθῆναι
2699 1824 2996 1886 ἀλλοίωσιν,
3033 1825 3386 1892 ἀξιωθήσεται
3411 1841 3424 1855 ο
3476 1825 3581 1877 τῶν
3607 1825 3661 1876 δέ
3694 1826 3870 1892 ἀγίων

2317 1913 2627 1983 μυστηρίων
2677 1914 2773 1965 οὑκ
2809 1914 3189 1981 ἀξιωθήσεται.
3216 1916 3484 1983 Πρότερον
3517 1915 3624 1983 γὰρ
3661 1917 3868 1983 ὀφείλει

2312 2004 2410 2070 τῆς
2449 2004 2696 2065 ἀσεδείας
2729 2005 2823 2073 τὴν
2860 2004 3154 2073 βεὸήλωσιν
3173 2005 3552 2069 ἀπονίψασθαι,
3581 2005 3870 2066 καὶοῦτως

2311 2092 2562 2161 δεχθῆναι
2589 2108 2602 2121 '
2646 2093 2736 2144 καὶ
2795 2094 2930 2160 μετὰ
2964 2092 3053 2143 τὸν
3105 2092 3503 2160 νενομισμένον,
3546 2093 3734 2160 καιρδιν
3772 2093 3868 2143 καὶ

2309 2182 2408 2251 τῆς
2439 2183 2600 2246 ἁγίας
2639 2181 2983 2250 μεταλήψεως
3013 2184 3294 2248 γενήσεται
3327 2183 3566 2249 μέτοχος.

2393 2272 2581 2338 Ἐρὼτ.
2617 2273 2713 2325 νϐ’.
2749 2271 2931 2339 Πλὴθη
2982 2272 3246 2339 χωριτικά
3295 2271 3385 2323 τὸν
3432 2271 3691 2323 δοκοῦντα
3732 2267 3862 2322 τού-

2313 2379 2420 2424 τοις
2448 2362 2593 2425 ἄξιον
2629 2356 2764 2414 εἶναι
2800 2363 2935 2431 πρὸς
2978 2360 3189 2426 ἀξίωμα
3238 2363 3588 2414 ἐπισκοπικὶν
3632 2363 3664 2430 ἢ
3713 2365 3865 2429 ἱερα-

2312 2453 2458 2506 τικὸν
2489 2453 2792 2522 παριστῶσί
2823 2469 2910 2520 μοι
2935 2467 2949 2481 ⁸
2983 2453 3074 2504 καὶ
3103 2451 3322 2519 ζητοῦσι
3373 2451 3512 2502 κατά
3539 2451 3594 2502 τὸ
3625 2453 3865 2518 ἀπαραί-

2311 2561 2470 2614 τητον
2492 2542 2922 2612 ἐπικηρυχθῆναι
2949 2542 3042 2594 καὶ
3099 2540 3536 2609 χειροτονηθῆναι
3576 2542 3860 2608 ἀρχιερέα,

2310 2636 2341 2705 ἢ
2372 2633 2633 2688 διάκονον.
2677 2632 2829 2700 Ζητῶ
2855 2633 3026 2682 τοίνυν
3065 2630 3252 2699 μαθεῖν
3304 2633 3352 2681 εί
3381 2633 3498 2691 ταῖς
3531 2635 3729 2698 φωναῖς
3753 2633 3866 2683 τῶν

2309 2727 2476 2796 ὄχλων
2500 2723 2915 2792 ἀναγκαζόμεθα
2945 2721 3378 2774 κατακολουθεῖν.

2391 2819 2508 2869 Ἀπ.
2533 2815 2712 2867 Πάλαι
2736 2814 2862 2865 ποτέ
2887 2813 2941 2864 αί
2967 2811 3286 2881 χειροτονίαι
3305 2810 3412 2862 τῶν
3441 2810 3753 2862 ἐπισκόπων
3767 2811 3863 2861 καὶ

2310 2905 2418 2956 τῶν
2453 2903 2652 2955 λοιπῶν
2704 2903 3012 2971 ἱερωμένων
3047 2902 3113 2951 δι’
3165 2900 3420 2965 ἐπιλογῆς
3450 2900 3542 2950 τοῦ
3578 2901 3733 2967 ὄχλου
3763 2903 3862 2952 καὶ

2310 2995 2418 3047 τῶν
2448 2991 3021 3062 παραδυναστευόντων
3046 2990 3276 3055 ἐγίνοντο
3301 3007 3310 3018 ·
3342 2991 3370 3041 ὁ
3389 2990 3443 3040 δὲ
3467 2996 3531 3056 ιγ’
3559 2991 3734 3041 κανὼν
3760 2992 3863 3057 τῆς

671 3075 1028 3142 imptrabant.
1063 3075 1309 3130 Decimus
1351 3079 1542 3130 tertius
1591 3089 1768 3132 autem
1799 3094 1971 3132 canon
2018 3080 2210 3135 Laodi-

2313 3086 2368 3136 ἐν
2402 3081 2688 3150 Λαοδικείᾳ
2718 3081 2956 3139 συνόδου,
2992 3081 3082 3131 καὶ
3113 3080 3140 3130 6
3168 3079 3213 3143 γ’
3239 3077 3414 3129 κανὼν
3447 3079 3546 3146 τῆς
3573 3079 3737 3144 ἁγίας
3761 3079 3863 3129 καὶ

670 3179 817 3216 cena:
862 3165 1073 3233 synodi,
1120 3176 1169 3217 et
1213 3165 1249 3218 3
1299 3180 1469 3220 canon
1516 3180 1717 3222 sancta:
1763 3179 1815 3222 et
1859 3173 2206 3226 mcumenicae

668 3253 699 3305 7
734 3256 939 3323 synodi,
978 3255 1278 3321 huiusmodi
1324 3258 1691 3312 ordinationes
1735 3259 1800 3312 ab
1840 3262 2207 3317 ecclesiastico

673 3344 856 3410 rejecit
894 3352 1054 3398 statu.
1085 3345 1177 3400 ille
1216 3347 1358 3398 enim
1408 3347 1502 3410 ait,
1555 3348 1725 3404 turbis
1777 3365 1882 3402 non
1933 3366 2052 3405 esse
2084 3369 2206 3421 per-

672 3434 988 3488 mittendum
1021 3449 1224 3498 eorum,
1256 3438 1343 3504 qui
1379 3447 1505 3491 sunt
1559 3440 1610 3491 in
1649 3441 1954 3496 sacerdotio
2007 3445 2208 3496 consti-

670 3523 882 3586 tuendi,
915 3523 1234 3579 electionem
1275 3526 1471 3578 facere.
1523 3525 1616 3580 llic
1644 3536 1820 3582 antem
1859 3533 2204 3596 pronuntiat:

670 3614 893 3666 Omnem
925 3613 1262 3677 electionem,
1321 3631 1439 3684 quae
1473 3616 1528 3669 lit
1569 3633 1596 3668 a
1630 3619 2052 3686 magistratibus,
2093 3624 2208 3690 epi-

670 3702 844 3770 scopi,
880 3704 960 3758 vel
993 3705 1311 3782 presbyteri.
1338 3706 1418 3760 vel
1446 3707 1680 3770 diaconi,
1713 3710 1918 3762 irritam
1949 3727 2202 3767 manere:

669 3807 732 3843 ex
761 3807 966 3846 canone
1002 3794 1232 3855 dicente,
1269 3793 1322 3846 Si
1356 3797 1477 3863 quis
1535 3798 1819 3866 episcopus
1853 3802 2206 3856 saecularibus

673 3883 1071 3950 magistratibus
1110 3900 1260 3948 usus,
1295 3901 1388 3954 per
1419 3901 1512 3939 eos
1564 3887 1845 3941 ecclesiam
1887 3889 2204 3953 obtinuerit,

670 3971 970 4038 deponatur
993 4011 1008 4034 ,
1039 3979 1091 4024 et
1135 3983 1480 4042 segregetur,
1523 3984 1574 4028 et
1608 3992 1794 4030 omnes
1847 3979 1935 4046 qui
1994 3993 2114 4032 cum
2143 3996 2206 4034 eo

671 4061 1093 4114 communicant.
1129 4060 1346 4128 Oportet
1375 4065 1516 4116 enim
1541 4080 1685 4125 cum,
1715 4067 1806 4133 qui
1865 4074 1944 4120 est
1992 4083 2208 4135 promo-

671 4147 879 4202 vendus
901 4147 966 4202 ad
993 4149 1383 4218 episcopatum,
1414 4152 1479 4204 ab
1502 4154 1766 4220 episcopis
1811 4155 1932 4220 eligi
1955 4197 1968 4214 .
2019 4169 2208 4222 quem-

670 4237 957 4291 admodum
994 4253 1022 4290 a
1049 4239 1253 4292 sanctis
1292 4237 1543 4293 Patribus
1573 4239 1744 4293 Nicea
1796 4239 2071 4294 decretum
2105 4250 2208 4305 est,

672 4327 725 4377 in
759 4340 967 4380 canone
999 4328 1090 4395 qui
1127 4328 1291 4380 dicit:
1340 4327 1663 4402 Episcopum
1708 4338 1922 4397 oportet
1979 4333 2209 4384 maxime

2307 3170 2683 3239 οίκουμενικῆς
2737 3167 2780 3230 ζ’
2815 3169 3028 3221 συνόδου
3052 3209 3065 3232 ,
3109 3169 3202 3226 τὰς
3240 3167 3489 3228 τοιαύτας
3527 3168 3858 3236 χειροτονίας

2309 3261 2417 3312 ἀπὺ
2449 3263 2546 3330 τῆς
2577 3259 3032 3328 ἐκκλησιαστικῆς
3068 3258 3410 3320 ἀπεξένωσαν
3447 3256 3857 3316 καταστάσεως.

2323 3350 2378 3402 Ὀ
2420 3351 2516 3419 μὲν
2537 3349 2643 3420 γάρ
2671 3365 2801 3416 φησι
2830 3349 2956 3415 περὶ
2987 3347 3077 3399 τοῦ
3102 3347 3174 3415 μὴ
3203 3346 3378 3414 δχλοις
3420 3346 3734 3410 ἐπιτρέπειν
3762 3345 3861 3404 τάς

2309 3439 2534 3506 ἐκλογὰς
2581 3437 2846 3490 ποιεῖσθαι
2880 3436 2990 3488 τῶν
3033 3435 3332 3502 μελλόντων
3379 3433 3736 3486 καθίστασθαι
3781 3436 3860 3494 εἰς

2312 3530 2601 3596 ίερᾱτεῖονο
2641 3527 2669 3577 6
2703 3525 2758 3577 δέ
2803 3523 2973 3576 ταῦτα
3002 3523 3240 3586 διέξεισι,
3273 3523 3457 3574 Πᾶσαν
3507 3521 3685 3588 ψῆφον
3708 3538 3858 3586 νγινο·

2315 3618 2480 3687 μένην
2508 3616 2656 3685 παρὰ
2683 3615 2790 3667 τῶν
2811 3615 3104 3682 ἀρχόντων,
3133 3613 3452 3675 ἐπισκόπου,
3490 3611 3522 3679 ἢ
3559 3612 3860 3679 πρεσϐυτέρ

2313 3721 2426 3773 ρου,
2458 3706 2487 3772 ἢ
2512 3703 2781 3764 διακόνου,
2813 3703 3013 3769 ἄκυρον
3041 3700 3238 3767 μένειν,
3271 3699 3407 3751 κατά
3437 3699 3525 3750 τὸν
3547 3699 3748 3750 κανόνα
3766 3699 3859 3748 τὸν

2308 3794 2549 3862 λέγοντα.
2585 3793 2652 3844 Εἴ
2672 3809 2754 3854 τις
2777 3791 3067 3852 ἐπίσκοπος
3093 3791 3368 3858 κοσμικοῖς
3400 3788 3624 3857 ἄρχουσι
3653 3788 3860 3855 χρησό-

2311 3900 2489 3951 μενος,
2519 3881 2584 3934 δι⁹
2609 3881 3065 3949 αὑτῶνέγκρατὴς
3091 3878 3380 3947 ἐκκλησίας
3400 3865 3849 3946 γένηταιξκαθαι-

2314 3972 2508 4042 ρείσθω
2555 3972 2646 4022 καὶ
2699 3969 3059 4038 ἀφοριζέσθω,
3098 3969 3191 4020 καὶ
3217 3970 3266 4020 oi
3310 3966 3691 4026 κοινωνοῦντες
3713 3965 3860 4032 αὐτῷ

2313 4062 2532 4122 πάντες.
2560 4061 2649 4111 Δεῖ
2665 4059 2772 4128 γὰρ
2798 4060 2886 4110 τὸν
2913 4058 3174 4126 μέλλοντα
3195 4056 3620 4127 προδιδάζεσθαι
3647 4057 3725 4116 είς
3747 4057 3864 4106 ἐπι-

2313 4151 2539 4218 σκοπὴν,
2594 4149 2696 4201 ὑπὸ
2739 4148 3049 4200 ἐπισκόπων
3101 4145 3460 4215 ψηφίζεσθαι·
3529 4145 3709 4206 καθὼς
3768 4146 3862 4196 καὶ

2314 4240 2463 4308 παρὰ
2496 4236 2608 4298 τῶν
2630 4235 2798 4302 ἁγίων
2859 4236 3116 4304 Πατέρων
3151 4235 3259 4286 τῶν
3295 4237 3350 4286 ἐν
3376 4233 3579 4301 Νικαίᾳ
3607 4233 3858 4301 ὥρισται,

2313 4332 2368 4380 ἐν
2388 4329 2463 4395 τῷ
2498 4326 2680 4379 κανόνι
2713 4325 2788 4392 τῷ
2809 4325 3041 4390 λέγοντι.
3095 4324 3422 4375 Ἐπίσκοπον
3466 4324 3729 4391 προσήκει
3757 4319 3862 4390 μό.

672 4415 885 4482 quidem
916 4416 982 4469 ab
1005 4416 1273 4481 omnibus,
1309 4418 1553 4484 quisunt
1585 4419 1638 4470 in
1676 4419 1966 4485 provincia,
1997 4420 2205 4472 consti—

2313 4419 2468 4470 λιστα
2491 4417 2586 4487 μὲν
2614 4416 2715 4468 ὑπὸ
2747 4416 2960 4467 πάντων
2993 4413 3098 4466 τῶν
3128 4417 3184 4464 ἐν
3231 4417 3294 4480 τῇ
3334 4413 3572 4496 ἐπαρχίᾳ
3603 4411 3860 4463 καθίστα-

677 4506 791 4555 tu'i:
835 4505 880 4557 si
942 4516 1122 4557 autem
1180 4506 1277 4558 hoc
1349 4506 1560 4560 dillicile
1612 4507 1795 4567 fuerit,
1856 4508 1936 4560 vel
1993 4517 2208 4576 propter

678 4600 960 4659 urgentem
999 4593 1402 4655 necessitatem,
1462 4593 1541 4644 vel
1575 4603 1791 4660 propter
1840 4596 1938 4647 vice
1971 4595 2207 4663 longitu-

673 4683 875 4742 dinem,
905 4692 1011 4736 tres
1034 4682 1253 4735 omnino
1271 4681 1452 4734 eodem
1478 4682 1882 4743 convenientes,
1903 4683 1969 4735 iis
1996 4699 2210 4751 quoque

672 4772 762 4838 qui
791 4771 1014 4831 absunt,
1048 4772 1204 4824 simul
1230 4771 1543 4839 suat-agium
1579 4771 1895 4834 ferentibus,
1935 4779 1988 4824 et
2023 4786 2210 4826 assen-

670 4858 929 4914 tientibus
983 4869 1078 4928 per
1143 4860 1381 4922 litteras,
1425 4869 1549 4913 tunc
1617 4860 1794 4914 facere
1864 4861 2208 4914 electionem.

674 4948 869 5003 Eorum
911 4959 1110 5012 autem,
1171 4965 1289 5018 qua:
1343 4964 1369 5000 a
1432 4965 1488 5003 se
1545 4951 1697 5013 ﬁunt,
1747 4949 2208 5004 conﬁrmationem

674 5039 802 5094 dare
849 5040 1140 5107 unicuique
1188 5040 1617 5108 metropolitano.

748 5127 938 5182 Interr.
971 5129 1058 5183 60.
1091 5129 1267 5182 Liberi
1291 5146 1352 5184 ex
1384 5132 1638 5185 secundis
1684 5133 1884 5199 nuptiis
1916 5137 2207 5201 procreati,

672 5231 722 5272 et
759 5220 851 5288 qui
881 5234 942 5272 ex
976 5221 1207 5282 ancillis,
1245 5236 1306 5274 ac
1340 5221 1687 5284 concubinis,
1726 5223 2027 5277 sacerdotio
2059 5225 2207 5293 digni

674 5309 1077 5378 iudicabuntur,
1111 5311 1330 5364 annon?

744 5403 892 5470 Resp.
916 5402 1283 5457 Secundarum
1317 5402 1622 5470 nuptiarum
1659 5403 1807 5457 liberi
1832 5403 1973 5456 nulla
1999 5404 2207 5458 ratione

2318 4508 2442 4561 σθαι
2464 4523 2477 4536 ⁶
2507 4508 2554 4558 εί
2577 4507 2630 4556 δὲ
2655 4505 2910 4572 δυσχερὲς
2938 4505 3020 4572 εἴη
3046 4502 3224 4561 τοῦτο,
3256 4503 3286 4570 ἢ
3309 4494 3396 4554 δῖἀ
3429 4504 3862 4567 κατεπείγουσαν

2315 4600 2578 4665 ἀνάγκην,
2607 4596 2638 4662 ἢ
2668 4595 2754 4646 διὰ
2789 4595 2958 4662 μῆκος
2989 4593 3128 4655 ὁδοῦ,
3163 4591 3220 4655 ἐξ
3246 4592 3482 4651 ἆπαντος
3516 4591 3664 4657 τρεῖς
3695 4589 3786 4640 ἐπὶ
3806 4587 3865 4638 τδ

2315 4689 2447 4740 αὐτὸ
2474 4685 2886 4751 συναγομένους,
2943 4681 3245 4750 συμψήφων
3297 4680 3595 4746 γινομένων
3639 4677 3865 4730 καὶτῶν

2316 4777 2578 4839 ἀπόντων,
2632 4773 2723 4825 καὶ
2775 4771 3168 4838 συντιθεμένων
3217 4768 3302 4820 διὰ
3340 4767 3705 4836 γραμμάτων,
3746 4766 3864 4816 τότε

2318 4866 2413 4932 τὴν
2444 4861 2769 4932 χειροτονίαν
2815 4857 3104 4910 ποιεῖσθαι.
3141 4857 3213 4908 Τὸ
3241 4857 3295 4908 δὲ
3325 4855 3490 4923 κῦρος
3517 4855 3622 4905 τῶν
3652 4853 3868 4920 γινομέ-

2318 4971 2422 5004 νων
2460 4950 2690 5003 δίδοσθαι
2748 4947 2868 5001 καθ’
2895 4946 3131 5014 ἐκάστην
3178 4943 3444 5012 ἐπαρχίαν
3477 4943 3554 5011 τῷ
3587 4956 3866 5011 μητροπο-

2318 5041 2459 5093 λίτη.

2644 5125 2704 5190 ξ’.
2742 5127 2804 5180 Οί
2848 5125 2940 5176 τοῦ
2990 5121 3240 5190 δευτέρου
3271 5120 3448 5188 γάμον
3498 5118 3712 5180 παῖδες.
3770 5121 3862 5171 καὶ

2319 5223 2368 5274 οἱ
2400 5220 2504 5271 ἀπὸ
2529 5218 2775 5269 δουλίδων
2832 5216 2924 5268 καὶ
2976 5210 3262 5266 παλλακῶν
3300 5207 3600 5276 τεχθέντες,
3635 5209 3870 5280 ἀξιωθή-

2325 5327 2505 5362 σονται
2533 5307 2849 5377 ἱερωσύνης,
2886 5306 2919 5373 ἢ
2946 5303 3041 5368 ob;

2386 5404 2441 5453 Ἀ
2455 5400 2591 5452 πόκ.
2619 5399 2680 5455 Oi
2699 5395 2791 5448 τοῦ
2809 5394 3057 5463 δευτέρου
3076 5393 3251 5461 γάμου
3276 5392 3460 5454 παῖδας
3477 5390 3538 5455 ἐξ
3555 5387 3767 5452 οὐδενὸς
3789 5389 3867 5441 λό-

1921 5573 2142 5627 VARI/E
2183 5570 2571 5626 LECTIONES.

741 5667 777 5711 ’δ
802 5684 864 5720 rm
910 5684 1047 5720 roccs
1085 5681 1352 5734 imputares
1400 5667 1540 5732 sequi
1574 5680 1832 5732 cogamur.
