4110 6468
219 417 348 484 1009

1036 426 1411 488 RESPONSA
1457 427 1556 487 AD
1594 424 2308 487 lNl‘ERllOGATIONES
2343 425 2598 488 MARCI.

3237 426 3370 492 1010

222 570 313 619 γου
350 552 646 606 κωλύονται
698 551 956 619 ἱερᾶσθαι..
997 551 1053 602 Ὀ
1100 552 1205 620 γὰρ
1231 551 1321 603 ἐπὶ
1350 551 1440 603 τοῦ
1481 551 1754 619 Ιιορφυρο-
1779 554 1832 611 Α

1744 554 1832 611 -Α
1855 561 2100 606 vetantur
2137 554 2308 606 sacris
2340 553 2620 606 ordinibus
2644 551 2866 605 initiari.
2918 551 3181 621 Synodica
3225 551 3367 604 enim

221 640 475 708 γεννητου
523 640 613 693 καὶ
656 635 909 706 βασιλέως
971 637 1157 705 κυρίου
1211 639 1608 690 Κωνσταντίνου
1663 654 1752 704 γε-

220 728 390 791 γονὼς
426 727 587 794 τόμος
613 727 878 786 συνοδικος
901 726 976 793 τῷ
1002 725 1198 794 πρώτῳ
1216 727 1372 795 γάμῳ
1395 727 1482 779 τὸν
1509 727 1753 796 δεύτερον

221 819 310 866 ἐπὶ
365 818 532 867 πᾶσιν
574 814 812 878 ἐξίσωσε.
838 815 927 865 Διὸ
961 815 1056 866 καὶ
1085 815 1388 877 ὑπεξούσιοι
1435 815 1752 885 κληρονόμοι

220 904 312 955 τοῦ
336 905 537 973 πατρός
560 908 716 956 εἰσιν.
751 903 907 955 Ἀλλά
932 905 1024 956 καὶ
1055 906 1102 958 oi
1137 906 1242 957 ἀπὸ
1261 904 1506 958 δουλίδων
1543 908 1754 973 τεχθέν-

219 1007 330 1052 τες,
371 993 466 1044 καὶ
497 991 802 1058 ἐλευθερίας
829 991 1165 1055 ἀξιωθέντες,
1195 993 1450 1054 ὡσαύτως
1474 994 1564 1046 καὶ
1611 995 1659 1045 οἱ
1692 996 1755 1046 ὲκ

221 1080 511 1134 παλλακῶν
543 1081 907 1149 γεννηθέντες,
938 1080 996 1132 ού
1030 1079 1420 1150 κωλυθήσονται
1443 1082 1750 1148 ίερωθῆναι.

219 1173 283 1221 ΑΙ.
300 1171 406 1237 γὰρ
426 1171 655 1238 μητέρες
679 1170 855 1221 αὐτῶν
872 1171 1158 1237 ἐπιτιμίοις
1172 1173 1530 1240 πορνευόντων
1554 1173 1753 1224 ὑπέπε-

221 1275 331 1317 σον.
356 1258 509 1310 αὐτοὶ
539 1259 592 1309 δὲ
621 1259 769 1310 οὐδὲν
795 1260 1057 1326 ἥμαρτον,
1085 1259 1176 1311 καὶ
1197 1260 1280 1311 διά
1316 1260 1470 1312 τοῦτο
1499 1261 1616 1312 οὐδὲ
1639 1261 1755 1310 ἑπι-

219 1343 415 1409 τιμίοις
442 1343 770 1395 ὑπόκεινται.
798 1346 950 1396 Κατὰ
987 1344 1111 1410 γοῦν
1137 1347 1259 1407 τοὺς
1285 1344 1502 1406 λοιποὺς
1547 1344 1753 1415 ἀνθρώο

220 1447 352 1491 πους
382 1433 501 1491 τοὺς
530 1432 694 1500 μηδὲν
730 1433 1130 1500 ἡμαρτηκότας,
1162 1435 1252 1485 καὶ
1284 1435 1434 1486 αὐτοὶ
1485 1435 1642 1502 τιμῆς
1675 1435 1750 1486 ls-

223 1519 448 1586 ρατικῆς
470 1521 606 1569 κατὰ
638 1521 860 1581 κανόνας
893 1519 1303 1588 ἀξιωθήσονται.

306 1627 506 1693 Ἐρώτ.
597 1628 696 1692 ξα’.

222 1719 538 1784 ἐπιτραπεὶς
595 1719 796 1770 διέπειν
847 1720 1098 1787 κτήματα
1147 1724 1573 1788 μοναστηριακά,
1611 1722 1751 1773 θέλει

786 1630 1154 1697 Ἀναγνώστης
1232 1631 1381 1701 παρά
1453 1633 1751 1700 ἡγουμένου

1853 641 2089 706 decisio,
2130 642 2269 695 facta
2303 651 2536 710 tempore
2587 641 2923 710 imperatoris
2981 641 3178 694 domini
3230 639 3372 694 Con-

1855 733 2074 787 stantini
2107 732 2643 800 Porphyrogennetae,
2672 732 2860 798 primis
2879 729 3080 798 nuptiis
3105 729 3371 782 secundas

1856 825 1909 876 in
1943 822 2193 875 omnibus
2235 821 2551 889 exaequavit.
2623 819 2850 885 Ideoque
2903 827 2956 872 et
3001 819 3082 872 sui
3138 817 3373 870 liceredrs

1855 919 1980 965 sunt
2012 914 2174 977 patri.
2213 910 2316 964 Sed
2344 919 2397 964 et
2423 911 2514 978 qui
2543 925 2607 964 ex
2649 908 2859 962 ancillis
2891 909 3025 970 nati,
3087 916 3140 960 et
3191 906 3372 958 donati

1853 1000 2118 1063 libertate,
2151 999 2371 1067 parique
2403 997 2581 1060 modo,
2609 997 2702 1066 qui
2733 1012 2798 1050 ex
2826 996 3140 1050 concubinis
3183 994 3372 1063 geniti,

1854 1103 1958 1140 non
2010 1096 2254 1140 vetantur
2284 1087 2508 1140 sacrari.
2541 1085 2734 1138 Matres
2783 1085 2925 1137 enim
2966 1098 3150 1136 eorum
3203 1084 3374 1149 poenis

1853 1179 2198 1230 scortantium
2228 1176 2573 1228 succiderunt
2605 1184 2650 1237 ε,
2686 1172 2785 1240 ipsi
2824 1178 2998 1223 autem
3063 1171 3195 1221 nihil
3237 1171 3374 1222 deli-

1854 1279 2120 1335 querunt:
2156 1266 2503 1334 quamobrem
2531 1278 2627 1316 nec
2677 1261 2852 1330 prunis
2887 1259 3270 1327 subjiciuntur.
3309 1258 3378 1312 Ut

1856 1358 2048 1424 reliqui
2088 1358 2249 1424 igitur
2281 1354 2542 1417 homines,
2575 1354 2664 1422 qui
2695 1352 2826 1404 nihil
2862 1359 3171 1419 peccarunt,
3205 1348 3379 1401 hono-

1857 1460 1966 1499 rem
1994 1445 2377 1499 sacerdotalem
2406 1443 2700 1496 secundum
2727 1453 2962 1492 canones
2984 1444 3380 1492 consequentur

1856 1540 1909 1585 ct
1938 1531 2057 1600 ipsi.

1924 1641 2114 1694 Inlerr.
2147 1640 2233 1693 61.
2269 1639 2456 1693 Lector
2490 1644 2751 1706 potestate
2802 1650 2831 1688 a
2876 1633 3056 1702 priore
3084 1632 3111 1670 ἀ
3139 1638 3379 1699 accepta,

1855 1731 2267 1785 administrandi
2327 1730 2699 1798 possessiones
2771 1721 3212 1778 monasteriales.
3269 1719 3382 1771 vult

204 1806 593 1873 -τιροκαθῆσθαι
645 1807 747 1857 τῶν
794 1810 965 1858 ἐκεῖσε
1004 1809 1168 1860 ὄντων
1206 1810 1408 1877 ίερέων,
1437 1813 1526 1864 καὶ
1554 1812 1750 1864 λοιπῶν
1783 1849 1823 1902 Β

1783 1849 1823 1902 Β
1852 1821 2150 1889 praecedere
2186 1819 2510 1880 sacerdotes,
2540 1825 2592 1870 et
2626 1816 2757 1868 alios
2785 1813 3011 1867 clericos
3079 1810 3188 1861 illic
3241 1806 3381 1860 exsi-

221 1894 510 1960 κ).ηρικῶν,
545 1896 637 1946 καὶ
687 1897 745 1946 ὲν
790 1900 907 1956 ταῖς
957 1898 1121 1965 ἱεραῖς
1177 1899 1476 1963 ἁγιστείαις
1506 1902 1640 1968 μετά
1663 1902 1751 1952 τὸν

219 1981 515 2047 ἡγούμενον
540 1984 987 2050 μνημονεύεσθαι.
1036 1986 1250 2055 Ἐρωτῶ
1274 1987 1452 2041 τοίνυν
1487 1989 1675 2058 μαθεῖν
1705 1991 1753 2041 εί

220 2072 394 2132 καλῶς
426 2073 553 2140 περὶ
581 2072 766 2124 τούτου
797 2074 1101 2141 φιλονεικεῖ.

295 2182 499 2235 Ἀπόκ.
529 2183 693 2248 Τάξις
724 2187 935 2252 συνέχει
958 2186 1024 2238 τά
1061 2188 1284 2256 οὐράνια
1306 2189 1398 2242 καὶ
1422 2191 1488 2242 τά
1520 2191 1750 2257 ἐπίγεια.

217 2270 300 2320 Διὸ
335 2271 429 2321 καὶ
456 2273 482 2321 ό
513 2274 712 2342 Κύριος
768 2274 921 2342 ἡμῶν
967 2276 1170 2342 Ἰησοῦς
1197 2278 1450 2346 Χριστὸς,
1473 2279 1570 2346 τῆς
1602 2296 1751 2331 κενο-

216 2359 392 2420 δοξίας
423 2361 759 2413 ἀναστέλλων
814 2360 909 2431 τὴν
950 2366 1304 2434 ματαιότητα,
1334 2367 1504 2420 Ὅταν
1555 2368 1754 2439 κληθῇς

217 2450 290 2508 εἰς
322 2449 500 2514 γάμον
543 2450 642 2501 ὑπό
688 2467 851 2514 τινος,
885 2452 1102 2518 ἔφησεν,
1138 2457 1216 2515 είς
1244 2457 1633 2526 πρωτοκλισίας
1661 2459 1744 2511 τά·

218 2554 395 2605 πητας
421 2539 494 2608 μὴ
523 2541 834 2610 ἀνακλιθῇς,
866 2543 978 2594 ἀλλ’
1008 2544 1088 2603 είς
1116 2543 1338 2612 ἔσχατον
1361 2545 1521 2596 τόπον
1552 2546 1752 2597 ἀνάπε-

216 2643 303 2677 σον
336 2643 354 2656 ο
389 2629 472 2678 ἵνα
504 2629 739 2698 ἀκούσῃς
787 2634 933 2698 παρά
982 2633 1072 2684 τοῦ
1117 2635 1437 2702 κεκληκότος
1471 2652 1527 2685 σε
1563 2651 1580 2668 ο
1612 2635 1753 2700 Φίλε,

216 2716 609 2785 προσανάϐηθι.
675 2719 780 2769 Καὶ
812 2717 981 2780 οὕτως
1028 2719 1180 2773 ἔσται
1244 2737 1322 2772 σοι
1377 2719 1503 2784 δόξα
1567 2720 1752 2788 πολλή.

225 2803 282 2854 Ὀ
314 2803 446 2868 γοῦν
478 2804 653 2871 ζητῶν
705 2807 1055 2876 ἀναγνώστης
1091 2808 1193 2877 πρὸ
1222 2808 1327 2860 τῶν
1379 2809 1562 2877 ἱερέων
1621 2808 1756 2861 καθα

215 2892 401 2958 ἧσθαι,
424 2895 514 2943 καὶ
553 2895 691 2960 μετά
727 2897 817 2947 τὸν
845 2895 1145 2963 ἡγούμενον
1180 2898 1619 2965 μνημονεύεσθαι,
1645 2898 1754 2959 τοῖς

217 2983 512 3048 ιὶυριακοίς
544 2983 938 3051 ὲναντιοφρονεῖ
953 2984 1422 3052 παραγγέλμασιν.
1451 2987 1512 3036 El
1540 2986 1593 3037 δὲ
1617 2987 1755 3038 κατὰ

214 3066 310 3134 τὴν
338 3066 591 3134 διήγησίν
620 3085 710 3119 σου
737 3071 763 3119 ὁ
797 3071 1146 3138 ἀναγνώστης
1166 3072 1242 3130 είς
1274 3071 1454 3141 χώραν
1481 3073 1752 3140 ἐπιδημεῖ,

217 3154 627 3221 καθηγουμένου
650 3157 809 3207 τόπον
843 3158 1186 3226 ἀναπληρῶν,
1227 3147 1520 3222 ἀκινδύνως
1556 3162 1755 3230 μᾶλλον
1782 3143 1825 3199 c

215 3242 268 3292 δὲ
299 3241 466 3304 ἀξίως
503 3243 793 3309 φιλονεικεί
830 3246 934 3314 πρὸ
1001 3247 1104 3299 τῶν
1133 3249 1315 3317 ίερέων
1351 3249 1636 3316 καθῆσθαι,
1664 3252 1757 3302 καὶ

218 3331 673 3395 μνημονεύεσθαι,
702 3333 774 3394 ὡς
797 3333 956 3385 τόπον
997 3335 1209 3404 ἐπέχων
1249 3337 1340 3388 τοῦ
1369 3338 1756 3406 ἐπιτρέψαντος

214 3417 360 3484 αύτῷ
409 3419 468 3468 τὸ
515 3419 895 3488 λειτούργημα.
947 3421 1056 3474 Καὶ
1089 3425 1414 3492 παρίσταται
1469 3427 1622 3476 τοῦτο
1652 3426 1758 3478 ἀπὸ

212 3506 302 3555 τοῦ
330 3504 374 3567 ζ’
419 3507 638 3568 κανόνος
672 3507 766 3575 τῆς
816 3511 875 3560 ὲν
921 3510 1168 3579 Τρούλλῳ
1210 3510 1301 3563 τοῦ
1336 3513 1566 3580 μεγάλου
1589 3514 1760 3564 παλα-

213 3593 324 3644 τίου
355 3593 627 3658 συστάσης
681 3596 838 3661 ἁγίας
879 3599 973 3647 καὶ
1015 3599 1395 3666 οίκουμενικῆς
1442 3599 1494 3662 ς’
1542 3602 1757 3652 συνόδου

211 3681 268 3730 έν
325 3683 482 3746 μέρει
526 3683 692 3734 ταῦτα
753 3685 1056 3747 διεξιόντος.
1109 3688 1522 3756 Μεμαθὴκαμεν
1553 3689 1607 3740 έν
1650 3706 1756 3741 τισι

210 3770 315 3819 τὼν
349 3771 681 3837 Ἐκκλησιῶν
715 3773 983 3836 διακόνους
1021 3777 1167 3836 τινας
1194 3777 1446 3847 αὐθαδείᾳ
1476 3780 1566 3830 καὶ
1600 3780 1758 3830 αύτο-

211 3857 371 3927 νομίᾳ
426 3863 811 3928 κεχρημένους,
843 3864 1043 3928 τολμᾷν
1076 3867 1181 3932 πρὸ
1222 3865 1326 3918 τῶν
1365 3867 1751 3936 πρεσϐυτέρων

209 3945 557 4009 καθέζεσθαι,
636 3984 649 3998 .
729 3991 740 4004 .
820 3989 833 4004 .
912 3988 925 4002 .
1005 3968 1018 3982 ο

1093 3991 1105 4006 α
1186 3990 1200 4004 ο
1281 3991 1295 4005 ο
1373 3993 1385 4006 ο
1465 3990 1480 4006 ο
1556 3991 1571 4007 ο
1648 3993 1659 4005 ι
1741 3993 1754 4006 Ι

209 4036 372 4096 ἐκτὸς
403 4037 452 4086 εί
510 4038 582 4106 μὴ
618 4040 676 4089 τὸ
706 4040 990 4106 πρόσωπον
1033 4042 1241 4109 ἐπέχων
1270 4043 1362 4096 τοῦ
1415 4043 1614 4094 οίκείου
1651 4059 1758 4094 πα-

207 4125 491 4193 τριάρχου.
535 4127 566 4195 ἦ
602 4129 1010 4197 μητροπολίτου,
1045 4134 1099 4181 ὲν
1145 4133 1304 4201 ἑτέρᾳ
1341 4133 1488 4184 πόλει
1518 4137 1755 4202 παραγί-

207 4229 390 4280 νηται,
446 4217 538 4265 ὲπί
563 4232 668 4267 τινι
696 4219 987 4284 κεφαλαίῳ.
1009 4220 1138 4270 Τότε
1176 4222 1300 4290 γὰρ,
1331 4221 1404 4282 ὡς
1432 4223 1521 4273 τὸν
1550 4223 1752 4274 ἐκείνου

203 4303 367 4352 τόπον
393 4303 740 4372 ἀναπληρῶν,
771 4307 1150 4374 τιμηθήσεται.

290 4496 495 4565 Ἐρὼτ.
549 4498 646 4565 ξβ’.
710 4499 1122 4573 ’Δγροικὼτερος
1191 4508 1364 4573 ἱερεὺς
1430 4508 1522 4558 ὲάν
1575 4476 1832 4574 τρίτουῐ)

209 4587 386 4652 γάμου
450 4589 746 4655 ίερολογίαν
814 4593 1043 4661 ποιήσῃ,
1105 4595 1200 4663 τὴν
1267 4601 1618 4664 τριτογαμίαν
1677 4598 1753 4647 εί-

205 4675 329 4736 δέυς,
378 4675 684 4746 κολασθείη,
733 4677 764 4746 ἢ
812 4679 885 4740 ὼς
917 4682 1173 4750 χωρίτης,
1224 4682 1545 4752 συγγνώμης
1591 4685 1754 4750 ἀξιω-

207 4763 434 4830 θήσεται
466 4781 481 4828 ;

284 4874 495 4927 Ἀπόκ.
548 4873 604 4925 Ὀ
655 4875 750 4942 μὲν
805 4876 1004 4943 φάκτον
1050 4880 1348 4948 ἀγνοήσας,
1393 4875 1502 4942 οἷος
1547 4882 1611 4934 ἂν
1658 4883 1749 4934 καὶ

204 4964 375 5025 ἐστιν,
417 4962 658 5025 ἀξιοῦται
705 4966 842 5017 κατά
894 4965 1086 5034 νόμους
1130 4969 1481 5039 συγγνώμηςο
1517 4973 1544 5022 ὁ
1579 4971 1634 5023 δὲ
1664 4972 1753 5022 νό-

205 5069 308 5118 μον
364 5054 672 5120 ἀγνοήσας,
704 5055 764 5105 οὐ
796 5057 1236 5121 συγγινώσκεται.
1277 5060 1424 5111 Ἐπεὶ
1445 5060 1497 5112 δὲ
1539 5062 1751 5128 ἀπὸτῆς

202 5143 422 5210 Νεαρᾶς
447 5143 762 5209 νομοθεσίας
807 5145 897 5196 τοῦ
958 5147 1195 5216 ἀοιδίμου
1255 5149 1509 5218 βασιλέως
1563 5152 1746 5218 κυρίου

201 5231 616 5283 Κωνσταντίνου
648 5232 739 5283 τοῦ
793 5233 1299 5305 Πορφυρογεννήτου
1344 5238 1371 5288 ὁ
1418 5240 1596 5307 τρίτος
1645 5239 1744 5304 γά-

201 5335 301 5378 μος
331 5337 407 5385 πη
452 5318 549 5385 μὲν
575 5320 1122 5388 συγγνωπέοςέστὶ,
1172 5326 1247 5393 πῆ
1279 5325 1334 5378 δὲ
1374 5327 1747 5394 ἀσύγγνωστος

198 5411 267 5477 (οἱ
307 5411 418 5478 γάρ
455 5410 668 5477 ἔχοντες
695 5413 883 5475 παῖδας
908 5414 970 5466 ὲκ
998 5417 1207 5483 πρώτου
1263 5419 1292 5486 ἢ
1345 5421 1591 5488 δευτέρου
1637 5421 1746 5486 γά-

1852 1919 2077 1973 stentes,
2104 1917 2157 1961 et
2181 1909 2234 1960 in
2264 1908 2463 1962 sanctis
2492 1903 2770 1960 sacriﬁciis
2796 1911 2915 1970 post
2952 1897 3257 1968 praelectum
3291 1910 3380 1948 seu

1853 2001 2086 2068 priorem
2119 2013 2160 2061 ο,
2193 1996 2753 2052 commemorationem
2794 1991 2876 2046 sui
2903 1989 3036 2044 ﬁeri.
3071 1987 3263 2052 Quzero
3312 2001 3380 2037 an

1853 2097 1997 2142 recte
2020 2087 2086 2142 de
2110 2102 2175 2142 eo
2197 2085 2506 2141 contendat.

1921 2198 2071 2266 Resp.
2145 2197 2286 2251 Ordo
2353 2195 2590 2249 coelestia
2656 2202 2708 2247 et
2792 2191 3061 2246 terrestria
3124 2188 3382 2243 continet.

1853 2285 2083 2353 Ideoque
2133 2284 2388 2337 Dominus
2444 2290 2630 2335 noster
2683 2279 2841 2335 Jesus
2890 2279 3140 2333 Christus
3209 2275 3383 2328 inanis

1852 2375 2034 2443 gloriae
2062 2373 2346 2426 vanitatem
2401 2371 2712 2440 reprimens,
2747 2371 2876 2422 Cum
2907 2377 3128 2420 vocatus
3189 2363 3376 2430 fueris,

1855 2465 2050 2531 inquit,
2096 2464 2161 2515 ad
2199 2462 2413 2529 nuptias
2472 2462 2539 2513 ab
2568 2461 2770 2527 aliquo,
2835 2473 2901 2511 ne
2951 2456 3264 2509 discumbas
3320 2456 3382 2504 ad

1856 2552 2013 2620 primi
2054 2551 2332 2603 accubitus
2387 2557 2608 2616 tapetes,
2637 2546 2727 2599 sed
2781 2545 3032 2598 recumhe
3089 2545 3139 2595 in
3200 2541 3384 2592 ultimo

1858 2643 2007 2695 loco:
2062 2650 2115 2691 ut
2159 2639 2345 2691 audias
2383 2639 2449 2689 ab
2500 2652 2563 2690 eo
2593 2637 2683 2704 qui
2741 2643 2792 2688 te
2852 2633 3145 2687 invitavit:
3179 2630 3382 2681 Amice.

1856 2727 2082 2782 ascende
2112 2727 2381 2795 superius.
2423 2726 2487 2777 Et
2543 2726 2611 2778 ita
2675 2725 2777 2777 erit
2831 2725 2924 2778 tibi
2972 2723 3140 2790 gloria
3198 2720 3382 2770 multa.

1857 2818 2049 2871 Lector
2108 2818 2269 2884 igitur
2321 2816 2508 2869 volens
2565 2822 2688 2867 ante
2734 2812 3045 2866 sacerdotes
3093 2809 3300 2870 sedere,
3334 2819 3387 2861 et

1855 2916 1974 2974 post
2005 2906 2314 2974 praefettum
2349 2906 2367 2942 τ
2404 2903 2837 2964 commemorari,
2872 2900 3161 2953 Dominicis
3197 2899 3385 2951 adver—

1857 3003 2007 3047 satur
2031 2994 2332 3061 prmceptis.
2364 2991 2518 3056 Quod
2547 2991 2615 3055 si,
2665 2988 3116 3057 quemadmodum
3171 3000 3382 3043 narras.

1858 3084 2023 3136 lector
2053 3082 2106 3134 in
2161 3083 2374 3149 regione
2425 3081 2819 3148 peregrinatur,
2876 3077 3117 3146 praefecti
3153 3077 3328 3129 locum
3362 3078 3385 3111 "

1857 3172 2085 3238 implens
2111 3209 2124 3231 ,
2153 3170 2268 3224 sine
2299 3169 2556 3237 periculo,
2589 3168 2668 3220 vel
2694 3169 2871 3235 potius
2905 3167 3116 3229 merito,
3166 3174 3387 3218 conten-

1858 3263 1935 3315 dit
1963 3270 2085 3313 ante
2114 3259 2424 3313 sacerdotes
2448 3259 2634 3312 sedere
2662 3267 2715 3311 et
2744 3256 3183 3316 commemorari,
3225 3255 3384 3308 veluti

1856 3350 2032 3401 locum
2089 3349 2338 3403 obtinens
2396 3347 2533 3415 ejus,
2597 3348 2685 3416 qui
2735 3347 3008 3400 mandavit
3062 3347 3109 3400 ei
3169 3361 3385 3398 munus.

1856 3440 2018 3507 quue
2048 3438 2351 3492 ostenditur
2373 3452 2403 3490 e
2434 3451 2638 3491 canone
2674 3439 2902 3505 septimo
2927 3446 3128 3491 sancta:
3159 3446 3211 3490 et
3243 3450 3388 3488 oecu-

1857 3529 2080 3581 mcuicte
2115 3537 2276 3580 sextae
2306 3526 2517 3595 synodi,
2538 3535 2873 3593 congregatae
2904 3527 2957 3578 in
2993 3524 3178 3578 Trullo
3209 3527 3386 3592 magni

1857 3617 2060 3684 palatii,
2091 3616 2203 3668 haec
2254 3615 2306 3668 in
2337 3623 2487 3681 parte
2548 3614 2959 3682 perscquentis:
3000 3613 3055 3664 In
3111 3611 3387 3666 nonnulli.-

1859 3704 2115 3758 Ecclesiis
2169 3704 2421 3757 diacones
2484 3703 2656 3755 ollicia
2741 3701 3112 3755 ecclesiastica
3193 3701 3389 3753 habere

1857 3793 2175 3846 didicimus:
2200 3802 2250 3846 et
2280 3807 2342 3845 ex
2377 3793 2476 3846 hoc
2503 3792 2790 3845 nonnullos
2821 3805 3030 3854 eorum,
3083 3789 3388 3856 arrogantia

1857 3893 1908 3937 et
1941 3885 2152 3936 licentia
2183 3881 2367 3944 fretos,
2393 3891 2515 3936 ante
2552 3882 2894 3950 presbyteros
2934 3881 3160 3933 sedere:
3193 3878 3381 3933 statui—

1859 3987 1999 4034 mus,
2027 3981 2082 4023 ut
2116 3971 2394 4034 diaconus,
2427 3971 2637 4022 etiamsi
2698 3971 2751 4022 in
2777 3970 3056 4037 dignitate,
3089 3967 3143 4020 id
3190 3976 3295 4030 est,
3336 3967 3388 4017 in

1859 4061 2052 4126 quovis
2087 4061 2156 4112 sit
2196 4058 2368 4111 oﬂicio
2401 4058 2792 4116 ecclesiastica,
2854 4066 2973 4109 autc
3020 4057 3387 4124 presbyterum

1861 4161 1923 4197 ne
1958 4145 2171 4197 sedeat:
2213 4152 2590 4212 praeterquam,
2615 4145 2684 4197 sit
2716 4143 2913 4213 proprii
2939 4144 3276 4211 patriarchrc,
3309 4145 3387 4192 vel

1861 4235 2254 4301 metropolitani
2286 4238 2452 4286 vicem
2489 4249 2703 4301 gerens,
2751 4233 2889 4286 adsit
2921 4233 2973 4285 in
3022 4233 3124 4284 alia
3173 4232 3388 4284 civitate

1863 4339 2024 4389 Super
2052 4324 2232 4389 aliquo
2259 4323 2449 4388 capite.
2500 4321 2651 4374 Tunc
2715 4322 2880 4384 enim,
2915 4330 2974 4374 ut
3031 4321 3202 4374 locum
3245 4319 3386 4371 illius

1863 4412 2106 4478 implcns,
2139 4411 2508 4462 honorabitur.

1931 4520 2124 4573 lnterr.
2165 4521 2250 4573 ϐξ.
2283 4521 2558 4587 Agrestior
2585 4520 2838 4573 sacerdos
2859 4521 2903 4573 si
2939 4520 3082 4572 tertii
3111 4519 3388 4571 matrimo-

1860 4610 1937 4663 nii
1972 4624 2181 4663 sacram
2217 4608 2638 4661 benedimionem
2668 4609 2842 4661 sciens
2874 4608 3081 4671 fecerit,
3112 4607 3386 4675 punietur,

1859 4713 1948 4761 an,
1977 4706 2033 4749 ut
2070 4698 2325 4759 rusticus,
2363 4696 2566 4747 veniam
2592 4696 2918 4748 merebitur?

1922 4889 2074 4955 Resp.
2095 4887 2195 4954 Qui
2216 4888 2411 4942 factum
2436 4891 2638 4955 ignorat
2658 4889 3042 4957 qualiscunque
3062 4889 3152 4951 sit,
3181 4890 3386 4958 legibus

1856 4989 2146 5032 excusatur
2177 4996 2188 5030 :
2227 4979 2315 5046 qui
2347 4987 2520 5030 autem
2550 4980 2716 5045 legem
2753 4978 2981 5045 ignorat,
3019 4981 3226 5031 veniam
3280 4995 3383 5031 non

1858 5067 2231 5133 consequitur.
2273 5065 2536 5129 Quoniam
2563 5073 2739 5117 autem
2760 5067 2972 5120 Novella
2997 5067 3386 5119 constitutione

1859 5152 2043 5220 inclyti
2073 5152 2430 5219 imperatoris,
2459 5152 2656 5205 domini
2710 5152 3051 5207 Constantini
3085 5156 3386 5225 Porphyro-

1854 5251 2115 5308 gennetat,
2172 5245 2344 5295 tertiae
2375 5243 2571 5308 nuptis:
2607 5244 2795 5309 partim
2852 5247 3146 5296 suntveuia
3189 5247 3382 5315 digner,

1853 5332 2044 5398 partim
2088 5332 2308 5385 minime
2358 5341 2501 5399 (nam
2553 5337 2641 5398 qui
2698 5351 2757 5386 ex
2813 5338 3004 5402 primo,
3042 5337 3120 5387 vel
3151 5337 3385 5389 secunda»

1853 5422 2198 5475 matrimonio
2227 5423 2420 5475 habent
2450 5424 2666 5486 liberos,
2705 5437 2756 5477 et
2793 5428 2880 5490 qui
2915 5427 3382 5496 quadragesimum

1459 5580 1539 5633 VA
1553 5581 1688 5634 BHE
1724 5581 1883 5635 LEC'I
1901 5582 2118 5635 IONES.

270 5690 290 5716 τ
342 5679 572 5730 obnoxia
597 5681 824 5743 fuerunt.
900 5685 923 5723 ά
954 5686 1014 5736 ab
1067 5690 1266 5743 airl'm'r.

1351 5706 1369 5729 υ
1404 5705 1511 5756 ,τέλει
1545 5695 1798 5747 ηίιίιηιεηι.

1885 5695 1901 5731 ί
1941 5697 2194 5751 abbatem.
2275 5699 2520 5750 ‘abbatis
2575 5718 2702 5753 mc:
2748 5715 2942 5763 gerens.
