4110 6464
667 414 792 484 1011

1860 428 2136 491 THEOD.
2166 430 2640 497 BALSAMONlS

3744 442 3882 509 1012

672 545 851 599 anatis
883 558 1084 599 annum
1126 550 1498 608 excesserunt,
1538 544 1726 598 tertias
1768 546 2087 598 contrahere
2119 559 2225 601 non

2332 564 2458 613 μου,
2493 550 2584 601 καὶ
2610 553 2657 602 ot
2686 555 3115 621 τεσσαρακοστὸν
3140 557 3331 627 χρόνον
3349 557 3447 625 τῆς
3468 558 3679 628 ἡλικίας
3701 562 3880 617 αὐτῶν

674 635 922 705 possunt)
948 653 963 689 :
994 636 1224 690 dicimus
1254 637 1610 699 sacerdotem,
1630 636 1719 705 qui
1744 634 2051 703 huiusmodi
2087 635 2225 687 veti-

672 733 848 779 tarum
878 723 1189 793 nuptiarum
1221 724 1650 777 benedictionem
1685 724 1895 787 fecerit,
1949 722 2223 789 deponen-

670 817 797 870 dum
829 830 982 869 esse:
1019 815 1139 882 ejus
1186 817 1328 869 enim
1378 829 1561 868 crassa
1600 826 1680 867 est
1726 814 1859 881 legis
1899 814 2221 882 ignorantia.

672 905 879 959 Rustici
918 914 1099 959 autem
1132 906 1177 960 si
1209 904 1565 959 subtilitatem
1594 904 1725 971 legis
1756 903 2023 972 ignorent,
2053 905 2225 956 inter-

668 993 794 1046 dum
835 1000 1202 1055 excusantur,
1252 1005 1359 1044 non
1416 1001 1614 1053 tamen,
1646 990 1689 1043 si
1732 988 1982 1042 omnibus
2008 988 2226 1041 manife-

669 1091 749 1134 sta
775 1082 921 1149 jura.

742 1178 931 1231 Interr.
965 1176 1052 1231 65.
1076 1175 1267 1228 Mulier
1290 1174 1532 1243 quadam
1572 1188 1601 1225 a
1631 1174 1847 1242 proprio
1874 1180 2023 1238 patre
2038 1181 2222 1225 coacta

675 1274 912 1341 legitime
951 1268 1206 1334 conjungi
1243 1265 1377 1325 viro,
1411 1274 1465 1317 et
1497 1264 1684 1315 videns
1714 1263 2055 1326 obligatoriis
2084 1263 2223 1315 scri-

669 1370 777 1431 ptis
804 1362 1179 1429 conjugiunra
1231 1366 1381 1425 patre
1415 1356 1705 1417 munitum,
1736 1354 2013 1416 indicavit,
2077 1354 2220 1421 quod

670 1463 817 1506 recte
870 1451 1070 1504 factum
1132 1458 1267 1512 erat,
1304 1444 1513 1500 cuidam
1560 1446 1822 1499 amatorie
1859 1458 1985 1512 erga
2047 1444 2219 1512 ipsam

670 1543 885 1599 affecto.
913 1541 1009 1595 llic
1036 1549 1238 1602 autem,
1272 1549 1329 1591 ut
1364 1537 1569 1607 perdite
1606 1550 1814 1598 amans,
1843 1535 1976 1588 nihil
2008 1544 2227 1587 cuncta-

668 1643 779 1692 tus,
824 1646 945 1685 cum
1005 1628 1279 1683 nonnullis
1316 1628 1390 1679 rei
1454 1626 1657 1694 ignaris
1692 1624 2051 1677 familiaribus
2100 1624 2215 1677 suis

668 1733 824 1776 nocte
839 1718 1067 1788 quadam
1093 1718 1146 1770 in
1176 1716 1420 1769 mulieris
1471 1713 1803 1769 domicilium
1834 1712 2047 1779 irrupit,
2075 1714 2222 1765 eam-

668 1827 773 1881 que
822 1812 1086 1864 volentem
1148 1806 1349 1875 rapuit,
1419 1804 1747 1871 abduxitque
1792 1802 2009 1855 domum
2041 1817 2214 1861 suam,

668 1905 809 1956 intra
856 1900 988 1953 fines
1035 1898 1172 1950 alius
1228 1895 1481 1949 territorii
1541 1893 1729 1947 sitam.
1764 1893 1979 1956 Quaero,
2029 1906 2094 1943 an
2127 1894 2217 1959 qui

666 1993 827 2044 talem
853 1998 1065 2057 raptum
1096 1987 1423 2046 molitisunt.
1456 1984 1668 2054 possint
1695 1998 1789 2052 per
1817 1998 2025 2036 sacram
2055 1984 2218 2035 bene-

667 2082 956 2136 dictionem
982 2079 1241 2132 canonice
1269 2078 1519 2146 conjungi
1556 2093 1570 2127 :
1596 2076 1847 2139 maxime,
1876 2088 1998 2130 cum
2031 2076 2220 2144 puellae

666 2183 917 2243 parentes
942 2169 1069 2223 illud
1090 2168 1251 2223 modo
1284 2169 1394 2222 fieri
1434 2168 1614 2221 velint.

736 2423 892 2491 Resp.
917 2422 1158 2479 Tertium
1183 2432 1341 2492 caput
1361 2423 1428 2476 58
1458 2424 1539 2476 tit.
1570 2424 1663 2477 lib.
1691 2422 1760 2478 60
1790 2424 2077 2489 Basilicon,
2108 2428 2218 2479 haec

668 2517 743 2567 ait
784 2514 1125 2569 nominatim.
1187 2513 1261 2569 Ne
1300 2516 1465 2568 nubat
1502 2522 1653 2581 rapta
1693 2516 1919 2581 raptori.
1948 2514 2049 2568 Sed
2084 2510 2141 2569 et
2175 2518 2218 2569 si

667 2609 759 2660 tali
779 2607 1034 2675 conjugio
1064 2615 1315 2673 parentes
1360 2607 1476 2673 ejus
1504 2608 1865 2669 consentiant,
1890 2608 2083 2661 exsilio
2113 2611 2219 2661 cir-

667 2697 1128 2751 cumscribuntur.
1160 2694 1221 2747 Et
1249 2696 1316 2747 97
1342 2709 1514 2747 canon
1546 2705 1746 2749 sanctae
1792 2705 1844 2749 ct
1876 2699 2222 2753 mcumenicae

667 2794 875 2853 quarta:
900 2783 1088 2854 synodi
1126 2784 1237 2837 hate
1266 2784 1473 2853 inquit:
1507 2783 1637 2846 Eos,
1671 2786 1761 2851 qui
1798 2787 2013 2839 nomine
2036 2788 2223 2855 conju-

666 2878 739 2947 gii
792 2878 1045 2931 mulieres
1092 2877 1327 2943 rapiunt,
1365 2875 1447 2927 vel
1470 2888 1623 2943 opem
1663 2874 1840 2927 ferunt
1885 2890 1947 2928 ac
1995 2891 2223 2929 consen-

666 2969 810 3020 tiunt
841 2968 924 3025 iis,
958 2967 1047 3035 qui
1084 2966 1331 3033 rapiunt;
1372 2966 1561 3019 statuit
1585 2953 1844 3034 synodus,
1879 2967 1922 3018 si
1955 2965 2065 3019 sint
2096 2966 2222 3034 qui.

667 3058 785 3109 dem
822 3058 1005 3110 clerici
1088 3058 1311 3124 pr0prio
1354 3055 1523 3123 gradu
1551 3055 1802 3109 excidere
1841 3072 1852 3107 :
1906 3057 1988 3109 sin
2043 3066 2219 3109 autem

668 3148 817 3210 laici,
850 3146 1328 3201 anathematizari.
1366 3146 1728 3211 Quamobrem
1756 3156 1925 3199 et-nos
1955 3148 2065 3201 hac
2093 3148 2221 3215 legi-
2247 3178 2291 3234 ο

668 3242 799 3294 time
828 3242 1196 3308 canoniceque
1244 3242 1536 3293 constituta
1573 3251 1881 3308 sequentes,
1940 3239 2169 3293 dicimus
2205 3259 2216 3293 :

670 3334 718 3387 si
750 3348 871 3397 res,
927 3341 986 3387 ut
1043 3331 1469 3399 interrogatione
1527 3340 1617 3384 tua
1677 3330 2124 3399 preposuisti,ita
2160 3345 2218 3384 se

669 3423 864 3488 habet;
922 3437 1097 3490 neque
1124 3421 1339 3489 nuptias
1376 3419 1589 3473 futuras
1626 3420 1764 3473 inter
1818 3426 2023 3483 raptam
2052 3425 2105 3471 et
2133 3434 2220 3470 ra-

670 3521 903 3581 ptorem,
956 3521 1009 3564 et
1068 3512 1113 3564 si
1165 3520 1318 3579 pater
1358 3510 1505 3562 illius
1558 3524 1666 3561 rem
1708 3511 2009 3577 approbet:
2044 3524 2218 3578 neque

670 3612 860 3671 raptus
888 3617 1074 3669 pennas
1114 3600 1452 3671 en‘ugituros,
1476 3599 1568 3669 qui
1598 3598 1715 3666 ejus
1748 3601 1948 3655 fuerint
1990 3602 2218 3667 conscii,

671 3693 764 3746 sed
792 3694 952 3745 etiam
988 3692 1177 3745 ultimo
1202 3692 1419 3762 affecto;
1448 3692 1513 3744 iri
1544 3691 1832 3757 supplicio.

2332 636 2789 703 ύπερανάὸάντες,
2834 642 3015 709 τρίτον
3061 645 3432 697 συναλλάττειν
3449 648 3511 698 οὺ
3560 648 3834 715 δύνανται)
3861 668 3874 679 ·

2328 727 2508 791 φαμὲν
2540 728 2621 779 ὃτι
2653 731 2680 779 ὁ
2704 729 2942 782 τοιούτου
2974 732 3350 801 κεκωλυμένου
3375 736 3558 802 τρίτου
3589 739 3765 803 γάμου
3798 740 3873 789 ἰε-

2328 815 2573 885 ρολογίαν
2597 818 2906 887 πεποιηκὼς
2932 821 3125 892 ἱερεὺς,
3153 807 3501 892 καθαιρετίος
3554 824 3700 877 ἐστίν
3724 841 3739 855 ’
3768 843 3873 876 πα-

2325 906 2528 973 χύτητα
2566 906 2673 975 γὰρ
2699 910 2859 976 νόμου
2884 910 3165 979 ἠγνόησεν.
3192 913 3254 964 Ol
3283 914 3338 965 δὲ
3387 915 3640 981 χωρῖται,
3679 914 3873 966 λεπτός

2323 1010 2459 1061 τητα
2485 996 2647 1062 νόμου
2677 998 3021 1066 ἠγνοηκότες,
3085 1000 3254 1053 ἐνίοτε
3288 1004 3771 1069 συγγινώσκονται,
3810 1000 3872 1052 οὐ

2327 1082 2432 1149 μὴν
2463 1083 2529 1134 τὰ
2562 1087 2691 1136 πᾶσι
2721 1084 2855 1154 δῆλα
2884 1087 3107 1155 νόμιμα.

2406 1172 2599 1238 Ἐρώτ.
2650 1175 2745 1242 εγ.
2803 1177 2939 1245 Γυνή
2962 1192 3043 1238 τις
3088 1179 3504 1248 ἀναγκαζομένη
3583 1180 3731 1247 παρὰ
3776 1179 3870 1231 τοῦ

2323 1264 2520 1316 οίκείου
2578 1267 2782 1334 πατρὸς
2846 1268 3089 1337 νομίμως
3136 1270 3493 1338 συζευχθῆναι
3550 1272 3721 1340 ἀνδρὶ,
3778 1271 3871 1323 καὶ

2324 1358 2596 1425 βλέπουσα
2633 1358 2700 1410 δι’
2730 1358 3022 1427 ιγγράφων
3079 1360 3427 1429 δεσμωτικῶν
3473 1364 3571 1431 τήν
3610 1362 3871 1429 συζυγίαν

2324 1448 2425 1500 ὑπὸ
2450 1447 2542 1500 τοῦ
2583 1448 2784 1516 πατρὸς
2817 1449 3269 1517 ἀσφαλιζομένην,
3319 1452 3540 1519 μήνυμα
3562 1453 3709 1504 ἔθετο
3734 1453 3871 1519 πρός

2320 1557 2440 1591 τινα
2465 1539 2804 1607 διακείμενον
2832 1540 3106 1609 ἐρωτικῶς
3137 1540 3269 1609 πρὸς
3316 1542 3484 1609 αὐτὴν
3512 1544 3604 1594 τοῦ
3650 1544 3871 1611 γινομέ-

2322 1641 2411 1675 νου
2440 1625 2619 1676 καλοῦ.
2662 1624 2718 1676 '0
2750 1624 2827 1683 δὲ.
2869 1625 3034 1695 μηδὲν
3072 1627 3360 1696 μελλήσας,
3390 1628 3465 1691 ὡς
3490 1630 3869 1698 ἑρωτομανῶν,

2325 1714 2461 1781 μετά
2516 1731 2675 1766 τινων
2717 1716 3049 1768 ἀπαιδεύτων
3109 1718 3350 1786 συνήθων
3397 1720 3545 1789 αύτῷ
3574 1724 3629 1773 ὲν
3658 1722 3873 1792 ἑσπέρᾳ

2325 1806 2420 1873 μιᾷ
2456 1804 2551 1873 τὴν
2583 1805 2681 1873 τῆς
2719 1805 2969 1872 γυναικὸς
2992 1808 3268 1859 κατοικίαν
3290 1809 3550 1863 κατέλαϐε
3574 1826 3590 1844 ⁸
3625 1813 3717 1866 καὶ
3740 1815 3872 1865 ταύ-

2323 1895 2417 1963 τὴν
2446 1895 2661 1964 ἥρπασε
2692 1895 2972 1958 θέλουσαν,
3018 1898 3111 1949 καὶ
3156 1897 3439 1966 ἀπήγαγεν
3469 1901 3547 1961 είς
3572 1900 3671 1969 τὴν
3692 1920 3875 1955 κατοι-

2321 1980 2443 2029 κίαν
2478 1977 2662 2042 αὑτοῦ,
2696 1978 3046 2047 διακειμένην
3104 1982 3182 2041 είς
3222 1981 3406 2050 ἑτέρου
3460 1984 3656 2050 χωρίου
3713 2002 3875 2052 πεμ-

2323 2070 2476 2137 οχήν.
2520 2070 2737 2139 Ἐρωτῶ
2768 2065 2859 2121 οὖν
2889 2070 3075 2138 μαθεῖν
3106 2071 3153 2122 εί
3191 2071 3438 2125 δύνανται
3469 2073 3553 2124 διὰ
3574 2074 3877 2142 ἱερολογίας

2320 2161 2613 2221 κανονικῶς
2634 2161 2965 2230 συναφθῆναι
2992 2163 3040 2214 οί
3056 2162 3194 2215 οὕτω
3219 2164 3315 2232 τήν
3343 2164 3596 2233 τοιαύτην
3616 2167 3874 2234 ἁρπαγὴν

2322 2250 2768 2313 συσκευάσαντες.
2805 2252 2913 2304 Καὶ
2937 2254 2984 2304 οί
3023 2256 3197 2320 γονεῖς
3234 2254 3340 2323 γάρ
3367 2255 3463 2324 τῆς
3491 2256 3745 2321 γυναικὸς
3782 2258 3878 2309 θέ-

2320 2342 2497 2393 λουσιν
2524 2342 2721 2410 ἀρτίως
2756 2339 2911 2394 τοῦτο
2949 2343 3218 2409 γενέσθαι.

2402 2435 2604 2488 ’Δπόκ.
2638 2435 2710 2486 Τὸ
2742 2433 2790 2500 γ’
2822 2436 3110 2502 κεφάλαιον
3140 2435 3231 2487 τοῦ
3261 2445 3339 2505 νη⁰
3376 2436 3551 2489 τίτλου
3582 2437 3673 2488 τοῦ
3709 2438 3753 2501 ξ’
3790 2438 3875 2504 βι-

2322 2523 2464 2591 βλίου
2493 2524 2597 2577 τῶν
2621 2523 2921 2577 Βασιλικῶν
2939 2524 3109 2579 ταῦτά
3140 2544 3270 2593 φησι
3311 2527 3512 2595 ῥητῶς*
3541 2528 3629 2595 Μὴ
3681 2530 3876 2593 γαμεί-

2322 2612 2431 2663 σθω
2462 2614 2493 2683 ή
2522 2612 2833 2681 ἁρπαγεῖσα
2877 2613 2954 2681 τῷ
3010 2615 3313 2681 ἁρπάσαντι
3351 2615 3520 2684 αὐτήν
3546 2630 3560 2647 ο
3611 2616 3747 2667 ἀλλὰ
3780 2616 3876 2667 καὶ

2321 2704 2367 2752 εί
2401 2702 2769 2755 συναινέσουσι
2817 2703 2895 2772 τῷ
2938 2704 3163 2773 τοιούτῳ
3224 2706 3542 2773 συνοικεσίῳ
3576 2708 3624 2757 oi
3693 2708 3876 2770 γονεῖς

2321 2793 2489 2861 αὐτῆς
2512 2833 2526 2858 ,
2577 2793 2994 2863 περιορίζονται.
3060 2795 3165 2846 Καὶ
3194 2797 3221 2846 ὁ
3249 2795 3328 2857 κζ’
3358 2795 3537 2847 κανὼν
3568 2794 3667 2861 τῆς
3712 2796 3875 2857 ἁγίας

2322 2885 2413 2934 καὶ
2436 2882 2815 2951 οἰκουμενικῆς
2844 2881 2884 2933 δ’
2912 2883 3125 2935 συνόδου
3154 2883 3325 2936 ταῦτα
3374 2898 3508 2951 φησι
3533 2898 3546 2910 ·
3582 2883 3718 2941 Τοὺς
3771 2885 3875 2952 ἁρ-

2322 2972 2590 3035 πάζοντας
2655 2976 2915 3039 γυναῖκας
3002 2974 3089 3025 ιπ’
3157 2973 3379 3042 ὀνόματι
3443 2974 3872 3043 συνοικεσίου,ῆ

2324 3063 2784 3131 συμπράττοντας,
2817 3064 2847 3130 ἢ
2885 3064 3304 3132 συναιρομένους
3351 3064 3461 3124 τοῖς
3515 3064 3875 3132 ἁρπάζουσιν,

2324 3154 2514 3220 ὥρισεν
2548 3155 2578 3221 ή
2616 3154 2744 3218 ἁγία
2768 3152 3003 3215 σύνοδος,
3033 3155 3080 3204 εί
3105 3153 3202 3221 μιν
3256 3153 3505 3222 κληρικοὶ
3536 3151 3663 3215 εῐεν,
3712 3152 3873 3205 ἐκπί-

2326 3260 2482 3293 πτειν
2506 3243 2598 3294 τοῦ
2660 3242 2866 3309 βαθμοῦ
2888 3258 2901 3272 ·
2954 3245 3001 3294 εί
3052 3244 3106 3294 δὲ
3139 3242 3332 3305 λαῖκοὶ,
3362 3240 3875 3309 ἁναθεματίζεσθαι.

2327 3332 2415 3383 Διὸ
2440 3333 2534 3383 καὶ
2561 3335 2718 3401 ἡμεῖς
2750 3335 2861 3394 τοῖς
2884 3332 3024 3383 οὕτω
3050 3332 3486 3399 διατεταγμένοις
3535 3333 3777 3398 νομίμως
3816 3348 3875 3383 τε

2326 3422 2418 3472 καὶ
2470 3421 2765 3481 κανονικῶς
2837 3420 3317 3487 ἀκολουθήσαντες,
3372 3421 3601 3486 λέγομεν
3665 3420 3740 3478 ὠς
3828 3423 3877 3471 εί

2326 3509 2491 3571 οὕτως
2530 3511 2709 3578 ἔχουσι
2744 3508 2811 3561 τὰ
2847 3510 2939 3562 τοῦ
2968 3510 3283 3579 πράγματος
3314 3509 3489 3572 καθὼς
3523 3512 3552 3577 ή
3608 3509 3877 3577 ἐρώτησις

2326 3601 2701 3669 περιέστησεν,
2738 3599 2856 3651 οὔτε
2887 3600 3062 3667 γάμος
3090 3601 3373 3668 γενήσεται
3403 3598 3600 3668 μεταξὺ
3627 3600 3722 3665 τῆς
3778 3600 3877 3668 ἁρ-

2329 3689 2591 3757 παγείσης
2624 3691 2716 3741 καὶ
2748 3689 2841 3739 τοῦ
2876 3689 3238 3759 ἁρπάσαντος,
3272 3690 3373 3741 κᾶν
3401 3690 3428 3739 ὁ
3458 3690 3637 3756 πατὴρ
3674 3688 3879 3754 ταύτης

668 3782 979 3849 ἀσπάζηται
1006 3782 1065 3833 τὸ
1090 3782 1386 3850 γινόμενον,
1414 3779 1537 3832 οὔτε
1584 3780 1650 3831 τὰ
1681 3780 1777 3848 τῆς
1825 3781 2077 3851 ἁρπαγῆς
2104 3779 2349 3850 ὶπιτίμια
2388 3781 2759 3848 διαδράσουσιν
2788 3782 2836 3832 oi
2902 3779 3104 3848 ταύτης
3173 3781 3504 3847 συνίστορες,
3571 3778 3707 3829 ἀλλὰ
3790 3783 3882 3830 καὶ

670 3876 910 3945 ἐσχάτως
940 3875 1434 3943 τιμωρηθήσονται.

744 3965 936 4020 lnterr.
962 3966 1049 4019 64.
1076 3964 1266 4017 Mulier
1296 3965 1538 4031 quadam
1561 3963 1709 4032 gravi
1734 3964 1921 4015 morbo
1946 3964 2219 4025 laborans,

2410 3959 2607 4024 Ἔρώτ.
2672 3957 2762 4020 ξς¹.
2824 3958 2961 4025 Γυνή
3022 3975 3102 4020 τις
3171 3958 3446 4027 ἀρρωστίᾳ
3508 3956 3883 4025 περιπεσοῦσα

672 4066 835 4112 nocte
888 4056 1015 4108 mali
1070 4054 1413 4107 amictionem
1461 4054 1595 4116 ulta,
1631 4055 1863 4119 seipsam
1906 4052 1959 4103 in
1998 4061 2222 4104 mortem

2326 4048 2489 4113 δεινῇ,
2528 4047 2584 4095 ἔν
2639 4044 2755 4112 ὥρα
2806 4048 3111 4113 νυκτερινῇ,
3166 4045 3258 4096 τοῦ
3317 4048 3618 4113 νοσήματος
3674 4049 3884 4113 ἀμυνο-

677 4144 928 4212 projecit,
967 4154 1018 4195 et
1048 4142 1239 4195 mortis
1269 4142 1447 4194 hausit
1495 4141 1769 4208 poculum.
1810 4138 1905 4191 Vir
1929 4138 2069 4207 ejus,
2099 4153 2222 4194 cum

2329 4133 2461 4201 μίνη
2488 4133 2650 4199 δῆθεν
2695 4133 2792 4200 τὴν
2824 4132 3084 4196 κάκωσιν,
3133 4133 3330 4200 ἑαυτὴν
3392 4135 3469 4193 είς
3514 4134 3743 4186 θάνατον
3794 4136 3884 4205 ἔρ-

676 4233 845 4285 lector
902 4239 1028 4283 tunc
1075 4241 1267 4295 esset,
1327 4230 1591 4297 hodieque
1636 4228 1734 4291 sit,
1793 4229 2003 4295 quaerit,
2052 4242 2119 4281 an
2157 4229 2225 4282 ob

2329 4224 2471 4293 ριψε,
2512 4222 2696 4274 καὶτὸ
2735 4222 2828 4273 τοῦ
2878 4222 3106 4274 θανάτου
3154 4224 3409 4292 ποτήριον
3436 4223 3605 4275 ἔπιεν.
3676 4224 3886 4293 Ἐρωτᾷ

676 4337 794 4377 eam
842 4336 953 4375 rem
1005 4320 1400 4375 saderdotalem
1442 4319 1760 4389 dignitatem
1810 4320 2067 4389 consequi
2112 4335 2220 4373 non

678 4411 866 4479 possit.

754 4581 904 4648 Resp.
929 4581 1007 4642 Si,
1036 4579 1491 4649 quemadmodum
1513 4594 1726 4643 narras,
1751 4584 1823 4633 ita
1846 4595 1904 4633 se
1932 4566 2019 4633 res
2046 4580 2225 4644 habet,
2260 4560 2302 4613 Ῑ)

682 4668 852 4721 lector
871 4668 988 4721 sine
1024 4668 1409 4735 impedimento
1438 4669 1763 4720 sacrahitur.
1822 4666 1889 4721 Ut
1938 4670 2077 4721 enim
2105 4668 2227 4720 dili-

2328 4312 2472 4365 οὒνὸ
2517 4313 2715 4380 ταύτης
2752 4312 2909 4380 ἀνὴρ,
2948 4313 3294 4380 ἀναγνώστης
3353 4313 3426 4365 ὢν
3474 4315 3565 4364 καὶ
3620 4315 3736 4365 τότε
3793 4319 3885 4365 καὶ

2334 4405 2593 4473 σήμερον,
2650 4404 2697 4454 εί
2740 4402 2987 4455 ἐντεῦθεν
3051 4403 3313 4455 κωλύεται
3368 4407 3550 4471 τυχεῖν
3612 4405 3884 4473 ἱερατικοῦ

2332 4492 2655 4559 ἀξιώματος.

2414 4582 2616 4634 Ἀπόκ.
2679 4581 2736 4631 Et
2780 4580 2919 4632 κατὰ
2964 4579 3061 4648 τὴν
3092 4580 3338 4646 διήγησίν
3371 4597 3461 4632 σου
3492 4583 3786 4633 συνέπεσον
3822 4588 3888 4637 τὶ

2331 4671 2423 4721 τοῦ
2492 4670 2830 4739 πράγματος,
2888 4670 3369 4738 ἀπαρεμποδίστως
3425 4672 3451 4722 ό
3529 4674 3885 4737 ἀναγνώστης

684 4770 891 4831 gentem
927 4762 1145 4830 pigritia
1182 4775 1284 4813 non
1306 4760 1451 4814 hrdit
1482 4760 1901 4829 negligentis,ex
1924 4762 2225 4813 divinorum

2332 4759 2701 4827 ἱερωθήσεται.
2766 4759 2849 4819 Ὠς
2891 4758 2996 4827 γὰρ
3043 4760 3101 4809 οὐ
3177 4759 3398 4820 βλάπτει
3450 4762 3538 4811 τὶν
3595 4764 3885 4813 stos-33in

684 4866 949 4904 canonum
1006 4853 1271 4903 sententia
1304 4868 1315 4902 :
1344 4850 1420 4903 sic
1480 4850 1666 4903 lectori
1721 4850 2089 4919 praejudicium
2126 4866 2225 4903 non

2335 4851 2368 4917 ἡ
2403 4848 2641 4917 ῥᾳθυμία
2686 4847 2779 4898 τοῦ
2836 4849 3087 4913 ἁμελοῢς,
3136 4849 3275 4899 κατὰ
3304 4850 3400 4916 τὴν
3428 4850 3533 4899 τῶν
3587 4851 3744 4901 θείων
3805 4854 3891 4902 ιὸ.

689 4939 850 4995 faciet
885 4944 1074 4994 uxoris
1138 4942 1257 5007 ejus
1314 4951 1613 5008 peccatum.
1651 4938 2032 5008 Unusquisque
2090 4942 2231 4992 enim

689 5031 921 5099 propriis
1008 5032 1220 5084 catenis
1312 5032 1411 5098 (ut
1494 5032 1648 5100 vulgo
1729 5029 1936 5099 fertur)
2021 5046 2233 5083 coerce-

690 5130 777 5173 tur
822 5121 873 5173 ιι.

861 5288 1175 5346 OFFlClUM
1212 5292 1299 5345 ET
1342 5292 1681 5347 DEFINITIO
1719 5293 2047 5349 EPISCOl’l.

694 5378 776 5432 Ea:
828 5380 963 5433 libro
1000 5379 1062 5431 de
1112 5380 1255 5448 jure,
1288 5384 1374 5448 qui
1427 5393 1500 5433 est
1556 5383 1761 5443 Basilii,
1814 5384 2146 5438 Constantini
2188 5398 2233 5438 et

1175 5452 1307 5509 onis,
1347 5452 1497 5503 titulo
1545 5468 1593 5506 ν.
1636 5467 1751 5517 cap.
1785 5468 1822 5504 l.

764 5590 1062 5663 Episcopus
1116 5606 1199 5650 est
1231 5600 1499 5667 inspector
1533 5612 1583 5654 et
1620 5613 1837 5654 ctu-ator
1894 5605 2132 5657 omnium
2170 5604 2234 5656 ad

2345 4954 2457 5003 μων
2488 4935 2795 5003 περίληψιν,
2832 4936 2952 4986 οὐδὲ
2987 4937 3075 4986 τὸν
3115 4937 3464 5003 ἀναγνώστην
3526 4942 3861 5006 προκριματί

2341 5038 2422 5072 σει
2462 5024 2558 5088 τῆς
2594 5021 2846 5085 γυναικὸς
2875 5020 3037 5072 αὑτοῦ
3062 5022 3119 5072 τὸ
3148 5021 3436 5089 ὀλίσθημα.
3485 5023 3752 5085 Ἕκαστος
3786 5043 3896 5092 γαρ

2341 5114 2459 5171 ταῖς
2488 5111 2714 5170 οἰκείαις
2760 5112 2985 5178 σειραῖς,
3041 5112 3178 5163 κατά
3237 5112 3325 5162 τὸν
3367 5112 3607 5175 εἰπόντα,
3661 5117 3898 5179 συσφίγ-

2341 5217 2513 5265 γεται.

2399 5292 2483 5341 ΤΟ
2514 5290 2849 5344 ΚΑΘΗΚΟΝ
2882 5290 2999 5342 ΚΑΙ
3029 5291 3198 5343 ΟΡΟΣ
3242 5292 3376 5343 ΤΟΥ
3410 5292 3829 5345 ΕΠΙΣΚΟΠΟΥ.

2356 5380 2496 5431 Ἀπὸ
2550 5380 2652 5431 τοῦ
2733 5382 2983 5447 νομίμου
3044 5381 3285 5441 ,ϐιϐλίου
3346 5384 3691 5439 Βασιλεία).
3738 5387 3901 5435 Κων-

2412 5452 2732 5531 σταντίγου
2795 5450 2889 5499 καὶ
2957 5448 3231 5513 Λέοντος,
3274 5451 3389 5502 ἀπὸ
3448 5450 3556 5503 τοῦ
3590 5459 3633 5503 δ’
3668 5454 3898 5517 τίτλον,

2412 5532 2541 5582 κερ.
2582 5534 2617 5567 a
2638 5555 2651 5568 .

2426 5607 2743 5667 Ἐπίσκοπος
2813 5608 2955 5658 ἐστιν
3014 5609 3341 5676 ὲπιτηρητής
3409 5609 3499 5661 καὶ
3558 5608 3901 5678 ἐπιμελητὴς

1986 5692 2213 5747 νΑιιιΑι
2254 5692 2648 5747 LECTIOXI'LS.

769 5772 794 5815 ἦ
830 5780 1223 5843 constringitur.
