4110 6484
694 395 820 463 1015

1909 412 2007 473 ’ΠΙ
2023 413 2180 477 BOD.
2221 417 2305 474 ΒΑ
2321 413 2687 474 LSAMONIS

3729 407 3862 473 1916

699 520 966 571 tut-titione
998 519 1173 574 lltroni
1223 522 1806 595 Constantinopolilatti
1854 529 2012 589 facta,
2043 531 2213 583 Roma!

2321 531 2548 584 δέδωκεν
2579 533 2714 600 αὐτῇ
2743 532 2807 585 τά
2836 534 3092 603 πρεσϐεῖα
3115 538 3210 602 τῆς
3244 537 3468 601 παλαιᾶς
3501 540 3735 610 Ῥώμης,
3763 548 3852 597 δια

694 611 888 662 rcteris
936 609 1008 661 illi
1043 611 1328 665 honoraria
1365 613 1479 681 jura
1526 617 1734 681 tribuit,
1767 629 2043 688 propterea
2077 622 2218 689 quod

695 697 923 756 esset(ut
954 697 1124 765 ipsius
1149 700 1327 753 verbis
1379 703 1519 771 utar)
1544 703 1708 757 Roma
1739 721 1874 760 nova
1912 724 1925 760 :
1962 710 2220 777 quemad-

691 787 907 838 modum
967 785 1080 838 hac
1131 787 1368 842 secundo
1417 799 1469 841 et
1530 792 1687 845 tertio
1730 796 1916 861 synodi
1984 794 2219 861 ejusdem

689 889 898 928 canone
951 877 1317 930 declarantur.
1378 877 1444 931 Ut
1501 891 1676 934 autem
1721 885 1892 936 bonus
1943 887 2095 943 ordo.
2136 898 2220 937 res

689 965 930 1017 omnium
981 967 1364 1033 pulcherrima,
1445 971 1498 1021 in
1593 968 1950 1024 Ecclesiartnn
2008 987 2220 1042 quoque

687 1055 954 1121 capitibus
1000 1057 1240 1123 perinde,
1293 1066 1557 1122 servetur,
1614 1067 1770 1127 atque
1819 1061 2132 1114 cmlestibus
2165 1063 2219 1114 in

683 1145 962 1197 ordinibus
991 1187 1004 1209 ,
1055 1145 1232 1197 divina
1266 1153 1316 1198 et
1352 1148 1666 1203 universalis
1721 1158 1906 1202 sancta
1959 1151 2216 1219 synodus,

691 1233 740 1284 itt
800 1230 985 1283 Trullo
1025 1233 1246 1300 majoris
1307 1235 1484 1300 palatii
1517 1247 1721 1300 coacta,
1762 1253 1878 1304 qua:
1929 1241 2116 1306 quinta
2167 1246 2222 1293 et

682 1335 830 1378 sexta
865 1325 1087 1381 dicitur.
1125 1325 1239 1379 hac
1271 1327 1484 1380 disertis
1515 1328 1694 1381 verbis
1751 1328 2007 1381 decrevit.

751 1414 1063 1468 Renovantcs
1087 1432 1168 1478 ea,
1201 1432 1316 1484 qua:
1341 1432 1372 1468 a
1395 1426 1596 1469 centum
1620 1419 1995 1485 quinquaginta
2025 1420 2218 1472 sanctis

685 1503 950 1564 l’atribus,
978 1505 1030 1555 in
1057 1506 1316 1557 custodita
1348 1507 1596 1558 divinitus
1633 1517 1678 1558 et
1728 1508 2063 1574 imperatoria
2096 1510 2219 1561 urbs

678 1593 982 1660 congressis,
1029 1604 1076 1646 et
1129 1609 1158 1644 a
1198 1596 1448 1646 sexcentis
1502 1609 1562 1646 ac
1599 1595 1833 1663 triginta,
1870 1597 1959 1664 qui
2005 1596 2216 1650 Chalce-

677 1690 808 1735 done
855 1694 1219 1739 convenerunt.
1274 1685 1476 1736 sancito
1528 1694 1646 1735 sunt
1707 1702 1722 1735 :
1767 1686 2104 1748 decernimus,
2162 1698 2215 1738 ut

676 1774 888 1827 thronus
984 1773 1459 1840 Constantinopolis
1553 1774 1833 1840 a'qttalibus
1922 1778 2214 1828 honorariis

673 1873 882 1929 [matur
921 1863 1125 1929 furibus
1160 1863 1344 1929 quibus
1374 1864 1553 1915 ceteris
1578 1862 1754 1916 Roma:
1783 1864 2032 1920 thronus:
2063 1876 2217 1933 utque

671 1965 848 2016 puram
878 1965 992 2001 cum
1033 1949 1122 2000 illo
1147 1949 1506 2001 ecclesiasticis
1545 1952 1595 2001 in
1639 1952 1786 2003 rebus
1821 1952 2212 2018 amplitudinem

673 2038 918 2095 obtineat.
951 2047 994 2089 et
1027 2037 1089 2088 ab
1118 2035 1205 2087 illo
1239 2036 1495 2088 secundus
1521 2037 1587 2088 sit
1620 2053 1636 2088 :
1663 2047 1774 2102 post
1811 2055 1985 2105 quant,
2016 2056 2216 2108 magne

672 2129 812 2178 nrbis
866 2126 1238 2179 Alexandrina:
1319 2126 1531 2178 thronus
1596 2137 1892 2179 numeretur
1943 2144 1960 2178 :
2007 2129 2210 2191 deinde.

673 2215 1022 2269 Antiochenus
1069 2231 1085 2266 :
1130 2225 1176 2268 et
1249 2225 1360 2282 post
1427 2216 1579 2279 hunc,
1649 2215 1788 2268 urbis
1842 2215 2214 2288 Hierosolymi-

671 2316 808 2360 tante
865 2305 1098 2357 thronus.
1136 2303 1419 2372 Propterea
1451 2305 1745 2358 secundum
1798 2305 1871 2371 id,
1917 2307 2060 2375 quod
2115 2309 2213 2363 hoc

671 2413 876 2451 cano-ie
931 2398 1259 2456 continetur,
1311 2411 1375 2448 ex
1424 2410 1487 2450 eo
1545 2405 1787 2465 tempore
1851 2399 1954 2452 ltuc
2020 2415 2212 2468 usque.

671 2486 1137 2538 sanctis-simorum
1168 2483 1395 2536 istorum
1429 2484 1670 2550 quinque
1701 2485 1957 2540 soliorum
1991 2503 2214 2556 magnos

671 2572 952 2641 pontiﬁces
979 2585 1072 2639 per
1105 2570 1290 2625 orbem
1317 2569 1624 2623 universum
1663 2572 1762 2624 ltoc
1795 2575 1954 2626 modo
1993 2589 2214 2628 venera-

674 2679 815 2715 ntur.
853 2661 1056 2715 Etenim
1087 2663 1228 2728 iusta
1255 2674 1402 2729 papa:
1433 2660 1630 2713 veteris
1656 2659 1834 2714 Romae
1865 2666 1930 2715 ab
1958 2662 2212 2718 Eeclesiis

672 2752 961 2815 abscissio,
998 2751 1237 2805 .ntinime
1287 2750 1527 2803 ordinem
1582 2753 1899 2805 canonicum
1959 2755 2210 2809 abolevit.

672 2844 933 2896 l‘rmterea
994 2841 1198 2909 primus
1262 2839 1518 2894 adversus
1574 2843 1868 2896 secundum
1929 2858 2049 2898 sese
2108 2859 2211 2898 non

670 2932 849 2994 elTert,
907 2943 1077 2998 neque
1130 2927 1404 2983 secundus
1473 2929 1732 2984 adversus
1783 2930 1998 2984 tertium
2066 2935 2212 2987 :sed

671 3037 794 3076 cum
841 3021 1014 3074 instar
1050 3019 1292 3088 quinque
1335 3031 1594 3072 sensuum
1655 3019 1848 3086 capitis
1897 3021 2059 3076 unius
2099 3023 2209 3091 (qui

2321 619 2381 669 τὸ
2409 616 2544 670 ιῐναι
2579 620 2778 688 ταύτην
2800 621 2974 690 (puni)
3005 623 3127 674 νέαν
3173 625 3404 692 Ῥώμην.
3435 625 3614 690 καθὼς
3659 629 3852 698 δηλοῦ-

2335 725 2424 760 ται
2453 712 2519 760 τὰ
2551 712 2676 779 περὶ
2727 715 2914 762 τούτου
2969 713 3074 763 άπδ
3117 714 3208 764 τοῦ
3260 714 3509 783 δευτέρου
3551 719 3644 768 καὶ
3674 721 3852 787 τρίτου

2322 797 2535 859 κανόνος
2568 801 2664 866 τῆς
2689 799 2854 868 αὐτῆς
2883 802 3116 853 συνόδου.
3149 802 3263 853 Ἵνα
3287 803 3339 854 δὲ
3356 803 3414 854 τδ
3429 803 3709 857 κάλλιστον
3723 809 3854 875 χρῆ-

2323 902 2394 952 μα
2429 887 2524 953 τῆς
2555 887 2804 950 εὐταξίας
2849 891 2942 941 καὶ
2987 891 3064 950 el;
3099 890 3193 952 τὰς
3241 889 3477 957 κεφαλὰς
3519 893 3854 964 φυλάττηται

2318 975 2425 1024 τῶν
2456 974 2804 1042 Ἐκκλησιῶν,
2820 975 3004 1044 ὥσπερ
3024 979 3114 1028 καὶ
3145 980 3222 1039 είς
3241 979 3306 1028 τά
3325 980 3548 1046 οὐράνια
3578 982 3852 1050 τάγματα,

2321 1061 2514 1130 ὥρισεν
2543 1064 2575 1131 ἡ
2603 1065 2658 1114 έν
2686 1064 2762 1133 τῷ
2785 1065 3036 1134 Τρούλλῳ
3062 1065 3154 1118 τοῦ
3191 1068 3422 1134 μεγάλου
3455 1069 3710 1122 τταλατίου
3757 1086 3853 1122 συ-

2322 1154 2493 1205 στᾶσα
2533 1154 2651 1206 θεία
2701 1155 2791 1206 καὶ
2827 1156 3170 1224 οίκουμενικὴ
3218 1157 3349 1222 άγία
3397 1157 3633 1223 σύνοδος,
3673 1161 3708 1228 ἡ
3762 1161 3857 1212 καὶ

2326 1241 2586 1310 πενθέκτη
2623 1244 2906 1312 λεγομένη,
2935 1245 3105 1298 ταῦτα
3126 1247 3320 1315 ῥητῶς.

2387 1422 2826 1487 Ἀνανεούμενοι
2867 1424 2934 1474 τὰ
2977 1425 3134 1488 παρὰ
3181 1423 3295 1475 τῶν
3323 1424 3414 1490 ρν⁹
3453 1427 3631 1492 ἁγίων
3671 1426 3857 1480 Πατέ-

2311 1525 2454 1574 ρων,
2485 1507 2602 1560 τῶν
2627 1510 2694 1560 ἐν
2737 1507 2808 1574 τῇ
2834 1509 3212 1576 θεοφυλάκτῳ
3237 1512 3334 1563 καί
3359 1512 3631 1573 βασιλίδι
3680 1514 3857 1567 πόλει

2317 1599 2744 1658 συνελθόντων,
2783 1597 2878 1648 καὶ
2913 1595 3029 1650 τῶν
3061 1598 3387 1660 ἑξακοσίων
3409 1600 3718 1665 τριάκοντα
3739 1600 3861 1654 τῶν

2315 1687 2383 1737 ἐν
2445 1683 2777 1750 Χαλκηδόνι
2850 1688 3263 1740 συνελθόντων
3311 1690 3820 1757 νενομοθετημένα
3840 1707 3854 1720 ·

2318 1770 2614 1838 ὁρίζομεν,
2653 1771 2804 1824 ὥστε
2849 1773 2954 1824 τὸν
3012 1773 3118 1840 τῆς
3167 1779 3856 1844 Κωνσταντινουπόλεως

2316 1864 2528 1926 θρόνον
2555 1860 2669 1913 τῶν
2709 1863 2856 1914 ισων
2891 1862 3216 1916 ἀπολαύειν
3243 1869 3566 1931 πρεσϐείων
3604 1869 3710 1922 τοῦ
3743 1869 3854 1934 τῆς

2314 1951 2714 2016 πρεσϐυτέρας
2751 1950 2970 2018 Ῥώμης
3004 1953 3237 2017 θρόνου,
3266 1954 3360 2005 καί
3386 1955 3454 2006 ἐν
3492 1954 3615 2018 τοῖς
3634 1956 3851 2022 exulu-

2313 2041 2642 2102 σιαστικοῖς
2670 2041 2746 2103 ὡς
2776 2039 3007 2092 ἐκεῖνον
3027 2043 3472 2108 μεγαλύνεσθαι
3519 2043 3844 2109 πράγμασι.

2313 2127 2589 2195 δεύτερον
2619 2130 2742 2196 μετ’
2766 2129 2997 2182 ἐκεῖνον
3029 2130 3403 2196 ὑπάρχονταο
3439 2131 3567 2198 μεθ’
3603 2131 3673 2184 ὃν
3695 2135 3727 2184 ό
3747 2129 3851 2197 τῆς

2326 2213 2759 2283 Ἀλεξανδρείας
2771 2218 3222 2284 μεγαλοπόλεως
3248 2217 3596 2283 ἀριθμείσθω
3621 2218 3851 2283 Operae"

2313 2303 2437 2358 εἶτα
2452 2309 2484 2359 ό
2508 2305 2615 2372 τῆς
2643 2306 2759 2358 τῶν
2778 2307 3146 2372 Ἀντιοχέων·
3169 2306 3262 2359 καί
3281 2307 3428 2374 μετὰ
3453 2308 3683 2368 τοῦτον,
3701 2312 3732 2360 ό
3747 2309 3853 2373 τῆς

2311 2392 2431 2445 τῶν
2487 2392 2974 2462 Ἱεροσολυμιτῶν
3027 2397 3273 2458 πόλεως.
3308 2397 3397 2447 Διὸ
3425 2397 3513 2447 καὶ
3572 2397 3709 2447 κατὰ
3757 2398 3855 2464 τὴν

2311 2483 2502 2535 τούτου
2527 2483 2840 2553 περίληψιν,
2875 2485 3056 2536 ἔκτοτε
3083 2487 3174 2538 καὶ
3216 2487 3372 2554 μέχρι
3403 2485 3494 2536 τοῦ
3530 2485 3624 2536 νῦν
3659 2490 3708 2537 ol
3747 2487 3852 2536 τῶν

2312 2570 2566 2623 τοιούτων
2598 2571 2754 2622 πέντε
2787 2571 3100 2637 ἁγιωτάτων
3159 2572 3360 2640 θρόνων
3396 2570 3616 2638 μεγάλοι
3671 2572 3852 2638 ἀρχιε-

2313 2665 2424 2730 ρεῖς
2449 2661 2588 2739 οὕτω
2613 2661 2752 2712 κατά
2799 2663 2977 2713 πᾶσαν
3009 2661 3106 2727 τὴν
3144 2660 3465 2726 οἰκουμένην
3517 2656 3851 2718 σεὸάζονται.

2313 2749 2418 2801 Τοῦ
2448 2751 2556 2818 γὰρ
2584 2751 2741 2801 πάπα
2792 2750 2888 2816 τῆς
2924 2749 3155 2810 παλαιᾶς
3205 2747 3420 2816 Ῥώμης
3468 2749 3503 2816 ἠ
3552 2747 3735 2799 δικαία
3791 2749 3854 2798 tu

2311 2841 2418 2893 τῶν
2461 2839 2793 2907 Ἐκκλησιῶν
2844 2839 3072 2907 ὲκκοπὴ,
3111 2838 3209 2908 τὴν
3261 2838 3546 2906 κανονικὴν
3605 2835 3855 2900 εὐταξίαν

2313 2929 2410 2982 οὐκ
2440 2930 2760 2998 ἐλυμήνατο.
2792 2929 2948 2997 Παρὰ
2972 2927 3128 2980 τοῦτο
3153 2928 3228 2993 δὲ,
3259 2927 3351 2980 τοῦ
3378 2927 3628 2996 δευτέρου
3658 2927 3686 2978 ὸ
3709 2927 3854 2994 πρῶ-

2313 3036 2400 3080 τος
2435 3021 2494 3071 οὺ
2535 3018 2961 3088 κατεπαίρεται,
3017 3018 3134 3068 οὐδὲ
3165 3016 3257 3068 τοῦ
3291 3017 3472 3086 τρίτου
3494 3017 3522 3067 6
3567 3017 3814 3083 δεύτερος
3837 3032 3850 3044 ·

673 3125 753 3167 tot
781 3127 902 3167 esse
933 3123 1157 3165 numero
1186 3108 1462 3168 dicuntur.
1489 3122 1587 3160 nec
1615 3108 1928 3164 dividuntur
1955 3120 2129 3166 tamen
2157 3114 2210 3167 in

2318 3109 2431 3161 ἀλλ’
2469 3107 2542 3170 ὡς
2575 3107 2854 3176 αἰσθήσεις
2883 3108 3038 3158 πέντε
3075 3108 3200 3175 μιᾶς
3234 3107 3471 3174 κεφαλῆς
3519 3105 3856 3175 ἀριθμούμε-

673 3208 877 3270 partes)
909 3196 1049 3268 apud
1097 3197 1350 3266 populum
1390 3194 1756 3249 Christianum
1787 3197 2102 3261 habeantur,
2135 3201 2212 3252 di—

679 3293 884 3363 gnitate
933 3290 1284 3344 nihilominus
1329 3303 1487 3356 pares
1533 3297 1658 3342 sunt
1718 3289 1770 3342 in
1819 3289 2106 3352 omnibus;
2159 3298 2212 3343 et

673 3398 794 3435 cum
843 3379 1019 3448 capita
1055 3390 1364 3432 sanctarum
1406 3391 1499 3445 per
1533 3378 1842 3430 universum
1877 3381 2059 3430 orbem
2108 3378 2210 3432 Ec-

674 3469 960 3523 clesiarum
1010 3466 1099 3520 Dei
1145 3466 1267 3533 jure
1299 3466 1570 3528 dicantur,
1607 3465 1787 3519 locum
1826 3466 1878 3518 ltt
1909 3467 1987 3519 eis
2018 3468 2210 3520 discri-

675 3577 794 3613 tnen
839 3559 904 3612 ab
950 3556 1262 3610 hominibus
1313 3565 1573 3610 statutum
1613 3553 1809 3608 habere
1855 3569 1959 3608 non
1989 3564 2207 3624 potest:

679 3664 847 3716 neque
890 3650 954 3701 de
992 3646 1255 3701 sententia
1306 3645 1663 3714 quorumdam
1711 3661 1814 3698 non
1867 3646 2044 3713 magni
2099 3662 2212 3706 tnu-

679 3738 840 3789 uu-nti
889 3751 972 3788 res
1020 3734 1378 3794 aﬂ‘erentium,
1439 3748 1587 3801 papae
1638 3732 1881 3785 Romano
1930 3743 2209 3802 propterea

676 3827 733 3878 iit
785 3824 1012 3893 injuria,
1058 3824 1198 3890 quod
1260 3822 1373 3889 ipse
1427 3831 1644 3889 propter
1700 3823 1930 3874 litteram
1981 3820 2025 3873 lt
2077 3821 2208 3891 (57),

677 3918 720 3970 si
756 3916 1052 3968 litterarum
1088 3913 1493 3965 collocationem
1529 3911 1898 3978 respiciamus.
1927 3914 2116 3966 tertius
2158 3914 2208 3966 in

675 4003 861 4053 ordine
889 4000 956 4050 sit
983 4016 995 4061 ;
1027 4009 1076 4051 et
1104 3996 1290 4050 eadem
1334 3997 1541 4047 ratione
1579 3994 2211 4064 Constantinopolitanus

2317 3214 2402 3250 ναι
2433 3199 2527 3250 καὶ
2553 3197 2626 3266 μὴ
2675 3196 3045 3265 μεριζόμεναι,
3087 3196 3233 3264 παρὰ
3257 3196 3333 3263 τῷ
3363 3196 3718 3264 χριστωνύμῳ
3746 3194 3858 3261 λαῷ

2317 3287 2668 3353 λογιζόμενοι,
2707 3285 2973 3351 ἰσοτιμίαν
3015 3285 3071 3334 ὲν
3093 3283 3290 3335 inuam
3329 3283 3531 3350 ἔχουσι,
3573 3284 3664 3333 καὶ
3689 3282 3853 3347 κάραι

2315 3375 2422 3428 τῶν
2454 3375 2591 3427 κατὰ
2634 3375 2811 3426 πᾶσαν
2853 3372 2951 3441 τὴν
2979 3372 3297 3440 οἰκουμένην
3326 3371 3495 3438 άγίων
3531 3370 3859 3437 Ἐκκλησιὼν

2317 3466 2408 3518 τοῦ
2447 3466 2582 3520 Θεοῦ
2611 3467 2829 3524 δικαίως
2861 3465 3198 3532 καλούμενοι,
3226 3463 3484 3530 διαφορὰν
3517 3460 3862 3528 ἀνθρωπίνην

2316 3555 2376 3606 οὐ
2408 3555 2736 3624 πάσχουσιν
2777 3555 2896 3606 οὐδὲ
2932 3555 3068 3606 κατὰ
3105 3552 3524 3622 σμικρολόγους,
3580 3550 3608 3599 ὀ
3677 3551 3857 3608 πάπας

2325 3645 2541 3712 Ῥώμης
2561 3645 2894 3714 ὁδριοπαθεῐ,
2912 3647 2990 3696 ὅτι
3017 3645 3173 3702 αὐτὸς
3204 3643 3299 3710 μὲν
3320 3643 3405 3694 διὰ
3425 3641 3515 3692 τοῦ
3540 3642 3578 3691 Ρ
3596 3641 3860 3707 στοιχείου

2316 3737 2582 3804 τρίτοςτῇ
2614 3735 2757 3786 θέσει
2811 3735 2916 3785 τῶν
2976 3736 3312 3802 γραμμάτων
3365 3731 3858 3798 κατεστοιχείωται,

2315 3825 2342 3874 ὁ
2379 3822 2434 3874 δὲ
2463 3823 3072 3884 Κωνσταντινουπόλεως
3110 3823 3196 3875 διὰ
3243 3822 3334 3874 τοῦ
3389 3823 3436 3873 Κ
3489 3821 3712 3888 τιμᾶται
3769 3819 3863 3870 καὶ

2329 3915 2736 3984 πρυτερεῦεται.
2790 3916 2920 3967 Οὐδὲ
2959 3916 3247 3969 σκανδάλου
3291 3914 3521 3979 πάροδος
3551 3913 3736 3979 γέγονε
3772 3913 3865 3978 μέ·-

2322 4020 2412 4056 σον
2442 4004 2534 4055 τοῦ
2577 4003 2975 4071 Ἀλεξανδρείας
3011 4005 3105 4055 καὶ
3155 4003 3248 4055 τοῦ
3309 4003 3649 4070 Ἀντιοχείας,
3704 4001 3861 4068 χάριν

678 4108 767 4157 per
791 4090 832 4144 C
866 4090 1098 4141 litteram
1123 4087 1438 4145 honoretur.
1473 4098 1534 4136 ac
1553 4085 1785 4152 priorem
1820 4087 1994 4138 locum
2025 4101 2213 4140 conse-

2319 4093 2409 4144 τοῦ
2441 4094 2583 4159 ἄλφα
2629 4093 3006 4161 στοιχείου,ὠς
3059 4093 3286 4144 ἑκάστου
3339 4091 3519 4143 αὐτῶν
3568 4091 3862 4158 ίδιουμένου

675 4189 893 4250 quatur.
947 4177 1051 4229 Nec
1098 4174 1382 4227 offensioni
1435 4179 1618 4240 aperta
1663 4172 1892 4226 fenestra
1942 4172 2044 4226 fuit
2074 4175 2213 4229 inter

2321 4182 2411 4233 τὸν
2445 4186 2736 4250 πρότερον
2772 4182 2884 4234 ἀλλ’
2916 4181 3102 4248 ὥσπερ
3130 4183 3161 4249 ἡ
3202 4180 3397 4241 πεντὰς
3423 4180 3530 4230 τῶν
3563 4177 3865 4246 αἰσθήσεων

680 4268 1092 4323 Alexandrinum
1121 4275 1173 4316 et
1208 4261 1618 4323 Antiochettum,
1658 4271 1874 4330 propter
1896 4261 1939 4312 Δ
1961 4263 2211 4328 litteram,

2323 4274 2522 4339 στοιχεῐ
2545 4274 2608 4339 τῇ
2634 4271 2912 4322 διαπλάσει
2940 4271 3032 4322 τοῦ
3067 4269 3437 4337 ἀρχιτέκτονος
3483 4269 3578 4319 καὶ
3629 4266 3864 4317 πλάστου

678 4362 822 4414 velut
857 4371 1043 4411 eorum
1096 4353 1332 4422 quolibet
1378 4353 1551 4406 locum
1599 4351 1698 4404 sibi
1759 4351 1991 4420 priorem
2041 4351 2213 4406 vindi-

2321 4358 2479 4419 Θεοῦ,
2507 4360 2600 4410 καὶ
2626 4359 2685 4408 οὐ
2720 4358 3039 4424 κατατρέχει
3066 4355 3224 4423 τυχὸν
3267 4356 3301 4423 ή
3327 4355 3514 4421 ὅρασις
3530 4352 3629 4419 τῆς
3658 4353 3861 4420 ἀπερή-

675 4458 834 4502 eante
874 4465 886 4499 :
919 4447 1012 4500 sed
1036 4442 1488 4512 quemadmodum
1515 4441 1793 4509 quinarius
1825 4441 1912 4495 ille
1938 4456 2213 4507 sensuum,

2326 4465 2482 4509 σεως,
2534 4449 2652 4498 οὐδὲ
2679 4451 2710 4515 ἡ
2740 4448 2876 4515 ἀκοὴ
2903 4447 3001 4514 τῆς
3032 4448 3173 4514 ἁφῆς
3204 4447 3294 4497 καὶ
3338 4447 3436 4512 τῆς
3486 4444 3746 4510 γεύσεως,
3780 4445 3865 4495 ὅτι

678 4537 953 4591 architecti
1005 4545 1058 4588 et
1086 4532 1382 4587 conditoris
1423 4531 1512 4585 Dei
1566 4530 1872 4584 formationi
1910 4532 2214 4598 respondet,

681 4641 777 4680 nec
809 4634 1055 4694 aspectus
1083 4625 1252 4695 (verni
1287 4622 1479 4691 gratia)
1503 4621 1810 4682 odoratum,
1859 4637 1955 4675 nec
1999 4622 2218 4677 auditus

680 4725 877 4770 tactum
945 4715 1023 4768 rel
1075 4722 1343 4782 gustatum
1401 4711 1666 4765 hostiliter
1708 4725 1826 4763 eam
1877 4712 1946 4765 ob
1999 4724 2216 4764 causam

681 4804 905 4866 invadit,
947 4805 1087 4870 quod
1103 4818 1288 4856 eorum
1314 4801 1529 4855 nomina
1563 4798 1699 4854 forte
1718 4800 1810 4852 tali
1843 4800 1981 4852 serie
2010 4814 2039 4851 a
2060 4801 2219 4854 nobis

2326 4537 2454 4604 παρ’
2486 4539 2615 4604 ἡμῖν
2669 4537 2809 4588 οὕτω
2840 4553 2953 4597 πως
3009 4535 3390 4604 ὀνομάζονταισ
3421 4533 3590 4594 οὕτως
3637 4534 3756 4584 οὑδέ
3785 4548 3868 4592 τις

2329 4625 2434 4677 τῶν
2461 4626 2773 4691 ἁγιωτάτων
2800 4624 3146 4693 πατριαρχῶν
3177 4626 3240 4674 ὲκ
3270 4625 3375 4673 τῶν
3403 4622 3561 4673 θείων
3628 4623 3865 4672 κανόνων

2328 4717 2490 4766 τόπον
2537 4714 2952 4782 κληρωσάμενος
3014 4713 3292 4782 πρότερον,
3332 4711 3426 4762 τοῦ
3473 4710 3726 4776 δευτέρου
3779 4709 3868 4760 καὶ

2330 4803 2420 4854 τοῦ
2456 4804 2572 4871 μετ’
2602 4802 2759 4855 αὑτὸν
2784 4802 2857 4862 ὡς
2888 4800 3208 4868 ὑπερφέρων
3233 4799 3633 4861 άλαζονεὺεται.

688 4895 1072 4964 proferantur:
1110 4895 1178 4945 ita
1224 4910 1320 4947 nec
1384 4892 1849 4946 sattctissimorum
1884 4894 2314 4960 patriarcharum
2348 4897 2562 4962 aliquis,
2606 4897 2692 4949 cui
2762 4910 2855 4964 per
2881 4894 3090 4946 divinos
3151 4906 3388 4947 canones
3453 4894 3661 4958 primus
3729 4891 3875 4942 altri.

683 4992 842 5041 Iuttus
871 4996 954 5039 est
986 4987 1159 5046 locus,
1195 4984 1451 5036 adversus
1483 4983 1802 5046 secundum,
1828 4991 1881 5036 et
1907 4985 2212 5050 proximum
2259 4987 2323 5038 ad
2355 4987 2473 5050 hoc,
2500 4995 2811 5054 arroganter
2844 4993 3013 5038 semet
3037 4981 3209 5036 eﬂert.

754 5083 890 5144 Quia
930 5094 1055 5132 vero
1101 5078 1342 5131 nonnulli
1376 5078 1581 5139 dicunt,
1611 5092 1716 5130 non
1743 5092 1866 5131 esse
1903 5079 2225 5145 permissum

688 5168 1055 5224 Alexandrinae
1092 5168 1172 5220 vel
1208 5167 1562 5224 Antioelteno.
1596 5165 1743 5218 verbi
1781 5167 1973 5234 gratia,
2016 5175 2071 5218 ut
2103 5182 2224 5219 cum

689 5259 931 5326 lampade
960 5259 1042 5310 vel
1080 5259 1193 5310 face
1234 5255 1574 5324 patriarchali
1610 5253 1772 5307 faciat
1812 5256 1912 5308 iter
1940 5255 2006 5308 ad
2042 5257 2226 5310 urbem

688 5347 1106 5417 imperatoriam,
1155 5346 1236 5399 vel
1294 5346 1345 5398 in
1406 5346 1564 5397 aliam
1630 5343 1932 5408 diceeesin;
1988 5349 2225 5414 exceptis

687 5441 792 5491 illis
847 5436 1161 5505 provinciis,
1224 5451 1340 5504 qua
1394 5451 1488 5505 per
1535 5449 1770 5489 canones
1820 5435 1900 5488 eis
1959 5435 2226 5489 attributa:

2419 5081 2568 5132 Ἐπεὶ
2589 5080 2645 5131 δέ
2675 5094 2813 5138 τινες
2835 5078 3101 5143 λέγουσιν,
3133 5074 3209 5136 ὡς
3238 5075 3336 5126 οὐκ
3377 5076 3584 5140 ἐφεῖται
3732 5073 3869 5123 Ἁλε-

2332 5169 2606 5236 ξανδρείας
2651 5164 2788 5233 ἢτῷ
2827 5164 3147 5232 Ἀντιοχείας
3201 5163 3379 5231 τυχδν,
3429 5163 3567 5229 μετὰ
3596 5160 3874 5228 λαμπάδος

2330 5258 2729 5325 πατριαρχικῆς
2756 5257 2850 5316 τας
2880 5254 3180 5322 ὁδοιπορίας
3207 5256 3376 5304 ποιεῖν
3404 5253 3481 5313 είς
3513 5252 3612 5317 τὴν
3643 5250 3752 5300 τῶν
3779 5252 3872 5302 πό-

2329 5347 2462 5398 λεων
2495 5345 2894 5413 βασιλεύουσαν,
2925 5345 2958 5409 ἢ
2986 5345 3062 5402 είς
3095 5343 3284 5410 ἑτέραν
3305 5341 3584 5407 διοίκησιν,
3610 5339 3758 5406 παρὰ
3779 5341 3872 5399 τὰς

2332 5435 2764 5502 ἁπονεμηθείσας
2834 5433 2939 5486 ἀπὸ
2973 5433 3076 5484 τῶν
3132 5433 3364 5484 κανόνων
3391 5431 3592 5490 αὐτοῖς.
3654 5429 3719 5481 ’Β
3766 5427 3873 5496 γάρ

1894 5605 2119 5660 ῩΑΒιΕ
2189 5603 2578 5661 LECTIUNES.

758 5703 865 5766 657‘
907 5701 1033 5767 Qua:
1068 5701 1235 5768 prima
1265 5709 1344 5754 cst
1391 5701 1442 5750 in
1489 5700 1751 5754 vocabulo
1787 5698 1980 5752 Homer.
