4110 6494
247 442 381 509 101⁸1

1652 439 2062 507 MEDITA'I‘A.

3273 427 3407 490 ltili}

254 583 274 614 ι
298 563 478 629 Αμπὲις
510 562 602 613 τοῦ
619 558 1013 620 διδαςκαλικοῦ,
1046 557 1226 625 φασὶν,
1258 559 1402 608 ἐστὶν
1455 556 1774 623 ἀξιώματος.
1809 560 1849 612 Α

1809 560 1849 612 Α
1879 566 2021 605 sunt.
2073 550 2279 618 Quippe
2313 549 2420 612 fas,
2471 550 2736 618 inquiunt,
2769 549 2833 600 ad
2882 547 3107 601 omcium
3163 548 3397 600 doctoris

263 654 397 723 llap‘
425 649 634 719 ινορίαν
684 649 739 701 δὲ
787 648 1051 701 διδάσκειν
1100 649 1197 699 οὐκ
1249 648 1451 711 ἐφεῖται
1516 646 1776 712 ἀρχιερεῖ,

257 741 400 795 κατὰ
426 741 517 793 τὸν
552 745 599 791 κ’
632 738 823 791 κανόνα
847 737 943 805 τῆς
990 738 1045 788 ὲν
1082 735 1158 803 τῷ
1201 734 1448 803 Τρούλλῳ
1489 732 1780 797 ἁγίας·κα“ι

257 827 634 897 οἱκουμενικῆς
656 827 815 894 ἒκτης
870 823 1106 875 συνόδου.
1154 823 1263 873 Καὶ
1308 823 1385 880 είς
1431 821 1779 871 ὲπισύστασιν

260 920 421 988 δῆθεν
446 916 535 969 τοῦ
561 916 715 981 λόγου
741 913 937 975 αὐτῶν,
973 912 1064 964 καὶ
1094 913 1201 972 τοῖς
1246 908 1612 974 εὐαγγελικοῖς
1649 908 1781 958 ἀπο-

262 1005 499 1077 χρῶνται
524 1004 744 1071 ῥήμασι,
806 1002 899 1053 καὶ
955 1000 1208 1063 λέγουσι·
1242 996 1522 1063 Λαμψάτω
1569 994 1627 1046 τὸ
1669 995 1781 1062 φῶς

260 1094 414 1161 ὑμῶν
478 1088 776 1159 ἔμπροσθεν
820 1087 926 1138 τῶν
979 1084 1294 1154 ἀνθρώπων.
1352 1083 1777 1143 Ἀκουσάτωσαν,

256 1184 332 1244 ὡς
361 1184 408 1233 οί
438 1178 666 1248 βασιλεῖς
696 1180 786 1230 καὶ
813 1178 859 1227 oi
908 1176 1239 1244 πατριάρχαι
1271 1172 1650 1241 μεγαλύνονται
1687 1172 1783 1238 μὲν

261 1271 355 1320 καὶ
401 1267 793 1325 διδασκαλικοῖς
853 1263 1140 1328 ἀξιώμασι,
1197 1263 1282 1313 διὰ
1337 1260 1432 1329 τὴν
1480 1260 1573 1321 τοῦ
1629 1260 1780 1325 ἁγίου

261 1354 554 1423 χρίσματος
574 1352 815 1419 δύναμιν·
847 1348 1086 1400 ἐντεῦθεν
1113 1348 1216 1415 γὰρ
1244 1348 1292 1397 οἱ
1322 1347 1501 1398 πιστοὶ
1532 1347 1782 1397 δεσπόται

262 1445 354 1492 καὶ
376 1440 764 1505 αὐτοκράτορες
794 1435 1163 1505 κατηχητικῶς
1190 1434 1433 1501 ὁμιλοῦσι
1454 1434 1528 1502 τῷ
1554 1450 1785 1501 χριστω-

260 1531 415 1596 νύμῳ
439 1526 571 1593 λαῷ,
604 1526 635 1593 ἢ
671 1525 927 1591 θυμιῶσιν
955 1524 1025 1583 ὼς
1055 1525 1233 1590 ἱερεῖς,
1267 1524 1358 1573 κοιλ¹
1387 1523 1519 1588 μετὰ
1542 1520 1781 1588 δικηρίου

264 1616 637 1683 σφραγίςουσι.
669 1611 819 1661 Κατὰ
850 1609 1002 1661 τοῦτο
1022 1611 1077 1660 δὲ
1103 1609 1258 1677 μόνον
1287 1608 1533 1676 λαμπάσι
1558 1606 1785 1670 ζωννυο-

266 1703 452 1767 μόναις
481 1699 740 1766 ἀργυροῖς
771 1698 863 1748 κα)⁸
879 1695 1179 1763 διαχρύσοις
1210 1690 1336 1761 (οἷον
1360 1694 1551 1762 εἰπεῖν)
1587 1709 1781 1759 στεφα-

264 1792 505 1855 νώμασιν
531 1787 628 1836 οὐκ
661 1783 1138 1851 ἀποσεμνύνονται,
1167 1782 1277 1833 ἀλλ’
1306 1784 1385 1834 ὅτι
1415 1786 1506 1834 καὶ
1534 1782 1670 1833 κατά
1692 1782 1779 1833 τὸν

262 1880 510 1945 οὐράνιον
554 1875 777 1941 γίγαντα
831 1874 890 1923 τὸ
942 1872 1158 1938 κέντρον
1212 1872 1633 1938 καταφωτίζουσι
1686 1872 1785 1937 τῆς

263 1966 565 2036 ὁρθοδοξίας
629 1966 740 2024 τοῖς
792 1962 1143 2031 ἀμαρύγμασι
1198 1962 1289 2011 καὶ
1320 1948 1357 2029 ’ἡ
1388 1962 1557 2024 ἔξοδος
1609 1961 1783 2014 αὐτῶν

266 2059 359 2108 ἀπ’
384 2054 782 2131 ᾶκρουδλάμπει
812 2050 902 2102 τοῦ
948 2049 1191 2120 οὐρανοῦ,
1230 2054 1321 2103 καὶ
1367 2050 1426 2100 τὸ
1470 2050 1785 2117 κατάντημα

265 2147 444 2197 αὐτῶν
469 2145 570 2203 ἓως
599 2144 765 2210 ἄκρου
793 2142 981 2209 φθάνει
1009 2138 1099 2191 τοῦ
1121 2138 1341 2208 οὐρανοῦ
1362 2153 1376 2167 ⁸
1408 2138 1499 2191 καὶ
1520 2138 1616 2190 οὐκ
1644 2138 1786 2189 ἐστιν

261 2236 320 2293 ὃς
351 2234 450 2301 τῆς
482 2226 696 2299 ’θέρμης
716 2230 889 2281 αὐτῶν
909 2228 1335 2298 ἀποκρύπτεται.
1377 2227 1438 2278 El
1487 2227 1594 2293 γὰρ
1630 2228 1787 2294 μόνον

262 2325 351 2375 διὰ
376 2323 435 2373 τὸ
462 2322 558 2389 τῆς
582 2320 920 2379 διδασκαλίας
969 2318 1177 2385 ἀξίωμα
1210 2318 1313 2369 τῶν
1340 2316 1588 2368 τοιούτων
1648 2315 1786 2381 λαμ-

268 2412 450 2466 πάδων
482 2410 748 2478 ἐπενοήθη
777 2410 836 2460 τὸ
867 2409 1263 2475 σεμνολόγημα,
1320 2409 1353 2475 ἡ
1388 2406 1524 2460 κατὰ
1567 2406 1787 2475 καιροὺς

264 2498 405 2560 τέως
433 2497 884 2566 αὐτοκρατόρισσα
910 2496 973 2547 ὲκ
1017 2494 1108 2546 τοῦ
1148 2495 1435 2562 προνομίου
1482 2494 1666 2545 τούτου
1717 2494 1792 2555 6t,-

268 2586 438 2644 καίως
459 2585 523 2638 ἀν
548 2586 753 2654 ἀφῆκεν
814 2582 1130 2651 ἀφώτιστος.
1185 2586 1445 2645 Γυναῖκας
1491 2584 1597 2650 γὰρ
1637 2586 1793 2652 σιγᾷν

268 2676 366 2726 καὶ
424 2676 497 2742 μὴ
538 2674 806 2726 διδάσκειν
854 2674 1283 2742 νενομοθέτηται.
1340 2673 1497 2725 Ἀλλά
1544 2674 1650 2742 μὴν
1703 2675 1794 2725 καὶ

267 2762 470 2823 ταύτας
492 2764 700 2831 ὁρῶμεν
728 2761 867 2814 οὔτω
885 2762 1238 2830 δοξαζομένας
1285 2761 1421 2813 κατά
1467 2762 1589 2824 τοὺς
1640 2761 1791 2829 βασι-

272 2852 407 2912 λεῖς.
459 2852 567 2903 Καὶ
613 2852 661 2902 0i
710 2851 961 2919 ἐγχώριοι
999 2851 1055 2903 δὲ
1090 2852 1284 2911 πάντες
1335 2851 1604 2919 ἀρχιερεῖς
1653 2867 1793 2920 παρ-

271 2940 471 3007 ομοίως
500 2940 596 3001 τὰς
626 2940 1008 3007 ἀρχιερατικάς
1040 2941 1133 2991 καὶ
1176 2939 1385 3000 ἀλλοίας
1414 2941 1665 3009 προόδους
1700 2942 1795 2991 ἑπ-

270 3028 454 3079 ινόουν
496 3027 561 3080 ἄν
585 3042 598 3057 ο
653 3028 745 3078 καὶ
771 3024 907 3080 εἶδεν
934 3028 999 3081 ἀν
1022 3044 1103 3088 τις
1130 3009 1287 3095 τυχὸν
1333 3028 1421 3079 τὸν
1456 3028 1547 3080 τοῦ
1598 3028 1795 3095 ’Λθύρα

1881 652 2103 710 spectat.
2141 641 2299 693 Extra
2341 640 2666 708 provinciam
2710 653 2832 690 vero
2871 639 3087 698 docere,
3130 651 3235 689 non
3278 652 3396 704 per-

1881 730 2103 783 missum
2166 738 2246 781 cst
2310 727 2594 795 pontiﬁci;
2651 725 2940 779 secundum
3005 740 3267 778 canonem
3334 740 3395 776 vx

1882 821 2074 873 habitae
2117 820 2169 872 in
2228 820 2411 871 Trullo
2458 826 2654 869 sancta:
2702 823 2857 881 atque
2904 817 3215 868 universalis
3237 822 3399 868 sexta:

1881 907 2090 973 synodi.
2141 906 2204 958 Et
2260 909 2324 958 ad
2384 904 2799 958 conﬁrmandam
2874 903 3076 955 scilicet
3122 902 3259 954 hanc
3316 918 3403 954 ra-

1881 998 2081 1049 tionem
2142 1009 2292 1048 suam
2326 1033 2340 1056 ,
2386 993 2704 1061 evangelicis
2754 1006 2964 1059 quoque
3045 993 3219 1045 verbis
3259 992 3405 1046 hisce

1882 1094 2106 1137 utuntur
2150 1099 2164 1134 :
2210 1081 2407 1135 Luceat
2468 1082 2557 1133 lux
2621 1090 2794 1132 vestra
2843 1093 3022 1131 coram
3075 1080 3400 1134 hominibus.

1881 1172 2114 1225 Audiant
2159 1171 2236 1231 hi,
2268 1179 2374 1222 tam
2427 1168 2937 1235 ad_amplitudinem
2986 1169 3402 1233 imperatoriam,

1882 1276 2039 1328 quam
2099 1259 2537 1328 patriarchalem,
2592 1257 2758 1308 oliicia
2832 1256 3057 1308 docendi
3114 1258 3401 1322 pertinere,

1882 1359 2099 1420 propter
2145 1347 2413 1402 unctionis
2468 1362 2635 1399 sacra:
2689 1349 2789 1397 vim
2855 1355 3012 1410 atque
3068 1354 3402 1412 potestatem.

1885 1438 2019 1492 llinc
2047 1437 2187 1490 enim
2225 1435 2498 1494 usuvenit,
2526 1444 2582 1487 ιιι
2622 1434 2799 1484 ιίιίιιιοε
2843 1433 3110 1500 principes
3149 1440 3201 1485 et
3244 1435 3407 1500 impe-

1883 1539 2091 1584 ratores
2130 1528 2457 1582 catechetico
2497 1540 2641 1577 more
2673 1540 2794 1578 cum
2865 1526 3059 1593 populo
3102 1525 3409 1577 Christiano

1883 1621 2273 1687 colloquantur,
2320 1626 2413 1669 aut
2446 1615 2677 1669 ειιαίιιιιιι
2724 1614 2920 1665 faciant
2955 1628 3102 1667 more
3149 1615 3410 1667 sacerdo-

1887 1715 2019 1777 tum,
2037 1718 2090 1759 et
2112 1720 2233 1759 cum
2256 1718 2379 1758 cera
2403 1700 2599 1769 duplici
2631 1700 2930 1767 obsignent.
2957 1698 3149 1753 Verum
3175 1699 3271 1751 hac
3297 1702 3411 1753 sola

1888 1797 1954 1849 de
1979 1810 2137 1849 causa
2182 1794 2406 1853 lacibus,
2440 1806 2558 1859 quae
2608 1790 2875 1856 argenteis
2920 1797 2973 1841 et
3017 1790 3192 1842 aureis
3223 1790 3303 1856 (ut
3339 1790 3410 1841 ita

1885 1885 2133 1950 dixerim)
2191 1881 2406 1935 corollis
2480 1881 2667 1932 cincta:
2710 1888 2853 1936 sunt.
2914 1893 3019 1929 non
3075 1887 3297 1931 utuntur
3356 1880 3409 1930 in

1885 1974 2094 2042 pompis
2138 1988 2151 2023 :
2195 1970 2285 2023 sed
2336 1972 2516 2033 etiam,
2566 1967 2709 2034 quod
2762 1967 2933 2019 instar
2983 1966 3218 2019 cmlestis
3267 1966 3410 2020 illius

1885 2064 2113 2132 gigantis
2163 2060 2295 2130 (58),
2353 2059 2453 2111 hoc
2495 2066 2736 2111 centrum
2783 2055 3094 2109 orthodoxae
3156 2056 3410 2109 doctrinae

1885 2153 2051 2205 radiis
2076 2151 2391 2203 collustrent
2426 2166 2439 2200 :
2471 2146 2717 2213 quodque
2750 2145 2941 2205 luceat,
2969 2159 3150 2197 eorum
3173 2144 3413 2209 egressio

1886 2239 1951 2292 ab
1974 2247 2210 2290 extremo
2239 2236 2396 2299 caelo,
2426 2244 2478 2285 et
2522 2246 2777 2285 occursus
2822 2232 3057 2298 ipsorum
3092 2231 3155 2282 ad
3188 2231 3407 2283 alteram

1887 2326 2005 2379 coeli
2042 2323 2224 2377 tendat
2264 2321 2695 2376 extremitatem:
2732 2334 2850 2372 cum
2883 2318 3100 2375 inierint
3137 2332 3291 2373 nemo
3317 2320 3409 2379 sit.

1888 2414 1976 2481 qui
2027 2412 2095 2465 ab
2131 2426 2316 2465 eorum
2358 2411 2534 2464 calore
2592 2424 2651 2463 se
2708 2409 2876 2476 possit
2918 2408 3132 2461 abdere.
3186 2408 3314 2460 Nam
3364 2409 3410 2461 si

1890 2501 2147 2552 duntaxat
2181 2508 2393 2566 propter
2416 2496 2722 2566 dignitatem
2758 2494 2913 2549 ollicii
2955 2493 3202 2555 docendi,
3237 2494 3408 2546 laeum

1890 2589 2151 2655 ejusmodi
2233 2587 2509 2655 speciosus
2590 2587 2726 2639 ritus
2796 2586 3125 2653 excogitatus
3206 2592 3411 2639 esset:

1892 2678 2156 2745 cujusque
2186 2676 2446 2744 temporis
2473 2675 2784 2742 imperatrix
2825 2688 3012 2741 expers
3055 2674 3272 2742 hujusce
3304 2673 3417 2741 pri-

1892 2765 2065 2833 vilegii
2094 2764 2251 2826 foret,
2280 2779 2343 2817 ac
2381 2764 2591 2816 facibus
2618 2777 2724 2815 non
2750 2763 2846 2815 abs
2877 2777 2933 2815 re
2953 2772 3180 2815 careret.
3212 2761 3418 2828 Quippe

1894 2855 2158 2906 sancitum
2197 2862 2299 2917 est,
2336 2860 2393 2905 ut
2440 2859 2650 2905 taceant
2683 2850 2953 2911 mulieres,
2988 2864 3049 2902 ac
3084 2849 3302 2902 minime
3330 2850 3418 2903 do-

1893 2930 2338 2995 ceant.Attamen
2392 2940 2474 2992 his
2520 2952 2733 3007 quoque
2785 2938 3025 2991 videmus
3075 2938 3257 2991 eodem
3293 2952 3416 2990 cum

1894 3032 2306 3101 imperatoribus
2348 3032 2451 3083 ritu
2484 3029 2631 3084 faces
2662 3028 2919 3097 praeferri.
2954 3028 3251 3094 Regionum
3283 3043 3417 3096 prte-

236 3156 239 3157 ν
272 3119 586 3183 ἐπίσκοπον,
616 3118 708 3169 καὶ
737 3116 825 3169 τὸν
846 3116 1019 3184 πολλῷ
1042 3117 1225 3169 τούτου
1254 3118 1788 3187 μικροπρεπέστερον,
1819 3154 1859 3209 C

1819 3154 1862 3209 ο
1898 3134 2038 3175 terea
2075 3119 2350 3188 pontitlces
2389 3119 2643 3180 universi,
2677 3118 3029 3172 consimiliter
3058 3128 3164 3171 tum
3200 3118 3419 3186 pontifi-

270 3206 412 3274 πεζῇ
438 3206 535 3272 μὲν
562 3205 653 3256 καὶ
680 3205 842 3273 βάδην
862 3207 955 3268 τὰς
980 3206 1229 3273 προόδους
1257 3207 1350 3273 τῆς
1368 3207 1565 3266 οἰκείας
1589 3207 1795 3273 ὲνορίας

275 3292 715 3361 περιερχόμενον,
746 3291 984 3357 λαμπάδι
1013 3290 1067 3341 δὲ
1089 3293 1449 3359 πατριαρχικῇ
1486 3291 1795 3359 κυδαιινόμε-

273 3396 388 3441 νον,
423 3380 504 3429 ὅτι
530 3379 622 3429 καὶ
650 3379 803 3429 αὐτοὶ
821 3378 1187 3430 διδασκαλικὸν
1214 3378 1422 3447 ἀξίωμα
1449 3396 1511 3430 πε
1522 3379 1795 3448 ριὸἑϐλην-

271 3485 383 3519 ται.
411 3461 485 3519 Οὐ
532 3467 585 3518 τί
605 3466 668 3520 ἄν
703 3484 782 3527 τις
803 3467 930 3535 φαίη
966 3470 1476 3536 καινοπρεπέστερον
1498 3507 1513 3530 ,
1540 3470 1573 3537 ἢ
1602 3471 1795 3537 μᾶλλον

275 3558 469 3618 εἰπεῖν,
497 3556 856 3623 ἀηδέστερονς
892 3555 954 3609 Ei
983 3556 1038 3608 δὲ
1064 3556 1217 3608 τοῦτο
1276 3557 1521 3608 οὐδέποτέ
1558 3574 1638 3618 τις
1691 3554 1794 3609 εἶδε

281 3646 566 3711 γινόμενον
599 3646 677 3706 εἷς
706 3662 824 3696 τινα
856 3645 959 3696 τῶν
990 3646 1444 3714 μητροπολιτῶνῆ
1474 3646 1797 3715 τῶν·ἀρχιε-

280 3735 582 3799 πισκόπων,
616 3734 794 3803 πολλῷ
854 3735 909 3787 δὲ
948 3736 1101 3787 πλέον
1130 3736 1236 3787 τῶν
1286 3736 1610 3796 ἐπισκόπων.
1671 3738 1796 3789 ἄνευ

279 3822 455 3888 μόνων
488 3820 592 3870 τῶν
612 3821 988 3885 αὐτοκεφάλων
1029 3822 1484 3888 ἀρχιεπισκόπων,
1516 3823 1605 3874 τοῦ
1640 3824 1797 3874 Βουλ-

275 3907 474 3977 γαρὶας
527 3908 689 3976 φημὶ,
730 3906 943 3959 καὶτοῦ
996 3906 1236 3975 Κύπρου,
1267 3907 1357 3958 καί
1405 3924 1561 3959 τινων
1606 3908 1796 3974 ὀλίγων

279 3994 687 4063 μητροπολιτῶν
728 3995 991 4046 λαϐόντων
1021 3996 1124 4045 ἀπὸ
1168 3994 1469 4061 φιλοτιμίας
1522 3996 1799 4063 βασιλικῆς

282 4080 455 4145 ἰδικῆς
483 4078 639 4130 τοῦτο
666 4084 723 4130 τὸ
745 4079 975 4131 δίκαιον⁸
1033 4081 1221 4150 ἄραρε,
1261 4080 1438 4145 μόνοις
1488 4084 1594 4142 τοῖς
1648 4082 1799 4150 βασι-

280 4166 434 4217 λεῦσι
481 4167 575 4217 καὶ
619 4168 729 4226 τοῖς
779 4166 1135 4233 πατριάρχαις
1159 4167 1261 4217 ὐπὸ
1286 4168 1382 4233 τῆς
1402 4167 1494 4219 τοῦ
1539 4169 1798 4234 παναγίου

291 4253 597 4321 ΙΙνεύματος
622 4254 858 4321 χάριτος,
890 4256 981 4305 καὶ
1027 4256 1120 4322 τῆς
1161 4256 1647 4323 ἀρχαιοπαραδότου
1682 4273 1802 4307 συν-

277 4342 486 4410 ηθείας,
518 4343 612 4394 καὶ
638 4341 904 4408 εὐταξίας,
928 4343 1424 4412 ὲπιφιλοτιμηθῆναι
1461 4344 1614 4396 τοῦτο
1640 4345 1697 4397 τὸ
1720 4345 1799 4395 δί-

279 4447 434 4483 καιον
469 4431 554 4483 διὰ
574 4430 670 4492 τὰς
697 4430 946 4500 ῥηθείσας
968 4432 1163 4492 αἰτίας.

1899 3209 2062 3273 cales,
2098 3216 2205 3261 tum
2256 3207 2387 3260 alias
2436 3206 2487 3258 in
2535 3205 2804 3272 publicum
2858 3206 3225 3271 processiones
3264 3206 3421 3257 insti-

1900 3304 2107 3348 tuerent
2134 3309 2148 3345 :
2172 3306 2233 3345 ac
2261 3292 2461 3345 videret
2485 3292 2678 3358 aliquis
2708 3292 3013 3358 episcopum
3040 3293 3420 3360 Athyrensem,

1903 3383 2048 3436 verbi
2078 3380 2269 3448 gratia,
2299 3380 2380 3431 vel
2409 3378 2571 3432 etiam
2616 3379 2771 3445 longe
2799 3381 3097 3445 quempiam
3145 3379 3247 3431 hoc
3285 3380 3421 3433 infe-

1904 3473 2122 3529 riorem,
2171 3467 2399 3535 peditem
2454 3465 2603 3517 illum
2637 3464 2850 3532 quidem
2898 3466 2948 3517 in
3001 3466 3275 3532 provincia
3321 3481 3418 3519 sua

1900 3556 2243 3622 prodeuntem
2301 3553 2354 3604 in
2408 3552 2696 3616 publicum,
2733 3561 2786 3603 et
2833 3551 2931 3603 hac
2987 3552 3107 3604 illac
3158 3552 3417 3616 itantem;

1901 3643 1992 3696 sed
2038 3642 2224 3695 tacula:
2257 3648 2433 3693 tamen
2484 3638 2855 3707 patriarchalis
2884 3640 3081 3692 honore
3103 3647 3417 3703 tumentem,

1899 3732 2112 3799 quando
2143 3730 2196 3782 hi
2227 3731 2384 3783 etiam
2413 3728 2652 3796 episcopi
2684 3727 2853 3780 otlicio
2882 3726 3102 3780 docendi
3146 3727 3417 3781 fruuntur.

1900 3820 2016 3884 Quo
2044 3835 2171 3873 sane
2206 3820 2334 3887 quid
2360 3819 2464 3871 dici
2497 3819 2668 3886 possit
2712 3818 3024 3870 insolentius
3052 3816 3075 3867 ?
3113 3817 3190 3870 vel
3221 3819 3416 3872 rectius

1903 3916 1961 3961 ut
2015 3909 2221 3976 loquar,
2277 3906 2403 3975 quid
2479 3905 2864 3972 injucundius?
2926 3906 2994 3956 At
3047 3906 3091 3958 si
3148 3890 3416 3969 nunquam

1902 3997 2182 4065 quisquam
2210 3995 2311 4046 hoc
2353 3993 2461 4045 ﬁeri
2492 3992 2624 4045 vidit
2656 3994 2711 4044 in
2767 3992 2945 4058 aliquo
2977 3992 3057 4045 vel
3107 3994 3417 4061 metropoli-

1904 4094 2048 4145 tano,
2112 4081 2192 4134 vel
2246 4080 2689 4147 archiepiscopo,
2750 4087 2952 4131 tantum
3018 4081 3169 4134 abest
3248 4091 3305 4135 ut
3363 4084 3415 4135 in

1902 4170 2181 4237 episcopos
2211 4167 2381 4227 cadat,
2424 4167 2658 4233 exceptis
2683 4166 3002 4235 quibusdam
3056 4171 3417 4238 archiepisco—

1906 4258 2008 4325 pis,
2067 4256 2156 4325 qui
2209 4262 2366 4321 caput
2441 4255 2540 4323 ipsi
2603 4270 2821 4307 suorum
2902 4265 3063 4319 sunt;
3139 4255 3416 4325 Bulgaria.

1907 4348 2143 4413 inquam,
2177 4352 2228 4398 et
2257 4343 2436 4413 Cypri,
2468 4350 2521 4396 et
2555 4345 2737 4410 paucis
2766 4345 3082 4411 quibusdam
3116 4348 3419 4414 metmpoli-

1841 4433 1880 4485 ο
1913 4432 2196 4500 tanis;qui
2224 4446 2287 4485 ex
2321 4431 2658 4497 imperatoria
2685 4433 2899 4497 speciali
2947 4434 3305 4487 muniﬁcentia
3330 4435 3420 4499 jus

281 4522 383 4572 hoc
422 4518 806 4571 obtinuerunt:
834 4518 1092 4585 sequitur,
1130 4518 1259 4573 solis
1301 4520 1709 4586 imperatoribus
1735 4531 1787 4575 et
1822 4521 2135 4592 patriarchis
2169 4533 2263 4586 per
2293 4520 2514 4585 gratiam
2566 4520 2796 4588 Spiritus
2825 4524 3014 4585 sancti,
3053 4530 3104 4578 et
3148 4538 3417 4596 acceptam

281 4608 583 4675 antiquitus
636 4608 1070 4660 coasuetudiuem
1126 4615 1284 4673 atque
1347 4607 1609 4669 ordinem,
1640 4610 1727 4676 jus
1752 4612 1852 4665 hoc
1899 4618 2111 4677 propter
2156 4607 2411 4659 iudicatas
2444 4621 2635 4660 causas
2664 4623 2780 4661 esse
2814 4623 3145 4661 concessum.

351 4703 471 4750 Ὅτι
500 4697 682 4751 δὲτῶν
710 4697 804 4765 μὲν
824 4698 1227 4765 αὐτοκρατόρων
1260 4700 1291 4766 ὴ
1319 4697 1504 4767 ἀρωγὴ
1534 4700 1667 4768 πρὸς
1694 4718 1801 4765 φω-

280 4788 472 4855 τισμὺν
501 4788 598 4838 καὶ
621 4786 874 4836 σύστασιν
902 4786 1264 4835 ἐπεκτείνεται
1292 4785 1461 4853 ψυχῆς
1484 4803 1540 4837 τε
1577 4790 1668 4840 καὶ
1695 4786 1801 4837 σώ-

284 4891 475 4943 ματος,
507 4874 567 4924 τὸ
594 4873 647 4924 δὲ
678 4873 955 4939 μεγαλεῖον
991 4871 1096 4922 τῶν
1122 4874 1464 4939 πατριαρχῶν
1510 4876 1587 4935 είς
1639 4875 1802 4941 μόνην

277 4962 516 5031 ψυχικὴν
538 4960 955 5028 ἐστενοχωρηται
987 4960 1307 5011 λυσιτέλειαν
1346 4961 1513 5030 (ὀλίγη
1535 4964 1637 5029 γὰρ
1684 4964 1804 5013 τού-

279 5068 392 5109 τοις
440 5046 554 5099 ἐστὶ
586 5049 796 5113 φροντὶς
846 5045 1129 5105 εὐπαθείας
1161 5047 1508 5113 σωματικῆς),
1550 5047 1803 5109 ὡσαύτως

280 5141 376 5191 καὶ
410 5140 443 5206 ἡ
472 5135 597 5202 περὶ
629 5135 749 5194 τοὺς
770 5135 1033 5200 ὑπηκόους
1062 5134 1158 5199 τῆς
1181 5134 1489 5201 βασιλίσσης
1518 5137 1799 5203 κηδεμονία

284 5232 379 5279 καὶ
446 5223 682 5291 μέριμνα
729 5224 861 5288 πρδς
914 5221 1075 5288 μόνην
1105 5222 1415 5289 σωματικὴν
1441 5222 1667 5282 εὐζωῖαν
1715 5225 1799 5285 ἐξ·

283 5315 528 5383 ήπλωται
552 5311 750 5380 (πάσης
784 5310 888 5377 γὰρ
915 5310 1141 5376 ψυχικῆς
1187 5308 1426 5378 βοηθείας
1453 5312 1506 5359 αί
1562 5314 1806 5375 γυναῖκες

283 5403 643 5469 ἐστέρηνται),
676 5401 728 5450 αἱ
759 5399 1028 5463 λαμπάδες
1058 5398 1154 5465 μὲν
1185 5401 1287 5449 τῶν
1330 5398 1583 5465 βασιλέων
1617 5400 1805 5461 διττοῖς

1973 4698 2109 4763 Quia
2137 4712 2259 4751 vero
2290 4698 2668 4765 imperatorum
2699 4699 2951 4752 auxilium
2985 4705 3047 4751 ad
3080 4703 3419 4757 illuminatio—

1906 4802 2021 4840 nem
2051 4797 2103 4840 et
2134 4787 2543 4841 stabilimentum
2579 4801 2697 4839 sese
2730 4795 2833 4839 tam
2876 4789 3057 4853 animi,
3102 4805 3256 4857 quam
3295 4808 3418 4844 cor-

1904 4877 2047 4945 poris
2107 4877 2377 4944 porrigit;
2450 4877 2795 4943 amplitudine
2870 4881 3291 4945 patriarcharum
3352 4885 3417 4936 ad

1902 4964 2061 5016 animi
2097 4965 2350 5017 duntaxat.
2383 4964 2659 5017 utilitatem
2727 4968 3012 5020 constricta
3055 4970 3416 5039 (perexiguam

1903 5056 2095 5119 quippe
2141 5064 2322 5104 curam
2368 5058 2556 5117 gerunt
2603 5051 2655 5102 hi
2704 5051 2768 5103 de
2817 5054 2975 5107 rebus
3022 5055 3085 5105 ad
3135 5069 3417 5123 corporum

1905 5140 2178 5194 commoda
2211 5139 2618 5207 spectantibus),
2670 5148 2722 5193 et
2746 5141 3095 5194 consimiliter
3122 5142 3422 5210 imperatri—

1906 5229 1986 5280 eis
2031 5240 2158 5278 cura
2204 5234 2257 5278 et
2305 5226 2605 5279 sollicitudo
2652 5227 2717 5280 de
2765 5228 3016 5287 subditis,
3057 5229 3312 5283 duntaxat
3356 5233 3418 5286 ad

1910 5317 2028 5367 vita:
2073 5314 2365 5380 Corporalis
2408 5316 2808 5382 prosperitatem
2847 5317 3149 5371 estenditur
3193 5321 3418 5388 (nullum

1910 5404 2048 5456 enim
2086 5402 2379 5455 animarum
2422 5417 2450 5455 a
2491 5404 2811 5457 mulierculis
2838 5407 3244 5473 exspectandum
3276 5411 3421 5461 auxi-

1750 5584 1971 5639 NOTAE.

358 5672 468 5741 (Si?)
507 5671 643 5723 Solis
672 5673 923 5725 t'iilrlit‘ist.
