  <div class='ocr_page' id='page_1' title='image "/cluster/home/n/w/nwhite01/storage/ocr_20150623/138/uva.x030486987/589.png"; bbox 0 0 4110 6458; ppageno 0'>
   <div class='ocr_carea' id='block_1_1' title="bbox 667 396 799 461">
    <p class='ocr_par' dir='ltr' id='par_1_1' title="bbox 667 396 799 461">
     <span class='ocr_line' id='line_1_1' title="bbox 667 396 799 461; baseline 0 -1"><span class='ocrx_word' id='word_1_1' title='bbox 667 396 799 461; x_wconf 79' lang='lat'><strong>1019</strong></span> 
     </span>
    </p>
   </div>
   <div class='ocr_carea' id='block_1_2' title="bbox 1903 410 2692 471">
    <p class='ocr_par' dir='ltr' id='par_1_2' title="bbox 1903 410 2692 471">
     <span class='ocr_line' id='line_1_2' title="bbox 1903 410 2692 471; baseline 0.005 -4"><span class='ocrx_word' id='word_1_2' title='bbox 1903 410 2180 469; x_wconf 70' lang='lat' dir='ltr'><strong>TllEUD.</strong></span> <span class='ocrx_word' id='word_1_3' title='bbox 2226 412 2692 471; x_wconf 59' lang='lat' dir='ltr'><strong>BALSAMONIS</strong></span> 
     </span>
    </p>
   </div>
   <div class='ocr_carea' id='block_1_3' title="bbox 3746 413 3880 478">
    <p class='ocr_par' dir='ltr' id='par_1_3' title="bbox 3746 413 3880 478">
     <span class='ocr_line' id='line_1_3' title="bbox 3746 413 3880 478; baseline 0.015 -2"><span class='ocrx_word' id='word_1_4' title='bbox 3746 413 3880 478; x_wconf 77' lang='lat'><strong>1020</strong></span> 
     </span>
    </p>
   </div>
   <div class='ocr_carea' id='block_1_4' title="bbox 666 531 2208 604">
    <p class='ocr_par' dir='ltr' id='par_1_4' title="bbox 666 532 2208 604">
     <span class='ocr_line' id='line_1_4' title="bbox 666 532 2208 604; baseline -0.001 -18"><span class='ocrx_word' id='word_1_5' title='bbox 666 533 826 601; x_wconf 87' lang='lat' dir='ltr'><strong>lium)</strong></span> <span class='ocrx_word' id='word_1_6' title='bbox 864 546 878 582; x_wconf 87' lang='lat'><strong>:</strong></span> <span class='ocrx_word' id='word_1_7' title='bbox 923 532 1125 588; x_wconf 88' lang='lat' dir='ltr'><strong>idcirco</strong></span> <span class='ocrx_word' id='word_1_8' title='bbox 1170 533 1316 588; x_wconf 80' lang='lat' dir='ltr'><strong>faces</strong></span> <span class='ocrx_word' id='word_1_9' title='bbox 1358 537 1742 602; x_wconf 69' lang='lat' dir='ltr'><strong>imperatorum</strong></span> <span class='ocrx_word' id='word_1_10' title='bbox 1779 536 2010 604; x_wconf 79' lang='lat' dir='ltr'><strong>geminis</strong></span> <span class='ocrx_word' id='word_1_11' title='bbox 2043 535 2208 585; x_wconf 74' lang='lat' dir='ltr'><strong>aurci:</strong></span> 
     </span>
    </p>
   </div>
   <div class='ocr_carea' id='block_1_5' title="bbox 2309 531 3870 604">
    <p class='ocr_par' dir='ltr' id='par_1_5' title="bbox 2325 531 3870 601">
     <span class='ocr_line' id='line_1_5' title="bbox 2325 531 3870 601; baseline 0.005 -21"><span class='ocrx_word' id='word_1_12' title='bbox 2325 532 2630 600; x_wconf 74' lang='grc' dir='ltr'><strong>διαχρύσοις</strong></span> <span class='ocrx_word' id='word_1_13' title='bbox 2693 533 3140 601; x_wconf 73' lang='grc' dir='ltr'>περιζωννύονται</span> <span class='ocrx_word' id='word_1_14' title='bbox 3178 531 3558 599; x_wconf 76' lang='grc' dir='ltr'>στεφανώμασι</span> <span class='ocrx_word' id='word_1_15' title='bbox 3591 549 3604 560; x_wconf 90' lang='grc'><strong>·</strong></span> <span class='ocrx_word' id='word_1_16' title='bbox 3652 536 3756 586; x_wconf 81' lang='grc' dir='ltr'>τῶν</span> <span class='ocrx_word' id='word_1_17' title='bbox 3813 539 3870 587; x_wconf 70' lang='grc' dir='ltr'><strong>ὁὶ</strong></span> 
     </span>
    </p>
   </div>
   <div class='ocr_carea' id='block_1_6' title="bbox 665 626 2224 693">
    <p class='ocr_par' dir='ltr' id='par_1_6' title="bbox 665 626 2224 693">
     <span class='ocr_line' id='line_1_6' title="bbox 665 626 2224 693; baseline 0 -17"><span class='ocrx_word' id='word_1_18' title='bbox 665 626 960 692; x_wconf 87' lang='lat' dir='ltr'><strong>cinguntur</strong></span> <span class='ocrx_word' id='word_1_19' title='bbox 1018 627 1259 689; x_wconf 83' lang='lat' dir='ltr'><strong>corollis,</strong></span> <span class='ocrx_word' id='word_1_20' title='bbox 1314 641 1436 679; x_wconf 91' lang='lat' dir='ltr'><strong>cum</strong></span> <span class='ocrx_word' id='word_1_21' title='bbox 1495 641 1612 693; x_wconf 78' lang='lat' dir='ltr'><strong>qua:</strong></span> <span class='ocrx_word' id='word_1_22' title='bbox 1684 627 2112 693; x_wconf 81' lang='lat' dir='ltr'><strong>patriarcharum</strong></span> <span class='ocrx_word' id='word_1_23' title='bbox 2171 635 2224 676; x_wconf 88' lang='lat' dir='ltr'><strong>et</strong></span> 
     </span>
    </p>
   </div>
   <div class='ocr_carea' id='block_1_7' title="bbox 665 712 2225 785">
    <p class='ocr_par' dir='ltr' id='par_1_7' title="bbox 665 712 2225 785">
     <span class='ocr_line' id='line_1_7' title="bbox 665 712 2225 785; baseline 0.001 -21"><span class='ocrx_word' id='word_1_24' title='bbox 665 712 1030 782; x_wconf 85' lang='lat' dir='ltr'><strong>imperatricis</strong></span> <span class='ocrx_word' id='word_1_25' title='bbox 1087 727 1232 778; x_wconf 86' lang='lat' dir='ltr'><strong>sunt,</strong></span> <span class='ocrx_word' id='word_1_26' title='bbox 1285 731 1392 769; x_wconf 89' lang='lat' dir='ltr'><strong>uno</strong></span> <span class='ocrx_word' id='word_1_27' title='bbox 1442 717 1595 785; x_wconf 87' lang='lat' dir='ltr'><strong>quasi</strong></span> <span class='ocrx_word' id='word_1_28' title='bbox 1643 716 1944 783; x_wconf 84' lang='lat' dir='ltr'><strong>sepimento</strong></span> <span class='ocrx_word' id='word_1_29' title='bbox 1989 716 2225 767; x_wconf 84' lang='lat' dir='ltr'><strong>circum-</strong></span> 
     </span>
    </p>
   </div>
   <div class='ocr_carea' id='block_1_8' title="bbox 663 804 2224 875">
    <p class='ocr_par' dir='ltr' id='par_1_8' title="bbox 663 804 2224 875">
     <span class='ocr_line' id='line_1_8' title="bbox 663 804 2224 875; baseline 0.001 -20"><span class='ocrx_word' id='word_1_30' title='bbox 663 805 879 856; x_wconf 85' lang='lat' dir='ltr'><strong>dentur.</strong></span> <span class='ocrx_word' id='word_1_31' title='bbox 924 805 1027 858; x_wconf 91' lang='lat' dir='ltr'><strong>Sed</strong></span> <span class='ocrx_word' id='word_1_32' title='bbox 1058 806 1197 861; x_wconf 91' lang='lat' dir='ltr'><strong>dicet</strong></span> <span class='ocrx_word' id='word_1_33' title='bbox 1224 809 1488 875; x_wconf 84' lang='lat' dir='ltr'><strong>quispiam</strong></span> <span class='ocrx_word' id='word_1_34' title='bbox 1518 823 1531 859; x_wconf 89' lang='lat'><strong>:</strong></span> <span class='ocrx_word' id='word_1_35' title='bbox 1565 806 1644 858; x_wconf 92' lang='lat' dir='ltr'><strong>Sit</strong></span> <span class='ocrx_word' id='word_1_36' title='bbox 1679 806 1776 868; x_wconf 89' lang='lat' dir='ltr'><strong>ita,</strong></span> <span class='ocrx_word' id='word_1_37' title='bbox 1800 820 1951 858; x_wconf 90' lang='lat' dir='ltr'><strong>sane.</strong></span> <span class='ocrx_word' id='word_1_38' title='bbox 1985 804 2224 857; x_wconf 86' lang='lat' dir='ltr'><strong>Conces-</strong></span> 
     </span>
    </p>
   </div>
   <div class='ocr_carea' id='block_1_9' title="bbox 663 891 2218 962">
    <p class='ocr_par' dir='ltr' id='par_1_9' title="bbox 663 891 2218 962">
     <span class='ocr_line' id='line_1_9' title="bbox 663 891 2218 962; baseline -0.001 -18"><span class='ocrx_word' id='word_1_39' title='bbox 663 905 782 944; x_wconf 82' lang='lat' dir='ltr'><strong>sum</strong></span> <span class='ocrx_word' id='word_1_40' title='bbox 811 901 950 953; x_wconf 88' lang='lat' dir='ltr'><strong>esto,</strong></span> <span class='ocrx_word' id='word_1_41' title='bbox 978 895 1224 948; x_wconf 89' lang='lat' dir='ltr'><strong>lucernas</strong></span> <span class='ocrx_word' id='word_1_42' title='bbox 1253 895 1640 962; x_wconf 83' lang='lat' dir='ltr'><strong>patriarchales</strong></span> <span class='ocrx_word' id='word_1_43' title='bbox 1671 891 1890 946; x_wconf 90' lang='lat' dir='ltr'><strong>accendi</strong></span> <span class='ocrx_word' id='word_1_44' title='bbox 1925 907 2018 960; x_wconf 90' lang='lat' dir='ltr'><strong>per</strong></span> <span class='ocrx_word' id='word_1_45' title='bbox 2043 891 2218 958; x_wconf 87' lang='lat' dir='ltr'><strong>ignem</strong></span> 
     </span>
    </p>
   </div>
   <div class='ocr_carea' id='block_1_10' title="bbox 663 979 2219 1052">
    <p class='ocr_par' dir='ltr' id='par_1_10' title="bbox 663 979 2219 1052">
     <span class='ocr_line' id='line_1_10' title="bbox 663 979 2219 1052; baseline 0.002 -21"><span class='ocrx_word' id='word_1_46' title='bbox 663 987 744 1032; x_wconf 78' lang='lat' dir='ltr'><strong>tot</strong></span> <span class='ocrx_word' id='word_1_47' title='bbox 769 981 1142 1047; x_wconf 85' lang='lat' dir='ltr'><strong>traditionum,</strong></span> <span class='ocrx_word' id='word_1_48' title='bbox 1167 985 1276 1036; x_wconf 85' lang='lat' dir='ltr'><strong>veri</strong></span> <span class='ocrx_word' id='word_1_49' title='bbox 1311 986 1541 1052; x_wconf 83' lang='lat' dir='ltr'><strong>speciem</strong></span> <span class='ocrx_word' id='word_1_50' title='bbox 1574 983 1906 1036; x_wconf 88' lang='lat' dir='ltr'><strong>habentium.</strong></span> <span class='ocrx_word' id='word_1_51' title='bbox 1937 980 2042 1034; x_wconf 88' lang='lat' dir='ltr'><strong>Sed</strong></span> <span class='ocrx_word' id='word_1_52' title='bbox 2074 979 2219 1034; x_wconf 82' lang='lat' dir='ltr'><strong>unde</strong></span> 
     </span>
    </p>
   </div>
   <div class='ocr_carea' id='block_1_11' title="bbox 662 1069 2217 1139">
    <p class='ocr_par' dir='ltr' id='par_1_11' title="bbox 662 1069 2217 1139">
     <span class='ocr_line' id='line_1_11' title="bbox 662 1069 2217 1139; baseline 0.002 -20"><span class='ocrx_word' id='word_1_53' title='bbox 662 1069 963 1136; x_wconf 80' lang='lat' dir='ltr'><strong>profectum</strong></span> <span class='ocrx_word' id='word_1_54' title='bbox 993 1081 1094 1133; x_wconf 84' lang='lat' dir='ltr'><strong>est,</strong></span> <span class='ocrx_word' id='word_1_55' title='bbox 1118 1075 1258 1138; x_wconf 85' lang='lat' dir='ltr'><strong>quod</strong></span> <span class='ocrx_word' id='word_1_56' title='bbox 1286 1073 1488 1125; x_wconf 80' lang='lat' dir='ltr'><strong>eisdem</strong></span> <span class='ocrx_word' id='word_1_57' title='bbox 1523 1087 1585 1124; x_wconf 90' lang='lat' dir='ltr'><strong>ex</strong></span> <span class='ocrx_word' id='word_1_58' title='bbox 1617 1081 1840 1139; x_wconf 88' lang='lat' dir='ltr'><strong>argento</strong></span> <span class='ocrx_word' id='word_1_59' title='bbox 1863 1072 1945 1123; x_wconf 87' lang='lat' dir='ltr'><strong>vis</strong></span> <span class='ocrx_word' id='word_1_60' title='bbox 1972 1070 2217 1139; x_wconf 75' lang='lat' dir='ltr'><strong>quaedam</strong></span> 
     </span>
    </p>
   </div>
   <div class='ocr_carea' id='block_1_12' title="bbox 661 1156 2216 1225">
    <p class='ocr_par' dir='ltr' id='par_1_12' title="bbox 661 1156 2216 1225">
     <span class='ocr_line' id='line_1_12' title="bbox 661 1156 2216 1225; baseline 0.001 -19"><span class='ocrx_word' id='word_1_61' title='bbox 661 1156 924 1208; x_wconf 81' lang='lat' dir='ltr'><strong>accedat?</strong></span> <span class='ocrx_word' id='word_1_62' title='bbox 958 1156 1287 1220; x_wconf 82' lang='lat' dir='ltr'><strong>Suﬂiciehat,</strong></span> <span class='ocrx_word' id='word_1_63' title='bbox 1322 1160 1582 1210; x_wconf 90' lang='lat' dir='ltr'><strong>duntaxat</strong></span> <span class='ocrx_word' id='word_1_64' title='bbox 1619 1159 1974 1210; x_wconf 75' lang='lat' dir='ltr'><strong>ecclesiarum</strong></span> <span class='ocrx_word' id='word_1_65' title='bbox 2025 1157 2216 1225; x_wconf 83' lang='lat' dir='ltr'><strong>capiti-</strong></span> 
     </span>
    </p>
   </div>
   <div class='ocr_carea' id='block_1_13' title="bbox 661 1245 2210 1316">
    <p class='ocr_par' dir='ltr' id='par_1_13' title="bbox 661 1245 2210 1316">
     <span class='ocr_line' id='line_1_13' title="bbox 661 1245 2210 1316; baseline 0.001 -19"><span class='ocrx_word' id='word_1_66' title='bbox 661 1245 765 1298; x_wconf 89' lang='lat' dir='ltr'><strong>bus</strong></span> <span class='ocrx_word' id='word_1_67' title='bbox 822 1262 916 1314; x_wconf 87' lang='lat' dir='ltr'><strong>per</strong></span> <span class='ocrx_word' id='word_1_68' title='bbox 974 1249 1250 1313; x_wconf 78' lang='lat' dir='ltr'><strong>lampadas</strong></span> <span class='ocrx_word' id='word_1_69' title='bbox 1313 1249 1611 1316; x_wconf 81' lang='lat' dir='ltr'><strong>iuajestatis</strong></span> <span class='ocrx_word' id='word_1_70' title='bbox 1667 1249 1866 1314; x_wconf 89' lang='lat' dir='ltr'><strong>aliquid</strong></span> <span class='ocrx_word' id='word_1_71' title='bbox 1930 1247 2210 1308; x_wconf 89' lang='lat' dir='ltr'><strong>accedere,</strong></span> 
     </span>
    </p>
   </div>
   <div class='ocr_carea' id='block_1_14' title="bbox 662 1336 2213 1405">
    <p class='ocr_par' dir='ltr' id='par_1_14' title="bbox 662 1336 2213 1405">
     <span class='ocr_line' id='line_1_14' title="bbox 662 1336 2213 1405; baseline 0.001 -19"><span class='ocrx_word' id='word_1_72' title='bbox 662 1344 823 1402; x_wconf 91' lang='lat' dir='ltr'><strong>atque</strong></span> <span class='ocrx_word' id='word_1_73' title='bbox 853 1336 1068 1389; x_wconf 81' lang='lat' dir='ltr'><strong>interim</strong></span> <span class='ocrx_word' id='word_1_74' title='bbox 1101 1353 1215 1398; x_wconf 83' lang='lat' dir='ltr'><strong>eus,</strong></span> <span class='ocrx_word' id='word_1_75' title='bbox 1245 1338 1335 1404; x_wconf 85' lang='lat' dir='ltr'><strong>qui</strong></span> <span class='ocrx_word' id='word_1_76' title='bbox 1369 1346 1634 1405; x_wconf 76' lang='lat' dir='ltr'><strong>vagantur</strong></span> <span class='ocrx_word' id='word_1_77' title='bbox 1666 1338 1716 1388; x_wconf 91' lang='lat' dir='ltr'><strong>in</strong></span> <span class='ocrx_word' id='word_1_78' title='bbox 1747 1337 1962 1397; x_wconf 82' lang='lat' dir='ltr'><strong>exsilio,</strong></span> <span class='ocrx_word' id='word_1_79' title='bbox 1999 1344 2051 1388; x_wconf 82' lang='lat' dir='ltr'><strong>et</strong></span> <span class='ocrx_word' id='word_1_80' title='bbox 2081 1350 2213 1404; x_wconf 85' lang='lat' dir='ltr'><strong>pau-</strong></span> 
     </span>
    </p>
   </div>
   <div class='ocr_carea' id='block_1_15' title="bbox 658 1422 2214 1491">
    <p class='ocr_par' dir='ltr' id='par_1_15' title="bbox 658 1422 2214 1491">
     <span class='ocr_line' id='line_1_15' title="bbox 658 1422 2214 1491; baseline -0.001 -15"><span class='ocrx_word' id='word_1_81' title='bbox 658 1437 814 1491; x_wconf 89' lang='lat' dir='ltr'><strong>peres</strong></span> <span class='ocrx_word' id='word_1_82' title='bbox 843 1433 991 1481; x_wconf 89' lang='lat' dir='ltr'><strong>sunt.</strong></span> <span class='ocrx_word' id='word_1_83' title='bbox 1019 1438 1134 1476; x_wconf 89' lang='lat' dir='ltr'><strong>eam</strong></span> <span class='ocrx_word' id='word_1_84' title='bbox 1170 1426 1239 1476; x_wconf 82' lang='lat' dir='ltr'><strong>ob</strong></span> <span class='ocrx_word' id='word_1_85' title='bbox 1273 1438 1491 1477; x_wconf 80' lang='lat' dir='ltr'><strong>causam</strong></span> <span class='ocrx_word' id='word_1_86' title='bbox 1525 1439 1631 1477; x_wconf 92' lang='lat' dir='ltr'><strong>non</strong></span> <span class='ocrx_word' id='word_1_87' title='bbox 1663 1423 1868 1476; x_wconf 80' lang='lat' dir='ltr'><strong>vexari.</strong></span> <span class='ocrx_word' id='word_1_88' title='bbox 1901 1422 2214 1488; x_wconf 73' lang='lat' dir='ltr'><strong>ReSponde-</strong></span> 
     </span>
    </p>
   </div>
   <div class='ocr_carea' id='block_1_16' title="bbox 659 1511 2210 1579">
    <p class='ocr_par' dir='ltr' id='par_1_16' title="bbox 659 1511 2210 1579">
     <span class='ocr_line' id='line_1_16' title="bbox 659 1511 2210 1579; baseline -0.001 -16"><span class='ocrx_word' id='word_1_89' title='bbox 659 1527 802 1572; x_wconf 87' lang='lat' dir='ltr'><strong>mus,</strong></span> <span class='ocrx_word' id='word_1_90' title='bbox 855 1512 1132 1579; x_wconf 85' lang='lat' dir='ltr'><strong>piissimus</strong></span> <span class='ocrx_word' id='word_1_91' title='bbox 1192 1512 1569 1578; x_wconf 88' lang='lat' dir='ltr'><strong>imperatores,</strong></span> <span class='ocrx_word' id='word_1_92' title='bbox 1633 1517 1686 1562; x_wconf 88' lang='lat' dir='ltr'><strong>et</strong></span> <span class='ocrx_word' id='word_1_93' title='bbox 1741 1511 2210 1564; x_wconf 87' lang='lat' dir='ltr'><strong>sanctissimorum</strong></span> 
     </span>
    </p>
   </div>
   <div class='ocr_carea' id='block_1_17' title="bbox 657 1598 2206 1670">
    <p class='ocr_par' dir='ltr' id='par_1_17' title="bbox 657 1598 2206 1670">
     <span class='ocr_line' id='line_1_17' title="bbox 657 1598 2206 1670; baseline -0.001 -18"><span class='ocrx_word' id='word_1_94' title='bbox 657 1601 1087 1668; x_wconf 84' lang='lat' dir='ltr'><strong>patriarcharum</strong></span> <span class='ocrx_word' id='word_1_95' title='bbox 1131 1601 1462 1670; x_wconf 89' lang='lat' dir='ltr'><strong>quinarium,</strong></span> <span class='ocrx_word' id='word_1_96' title='bbox 1515 1615 1634 1655; x_wconf 89' lang='lat' dir='ltr'><strong>esse</strong></span> <span class='ocrx_word' id='word_1_97' title='bbox 1679 1600 1884 1654; x_wconf 81' lang='lat' dir='ltr'><strong>similes</strong></span> <span class='ocrx_word' id='word_1_98' title='bbox 1929 1598 2206 1668; x_wconf 75' lang='lat' dir='ltr'><strong>agricolis,</strong></span> 
     </span>
    </p>
   </div>
   <div class='ocr_carea' id='block_1_18' title="bbox 655 1691 2208 1758">
    <p class='ocr_par' dir='ltr' id='par_1_18' title="bbox 655 1691 2208 1758">
     <span class='ocr_line' id='line_1_18' title="bbox 655 1691 2208 1758; baseline -0.003 -14"><span class='ocrx_word' id='word_1_99' title='bbox 655 1692 1082 1745; x_wconf 85' lang='lat' dir='ltr'><strong>consistentibus</strong></span> <span class='ocrx_word' id='word_1_100' title='bbox 1142 1693 1194 1743; x_wconf 91' lang='lat' dir='ltr'><strong>in</strong></span> <span class='ocrx_word' id='word_1_101' title='bbox 1257 1706 1379 1745; x_wconf 88' lang='lat' dir='ltr'><strong>area</strong></span> <span class='ocrx_word' id='word_1_102' title='bbox 1448 1691 1700 1744; x_wconf 80' lang='lat' dir='ltr'><strong>frumenti</strong></span> <span class='ocrx_word' id='word_1_103' title='bbox 1769 1691 2084 1758; x_wconf 89' lang='lat' dir='ltr'><strong>largitrice.</strong></span> <span class='ocrx_word' id='word_1_104' title='bbox 2145 1703 2208 1741; x_wconf 81' lang='lat' dir='ltr'><strong>ae</strong></span> 
     </span>
    </p>
   </div>
   <div class='ocr_carea' id='block_1_19' title="bbox 655 1780 2205 1847">
    <p class='ocr_par' dir='ltr' id='par_1_19' title="bbox 655 1780 2205 1847">
     <span class='ocr_line' id='line_1_19' title="bbox 655 1780 2205 1847; baseline -0.003 -14"><span class='ocrx_word' id='word_1_105' title='bbox 655 1782 954 1835; x_wconf 80' lang='lat' dir='ltr'><strong>ventilabro</strong></span> <span class='ocrx_word' id='word_1_106' title='bbox 989 1780 1262 1834; x_wconf 84' lang='lat' dir='ltr'><strong>unctionis</strong></span> <span class='ocrx_word' id='word_1_107' title='bbox 1288 1781 1634 1834; x_wconf 89' lang='lat' dir='ltr'><strong>vitiositatem</strong></span> <span class='ocrx_word' id='word_1_108' title='bbox 1667 1796 1765 1834; x_wconf 90' lang='lat' dir='ltr'><strong>ceu</strong></span> <span class='ocrx_word' id='word_1_109' title='bbox 1807 1782 1986 1847; x_wconf 79' lang='lat' dir='ltr'><strong>paleas</strong></span> <span class='ocrx_word' id='word_1_110' title='bbox 2023 1788 2205 1831; x_wconf 87' lang='lat' dir='ltr'><strong>exter-</strong></span> 
     </span>
    </p>
   </div>
   <div class='ocr_carea' id='block_1_20' title="bbox 657 1871 1994 1938">
    <p class='ocr_par' dir='ltr' id='par_1_20' title="bbox 657 1871 1994 1938">
     <span class='ocr_line' id='line_1_20' title="bbox 657 1871 1994 1938; baseline -0.001 -15"><span class='ocrx_word' id='word_1_111' title='bbox 657 1872 908 1932; x_wconf 84' lang='lat' dir='ltr'><strong>minare,</strong></span> <span class='ocrx_word' id='word_1_112' title='bbox 961 1881 1012 1923; x_wconf 89' lang='lat' dir='ltr'><strong>et</strong></span> <span class='ocrx_word' id='word_1_113' title='bbox 1063 1871 1313 1923; x_wconf 82' lang='lat' dir='ltr'><strong>virtutem</strong></span> <span class='ocrx_word' id='word_1_114' title='bbox 1368 1885 1464 1923; x_wconf 88' lang='lat' dir='ltr'><strong>ceu</strong></span> <span class='ocrx_word' id='word_1_115' title='bbox 1515 1885 1682 1938; x_wconf 89' lang='lat' dir='ltr'><strong>grana</strong></span> <span class='ocrx_word' id='word_1_116' title='bbox 1739 1871 1994 1938; x_wconf 76' lang='lat' dir='ltr'><strong>colligere</strong></span> 
     </span>
    </p>
   </div>
   <div class='ocr_carea' id='block_1_21' title="bbox 657 1958 2208 2026">
    <p class='ocr_par' dir='ltr' id='par_1_21' title="bbox 657 1958 2208 2026">
     <span class='ocr_line' id='line_1_21' title="bbox 657 1958 2208 2026; baseline -0.003 -12"><span class='ocrx_word' id='word_1_117' title='bbox 657 1961 862 2014; x_wconf 86' lang='lat' dir='ltr'><strong>similes</strong></span> <span class='ocrx_word' id='word_1_118' title='bbox 930 1975 1052 2014; x_wconf 89' lang='lat' dir='ltr'><strong>esse</strong></span> <span class='ocrx_word' id='word_1_119' title='bbox 1127 1961 1333 2014; x_wconf 84' lang='lat' dir='ltr'><strong>normis</strong></span> <span class='ocrx_word' id='word_1_120' title='bbox 1399 1968 1544 2014; x_wconf 89' lang='lat' dir='ltr'><strong>recta</strong></span> <span class='ocrx_word' id='word_1_121' title='bbox 1613 1959 1800 2012; x_wconf 80' lang='lat' dir='ltr'><strong>circuli</strong></span> <span class='ocrx_word' id='word_1_122' title='bbox 1868 1958 2208 2026; x_wconf 82' lang='lat' dir='ltr'><strong>superﬁciem</strong></span> 
     </span>
    </p>
   </div>
   <div class='ocr_carea' id='block_1_22' title="bbox 655 2045 2210 2116">
    <p class='ocr_par' dir='ltr' id='par_1_22' title="bbox 655 2045 2210 2116">
     <span class='ocr_line' id='line_1_22' title="bbox 655 2045 2210 2116; baseline -0.004 -14"><span class='ocrx_word' id='word_1_123' title='bbox 655 2049 979 2103; x_wconf 88' lang='lat' dir='ltr'><strong>librantibus</strong></span> <span class='ocrx_word' id='word_1_124' title='bbox 1035 2057 1088 2101; x_wconf 89' lang='lat' dir='ltr'><strong>et</strong></span> <span class='ocrx_word' id='word_1_125' title='bbox 1161 2057 1408 2102; x_wconf 90' lang='lat' dir='ltr'><strong>centrum</strong></span> <span class='ocrx_word' id='word_1_126' title='bbox 1461 2063 1556 2116; x_wconf 90' lang='lat' dir='ltr'><strong>per</strong></span> <span class='ocrx_word' id='word_1_127' title='bbox 1606 2048 1835 2116; x_wconf 68' lang='lat' dir='ltr'><strong>justitiae</strong></span> <span class='ocrx_word' id='word_1_128' title='bbox 1883 2047 2062 2100; x_wconf 82' lang='lat' dir='ltr'><strong>radios</strong></span> <span class='ocrx_word' id='word_1_129' title='bbox 2099 2045 2210 2098; x_wconf 81' lang='lat' dir='ltr'><strong>col-</strong></span> 
     </span>
    </p>
   </div>
   <div class='ocr_carea' id='block_1_23' title="bbox 656 2137 2204 2204">
    <p class='ocr_par' dir='ltr' id='par_1_23' title="bbox 656 2137 2204 2204">
     <span class='ocr_line' id='line_1_23' title="bbox 656 2137 2204 2204; baseline -0.003 -12"><span class='ocrx_word' id='word_1_130' title='bbox 656 2139 1010 2193; x_wconf 83' lang='lat' dir='ltr'><strong>lustrantibus</strong></span> <span class='ocrx_word' id='word_1_131' title='bbox 1047 2154 1061 2190; x_wconf 90' lang='lat'><strong>:</strong></span> <span class='ocrx_word' id='word_1_132' title='bbox 1105 2140 1185 2192; x_wconf 75' lang='lat' dir='ltr'><strong>vel</strong></span> <span class='ocrx_word' id='word_1_133' title='bbox 1227 2139 1484 2191; x_wconf 88' lang='lat' dir='ltr'><strong>maritimi</strong></span> <span class='ocrx_word' id='word_1_134' title='bbox 1519 2140 1717 2204; x_wconf 75' lang='lat' dir='ltr'><strong>navigii</strong></span> <span class='ocrx_word' id='word_1_135' title='bbox 1757 2139 1913 2190; x_wconf 90' lang='lat' dir='ltr'><strong>malis</strong></span> <span class='ocrx_word' id='word_1_136' title='bbox 1953 2153 2017 2190; x_wconf 90' lang='lat' dir='ltr'><strong>ac</strong></span> <span class='ocrx_word' id='word_1_137' title='bbox 2050 2137 2204 2197; x_wconf 83' lang='lat' dir='ltr'><strong>velis,</strong></span> 
     </span>
    </p>
   </div>
   <div class='ocr_carea' id='block_1_24' title="bbox 651 2225 2208 2298">
    <p class='ocr_par' dir='ltr' id='par_1_24' title="bbox 651 2225 2208 2298">
     <span class='ocr_line' id='line_1_24' title="bbox 651 2225 2208 2298; baseline -0.004 -15"><span class='ocrx_word' id='word_1_138' title='bbox 651 2231 779 2283; x_wconf 89' lang='lat' dir='ltr'><strong>dum</strong></span> <span class='ocrx_word' id='word_1_139' title='bbox 813 2230 1177 2298; x_wconf 88' lang='lat' dir='ltr'><strong>imperatoriis</strong></span> <span class='ocrx_word' id='word_1_140' title='bbox 1207 2231 1472 2291; x_wconf 85' lang='lat' dir='ltr'><strong>consiliis,</strong></span> <span class='ocrx_word' id='word_1_141' title='bbox 1506 2238 1558 2282; x_wconf 90' lang='lat' dir='ltr'><strong>et</strong></span> <span class='ocrx_word' id='word_1_142' title='bbox 1589 2227 1873 2296; x_wconf 66' lang='lat' dir='ltr'><strong>praaceptis</strong></span> <span class='ocrx_word' id='word_1_143' title='bbox 1906 2225 2208 2294; x_wconf 83' lang='lat' dir='ltr'><strong>spirituali-</strong></span> 
     </span>
    </p>
   </div>
   <div class='ocr_carea' id='block_1_25' title="bbox 651 2319 2204 2390">
    <p class='ocr_par' dir='ltr' id='par_1_25' title="bbox 651 2319 2204 2390">
     <span class='ocr_line' id='line_1_25' title="bbox 651 2319 2204 2390; baseline -0.003 -17"><span class='ocrx_word' id='word_1_144' title='bbox 651 2321 753 2374; x_wconf 89' lang='lat' dir='ltr'><strong>bus</strong></span> <span class='ocrx_word' id='word_1_145' title='bbox 809 2321 1056 2390; x_wconf 84' lang='lat' dir='ltr'><strong>cymbam</strong></span> <span class='ocrx_word' id='word_1_146' title='bbox 1117 2321 1299 2372; x_wconf 91' lang='lat' dir='ltr'><strong>mundi</strong></span> <span class='ocrx_word' id='word_1_147' title='bbox 1366 2321 1526 2387; x_wconf 87' lang='lat' dir='ltr'><strong>hujus</strong></span> <span class='ocrx_word' id='word_1_148' title='bbox 1586 2319 1908 2372; x_wconf 88' lang='lat' dir='ltr'><strong>incolumem</strong></span> <span class='ocrx_word' id='word_1_149' title='bbox 1967 2323 2204 2370; x_wconf 86' lang='lat' dir='ltr'><strong>servant.</strong></span> 
     </span>
    </p>
   </div>
   <div class='ocr_carea' id='block_1_26' title="bbox 651 2407 2205 2478">
    <p class='ocr_par' dir='ltr' id='par_1_26' title="bbox 651 2407 2205 2478">
     <span class='ocr_line' id='line_1_26' title="bbox 651 2407 2205 2478; baseline -0.004 -14"><span class='ocrx_word' id='word_1_150' title='bbox 651 2411 770 2475; x_wconf 88' lang='lat' dir='ltr'><strong>Quo</strong></span> <span class='ocrx_word' id='word_1_151' title='bbox 803 2412 881 2469; x_wconf 88' lang='lat' dir='ltr'><strong>lit,</strong></span> <span class='ocrx_word' id='word_1_152' title='bbox 925 2419 982 2463; x_wconf 87' lang='lat' dir='ltr'><strong>ut</strong></span> <span class='ocrx_word' id='word_1_153' title='bbox 1022 2426 1144 2463; x_wconf 88' lang='lat' dir='ltr'><strong>cum</strong></span> <span class='ocrx_word' id='word_1_154' title='bbox 1177 2412 1386 2478; x_wconf 78' lang='lat' dir='ltr'><strong>exiguis</strong></span> <span class='ocrx_word' id='word_1_155' title='bbox 1429 2424 1619 2478; x_wconf 87' lang='lat' dir='ltr'><strong>magna</strong></span> <span class='ocrx_word' id='word_1_156' title='bbox 1665 2417 2042 2478; x_wconf 88' lang='lat' dir='ltr'><strong>comparantes</strong></span> <span class='ocrx_word' id='word_1_157' title='bbox 2078 2407 2205 2460; x_wconf 87' lang='lat' dir='ltr'><strong>reli-</strong></span> 
     </span>
    </p>
   </div>
   <div class='ocr_carea' id='block_1_27' title="bbox 651 2500 2204 2571">
    <p class='ocr_par' dir='ltr' id='par_1_27' title="bbox 651 2500 2204 2571">
     <span class='ocr_line' id='line_1_27' title="bbox 651 2500 2204 2571; baseline -0.001 -17"><span class='ocrx_word' id='word_1_158' title='bbox 651 2501 946 2570; x_wconf 82' lang='lat' dir='ltr'><strong>giosissimi</strong></span> <span class='ocrx_word' id='word_1_159' title='bbox 979 2503 1359 2571; x_wconf 84' lang='lat' dir='ltr'><strong>imperatores,</strong></span> <span class='ocrx_word' id='word_1_160' title='bbox 1392 2511 1553 2571; x_wconf 88' lang='lat' dir='ltr'><strong>atque</strong></span> <span class='ocrx_word' id='word_1_161' title='bbox 1579 2503 1720 2555; x_wconf 89' lang='lat' dir='ltr'><strong>inter</strong></span> <span class='ocrx_word' id='word_1_162' title='bbox 1747 2512 1966 2556; x_wconf 89' lang='lat' dir='ltr'><strong>sanctos</strong></span> <span class='ocrx_word' id='word_1_163' title='bbox 1995 2500 2204 2562; x_wconf 87' lang='lat' dir='ltr'><strong>Patres,</strong></span> 
     </span>
    </p>
   </div>
   <div class='ocr_carea' id='block_1_28' title="bbox 647 2590 2207 2658">
    <p class='ocr_par' dir='ltr' id='par_1_28' title="bbox 647 2590 2207 2658">
     <span class='ocr_line' id='line_1_28' title="bbox 647 2590 2207 2658; baseline -0.002 -13"><span class='ocrx_word' id='word_1_164' title='bbox 647 2590 830 2645; x_wconf 85' lang='lat' dir='ltr'><strong>eximii</strong></span> <span class='ocrx_word' id='word_1_165' title='bbox 874 2591 1076 2658; x_wconf 83' lang='lat' dir='ltr'><strong>quique</strong></span> <span class='ocrx_word' id='word_1_166' title='bbox 1125 2594 1437 2645; x_wconf 89' lang='lat' dir='ltr'><strong>necessario</strong></span> <span class='ocrx_word' id='word_1_167' title='bbox 1484 2592 1793 2650; x_wconf 84' lang='lat' dir='ltr'><strong>statuerint,</strong></span> <span class='ocrx_word' id='word_1_168' title='bbox 1843 2591 1944 2645; x_wconf 89' lang='lat' dir='ltr'><strong>ista</strong></span> <span class='ocrx_word' id='word_1_169' title='bbox 1997 2592 2207 2643; x_wconf 81' lang='lat' dir='ltr'><strong>ratione</strong></span> 
     </span>
    </p>
   </div>
   <div class='ocr_carea' id='block_1_29' title="bbox 649 2679 2206 2748">
    <p class='ocr_par' dir='ltr' id='par_1_29' title="bbox 649 2679 2206 2748">
     <span class='ocr_line' id='line_1_29' title="bbox 649 2679 2206 2748; baseline -0.001 -18"><span class='ocrx_word' id='word_1_170' title='bbox 649 2679 989 2732; x_wconf 86' lang='lat' dir='ltr'><strong>cumitandos</strong></span> <span class='ocrx_word' id='word_1_171' title='bbox 1022 2693 1143 2733; x_wconf 86' lang='lat' dir='ltr'><strong>esse</strong></span> <span class='ocrx_word' id='word_1_172' title='bbox 1177 2694 1404 2746; x_wconf 87' lang='lat' dir='ltr'><strong>magnos</strong></span> <span class='ocrx_word' id='word_1_173' title='bbox 1441 2681 1748 2748; x_wconf 84' lang='lat' dir='ltr'><strong>pontiﬁces,</strong></span> <span class='ocrx_word' id='word_1_174' title='bbox 1784 2682 2009 2748; x_wconf 83' lang='lat' dir='ltr'><strong>parique</strong></span> <span class='ocrx_word' id='word_1_175' title='bbox 2047 2679 2206 2731; x_wconf 87' lang='lat' dir='ltr'><strong>modo</strong></span> 
     </span>
    </p>
   </div>
   <div class='ocr_carea' id='block_1_30' title="bbox 651 2766 2206 2836">
    <p class='ocr_par' dir='ltr' id='par_1_30' title="bbox 651 2766 2206 2836">
     <span class='ocr_line' id='line_1_30' title="bbox 651 2766 2206 2836; baseline 0.003 -21"><span class='ocrx_word' id='word_1_176' title='bbox 651 2771 758 2816; x_wconf 85' lang='lat' dir='ltr'><strong>tam</strong></span> <span class='ocrx_word' id='word_1_177' title='bbox 807 2766 1146 2832; x_wconf 78' lang='lat' dir='ltr'><strong>opulentum,</strong></span> <span class='ocrx_word' id='word_1_178' title='bbox 1185 2782 1344 2834; x_wconf 88' lang='lat' dir='ltr'><strong>quam</strong></span> <span class='ocrx_word' id='word_1_179' title='bbox 1394 2782 1685 2836; x_wconf 89' lang='lat' dir='ltr'><strong>pauperem</strong></span> <span class='ocrx_word' id='word_1_180' title='bbox 1735 2768 2040 2822; x_wconf 86' lang='lat' dir='ltr'><strong>habendum</strong></span> <span class='ocrx_word' id='word_1_181' title='bbox 2085 2782 2100 2819; x_wconf 91' lang='lat'>:</span> <span class='ocrx_word' id='word_1_182' title='bbox 2140 2775 2206 2820; x_wconf 87' lang='lat' dir='ltr'><strong>ut</strong></span> 
     </span>
    </p>
   </div>
   <div class='ocr_carea' id='block_1_31' title="bbox 650 2854 2202 2926">
    <p class='ocr_par' dir='ltr' id='par_1_31' title="bbox 650 2854 2202 2926">
     <span class='ocr_line' id='line_1_31' title="bbox 650 2854 2202 2926; baseline 0.006 -25"><span class='ocrx_word' id='word_1_183' title='bbox 650 2864 809 2906; x_wconf 73' lang='lat' dir='ltr'><strong>recta:</strong></span> <span class='ocrx_word' id='word_1_184' title='bbox 848 2854 1065 2922; x_wconf 86' lang='lat' dir='ltr'><strong>quidem</strong></span> <span class='ocrx_word' id='word_1_185' title='bbox 1117 2854 1372 2908; x_wconf 72' lang='lat' dir='ltr'><strong>doctrina:</strong></span> <span class='ocrx_word' id='word_1_186' title='bbox 1422 2865 1745 2917; x_wconf 88' lang='lat' dir='ltr'><strong>sectatores,</strong></span> <span class='ocrx_word' id='word_1_187' title='bbox 1785 2859 1912 2910; x_wconf 93' lang='lat' dir='ltr'><strong>dum</strong></span> <span class='ocrx_word' id='word_1_188' title='bbox 1953 2870 2202 2926; x_wconf 87' lang='lat' dir='ltr'><strong>magnam</strong></span> 
     </span>
    </p>
   </div>
   <div class='ocr_carea' id='block_1_32' title="bbox 650 2943 2206 3013">
    <p class='ocr_par' dir='ltr' id='par_1_32' title="bbox 650 2943 2206 3013">
     <span class='ocr_line' id='line_1_32' title="bbox 650 2943 2206 3013; baseline 0.004 -19"><span class='ocrx_word' id='word_1_189' title='bbox 650 2943 797 2994; x_wconf 88' lang='lat' dir='ltr'><strong>illam</strong></span> <span class='ocrx_word' id='word_1_190' title='bbox 825 2951 877 2996; x_wconf 84' lang='lat' dir='ltr'><strong>et</strong></span> <span class='ocrx_word' id='word_1_191' title='bbox 908 2951 1191 3012; x_wconf 76' lang='lat' dir='ltr'><strong>augustam</strong></span> <span class='ocrx_word' id='word_1_192' title='bbox 1228 2959 1475 3012; x_wconf 87' lang='lat' dir='ltr'><strong>pompam</strong></span> <span class='ocrx_word' id='word_1_193' title='bbox 1521 2946 1654 2998; x_wconf 87' lang='lat' dir='ltr'><strong>solis</strong></span> <span class='ocrx_word' id='word_1_194' title='bbox 1701 2946 2118 3013; x_wconf 86' lang='lat' dir='ltr'><strong>imperatoribus</strong></span> <span class='ocrx_word' id='word_1_195' title='bbox 2151 2956 2206 3001; x_wconf 91' lang='lat' dir='ltr'><strong>et</strong></span> 
     </span>
    </p>
   </div>
   <div class='ocr_carea' id='block_1_33' title="bbox 651 3033 2206 3104">
    <p class='ocr_par' dir='ltr' id='par_1_33' title="bbox 651 3033 2206 3104">
     <span class='ocr_line' id='line_1_33' title="bbox 651 3033 2206 3104; baseline 0.001 -20"><span class='ocrx_word' id='word_1_196' title='bbox 651 3033 979 3103; x_wconf 85' lang='lat' dir='ltr'><strong>patriarchis</strong></span> <span class='ocrx_word' id='word_1_197' title='bbox 1023 3033 1262 3086; x_wconf 81' lang='lat' dir='ltr'><strong>exhiberi</strong></span> <span class='ocrx_word' id='word_1_198' title='bbox 1305 3033 1507 3097; x_wconf 81' lang='lat' dir='ltr'><strong>vident,</strong></span> <span class='ocrx_word' id='word_1_199' title='bbox 1554 3035 1961 3088; x_wconf 88' lang='lat' dir='ltr'><strong>convenientem</strong></span> <span class='ocrx_word' id='word_1_200' title='bbox 2003 3036 2206 3104; x_wconf 89' lang='lat' dir='ltr'><strong>gratia-</strong></span> 
     </span>
    </p>
   </div>
   <div class='ocr_carea' id='block_1_34' title="bbox 651 3122 2272 3220">
    <p class='ocr_par' dir='ltr' id='par_1_34' title="bbox 651 3122 2272 3220">
     <span class='ocr_line' id='line_1_34' title="bbox 651 3122 2272 3220; baseline -0.001 -43"><span class='ocrx_word' id='word_1_201' title='bbox 651 3139 768 3178; x_wconf 87' lang='lat' dir='ltr'><strong>rum</strong></span> <span class='ocrx_word' id='word_1_202' title='bbox 794 3126 1062 3177; x_wconf 86' lang='lat' dir='ltr'><strong>actionem</strong></span> <span class='ocrx_word' id='word_1_203' title='bbox 1087 3123 1263 3177; x_wconf 83' lang='lat' dir='ltr'><strong>instar</strong></span> <span class='ocrx_word' id='word_1_204' title='bbox 1288 3124 1421 3193; x_wconf 87' lang='lat' dir='ltr'><strong>grati</strong></span> <span class='ocrx_word' id='word_1_205' title='bbox 1447 3123 1675 3186; x_wconf 80' lang='lat' dir='ltr'><strong>sumtus,</strong></span> <span class='ocrx_word' id='word_1_206' title='bbox 1697 3123 1925 3178; x_wconf 65' lang='lat' dir='ltr'><strong>oderant</strong></span> <span class='ocrx_word' id='word_1_207' title='bbox 1952 3122 2201 3184; x_wconf 92' lang='lat' dir='ltr'><strong>Domino,</strong></span> <span class='ocrx_word' id='word_1_208' title='bbox 2227 3158 2272 3220; x_wconf 67' lang='grc' dir='ltr'>ο</span> 
     </span>
    </p>
   </div>
   <div class='ocr_carea' id='block_1_35' title="bbox 647 3209 2202 3282">
    <p class='ocr_par' dir='ltr' id='par_1_35' title="bbox 647 3209 2202 3282">
     <span class='ocr_line' id='line_1_35' title="bbox 647 3209 2202 3282; baseline -0.001 -17"><span class='ocrx_word' id='word_1_209' title='bbox 647 3213 738 3282; x_wconf 80' lang='lat' dir='ltr'><strong>qui</strong></span> <span class='ocrx_word' id='word_1_210' title='bbox 775 3214 918 3266; x_wconf 89' lang='lat' dir='ltr'><strong>intra</strong></span> <span class='ocrx_word' id='word_1_211' title='bbox 946 3220 1192 3266; x_wconf 92' lang='lat' dir='ltr'><strong>centrum</strong></span> <span class='ocrx_word' id='word_1_212' title='bbox 1238 3211 1524 3265; x_wconf 68' lang='lat' dir='ltr'><strong>mundanae</strong></span> <span class='ocrx_word' id='word_1_213' title='bbox 1551 3210 1971 3280; x_wconf 86' lang='lat' dir='ltr'><strong>pulchritudinis</strong></span> <span class='ocrx_word' id='word_1_214' title='bbox 2012 3209 2202 3264; x_wconf 80' lang='lat' dir='ltr'><strong>defen-</strong></span> 
     </span>
    </p>
   </div>
   <div class='ocr_carea' id='block_1_36' title="bbox 649 3301 2204 3370">
    <p class='ocr_par' dir='ltr' id='par_1_36' title="bbox 649 3301 2204 3370">
     <span class='ocr_line' id='line_1_36' title="bbox 649 3301 2204 3370; baseline -0.002 -15"><span class='ocrx_word' id='word_1_215' title='bbox 649 3316 802 3356; x_wconf 82' lang='lat' dir='ltr'><strong>sores</strong></span> <span class='ocrx_word' id='word_1_216' title='bbox 851 3302 969 3370; x_wconf 89' lang='lat' dir='ltr'><strong>ejus</strong></span> <span class='ocrx_word' id='word_1_217' title='bbox 1025 3301 1332 3370; x_wconf 79' lang='lat' dir='ltr'><strong>gloriﬁcat;</strong></span> <span class='ocrx_word' id='word_1_218' title='bbox 1381 3307 1547 3366; x_wconf 84' lang='lat' dir='ltr'><strong>utque</strong></span> <span class='ocrx_word' id='word_1_219' title='bbox 1591 3301 1732 3355; x_wconf 84' lang='lat' dir='ltr'><strong>ﬂexo</strong></span> <span class='ocrx_word' id='word_1_220' title='bbox 1769 3315 1907 3370; x_wconf 89' lang='lat' dir='ltr'><strong>genu</strong></span> <span class='ocrx_word' id='word_1_221' title='bbox 1958 3308 2141 3370; x_wconf 86' lang='lat' dir='ltr'><strong>petant</strong></span> <span class='ocrx_word' id='word_1_222' title='bbox 2175 3315 2204 3352; x_wconf 89' lang='lat' dir='ltr'><strong>a</strong></span> 
     </span>
    </p>
   </div>
   <div class='ocr_carea' id='block_1_37' title="bbox 653 3389 2205 3458">
    <p class='ocr_par' dir='ltr' id='par_1_37' title="bbox 653 3389 2205 3458">
     <span class='ocr_line' id='line_1_37' title="bbox 653 3389 2205 3458; baseline 0 -15"><span class='ocrx_word' id='word_1_223' title='bbox 653 3393 898 3453; x_wconf 91' lang='lat' dir='ltr'><strong>Domino,</strong></span> <span class='ocrx_word' id='word_1_224' title='bbox 945 3405 1053 3458; x_wconf 88' lang='lat' dir='ltr'><strong>quo</strong></span> <span class='ocrx_word' id='word_1_225' title='bbox 1101 3391 1321 3457; x_wconf 72' lang='lat' dir='ltr'><strong>tropazis</strong></span> <span class='ocrx_word' id='word_1_226' title='bbox 1382 3389 1748 3456; x_wconf 88' lang='lat' dir='ltr'><strong>imperatoriis</strong></span> <span class='ocrx_word' id='word_1_227' title='bbox 1800 3391 2053 3444; x_wconf 86' lang='lat' dir='ltr'><strong>universa</strong></span> <span class='ocrx_word' id='word_1_228' title='bbox 2101 3389 2205 3443; x_wconf 90' lang='lat' dir='ltr'><strong>sub</strong></span> 
     </span>
    </p>
   </div>
   <div class='ocr_carea' id='block_1_38' title="bbox 649 3479 2206 3547">
    <p class='ocr_par' dir='ltr' id='par_1_38' title="bbox 649 3479 2206 3547">
     <span class='ocr_line' id='line_1_38' title="bbox 649 3479 2206 3547; baseline -0.002 -12"><span class='ocrx_word' id='word_1_229' title='bbox 649 3484 762 3535; x_wconf 85' lang='lat' dir='ltr'><strong>sole</strong></span> <span class='ocrx_word' id='word_1_230' title='bbox 807 3482 967 3535; x_wconf 87' lang='lat' dir='ltr'><strong>tellus</strong></span> <span class='ocrx_word' id='word_1_231' title='bbox 1017 3480 1386 3542; x_wconf 89' lang='lat' dir='ltr'><strong>collustretur,</strong></span> <span class='ocrx_word' id='word_1_232' title='bbox 1428 3488 1478 3532; x_wconf 88' lang='lat' dir='ltr'><strong>et</strong></span> <span class='ocrx_word' id='word_1_233' title='bbox 1529 3479 1909 3547; x_wconf 83' lang='lat' dir='ltr'><strong>patriarchicis</strong></span> <span class='ocrx_word' id='word_1_234' title='bbox 1954 3480 2206 3547; x_wconf 86' lang='lat' dir='ltr'><strong>precibus</strong></span> 
     </span>
    </p>
   </div>
   <div class='ocr_carea' id='block_1_39' title="bbox 648 3570 2204 3626">
    <p class='ocr_par' dir='ltr' id='par_1_39' title="bbox 648 3570 2204 3626">
     <span class='ocr_line' id='line_1_39' title="bbox 648 3570 2204 3626; baseline -0.003 -2"><span class='ocrx_word' id='word_1_235' title='bbox 648 3582 878 3626; x_wconf 74' lang='lat' dir='ltr'><strong>terrena:</strong></span> <span class='ocrx_word' id='word_1_236' title='bbox 913 3586 996 3625; x_wconf 90' lang='lat' dir='ltr'><strong>res</strong></span> <span class='ocrx_word' id='word_1_237' title='bbox 1023 3571 1352 3624; x_wconf 86' lang='lat' dir='ltr'><strong>irradientur</strong></span> <span class='ocrx_word' id='word_1_238' title='bbox 1382 3585 1396 3622; x_wconf 91' lang='lat'><strong>:</strong></span> <span class='ocrx_word' id='word_1_239' title='bbox 1434 3577 1485 3621; x_wconf 91' lang='lat' dir='ltr'><strong>at</strong></span> <span class='ocrx_word' id='word_1_240' title='bbox 1511 3583 1638 3624; x_wconf 77' lang='lat' dir='ltr'><strong>vero</strong></span> <span class='ocrx_word' id='word_1_241' title='bbox 1671 3571 1895 3623; x_wconf 77' lang='lat' dir='ltr'><strong>diversa:</strong></span> <span class='ocrx_word' id='word_1_242' title='bbox 1925 3570 2204 3623; x_wconf 63' lang='lat' dir='ltr'><strong>sententiae</strong></span> 
     </span>
    </p>
   </div>
   <div class='ocr_carea' id='block_1_40' title="bbox 648 3660 2206 3728">
    <p class='ocr_par' dir='ltr' id='par_1_40' title="bbox 648 3660 2206 3728">
     <span class='ocr_line' id='line_1_40' title="bbox 648 3660 2206 3728; baseline -0.003 -12"><span class='ocrx_word' id='word_1_243' title='bbox 648 3672 968 3724; x_wconf 89' lang='lat' dir='ltr'><strong>sectatores,</strong></span> <span class='ocrx_word' id='word_1_244' title='bbox 1017 3661 1107 3728; x_wconf 93' lang='lat' dir='ltr'><strong>qui</strong></span> <span class='ocrx_word' id='word_1_245' title='bbox 1161 3660 1396 3728; x_wconf 90' lang='lat' dir='ltr'><strong>potentia</strong></span> <span class='ocrx_word' id='word_1_246' title='bbox 1432 3674 1528 3714; x_wconf 88' lang='lat' dir='ltr'><strong>sua</strong></span> <span class='ocrx_word' id='word_1_247' title='bbox 1564 3661 1814 3713; x_wconf 81' lang='lat' dir='ltr'><strong>nituntur</strong></span> <span class='ocrx_word' id='word_1_248' title='bbox 1847 3699 1861 3723; x_wconf 94' lang='lat'><strong>,</strong></span> <span class='ocrx_word' id='word_1_249' title='bbox 1899 3667 1952 3713; x_wconf 90' lang='lat' dir='ltr'><strong>et</strong></span> <span class='ocrx_word' id='word_1_250' title='bbox 1991 3661 2106 3714; x_wconf 86' lang='lat' dir='ltr'><strong>suis</strong></span> <span class='ocrx_word' id='word_1_251' title='bbox 2148 3674 2206 3712; x_wconf 89' lang='lat' dir='ltr'><strong>se</strong></span> 
     </span>
    </p>
   </div>
   <div class='ocr_carea' id='block_1_41' title="bbox 646 3746 2204 3820">
    <p class='ocr_par' dir='ltr' id='par_1_41' title="bbox 646 3746 2204 3820">
     <span class='ocr_line' id='line_1_41' title="bbox 646 3746 2204 3820; baseline -0.004 -18"><span class='ocrx_word' id='word_1_252' title='bbox 646 3755 853 3820; x_wconf 87' lang='lat' dir='ltr'><strong>jactant</strong></span> <span class='ocrx_word' id='word_1_253' title='bbox 903 3750 1096 3816; x_wconf 83' lang='lat' dir='ltr'><strong>opibus</strong></span> <span class='ocrx_word' id='word_1_254' title='bbox 1153 3747 1463 3815; x_wconf 90' lang='lat' dir='ltr'><strong>(simulacra</strong></span> <span class='ocrx_word' id='word_1_255' title='bbox 1512 3761 1741 3814; x_wconf 90' lang='lat' dir='ltr'><strong>namque</strong></span> <span class='ocrx_word' id='word_1_256' title='bbox 1787 3746 2025 3814; x_wconf 89' lang='lat' dir='ltr'><strong>gentium</strong></span> <span class='ocrx_word' id='word_1_257' title='bbox 2077 3754 2204 3798; x_wconf 85' lang='lat' dir='ltr'><strong>sunt</strong></span> 
     </span>
    </p>
   </div>
   <div class='ocr_carea' id='block_1_42' title="bbox 651 3836 2205 3908">
    <p class='ocr_par' dir='ltr' id='par_1_42' title="bbox 651 3836 2205 3908">
     <span class='ocr_line' id='line_1_42' title="bbox 651 3836 2205 3908; baseline -0.003 -15"><span class='ocrx_word' id='word_1_258' title='bbox 651 3857 840 3894; x_wconf 84' lang='lat' dir='ltr'><strong>aurum</strong></span> <span class='ocrx_word' id='word_1_259' title='bbox 873 3849 926 3894; x_wconf 91' lang='lat' dir='ltr'><strong>et</strong></span> <span class='ocrx_word' id='word_1_260' title='bbox 959 3837 1264 3908; x_wconf 85' lang='lat' dir='ltr'><strong>argentum)</strong></span> <span class='ocrx_word' id='word_1_261' title='bbox 1302 3836 1367 3889; x_wconf 89' lang='lat' dir='ltr'><strong>ad</strong></span> <span class='ocrx_word' id='word_1_262' title='bbox 1421 3837 1491 3898; x_wconf 86' lang='lat' dir='ltr'><strong>id,</strong></span> <span class='ocrx_word' id='word_1_263' title='bbox 1536 3836 1677 3904; x_wconf 91' lang='lat' dir='ltr'><strong>quod</strong></span> <span class='ocrx_word' id='word_1_264' title='bbox 1726 3837 1989 3897; x_wconf 89' lang='lat' dir='ltr'><strong>cernitur,</strong></span> <span class='ocrx_word' id='word_1_265' title='bbox 2032 3850 2205 3888; x_wconf 73' lang='lat' dir='ltr'><strong>caecu-</strong></span> 
     </span>
    </p>
   </div>
   <div class='ocr_carea' id='block_1_43' title="bbox 653 3923 2202 3993">
    <p class='ocr_par' dir='ltr' id='par_1_43' title="bbox 653 3923 2202 3993">
     <span class='ocr_line' id='line_1_43' title="bbox 653 3923 2202 3993; baseline -0.005 -11"><span class='ocrx_word' id='word_1_266' title='bbox 653 3939 787 3983; x_wconf 80' lang='lat' dir='ltr'><strong>ttant</strong></span> <span class='ocrx_word' id='word_1_267' title='bbox 833 3946 848 3982; x_wconf 86' lang='lat'><strong>:</strong></span> <span class='ocrx_word' id='word_1_268' title='bbox 897 3938 949 3983; x_wconf 89' lang='lat' dir='ltr'><strong>et</strong></span> <span class='ocrx_word' id='word_1_269' title='bbox 1003 3941 1330 3980; x_wconf 84' lang='lat' dir='ltr'><strong>exeusorum</strong></span> <span class='ocrx_word' id='word_1_270' title='bbox 1380 3939 1542 3993; x_wconf 89' lang='lat' dir='ltr'><strong>opera</strong></span> <span class='ocrx_word' id='word_1_271' title='bbox 1597 3938 1732 3976; x_wconf 87' lang='lat' dir='ltr'><strong>vana</strong></span> <span class='ocrx_word' id='word_1_272' title='bbox 1787 3932 1947 3991; x_wconf 88' lang='lat' dir='ltr'><strong>atque</strong></span> <span class='ocrx_word' id='word_1_273' title='bbox 1996 3923 2202 3976; x_wconf 87' lang='lat' dir='ltr'><strong>inutilia</strong></span> 
     </span>
    </p>
   </div>
   <div class='ocr_carea' id='block_1_44' title="bbox 652 4013 2206 4085">
    <p class='ocr_par' dir='ltr' id='par_1_44' title="bbox 652 4013 2206 4085">
     <span class='ocr_line' id='line_1_44' title="bbox 652 4013 2206 4085; baseline -0.003 -13"><span class='ocrx_word' id='word_1_274' title='bbox 652 4021 986 4080; x_wconf 74' lang='lat' dir='ltr'><strong>existiment,</strong></span> <span class='ocrx_word' id='word_1_275' title='bbox 1013 4017 1409 4085; x_wconf 68' lang='lat' dir='ltr'><strong>mundanaeque</strong></span> <span class='ocrx_word' id='word_1_276' title='bbox 1435 4013 1708 4081; x_wconf 87' lang='lat' dir='ltr'><strong>opinionis</strong></span> <span class='ocrx_word' id='word_1_277' title='bbox 1736 4028 1979 4066; x_wconf 90' lang='lat' dir='ltr'><strong>munera.</strong></span> <span class='ocrx_word' id='word_1_278' title='bbox 2005 4013 2065 4065; x_wconf 79' lang='lat' dir='ltr'><strong>Et</strong></span> <span class='ocrx_word' id='word_1_279' title='bbox 2094 4014 2206 4067; x_wconf 76' lang='lat' dir='ltr'><strong>hzec</strong></span> 
     </span>
    </p>
   </div>
   <div class='ocr_carea' id='block_1_45' title="bbox 650 4102 2205 4178">
    <p class='ocr_par' dir='ltr' id='par_1_45' title="bbox 650 4102 2205 4178">
     <span class='ocr_line' id='line_1_45' title="bbox 650 4102 2205 4178; baseline -0.003 -17"><span class='ocrx_word' id='word_1_280' title='bbox 650 4110 867 4178; x_wconf 83' lang='lat' dir='ltr'><strong>quidem</strong></span> <span class='ocrx_word' id='word_1_281' title='bbox 893 4108 960 4161; x_wconf 88' lang='lat' dir='ltr'><strong>de</strong></span> <span class='ocrx_word' id='word_1_282' title='bbox 992 4107 1332 4176; x_wconf 87' lang='lat' dir='ltr'><strong>lampadibus</strong></span> <span class='ocrx_word' id='word_1_283' title='bbox 1364 4104 1758 4173; x_wconf 88' lang='lat' dir='ltr'><strong>patriarchicis.</strong></span> <span class='ocrx_word' id='word_1_284' title='bbox 1789 4102 2054 4167; x_wconf 89' lang='lat' dir='ltr'><strong>Quoniam</strong></span> <span class='ocrx_word' id='word_1_285' title='bbox 2080 4121 2205 4159; x_wconf 87' lang='lat' dir='ltr'><strong>veru</strong></span> 
     </span>
    </p>
   </div>
   <div class='ocr_carea' id='block_1_46' title="bbox 653 4192 2205 4260">
    <p class='ocr_par' dir='ltr' id='par_1_46' title="bbox 653 4192 2205 4260">
     <span class='ocr_line' id='line_1_46' title="bbox 653 4192 2205 4260; baseline -0.003 -9"><span class='ocrx_word' id='word_1_286' title='bbox 653 4199 898 4255; x_wconf 89' lang='lat' dir='ltr'><strong>baculus,</strong></span> <span class='ocrx_word' id='word_1_287' title='bbox 940 4205 993 4249; x_wconf 90' lang='lat' dir='ltr'><strong>et</strong></span> <span class='ocrx_word' id='word_1_288' title='bbox 1031 4209 1243 4254; x_wconf 87' lang='lat' dir='ltr'><strong>saccus,</strong></span> <span class='ocrx_word' id='word_1_289' title='bbox 1288 4203 1340 4246; x_wconf 87' lang='lat' dir='ltr'><strong>et</strong></span> <span class='ocrx_word' id='word_1_290' title='bbox 1391 4206 1583 4244; x_wconf 88' lang='lat' dir='ltr'><strong>cruces</strong></span> <span class='ocrx_word' id='word_1_291' title='bbox 1629 4192 1891 4260; x_wconf 67' lang='lat' dir='ltr'><strong>plurimae,</strong></span> <span class='ocrx_word' id='word_1_292' title='bbox 1942 4193 2205 4259; x_wconf 88' lang='lat' dir='ltr'><strong>plenaque</strong></span> 
     </span>
    </p>
   </div>
   <div class='ocr_carea' id='block_1_47' title="bbox 650 4283 2202 4355">
    <p class='ocr_par' dir='ltr' id='par_1_47' title="bbox 650 4283 2202 4355">
     <span class='ocr_line' id='line_1_47' title="bbox 650 4283 2202 4355; baseline -0.003 -15"><span class='ocrx_word' id='word_1_293' title='bbox 650 4288 829 4342; x_wconf 89' lang='lat' dir='ltr'><strong>tunica</strong></span> <span class='ocrx_word' id='word_1_294' title='bbox 886 4287 1070 4355; x_wconf 79' lang='lat' dir='ltr'><strong>figuris</strong></span> <span class='ocrx_word' id='word_1_295' title='bbox 1117 4299 1329 4353; x_wconf 90' lang='lat' dir='ltr'><strong>gamma</strong></span> <span class='ocrx_word' id='word_1_296' title='bbox 1385 4283 1615 4336; x_wconf 88' lang='lat' dir='ltr'><strong>litteram</strong></span> <span class='ocrx_word' id='word_1_297' title='bbox 1671 4283 2202 4349; x_wconf 65' lang='lat' dir='ltr'><strong>repraesentantibus,</strong></span> 
     </span>
    </p>
   </div>
   <div class='ocr_carea' id='block_1_48' title="bbox 652 4373 2206 4448">
    <p class='ocr_par' dir='ltr' id='par_1_48' title="bbox 652 4373 2206 4448">
     <span class='ocr_line' id='line_1_48' title="bbox 652 4373 2206 4448; baseline -0.002 -16"><span class='ocrx_word' id='word_1_298' title='bbox 652 4378 1064 4448; x_wconf 87' lang='lat' dir='ltr'><strong>patriarchalem</strong></span> <span class='ocrx_word' id='word_1_299' title='bbox 1122 4377 1467 4428; x_wconf 87' lang='lat' dir='ltr'><strong>sanctitatem</strong></span> <span class='ocrx_word' id='word_1_300' title='bbox 1533 4373 1702 4427; x_wconf 89' lang='lat' dir='ltr'><strong>solam</strong></span> <span class='ocrx_word' id='word_1_301' title='bbox 1760 4373 2086 4435; x_wconf 89' lang='lat' dir='ltr'><strong>nobilitant,</strong></span> <span class='ocrx_word' id='word_1_302' title='bbox 2144 4390 2206 4430; x_wconf 91' lang='lat' dir='ltr'><strong>ac</strong></span> 
     </span>
    </p>
   </div>
   <div class='ocr_carea' id='block_1_49' title="bbox 2051 1845 2278 1920">
    <p class='ocr_par' dir='ltr' id='par_1_49' title="bbox 2051 1845 2278 1920">
     <span class='ocr_line' id='line_1_49' title="bbox 2051 1845 2278 1920; baseline 0.004 -2"><span class='ocrx_word' id='word_1_303' title='bbox 2051 1886 2062 1918; x_wconf 91' lang='lat'><strong>:</strong></span> <span class='ocrx_word' id='word_1_304' title='bbox 2122 1845 2278 1920; x_wconf 76' lang='lat' dir='ltr'><strong>velB</strong></span> 
     </span>
    </p>
   </div>
   <div class='ocr_carea' id='block_1_50' title="bbox 2327 621 3874 690">
    <p class='ocr_par' dir='ltr' id='par_1_50' title="bbox 2327 621 3874 690">
     <span class='ocr_line' id='line_1_50' title="bbox 2327 621 3874 690; baseline 0.002 -20"><span class='ocrx_word' id='word_1_305' title='bbox 2327 622 2678 690; x_wconf 80' lang='grc' dir='ltr'>πατριαρχῶν</span> <span class='ocrx_word' id='word_1_306' title='bbox 2717 625 2808 673; x_wconf 72' lang='grc' dir='ltr'>καὶ</span> <span class='ocrx_word' id='word_1_307' title='bbox 2835 622 2934 687; x_wconf 81' lang='grc' dir='ltr'>τῆς</span> <span class='ocrx_word' id='word_1_308' title='bbox 2959 621 3268 689; x_wconf 82' lang='grc' dir='ltr'>βασιλίσσης</span> <span class='ocrx_word' id='word_1_309' title='bbox 3305 622 3382 672; x_wconf 69' lang='grc' dir='ltr'><strong>ἑνὶ</strong></span> <span class='ocrx_word' id='word_1_310' title='bbox 3415 623 3874 675; x_wconf 76' lang='grc' dir='ltr'>κατακυκλοῦνται</span> 
     </span>
    </p>
   </div>
   <div class='ocr_carea' id='block_1_51' title="bbox 2324 707 3872 778">
    <p class='ocr_par' dir='ltr' id='par_1_51' title="bbox 2324 707 3872 778">
     <span class='ocr_line' id='line_1_51' title="bbox 2324 707 3872 778; baseline 0.003 -19"><span class='ocrx_word' id='word_1_311' title='bbox 2324 707 2684 777; x_wconf 87' lang='grc' dir='ltr'>θριγγώματι.</span> <span class='ocrx_word' id='word_1_312' title='bbox 2735 711 2870 762; x_wconf 81' lang='grc' dir='ltr'>Ἀλλ’</span> <span class='ocrx_word' id='word_1_313' title='bbox 2918 713 3034 778; x_wconf 73' lang='grc' dir='ltr'>ἐρεῖ</span> <span class='ocrx_word' id='word_1_314' title='bbox 3077 726 3156 770; x_wconf 89' lang='grc' dir='ltr'><strong>τις</strong></span> <span class='ocrx_word' id='word_1_315' title='bbox 3181 726 3193 739; x_wconf 90' lang='grc'><strong>·</strong></span> <span class='ocrx_word' id='word_1_316' title='bbox 3233 709 3430 761; x_wconf 83' lang='grc' dir='ltr'>Ἔστω·</span> <span class='ocrx_word' id='word_1_317' title='bbox 3461 711 3711 771; x_wconf 83' lang='grc' dir='ltr'>δεδόσθω,</span> <span class='ocrx_word' id='word_1_318' title='bbox 3775 714 3872 772; x_wconf 78' lang='grc' dir='ltr'>τὰς</span> 
     </span>
    </p>
   </div>
   <div class='ocr_carea' id='block_1_52' title="bbox 2323 799 3874 868">
    <p class='ocr_par' dir='ltr' id='par_1_52' title="bbox 2323 799 3874 868">
     <span class='ocr_line' id='line_1_52' title="bbox 2323 799 3874 868; baseline 0.003 -20"><span class='ocrx_word' id='word_1_319' title='bbox 2323 801 2725 868; x_wconf 85' lang='grc' dir='ltr'>πατριαρχικὰς</span> <span class='ocrx_word' id='word_1_320' title='bbox 2758 800 3046 868; x_wconf 74' lang='grc' dir='ltr'><strong>λαμπάδας</strong></span> <span class='ocrx_word' id='word_1_321' title='bbox 3073 799 3406 855; x_wconf 84' lang='grc' dir='ltr'>ἀνάπτεσθαι</span> <span class='ocrx_word' id='word_1_322' title='bbox 3447 801 3579 862; x_wconf 76' lang='grc' dir='ltr'>πυρὶ</span> <span class='ocrx_word' id='word_1_323' title='bbox 3608 801 3874 852; x_wconf 74' lang='grc' dir='ltr'><strong>τοσούτων</strong></span> 
     </span>
    </p>
   </div>
   <div class='ocr_carea' id='block_1_53' title="bbox 2319 887 3872 958">
    <p class='ocr_par' dir='ltr' id='par_1_53' title="bbox 2319 887 3872 958">
     <span class='ocr_line' id='line_1_53' title="bbox 2319 887 3872 958; baseline 0.004 -22"><span class='ocrx_word' id='word_1_324' title='bbox 2319 887 2690 954; x_wconf 78' lang='grc' dir='ltr'>εὐλογοφανῶν</span> <span class='ocrx_word' id='word_1_325' title='bbox 2725 889 3090 957; x_wconf 85' lang='grc' dir='ltr'>παραδόσεων.</span> <span class='ocrx_word' id='word_1_326' title='bbox 3143 889 3214 939; x_wconf 87' lang='grc' dir='ltr'><strong>Τὸ</strong></span> <span class='ocrx_word' id='word_1_327' title='bbox 3260 888 3461 949; x_wconf 83' lang='grc' dir='ltr'>ταύτας</span> <span class='ocrx_word' id='word_1_328' title='bbox 3510 891 3568 952; x_wconf 71' lang='grc' dir='ltr'><strong>ἐξ</strong></span> <span class='ocrx_word' id='word_1_329' title='bbox 3629 890 3872 958; x_wconf 83' lang='grc' dir='ltr'>ἀργύρου</span> 
     </span>
    </p>
   </div>
   <div class='ocr_carea' id='block_1_54' title="bbox 2320 975 3872 1048">
    <p class='ocr_par' dir='ltr' id='par_1_54' title="bbox 2320 975 3872 1048">
     <span class='ocr_line' id='line_1_54' title="bbox 2320 975 3872 1048; baseline 0.003 -23"><span class='ocrx_word' id='word_1_330' title='bbox 2320 975 2778 1043; x_wconf 75' lang='grc' dir='ltr'>περιζωννύεσθαι</span> <span class='ocrx_word' id='word_1_331' title='bbox 2807 978 3055 1046; x_wconf 87' lang='grc' dir='ltr'>δύναμιν,</span> <span class='ocrx_word' id='word_1_332' title='bbox 3098 978 3260 1030; x_wconf 87' lang='grc' dir='ltr'>πόθεν</span> <span class='ocrx_word' id='word_1_333' title='bbox 3313 979 3683 1048; x_wconf 78' lang='grc' dir='ltr'><strong>περιεζώσατο</strong></span> <span class='ocrx_word' id='word_1_334' title='bbox 3710 979 3872 1030; x_wconf 82' lang='grc' dir='ltr'>δύνα-</span> 
     </span>
    </p>
   </div>
   <div class='ocr_carea' id='block_1_55' title="bbox 2323 1065 3872 1135">
    <p class='ocr_par' dir='ltr' id='par_1_55' title="bbox 2323 1065 3872 1135">
     <span class='ocr_line' id='line_1_55' title="bbox 2323 1065 3872 1135; baseline 0.003 -21"><span class='ocrx_word' id='word_1_335' title='bbox 2323 1081 2450 1131; x_wconf 77' lang='grc' dir='ltr'>μινς</span> <span class='ocrx_word' id='word_1_336' title='bbox 2479 1067 2674 1134; x_wconf 82' lang='grc' dir='ltr'><strong>Ἤρκει</strong></span> <span class='ocrx_word' id='word_1_337' title='bbox 2703 1067 2788 1119; x_wconf 81' lang='grc' dir='ltr'>διὰ</span> <span class='ocrx_word' id='word_1_338' title='bbox 2814 1068 2987 1134; x_wconf 84' lang='grc' dir='ltr'>μόνων</span> <span class='ocrx_word' id='word_1_339' title='bbox 3021 1065 3127 1118; x_wconf 84' lang='grc' dir='ltr'><strong>τῶν</strong></span> <span class='ocrx_word' id='word_1_340' title='bbox 3170 1067 3463 1134; x_wconf 81' lang='grc' dir='ltr'><strong>λαμπάδιον</strong></span> <span class='ocrx_word' id='word_1_341' title='bbox 3501 1071 3601 1129; x_wconf 75' lang='grc' dir='ltr'><strong>τὰς</strong></span> <span class='ocrx_word' id='word_1_342' title='bbox 3634 1069 3872 1135; x_wconf 60' lang='grc' dir='ltr'>κεφαλὰς</span> 
     </span>
    </p>
   </div>
   <div class='ocr_carea' id='block_1_56' title="bbox 2315 1153 3873 1224">
    <p class='ocr_par' dir='ltr' id='par_1_56' title="bbox 2315 1153 3873 1224">
     <span class='ocr_line' id='line_1_56' title="bbox 2315 1153 3873 1224; baseline 0.003 -21"><span class='ocrx_word' id='word_1_343' title='bbox 2315 1153 2422 1203; x_wconf 84' lang='grc' dir='ltr'>τῶν</span> <span class='ocrx_word' id='word_1_344' title='bbox 2469 1155 2775 1220; x_wconf 71' lang='grc' dir='ltr'><strong>ἐκκλησιῶν</strong></span> <span class='ocrx_word' id='word_1_345' title='bbox 2827 1155 3244 1224; x_wconf 82' lang='grc' dir='ltr'>μεγαλύνεσθαι,</span> <span class='ocrx_word' id='word_1_346' title='bbox 3276 1158 3370 1208; x_wconf 76' lang='grc' dir='ltr'>καὶ</span> <span class='ocrx_word' id='word_1_347' title='bbox 3398 1157 3532 1217; x_wconf 91' lang='grc' dir='ltr'>τέως</span> <span class='ocrx_word' id='word_1_348' title='bbox 3570 1159 3693 1218; x_wconf 88' lang='grc' dir='ltr'>τοὺς</span> <span class='ocrx_word' id='word_1_349' title='bbox 3708 1157 3873 1224; x_wconf 77' lang='grc' dir='ltr'>ὑπερ-</span> 
     </span>
    </p>
   </div>
   <div class='ocr_carea' id='block_1_57' title="bbox 2313 1244 3868 1313">
    <p class='ocr_par' dir='ltr' id='par_1_57' title="bbox 2313 1244 3868 1313">
     <span class='ocr_line' id='line_1_57' title="bbox 2313 1244 3868 1313; baseline 0.002 -19"><span class='ocrx_word' id='word_1_350' title='bbox 2313 1244 2493 1309; x_wconf 91' lang='grc' dir='ltr'>ορίους</span> <span class='ocrx_word' id='word_1_351' title='bbox 2520 1245 2906 1312; x_wconf 72' lang='grc' dir='ltr'><strong>πλανωμένους</strong></span> <span class='ocrx_word' id='word_1_352' title='bbox 2930 1247 3019 1298; x_wconf 79' lang='grc' dir='ltr'>καὶ</span> <span class='ocrx_word' id='word_1_353' title='bbox 3049 1245 3458 1313; x_wconf 85' lang='grc' dir='ltr'>πενητεύοντας,</span> <span class='ocrx_word' id='word_1_354' title='bbox 3494 1246 3652 1313; x_wconf 85' lang='grc' dir='ltr'>χάριν</span> <span class='ocrx_word' id='word_1_355' title='bbox 3679 1247 3868 1297; x_wconf 82' lang='grc' dir='ltr'>τούτου</span> 
     </span>
    </p>
   </div>
   <div class='ocr_carea' id='block_1_58' title="bbox 2317 1331 3873 1403">
    <p class='ocr_par' dir='ltr' id='par_1_58' title="bbox 2317 1331 3873 1403">
     <span class='ocr_line' id='line_1_58' title="bbox 2317 1331 3873 1403; baseline 0.003 -19"><span class='ocrx_word' id='word_1_356' title='bbox 2317 1333 2388 1399; x_wconf 82' lang='grc' dir='ltr'>μὴ</span> <span class='ocrx_word' id='word_1_357' title='bbox 2425 1334 2766 1387; x_wconf 86' lang='grc' dir='ltr'>σκύλλεσθαι.</span> <span class='ocrx_word' id='word_1_358' title='bbox 2799 1337 2979 1403; x_wconf 77' lang='grc' dir='ltr'>Φαμὲν</span> <span class='ocrx_word' id='word_1_359' title='bbox 3010 1331 3122 1398; x_wconf 85' lang='grc' dir='ltr'>οὖν,</span> <span class='ocrx_word' id='word_1_360' title='bbox 3175 1335 3247 1395; x_wconf 86' lang='grc' dir='ltr'><strong>ώς</strong></span> <span class='ocrx_word' id='word_1_361' title='bbox 3287 1337 3335 1386; x_wconf 85' lang='grc' dir='ltr'><strong>οῖ</strong></span> <span class='ocrx_word' id='word_1_362' title='bbox 3367 1337 3742 1387; x_wconf 73' lang='grc' dir='ltr'>εὐσεϐέστατοι</span> <span class='ocrx_word' id='word_1_363' title='bbox 3771 1336 3873 1402; x_wconf 84' lang='grc' dir='ltr'><strong>βα-</strong></span> 
     </span>
    </p>
   </div>
   <div class='ocr_carea' id='block_1_59' title="bbox 2314 1421 3865 1492">
    <p class='ocr_par' dir='ltr' id='par_1_59' title="bbox 2314 1421 3865 1492">
     <span class='ocr_line' id='line_1_59' title="bbox 2314 1421 3865 1492; baseline 0.003 -22"><span class='ocrx_word' id='word_1_364' title='bbox 2314 1421 2498 1487; x_wconf 84' lang='grc' dir='ltr'>σιλεῖς,</span> <span class='ocrx_word' id='word_1_365' title='bbox 2532 1423 2752 1474; x_wconf 78' lang='grc' dir='ltr'>καὶτῶν</span> <span class='ocrx_word' id='word_1_366' title='bbox 2773 1424 3093 1488; x_wconf 81' lang='grc' dir='ltr'><strong>ἁγιωτάτων</strong></span> <span class='ocrx_word' id='word_1_367' title='bbox 3139 1424 3491 1492; x_wconf 76' lang='grc' dir='ltr'>πατριάρχῶν</span> <span class='ocrx_word' id='word_1_368' title='bbox 3553 1426 3584 1492; x_wconf 82' lang='grc' dir='ltr'>ή</span> <span class='ocrx_word' id='word_1_369' title='bbox 3647 1427 3865 1486; x_wconf 84' lang='grc' dir='ltr'>πεντάς,</span> 
     </span>
    </p>
   </div>
   <div class='ocr_carea' id='block_1_60' title="bbox 2312 1508 3874 1580">
    <p class='ocr_par' dir='ltr' id='par_1_60' title="bbox 2312 1508 3874 1580">
     <span class='ocr_line' id='line_1_60' title="bbox 2312 1508 3874 1580; baseline 0.003 -20"><span class='ocrx_word' id='word_1_370' title='bbox 2312 1508 2518 1562; x_wconf 72' lang='grc' dir='ltr'>ὲοίκασι</span> <span class='ocrx_word' id='word_1_371' title='bbox 2546 1515 2810 1579; x_wconf 84' lang='grc' dir='ltr'><strong>γεωργοῖς</strong></span> <span class='ocrx_word' id='word_1_372' title='bbox 2844 1513 3006 1580; x_wconf 81' lang='grc' dir='ltr'>μέσον</span> <span class='ocrx_word' id='word_1_373' title='bbox 3045 1513 3294 1579; x_wconf 77' lang='grc' dir='ltr'>ἑστηκόσι</span> <span class='ocrx_word' id='word_1_374' title='bbox 3353 1513 3669 1573; x_wconf 80' lang='grc' dir='ltr'>σιτοδότιδος</span> <span class='ocrx_word' id='word_1_375' title='bbox 3727 1514 3874 1565; x_wconf 72' lang='grc' dir='ltr'>ἄλω-</span> 
     </span>
    </p>
   </div>
   <div class='ocr_carea' id='block_1_61' title="bbox 2311 1601 3872 1669">
    <p class='ocr_par' dir='ltr' id='par_1_61' title="bbox 2311 1601 3872 1669">
     <span class='ocr_line' id='line_1_61' title="bbox 2311 1601 3872 1669; baseline 0.002 -18"><span class='ocrx_word' id='word_1_376' title='bbox 2311 1615 2419 1663; x_wconf 87' lang='grc' dir='ltr'>νος,</span> <span class='ocrx_word' id='word_1_377' title='bbox 2472 1603 2564 1653; x_wconf 72' lang='grc' dir='ltr'>καὶ</span> <span class='ocrx_word' id='word_1_378' title='bbox 2608 1601 2686 1669; x_wconf 83' lang='grc' dir='ltr'>τῷ</span> <span class='ocrx_word' id='word_1_379' title='bbox 2740 1603 2892 1668; x_wconf 89' lang='grc' dir='ltr'>πτύῳ</span> <span class='ocrx_word' id='word_1_380' title='bbox 2929 1602 3023 1654; x_wconf 74' lang='grc' dir='ltr'>τοῦ</span> <span class='ocrx_word' id='word_1_381' title='bbox 3075 1603 3372 1669; x_wconf 78' lang='grc' dir='ltr'>χρίσματος</span> <span class='ocrx_word' id='word_1_382' title='bbox 3421 1601 3517 1668; x_wconf 76' lang='grc' dir='ltr'>τὴν</span> <span class='ocrx_word' id='word_1_383' title='bbox 3571 1602 3770 1654; x_wconf 82' lang='grc' dir='ltr'>κακίαν</span> <span class='ocrx_word' id='word_1_384' title='bbox 3793 1603 3872 1663; x_wconf 81' lang='grc' dir='ltr'><strong>ώς</strong></span> 
     </span>
    </p>
   </div>
   <div class='ocr_carea' id='block_1_62' title="bbox 2309 1691 3870 1760">
    <p class='ocr_par' dir='ltr' id='par_1_62' title="bbox 2309 1691 3870 1760">
     <span class='ocr_line' id='line_1_62' title="bbox 2309 1691 3870 1760; baseline -0.001 -17"><span class='ocrx_word' id='word_1_385' title='bbox 2309 1691 2508 1760; x_wconf 78' lang='grc' dir='ltr'>ἄχυρον</span> <span class='ocrx_word' id='word_1_386' title='bbox 2532 1692 2934 1758; x_wconf 67' lang='grc' dir='ltr'>ἑκφαυλίζουσι,</span> <span class='ocrx_word' id='word_1_387' title='bbox 2955 1691 3047 1744; x_wconf 75' lang='grc' dir='ltr'>καὶ</span> <span class='ocrx_word' id='word_1_388' title='bbox 3078 1693 3174 1760; x_wconf 79' lang='grc' dir='ltr'>τὴν</span> <span class='ocrx_word' id='word_1_389' title='bbox 3201 1692 3398 1758; x_wconf 75' lang='grc' dir='ltr'>ἀρετὴν</span> <span class='ocrx_word' id='word_1_390' title='bbox 3418 1691 3491 1752; x_wconf 84' lang='grc' dir='ltr'><strong>ὡς</strong></span> <span class='ocrx_word' id='word_1_391' title='bbox 3525 1691 3720 1742; x_wconf 80' lang='grc' dir='ltr'>κόκκον</span> <span class='ocrx_word' id='word_1_392' title='bbox 3745 1708 3870 1742; x_wconf 74' lang='grc' dir='ltr'>συνο</span> 
     </span>
    </p>
   </div>
   <div class='ocr_carea' id='block_1_63' title="bbox 2309 1780 3868 1850">
    <p class='ocr_par' dir='ltr' id='par_1_63' title="bbox 2309 1780 3868 1850">
     <span class='ocr_line' id='line_1_63' title="bbox 2309 1780 3868 1850; baseline 0.001 -19"><span class='ocrx_word' id='word_1_393' title='bbox 2309 1782 2532 1845; x_wconf 81' lang='grc' dir='ltr'>άγουσιν</span> <span class='ocrx_word' id='word_1_394' title='bbox 2564 1797 2578 1810; x_wconf 87' lang='grc'><strong>·</strong></span> <span class='ocrx_word' id='word_1_395' title='bbox 2609 1781 2641 1850; x_wconf 82' lang='grc' dir='ltr'>ἢ</span> <span class='ocrx_word' id='word_1_396' title='bbox 2681 1781 2962 1846; x_wconf 78' lang='grc' dir='ltr'>διαῦἡταις</span> <span class='ocrx_word' id='word_1_397' title='bbox 3023 1780 3442 1849; x_wconf 78' lang='grc' dir='ltr'>ζυγοστατοῦσιν</span> <span class='ocrx_word' id='word_1_398' title='bbox 3491 1782 3744 1841; x_wconf 82' lang='grc' dir='ltr'>ίθυτενὼς</span> <span class='ocrx_word' id='word_1_399' title='bbox 3772 1781 3868 1832; x_wconf 80' lang='grc' dir='ltr'>τοῦ</span> 
     </span>
    </p>
   </div>
   <div class='ocr_carea' id='block_1_64' title="bbox 2310 1867 3872 1937">
    <p class='ocr_par' dir='ltr' id='par_1_64' title="bbox 2310 1867 3872 1937">
     <span class='ocr_line' id='line_1_64' title="bbox 2310 1867 3872 1937; baseline -0.002 -18"><span class='ocrx_word' id='word_1_400' title='bbox 2310 1867 2512 1919; x_wconf 85' lang='grc' dir='ltr'>κύκλου</span> <span class='ocrx_word' id='word_1_401' title='bbox 2541 1869 2636 1937; x_wconf 74' lang='grc' dir='ltr'>τὴν</span> <span class='ocrx_word' id='word_1_402' title='bbox 2687 1868 3028 1935; x_wconf 68' lang='grc' dir='ltr'>ἐπιφάνειαν,</span> <span class='ocrx_word' id='word_1_403' title='bbox 3075 1869 3167 1920; x_wconf 76' lang='grc' dir='ltr'>καὶ</span> <span class='ocrx_word' id='word_1_404' title='bbox 3223 1867 3284 1919; x_wconf 80' lang='grc' dir='ltr'>τὸ</span> <span class='ocrx_word' id='word_1_405' title='bbox 3345 1868 3564 1936; x_wconf 82' lang='grc' dir='ltr'>κέντρον</span> <span class='ocrx_word' id='word_1_406' title='bbox 3590 1883 3872 1934; x_wconf 79' lang='grc' dir='ltr'>καταπυρο</span> 
     </span>
    </p>
   </div>
   <div class='ocr_carea' id='block_1_65' title="bbox 2309 1961 3869 2032">
    <p class='ocr_par' dir='ltr' id='par_1_65' title="bbox 2309 1961 3869 2032">
     <span class='ocr_line' id='line_1_65' title="bbox 2309 1961 3869 2032; baseline 0 -20"><span class='ocrx_word' id='word_1_407' title='bbox 2309 1961 2523 2013; x_wconf 82' lang='grc' dir='ltr'>σιύουσι</span> <span class='ocrx_word' id='word_1_408' title='bbox 2555 1963 2654 2029; x_wconf 81' lang='grc' dir='ltr'>τῆς</span> <span class='ocrx_word' id='word_1_409' title='bbox 2686 1961 3028 2030; x_wconf 79' lang='grc' dir='ltr'>δικαιοσύνης</span> <span class='ocrx_word' id='word_1_410' title='bbox 3057 1965 3164 2022; x_wconf 86' lang='grc' dir='ltr'>τοῖς</span> <span class='ocrx_word' id='word_1_411' title='bbox 3199 1961 3590 2032; x_wconf 83' lang='grc' dir='ltr'>ἀμαρύγμασιν</span> <span class='ocrx_word' id='word_1_412' title='bbox 3613 1977 3627 1991; x_wconf 84' lang='lat'><strong><em>°</em></strong></span> <span class='ocrx_word' id='word_1_413' title='bbox 3676 1961 3708 2028; x_wconf 81' lang='grc' dir='ltr'>ἢ</span> <span class='ocrx_word' id='word_1_414' title='bbox 3741 1961 3869 2030; x_wconf 81' lang='grc' dir='ltr'>νηὸς</span> 
     </span>
    </p>
   </div>
   <div class='ocr_carea' id='block_1_66' title="bbox 2309 2052 3869 2123">
    <p class='ocr_par' dir='ltr' id='par_1_66' title="bbox 2309 2052 3869 2123">
     <span class='ocr_line' id='line_1_66' title="bbox 2309 2052 3869 2123; baseline -0.002 -21"><span class='ocrx_word' id='word_1_415' title='bbox 2309 2053 2747 2123; x_wconf 79' lang='grc' dir='ltr'>ποντοπορούσης</span> <span class='ocrx_word' id='word_1_416' title='bbox 2807 2055 2967 2114; x_wconf 73' lang='grc' dir='ltr'>ἱστοῖς</span> <span class='ocrx_word' id='word_1_417' title='bbox 3003 2052 3095 2106; x_wconf 76' lang='grc' dir='ltr'>καὶ</span> <span class='ocrx_word' id='word_1_418' title='bbox 3145 2053 3511 2121; x_wconf 82' lang='grc' dir='ltr'>πετάσμασιν,</span> <span class='ocrx_word' id='word_1_419' title='bbox 3559 2053 3616 2102; x_wconf 81' lang='grc' dir='ltr'><strong>έν</strong></span> <span class='ocrx_word' id='word_1_420' title='bbox 3660 2067 3869 2120; x_wconf 81' lang='grc' dir='ltr'>προμηο</span> 
     </span>
    </p>
   </div>
   <div class='ocr_carea' id='block_1_67' title="bbox 2310 2141 3868 2212">
    <p class='ocr_par' dir='ltr' id='par_1_67' title="bbox 2310 2141 3868 2212">
     <span class='ocr_line' id='line_1_67' title="bbox 2310 2141 3868 2212; baseline -0.001 -20"><span class='ocrx_word' id='word_1_421' title='bbox 2310 2141 2481 2205; x_wconf 87' lang='grc' dir='ltr'>θείαις</span> <span class='ocrx_word' id='word_1_422' title='bbox 2517 2143 2840 2212; x_wconf 82' lang='grc' dir='ltr'>βασιλικαῖς,</span> <span class='ocrx_word' id='word_1_423' title='bbox 2891 2146 2984 2196; x_wconf 72' lang='grc' dir='ltr'>καὶ</span> <span class='ocrx_word' id='word_1_424' title='bbox 3036 2143 3428 2212; x_wconf 84' lang='grc' dir='ltr'>παραγγελίαις</span> <span class='ocrx_word' id='word_1_425' title='bbox 3471 2144 3868 2210; x_wconf 80' lang='grc' dir='ltr'>πνευματικαῖς</span> 
     </span>
    </p>
   </div>
   <div class='ocr_carea' id='block_1_68' title="bbox 2306 2233 3866 2302">
    <p class='ocr_par' dir='ltr' id='par_1_68' title="bbox 2306 2233 3866 2302">
     <span class='ocr_line' id='line_1_68' title="bbox 2306 2233 3866 2302; baseline -0.002 -18"><span class='ocrx_word' id='word_1_426' title='bbox 2306 2233 2367 2284; x_wconf 87' lang='grc' dir='ltr'><strong>τό</strong></span> <span class='ocrx_word' id='word_1_427' title='bbox 2398 2234 2657 2302; x_wconf 69' lang='grc' dir='ltr'>κοσμικόν</span> <span class='ocrx_word' id='word_1_428' title='bbox 2695 2236 2918 2286; x_wconf 86' lang='grc' dir='ltr'>ἀκάτιον</span> <span class='ocrx_word' id='word_1_429' title='bbox 2960 2234 3205 2297; x_wconf 73' lang='grc' dir='ltr'>σώζουσι.</span> <span class='ocrx_word' id='word_1_430' title='bbox 3243 2233 3331 2300; x_wconf 83' lang='grc' dir='ltr'>Τῷ</span> <span class='ocrx_word' id='word_1_431' title='bbox 3376 2248 3455 2284; x_wconf 87' lang='grc' dir='ltr'><strong>τοι</strong></span> <span class='ocrx_word' id='word_1_432' title='bbox 3495 2233 3589 2283; x_wconf 81' lang='grc' dir='ltr'>καὶ</span> <span class='ocrx_word' id='word_1_433' title='bbox 3654 2235 3866 2300; x_wconf 80' lang='grc' dir='ltr'>μικροῖς</span> 
     </span>
    </p>
   </div>
   <div class='ocr_carea' id='block_1_69' title="bbox 2305 2323 3866 2392">
    <p class='ocr_par' dir='ltr' id='par_1_69' title="bbox 2305 2323 3866 2392">
     <span class='ocr_line' id='line_1_69' title="bbox 2305 2323 3866 2392; baseline -0.001 -18"><span class='ocrx_word' id='word_1_434' title='bbox 2305 2325 2373 2375; x_wconf 84' lang='grc' dir='ltr'><strong>τά</strong></span> <span class='ocrx_word' id='word_1_435' title='bbox 2399 2326 2608 2392; x_wconf 85' lang='grc' dir='ltr'>μεγάλα</span> <span class='ocrx_word' id='word_1_436' title='bbox 2636 2325 3013 2392; x_wconf 79' lang='grc' dir='ltr'>σταθμώμενοι</span> <span class='ocrx_word' id='word_1_437' title='bbox 3044 2324 3149 2376; x_wconf 86' lang='grc' dir='ltr'>τῶν</span> <span class='ocrx_word' id='word_1_438' title='bbox 3185 2323 3444 2389; x_wconf 84' lang='grc' dir='ltr'>βασιλέων</span> <span class='ocrx_word' id='word_1_439' title='bbox 3465 2323 3512 2373; x_wconf 75' lang='grc' dir='ltr'>οἱ</span> <span class='ocrx_word' id='word_1_440' title='bbox 3546 2323 3866 2373; x_wconf 73' lang='grc' dir='ltr'>εὐσεϐέστα-</span> 
     </span>
    </p>
   </div>
   <div class='ocr_carea' id='block_1_70' title="bbox 2304 2413 3866 2484">
    <p class='ocr_par' dir='ltr' id='par_1_70' title="bbox 2304 2413 3866 2484">
     <span class='ocr_line' id='line_1_70' title="bbox 2304 2413 3866 2484; baseline -0.001 -18"><span class='ocrx_word' id='word_1_441' title='bbox 2304 2431 2405 2478; x_wconf 84' lang='grc' dir='ltr'>τοι,</span> <span class='ocrx_word' id='word_1_442' title='bbox 2449 2418 2541 2468; x_wconf 79' lang='grc' dir='ltr'><strong>καὶ</strong></span> <span class='ocrx_word' id='word_1_443' title='bbox 2571 2416 2677 2466; x_wconf 82' lang='grc' dir='ltr'>τῶν</span> <span class='ocrx_word' id='word_1_444' title='bbox 2705 2417 2874 2481; x_wconf 86' lang='grc' dir='ltr'>ἁγίων</span> <span class='ocrx_word' id='word_1_445' title='bbox 2922 2415 3176 2482; x_wconf 84' lang='grc' dir='ltr'>Πατέρων</span> <span class='ocrx_word' id='word_1_446' title='bbox 3213 2415 3264 2466; x_wconf 80' lang='grc' dir='ltr'><strong>οι</strong></span> <span class='ocrx_word' id='word_1_447' title='bbox 3299 2413 3652 2484; x_wconf 75' lang='grc' dir='ltr'>προύχοντες,</span> <span class='ocrx_word' id='word_1_448' title='bbox 3682 2413 3866 2481; x_wconf 76' lang='grc' dir='ltr'>διωρί-</span> 
     </span>
    </p>
   </div>
   <div class='ocr_carea' id='block_1_71' title="bbox 2308 2503 3865 2572">
    <p class='ocr_par' dir='ltr' id='par_1_71' title="bbox 2308 2503 3865 2572">
     <span class='ocr_line' id='line_1_71' title="bbox 2308 2503 3865 2572; baseline -0.002 -17"><span class='ocrx_word' id='word_1_449' title='bbox 2308 2521 2467 2556; x_wconf 82' lang='grc' dir='ltr'>σαντο</span> <span class='ocrx_word' id='word_1_450' title='bbox 2494 2505 2552 2568; x_wconf 72' lang='grc' dir='ltr'><strong>ἐξ</strong></span> <span class='ocrx_word' id='word_1_451' title='bbox 2580 2507 2822 2572; x_wconf 81' lang='grc' dir='ltr'>ἀνάγκης</span> <span class='ocrx_word' id='word_1_452' title='bbox 2872 2503 3012 2556; x_wconf 77' lang='grc' dir='ltr'>οὕτω</span> <span class='ocrx_word' id='word_1_453' title='bbox 3068 2504 3478 2572; x_wconf 63' lang='grc' dir='ltr'>δορυφορεῖσθαι</span> <span class='ocrx_word' id='word_1_454' title='bbox 3507 2505 3632 2563; x_wconf 67' lang='grc' dir='ltr'>τοὺς</span> <span class='ocrx_word' id='word_1_455' title='bbox 3696 2503 3865 2570; x_wconf 79' lang='grc' dir='ltr'>μεγά-</span> 
     </span>
    </p>
   </div>
   <div class='ocr_carea' id='block_1_72' title="bbox 2306 2593 3866 2663">
    <p class='ocr_par' dir='ltr' id='par_1_72' title="bbox 2306 2593 3866 2663">
     <span class='ocr_line' id='line_1_72' title="bbox 2306 2593 3866 2663; baseline -0.004 -17"><span class='ocrx_word' id='word_1_456' title='bbox 2306 2595 2428 2656; x_wconf 85' lang='grc' dir='ltr'>λους</span> <span class='ocrx_word' id='word_1_457' title='bbox 2450 2597 2742 2663; x_wconf 81' lang='grc' dir='ltr'>ἀρχιερεῖς,</span> <span class='ocrx_word' id='word_1_458' title='bbox 2768 2597 2860 2647; x_wconf 80' lang='grc' dir='ltr'>καὶ</span> <span class='ocrx_word' id='word_1_459' title='bbox 2886 2593 3020 2646; x_wconf 77' lang='grc' dir='ltr'>εἶναι</span> <span class='ocrx_word' id='word_1_460' title='bbox 3051 2593 3337 2646; x_wconf 80' lang='grc' dir='ltr'>ἑπιτοαυτὸ</span> <span class='ocrx_word' id='word_1_461' title='bbox 3364 2593 3618 2643; x_wconf 80' lang='grc' dir='ltr'>πλούσιόν</span> <span class='ocrx_word' id='word_1_462' title='bbox 3664 2609 3721 2642; x_wconf 88' lang='grc' dir='ltr'><strong>τε</strong></span> <span class='ocrx_word' id='word_1_463' title='bbox 3774 2593 3866 2643; x_wconf 65' lang='grc' dir='ltr'>καὶ</span> 
     </span>
    </p>
   </div>
   <div class='ocr_carea' id='block_1_73' title="bbox 2307 2682 3866 2753">
    <p class='ocr_par' dir='ltr' id='par_1_73' title="bbox 2307 2682 3866 2753">
     <span class='ocr_line' id='line_1_73' title="bbox 2307 2682 3866 2753; baseline -0.003 -18"><span class='ocrx_word' id='word_1_464' title='bbox 2307 2687 2514 2753; x_wconf 75' lang='grc' dir='ltr'>πένητα</span> <span class='ocrx_word' id='word_1_465' title='bbox 2540 2701 2553 2715; x_wconf 78' lang='grc' dir='ltr'><strong>ο</strong></span> <span class='ocrx_word' id='word_1_466' title='bbox 2585 2685 2659 2745; x_wconf 90' lang='grc' dir='ltr'><strong>ώς</strong></span> <span class='ocrx_word' id='word_1_467' title='bbox 2695 2686 2758 2735; x_wconf 82' lang='grc' dir='ltr'>ἂν</span> <span class='ocrx_word' id='word_1_468' title='bbox 2784 2685 2832 2735; x_wconf 81' lang='grc' dir='ltr'><strong>οῖ</strong></span> <span class='ocrx_word' id='word_1_469' title='bbox 2865 2686 2963 2752; x_wconf 71' lang='grc' dir='ltr'>μὲν</span> <span class='ocrx_word' id='word_1_470' title='bbox 2988 2683 3255 2752; x_wconf 79' lang='grc' dir='ltr'>όρθόδοξοι</span> <span class='ocrx_word' id='word_1_471' title='bbox 3294 2682 3580 2749; x_wconf 83' lang='grc' dir='ltr'>βλέποντες</span> <span class='ocrx_word' id='word_1_472' title='bbox 3627 2682 3687 2732; x_wconf 83' lang='grc' dir='ltr'>τὸ</span> <span class='ocrx_word' id='word_1_473' title='bbox 3720 2683 3866 2748; x_wconf 84' lang='grc' dir='ltr'>μέγα</span> 
     </span>
    </p>
   </div>
   <div class='ocr_carea' id='block_1_74' title="bbox 2305 2771 3864 2841">
    <p class='ocr_par' dir='ltr' id='par_1_74' title="bbox 2305 2771 3864 2841">
     <span class='ocr_line' id='line_1_74' title="bbox 2305 2771 3864 2841; baseline -0.004 -14"><span class='ocrx_word' id='word_1_474' title='bbox 2305 2773 2580 2827; x_wconf 78' lang='grc' dir='ltr'>τοῦτοκαὶ</span> <span class='ocrx_word' id='word_1_475' title='bbox 2606 2773 2895 2841; x_wconf 74' lang='grc' dir='ltr'>σεϐάσμιον</span> <span class='ocrx_word' id='word_1_476' title='bbox 2949 2771 3328 2840; x_wconf 83' lang='grc' dir='ltr'>σεμνολόγημα</span> <span class='ocrx_word' id='word_1_477' title='bbox 3385 2771 3534 2838; x_wconf 73' lang='grc' dir='ltr'>παρὰ</span> <span class='ocrx_word' id='word_1_478' title='bbox 3591 2771 3864 2838; x_wconf 77' lang='grc' dir='ltr'>βασιλεῦσι</span> 
     </span>
    </p>
   </div>
   <div class='ocr_carea' id='block_1_75' title="bbox 2307 2860 3865 2932">
    <p class='ocr_par' dir='ltr' id='par_1_75' title="bbox 2307 2860 3865 2932">
     <span class='ocr_line' id='line_1_75' title="bbox 2307 2860 3865 2932; baseline -0.004 -16"><span class='ocrx_word' id='word_1_479' title='bbox 2307 2866 2401 2916; x_wconf 72' lang='grc' dir='ltr'>καὶ</span> <span class='ocrx_word' id='word_1_480' title='bbox 2432 2863 2795 2932; x_wconf 88' lang='grc' dir='ltr'>πατριάρχαις</span> <span class='ocrx_word' id='word_1_481' title='bbox 2829 2864 3007 2930; x_wconf 88' lang='grc' dir='ltr'>μόνοις</span> <span class='ocrx_word' id='word_1_482' title='bbox 3038 2860 3469 2928; x_wconf 85' lang='grc' dir='ltr'>πολιτευόμενον.</span> <span class='ocrx_word' id='word_1_483' title='bbox 3515 2861 3865 2928; x_wconf 80' lang='grc' dir='ltr'>εὐχαριστίαν</span> 
     </span>
    </p>
   </div>
   <div class='ocr_carea' id='block_1_76' title="bbox 2306 2949 3862 3020">
    <p class='ocr_par' dir='ltr' id='par_1_76' title="bbox 2306 2949 3862 3020">
     <span class='ocr_line' id='line_1_76' title="bbox 2306 2949 3862 3020; baseline -0.005 -15"><span class='ocrx_word' id='word_1_484' title='bbox 2306 2953 2566 3019; x_wconf 84' lang='grc' dir='ltr'>ἀνάλογον</span> <span class='ocrx_word' id='word_1_485' title='bbox 2593 2952 2666 3013; x_wconf 87' lang='grc' dir='ltr'><strong>ώς</strong></span> <span class='ocrx_word' id='word_1_486' title='bbox 2681 2951 2926 3020; x_wconf 75' lang='grc' dir='ltr'>θυμίαμα</span> <span class='ocrx_word' id='word_1_487' title='bbox 2952 2951 3135 3002; x_wconf 67' lang='grc' dir='ltr'>δεκτόν</span> <span class='ocrx_word' id='word_1_488' title='bbox 3164 2949 3239 3018; x_wconf 83' lang='grc' dir='ltr'>τῷ</span> <span class='ocrx_word' id='word_1_489' title='bbox 3269 2951 3460 3017; x_wconf 79' lang='grc' dir='ltr'>Κυρίῳ</span> <span class='ocrx_word' id='word_1_490' title='bbox 3491 2949 3862 3017; x_wconf 68' lang='grc' dir='ltr'>προσφέρωσι,</span> 
     </span>
    </p>
   </div>
   <div class='ocr_carea' id='block_1_77' title="bbox 2305 3039 3862 3112">
    <p class='ocr_par' dir='ltr' id='par_1_77' title="bbox 2305 3039 3862 3112">
     <span class='ocr_line' id='line_1_77' title="bbox 2305 3039 3862 3112; baseline -0.004 -18"><span class='ocrx_word' id='word_1_491' title='bbox 2305 3044 2381 3112; x_wconf 85' lang='grc' dir='ltr'>τῷ</span> <span class='ocrx_word' id='word_1_492' title='bbox 2447 3043 2613 3110; x_wconf 85' lang='grc' dir='ltr'>μέσον</span> <span class='ocrx_word' id='word_1_493' title='bbox 2648 3043 2740 3094; x_wconf 82' lang='grc' dir='ltr'><strong>τού</strong></span> <span class='ocrx_word' id='word_1_494' title='bbox 2780 3043 3004 3110; x_wconf 85' lang='grc' dir='ltr'>κέντρου</span> <span class='ocrx_word' id='word_1_495' title='bbox 3053 3041 3153 3107; x_wconf 83' lang='grc' dir='ltr'>τῆς</span> <span class='ocrx_word' id='word_1_496' title='bbox 3212 3039 3483 3107; x_wconf 82' lang='grc' dir='ltr'>κοσμικῆς</span> <span class='ocrx_word' id='word_1_497' title='bbox 3531 3039 3862 3106; x_wconf 75' lang='grc' dir='ltr'>ώραιόιητος</span> 
     </span>
    </p>
   </div>
   <div class='ocr_carea' id='block_1_78' title="bbox 2306 3127 3864 3199">
    <p class='ocr_par' dir='ltr' id='par_1_78' title="bbox 2306 3127 3864 3199">
     <span class='ocr_line' id='line_1_78' title="bbox 2306 3127 3864 3199; baseline -0.003 -16"><span class='ocrx_word' id='word_1_498' title='bbox 2306 3134 2429 3192; x_wconf 81' lang='grc' dir='ltr'>τοὺς</span> <span class='ocrx_word' id='word_1_499' title='bbox 2458 3131 2781 3199; x_wconf 81' lang='grc' dir='ltr'>δεφένσορας</span> <span class='ocrx_word' id='word_1_500' title='bbox 2811 3130 3001 3181; x_wconf 86' lang='grc' dir='ltr'>τούτου</span> <span class='ocrx_word' id='word_1_501' title='bbox 3032 3127 3304 3191; x_wconf 77' lang='grc' dir='ltr'>δοξάζοντι</span> <span class='ocrx_word' id='word_1_502' title='bbox 3331 3145 3346 3160; x_wconf 75' lang='grc' dir='ltr'><strong><em>ο</em></strong></span> <span class='ocrx_word' id='word_1_503' title='bbox 3398 3128 3491 3178; x_wconf 72' lang='grc' dir='ltr'>καὶ</span> <span class='ocrx_word' id='word_1_504' title='bbox 3511 3127 3864 3194; x_wconf 86' lang='grc' dir='ltr'>γονυκλιτῶσι</span> 
     </span>
    </p>
   </div>
   <div class='ocr_carea' id='block_1_79' title="bbox 2310 3214 3864 3288">
    <p class='ocr_par' dir='ltr' id='par_1_79' title="bbox 2310 3214 3864 3288">
     <span class='ocr_line' id='line_1_79' title="bbox 2310 3214 3864 3288; baseline -0.004 -16"><span class='ocrx_word' id='word_1_505' title='bbox 2310 3219 2442 3287; x_wconf 83' lang='grc' dir='ltr'>πρὸς</span> <span class='ocrx_word' id='word_1_506' title='bbox 2470 3220 2695 3288; x_wconf 81' lang='grc' dir='ltr'>Κύριον,</span> <span class='ocrx_word' id='word_1_507' title='bbox 2727 3216 3003 3286; x_wconf 83' lang='grc' dir='ltr'>τροπαίοις</span> <span class='ocrx_word' id='word_1_508' title='bbox 3059 3215 3354 3284; x_wconf 84' lang='grc' dir='ltr'>βασιλικοῖς</span> <span class='ocrx_word' id='word_1_509' title='bbox 3383 3214 3480 3284; x_wconf 77' lang='grc' dir='ltr'>τὴν</span> <span class='ocrx_word' id='word_1_510' title='bbox 3507 3215 3732 3282; x_wconf 75' lang='grc' dir='ltr'>ὖφήλιον</span> <span class='ocrx_word' id='word_1_511' title='bbox 3763 3231 3864 3266; x_wconf 86' lang='grc' dir='ltr'>κα-</span> 
     </span>
    </p>
   </div>
   <div class='ocr_carea' id='block_1_80' title="bbox 2304 3303 3861 3378">
    <p class='ocr_par' dir='ltr' id='par_1_80' title="bbox 2304 3303 3861 3378">
     <span class='ocr_line' id='line_1_80' title="bbox 2304 3303 3861 3378; baseline -0.004 -18"><span class='ocrx_word' id='word_1_512' title='bbox 2304 3309 2700 3378; x_wconf 86' lang='grc' dir='ltr'>ταλάμπεσθαι,</span> <span class='ocrx_word' id='word_1_513' title='bbox 2759 3307 2855 3360; x_wconf 77' lang='grc' dir='ltr'>καὶ</span> <span class='ocrx_word' id='word_1_514' title='bbox 2885 3306 3070 3375; x_wconf 81' lang='grc' dir='ltr'>εὐχαῖς</span> <span class='ocrx_word' id='word_1_515' title='bbox 3106 3305 3535 3373; x_wconf 87' lang='grc' dir='ltr'>πατριαρχικαῖς</span> <span class='ocrx_word' id='word_1_516' title='bbox 3581 3303 3861 3356; x_wconf 73' lang='grc' dir='ltr'>ἀκτινοϐο-</span> 
     </span>
    </p>
   </div>
   <div class='ocr_carea' id='block_1_81' title="bbox 2305 3393 3862 3465">
    <p class='ocr_par' dir='ltr' id='par_1_81' title="bbox 2305 3393 3862 3465">
     <span class='ocr_line' id='line_1_81' title="bbox 2305 3393 3862 3465; baseline -0.002 -17"><span class='ocrx_word' id='word_1_517' title='bbox 2305 3399 2511 3451; x_wconf 86' lang='grc' dir='ltr'>λεῖσθαι</span> <span class='ocrx_word' id='word_1_518' title='bbox 2541 3397 2609 3450; x_wconf 83' lang='grc' dir='ltr'>τὰ</span> <span class='ocrx_word' id='word_1_519' title='bbox 2643 3397 2920 3465; x_wconf 72' lang='grc' dir='ltr'>ἑπιχθόνια</span> <span class='ocrx_word' id='word_1_520' title='bbox 2948 3410 2963 3425; x_wconf 87' lang='grc'><strong>·</strong></span> <span class='ocrx_word' id='word_1_521' title='bbox 2999 3397 3046 3447; x_wconf 84' lang='lat' dir='ltr'><strong>oi</strong></span> <span class='ocrx_word' id='word_1_522' title='bbox 3080 3395 3134 3447; x_wconf 81' lang='grc' dir='ltr'>δὲ</span> <span class='ocrx_word' id='word_1_523' title='bbox 3172 3393 3489 3454; x_wconf 75' lang='grc' dir='ltr'>πεποιθότες</span> <span class='ocrx_word' id='word_1_524' title='bbox 3535 3393 3630 3445; x_wconf 73' lang='grc' dir='ltr'><strong>ἐπὶ</strong></span> <span class='ocrx_word' id='word_1_525' title='bbox 3679 3397 3743 3462; x_wconf 78' lang='grc' dir='ltr'><strong>τῇ</strong></span> <span class='ocrx_word' id='word_1_526' title='bbox 3766 3394 3862 3446; x_wconf 84' lang='grc' dir='ltr'>δυ-</span> 
     </span>
    </p>
   </div>
   <div class='ocr_carea' id='block_1_82' title="bbox 2305 3484 3865 3558">
    <p class='ocr_par' dir='ltr' id='par_1_82' title="bbox 2305 3484 3865 3558">
     <span class='ocr_line' id='line_1_82' title="bbox 2305 3484 3865 3558; baseline -0.003 -17"><span class='ocrx_word' id='word_1_527' title='bbox 2305 3489 2464 3558; x_wconf 87' lang='grc' dir='ltr'>νάμει</span> <span class='ocrx_word' id='word_1_528' title='bbox 2520 3487 2697 3540; x_wconf 76' lang='grc' dir='ltr'>αὐτῶν</span> <span class='ocrx_word' id='word_1_529' title='bbox 2747 3485 3063 3556; x_wconf 74' lang='grc' dir='ltr'>ἑτερόδοξοι,</span> <span class='ocrx_word' id='word_1_530' title='bbox 3125 3486 3218 3538; x_wconf 69' lang='grc' dir='ltr'>καὶ</span> <span class='ocrx_word' id='word_1_531' title='bbox 3279 3484 3622 3552; x_wconf 86' lang='grc' dir='ltr'>καυχώμενοι</span> <span class='ocrx_word' id='word_1_532' title='bbox 3669 3486 3761 3537; x_wconf 70' lang='grc' dir='ltr'><strong>ἐπὶ</strong></span> <span class='ocrx_word' id='word_1_533' title='bbox 3787 3484 3865 3552; x_wconf 81' lang='grc' dir='ltr'><strong>τῷ</strong></span> 
     </span>
    </p>
   </div>
   <div class='ocr_carea' id='block_1_83' title="bbox 2306 3575 3861 3648">
    <p class='ocr_par' dir='ltr' id='par_1_83' title="bbox 2306 3575 3861 3648">
     <span class='ocr_line' id='line_1_83' title="bbox 2306 3575 3861 3648; baseline -0.005 -18"><span class='ocrx_word' id='word_1_534' title='bbox 2306 3579 2524 3648; x_wconf 81' lang='grc' dir='ltr'>πλούτῳ</span> <span class='ocrx_word' id='word_1_535' title='bbox 2554 3578 2732 3631; x_wconf 83' lang='grc' dir='ltr'>αὐτῶν</span> <span class='ocrx_word' id='word_1_536' title='bbox 2766 3578 2853 3647; x_wconf 74' lang='grc' dir='ltr'>(τὰ</span> <span class='ocrx_word' id='word_1_537' title='bbox 2918 3577 3024 3645; x_wconf 85' lang='grc' dir='ltr'><strong>γὰρ</strong></span> <span class='ocrx_word' id='word_1_538' title='bbox 3055 3577 3246 3627; x_wconf 72' lang='grc' dir='ltr'>εἴδωλα</span> <span class='ocrx_word' id='word_1_539' title='bbox 3295 3576 3402 3626; x_wconf 85' lang='grc' dir='ltr'><strong>τῶν</strong></span> <span class='ocrx_word' id='word_1_540' title='bbox 3449 3575 3618 3626; x_wconf 73' lang='grc' dir='ltr'>ιθνών</span> <span class='ocrx_word' id='word_1_541' title='bbox 3644 3576 3861 3642; x_wconf 85' lang='grc' dir='ltr'>χρυσίον</span> 
     </span>
    </p>
   </div>
   <div class='ocr_carea' id='block_1_84' title="bbox 2305 3664 3858 3735">
    <p class='ocr_par' dir='ltr' id='par_1_84' title="bbox 2305 3664 3858 3735">
     <span class='ocr_line' id='line_1_84' title="bbox 2305 3664 3858 3735; baseline -0.003 -17"><span class='ocrx_word' id='word_1_542' title='bbox 2305 3669 2411 3720; x_wconf 75' lang='grc' dir='ltr'>εἰσὶ</span> <span class='ocrx_word' id='word_1_543' title='bbox 2439 3669 2532 3720; x_wconf 70' lang='grc' dir='ltr'>καὶ</span> <span class='ocrx_word' id='word_1_544' title='bbox 2559 3666 2864 3735; x_wconf 84' lang='grc' dir='ltr'>ἀργύριον),</span> <span class='ocrx_word' id='word_1_545' title='bbox 2906 3667 3042 3734; x_wconf 82' lang='grc' dir='ltr'>πρὸς</span> <span class='ocrx_word' id='word_1_546' title='bbox 3067 3666 3125 3716; x_wconf 84' lang='grc' dir='ltr'>τὸ</span> <span class='ocrx_word' id='word_1_547' title='bbox 3150 3666 3423 3733; x_wconf 82' lang='grc' dir='ltr'>ὁρώμενον</span> <span class='ocrx_word' id='word_1_548' title='bbox 3454 3664 3858 3730; x_wconf 74' lang='grc' dir='ltr'>ἀθλεπτήσωσι,</span> 
     </span>
    </p>
   </div>
   <div class='ocr_carea' id='block_1_85' title="bbox 2305 3750 3858 3824">
    <p class='ocr_par' dir='ltr' id='par_1_85' title="bbox 2305 3750 3858 3824">
     <span class='ocr_line' id='line_1_85' title="bbox 2305 3750 3858 3824; baseline -0.004 -16"><span class='ocrx_word' id='word_1_549' title='bbox 2305 3758 2397 3808; x_wconf 71' lang='grc' dir='ltr'>καὶ</span> <span class='ocrx_word' id='word_1_550' title='bbox 2427 3757 2716 3824; x_wconf 82' lang='grc' dir='ltr'>νομίσωσιν</span> <span class='ocrx_word' id='word_1_551' title='bbox 2741 3756 2877 3821; x_wconf 75' lang='grc' dir='ltr'>ἔργα</span> <span class='ocrx_word' id='word_1_552' title='bbox 2908 3753 3264 3823; x_wconf 86' lang='grc' dir='ltr'>χαλκοτύπων</span> <span class='ocrx_word' id='word_1_553' title='bbox 3313 3750 3450 3806; x_wconf 75' lang='grc' dir='ltr'>εῖναι</span> <span class='ocrx_word' id='word_1_554' title='bbox 3512 3755 3716 3821; x_wconf 88' lang='grc' dir='ltr'>μάταια</span> <span class='ocrx_word' id='word_1_555' title='bbox 3767 3757 3858 3804; x_wconf 72' lang='grc' dir='ltr'><strong>καὶ</strong></span> 
     </span>
    </p>
   </div>
   <div class='ocr_carea' id='block_1_86' title="bbox 2303 3845 3858 3918">
    <p class='ocr_par' dir='ltr' id='par_1_86' title="bbox 2303 3845 3858 3918">
     <span class='ocr_line' id='line_1_86' title="bbox 2303 3845 3858 3918; baseline -0.005 -18"><span class='ocrx_word' id='word_1_556' title='bbox 2303 3850 2552 3918; x_wconf 83' lang='grc' dir='ltr'>ἀνόνητα,</span> <span class='ocrx_word' id='word_1_557' title='bbox 2611 3848 2703 3898; x_wconf 72' lang='grc' dir='ltr'>καὶ</span> <span class='ocrx_word' id='word_1_558' title='bbox 2760 3845 3023 3913; x_wconf 81' lang='grc' dir='ltr'>κοσμικού</span> <span class='ocrx_word' id='word_1_559' title='bbox 3063 3845 3318 3913; x_wconf 81' lang='grc' dir='ltr'>δοξαρίου</span> <span class='ocrx_word' id='word_1_560' title='bbox 3373 3845 3706 3914; x_wconf 84' lang='grc' dir='ltr'>χαρίσματα.</span> <span class='ocrx_word' id='word_1_561' title='bbox 3752 3845 3858 3895; x_wconf 59' lang='grc' dir='ltr'><strong>Καὶ⁵</strong></span> 
     </span>
    </p>
   </div>
   <div class='ocr_carea' id='block_1_87' title="bbox 2302 3931 3856 4003">
    <p class='ocr_par' dir='ltr' id='par_1_87' title="bbox 2302 3931 3856 4003">
     <span class='ocr_line' id='line_1_87' title="bbox 2302 3931 3856 4003; baseline -0.005 -15"><span class='ocrx_word' id='word_1_562' title='bbox 2302 3935 2472 3989; x_wconf 80' lang='grc' dir='ltr'>ταῦτα</span> <span class='ocrx_word' id='word_1_563' title='bbox 2506 3936 2603 4003; x_wconf 73' lang='grc' dir='ltr'>μὲν</span> <span class='ocrx_word' id='word_1_564' title='bbox 2641 3934 2767 4003; x_wconf 72' lang='grc' dir='ltr'>περὶ</span> <span class='ocrx_word' id='word_1_565' title='bbox 2801 3934 2906 3984; x_wconf 82' lang='grc' dir='ltr'>τῶν</span> <span class='ocrx_word' id='word_1_566' title='bbox 2929 3931 3341 4000; x_wconf 83' lang='grc' dir='ltr'>πατριαρχικῶν</span> <span class='ocrx_word' id='word_1_567' title='bbox 3372 3931 3690 3997; x_wconf 81' lang='grc' dir='ltr'>λαμπάδων.</span> <span class='ocrx_word' id='word_1_568' title='bbox 3710 3931 3856 3982; x_wconf 73' lang='grc' dir='ltr'>Ἐπει</span> 
     </span>
    </p>
   </div>
   <div class='ocr_carea' id='block_1_88' title="bbox 2302 4019 3858 4091">
    <p class='ocr_par' dir='ltr' id='par_1_88' title="bbox 2302 4019 3858 4091">
     <span class='ocr_line' id='line_1_88' title="bbox 2302 4019 3858 4091; baseline -0.004 -17"><span class='ocrx_word' id='word_1_569' title='bbox 2302 4023 2358 4074; x_wconf 77' lang='grc' dir='ltr'>δὲ</span> <span class='ocrx_word' id='word_1_570' title='bbox 2394 4023 2488 4075; x_wconf 69' lang='grc' dir='ltr'><strong>καλ⁸</strong></span> <span class='ocrx_word' id='word_1_571' title='bbox 2514 4021 2725 4091; x_wconf 76' lang='grc' dir='ltr'>ῥάϐδος,</span> <span class='ocrx_word' id='word_1_572' title='bbox 2766 4021 2858 4072; x_wconf 76' lang='grc' dir='ltr'><strong>καὶ</strong></span> <span class='ocrx_word' id='word_1_573' title='bbox 2887 4021 3108 4082; x_wconf 86' lang='grc' dir='ltr'>σάκκος,</span> <span class='ocrx_word' id='word_1_574' title='bbox 3161 4021 3256 4071; x_wconf 61' lang='grc' dir='ltr'><strong>καὶ¹</strong></span> <span class='ocrx_word' id='word_1_575' title='bbox 3315 4019 3728 4087; x_wconf 85' lang='grc' dir='ltr'>πολυσταύριον,</span> <span class='ocrx_word' id='word_1_576' title='bbox 3769 4023 3858 4072; x_wconf 73' lang='grc' dir='ltr'>καὶ</span> 
     </span>
    </p>
   </div>
   <div class='ocr_carea' id='block_1_89' title="bbox 2303 4111 3859 4181">
    <p class='ocr_par' dir='ltr' id='par_1_89' title="bbox 2303 4111 3859 4181">
     <span class='ocr_line' id='line_1_89' title="bbox 2303 4111 3859 4181; baseline -0.004 -16"><span class='ocrx_word' id='word_1_577' title='bbox 2303 4114 2389 4166; x_wconf 75' lang='grc' dir='ltr'><strong>διὰ</strong></span> <span class='ocrx_word' id='word_1_578' title='bbox 2424 4112 2764 4181; x_wconf 82' lang='grc' dir='ltr'>γραμμάτων</span> <span class='ocrx_word' id='word_1_579' title='bbox 2793 4113 2842 4141; x_wconf 71' lang='grc' dir='ltr'><strong>τ’</strong></span> <span class='ocrx_word' id='word_1_580' title='bbox 2890 4113 3183 4179; x_wconf 85' lang='grc' dir='ltr'>στιχάριον,</span> <span class='ocrx_word' id='word_1_581' title='bbox 3213 4121 3312 4179; x_wconf 82' lang='grc' dir='ltr'><strong>την</strong></span> <span class='ocrx_word' id='word_1_582' title='bbox 3341 4111 3742 4178; x_wconf 75' lang='grc' dir='ltr'>πατριαρχικὴν</span> <span class='ocrx_word' id='word_1_583' title='bbox 3767 4114 3859 4161; x_wconf 75' lang='grc' dir='ltr'>καὶ</span> 
     </span>
    </p>
   </div>
   <div class='ocr_carea' id='block_1_90' title="bbox 2307 4200 3857 4274">
    <p class='ocr_par' dir='ltr' id='par_1_90' title="bbox 2307 4200 3857 4274">
     <span class='ocr_line' id='line_1_90' title="bbox 2307 4200 3857 4274; baseline -0.005 -19"><span class='ocrx_word' id='word_1_584' title='bbox 2307 4204 2470 4274; x_wconf 87' lang='grc' dir='ltr'>μόνην</span> <span class='ocrx_word' id='word_1_585' title='bbox 2501 4203 2808 4268; x_wconf 76' lang='grc' dir='ltr'>δοξάζουσιν</span> <span class='ocrx_word' id='word_1_586' title='bbox 2837 4202 3116 4268; x_wconf 85' lang='grc' dir='ltr'>ἀγιότητα,</span> <span class='ocrx_word' id='word_1_587' title='bbox 3157 4200 3369 4252; x_wconf 81' lang='grc' dir='ltr'>θέλουσι</span> <span class='ocrx_word' id='word_1_588' title='bbox 3403 4201 3459 4252; x_wconf 86' lang='grc' dir='ltr'><strong>δέ</strong></span> <span class='ocrx_word' id='word_1_589' title='bbox 3518 4202 3666 4261; x_wconf 87' lang='grc' dir='ltr'>τινές</span> <span class='ocrx_word' id='word_1_590' title='bbox 3719 4217 3857 4250; x_wconf 80' lang='grc' dir='ltr'>τισιν</span> 
     </span>
    </p>
   </div>
   <div class='ocr_carea' id='block_1_91' title="bbox 2305 4293 3858 4362">
    <p class='ocr_par' dir='ltr' id='par_1_91' title="bbox 2305 4293 3858 4362">
     <span class='ocr_line' id='line_1_91' title="bbox 2305 4293 3858 4362; baseline -0.004 -14"><span class='ocrx_word' id='word_1_591' title='bbox 2305 4296 2364 4359; x_wconf 72' lang='grc' dir='ltr'><strong>ἐξ</strong></span> <span class='ocrx_word' id='word_1_592' title='bbox 2397 4297 2575 4349; x_wconf 81' lang='grc' dir='ltr'>αὐτῶν</span> <span class='ocrx_word' id='word_1_593' title='bbox 2601 4313 2752 4358; x_wconf 88' lang='grc' dir='ltr'>τινας</span> <span class='ocrx_word' id='word_1_594' title='bbox 2781 4295 2886 4346; x_wconf 85' lang='grc' dir='ltr'><strong>τῶν</strong></span> <span class='ocrx_word' id='word_1_595' title='bbox 2928 4295 3280 4362; x_wconf 84' lang='grc' dir='ltr'>πατριαρχῶν</span> <span class='ocrx_word' id='word_1_596' title='bbox 3339 4294 3509 4345; x_wconf 75' lang='grc' dir='ltr'>ἐνίοτε</span> <span class='ocrx_word' id='word_1_597' title='bbox 3569 4293 3643 4362; x_wconf 81' lang='grc' dir='ltr'>μὴ</span> <span class='ocrx_word' id='word_1_598' title='bbox 3695 4311 3858 4344; x_wconf 73' lang='grc' dir='ltr'>κατα-</span> 
     </span>
    </p>
   </div>
   <div class='ocr_carea' id='block_1_92' title="bbox 2306 4382 3855 4454">
    <p class='ocr_par' dir='ltr' id='par_1_92' title="bbox 2306 4382 3855 4454">
     <span class='ocr_line' id='line_1_92' title="bbox 2306 4382 3855 4454; baseline -0.005 -15"><span class='ocrx_word' id='word_1_599' title='bbox 2306 4387 2698 4447; x_wconf 79' lang='grc' dir='ltr'>ποικίλλεσθαι,</span> <span class='ocrx_word' id='word_1_600' title='bbox 2730 4388 2859 4454; x_wconf 81' lang='grc' dir='ltr'>φέρε</span> <span class='ocrx_word' id='word_1_601' title='bbox 2899 4386 2991 4438; x_wconf 74' lang='grc' dir='ltr'>καὶ</span> <span class='ocrx_word' id='word_1_602' title='bbox 3022 4383 3150 4452; x_wconf 78' lang='grc' dir='ltr'>περὶ</span> <span class='ocrx_word' id='word_1_603' title='bbox 3171 4383 3372 4434; x_wconf 80' lang='grc' dir='ltr'>τούτων</span> <span class='ocrx_word' id='word_1_604' title='bbox 3411 4382 3616 4451; x_wconf 83' lang='grc' dir='ltr'>βραχέα</span> <span class='ocrx_word' id='word_1_605' title='bbox 3644 4383 3855 4450; x_wconf 81' lang='grc' dir='ltr'>φιλοσο-</span> 
     </span>
    </p>
   </div>
   <div class='ocr_carea' id='block_1_93' title="bbox 652 4465 2208 4542">
    <p class='ocr_par' dir='ltr' id='par_1_93' title="bbox 652 4465 2201 4535">
     <span class='ocr_line' id='line_1_93' title="bbox 652 4465 2201 4535; baseline -0.003 -12"><span class='ocrx_word' id='word_1_606' title='bbox 652 4471 895 4524; x_wconf 91' lang='lat' dir='ltr'><strong>nonnulli</strong></span> <span class='ocrx_word' id='word_1_607' title='bbox 940 4469 1148 4532; x_wconf 85' lang='lat' dir='ltr'><strong>volunt,</strong></span> <span class='ocrx_word' id='word_1_608' title='bbox 1187 4465 1448 4535; x_wconf 88' lang='lat' dir='ltr'><strong>quosdam</strong></span> <span class='ocrx_word' id='word_1_609' title='bbox 1481 4481 1544 4518; x_wconf 89' lang='lat' dir='ltr'><strong>ex</strong></span> <span class='ocrx_word' id='word_1_610' title='bbox 1585 4465 1907 4533; x_wconf 87' lang='lat' dir='ltr'><strong>patriarchis</strong></span> <span class='ocrx_word' id='word_1_611' title='bbox 1947 4480 2201 4519; x_wconf 90' lang='lat' dir='ltr'><strong>nonnun-</strong></span> 
     </span>
    </p>
   </div>
   <div class='ocr_carea' id='block_1_94' title="bbox 2309 4465 3860 4542">
    <p class='ocr_par' dir='ltr' id='par_1_94' title="bbox 2311 4469 3860 4542">
     <span class='ocr_line' id='line_1_94' title="bbox 2311 4469 3860 4542; baseline -0.004 -16"><span class='ocrx_word' id='word_1_612' title='bbox 2311 4476 2588 4542; x_wconf 81' lang='grc' dir='ltr'>φήσωμεν.</span> <span class='ocrx_word' id='word_1_613' title='bbox 2612 4474 2803 4526; x_wconf 82' lang='grc' dir='ltr'>Κλῖνον</span> <span class='ocrx_word' id='word_1_614' title='bbox 2821 4475 2878 4525; x_wconf 81' lang='grc' dir='ltr'>τὸ</span> <span class='ocrx_word' id='word_1_615' title='bbox 2895 4469 2985 4534; x_wconf 75' lang='grc' dir='ltr'>οὖς</span> <span class='ocrx_word' id='word_1_616' title='bbox 3007 4490 3124 4536; x_wconf 89' lang='grc' dir='ltr'>σου,</span> <span class='ocrx_word' id='word_1_617' title='bbox 3156 4488 3309 4523; x_wconf 87' lang='grc' dir='ltr'>πανιε</span> <span class='ocrx_word' id='word_1_618' title='bbox 3321 4471 3548 4539; x_wconf 79' lang='grc' dir='ltr'>ρώτατε,</span> <span class='ocrx_word' id='word_1_619' title='bbox 3580 4472 3670 4522; x_wconf 70' lang='grc' dir='ltr'>καὶ</span> <span class='ocrx_word' id='word_1_620' title='bbox 3699 4473 3860 4523; x_wconf 80' lang='grc' dir='ltr'>ἀκου-</span> 
     </span>
    </p>
   </div>
   <div class='ocr_carea' id='block_1_95' title="bbox 649 4556 2202 4629">
    <p class='ocr_par' dir='ltr' id='par_1_95' title="bbox 649 4556 2202 4629">
     <span class='ocr_line' id='line_1_95' title="bbox 649 4556 2202 4629; baseline -0.003 -15"><span class='ocrx_word' id='word_1_621' title='bbox 649 4576 809 4629; x_wconf 82' lang='lat' dir='ltr'><strong>quam</strong></span> <span class='ocrx_word' id='word_1_622' title='bbox 854 4559 1124 4628; x_wconf 88' lang='lat' dir='ltr'><strong>aliquibus</strong></span> <span class='ocrx_word' id='word_1_623' title='bbox 1167 4559 1355 4611; x_wconf 78' lang='lat' dir='ltr'><strong>horum</strong></span> <span class='ocrx_word' id='word_1_624' title='bbox 1396 4572 1501 4611; x_wconf 94' lang='lat' dir='ltr'><strong>non</strong></span> <span class='ocrx_word' id='word_1_625' title='bbox 1529 4556 1778 4610; x_wconf 89' lang='lat' dir='ltr'><strong>exornari</strong></span> <span class='ocrx_word' id='word_1_626' title='bbox 1819 4572 1831 4608; x_wconf 87' lang='lat'><strong>:</strong></span> <span class='ocrx_word' id='word_1_627' title='bbox 1867 4571 1985 4625; x_wconf 89' lang='lat' dir='ltr'><strong>age,</strong></span> <span class='ocrx_word' id='word_1_628' title='bbox 2015 4557 2081 4610; x_wconf 88' lang='lat' dir='ltr'><strong>de</strong></span> <span class='ocrx_word' id='word_1_629' title='bbox 2120 4557 2202 4610; x_wconf 91' lang='lat' dir='ltr'><strong>h:s</strong></span> 
     </span>
    </p>
   </div>
   <div class='ocr_carea' id='block_1_96' title="bbox 649 4647 2198 4710">
    <p class='ocr_par' dir='ltr' id='par_1_96' title="bbox 649 4647 2198 4710">
     <span class='ocr_line' id='line_1_96' title="bbox 649 4647 2198 4710; baseline -0.002 -7"><span class='ocrx_word' id='word_1_630' title='bbox 649 4652 810 4703; x_wconf 88' lang='lat' dir='ltr'><strong>etiam</strong></span> <span class='ocrx_word' id='word_1_631' title='bbox 859 4649 1094 4702; x_wconf 86' lang='lat' dir='ltr'><strong>breviter</strong></span> <span class='ocrx_word' id='word_1_632' title='bbox 1141 4649 1492 4703; x_wconf 87' lang='lat' dir='ltr'><strong>disseramus.</strong></span> <span class='ocrx_word' id='word_1_633' title='bbox 1548 4647 1752 4701; x_wconf 86' lang='lat' dir='ltr'><strong>lnclina</strong></span> <span class='ocrx_word' id='word_1_634' title='bbox 1796 4662 1979 4700; x_wconf 87' lang='lat' dir='ltr'><strong>aurem</strong></span> <span class='ocrx_word' id='word_1_635' title='bbox 2028 4658 2198 4710; x_wconf 85' lang='lat' dir='ltr'><strong>tuam,</strong></span> 
     </span>
    </p>
   </div>
   <div class='ocr_carea' id='block_1_97' title="bbox 648 4737 2200 4805">
    <p class='ocr_par' dir='ltr' id='par_1_97' title="bbox 648 4737 2200 4805">
     <span class='ocr_line' id='line_1_97' title="bbox 648 4737 2200 4805; baseline 0.001 -14"><span class='ocrx_word' id='word_1_636' title='bbox 648 4738 1012 4799; x_wconf 88' lang='lat' dir='ltr'><strong>sanctissime,</strong></span> <span class='ocrx_word' id='word_1_637' title='bbox 1056 4746 1110 4790; x_wconf 90' lang='lat' dir='ltr'><strong>et</strong></span> <span class='ocrx_word' id='word_1_638' title='bbox 1157 4753 1242 4791; x_wconf 91' lang='lat' dir='ltr'><strong>me</strong></span> <span class='ocrx_word' id='word_1_639' title='bbox 1281 4737 1426 4790; x_wconf 91' lang='lat' dir='ltr'><strong>audi.</strong></span> <span class='ocrx_word' id='word_1_640' title='bbox 1470 4737 1586 4790; x_wconf 81' lang='lat' dir='ltr'><strong>Non</strong></span> <span class='ocrx_word' id='word_1_641' title='bbox 1634 4737 1778 4791; x_wconf 91' lang='lat' dir='ltr'><strong>enim</strong></span> <span class='ocrx_word' id='word_1_642' title='bbox 1830 4738 1882 4789; x_wconf 92' lang='lat' dir='ltr'><strong>in</strong></span> <span class='ocrx_word' id='word_1_643' title='bbox 1927 4739 2200 4805; x_wconf 85' lang='lat' dir='ltr'><strong>parabolis</strong></span> 
     </span>
    </p>
   </div>
   <div class='ocr_carea' id='block_1_98' title="bbox 651 4826 2194 4896">
    <p class='ocr_par' dir='ltr' id='par_1_98' title="bbox 651 4826 2194 4896">
     <span class='ocr_line' id='line_1_98' title="bbox 651 4826 2194 4896; baseline -0.001 -16"><span class='ocrx_word' id='word_1_644' title='bbox 651 4830 890 4896; x_wconf 83' lang='lat' dir='ltr'><strong>aperiam</strong></span> <span class='ocrx_word' id='word_1_645' title='bbox 923 4842 984 4880; x_wconf 90' lang='lat' dir='ltr'><strong>os</strong></span> <span class='ocrx_word' id='word_1_646' title='bbox 1016 4841 1214 4889; x_wconf 89' lang='lat' dir='ltr'><strong>meum,</strong></span> <span class='ocrx_word' id='word_1_647' title='bbox 1248 4827 1341 4880; x_wconf 90' lang='lat' dir='ltr'><strong>sed</strong></span> <span class='ocrx_word' id='word_1_648' title='bbox 1372 4828 1700 4895; x_wconf 67' lang='lat' dir='ltr'><strong>quaestiones</strong></span> <span class='ocrx_word' id='word_1_649' title='bbox 1731 4826 1797 4878; x_wconf 90' lang='lat' dir='ltr'><strong>ab</strong></span> <span class='ocrx_word' id='word_1_650' title='bbox 1828 4827 2036 4892; x_wconf 85' lang='lat' dir='ltr'><strong>origine</strong></span> <span class='ocrx_word' id='word_1_651' title='bbox 2070 4841 2194 4894; x_wconf 88' lang='lat' dir='ltr'><strong>pro-</strong></span> 
     </span>
    </p>
   </div>
   <div class='ocr_carea' id='block_1_99' title="bbox 652 4917 2092 4985">
    <p class='ocr_par' dir='ltr' id='par_1_99' title="bbox 652 4917 2092 4985">
     <span class='ocr_line' id='line_1_99' title="bbox 652 4917 2092 4985; baseline -0.006 -12"><span class='ocrx_word' id='word_1_652' title='bbox 652 4920 842 4983; x_wconf 82' lang='lat' dir='ltr'><strong>feram,</strong></span> <span class='ocrx_word' id='word_1_653' title='bbox 871 4932 1006 4985; x_wconf 83' lang='lat' dir='ltr'><strong>quas</strong></span> <span class='ocrx_word' id='word_1_654' title='bbox 1033 4917 1280 4969; x_wconf 86' lang='lat' dir='ltr'><strong>divorum</strong></span> <span class='ocrx_word' id='word_1_655' title='bbox 1319 4917 1538 4968; x_wconf 86' lang='lat' dir='ltr'><strong>Patrum</strong></span> <span class='ocrx_word' id='word_1_656' title='bbox 1571 4918 1743 4984; x_wconf 88' lang='lat' dir='ltr'><strong>gratia</strong></span> <span class='ocrx_word' id='word_1_657' title='bbox 1780 4931 1863 4968; x_wconf 87' lang='lat' dir='ltr'><strong>me</strong></span> <span class='ocrx_word' id='word_1_658' title='bbox 1889 4917 2092 4968; x_wconf 86' lang='lat' dir='ltr'><strong>docuit.</strong></span> 
     </span>
    </p>
   </div>
   <div class='ocr_carea' id='block_1_100' title="bbox 721 5007 2194 5076">
    <p class='ocr_par' dir='ltr' id='par_1_100' title="bbox 721 5007 2194 5076">
     <span class='ocr_line' id='line_1_100' title="bbox 721 5007 2194 5076; baseline -0.002 -14"><span class='ocrx_word' id='word_1_659' title='bbox 721 5009 1104 5063; x_wconf 81' lang='lat' dir='ltr'><strong>Sanctissimos</strong></span> <span class='ocrx_word' id='word_1_660' title='bbox 1141 5008 1381 5076; x_wconf 92' lang='lat' dir='ltr'><strong>quinque</strong></span> <span class='ocrx_word' id='word_1_661' title='bbox 1419 5008 1756 5075; x_wconf 79' lang='lat' dir='ltr'><strong>patriarchas</strong></span> <span class='ocrx_word' id='word_1_662' title='bbox 1803 5007 2002 5076; x_wconf 88' lang='lat' dir='ltr'><strong>(adhuc</strong></span> <span class='ocrx_word' id='word_1_663' title='bbox 2050 5008 2194 5061; x_wconf 89' lang='lat' dir='ltr'><strong>enim</strong></span> 
     </span>
    </p>
   </div>
   <div class='ocr_carea' id='block_1_101' title="bbox 653 5098 2204 5167">
    <p class='ocr_par' dir='ltr' id='par_1_101' title="bbox 653 5098 2204 5167">
     <span class='ocr_line' id='line_1_101' title="bbox 653 5098 2204 5167; baseline -0.002 -14"><span class='ocrx_word' id='word_1_664' title='bbox 653 5110 712 5154; x_wconf 93' lang='lat' dir='ltr'><strong>ut</strong></span> <span class='ocrx_word' id='word_1_665' title='bbox 738 5100 934 5153; x_wconf 87' lang='lat' dir='ltr'><strong>hedera</strong></span> <span class='ocrx_word' id='word_1_666' title='bbox 956 5099 1199 5166; x_wconf 88' lang='lat' dir='ltr'><strong>quercui,</strong></span> <span class='ocrx_word' id='word_1_667' title='bbox 1223 5100 1302 5151; x_wconf 88' lang='lat' dir='ltr'><strong>sic</strong></span> <span class='ocrx_word' id='word_1_668' title='bbox 1331 5098 1443 5164; x_wconf 89' lang='lat' dir='ltr'><strong>ipse</strong></span> <span class='ocrx_word' id='word_1_669' title='bbox 1471 5099 1774 5151; x_wconf 67' lang='lat' dir='ltr'><strong>concordiae</strong></span> <span class='ocrx_word' id='word_1_670' title='bbox 1803 5113 1950 5167; x_wconf 70' lang='lat' dir='ltr'><strong>papa:</strong></span> <span class='ocrx_word' id='word_1_671' title='bbox 1979 5098 2204 5151; x_wconf 75' lang='lat' dir='ltr'><strong>ltumani</strong></span> 
     </span>
    </p>
   </div>
   <div class='ocr_carea' id='block_1_102' title="bbox 653 5187 2202 5258">
    <p class='ocr_par' dir='ltr' id='par_1_102' title="bbox 653 5187 2202 5258">
     <span class='ocr_line' id='line_1_102' title="bbox 653 5187 2202 5258; baseline 0.001 -18"><span class='ocrx_word' id='word_1_672' title='bbox 653 5190 809 5258; x_wconf 89' lang='lat' dir='ltr'><strong>quasi</strong></span> <span class='ocrx_word' id='word_1_673' title='bbox 851 5190 1125 5242; x_wconf 89' lang='lat' dir='ltr'><strong>mordicus</strong></span> <span class='ocrx_word' id='word_1_674' title='bbox 1155 5188 1413 5251; x_wconf 65' lang='lat' dir='ltr'><strong>inhaareo,</strong></span> <span class='ocrx_word' id='word_1_675' title='bbox 1444 5197 1496 5240; x_wconf 89' lang='lat' dir='ltr'><strong>et</strong></span> <span class='ocrx_word' id='word_1_676' title='bbox 1525 5187 1593 5240; x_wconf 90' lang='lat' dir='ltr'><strong>ob</strong></span> <span class='ocrx_word' id='word_1_677' title='bbox 1625 5192 2022 5256; x_wconf 86' lang='lat' dir='ltr'><strong>scparationcm</strong></span> <span class='ocrx_word' id='word_1_678' title='bbox 2058 5192 2202 5242; x_wconf 69' lang='lat' dir='ltr'><strong>ilius</strong></span> 
     </span>
    </p>
   </div>
   <div class='ocr_carea' id='block_1_103' title="bbox 653 5278 2202 5348">
    <p class='ocr_par' dir='ltr' id='par_1_103' title="bbox 653 5278 2202 5348">
     <span class='ocr_line' id='line_1_103' title="bbox 653 5278 2202 5348; baseline 0.001 -15"><span class='ocrx_word' id='word_1_679' title='bbox 653 5281 836 5333; x_wconf 86' lang='lat' dir='ltr'><strong>animo</strong></span> <span class='ocrx_word' id='word_1_680' title='bbox 860 5281 1086 5342; x_wconf 86' lang='lat' dir='ltr'><strong>laceror,</strong></span> <span class='ocrx_word' id='word_1_681' title='bbox 1114 5289 1275 5347; x_wconf 91' lang='lat' dir='ltr'><strong>atque</strong></span> <span class='ocrx_word' id='word_1_682' title='bbox 1298 5278 1538 5348; x_wconf 87' lang='lat' dir='ltr'><strong>quotidie</strong></span> <span class='ocrx_word' id='word_1_683' title='bbox 1593 5282 1998 5334; x_wconf 87' lang='lat' dir='ltr'><strong>conversionem</strong></span> <span class='ocrx_word' id='word_1_684' title='bbox 2032 5281 2202 5345; x_wconf 82' lang='lat' dir='ltr'><strong>ipsius</strong></span> 
     </span>
    </p>
   </div>
   <div class='ocr_carea' id='block_1_104' title="bbox 647 5369 2200 5441">
    <p class='ocr_par' dir='ltr' id='par_1_104' title="bbox 647 5369 2200 5441">
     <span class='ocr_line' id='line_1_104' title="bbox 647 5369 2200 5441; baseline -0.001 -17"><span class='ocrx_word' id='word_1_685' title='bbox 647 5372 918 5441; x_wconf 77' lang='lat' dir='ltr'><strong>egregiam</strong></span> <span class='ocrx_word' id='word_1_686' title='bbox 991 5370 1266 5439; x_wconf 86' lang='lat' dir='ltr'><strong>exspecto)</strong></span> <span class='ocrx_word' id='word_1_687' title='bbox 1345 5384 1440 5438; x_wconf 92' lang='lat' dir='ltr'><strong>pro</strong></span> <span class='ocrx_word' id='word_1_688' title='bbox 1511 5369 1627 5422; x_wconf 90' lang='lat' dir='ltr'><strong>solo</strong></span> <span class='ocrx_word' id='word_1_689' title='bbox 1705 5372 1880 5436; x_wconf 81' lang='lat' dir='ltr'><strong>capite</strong></span> <span class='ocrx_word' id='word_1_690' title='bbox 1953 5372 2200 5438; x_wconf 85' lang='lat' dir='ltr'><strong>corporis</strong></span> 
     </span>
    </p>
   </div>
   <div class='ocr_carea' id='block_1_105' title="bbox 648 5461 2200 5530">
    <p class='ocr_par' dir='ltr' id='par_1_105' title="bbox 648 5461 2200 5530">
     <span class='ocr_line' id='line_1_105' title="bbox 648 5461 2200 5530; baseline -0.003 -15"><span class='ocrx_word' id='word_1_691' title='bbox 648 5464 893 5515; x_wconf 83' lang='lat' dir='ltr'><strong>omnium</strong></span> <span class='ocrx_word' id='word_1_692' title='bbox 927 5461 1288 5515; x_wconf 82' lang='lat' dir='ltr'><strong>Ecclesiarum</strong></span> <span class='ocrx_word' id='word_1_693' title='bbox 1323 5463 1414 5516; x_wconf 85' lang='lat' dir='ltr'><strong>Dei</strong></span> <span class='ocrx_word' id='word_1_694' title='bbox 1447 5461 1810 5530; x_wconf 82' lang='lat' dir='ltr'><strong>agnoscimus,</strong></span> <span class='ocrx_word' id='word_1_695' title='bbox 1841 5463 2200 5530; x_wconf 66' lang='lat' dir='ltr'><strong>quemadmo.</strong></span> 
     </span>
    </p>
   </div>
   <div class='ocr_carea' id='block_1_106' title="bbox 2311 4560 3857 4633">
    <p class='ocr_par' dir='ltr' id='par_1_106' title="bbox 2311 4560 3857 4633">
     <span class='ocr_line' id='line_1_106' title="bbox 2311 4560 3857 4633; baseline -0.003 -17"><span class='ocrx_word' id='word_1_696' title='bbox 2311 4567 2401 4616; x_wconf 84' lang='grc' dir='ltr'><strong>σόν</strong></span> <span class='ocrx_word' id='word_1_697' title='bbox 2441 4581 2563 4633; x_wconf 89' lang='grc' dir='ltr'>μου.</span> <span class='ocrx_word' id='word_1_698' title='bbox 2617 4564 2691 4614; x_wconf 80' lang='grc' dir='ltr'>υύ</span> <span class='ocrx_word' id='word_1_699' title='bbox 2714 4564 2820 4629; x_wconf 82' lang='grc' dir='ltr'>γὰρ</span> <span class='ocrx_word' id='word_1_700' title='bbox 2848 4564 2904 4613; x_wconf 78' lang='grc' dir='ltr'>ὲν</span> <span class='ocrx_word' id='word_1_701' title='bbox 2933 4561 3266 4631; x_wconf 73' lang='grc' dir='ltr'>παραϐολαῖς</span> <span class='ocrx_word' id='word_1_702' title='bbox 3321 4560 3516 4624; x_wconf 78' lang='grc' dir='ltr'>ἀνοίξω</span> <span class='ocrx_word' id='word_1_703' title='bbox 3565 4562 3625 4612; x_wconf 78' lang='grc' dir='ltr'><strong>τὸ</strong></span> <span class='ocrx_word' id='word_1_704' title='bbox 3688 4562 3857 4629; x_wconf 86' lang='grc' dir='ltr'>στόμα</span> 
     </span>
    </p>
   </div>
   <div class='ocr_carea' id='block_1_107' title="bbox 2311 4650 3859 4725">
    <p class='ocr_par' dir='ltr' id='par_1_107' title="bbox 2311 4650 3859 4725">
     <span class='ocr_line' id='line_1_107' title="bbox 2311 4650 3859 4725; baseline -0.003 -18"><span class='ocrx_word' id='word_1_705' title='bbox 2311 4674 2436 4725; x_wconf 92' lang='grc' dir='ltr'>μου,</span> <span class='ocrx_word' id='word_1_706' title='bbox 2467 4655 2607 4710; x_wconf 75' lang='grc' dir='ltr'>ἀλλὰ</span> <span class='ocrx_word' id='word_1_707' title='bbox 2639 4653 2935 4720; x_wconf 80' lang='grc' dir='ltr'>φθέγξομαι</span> <span class='ocrx_word' id='word_1_708' title='bbox 2971 4651 3330 4719; x_wconf 76' lang='grc' dir='ltr'>προϐλήματα</span> <span class='ocrx_word' id='word_1_709' title='bbox 3365 4651 3457 4702; x_wconf 74' lang='grc' dir='ltr'>ἀπ’</span> <span class='ocrx_word' id='word_1_710' title='bbox 3510 4650 3706 4718; x_wconf 78' lang='grc' dir='ltr'>ἀρχῆς,</span> <span class='ocrx_word' id='word_1_711' title='bbox 3762 4651 3859 4703; x_wconf 81' lang='grc' dir='ltr'>ὅσα</span> 
     </span>
    </p>
   </div>
   <div class='ocr_carea' id='block_1_108' title="bbox 2311 4739 3294 4817">
    <p class='ocr_par' dir='ltr' id='par_1_108' title="bbox 2311 4739 3294 4817">
     <span class='ocr_line' id='line_1_108' title="bbox 2311 4739 3294 4817; baseline -0.007 -19"><span class='ocrx_word' id='word_1_712' title='bbox 2311 4750 2383 4817; x_wconf 73' lang='grc' dir='ltr'>μὴ</span> <span class='ocrx_word' id='word_1_713' title='bbox 2419 4747 2574 4798; x_wconf 86' lang='grc' dir='ltr'>θείων</span> <span class='ocrx_word' id='word_1_714' title='bbox 2607 4745 2861 4811; x_wconf 85' lang='grc' dir='ltr'>Πατέρων</span> <span class='ocrx_word' id='word_1_715' title='bbox 2890 4744 3046 4810; x_wconf 86' lang='grc' dir='ltr'>χάρις</span> <span class='ocrx_word' id='word_1_716' title='bbox 3075 4739 3294 4802; x_wconf 76' lang='grc' dir='ltr'>ἐδίδαξε.</span> 
     </span>
    </p>
   </div>
   <div class='ocr_carea' id='block_1_109' title="bbox 2374 4994 3860 5069">
    <p class='ocr_par' dir='ltr' id='par_1_109' title="bbox 2374 4994 3860 5069">
     <span class='ocr_line' id='line_1_109' title="bbox 2374 4994 3860 5069; baseline -0.009 -12"><span class='ocrx_word' id='word_1_717' title='bbox 2374 5005 2509 5065; x_wconf 77' lang='grc' dir='ltr'>Τοὺς</span> <span class='ocrx_word' id='word_1_718' title='bbox 2533 5003 2864 5069; x_wconf 80' lang='grc' dir='ltr'>ἀγιωτάτους</span> <span class='ocrx_word' id='word_1_719' title='bbox 2890 4997 3233 5064; x_wconf 73' lang='grc' dir='ltr'>πατριάρχας</span> <span class='ocrx_word' id='word_1_720' title='bbox 3276 4994 3432 5046; x_wconf 74' lang='grc' dir='ltr'>πέντε</span> <span class='ocrx_word' id='word_1_721' title='bbox 3467 4994 3581 5061; x_wconf 76' lang='grc' dir='ltr'>(καὶ</span> <span class='ocrx_word' id='word_1_722' title='bbox 3622 4994 3698 5044; x_wconf 73' lang='grc' dir='ltr'>ἔτι</span> <span class='ocrx_word' id='word_1_723' title='bbox 3753 4994 3860 5059; x_wconf 75' lang='grc' dir='ltr'><strong>γάρ</strong></span> 
     </span>
    </p>
   </div>
   <div class='ocr_carea' id='block_1_110' title="bbox 2306 5082 3857 5158">
    <p class='ocr_par' dir='ltr' id='par_1_110' title="bbox 2306 5082 3857 5158">
     <span class='ocr_line' id='line_1_110' title="bbox 2306 5082 3857 5158; baseline -0.009 -13"><span class='ocrx_word' id='word_1_724' title='bbox 2306 5095 2378 5154; x_wconf 81' lang='grc' dir='ltr'><strong>ώς</strong></span> <span class='ocrx_word' id='word_1_725' title='bbox 2412 5092 2593 5153; x_wconf 79' lang='grc' dir='ltr'>κισσὸς</span> <span class='ocrx_word' id='word_1_726' title='bbox 2624 5089 2804 5158; x_wconf 86' lang='grc' dir='ltr'>δρυὸς,</span> <span class='ocrx_word' id='word_1_727' title='bbox 2834 5087 2930 5152; x_wconf 85' lang='grc' dir='ltr'>τῆς</span> <span class='ocrx_word' id='word_1_728' title='bbox 2960 5085 3207 5152; x_wconf 71' lang='grc' dir='ltr'>ὁμονοίας</span> <span class='ocrx_word' id='word_1_729' title='bbox 3263 5082 3357 5134; x_wconf 79' lang='grc' dir='ltr'><strong>τοῦ</strong></span> <span class='ocrx_word' id='word_1_730' title='bbox 3412 5085 3567 5134; x_wconf 81' lang='grc' dir='ltr'>πάπα</span> <span class='ocrx_word' id='word_1_731' title='bbox 3639 5082 3857 5150; x_wconf 83' lang='grc' dir='ltr'>Ῥώμης</span> 
     </span>
    </p>
   </div>
   <div class='ocr_carea' id='block_1_111' title="bbox 2309 5171 3858 5252">
    <p class='ocr_par' dir='ltr' id='par_1_111' title="bbox 2309 5171 3858 5252">
     <span class='ocr_line' id='line_1_111' title="bbox 2309 5171 3858 5252; baseline -0.01 -17"><span class='ocrx_word' id='word_1_732' title='bbox 2309 5185 2582 5252; x_wconf 73' lang='grc' dir='ltr'>ὲξέχομαι,</span> <span class='ocrx_word' id='word_1_733' title='bbox 2608 5181 2700 5232; x_wconf 83' lang='grc' dir='ltr'>καὶ</span> <span class='ocrx_word' id='word_1_734' title='bbox 2723 5177 2799 5244; x_wconf 84' lang='grc' dir='ltr'><strong>τῷ</strong></span> <span class='ocrx_word' id='word_1_735' title='bbox 2824 5175 3083 5246; x_wconf 79' lang='grc' dir='ltr'>χωρισμῷ</span> <span class='ocrx_word' id='word_1_736' title='bbox 3112 5172 3300 5225; x_wconf 87' lang='grc' dir='ltr'>τούτου</span> <span class='ocrx_word' id='word_1_737' title='bbox 3333 5171 3438 5241; x_wconf 37' lang='grc' dir='ltr'>τὴν.</span> <span class='ocrx_word' id='word_1_738' title='bbox 3460 5171 3688 5240; x_wconf 83' lang='grc' dir='ltr'>καρδίαν</span> <span class='ocrx_word' id='word_1_739' title='bbox 3723 5186 3858 5221; x_wconf 82' lang='grc' dir='ltr'>σπα-</span> 
     </span>
    </p>
   </div>
   <div class='ocr_carea' id='block_1_112' title="bbox 2311 5261 3860 5342">
    <p class='ocr_par' dir='ltr' id='par_1_112' title="bbox 2311 5261 3860 5342">
     <span class='ocr_line' id='line_1_112' title="bbox 2311 5261 3860 5342; baseline -0.012 -16"><span class='ocrx_word' id='word_1_740' title='bbox 2311 5277 2594 5342; x_wconf 83' lang='grc' dir='ltr'>ράττομαι,</span> <span class='ocrx_word' id='word_1_741' title='bbox 2641 5271 2736 5322; x_wconf 71' lang='grc' dir='ltr'>καὶ</span> <span class='ocrx_word' id='word_1_742' title='bbox 2762 5267 2859 5337; x_wconf 78' lang='grc' dir='ltr'>τὴν</span> <span class='ocrx_word' id='word_1_743' title='bbox 2909 5266 3075 5333; x_wconf 73' lang='grc' dir='ltr'>καλὴν</span> <span class='ocrx_word' id='word_1_744' title='bbox 3133 5264 3464 5330; x_wconf 62' lang='grc' dir='ltr'>ἐπιστροφὴν</span> <span class='ocrx_word' id='word_1_745' title='bbox 3521 5261 3860 5328; x_wconf 69' lang='grc' dir='ltr'>καθεκάστην</span> 
     </span>
    </p>
   </div>
   <div class='ocr_carea' id='block_1_113' title="bbox 2307 5349 3862 5432">
    <p class='ocr_par' dir='ltr' id='par_1_113' title="bbox 2307 5349 3862 5432">
     <span class='ocr_line' id='line_1_113' title="bbox 2307 5349 3862 5432; baseline -0.012 -14"><span class='ocrx_word' id='word_1_746' title='bbox 2307 5361 2616 5432; x_wconf 85' lang='grc' dir='ltr'>καραδοκῶ)</span> <span class='ocrx_word' id='word_1_747' title='bbox 2650 5364 2780 5430; x_wconf 89' lang='grc' dir='ltr'>μίαν</span> <span class='ocrx_word' id='word_1_748' title='bbox 2808 5361 3030 5426; x_wconf 73' lang='grc' dir='ltr'>οἴδαμεν</span> <span class='ocrx_word' id='word_1_749' title='bbox 3061 5353 3302 5422; x_wconf 76' lang='grc' dir='ltr'>κεφαλὴν</span> <span class='ocrx_word' id='word_1_750' title='bbox 3350 5350 3442 5402; x_wconf 83' lang='grc' dir='ltr'>τοῦ</span> <span class='ocrx_word' id='word_1_751' title='bbox 3479 5349 3728 5418; x_wconf 89' lang='grc' dir='ltr'>σώματος</span> <span class='ocrx_word' id='word_1_752' title='bbox 3755 5365 3862 5400; x_wconf 77' lang='grc' dir='ltr'>πα-</span> 
     </span>
    </p>
   </div>
   <div class='ocr_carea' id='block_1_114' title="bbox 2310 5439 3860 5522">
    <p class='ocr_par' dir='ltr' id='par_1_114' title="bbox 2310 5439 3860 5522">
     <span class='ocr_line' id='line_1_114' title="bbox 2310 5439 3860 5522; baseline -0.017 -11"><span class='ocrx_word' id='word_1_753' title='bbox 2310 5455 2540 5511; x_wconf 52' lang='lat' dir='ltr'><strong>05)»;qu</strong></span> <span class='ocrx_word' id='word_1_754' title='bbox 2579 5453 2911 5522; x_wconf 70' lang='grc' dir='ltr'>Ἐκκλησιῶν</span> <span class='ocrx_word' id='word_1_755' title='bbox 2943 5449 3036 5501; x_wconf 82' lang='grc' dir='ltr'>τοῦ</span> <span class='ocrx_word' id='word_1_756' title='bbox 3058 5445 3216 5510; x_wconf 75' lang='grc' dir='ltr'>Θεοῦ,</span> <span class='ocrx_word' id='word_1_757' title='bbox 3274 5439 3452 5503; x_wconf 84' lang='grc' dir='ltr'>καθὼς</span> <span class='ocrx_word' id='word_1_758' title='bbox 3503 5446 3598 5495; x_wconf 70' lang='grc' dir='ltr'>καὶ</span> <span class='ocrx_word' id='word_1_759' title='bbox 3659 5440 3860 5494; x_wconf 70' lang='grc' dir='ltr'>ἀνωθεν</span> 
     </span>
    </p>
   </div>
   <div class='ocr_carea' id='block_1_115' title="bbox 1873 5630 2546 5688">
    <p class='ocr_par' dir='ltr' id='par_1_115' title="bbox 1873 5630 2546 5688">
     <span class='ocr_line' id='line_1_115' title="bbox 1873 5630 2546 5688; baseline -0.004 -3"><span class='ocrx_word' id='word_1_760' title='bbox 1873 5633 2102 5688; x_wconf 69' lang='lat' dir='ltr'><strong>VARI/[5</strong></span> <span class='ocrx_word' id='word_1_761' title='bbox 2155 5630 2546 5686; x_wconf 50' lang='lat' dir='ltr'><strong>LiiCTlUNS‘LS.</strong></span> 
     </span>
    </p>
   </div>
   <div class='ocr_carea' id='block_1_116' title="bbox 721 5725 1106 5795">
    <p class='ocr_par' dir='ltr' id='par_1_116' title="bbox 721 5725 1106 5795">
     <span class='ocr_line' id='line_1_116' title="bbox 721 5725 1106 5795; baseline 0 -15"><span class='ocrx_word' id='word_1_762' title='bbox 721 5725 765 5756; x_wconf 83' lang='lat'><strong><em>&quot;</em></strong></span> <span class='ocrx_word' id='word_1_763' title='bbox 788 5727 1106 5795; x_wconf 78' lang='grc' dir='ltr'>γαμμάτων.</span> 
     </span>
    </p>
   </div>
  </div>
