  <div class='ocr_page' id='page_1' title='image "/cluster/home/n/w/nwhite01/storage/ocr_20150623/138/uva.x030486987/590.png"; bbox 0 0 4110 6466; ppageno 0'>
   <div class='ocr_carea' id='block_1_1' title="bbox 253 425 380 494">
    <p class='ocr_par' dir='ltr' id='par_1_1' title="bbox 253 425 380 494">
     <span class='ocr_line' id='line_1_1' title="bbox 253 425 380 494; baseline 0.031 -4"><span class='ocrx_word' id='word_1_1' title='bbox 253 425 380 494; x_wconf 57' lang='grc' dir='ltr'><strong>ιοὲι</strong></span> 
     </span>
    </p>
   </div>
   <div class='ocr_carea' id='block_1_2' title="bbox 1689 441 2097 504">
    <p class='ocr_par' dir='ltr' id='par_1_2' title="bbox 1689 441 2097 504">
     <span class='ocr_line' id='line_1_2' title="bbox 1689 441 2097 504; baseline 0.007 -4"><span class='ocrx_word' id='word_1_2' title='bbox 1689 441 2097 504; x_wconf 72' lang='lat' dir='ltr'><strong>MEDITATA.</strong></span> 
     </span>
    </p>
   </div>
   <div class='ocr_carea' id='block_1_3' title="bbox 3320 451 3457 513">
    <p class='ocr_par' dir='ltr' id='par_1_3' title="bbox 3320 451 3457 513">
     <span class='ocr_line' id='line_1_3' title="bbox 3320 451 3457 513; baseline -0.007 0"><span class='ocrx_word' id='word_1_3' title='bbox 3320 451 3457 513; x_wconf 73' lang='lat'><strong>1022</strong></span> 
     </span>
    </p>
   </div>
   <div class='ocr_carea' id='block_1_4' title="bbox 263 549 1818 635">
    <p class='ocr_par' dir='ltr' id='par_1_4' title="bbox 263 549 1810 631">
     <span class='ocr_line' id='line_1_4' title="bbox 263 549 1810 631; baseline 0.01 -31"><span class='ocrx_word' id='word_1_4' title='bbox 263 549 512 618; x_wconf 75' lang='grc' dir='ltr'><strong>εἴρηται·</strong></span> <span class='ocrx_word' id='word_1_5' title='bbox 561 551 654 605; x_wconf 78' lang='grc' dir='ltr'><strong>καὶ</strong></span> <span class='ocrx_word' id='word_1_6' title='bbox 683 554 1023 618; x_wconf 77' lang='grc' dir='ltr'><strong>πιστεύοντες</strong></span> <span class='ocrx_word' id='word_1_7' title='bbox 1055 558 1396 628; x_wconf 74' lang='grc' dir='ltr'><strong>τελειωθῆναι</strong></span> <span class='ocrx_word' id='word_1_8' title='bbox 1451 560 1666 622; x_wconf 76' lang='grc' dir='ltr'><strong>τούτους</strong></span> <span class='ocrx_word' id='word_1_9' title='bbox 1716 565 1810 631; x_wconf 77' lang='grc' dir='ltr'><strong>τῆς</strong></span> 
     </span>
    </p>
   </div>
   <div class='ocr_carea' id='block_1_5' title="bbox 1919 549 3455 635">
    <p class='ocr_par' dir='ltr' id='par_1_5' title="bbox 1919 563 3455 635">
     <span class='ocr_line' id='line_1_5' title="bbox 1919 563 3455 635; baseline 0.006 -22"><span class='ocrx_word' id='word_1_10' title='bbox 1919 563 2038 617; x_wconf 87' lang='lat' dir='ltr'><strong>dum</strong></span> <span class='ocrx_word' id='word_1_11' title='bbox 2071 575 2119 619; x_wconf 90' lang='lat' dir='ltr'><strong>et</strong></span> <span class='ocrx_word' id='word_1_12' title='bbox 2155 582 2316 635; x_wconf 82' lang='lat' dir='ltr'><strong>supra</strong></span> <span class='ocrx_word' id='word_1_13' title='bbox 2361 568 2562 620; x_wconf 74' lang='lat' dir='ltr'><strong>dictum</strong></span> <span class='ocrx_word' id='word_1_14' title='bbox 2606 566 2705 620; x_wconf 89' lang='lat' dir='ltr'><strong>fuit</strong></span> <span class='ocrx_word' id='word_1_15' title='bbox 2743 585 2755 620; x_wconf 75' lang='grc' dir='ltr'><strong>ι</strong></span> <span class='ocrx_word' id='word_1_16' title='bbox 2794 575 2844 619; x_wconf 91' lang='lat' dir='ltr'><strong>et</strong></span> <span class='ocrx_word' id='word_1_17' title='bbox 2884 566 3010 635; x_wconf 89' lang='lat' dir='ltr'><strong>quia</strong></span> <span class='ocrx_word' id='word_1_18' title='bbox 3049 564 3321 619; x_wconf 86' lang='lat' dir='ltr'><strong>credimus</strong></span> <span class='ocrx_word' id='word_1_19' title='bbox 3362 582 3455 622; x_wconf 82' lang='lat' dir='ltr'><strong>eos</strong></span> 
     </span>
    </p>
   </div>
   <div class='ocr_carea' id='block_1_6' title="bbox 261 639 1812 721">
    <p class='ocr_par' dir='ltr' id='par_1_6' title="bbox 261 639 1812 721">
     <span class='ocr_line' id='line_1_6' title="bbox 261 639 1812 721; baseline 0.007 -28"><span class='ocrx_word' id='word_1_20' title='bbox 261 639 574 712; x_wconf 76' lang='grc' dir='ltr'><strong>ἁγιωσύνης</strong></span> <span class='ocrx_word' id='word_1_21' title='bbox 632 645 710 714; x_wconf 82' lang='grc' dir='ltr'><strong>τῷ</strong></span> <span class='ocrx_word' id='word_1_22' title='bbox 769 649 1068 716; x_wconf 80' lang='grc' dir='ltr'><strong>χρίσματι,</strong></span> <span class='ocrx_word' id='word_1_23' title='bbox 1123 651 1387 718; x_wconf 81' lang='grc' dir='ltr'><strong>Χριστοὺς</strong></span> <span class='ocrx_word' id='word_1_24' title='bbox 1445 653 1670 721; x_wconf 84' lang='grc' dir='ltr'><strong>Κυρίου,</strong></span> <span class='ocrx_word' id='word_1_25' title='bbox 1720 657 1812 706; x_wconf 70' lang='grc' dir='ltr'><strong>καὶ</strong></span> 
     </span>
    </p>
   </div>
   <div class='ocr_carea' id='block_1_7' title="bbox 266 731 1812 815">
    <p class='ocr_par' dir='ltr' id='par_1_7' title="bbox 266 731 1812 815">
     <span class='ocr_line' id='line_1_7' title="bbox 266 731 1812 815; baseline 0.006 -31"><span class='ocrx_word' id='word_1_26' title='bbox 266 731 603 799; x_wconf 83' lang='grc' dir='ltr'><strong>ἀγιωτάτους</strong></span> <span class='ocrx_word' id='word_1_27' title='bbox 655 737 1121 815; x_wconf 66' lang='grc' dir='ltr'><strong>κατονομάζρμεν,</strong></span> <span class='ocrx_word' id='word_1_28' title='bbox 1169 741 1258 791; x_wconf 77' lang='grc' dir='ltr'><strong>καὶ</strong></span> <span class='ocrx_word' id='word_1_29' title='bbox 1318 741 1812 810; x_wconf 80' lang='grc' dir='ltr'><strong>στηλογραφοῦντες</strong></span> 
     </span>
    </p>
   </div>
   <div class='ocr_carea' id='block_1_8' title="bbox 266 821 1811 898">
    <p class='ocr_par' dir='ltr' id='par_1_8' title="bbox 266 821 1811 898">
     <span class='ocr_line' id='line_1_8' title="bbox 266 821 1811 898; baseline 0.006 -27"><span class='ocrx_word' id='word_1_30' title='bbox 266 821 408 890; x_wconf 79' lang='grc' dir='ltr'><strong>μετά</strong></span> <span class='ocrx_word' id='word_1_31' title='bbox 428 821 537 872; x_wconf 84' lang='grc' dir='ltr'><strong>τῶν</strong></span> <span class='ocrx_word' id='word_1_32' title='bbox 568 823 732 888; x_wconf 83' lang='grc' dir='ltr'><strong>ἁγίων</strong></span> <span class='ocrx_word' id='word_1_33' title='bbox 761 823 851 876; x_wconf 80' lang='grc' dir='ltr'><strong>καὶ</strong></span> <span class='ocrx_word' id='word_1_34' title='bbox 883 825 1150 894; x_wconf 81' lang='grc' dir='ltr'><strong>θεοφόρων</strong></span> <span class='ocrx_word' id='word_1_35' title='bbox 1195 829 1450 898; x_wconf 79' lang='grc' dir='ltr'><strong>Πατέρων</strong></span> <span class='ocrx_word' id='word_1_36' title='bbox 1484 830 1661 898; x_wconf 77' lang='grc' dir='ltr'><strong>ἡμῶν,</strong></span> <span class='ocrx_word' id='word_1_37' title='bbox 1719 831 1811 882; x_wconf 75' lang='grc' dir='ltr'><strong>καὶ</strong></span> 
     </span>
    </p>
   </div>
   <div class='ocr_carea' id='block_1_9' title="bbox 266 911 1812 986">
    <p class='ocr_par' dir='ltr' id='par_1_9' title="bbox 266 911 1812 986">
     <span class='ocr_line' id='line_1_9' title="bbox 266 911 1812 986; baseline 0.006 -26"><span class='ocrx_word' id='word_1_38' title='bbox 266 911 532 979; x_wconf 56' lang='lat' dir='ltr'><strong>quin};</strong></span> <span class='ocrx_word' id='word_1_39' title='bbox 554 912 937 982; x_wconf 77' lang='grc' dir='ltr'><strong>ἀσπαζόμενοι,</strong></span> <span class='ocrx_word' id='word_1_40' title='bbox 984 915 1467 986; x_wconf 82' lang='grc' dir='ltr'><strong>πληροφορούμεθα</strong></span> <span class='ocrx_word' id='word_1_41' title='bbox 1497 920 1581 972; x_wconf 82' lang='grc' dir='ltr'><strong>διὰ</strong></span> <span class='ocrx_word' id='word_1_42' title='bbox 1609 920 1812 972; x_wconf 89' lang='grc' dir='ltr'><strong>τούτων</strong></span> 
     </span>
    </p>
   </div>
   <div class='ocr_carea' id='block_1_10' title="bbox 262 1001 1813 1076">
    <p class='ocr_par' dir='ltr' id='par_1_10' title="bbox 262 1001 1813 1076">
     <span class='ocr_line' id='line_1_10' title="bbox 262 1001 1813 1076; baseline 0.007 -26"><span class='ocrx_word' id='word_1_43' title='bbox 262 1001 399 1066; x_wconf 73' lang='grc' dir='ltr'><strong>ἡμῖν</strong></span> <span class='ocrx_word' id='word_1_44' title='bbox 426 1002 523 1062; x_wconf 71' lang='grc' dir='ltr'><strong>τὰς</strong></span> <span class='ocrx_word' id='word_1_45' title='bbox 551 1002 720 1071; x_wconf 83' lang='grc' dir='ltr'><strong>θύρας</strong></span> <span class='ocrx_word' id='word_1_46' title='bbox 761 1004 860 1072; x_wconf 86' lang='grc' dir='ltr'><strong>τῆς</strong></span> <span class='ocrx_word' id='word_1_47' title='bbox 904 1005 1174 1073; x_wconf 75' lang='grc' dir='ltr'><strong>βασιλείας</strong></span> <span class='ocrx_word' id='word_1_48' title='bbox 1217 1007 1329 1058; x_wconf 85' lang='grc' dir='ltr'><strong>τῶν</strong></span> <span class='ocrx_word' id='word_1_49' title='bbox 1392 1009 1635 1076; x_wconf 79' lang='grc' dir='ltr'><strong>οὐρανῶν</strong></span> <span class='ocrx_word' id='word_1_50' title='bbox 1676 1011 1813 1061; x_wconf 87' lang='grc' dir='ltr'><strong>ἀπο-</strong></span> 
     </span>
    </p>
   </div>
   <div class='ocr_carea' id='block_1_11' title="bbox 265 1088 1811 1165">
    <p class='ocr_par' dir='ltr' id='par_1_11' title="bbox 265 1088 1811 1165">
     <span class='ocr_line' id='line_1_11' title="bbox 265 1088 1811 1165; baseline 0.007 -27"><span class='ocrx_word' id='word_1_51' title='bbox 265 1088 540 1141; x_wconf 75' lang='grc' dir='ltr'><strong>κλείεσθαι</strong></span> <span class='ocrx_word' id='word_1_52' title='bbox 584 1092 676 1141; x_wconf 73' lang='grc' dir='ltr'><strong>καὶ</strong></span> <span class='ocrx_word' id='word_1_53' title='bbox 715 1093 1044 1158; x_wconf 87' lang='grc' dir='ltr'><strong>ἀνοίγεσθαι,</strong></span> <span class='ocrx_word' id='word_1_54' title='bbox 1069 1097 1163 1146; x_wconf 83' lang='grc' dir='ltr'><strong>καὶ</strong></span> <span class='ocrx_word' id='word_1_55' title='bbox 1211 1097 1296 1147; x_wconf 81' lang='grc' dir='ltr'><strong>διὰ</strong></span> <span class='ocrx_word' id='word_1_56' title='bbox 1329 1097 1438 1148; x_wconf 86' lang='grc' dir='ltr'><strong>τῶν</strong></span> <span class='ocrx_word' id='word_1_57' title='bbox 1466 1097 1688 1165; x_wconf 72' lang='grc' dir='ltr'><strong>χειλέων</strong></span> <span class='ocrx_word' id='word_1_58' title='bbox 1715 1098 1811 1150; x_wconf 80' lang='grc' dir='ltr'><strong>αῦ-</strong></span> 
     </span>
    </p>
   </div>
   <div class='ocr_carea' id='block_1_12' title="bbox 262 1175 1811 1257">
    <p class='ocr_par' dir='ltr' id='par_1_12' title="bbox 262 1175 1811 1257">
     <span class='ocr_line' id='line_1_12' title="bbox 262 1175 1811 1257; baseline 0.008 -32"><span class='ocrx_word' id='word_1_59' title='bbox 262 1175 373 1226; x_wconf 87' lang='grc' dir='ltr'><strong>τῶν</strong></span> <span class='ocrx_word' id='word_1_60' title='bbox 393 1177 482 1228; x_wconf 75' lang='grc' dir='ltr'><strong>τὸν</strong></span> <span class='ocrx_word' id='word_1_61' title='bbox 515 1177 644 1230; x_wconf 82' lang='grc' dir='ltr'><strong>Θεὸν</strong></span> <span class='ocrx_word' id='word_1_62' title='bbox 668 1181 1116 1248; x_wconf 77' lang='grc' dir='ltr'><strong>ἀποστοματίζειν</strong></span> <span class='ocrx_word' id='word_1_63' title='bbox 1139 1184 1204 1236; x_wconf 88' lang='grc' dir='ltr'><strong>τά</strong></span> <span class='ocrx_word' id='word_1_64' title='bbox 1247 1185 1522 1249; x_wconf 78' lang='grc' dir='ltr'><strong>μέλλοντα,</strong></span> <span class='ocrx_word' id='word_1_65' title='bbox 1588 1189 1662 1238; x_wconf 82' lang='grc' dir='ltr'><strong>Οὐ</strong></span> <span class='ocrx_word' id='word_1_66' title='bbox 1705 1188 1811 1257; x_wconf 81' lang='grc' dir='ltr'><strong>γάρ</strong></span> 
     </span>
    </p>
   </div>
   <div class='ocr_carea' id='block_1_13' title="bbox 265 1263 1812 1343">
    <p class='ocr_par' dir='ltr' id='par_1_13' title="bbox 265 1263 1812 1343">
     <span class='ocr_line' id='line_1_13' title="bbox 265 1263 1812 1343; baseline 0.011 -29"><span class='ocrx_word' id='word_1_67' title='bbox 265 1263 408 1333; x_wconf 73' lang='grc' dir='ltr'><strong>σὰρξ</strong></span> <span class='ocrx_word' id='word_1_68' title='bbox 451 1268 543 1318; x_wconf 77' lang='grc' dir='ltr'><strong>καὶ</strong></span> <span class='ocrx_word' id='word_1_69' title='bbox 593 1266 752 1338; x_wconf 75' lang='grc' dir='ltr'><strong>αἷμα,</strong></span> <span class='ocrx_word' id='word_1_70' title='bbox 802 1271 914 1322; x_wconf 81' lang='grc' dir='ltr'><strong>ἀλλ’</strong></span> <span class='ocrx_word' id='word_1_71' title='bbox 961 1273 988 1322; x_wconf 90' lang='lat'><strong>6</strong></span> <span class='ocrx_word' id='word_1_72' title='bbox 1021 1273 1267 1341; x_wconf 83' lang='grc' dir='ltr'><strong>οὐράνιος</strong></span> <span class='ocrx_word' id='word_1_73' title='bbox 1323 1276 1510 1343; x_wconf 78' lang='grc' dir='ltr'><strong>Πατὴρ</strong></span> <span class='ocrx_word' id='word_1_74' title='bbox 1541 1277 1632 1329; x_wconf 82' lang='grc' dir='ltr'><strong>καὶ</strong></span> <span class='ocrx_word' id='word_1_75' title='bbox 1682 1279 1812 1340; x_wconf 82' lang='grc' dir='ltr'><strong>Θεὸς</strong></span> 
     </span>
    </p>
   </div>
   <div class='ocr_carea' id='block_1_14' title="bbox 260 1349 1809 1437">
    <p class='ocr_par' dir='ltr' id='par_1_14' title="bbox 260 1349 1809 1437">
     <span class='ocr_line' id='line_1_14' title="bbox 260 1349 1809 1437; baseline 0.011 -33"><span class='ocrx_word' id='word_1_76' title='bbox 260 1353 444 1420; x_wconf 74' lang='grc' dir='ltr'><strong>ἡμῶν,</strong></span> <span class='ocrx_word' id='word_1_77' title='bbox 479 1358 507 1408; x_wconf 86' lang='lat'><strong>6</strong></span> <span class='ocrx_word' id='word_1_78' title='bbox 538 1349 707 1409; x_wconf 79' lang='grc' dir='ltr'>είπών</span> <span class='ocrx_word' id='word_1_79' title='bbox 741 1373 754 1388; x_wconf 73' lang='grc'>⁸</span> <span class='ocrx_word' id='word_1_80' title='bbox 801 1361 887 1412; x_wconf 82' lang='grc' dir='ltr'><strong>Ἐν</strong></span> <span class='ocrx_word' id='word_1_81' title='bbox 917 1364 1034 1424; x_wconf 82' lang='grc' dir='ltr'><strong>ταῖς</strong></span> <span class='ocrx_word' id='word_1_82' title='bbox 1081 1364 1310 1431; x_wconf 80' lang='grc' dir='ltr'><strong>ἡμέραις</strong></span> <span class='ocrx_word' id='word_1_83' title='bbox 1359 1367 1590 1428; x_wconf 75' lang='grc' dir='ltr'><strong>ικείναις</strong></span> <span class='ocrx_word' id='word_1_84' title='bbox 1635 1370 1809 1437; x_wconf 70' lang='grc' dir='ltr'><strong>ἐκχεῶ</strong></span> 
     </span>
    </p>
   </div>
   <div class='ocr_carea' id='block_1_15' title="bbox 267 1443 1814 1527">
    <p class='ocr_par' dir='ltr' id='par_1_15' title="bbox 267 1443 1814 1527">
     <span class='ocr_line' id='line_1_15' title="bbox 267 1443 1814 1527; baseline 0.016 -36"><span class='ocrx_word' id='word_1_85' title='bbox 267 1443 373 1494; x_wconf 66' lang='grc' dir='ltr'><strong>ἀπὸ</strong></span> <span class='ocrx_word' id='word_1_86' title='bbox 403 1445 497 1494; x_wconf 74' lang='grc' dir='ltr'><strong>τοῦ</strong></span> <span class='ocrx_word' id='word_1_87' title='bbox 537 1447 839 1515; x_wconf 82' lang='grc' dir='ltr'><strong>πνεύματός</strong></span> <span class='ocrx_word' id='word_1_88' title='bbox 870 1467 992 1517; x_wconf 86' lang='grc' dir='ltr'><strong>μου,</strong></span> <span class='ocrx_word' id='word_1_89' title='bbox 1026 1454 1118 1504; x_wconf 67' lang='grc' dir='ltr'><strong>καὶ</strong></span> <span class='ocrx_word' id='word_1_90' title='bbox 1149 1454 1198 1503; x_wconf 84' lang='grc' dir='ltr'><strong>οι</strong></span> <span class='ocrx_word' id='word_1_91' title='bbox 1243 1455 1416 1507; x_wconf 76' lang='grc' dir='ltr'><strong>δοῦλοί</strong></span> <span class='ocrx_word' id='word_1_92' title='bbox 1465 1474 1564 1525; x_wconf 89' lang='grc' dir='ltr'><strong>μου</strong></span> <span class='ocrx_word' id='word_1_93' title='bbox 1604 1476 1814 1527; x_wconf 77' lang='grc' dir='ltr'><strong>προφη-</strong></span> 
     </span>
    </p>
   </div>
   <div class='ocr_carea' id='block_1_16' title="bbox 280 1531 1813 1605">
    <p class='ocr_par' dir='ltr' id='par_1_16' title="bbox 280 1531 1813 1605">
     <span class='ocr_line' id='line_1_16' title="bbox 280 1531 1813 1605; baseline 0.014 -25"><span class='ocrx_word' id='word_1_94' title='bbox 280 1531 564 1592; x_wconf 79' lang='grc' dir='ltr'><strong>τεύσουσιν.</strong></span> <span class='ocrx_word' id='word_1_95' title='bbox 626 1538 994 1592; x_wconf 68' lang='grc' dir='ltr'><strong>ἀποκαλύπτει</strong></span> <span class='ocrx_word' id='word_1_96' title='bbox 1036 1541 1244 1605; x_wconf 73' lang='grc' dir='ltr'><strong>τούτοις</strong></span> <span class='ocrx_word' id='word_1_97' title='bbox 1297 1544 1365 1602; x_wconf 80' lang='grc' dir='ltr'><strong>τὰ</strong></span> <span class='ocrx_word' id='word_1_98' title='bbox 1418 1546 1547 1598; x_wconf 82' lang='grc' dir='ltr'><strong>δντα</strong></span> <span class='ocrx_word' id='word_1_99' title='bbox 1598 1549 1692 1601; x_wconf 72' lang='grc' dir='ltr'><strong>καὶ</strong></span> <span class='ocrx_word' id='word_1_100' title='bbox 1745 1551 1813 1602; x_wconf 84' lang='grc' dir='ltr'><strong>τὰ</strong></span> 
     </span>
    </p>
   </div>
   <div class='ocr_carea' id='block_1_17' title="bbox 298 1619 1813 1704">
    <p class='ocr_par' dir='ltr' id='par_1_17' title="bbox 298 1619 1813 1704">
     <span class='ocr_line' id='line_1_17' title="bbox 298 1619 1813 1704; baseline 0.015 -34"><span class='ocrx_word' id='word_1_101' title='bbox 298 1619 518 1686; x_wconf 86' lang='grc' dir='ltr'><strong>σόμενα.</strong></span> <span class='ocrx_word' id='word_1_102' title='bbox 561 1624 714 1676; x_wconf 81' lang='grc' dir='ltr'><strong>Οὕτω</strong></span> <span class='ocrx_word' id='word_1_103' title='bbox 764 1627 872 1696; x_wconf 82' lang='grc' dir='ltr'><strong>γὰρ</strong></span> <span class='ocrx_word' id='word_1_104' title='bbox 904 1629 995 1680; x_wconf 77' lang='grc' dir='ltr'><strong>καὶ</strong></span> <span class='ocrx_word' id='word_1_105' title='bbox 1055 1629 1225 1683; x_wconf 74' lang='grc' dir='ltr'><strong>Σαοὺλ</strong></span> <span class='ocrx_word' id='word_1_106' title='bbox 1268 1635 1325 1684; x_wconf 78' lang='grc' dir='ltr'><strong>ὲν</strong></span> <span class='ocrx_word' id='word_1_107' title='bbox 1355 1637 1678 1704; x_wconf 78' lang='grc' dir='ltr'><strong>προφήταις,</strong></span> <span class='ocrx_word' id='word_1_108' title='bbox 1720 1641 1813 1693; x_wconf 77' lang='grc' dir='ltr'><strong>καὶ</strong></span> 
     </span>
    </p>
   </div>
   <div class='ocr_carea' id='block_1_18' title="bbox 265 1709 1811 1798">
    <p class='ocr_par' dir='ltr' id='par_1_18' title="bbox 265 1709 1811 1798">
     <span class='ocr_line' id='line_1_18' title="bbox 265 1709 1811 1798; baseline 0.014 -37"><span class='ocrx_word' id='word_1_109' title='bbox 265 1709 520 1777; x_wconf 80' lang='grc' dir='ltr'><strong>Καϊάφας</strong></span> <span class='ocrx_word' id='word_1_110' title='bbox 550 1714 694 1766; x_wconf 77' lang='grc' dir='ltr'><strong>ἄκων</strong></span> <span class='ocrx_word' id='word_1_111' title='bbox 722 1719 1178 1784; x_wconf 77' lang='grc' dir='ltr'><strong>προεφητεύσατο,</strong></span> <span class='ocrx_word' id='word_1_112' title='bbox 1206 1723 1393 1775; x_wconf 83' lang='grc' dir='ltr'><strong>εἰπών·</strong></span> <span class='ocrx_word' id='word_1_113' title='bbox 1415 1727 1690 1798; x_wconf 76' lang='grc' dir='ltr'><strong>Συμφέρει</strong></span> <span class='ocrx_word' id='word_1_114' title='bbox 1718 1730 1811 1783; x_wconf 78' lang='grc' dir='ltr'><strong>ἕνα</strong></span> 
     </span>
    </p>
   </div>
   <div class='ocr_carea' id='block_1_19' title="bbox 263 1801 1813 1882">
    <p class='ocr_par' dir='ltr' id='par_1_19' title="bbox 263 1801 1813 1882">
     <span class='ocr_line' id='line_1_19' title="bbox 263 1801 1813 1882; baseline 0.012 -27"><span class='ocrx_word' id='word_1_115' title='bbox 263 1801 563 1855; x_wconf 69' lang='grc' dir='ltr'><strong>ἀπολισθαι</strong></span> <span class='ocrx_word' id='word_1_116' title='bbox 594 1805 732 1873; x_wconf 78' lang='grc' dir='ltr'><strong>ὑπὲρ</strong></span> <span class='ocrx_word' id='word_1_117' title='bbox 766 1809 856 1857; x_wconf 89' lang='grc' dir='ltr'><strong>τοῦ</strong></span> <span class='ocrx_word' id='word_1_118' title='bbox 894 1807 1021 1861; x_wconf 79' lang='grc' dir='ltr'><strong>λαοῦ</strong></span> <span class='ocrx_word' id='word_1_119' title='bbox 1051 1811 1145 1861; x_wconf 76' lang='grc' dir='ltr'><strong>καὶ</strong></span> <span class='ocrx_word' id='word_1_120' title='bbox 1176 1814 1315 1882; x_wconf 82' lang='grc' dir='ltr'><strong>ὑπὲρ</strong></span> <span class='ocrx_word' id='word_1_121' title='bbox 1337 1819 1433 1867; x_wconf 89' lang='grc' dir='ltr'><strong>τοῦ</strong></span> <span class='ocrx_word' id='word_1_122' title='bbox 1460 1817 1644 1882; x_wconf 78' lang='grc' dir='ltr'><strong>ἔθνους</strong></span> <span class='ocrx_word' id='word_1_123' title='bbox 1679 1839 1813 1873; x_wconf 90' lang='grc' dir='ltr'><strong>παν-</strong></span> 
     </span>
    </p>
   </div>
   <div class='ocr_carea' id='block_1_20' title="bbox 261 1876 1884 1979">
    <p class='ocr_par' dir='ltr' id='par_1_20' title="bbox 261 1876 1884 1979">
     <span class='ocr_line' id='line_1_20' title="bbox 261 1876 1884 1979; baseline 0.014 -40"><span class='ocrx_word' id='word_1_124' title='bbox 261 1889 377 1950; x_wconf 85' lang='grc' dir='ltr'><strong>τός.</strong></span> <span class='ocrx_word' id='word_1_125' title='bbox 420 1889 477 1941; x_wconf 90' lang='grc'><strong>’0</strong></span> <span class='ocrx_word' id='word_1_126' title='bbox 508 1891 604 1956; x_wconf 80' lang='grc' dir='ltr'><strong>μὲν</strong></span> <span class='ocrx_word' id='word_1_127' title='bbox 620 1891 724 1959; x_wconf 86' lang='grc' dir='ltr'><strong>γὰρ</strong></span> <span class='ocrx_word' id='word_1_128' title='bbox 749 1894 821 1961; x_wconf 81' lang='grc' dir='ltr'><strong>τῷ</strong></span> <span class='ocrx_word' id='word_1_129' title='bbox 848 1896 1103 1963; x_wconf 78' lang='grc' dir='ltr'><strong>χρίσματι</strong></span> <span class='ocrx_word' id='word_1_130' title='bbox 1157 1903 1253 1970; x_wconf 81' lang='grc' dir='ltr'><strong>τῆς</strong></span> <span class='ocrx_word' id='word_1_131' title='bbox 1286 1876 1562 1969; x_wconf 59' lang='grc' dir='ltr'><strong>βασιλείας</strong></span> <span class='ocrx_word' id='word_1_132' title='bbox 1585 1876 1816 1979; x_wconf 71' lang='grc' dir='ltr'><strong>ὑπεθερ-</strong></span> <span class='ocrx_word' id='word_1_133' title='bbox 1843 1876 1884 1930; x_wconf 71' lang='grc' dir='ltr'><strong>Β</strong></span> 
     </span>
    </p>
   </div>
   <div class='ocr_carea' id='block_1_21' title="bbox 269 1981 1809 2068">
    <p class='ocr_par' dir='ltr' id='par_1_21' title="bbox 269 1981 1809 2068">
     <span class='ocr_line' id='line_1_21' title="bbox 269 1981 1809 2068; baseline 0.014 -39"><span class='ocrx_word' id='word_1_134' title='bbox 269 1981 509 2050; x_wconf 77' lang='grc' dir='ltr'><strong>μαίνετο,</strong></span> <span class='ocrx_word' id='word_1_135' title='bbox 533 1983 559 2033; x_wconf 97' lang='lat'><strong>6</strong></span> <span class='ocrx_word' id='word_1_136' title='bbox 587 1983 642 2035; x_wconf 78' lang='grc' dir='ltr'><strong>δὲ</strong></span> <span class='ocrx_word' id='word_1_137' title='bbox 663 1983 758 2050; x_wconf 80' lang='grc' dir='ltr'><strong>τῆς</strong></span> <span class='ocrx_word' id='word_1_138' title='bbox 779 1986 1180 2053; x_wconf 81' lang='grc' dir='ltr'><strong>ἀρχιερωσύνης</strong></span> <span class='ocrx_word' id='word_1_139' title='bbox 1227 1994 1289 2059; x_wconf 75' lang='grc' dir='ltr'><strong>τῇ</strong></span> <span class='ocrx_word' id='word_1_140' title='bbox 1314 1993 1516 2062; x_wconf 88' lang='grc' dir='ltr'><strong>χάριτι.</strong></span> <span class='ocrx_word' id='word_1_141' title='bbox 1540 1991 1649 2048; x_wconf 80' lang='grc' dir='ltr'><strong>Ἦν</strong></span> <span class='ocrx_word' id='word_1_142' title='bbox 1680 1999 1809 2068; x_wconf 84' lang='grc' dir='ltr'><strong>γὰρ,</strong></span> 
     </span>
    </p>
   </div>
   <div class='ocr_carea' id='block_1_22' title="bbox 265 2069 1815 2151">
    <p class='ocr_par' dir='ltr' id='par_1_22' title="bbox 265 2069 1815 2151">
     <span class='ocr_line' id='line_1_22' title="bbox 265 2069 1815 2151; baseline 0.014 -32"><span class='ocrx_word' id='word_1_143' title='bbox 265 2069 454 2136; x_wconf 82' lang='grc' dir='ltr'><strong>φησὶν,</strong></span> <span class='ocrx_word' id='word_1_144' title='bbox 493 2071 779 2140; x_wconf 76' lang='grc' dir='ltr'><strong>ἀρχιερεὺς</strong></span> <span class='ocrx_word' id='word_1_145' title='bbox 816 2074 904 2126; x_wconf 90' lang='grc' dir='ltr'><strong>τοῦ</strong></span> <span class='ocrx_word' id='word_1_146' title='bbox 946 2079 1184 2131; x_wconf 73' lang='grc' dir='ltr'><strong>ἐνιαυτοῦ</strong></span> <span class='ocrx_word' id='word_1_147' title='bbox 1212 2082 1435 2135; x_wconf 80' lang='grc' dir='ltr'><strong>ἐκείνου.</strong></span> <span class='ocrx_word' id='word_1_148' title='bbox 1479 2085 1569 2137; x_wconf 86' lang='grc' dir='ltr'><strong>Διδ</strong></span> <span class='ocrx_word' id='word_1_149' title='bbox 1597 2087 1690 2138; x_wconf 77' lang='grc' dir='ltr'><strong>καὶ</strong></span> <span class='ocrx_word' id='word_1_150' title='bbox 1741 2088 1815 2151; x_wconf 84' lang='grc' dir='ltr'><strong>ὡς</strong></span> 
     </span>
    </p>
   </div>
   <div class='ocr_carea' id='block_1_23' title="bbox 263 2157 1816 2240">
    <p class='ocr_par' dir='ltr' id='par_1_23' title="bbox 263 2157 1816 2240">
     <span class='ocr_line' id='line_1_23' title="bbox 263 2157 1816 2240; baseline 0.011 -29"><span class='ocrx_word' id='word_1_151' title='bbox 263 2157 428 2211; x_wconf 77' lang='grc' dir='ltr'><strong>τόπον</strong></span> <span class='ocrx_word' id='word_1_152' title='bbox 458 2159 742 2226; x_wconf 77' lang='grc' dir='ltr'><strong>ἐπέχοντες</strong></span> <span class='ocrx_word' id='word_1_153' title='bbox 765 2163 857 2214; x_wconf 85' lang='grc' dir='ltr'><strong>τοῦ</strong></span> <span class='ocrx_word' id='word_1_154' title='bbox 880 2165 1111 2234; x_wconf 83' lang='grc' dir='ltr'><strong>Χριστοῦ</strong></span> <span class='ocrx_word' id='word_1_155' title='bbox 1141 2170 1232 2220; x_wconf 81' lang='grc' dir='ltr'><strong>καὶ</strong></span> <span class='ocrx_word' id='word_1_156' title='bbox 1249 2170 1381 2222; x_wconf 89' lang='grc' dir='ltr'><strong>Θεοῦ</strong></span> <span class='ocrx_word' id='word_1_157' title='bbox 1402 2173 1433 2240; x_wconf 84' lang='grc' dir='ltr'>ἡ</span> <span class='ocrx_word' id='word_1_158' title='bbox 1442 2173 1576 2240; x_wconf 84' lang='grc' dir='ltr'><strong>μῶν,</strong></span> <span class='ocrx_word' id='word_1_159' title='bbox 1595 2174 1816 2239; x_wconf 78' lang='grc' dir='ltr'><strong>δικαίως</strong></span> 
     </span>
    </p>
   </div>
   <div class='ocr_carea' id='block_1_24' title="bbox 238 2247 1814 2324">
    <p class='ocr_par' dir='ltr' id='par_1_24' title="bbox 238 2247 1814 2324">
     <span class='ocr_line' id='line_1_24' title="bbox 238 2247 1814 2324; baseline 0.015 -25"><span class='ocrx_word' id='word_1_160' title='bbox 238 2247 694 2314; x_wconf 77' lang='grc' dir='ltr'><strong>ἀποσεμνύνουσι</strong></span> <span class='ocrx_word' id='word_1_161' title='bbox 721 2254 787 2304; x_wconf 76' lang='grc' dir='ltr'><strong>τὰ</strong></span> <span class='ocrx_word' id='word_1_162' title='bbox 819 2254 1038 2307; x_wconf 74' lang='grc' dir='ltr'><strong>ἑκούσια</strong></span> <span class='ocrx_word' id='word_1_163' title='bbox 1087 2259 1230 2324; x_wconf 84' lang='grc' dir='ltr'><strong>πάθη</strong></span> <span class='ocrx_word' id='word_1_164' title='bbox 1265 2261 1449 2324; x_wconf 84' lang='grc' dir='ltr'><strong>αὑτοῦ,</strong></span> <span class='ocrx_word' id='word_1_165' title='bbox 1497 2265 1589 2316; x_wconf 80' lang='grc' dir='ltr'><strong>καὶ</strong></span> <span class='ocrx_word' id='word_1_166' title='bbox 1623 2268 1684 2318; x_wconf 76' lang='lat' dir='ltr'><strong>td</strong></span> <span class='ocrx_word' id='word_1_167' title='bbox 1729 2267 1814 2322; x_wconf 80' lang='grc' dir='ltr'><strong>διὰ</strong></span> 
     </span>
    </p>
   </div>
   <div class='ocr_carea' id='block_1_25' title="bbox 261 2339 1816 2425">
    <p class='ocr_par' dir='ltr' id='par_1_25' title="bbox 261 2339 1816 2425">
     <span class='ocr_line' id='line_1_25' title="bbox 261 2339 1816 2425; baseline 0.014 -35"><span class='ocrx_word' id='word_1_168' title='bbox 261 2339 363 2408; x_wconf 79' lang='grc' dir='ltr'><strong>τὴν</strong></span> <span class='ocrx_word' id='word_1_169' title='bbox 423 2343 696 2411; x_wconf 73' lang='grc' dir='ltr'><strong>σωτηρίαν</strong></span> <span class='ocrx_word' id='word_1_170' title='bbox 729 2345 880 2413; x_wconf 77' lang='grc' dir='ltr'><strong>ημῶν</strong></span> <span class='ocrx_word' id='word_1_171' title='bbox 913 2347 1264 2418; x_wconf 73' lang='grc' dir='ltr'><strong>ἐπενεχθέντα</strong></span> <span class='ocrx_word' id='word_1_172' title='bbox 1291 2354 1463 2420; x_wconf 87' lang='grc' dir='ltr'><strong>τούτῳ</strong></span> <span class='ocrx_word' id='word_1_173' title='bbox 1505 2358 1652 2425; x_wconf 82' lang='grc' dir='ltr'><strong>παρά</strong></span> <span class='ocrx_word' id='word_1_174' title='bbox 1709 2359 1816 2411; x_wconf 84' lang='grc' dir='ltr'><strong>τῶν</strong></span> 
     </span>
    </p>
   </div>
   <div class='ocr_carea' id='block_1_26' title="bbox 262 2429 1812 2518">
    <p class='ocr_par' dir='ltr' id='par_1_26' title="bbox 262 2429 1812 2518">
     <span class='ocr_line' id='line_1_26' title="bbox 262 2429 1812 2518; baseline 0.014 -38"><span class='ocrx_word' id='word_1_175' title='bbox 262 2429 572 2500; x_wconf 70' lang='grc' dir='ltr'><strong>ἀχαρίστων</strong></span> <span class='ocrx_word' id='word_1_176' title='bbox 612 2433 876 2490; x_wconf 73' lang='grc' dir='ltr'><strong>Ἰουδαίων</strong></span> <span class='ocrx_word' id='word_1_177' title='bbox 931 2437 1228 2508; x_wconf 77' lang='grc' dir='ltr'><strong>ἐφύϐριστα</strong></span> <span class='ocrx_word' id='word_1_178' title='bbox 1279 2443 1383 2511; x_wconf 78' lang='grc' dir='ltr'><strong>πρὸ</strong></span> <span class='ocrx_word' id='word_1_179' title='bbox 1437 2441 1529 2497; x_wconf 85' lang='grc' dir='ltr'><strong>τοῦ</strong></span> <span class='ocrx_word' id='word_1_180' title='bbox 1583 2449 1812 2518; x_wconf 86' lang='grc' dir='ltr'><strong>σταυροῦ</strong></span> 
     </span>
    </p>
   </div>
   <div class='ocr_carea' id='block_1_27' title="bbox 264 2520 1816 2597">
    <p class='ocr_par' dir='ltr' id='par_1_27' title="bbox 264 2520 1816 2597">
     <span class='ocr_line' id='line_1_27' title="bbox 264 2520 1816 2597; baseline 0.011 -24"><span class='ocrx_word' id='word_1_181' title='bbox 264 2520 360 2574; x_wconf 71' lang='grc' dir='ltr'><strong>καὶ</strong></span> <span class='ocrx_word' id='word_1_182' title='bbox 398 2521 493 2591; x_wconf 80' lang='grc' dir='ltr'><strong>τῆς</strong></span> <span class='ocrx_word' id='word_1_183' title='bbox 518 2523 878 2588; x_wconf 78' lang='grc' dir='ltr'><strong>ἀναστάσεως.</strong></span> <span class='ocrx_word' id='word_1_184' title='bbox 903 2527 1030 2580; x_wconf 81' lang='grc' dir='ltr'><strong>Ποῖα</strong></span> <span class='ocrx_word' id='word_1_185' title='bbox 1060 2529 1112 2582; x_wconf 77' lang='grc' dir='ltr'><strong>δὲ</strong></span> <span class='ocrx_word' id='word_1_186' title='bbox 1135 2531 1304 2585; x_wconf 84' lang='grc' dir='ltr'><strong>ταῦτά</strong></span> <span class='ocrx_word' id='word_1_187' title='bbox 1344 2536 1502 2597; x_wconf 74' lang='grc' dir='ltr'><strong>εἰσιν,</strong></span> <span class='ocrx_word' id='word_1_188' title='bbox 1531 2536 1816 2592; x_wconf 75' lang='grc' dir='ltr'><strong>ἀκουσάτω</strong></span> 
     </span>
    </p>
   </div>
   <div class='ocr_carea' id='block_1_28' title="bbox 264 2615 1816 2694">
    <p class='ocr_par' dir='ltr' id='par_1_28' title="bbox 264 2615 1816 2694">
     <span class='ocr_line' id='line_1_28' title="bbox 264 2615 1816 2694; baseline 0.012 -32"><span class='ocrx_word' id='word_1_189' title='bbox 264 2615 298 2679; x_wconf 70' lang='grc' dir='ltr'>ἡ</span> <span class='ocrx_word' id='word_1_190' title='bbox 330 2615 538 2680; x_wconf 79' lang='grc' dir='ltr'><strong>ίερότης</strong></span> <span class='ocrx_word' id='word_1_191' title='bbox 570 2633 683 2668; x_wconf 88' lang='grc' dir='ltr'><strong>σου.</strong></span> <span class='ocrx_word' id='word_1_192' title='bbox 728 2617 840 2668; x_wconf 74' lang='grc' dir='ltr'><strong>Κᾶν</strong></span> <span class='ocrx_word' id='word_1_193' title='bbox 876 2620 982 2685; x_wconf 86' lang='grc' dir='ltr'><strong>γάρ</strong></span> <span class='ocrx_word' id='word_1_194' title='bbox 1041 2621 1202 2682; x_wconf 79' lang='grc' dir='ltr'><strong>κόπος</strong></span> <span class='ocrx_word' id='word_1_195' title='bbox 1243 2623 1470 2675; x_wconf 80' lang='grc' dir='ltr'><strong>ἐνώπιόν</strong></span> <span class='ocrx_word' id='word_1_196' title='bbox 1517 2626 1616 2694; x_wconf 80' lang='grc' dir='ltr'><strong>μού</strong></span> <span class='ocrx_word' id='word_1_197' title='bbox 1669 2631 1816 2680; x_wconf 74' lang='grc' dir='ltr'><strong>ἐστιν</strong></span> 
     </span>
    </p>
   </div>
   <div class='ocr_carea' id='block_1_29' title="bbox 265 2699 1816 2780">
    <p class='ocr_par' dir='ltr' id='par_1_29' title="bbox 265 2699 1816 2780">
     <span class='ocr_line' id='line_1_29' title="bbox 265 2699 1816 2780; baseline 0.01 -28"><span class='ocrx_word' id='word_1_198' title='bbox 265 2703 370 2764; x_wconf 66' lang='lat' dir='ltr'><strong>tu»;</strong></span> <span class='ocrx_word' id='word_1_199' title='bbox 391 2699 452 2755; x_wconf 72' lang='grc' dir='ltr'><strong>οὗ</strong></span> <span class='ocrx_word' id='word_1_200' title='bbox 491 2703 714 2757; x_wconf 56' lang='lat' dir='ltr'><strong>suae...</strong></span> <span class='ocrx_word' id='word_1_201' title='bbox 750 2707 829 2767; x_wconf 78' lang='grc' dir='ltr'><strong>εἰς</strong></span> <span class='ocrx_word' id='word_1_202' title='bbox 885 2708 944 2759; x_wconf 78' lang='grc' dir='ltr'><strong>τὸ</strong></span> <span class='ocrx_word' id='word_1_203' title='bbox 974 2709 1325 2780; x_wconf 76' lang='grc' dir='ltr'><strong>ἀγιαστηριον</strong></span> <span class='ocrx_word' id='word_1_204' title='bbox 1385 2712 1478 2764; x_wconf 89' lang='grc' dir='ltr'><strong>τοῦ</strong></span> <span class='ocrx_word' id='word_1_205' title='bbox 1524 2714 1676 2778; x_wconf 79' lang='grc' dir='ltr'><strong>Θεοῦ,</strong></span> <span class='ocrx_word' id='word_1_206' title='bbox 1725 2718 1816 2768; x_wconf 74' lang='grc' dir='ltr'><strong>καὶ</strong></span> 
     </span>
    </p>
   </div>
   <div class='ocr_carea' id='block_1_30' title="bbox 267 2791 1814 2870">
    <p class='ocr_par' dir='ltr' id='par_1_30' title="bbox 267 2791 1814 2870">
     <span class='ocr_line' id='line_1_30' title="bbox 267 2791 1814 2870; baseline 0.011 -31"><span class='ocrx_word' id='word_1_207' title='bbox 267 2791 412 2842; x_wconf 87' lang='grc' dir='ltr'><strong>συνῶ</strong></span> <span class='ocrx_word' id='word_1_208' title='bbox 439 2794 505 2844; x_wconf 67' lang='lat' dir='ltr'><strong>td</strong></span> <span class='ocrx_word' id='word_1_209' title='bbox 535 2795 590 2842; x_wconf 78' lang='grc' dir='ltr'><strong>ὲν</strong></span> <span class='ocrx_word' id='word_1_210' title='bbox 622 2795 766 2864; x_wconf 79' lang='grc' dir='ltr'><strong>αὐτῷ</strong></span> <span class='ocrx_word' id='word_1_211' title='bbox 793 2797 885 2847; x_wconf 81' lang='grc' dir='ltr'><strong>καὶ</strong></span> <span class='ocrx_word' id='word_1_212' title='bbox 929 2798 1053 2865; x_wconf 68' lang='grc' dir='ltr'><strong>περὶ</strong></span> <span class='ocrx_word' id='word_1_213' title='bbox 1093 2800 1244 2863; x_wconf 74' lang='grc' dir='ltr'><strong>αὐτὸ,</strong></span> <span class='ocrx_word' id='word_1_214' title='bbox 1289 2799 1405 2852; x_wconf 75' lang='grc' dir='ltr'><strong>ἀλλ’</strong></span> <span class='ocrx_word' id='word_1_215' title='bbox 1446 2803 1476 2870; x_wconf 80' lang='grc' dir='ltr'><strong>ἠ</strong></span> <span class='ocrx_word' id='word_1_216' title='bbox 1520 2803 1678 2870; x_wconf 87' lang='grc' dir='ltr'><strong>χάρις</strong></span> <span class='ocrx_word' id='word_1_217' title='bbox 1721 2805 1814 2857; x_wconf 90' lang='grc' dir='ltr'><strong>τοῦ</strong></span> 
     </span>
    </p>
   </div>
   <div class='ocr_carea' id='block_1_31' title="bbox 266 2879 1814 2958">
    <p class='ocr_par' dir='ltr' id='par_1_31' title="bbox 266 2879 1814 2958">
     <span class='ocr_line' id='line_1_31' title="bbox 266 2879 1814 2958; baseline 0.01 -31"><span class='ocrx_word' id='word_1_218' title='bbox 266 2879 534 2945; x_wconf 82' lang='grc' dir='ltr'><strong>παναγίου</strong></span> <span class='ocrx_word' id='word_1_219' title='bbox 585 2881 895 2949; x_wconf 77' lang='grc' dir='ltr'><strong>Πνεῦματος</strong></span> <span class='ocrx_word' id='word_1_220' title='bbox 940 2885 1064 2952; x_wconf 80' lang='grc' dir='ltr'><strong>ἡὲν</strong></span> <span class='ocrx_word' id='word_1_221' title='bbox 1123 2887 1482 2956; x_wconf 81' lang='grc' dir='ltr'><strong>πατριάρχαις</strong></span> <span class='ocrx_word' id='word_1_222' title='bbox 1530 2907 1814 2958; x_wconf 72' lang='grc' dir='ltr'><strong>προτυπωο</strong></span> 
     </span>
    </p>
   </div>
   <div class='ocr_carea' id='block_1_32' title="bbox 267 2965 1816 3044">
    <p class='ocr_par' dir='ltr' id='par_1_32' title="bbox 267 2965 1816 3044">
     <span class='ocr_line' id='line_1_32' title="bbox 267 2965 1816 3044; baseline 0.012 -29"><span class='ocrx_word' id='word_1_223' title='bbox 267 2965 441 3028; x_wconf 75' lang='grc' dir='ltr'><strong>θεῖσα,</strong></span> <span class='ocrx_word' id='word_1_224' title='bbox 461 2969 520 3018; x_wconf 70' lang='grc' dir='ltr'><strong>ὲν</strong></span> <span class='ocrx_word' id='word_1_225' title='bbox 553 2974 854 3037; x_wconf 74' lang='grc' dir='ltr'><strong>προφήταις</strong></span> <span class='ocrx_word' id='word_1_226' title='bbox 886 2973 1347 3041; x_wconf 82' lang='grc' dir='ltr'><strong>προκηρυχθετσα,</strong></span> <span class='ocrx_word' id='word_1_227' title='bbox 1406 2978 1464 3028; x_wconf 76' lang='grc' dir='ltr'><strong>ἐν</strong></span> <span class='ocrx_word' id='word_1_228' title='bbox 1497 2979 1816 3044; x_wconf 82' lang='grc' dir='ltr'><strong>ἀποστόλοις</strong></span> 
     </span>
    </p>
   </div>
   <div class='ocr_carea' id='block_1_33' title="bbox 266 3051 1817 3140">
    <p class='ocr_par' dir='ltr' id='par_1_33' title="bbox 266 3051 1817 3140">
     <span class='ocr_line' id='line_1_33' title="bbox 266 3051 1817 3140; baseline 0.013 -38"><span class='ocrx_word' id='word_1_229' title='bbox 266 3051 673 3120; x_wconf 80' lang='grc' dir='ltr'><strong>θεμελιωθετσα,</strong></span> <span class='ocrx_word' id='word_1_230' title='bbox 715 3058 773 3109; x_wconf 69' lang='grc' dir='ltr'><strong>εν</strong></span> <span class='ocrx_word' id='word_1_231' title='bbox 824 3059 1056 3126; x_wconf 82' lang='grc' dir='ltr'><strong>μάρτυσι</strong></span> <span class='ocrx_word' id='word_1_232' title='bbox 1086 3062 1451 3128; x_wconf 85' lang='grc' dir='ltr'><strong>τελειωθεῖσα,</strong></span> <span class='ocrx_word' id='word_1_233' title='bbox 1485 3067 1578 3120; x_wconf 81' lang='grc' dir='ltr'><strong>καὶ</strong></span> <span class='ocrx_word' id='word_1_234' title='bbox 1617 3070 1675 3120; x_wconf 81' lang='grc' dir='ltr'><strong>ὲν</strong></span> <span class='ocrx_word' id='word_1_235' title='bbox 1707 3071 1817 3140; x_wconf 80' lang='grc' dir='ltr'><strong>ἱερο</strong></span> 
     </span>
    </p>
   </div>
   <div class='ocr_carea' id='block_1_34' title="bbox 1914 655 3456 724">
    <p class='ocr_par' dir='ltr' id='par_1_34' title="bbox 1914 655 3456 724">
     <span class='ocr_line' id='line_1_34' title="bbox 1914 655 3456 724; baseline 0.001 -19"><span class='ocrx_word' id='word_1_236' title='bbox 1914 669 2010 721; x_wconf 67' lang='grc' dir='ltr'><strong>ρετ</strong></span> <span class='ocrx_word' id='word_1_237' title='bbox 2041 658 2352 711; x_wconf 90' lang='lat' dir='ltr'><strong>unctionem</strong></span> <span class='ocrx_word' id='word_1_238' title='bbox 2389 659 2696 710; x_wconf 92' lang='lat' dir='ltr'><strong>sanctitatis</strong></span> <span class='ocrx_word' id='word_1_239' title='bbox 2741 657 2944 724; x_wconf 78' lang='lat' dir='ltr'><strong>perfici,</strong></span> <span class='ocrx_word' id='word_1_240' title='bbox 2980 666 3170 708; x_wconf 82' lang='lat' dir='ltr'><strong>unctos</strong></span> <span class='ocrx_word' id='word_1_241' title='bbox 3219 655 3456 715; x_wconf 83' lang='lat' dir='ltr'><strong>Domini,</strong></span> 
     </span>
    </p>
   </div>
   <div class='ocr_carea' id='block_1_35' title="bbox 1911 745 3455 814">
    <p class='ocr_par' dir='ltr' id='par_1_35' title="bbox 1911 745 3455 814">
     <span class='ocr_line' id='line_1_35' title="bbox 1911 745 3455 814; baseline 0.001 -18"><span class='ocrx_word' id='word_1_242' title='bbox 1911 752 1964 796; x_wconf 89' lang='lat' dir='ltr'><strong>et</strong></span> <span class='ocrx_word' id='word_1_243' title='bbox 2011 746 2386 798; x_wconf 88' lang='lat' dir='ltr'><strong>sanctissimos</strong></span> <span class='ocrx_word' id='word_1_244' title='bbox 2430 746 2784 814; x_wconf 81' lang='lat' dir='ltr'><strong>appellamus;</strong></span> <span class='ocrx_word' id='word_1_245' title='bbox 2827 761 2891 799; x_wconf 89' lang='lat' dir='ltr'><strong>ac</strong></span> <span class='ocrx_word' id='word_1_246' title='bbox 2936 745 3232 798; x_wconf 80' lang='lat' dir='ltr'><strong>referentes</strong></span> <span class='ocrx_word' id='word_1_247' title='bbox 3273 759 3366 797; x_wconf 87' lang='lat' dir='ltr'><strong>eos</strong></span> <span class='ocrx_word' id='word_1_248' title='bbox 3401 746 3455 797; x_wconf 87' lang='lat' dir='ltr'><strong>itt</strong></span> 
     </span>
    </p>
   </div>
   <div class='ocr_carea' id='block_1_36' title="bbox 1913 832 3456 889">
    <p class='ocr_par' dir='ltr' id='par_1_36' title="bbox 1913 832 3456 889">
     <span class='ocr_line' id='line_1_36' title="bbox 1913 832 3456 889; baseline 0 -4"><span class='ocrx_word' id='word_1_249' title='bbox 1913 848 2194 887; x_wconf 87' lang='lat' dir='ltr'><strong>numerum</strong></span> <span class='ocrx_word' id='word_1_250' title='bbox 2217 843 2525 889; x_wconf 83' lang='lat' dir='ltr'><strong>sanctorum</strong></span> <span class='ocrx_word' id='word_1_251' title='bbox 2552 845 2604 888; x_wconf 85' lang='lat' dir='ltr'><strong>et</strong></span> <span class='ocrx_word' id='word_1_252' title='bbox 2628 835 2888 888; x_wconf 81' lang='lat' dir='ltr'><strong>divinitus</strong></span> <span class='ocrx_word' id='word_1_253' title='bbox 2915 834 3210 886; x_wconf 75' lang='lat' dir='ltr'><strong>amatorum</strong></span> <span class='ocrx_word' id='word_1_254' title='bbox 3239 832 3456 886; x_wconf 83' lang='lat' dir='ltr'><strong>Patrum</strong></span> 
     </span>
    </p>
   </div>
   <div class='ocr_carea' id='block_1_37' title="bbox 1911 923 3454 992">
    <p class='ocr_par' dir='ltr' id='par_1_37' title="bbox 1911 923 3454 992">
     <span class='ocr_line' id='line_1_37' title="bbox 1911 923 3454 992; baseline 0 -18"><span class='ocrx_word' id='word_1_255' title='bbox 1911 932 2244 986; x_wconf 85' lang='lat' dir='ltr'><strong>nostrorum,</strong></span> <span class='ocrx_word' id='word_1_256' title='bbox 2293 932 2346 976; x_wconf 92' lang='lat' dir='ltr'><strong>et</strong></span> <span class='ocrx_word' id='word_1_257' title='bbox 2399 933 2644 976; x_wconf 75' lang='lat' dir='ltr'><strong>amanter</strong></span> <span class='ocrx_word' id='word_1_258' title='bbox 2685 925 2830 992; x_wconf 84' lang='lat' dir='ltr'><strong>ipsos</strong></span> <span class='ocrx_word' id='word_1_259' title='bbox 2879 926 3287 989; x_wconf 83' lang='lat' dir='ltr'><strong>amplectentes,</strong></span> <span class='ocrx_word' id='word_1_260' title='bbox 3319 923 3454 975; x_wconf 81' lang='lat' dir='ltr'><strong>certi</strong></span> 
     </span>
    </p>
   </div>
   <div class='ocr_carea' id='block_1_38' title="bbox 1911 1015 3456 1084">
    <p class='ocr_par' dir='ltr' id='par_1_38' title="bbox 1911 1015 3456 1084">
     <span class='ocr_line' id='line_1_38' title="bbox 1911 1015 3456 1084; baseline -0.003 -17"><span class='ocrx_word' id='word_1_261' title='bbox 1911 1030 2119 1080; x_wconf 89' lang='lat' dir='ltr'><strong>sumus,</strong></span> <span class='ocrx_word' id='word_1_262' title='bbox 2177 1015 2318 1071; x_wconf 85' lang='lat' dir='ltr'><strong>fores</strong></span> <span class='ocrx_word' id='word_1_263' title='bbox 2375 1017 2524 1083; x_wconf 81' lang='lat' dir='ltr'><strong>regni</strong></span> <span class='ocrx_word' id='word_1_264' title='bbox 2572 1017 2809 1070; x_wconf 74' lang='lat' dir='ltr'><strong>cmlestis</strong></span> <span class='ocrx_word' id='word_1_265' title='bbox 2859 1031 2953 1084; x_wconf 90' lang='lat' dir='ltr'><strong>per</strong></span> <span class='ocrx_word' id='word_1_266' title='bbox 2997 1029 3091 1069; x_wconf 90' lang='lat' dir='ltr'><strong>eos</strong></span> <span class='ocrx_word' id='word_1_267' title='bbox 3137 1017 3290 1068; x_wconf 87' lang='lat' dir='ltr'><strong>nobis</strong></span> <span class='ocrx_word' id='word_1_268' title='bbox 3346 1025 3456 1065; x_wconf 87' lang='lat' dir='ltr'><strong>tum</strong></span> 
     </span>
    </p>
   </div>
   <div class='ocr_carea' id='block_1_39' title="bbox 1912 1104 3454 1172">
    <p class='ocr_par' dir='ltr' id='par_1_39' title="bbox 1912 1104 3454 1172">
     <span class='ocr_line' id='line_1_39' title="bbox 1912 1104 3454 1172; baseline -0.001 -16"><span class='ocrx_word' id='word_1_269' title='bbox 1912 1104 2144 1166; x_wconf 85' lang='lat' dir='ltr'><strong>occludi,</strong></span> <span class='ocrx_word' id='word_1_270' title='bbox 2179 1115 2290 1157; x_wconf 89' lang='lat' dir='ltr'><strong>tum</strong></span> <span class='ocrx_word' id='word_1_271' title='bbox 2329 1105 2544 1172; x_wconf 87' lang='lat' dir='ltr'><strong>aperiri,</strong></span> <span class='ocrx_word' id='word_1_272' title='bbox 2580 1114 2633 1159; x_wconf 87' lang='lat' dir='ltr'><strong>et</strong></span> <span class='ocrx_word' id='word_1_273' title='bbox 2679 1120 2773 1172; x_wconf 92' lang='lat' dir='ltr'><strong>per</strong></span> <span class='ocrx_word' id='word_1_274' title='bbox 2814 1106 3052 1170; x_wconf 61' lang='lat' dir='ltr'><strong>ipsorum</strong></span> <span class='ocrx_word' id='word_1_275' title='bbox 3099 1105 3242 1156; x_wconf 85' lang='lat' dir='ltr'><strong>labra</strong></span> <span class='ocrx_word' id='word_1_276' title='bbox 3293 1104 3454 1155; x_wconf 87' lang='lat' dir='ltr'><strong>Deum</strong></span> 
     </span>
    </p>
   </div>
   <div class='ocr_carea' id='block_1_40' title="bbox 1912 1193 3460 1263">
    <p class='ocr_par' dir='ltr' id='par_1_40' title="bbox 1912 1193 3460 1263">
     <span class='ocr_line' id='line_1_40' title="bbox 1912 1193 3460 1263; baseline -0.002 -17"><span class='ocrx_word' id='word_1_277' title='bbox 1912 1195 2058 1250; x_wconf 74' lang='lat' dir='ltr'><strong>velut</strong></span> <span class='ocrx_word' id='word_1_278' title='bbox 2089 1209 2180 1247; x_wconf 87' lang='lat' dir='ltr'><strong>ore</strong></span> <span class='ocrx_word' id='word_1_279' title='bbox 2211 1197 2427 1263; x_wconf 84' lang='lat' dir='ltr'><strong>preprio</strong></span> <span class='ocrx_word' id='word_1_280' title='bbox 2471 1195 2650 1248; x_wconf 89' lang='lat' dir='ltr'><strong>futura</strong></span> <span class='ocrx_word' id='word_1_281' title='bbox 2693 1195 2953 1261; x_wconf 87' lang='lat' dir='ltr'><strong>proferre.</strong></span> <span class='ocrx_word' id='word_1_282' title='bbox 3002 1193 3114 1245; x_wconf 80' lang='lat' dir='ltr'><strong>Non</strong></span> <span class='ocrx_word' id='word_1_283' title='bbox 3150 1195 3293 1245; x_wconf 89' lang='lat' dir='ltr'><strong>enim</strong></span> <span class='ocrx_word' id='word_1_284' title='bbox 3333 1208 3460 1244; x_wconf 75' lang='lat' dir='ltr'><strong>caro</strong></span> 
     </span>
    </p>
   </div>
   <div class='ocr_carea' id='block_1_41' title="bbox 1912 1279 3459 1346">
    <p class='ocr_par' dir='ltr' id='par_1_41' title="bbox 1912 1279 3459 1346">
     <span class='ocr_line' id='line_1_41' title="bbox 1912 1279 3459 1346; baseline 0.003 -18"><span class='ocrx_word' id='word_1_285' title='bbox 1912 1285 1966 1329; x_wconf 89' lang='lat' dir='ltr'><strong>et</strong></span> <span class='ocrx_word' id='word_1_286' title='bbox 2004 1281 2242 1346; x_wconf 88' lang='lat' dir='ltr'><strong>sanguis,</strong></span> <span class='ocrx_word' id='word_1_287' title='bbox 2274 1279 2365 1334; x_wconf 87' lang='lat' dir='ltr'><strong>sed</strong></span> <span class='ocrx_word' id='word_1_288' title='bbox 2403 1283 2637 1334; x_wconf 65' lang='lat' dir='ltr'><strong>caelestis</strong></span> <span class='ocrx_word' id='word_1_289' title='bbox 2677 1281 2764 1333; x_wconf 88' lang='lat' dir='ltr'><strong>ille</strong></span> <span class='ocrx_word' id='word_1_290' title='bbox 2800 1281 2958 1338; x_wconf 86' lang='lat' dir='ltr'><strong>Pater</strong></span> <span class='ocrx_word' id='word_1_291' title='bbox 2997 1295 3058 1333; x_wconf 89' lang='lat' dir='ltr'><strong>ac</strong></span> <span class='ocrx_word' id='word_1_292' title='bbox 3105 1281 3242 1332; x_wconf 83' lang='lat' dir='ltr'><strong>Deus</strong></span> <span class='ocrx_word' id='word_1_293' title='bbox 3279 1291 3459 1332; x_wconf 85' lang='lat' dir='ltr'><strong>noster</strong></span> 
     </span>
    </p>
   </div>
   <div class='ocr_carea' id='block_1_42' title="bbox 1915 1367 3460 1436">
    <p class='ocr_par' dir='ltr' id='par_1_42' title="bbox 1915 1367 3460 1436">
     <span class='ocr_line' id='line_1_42' title="bbox 1915 1367 3460 1436; baseline 0.001 -18"><span class='ocrx_word' id='word_1_294' title='bbox 1915 1367 2027 1434; x_wconf 93' lang='lat' dir='ltr'><strong>(qui</strong></span> <span class='ocrx_word' id='word_1_295' title='bbox 2057 1368 2218 1421; x_wconf 80' lang='lat' dir='ltr'><strong>dixit:</strong></span> <span class='ocrx_word' id='word_1_296' title='bbox 2253 1369 2309 1421; x_wconf 84' lang='lat' dir='ltr'><strong>In</strong></span> <span class='ocrx_word' id='word_1_297' title='bbox 2337 1370 2526 1423; x_wconf 89' lang='lat' dir='ltr'><strong>diebus</strong></span> <span class='ocrx_word' id='word_1_298' title='bbox 2560 1371 2663 1424; x_wconf 89' lang='lat' dir='ltr'><strong>illis</strong></span> <span class='ocrx_word' id='word_1_299' title='bbox 2689 1370 2955 1423; x_wconf 73' lang='lat' dir='ltr'><strong>effundam</strong></span> <span class='ocrx_word' id='word_1_300' title='bbox 2985 1371 3050 1422; x_wconf 90' lang='lat' dir='ltr'><strong>de</strong></span> <span class='ocrx_word' id='word_1_301' title='bbox 3082 1368 3282 1436; x_wconf 86' lang='lat' dir='ltr'><strong>Spiritu</strong></span> <span class='ocrx_word' id='word_1_302' title='bbox 3317 1382 3460 1427; x_wconf 88' lang='lat' dir='ltr'><strong>meo,</strong></span> 
     </span>
    </p>
   </div>
   <div class='ocr_carea' id='block_1_43' title="bbox 1910 1459 3457 1528">
    <p class='ocr_par' dir='ltr' id='par_1_43' title="bbox 1910 1459 3457 1528">
     <span class='ocr_line' id='line_1_43' title="bbox 1910 1459 3457 1528; baseline -0.002 -18"><span class='ocrx_word' id='word_1_303' title='bbox 1910 1465 1963 1510; x_wconf 88' lang='lat' dir='ltr'><strong>et</strong></span> <span class='ocrx_word' id='word_1_304' title='bbox 2028 1459 2170 1512; x_wconf 78' lang='lat' dir='ltr'><strong>servi</strong></span> <span class='ocrx_word' id='word_1_305' title='bbox 2231 1459 2334 1512; x_wconf 92' lang='lat' dir='ltr'><strong>mei</strong></span> <span class='ocrx_word' id='word_1_306' title='bbox 2403 1461 2884 1528; x_wconf 87' lang='lat' dir='ltr'><strong>vaticinabuntur).</strong></span> <span class='ocrx_word' id='word_1_307' title='bbox 2948 1461 3148 1513; x_wconf 79' lang='lat' dir='ltr'><strong>revelat</strong></span> <span class='ocrx_word' id='word_1_308' title='bbox 3209 1459 3288 1510; x_wconf 87' lang='lat' dir='ltr'><strong>eis</strong></span> <span class='ocrx_word' id='word_1_309' title='bbox 3352 1467 3457 1509; x_wconf 83' lang='lat' dir='ltr'><strong>tam</strong></span> 
     </span>
    </p>
   </div>
   <div class='ocr_carea' id='block_1_44' title="bbox 1913 1547 3466 1618">
    <p class='ocr_par' dir='ltr' id='par_1_44' title="bbox 1913 1547 3466 1618">
     <span class='ocr_line' id='line_1_44' title="bbox 1913 1547 3466 1618; baseline 0.001 -20"><span class='ocrx_word' id='word_1_310' title='bbox 1913 1548 2227 1618; x_wconf 69' lang='lat' dir='ltr'><strong>praesentia,</strong></span> <span class='ocrx_word' id='word_1_311' title='bbox 2272 1563 2430 1617; x_wconf 92' lang='lat' dir='ltr'><strong>quam</strong></span> <span class='ocrx_word' id='word_1_312' title='bbox 2478 1550 2681 1602; x_wconf 86' lang='lat' dir='ltr'><strong>futura.</strong></span> <span class='ocrx_word' id='word_1_313' title='bbox 2723 1551 2812 1603; x_wconf 80' lang='lat' dir='ltr'><strong>Sic</strong></span> <span class='ocrx_word' id='word_1_314' title='bbox 2863 1550 3003 1603; x_wconf 89' lang='lat' dir='ltr'><strong>enim</strong></span> <span class='ocrx_word' id='word_1_315' title='bbox 3050 1558 3102 1602; x_wconf 87' lang='lat' dir='ltr'><strong>et</strong></span> <span class='ocrx_word' id='word_1_316' title='bbox 3146 1548 3275 1602; x_wconf 87' lang='lat' dir='ltr'><strong>Saul</strong></span> <span class='ocrx_word' id='word_1_317' title='bbox 3322 1547 3466 1600; x_wconf 83' lang='lat' dir='ltr'><strong>inter</strong></span> 
     </span>
    </p>
   </div>
   <div class='ocr_carea' id='block_1_45' title="bbox 1913 1635 3462 1705">
    <p class='ocr_par' dir='ltr' id='par_1_45' title="bbox 1913 1635 3462 1705">
     <span class='ocr_line' id='line_1_45' title="bbox 1913 1635 3462 1705; baseline 0.003 -20"><span class='ocrx_word' id='word_1_318' title='bbox 1913 1635 2245 1704; x_wconf 73' lang='lat' dir='ltr'><strong>prophetas,</strong></span> <span class='ocrx_word' id='word_1_319' title='bbox 2309 1644 2364 1689; x_wconf 86' lang='lat' dir='ltr'><strong>et</strong></span> <span class='ocrx_word' id='word_1_320' title='bbox 2418 1637 2686 1705; x_wconf 83' lang='lat' dir='ltr'><strong>Caiaphas</strong></span> <span class='ocrx_word' id='word_1_321' title='bbox 2757 1638 2955 1692; x_wconf 78' lang='lat' dir='ltr'><strong>invitus</strong></span> <span class='ocrx_word' id='word_1_322' title='bbox 3013 1638 3289 1691; x_wconf 84' lang='lat' dir='ltr'><strong>oraculum</strong></span> <span class='ocrx_word' id='word_1_323' title='bbox 3361 1639 3462 1689; x_wconf 86' lang='lat' dir='ltr'><strong>hoc</strong></span> 
     </span>
    </p>
   </div>
   <div class='ocr_carea' id='block_1_46' title="bbox 1915 1724 3464 1795">
    <p class='ocr_par' dir='ltr' id='par_1_46' title="bbox 1915 1724 3464 1795">
     <span class='ocr_line' id='line_1_46' title="bbox 1915 1724 3464 1795; baseline 0.002 -20"><span class='ocrx_word' id='word_1_324' title='bbox 1915 1726 2179 1794; x_wconf 86' lang='lat' dir='ltr'><strong>protulit:</strong></span> <span class='ocrx_word' id='word_1_325' title='bbox 2247 1724 2470 1793; x_wconf 81' lang='lat' dir='ltr'><strong>Expedit</strong></span> <span class='ocrx_word' id='word_1_326' title='bbox 2530 1741 2694 1780; x_wconf 88' lang='lat' dir='ltr'><strong>unum</strong></span> <span class='ocrx_word' id='word_1_327' title='bbox 2764 1727 2937 1794; x_wconf 86' lang='lat' dir='ltr'><strong>perire</strong></span> <span class='ocrx_word' id='word_1_328' title='bbox 3003 1742 3098 1795; x_wconf 89' lang='lat' dir='ltr'><strong>pro</strong></span> <span class='ocrx_word' id='word_1_329' title='bbox 3159 1726 3354 1794; x_wconf 87' lang='lat' dir='ltr'><strong>populo</strong></span> <span class='ocrx_word' id='word_1_330' title='bbox 3411 1736 3464 1779; x_wconf 90' lang='lat' dir='ltr'><strong>et</strong></span> 
     </span>
    </p>
   </div>
   <div class='ocr_carea' id='block_1_47' title="bbox 1915 1813 3462 1882">
    <p class='ocr_par' dir='ltr' id='par_1_47' title="bbox 1915 1813 3462 1882">
     <span class='ocr_line' id='line_1_47' title="bbox 1915 1813 3462 1882; baseline -0.001 -18"><span class='ocrx_word' id='word_1_331' title='bbox 1915 1828 2011 1879; x_wconf 90' lang='lat' dir='ltr'><strong>pro</strong></span> <span class='ocrx_word' id='word_1_332' title='bbox 2042 1814 2141 1867; x_wconf 82' lang='lat' dir='ltr'><strong>hac</strong></span> <span class='ocrx_word' id='word_1_333' title='bbox 2178 1813 2428 1867; x_wconf 80' lang='lat' dir='ltr'><strong>universa</strong></span> <span class='ocrx_word' id='word_1_334' title='bbox 2471 1815 2707 1869; x_wconf 81' lang='lat' dir='ltr'><strong>natione.</strong></span> <span class='ocrx_word' id='word_1_335' title='bbox 2739 1813 2870 1867; x_wconf 83' lang='lat' dir='ltr'><strong>Nam</strong></span> <span class='ocrx_word' id='word_1_336' title='bbox 2897 1814 2988 1866; x_wconf 89' lang='lat' dir='ltr'><strong>ille</strong></span> <span class='ocrx_word' id='word_1_337' title='bbox 3010 1830 3104 1882; x_wconf 90' lang='lat' dir='ltr'><strong>per</strong></span> <span class='ocrx_word' id='word_1_338' title='bbox 3154 1814 3462 1866; x_wconf 75' lang='lat' dir='ltr'><strong>unt-tionem</strong></span> 
     </span>
    </p>
   </div>
   <div class='ocr_carea' id='block_1_48' title="bbox 1917 1902 3460 1973">
    <p class='ocr_par' dir='ltr' id='par_1_48' title="bbox 1917 1902 3460 1973">
     <span class='ocr_line' id='line_1_48' title="bbox 1917 1902 3460 1973; baseline 0.002 -18"><span class='ocrx_word' id='word_1_339' title='bbox 1917 1904 2115 1972; x_wconf 89' lang='lat' dir='ltr'><strong>regiam</strong></span> <span class='ocrx_word' id='word_1_340' title='bbox 2158 1903 2546 1967; x_wconf 77' lang='lat' dir='ltr'><strong>incalescehat,</strong></span> <span class='ocrx_word' id='word_1_341' title='bbox 2583 1905 2669 1958; x_wconf 82' lang='lat' dir='ltr'><strong>hic</strong></span> <span class='ocrx_word' id='word_1_342' title='bbox 2707 1919 2804 1973; x_wconf 91' lang='lat' dir='ltr'><strong>per</strong></span> <span class='ocrx_word' id='word_1_343' title='bbox 2832 1906 3059 1972; x_wconf 75' lang='lat' dir='ltr'><strong>gratiam</strong></span> <span class='ocrx_word' id='word_1_344' title='bbox 3095 1902 3460 1972; x_wconf 87' lang='lat' dir='ltr'><strong>pontificatus.</strong></span> 
     </span>
    </p>
   </div>
   <div class='ocr_carea' id='block_1_49' title="bbox 1916 1990 3460 2064">
    <p class='ocr_par' dir='ltr' id='par_1_49' title="bbox 1916 1990 3460 2064">
     <span class='ocr_line' id='line_1_49' title="bbox 1916 1990 3460 2064; baseline -0.004 -16"><span class='ocrx_word' id='word_1_345' title='bbox 1916 1995 2044 2048; x_wconf 86' lang='lat' dir='ltr'><strong>Erat</strong></span> <span class='ocrx_word' id='word_1_346' title='bbox 2085 1996 2248 2059; x_wconf 91' lang='lat' dir='ltr'><strong>enim,</strong></span> <span class='ocrx_word' id='word_1_347' title='bbox 2291 1995 2485 2064; x_wconf 90' lang='lat' dir='ltr'><strong>inquit,</strong></span> <span class='ocrx_word' id='word_1_348' title='bbox 2533 1993 2653 2060; x_wconf 89' lang='lat' dir='ltr'><strong>ejus</strong></span> <span class='ocrx_word' id='word_1_349' title='bbox 2707 1994 2831 2046; x_wconf 79' lang='lat' dir='ltr'><strong>anni</strong></span> <span class='ocrx_word' id='word_1_350' title='bbox 2881 1992 3116 2062; x_wconf 80' lang='lat' dir='ltr'><strong>pontifex</strong></span> <span class='ocrx_word' id='word_1_351' title='bbox 3173 1990 3460 2045; x_wconf 85' lang='lat' dir='ltr'><strong>maximus.</strong></span> 
     </span>
    </p>
   </div>
   <div class='ocr_carea' id='block_1_50' title="bbox 1915 2083 3470 2155">
    <p class='ocr_par' dir='ltr' id='par_1_50' title="bbox 1915 2083 3470 2155">
     <span class='ocr_line' id='line_1_50' title="bbox 1915 2083 3470 2155; baseline -0.003 -16"><span class='ocrx_word' id='word_1_352' title='bbox 1915 2086 2202 2155; x_wconf 77' lang='lat' dir='ltr'><strong>Propterea</strong></span> <span class='ocrx_word' id='word_1_353' title='bbox 2249 2085 2419 2140; x_wconf 86' lang='lat' dir='ltr'><strong>nostri</strong></span> <span class='ocrx_word' id='word_1_354' title='bbox 2472 2085 2810 2153; x_wconf 66' lang='lat' dir='ltr'><strong>patriarchas,</strong></span> <span class='ocrx_word' id='word_1_355' title='bbox 2877 2092 3130 2152; x_wconf 78' lang='lat' dir='ltr'><strong>tanquam</strong></span> <span class='ocrx_word' id='word_1_356' title='bbox 3159 2083 3470 2136; x_wconf 75' lang='lat' dir='ltr'><strong>obtinentes</strong></span> 
     </span>
    </p>
   </div>
   <div class='ocr_carea' id='block_1_51' title="bbox 1917 2158 3464 2246">
    <p class='ocr_par' dir='ltr' id='par_1_51' title="bbox 1917 2158 3464 2246">
     <span class='ocr_line' id='line_1_51' title="bbox 1917 2158 3464 2246; baseline -0.005 -14"><span class='ocrx_word' id='word_1_357' title='bbox 1917 2158 2092 2232; x_wconf 77' lang='lat' dir='ltr'><strong>locum</strong></span> <span class='ocrx_word' id='word_1_358' title='bbox 2117 2177 2316 2230; x_wconf 83' lang='lat' dir='ltr'><strong>Christi</strong></span> <span class='ocrx_word' id='word_1_359' title='bbox 2345 2176 2545 2246; x_wconf 84' lang='lat' dir='ltr'><strong>Deique</strong></span> <span class='ocrx_word' id='word_1_360' title='bbox 2566 2177 2762 2236; x_wconf 84' lang='lat' dir='ltr'><strong>nostri,</strong></span> <span class='ocrx_word' id='word_1_361' title='bbox 2786 2191 2892 2230; x_wconf 92' lang='lat' dir='ltr'><strong>non</strong></span> <span class='ocrx_word' id='word_1_362' title='bbox 2921 2175 3017 2230; x_wconf 85' lang='lat' dir='ltr'><strong>abs</strong></span> <span class='ocrx_word' id='word_1_363' title='bbox 3045 2189 3102 2227; x_wconf 86' lang='lat' dir='ltr'><strong>re</strong></span> <span class='ocrx_word' id='word_1_364' title='bbox 3129 2173 3464 2226; x_wconf 84' lang='lat' dir='ltr'><strong>voluntarios</strong></span> 
     </span>
    </p>
   </div>
   <div class='ocr_carea' id='block_1_52' title="bbox 1918 2259 3463 2333">
    <p class='ocr_par' dir='ltr' id='par_1_52' title="bbox 1918 2259 3463 2333">
     <span class='ocr_line' id='line_1_52' title="bbox 1918 2259 3463 2333; baseline -0.005 -15"><span class='ocrx_word' id='word_1_365' title='bbox 1918 2265 2088 2333; x_wconf 84' lang='lat' dir='ltr'><strong>ipsius</strong></span> <span class='ocrx_word' id='word_1_366' title='bbox 2118 2265 2416 2326; x_wconf 87' lang='lat' dir='ltr'><strong>cruciatus,</strong></span> <span class='ocrx_word' id='word_1_367' title='bbox 2449 2272 2501 2318; x_wconf 90' lang='lat' dir='ltr'><strong>et</strong></span> <span class='ocrx_word' id='word_1_368' title='bbox 2535 2263 2727 2331; x_wconf 87' lang='lat' dir='ltr'><strong>probra</strong></span> <span class='ocrx_word' id='word_1_369' title='bbox 2769 2263 2964 2316; x_wconf 87' lang='lat' dir='ltr'><strong>salutis</strong></span> <span class='ocrx_word' id='word_1_370' title='bbox 2994 2270 3193 2314; x_wconf 67' lang='lat' dir='ltr'><strong>nostra:</strong></span> <span class='ocrx_word' id='word_1_371' title='bbox 3221 2273 3384 2314; x_wconf 83' lang='lat' dir='ltr'><strong>causa</strong></span> <span class='ocrx_word' id='word_1_372' title='bbox 3413 2259 3463 2312; x_wconf 91' lang='lat' dir='ltr'><strong>ei</strong></span> 
     </span>
    </p>
   </div>
   <div class='ocr_carea' id='block_1_53' title="bbox 1916 2345 3464 2415">
    <p class='ocr_par' dir='ltr' id='par_1_53' title="bbox 1916 2345 3464 2415">
     <span class='ocr_line' id='line_1_53' title="bbox 1916 2345 3464 2415; baseline -0.003 -12"><span class='ocrx_word' id='word_1_373' title='bbox 1916 2360 2040 2404; x_wconf 83' lang='lat' dir='ltr'><strong>ante</strong></span> <span class='ocrx_word' id='word_1_374' title='bbox 2070 2365 2288 2404; x_wconf 90' lang='lat' dir='ltr'><strong>crucem</strong></span> <span class='ocrx_word' id='word_1_375' title='bbox 2323 2360 2376 2404; x_wconf 89' lang='lat' dir='ltr'><strong>ct</strong></span> <span class='ocrx_word' id='word_1_376' title='bbox 2409 2350 2864 2402; x_wconf 84' lang='lat' dir='ltr'><strong>resurrectionem</strong></span> <span class='ocrx_word' id='word_1_377' title='bbox 2905 2347 2972 2401; x_wconf 87' lang='lat' dir='ltr'><strong>ab</strong></span> <span class='ocrx_word' id='word_1_378' title='bbox 3007 2348 3236 2415; x_wconf 84' lang='lat' dir='ltr'><strong>ingratis</strong></span> <span class='ocrx_word' id='word_1_379' title='bbox 3264 2345 3464 2399; x_wconf 66' lang='lat' dir='ltr'><strong>Iudaeis</strong></span> 
     </span>
    </p>
   </div>
   <div class='ocr_carea' id='block_1_54' title="bbox 1916 2437 3467 2510">
    <p class='ocr_par' dir='ltr' id='par_1_54' title="bbox 1916 2437 3467 2510">
     <span class='ocr_line' id='line_1_54' title="bbox 1916 2437 3467 2510; baseline -0.004 -15"><span class='ocrx_word' id='word_1_380' title='bbox 1916 2443 2083 2507; x_wconf 90' lang='lat' dir='ltr'><strong>illata,</strong></span> <span class='ocrx_word' id='word_1_381' title='bbox 2111 2457 2232 2495; x_wconf 90' lang='lat' dir='ltr'><strong>cum</strong></span> <span class='ocrx_word' id='word_1_382' title='bbox 2263 2442 2526 2510; x_wconf 79' lang='lat' dir='ltr'><strong>gravitate</strong></span> <span class='ocrx_word' id='word_1_383' title='bbox 2559 2447 2962 2508; x_wconf 68' lang='lat' dir='ltr'><strong>repraesentant.</strong></span> <span class='ocrx_word' id='word_1_384' title='bbox 2999 2439 3126 2505; x_wconf 67' lang='lat' dir='ltr'><strong>Quae</strong></span> <span class='ocrx_word' id='word_1_385' title='bbox 3157 2449 3334 2491; x_wconf 89' lang='lat' dir='ltr'><strong>autem</strong></span> <span class='ocrx_word' id='word_1_386' title='bbox 3373 2437 3467 2490; x_wconf 84' lang='lat' dir='ltr'><strong>illa</strong></span> 
     </span>
    </p>
   </div>
   <div class='ocr_carea' id='block_1_55' title="bbox 1917 2524 3465 2593">
    <p class='ocr_par' dir='ltr' id='par_1_55' title="bbox 1917 2524 3465 2593">
     <span class='ocr_line' id='line_1_55' title="bbox 1917 2524 3465 2593; baseline -0.006 -9"><span class='ocrx_word' id='word_1_387' title='bbox 1917 2533 2044 2593; x_wconf 90' lang='lat' dir='ltr'><strong>sint,</strong></span> <span class='ocrx_word' id='word_1_388' title='bbox 2092 2530 2277 2584; x_wconf 85' lang='lat' dir='ltr'><strong>audiat</strong></span> <span class='ocrx_word' id='word_1_389' title='bbox 2319 2538 2410 2582; x_wconf 87' lang='lat' dir='ltr'><strong>tua</strong></span> <span class='ocrx_word' id='word_1_390' title='bbox 2455 2530 2738 2583; x_wconf 79' lang='lat' dir='ltr'><strong>sanctitas.</strong></span> <span class='ocrx_word' id='word_1_391' title='bbox 2801 2527 2933 2580; x_wconf 80' lang='lat' dir='ltr'><strong>Nam</strong></span> <span class='ocrx_word' id='word_1_392' title='bbox 2995 2527 3210 2580; x_wconf 88' lang='lat' dir='ltr'><strong>tametsi</strong></span> <span class='ocrx_word' id='word_1_393' title='bbox 3253 2524 3465 2577; x_wconf 83' lang='lat' dir='ltr'><strong>videam</strong></span> 
     </span>
    </p>
   </div>
   <div class='ocr_carea' id='block_1_56' title="bbox 1917 2617 3465 2686">
    <p class='ocr_par' dir='ltr' id='par_1_56' title="bbox 1917 2617 3465 2686">
     <span class='ocr_line' id='line_1_56' title="bbox 1917 2617 3465 2686; baseline -0.006 -13"><span class='ocrx_word' id='word_1_394' title='bbox 1917 2636 2001 2675; x_wconf 90' lang='lat' dir='ltr'><strong>me</strong></span> <span class='ocrx_word' id='word_1_395' title='bbox 2025 2622 2264 2674; x_wconf 88' lang='lat' dir='ltr'><strong>laborem</strong></span> <span class='ocrx_word' id='word_1_396' title='bbox 2294 2621 2624 2681; x_wconf 86' lang='lat' dir='ltr'><strong>subiturum,</strong></span> <span class='ocrx_word' id='word_1_397' title='bbox 2649 2620 2822 2671; x_wconf 87' lang='lat' dir='ltr'><strong>donec</strong></span> <span class='ocrx_word' id='word_1_398' title='bbox 2845 2617 3115 2686; x_wconf 82' lang='lat' dir='ltr'><strong>ingrediar</strong></span> <span class='ocrx_word' id='word_1_399' title='bbox 3139 2617 3190 2667; x_wconf 93' lang='lat' dir='ltr'><strong>in</strong></span> <span class='ocrx_word' id='word_1_400' title='bbox 3215 2623 3465 2668; x_wconf 89' lang='lat' dir='ltr'><strong>sanctua-</strong></span> 
     </span>
    </p>
   </div>
   <div class='ocr_carea' id='block_1_57' title="bbox 1916 2705 3461 2778">
    <p class='ocr_par' dir='ltr' id='par_1_57' title="bbox 1916 2705 3461 2778">
     <span class='ocr_line' id='line_1_57' title="bbox 1916 2705 3461 2778; baseline -0.007 -13"><span class='ocrx_word' id='word_1_401' title='bbox 1916 2713 2056 2765; x_wconf 87' lang='lat' dir='ltr'><strong>rium</strong></span> <span class='ocrx_word' id='word_1_402' title='bbox 2111 2710 2223 2773; x_wconf 90' lang='lat' dir='ltr'><strong>Dei,</strong></span> <span class='ocrx_word' id='word_1_403' title='bbox 2269 2723 2494 2778; x_wconf 81' lang='lat' dir='ltr'><strong>qna-que</strong></span> <span class='ocrx_word' id='word_1_404' title='bbox 2541 2709 2592 2760; x_wconf 94' lang='lat' dir='ltr'><strong>in</strong></span> <span class='ocrx_word' id='word_1_405' title='bbox 2642 2722 2707 2760; x_wconf 89' lang='lat' dir='ltr'><strong>e0</strong></span> <span class='ocrx_word' id='word_1_406' title='bbox 2759 2714 2909 2769; x_wconf 85' lang='lat' dir='ltr'><strong>sunt,</strong></span> <span class='ocrx_word' id='word_1_407' title='bbox 2959 2713 3012 2758; x_wconf 90' lang='lat' dir='ltr'><strong>et</strong></span> <span class='ocrx_word' id='word_1_408' title='bbox 3061 2705 3204 2757; x_wconf 90' lang='lat' dir='ltr'><strong>circa</strong></span> <span class='ocrx_word' id='word_1_409' title='bbox 3266 2705 3461 2770; x_wconf 85' lang='lat' dir='ltr'><strong>ipsum,</strong></span> 
     </span>
    </p>
   </div>
   <div class='ocr_carea' id='block_1_58' title="bbox 1917 2792 3463 2868">
    <p class='ocr_par' dir='ltr' id='par_1_58' title="bbox 1917 2792 3463 2868">
     <span class='ocr_line' id='line_1_58' title="bbox 1917 2792 3463 2868; baseline -0.008 -12"><span class='ocrx_word' id='word_1_410' title='bbox 1917 2800 2207 2868; x_wconf 89' lang='lat' dir='ltr'><strong>intelligam</strong></span> <span class='ocrx_word' id='word_1_411' title='bbox 2253 2818 2264 2852; x_wconf 90' lang='lat'>:</span> <span class='ocrx_word' id='word_1_412' title='bbox 2307 2797 2659 2851; x_wconf 84' lang='lat' dir='ltr'><strong>nihilominus</strong></span> <span class='ocrx_word' id='word_1_413' title='bbox 2703 2796 2873 2851; x_wconf 79' lang='lat' dir='ltr'><strong>sancti</strong></span> <span class='ocrx_word' id='word_1_414' title='bbox 2919 2792 3154 2864; x_wconf 73' lang='lat' dir='ltr'><strong>Spiritus</strong></span> <span class='ocrx_word' id='word_1_415' title='bbox 3198 2794 3366 2862; x_wconf 87' lang='lat' dir='ltr'><strong>gratia</strong></span> <span class='ocrx_word' id='word_1_416' title='bbox 3409 2792 3463 2844; x_wconf 91' lang='lat' dir='ltr'><strong>in</strong></span> 
     </span>
    </p>
   </div>
   <div class='ocr_carea' id='block_1_59' title="bbox 1917 2883 3468 2958">
    <p class='ocr_par' dir='ltr' id='par_1_59' title="bbox 1917 2883 3468 2958">
     <span class='ocr_line' id='line_1_59' title="bbox 1917 2883 3468 2958; baseline -0.003 -18"><span class='ocrx_word' id='word_1_417' title='bbox 1917 2889 2244 2958; x_wconf 69' lang='lat' dir='ltr'><strong>patriarcltis</strong></span> <span class='ocrx_word' id='word_1_418' title='bbox 2285 2887 2652 2956; x_wconf 73' lang='lat' dir='ltr'><strong>praefigurata,</strong></span> <span class='ocrx_word' id='word_1_419' title='bbox 2696 2884 2749 2937; x_wconf 88' lang='lat' dir='ltr'><strong>in</strong></span> <span class='ocrx_word' id='word_1_420' title='bbox 2799 2885 3074 2953; x_wconf 86' lang='lat' dir='ltr'><strong>prophetis</strong></span> <span class='ocrx_word' id='word_1_421' title='bbox 3106 2892 3229 2936; x_wconf 90' lang='lat' dir='ltr'><strong>ante</strong></span> <span class='ocrx_word' id='word_1_422' title='bbox 3258 2883 3468 2936; x_wconf 84' lang='lat' dir='ltr'><strong>denun-</strong></span> 
     </span>
    </p>
   </div>
   <div class='ocr_carea' id='block_1_60' title="bbox 1917 2975 3466 3046">
    <p class='ocr_par' dir='ltr' id='par_1_60' title="bbox 1917 2975 3466 3046">
     <span class='ocr_line' id='line_1_60' title="bbox 1917 2975 3466 3046; baseline -0.006 -13"><span class='ocrx_word' id='word_1_423' title='bbox 1917 2981 2072 3044; x_wconf 89' lang='lat' dir='ltr'><strong>tiata,</strong></span> <span class='ocrx_word' id='word_1_424' title='bbox 2102 2981 2156 3032; x_wconf 94' lang='lat' dir='ltr'><strong>in</strong></span> <span class='ocrx_word' id='word_1_425' title='bbox 2187 2977 2445 3046; x_wconf 84' lang='lat' dir='ltr'><strong>apostolis</strong></span> <span class='ocrx_word' id='word_1_426' title='bbox 2475 2976 2720 3038; x_wconf 87' lang='lat' dir='ltr'><strong>fundata,</strong></span> <span class='ocrx_word' id='word_1_427' title='bbox 2747 2976 2799 3028; x_wconf 92' lang='lat' dir='ltr'><strong>in</strong></span> <span class='ocrx_word' id='word_1_428' title='bbox 2835 2976 3164 3044; x_wconf 87' lang='lat' dir='ltr'><strong>martyribus</strong></span> <span class='ocrx_word' id='word_1_429' title='bbox 3191 2975 3466 3035; x_wconf 87' lang='lat' dir='ltr'><strong>absoluta,</strong></span> 
     </span>
    </p>
   </div>
   <div class='ocr_carea' id='block_1_61' title="bbox 1920 3065 3465 3134">
    <p class='ocr_par' dir='ltr' id='par_1_61' title="bbox 1920 3065 3465 3134">
     <span class='ocr_line' id='line_1_61' title="bbox 1920 3065 3465 3134; baseline -0.004 -12"><span class='ocrx_word' id='word_1_430' title='bbox 1920 3071 1973 3123; x_wconf 91' lang='lat' dir='ltr'><strong>in</strong></span> <span class='ocrx_word' id='word_1_431' title='bbox 2021 3071 2320 3123; x_wconf 83' lang='lat' dir='ltr'><strong>hierarchis</strong></span> <span class='ocrx_word' id='word_1_432' title='bbox 2355 3070 2614 3122; x_wconf 85' lang='lat' dir='ltr'><strong>decorata</strong></span> <span class='ocrx_word' id='word_1_433' title='bbox 2641 3109 2655 3134; x_wconf 90' lang='lat'><strong>,</strong></span> <span class='ocrx_word' id='word_1_434' title='bbox 2686 3066 3124 3121; x_wconf 88' lang='lat' dir='ltr'><strong>subministrabit</strong></span> <span class='ocrx_word' id='word_1_435' title='bbox 3165 3065 3465 3118; x_wconf 83' lang='lat' dir='ltr'><strong>orationem</strong></span> 
     </span>
    </p>
   </div>
   <div class='ocr_carea' id='block_1_62' title="bbox 267 3142 1818 3234">
    <p class='ocr_par' dir='ltr' id='par_1_62' title="bbox 267 3142 1811 3220">
     <span class='ocr_line' id='line_1_62' title="bbox 267 3142 1811 3220; baseline 0.012 -27"><span class='ocrx_word' id='word_1_436' title='bbox 267 3142 464 3210; x_wconf 83' lang='grc' dir='ltr'><strong>ἀρχαις</strong></span> <span class='ocrx_word' id='word_1_437' title='bbox 529 3147 1024 3216; x_wconf 86' lang='grc' dir='ltr'><strong>κατακοσμηθεῖσα,</strong></span> <span class='ocrx_word' id='word_1_438' title='bbox 1055 3150 1212 3204; x_wconf 83' lang='grc' dir='ltr'><strong>δώσει</strong></span> <span class='ocrx_word' id='word_1_439' title='bbox 1245 3151 1402 3220; x_wconf 71' lang='grc' dir='ltr'><strong>λόγον</strong></span> <span class='ocrx_word' id='word_1_440' title='bbox 1420 3157 1477 3208; x_wconf 79' lang='grc' dir='ltr'><strong>ὲν</strong></span> <span class='ocrx_word' id='word_1_441' title='bbox 1507 3158 1811 3220; x_wconf 78' lang='grc' dir='ltr'><strong>ἀνοίξειτοῦ</strong></span> 
     </span>
    </p>
   </div>
   <div class='ocr_carea' id='block_1_63' title="bbox 1919 3142 2593 3234">
    <p class='ocr_par' dir='ltr' id='par_1_63' title="bbox 1919 3159 2593 3228">
     <span class='ocr_line' id='line_1_63' title="bbox 1919 3159 2593 3228; baseline 0 -16"><span class='ocrx_word' id='word_1_442' title='bbox 1919 3160 1972 3212; x_wconf 92' lang='lat' dir='ltr'><strong>in</strong></span> <span class='ocrx_word' id='word_1_443' title='bbox 2012 3162 2284 3228; x_wconf 84' lang='lat' dir='ltr'><strong>apertione</strong></span> <span class='ocrx_word' id='word_1_444' title='bbox 2317 3161 2430 3213; x_wconf 88' lang='lat' dir='ltr'><strong>oris</strong></span> <span class='ocrx_word' id='word_1_445' title='bbox 2469 3159 2593 3212; x_wconf 86' lang='lat' dir='ltr'><strong>mei.</strong></span> 
     </span>
    </p>
   </div>
   <div class='ocr_carea' id='block_1_64' title="bbox 267 3234 690 3304">
    <p class='ocr_par' dir='ltr' id='par_1_64' title="bbox 267 3234 690 3304">
     <span class='ocr_line' id='line_1_64' title="bbox 267 3234 690 3304; baseline 0.019 -21"><span class='ocrx_word' id='word_1_446' title='bbox 267 3234 532 3300; x_wconf 84' lang='grc' dir='ltr'><strong>στόματός</strong></span> <span class='ocrx_word' id='word_1_447' title='bbox 567 3255 690 3304; x_wconf 87' lang='grc' dir='ltr'><strong>μου.</strong></span> 
     </span>
    </p>
   </div>
   <div class='ocr_carea' id='block_1_65' title="bbox 339 3319 1818 3402">
    <p class='ocr_par' dir='ltr' id='par_1_65' title="bbox 339 3319 1818 3402">
     <span class='ocr_line' id='line_1_65' title="bbox 339 3319 1818 3402; baseline 0.014 -31"><span class='ocrx_word' id='word_1_448' title='bbox 339 3319 417 3373; x_wconf 84' lang='lat' dir='ltr'><strong>Td</strong></span> <span class='ocrx_word' id='word_1_449' title='bbox 460 3322 568 3374; x_wconf 85' lang='grc' dir='ltr'><strong>τῶν</strong></span> <span class='ocrx_word' id='word_1_450' title='bbox 607 3325 953 3394; x_wconf 85' lang='grc' dir='ltr'><strong>πατριαρχῶν</strong></span> <span class='ocrx_word' id='word_1_451' title='bbox 995 3329 1101 3381; x_wconf 81' lang='grc' dir='ltr'><strong>τῶν</strong></span> <span class='ocrx_word' id='word_1_452' title='bbox 1142 3331 1309 3396; x_wconf 81' lang='grc' dir='ltr'><strong>ἁγίων</strong></span> <span class='ocrx_word' id='word_1_453' title='bbox 1349 3334 1681 3402; x_wconf 75' lang='grc' dir='ltr'><strong>ὲπιμάνικα,</strong></span> <span class='ocrx_word' id='word_1_454' title='bbox 1721 3339 1818 3401; x_wconf 82' lang='grc' dir='ltr'><strong>τὰς</strong></span> 
     </span>
    </p>
   </div>
   <div class='ocr_carea' id='block_1_66' title="bbox 266 3411 1816 3498">
    <p class='ocr_par' dir='ltr' id='par_1_66' title="bbox 266 3411 1816 3498">
     <span class='ocr_line' id='line_1_66' title="bbox 266 3411 1816 3498; baseline 0.016 -41"><span class='ocrx_word' id='word_1_455' title='bbox 266 3411 583 3498; x_wconf 81' lang='grc' dir='ltr'><strong>χειροπέδας</strong></span> <span class='ocrx_word' id='word_1_456' title='bbox 611 3412 705 3465; x_wconf 88' lang='grc' dir='ltr'><strong>τοῦ</strong></span> <span class='ocrx_word' id='word_1_457' title='bbox 739 3416 940 3483; x_wconf 83' lang='grc' dir='ltr'><strong>Κυρίου</strong></span> <span class='ocrx_word' id='word_1_458' title='bbox 969 3418 1280 3482; x_wconf 76' lang='grc' dir='ltr'><strong>δοξάζουσιν</strong></span> <span class='ocrx_word' id='word_1_459' title='bbox 1309 3461 1323 3483; x_wconf 88' lang='grc'><strong>,</strong></span> <span class='ocrx_word' id='word_1_460' title='bbox 1356 3421 1422 3485; x_wconf 77' lang='grc' dir='ltr'><strong>ἀς</strong></span> <span class='ocrx_word' id='word_1_461' title='bbox 1449 3425 1588 3476; x_wconf 77' lang='grc' dir='ltr'><strong>ἑκὼν</strong></span> <span class='ocrx_word' id='word_1_462' title='bbox 1614 3427 1816 3498; x_wconf 82' lang='grc' dir='ltr'><strong>ὑπέστη</strong></span> 
     </span>
    </p>
   </div>
   <div class='ocr_carea' id='block_1_67' title="bbox 264 3497 1821 3586">
    <p class='ocr_par' dir='ltr' id='par_1_67' title="bbox 264 3497 1821 3586">
     <span class='ocr_line' id='line_1_67' title="bbox 264 3497 1821 3586; baseline 0.014 -37"><span class='ocrx_word' id='word_1_463' title='bbox 264 3497 356 3550; x_wconf 84' lang='grc' dir='ltr'><strong>διὰ</strong></span> <span class='ocrx_word' id='word_1_464' title='bbox 411 3502 506 3568; x_wconf 82' lang='grc' dir='ltr'><strong>τὴν</strong></span> <span class='ocrx_word' id='word_1_465' title='bbox 563 3505 835 3572; x_wconf 83' lang='grc' dir='ltr'><strong>σωτηρίαν</strong></span> <span class='ocrx_word' id='word_1_466' title='bbox 896 3508 1086 3576; x_wconf 81' lang='grc' dir='ltr'><strong>ἡμῶν,</strong></span> <span class='ocrx_word' id='word_1_467' title='bbox 1140 3513 1281 3563; x_wconf 88' lang='grc' dir='ltr'><strong>κατά</strong></span> <span class='ocrx_word' id='word_1_468' title='bbox 1341 3517 1628 3582; x_wconf 85' lang='grc' dir='ltr'><strong>μαστιγίαν</strong></span> <span class='ocrx_word' id='word_1_469' title='bbox 1686 3497 1821 3586; x_wconf 80' lang='grc' dir='ltr'><strong>πρὸς</strong></span> 
     </span>
    </p>
   </div>
   <div class='ocr_carea' id='block_1_68' title="bbox 267 3589 1820 3672">
    <p class='ocr_par' dir='ltr' id='par_1_68' title="bbox 267 3589 1820 3672">
     <span class='ocr_line' id='line_1_68' title="bbox 267 3589 1820 3672; baseline 0.012 -31"><span class='ocrx_word' id='word_1_470' title='bbox 267 3589 525 3656; x_wconf 77' lang='grc' dir='ltr'>Καϊάφαν</span> <span class='ocrx_word' id='word_1_471' title='bbox 556 3593 835 3659; x_wconf 79' lang='grc' dir='ltr'><strong>ἀγόμενος.</strong></span> <span class='ocrx_word' id='word_1_472' title='bbox 869 3597 946 3649; x_wconf 99' lang='lat' dir='ltr'><strong>Td</strong></span> <span class='ocrx_word' id='word_1_473' title='bbox 979 3601 1354 3669; x_wconf 76' lang='grc' dir='ltr'><strong>επιτραχήλια,</strong></span> <span class='ocrx_word' id='word_1_474' title='bbox 1392 3604 1451 3655; x_wconf 81' lang='grc' dir='ltr'><strong>τὸ</strong></span> <span class='ocrx_word' id='word_1_475' title='bbox 1499 3607 1820 3672; x_wconf 83' lang='grc' dir='ltr'><strong>φραγέλλιον</strong></span> 
     </span>
    </p>
   </div>
   <div class='ocr_carea' id='block_1_69' title="bbox 265 3677 1822 3762">
    <p class='ocr_par' dir='ltr' id='par_1_69' title="bbox 265 3677 1822 3762">
     <span class='ocr_line' id='line_1_69' title="bbox 265 3677 1822 3762; baseline 0.012 -34"><span class='ocrx_word' id='word_1_476' title='bbox 265 3678 328 3729; x_wconf 77' lang='grc' dir='ltr'><strong>τὸ</strong></span> <span class='ocrx_word' id='word_1_477' title='bbox 360 3677 590 3732; x_wconf 81' lang='grc' dir='ltr'><strong>ὲλκύσαν</strong></span> <span class='ocrx_word' id='word_1_478' title='bbox 639 3682 735 3751; x_wconf 73' lang='grc' dir='ltr'><strong>τὴν</strong></span> <span class='ocrx_word' id='word_1_479' title='bbox 777 3682 919 3754; x_wconf 77' lang='grc' dir='ltr'><strong>ζωὴν</strong></span> <span class='ocrx_word' id='word_1_480' title='bbox 965 3685 1098 3754; x_wconf 81' lang='grc' dir='ltr'><strong>πρὸς</strong></span> <span class='ocrx_word' id='word_1_481' title='bbox 1142 3689 1230 3741; x_wconf 83' lang='grc' dir='ltr'><strong>τὸν</strong></span> <span class='ocrx_word' id='word_1_482' title='bbox 1275 3690 1520 3744; x_wconf 82' lang='grc' dir='ltr'><strong>θάνατον.</strong></span> <span class='ocrx_word' id='word_1_483' title='bbox 1570 3693 1650 3746; x_wconf 88' lang='lat' dir='ltr'><strong>Td</strong></span> <span class='ocrx_word' id='word_1_484' title='bbox 1684 3696 1822 3762; x_wconf 87' lang='grc' dir='ltr'><strong>μετά</strong></span> 
     </span>
    </p>
   </div>
   <div class='ocr_carea' id='block_1_70' title="bbox 267 3769 1820 3850">
    <p class='ocr_par' dir='ltr' id='par_1_70' title="bbox 267 3769 1820 3850">
     <span class='ocr_line' id='line_1_70' title="bbox 267 3769 1820 3850; baseline 0.014 -34"><span class='ocrx_word' id='word_1_485' title='bbox 267 3769 546 3835; x_wconf 81' lang='grc' dir='ltr'><strong>ποταμίων</strong></span> <span class='ocrx_word' id='word_1_486' title='bbox 570 3771 839 3839; x_wconf 90' lang='grc' dir='ltr'><strong>στιχάρια,</strong></span> <span class='ocrx_word' id='word_1_487' title='bbox 857 3776 978 3835; x_wconf 80' lang='grc' dir='ltr'><strong>τοὺς</strong></span> <span class='ocrx_word' id='word_1_488' title='bbox 1001 3779 1259 3844; x_wconf 81' lang='grc' dir='ltr'><strong>κρουνοὺς</strong></span> <span class='ocrx_word' id='word_1_489' title='bbox 1273 3780 1365 3832; x_wconf 88' lang='grc' dir='ltr'><strong>τοῦ</strong></span> <span class='ocrx_word' id='word_1_490' title='bbox 1385 3782 1608 3850; x_wconf 82' lang='grc' dir='ltr'><strong>αἵματος</strong></span> <span class='ocrx_word' id='word_1_491' title='bbox 1625 3786 1717 3837; x_wconf 80' lang='grc' dir='ltr'><strong>καὶ</strong></span> <span class='ocrx_word' id='word_1_492' title='bbox 1727 3785 1820 3837; x_wconf 89' lang='grc' dir='ltr'><strong>τοῦ</strong></span> 
     </span>
    </p>
   </div>
   <div class='ocr_carea' id='block_1_71' title="bbox 267 3855 1818 3939">
    <p class='ocr_par' dir='ltr' id='par_1_71' title="bbox 267 3855 1818 3939">
     <span class='ocr_line' id='line_1_71' title="bbox 267 3855 1818 3939; baseline 0.014 -32"><span class='ocrx_word' id='word_1_493' title='bbox 267 3855 460 3920; x_wconf 78' lang='grc' dir='ltr'><strong>ὓδατος</strong></span> <span class='ocrx_word' id='word_1_494' title='bbox 484 3898 499 3921; x_wconf 97' lang='grc'><strong>,</strong></span> <span class='ocrx_word' id='word_1_495' title='bbox 535 3866 659 3920; x_wconf 83' lang='grc' dir='ltr'><strong>τοὺς</strong></span> <span class='ocrx_word' id='word_1_496' title='bbox 708 3865 769 3913; x_wconf 70' lang='grc' dir='ltr'><strong>ἐκ</strong></span> <span class='ocrx_word' id='word_1_497' title='bbox 809 3864 906 3931; x_wconf 83' lang='grc' dir='ltr'><strong>τῆς</strong></span> <span class='ocrx_word' id='word_1_498' title='bbox 933 3865 1080 3928; x_wconf 87' lang='grc' dir='ltr'><strong>θείας</strong></span> <span class='ocrx_word' id='word_1_499' title='bbox 1115 3868 1350 3937; x_wconf 78' lang='grc' dir='ltr'><strong>πλευρᾶς</strong></span> <span class='ocrx_word' id='word_1_500' title='bbox 1391 3874 1818 3939; x_wconf 77' lang='grc' dir='ltr'><strong>ἀποστάξαντας.</strong></span> 
     </span>
    </p>
   </div>
   <div class='ocr_carea' id='block_1_72' title="bbox 268 3946 1818 4036">
    <p class='ocr_par' dir='ltr' id='par_1_72' title="bbox 268 3946 1818 4036">
     <span class='ocr_line' id='line_1_72' title="bbox 268 3946 1818 4036; baseline 0.014 -39"><span class='ocrx_word' id='word_1_501' title='bbox 268 3946 389 3998; x_wconf 84' lang='grc' dir='ltr'><strong>Τῶν</strong></span> <span class='ocrx_word' id='word_1_502' title='bbox 411 3952 672 4036; x_wconf 75' lang='grc' dir='ltr'><strong>γονατίων</strong></span> <span class='ocrx_word' id='word_1_503' title='bbox 701 3951 768 4003; x_wconf 86' lang='grc' dir='ltr'><strong>τὰ</strong></span> <span class='ocrx_word' id='word_1_504' title='bbox 793 3953 1153 4024; x_wconf 76' lang='grc' dir='ltr'><strong>ὲπιόλήματα,</strong></span> <span class='ocrx_word' id='word_1_505' title='bbox 1185 3957 1276 4010; x_wconf 89' lang='grc' dir='ltr'><strong>τοῦ</strong></span> <span class='ocrx_word' id='word_1_506' title='bbox 1309 3962 1512 4014; x_wconf 83' lang='grc' dir='ltr'><strong>λεντίου</strong></span> <span class='ocrx_word' id='word_1_507' title='bbox 1547 3966 1610 4014; x_wconf 78' lang='grc' dir='ltr'><strong>τὸ</strong></span> <span class='ocrx_word' id='word_1_508' title='bbox 1640 3967 1818 4036; x_wconf 78' lang='grc' dir='ltr'><strong>ἐγχει-</strong></span> 
     </span>
    </p>
   </div>
   <div class='ocr_carea' id='block_1_73' title="bbox 271 4034 1821 4116">
    <p class='ocr_par' dir='ltr' id='par_1_73' title="bbox 271 4034 1821 4116">
     <span class='ocr_line' id='line_1_73' title="bbox 271 4034 1821 4116; baseline 0.012 -29"><span class='ocrx_word' id='word_1_509' title='bbox 271 4037 456 4105; x_wconf 87' lang='grc' dir='ltr'><strong>ρίδιον,</strong></span> <span class='ocrx_word' id='word_1_510' title='bbox 489 4039 552 4090; x_wconf 81' lang='grc' dir='ltr'><strong>δι’</strong></span> <span class='ocrx_word' id='word_1_511' title='bbox 583 4034 644 4093; x_wconf 76' lang='grc' dir='ltr'><strong>οῦ</strong></span> <span class='ocrx_word' id='word_1_512' title='bbox 676 4044 802 4105; x_wconf 81' lang='grc' dir='ltr'><strong>τοὺς</strong></span> <span class='ocrx_word' id='word_1_513' title='bbox 847 4043 1013 4106; x_wconf 83' lang='grc' dir='ltr'><strong>πόδας</strong></span> <span class='ocrx_word' id='word_1_514' title='bbox 1054 4048 1082 4097; x_wconf 88' lang='lat'><strong>6</strong></span> <span class='ocrx_word' id='word_1_515' title='bbox 1131 4047 1332 4116; x_wconf 88' lang='grc' dir='ltr'><strong>Κύριος</strong></span> <span class='ocrx_word' id='word_1_516' title='bbox 1371 4050 1476 4101; x_wconf 85' lang='grc' dir='ltr'><strong>τῶν</strong></span> <span class='ocrx_word' id='word_1_517' title='bbox 1511 4034 1821 4107; x_wconf 82' lang='grc' dir='ltr'><strong>ἀποστόλων</strong></span> 
     </span>
    </p>
   </div>
   <div class='ocr_carea' id='block_1_74' title="bbox 267 4129 1822 4219">
    <p class='ocr_par' dir='ltr' id='par_1_74' title="bbox 267 4129 1822 4219">
     <span class='ocr_line' id='line_1_74' title="bbox 267 4129 1822 4219; baseline 0.012 -40"><span class='ocrx_word' id='word_1_518' title='bbox 267 4129 606 4198; x_wconf 75' lang='grc' dir='ltr'><strong>ἀπέσμηξεν.</strong></span> <span class='ocrx_word' id='word_1_519' title='bbox 639 4134 699 4184; x_wconf 80' lang='lat' dir='ltr'><strong>Ol</strong></span> <span class='ocrx_word' id='word_1_520' title='bbox 729 4134 939 4196; x_wconf 77' lang='grc' dir='ltr'><strong>σάκκοι,</strong></span> <span class='ocrx_word' id='word_1_521' title='bbox 976 4136 1072 4203; x_wconf 76' lang='grc' dir='ltr'><strong>τὴν</strong></span> <span class='ocrx_word' id='word_1_522' title='bbox 1102 4136 1319 4205; x_wconf 78' lang='grc' dir='ltr'><strong>χλαῖναν</strong></span> <span class='ocrx_word' id='word_1_523' title='bbox 1352 4141 1444 4206; x_wconf 81' lang='grc' dir='ltr'><strong>τῆς</strong></span> <span class='ocrx_word' id='word_1_524' title='bbox 1480 4139 1708 4219; x_wconf 80' lang='grc' dir='ltr'><strong>ῦϐρεως.</strong></span> <span class='ocrx_word' id='word_1_525' title='bbox 1742 4145 1822 4197; x_wconf 86' lang='lat' dir='ltr'><strong>Td</strong></span> 
     </span>
    </p>
   </div>
   <div class='ocr_carea' id='block_1_75' title="bbox 267 4219 1821 4301">
    <p class='ocr_par' dir='ltr' id='par_1_75' title="bbox 267 4219 1821 4301">
     <span class='ocr_line' id='line_1_75' title="bbox 267 4219 1821 4301; baseline 0.01 -32"><span class='ocrx_word' id='word_1_526' title='bbox 267 4219 573 4288; x_wconf 86' lang='grc' dir='ltr'><strong>ὠμοφόρια,</strong></span> <span class='ocrx_word' id='word_1_527' title='bbox 607 4222 703 4289; x_wconf 83' lang='grc' dir='ltr'><strong>τὴν</strong></span> <span class='ocrx_word' id='word_1_528' title='bbox 733 4225 795 4276; x_wconf 80' lang='grc' dir='ltr'><strong>ὲκ</strong></span> <span class='ocrx_word' id='word_1_529' title='bbox 817 4224 911 4276; x_wconf 81' lang='grc' dir='ltr'><strong>τοῦ</strong></span> <span class='ocrx_word' id='word_1_530' title='bbox 945 4225 1068 4291; x_wconf 71' lang='grc' dir='ltr'><strong>ᾅδου</strong></span> <span class='ocrx_word' id='word_1_531' title='bbox 1105 4228 1238 4294; x_wconf 85' lang='grc' dir='ltr'><strong>πρὸς</strong></span> <span class='ocrx_word' id='word_1_532' title='bbox 1269 4229 1497 4295; x_wconf 71' lang='grc' dir='ltr'><strong>οὐρανὸν</strong></span> <span class='ocrx_word' id='word_1_533' title='bbox 1544 4231 1637 4282; x_wconf 91' lang='grc' dir='ltr'><strong>τοῦ</strong></span> <span class='ocrx_word' id='word_1_534' title='bbox 1670 4251 1821 4301; x_wconf 86' lang='grc' dir='ltr'><strong>πρω-</strong></span> 
     </span>
    </p>
   </div>
   <div class='ocr_carea' id='block_1_76' title="bbox 265 4311 1817 4388">
    <p class='ocr_par' dir='ltr' id='par_1_76' title="bbox 265 4311 1817 4388">
     <span class='ocr_line' id='line_1_76' title="bbox 265 4311 1817 4388; baseline 0.009 -27"><span class='ocrx_word' id='word_1_535' title='bbox 265 4311 566 4364; x_wconf 86' lang='grc' dir='ltr'><strong>τοπλάστου</strong></span> <span class='ocrx_word' id='word_1_536' title='bbox 589 4313 902 4378; x_wconf 79' lang='grc' dir='ltr'><strong>μετάϐασιν.</strong></span> <span class='ocrx_word' id='word_1_537' title='bbox 922 4316 1000 4368; x_wconf 87' lang='lat' dir='ltr'><strong>Td</strong></span> <span class='ocrx_word' id='word_1_538' title='bbox 1017 4316 1104 4367; x_wconf 78' lang='grc' dir='ltr'><strong>διὰ</strong></span> <span class='ocrx_word' id='word_1_539' title='bbox 1120 4317 1528 4387; x_wconf 88' lang='grc' dir='ltr'><strong>πολυσταυρίων</strong></span> <span class='ocrx_word' id='word_1_540' title='bbox 1552 4323 1817 4388; x_wconf 77' lang='grc' dir='ltr'><strong>φαινόλια,</strong></span> 
     </span>
    </p>
   </div>
   <div class='ocr_carea' id='block_1_77' title="bbox 265 4398 1824 4475">
    <p class='ocr_par' dir='ltr' id='par_1_77' title="bbox 265 4398 1824 4475">
     <span class='ocr_line' id='line_1_77' title="bbox 265 4398 1824 4475; baseline 0.008 -24"><span class='ocrx_word' id='word_1_541' title='bbox 265 4398 362 4452; x_wconf 88' lang='grc' dir='ltr'><strong>τοῦ</strong></span> <span class='ocrx_word' id='word_1_542' title='bbox 387 4400 570 4467; x_wconf 87' lang='grc' dir='ltr'><strong>τιμίου</strong></span> <span class='ocrx_word' id='word_1_543' title='bbox 598 4401 828 4468; x_wconf 89' lang='grc' dir='ltr'><strong>σταυροῦ</strong></span> <span class='ocrx_word' id='word_1_544' title='bbox 861 4405 959 4470; x_wconf 78' lang='grc' dir='ltr'><strong>τὴν</strong></span> <span class='ocrx_word' id='word_1_545' title='bbox 991 4406 1329 4475; x_wconf 85' lang='grc' dir='ltr'><strong>παγκόσμιον</strong></span> <span class='ocrx_word' id='word_1_546' title='bbox 1360 4408 1515 4473; x_wconf 77' lang='grc' dir='ltr'><strong>δόξαν</strong></span> <span class='ocrx_word' id='word_1_547' title='bbox 1542 4412 1635 4463; x_wconf 75' lang='grc' dir='ltr'><strong>καὶ</strong></span> <span class='ocrx_word' id='word_1_548' title='bbox 1666 4413 1824 4464; x_wconf 86' lang='grc' dir='ltr'><strong>δύνα-</strong></span> 
     </span>
    </p>
   </div>
   <div class='ocr_carea' id='block_1_78' title="bbox 1989 3337 3468 3411">
    <p class='ocr_par' dir='ltr' id='par_1_78' title="bbox 1989 3337 3468 3411">
     <span class='ocr_line' id='line_1_78' title="bbox 1989 3337 3468 3411; baseline -0.003 -15"><span class='ocrx_word' id='word_1_549' title='bbox 1989 3343 2312 3396; x_wconf 90' lang='lat' dir='ltr'><strong>Sanctorum</strong></span> <span class='ocrx_word' id='word_1_550' title='bbox 2370 3341 2799 3411; x_wconf 87' lang='lat' dir='ltr'><strong>patriarcharum</strong></span> <span class='ocrx_word' id='word_1_551' title='bbox 2859 3340 3197 3410; x_wconf 88' lang='lat' dir='ltr'><strong>epimanica,</strong></span> <span class='ocrx_word' id='word_1_552' title='bbox 3253 3337 3468 3391; x_wconf 85' lang='lat' dir='ltr'><strong>Domini</strong></span> 
     </span>
    </p>
   </div>
   <div class='ocr_carea' id='block_1_79' title="bbox 1923 3427 3467 3500">
    <p class='ocr_par' dir='ltr' id='par_1_79' title="bbox 1923 3427 3467 3500">
     <span class='ocr_line' id='line_1_79' title="bbox 1923 3427 3467 3500; baseline -0.005 -14"><span class='ocrx_word' id='word_1_553' title='bbox 1923 3435 2163 3487; x_wconf 86' lang='lat' dir='ltr'><strong>manicas</strong></span> <span class='ocrx_word' id='word_1_554' title='bbox 2201 3433 2497 3497; x_wconf 87' lang='lat' dir='ltr'><strong>celebrant,</strong></span> <span class='ocrx_word' id='word_1_555' title='bbox 2526 3447 2663 3500; x_wconf 89' lang='lat' dir='ltr'><strong>quas</strong></span> <span class='ocrx_word' id='word_1_556' title='bbox 2688 3431 2876 3485; x_wconf 83' lang='lat' dir='ltr'><strong>volens</strong></span> <span class='ocrx_word' id='word_1_557' title='bbox 2907 3429 3168 3484; x_wconf 87' lang='lat' dir='ltr'><strong>sustinuit</strong></span> <span class='ocrx_word' id='word_1_558' title='bbox 3217 3430 3285 3482; x_wconf 83' lang='lat' dir='ltr'><strong>ob</strong></span> <span class='ocrx_word' id='word_1_559' title='bbox 3318 3427 3467 3480; x_wconf 85' lang='lat' dir='ltr'><strong>salu-</strong></span> 
     </span>
    </p>
   </div>
   <div class='ocr_carea' id='block_1_80' title="bbox 1923 3518 3466 3586">
    <p class='ocr_par' dir='ltr' id='par_1_80' title="bbox 1923 3518 3466 3586">
     <span class='ocr_line' id='line_1_80' title="bbox 1923 3518 3466 3586; baseline -0.003 -12"><span class='ocrx_word' id='word_1_560' title='bbox 1923 3533 2028 3577; x_wconf 90' lang='lat' dir='ltr'><strong>tem</strong></span> <span class='ocrx_word' id='word_1_561' title='bbox 2061 3532 2322 3586; x_wconf 87' lang='lat' dir='ltr'><strong>nostram,</strong></span> <span class='ocrx_word' id='word_1_562' title='bbox 2357 3538 2479 3576; x_wconf 89' lang='lat' dir='ltr'><strong>cum</strong></span> <span class='ocrx_word' id='word_1_563' title='bbox 2514 3523 2686 3578; x_wconf 89' lang='lat' dir='ltr'><strong>instar</strong></span> <span class='ocrx_word' id='word_1_564' title='bbox 2715 3520 3034 3576; x_wconf 79' lang='lat' dir='ltr'><strong>verberonis</strong></span> <span class='ocrx_word' id='word_1_565' title='bbox 3076 3519 3140 3571; x_wconf 90' lang='lat' dir='ltr'><strong>ad</strong></span> <span class='ocrx_word' id='word_1_566' title='bbox 3174 3518 3466 3586; x_wconf 85' lang='lat' dir='ltr'><strong>Caiapham</strong></span> 
     </span>
    </p>
   </div>
   <div class='ocr_carea' id='block_1_81' title="bbox 1923 3605 3464 3675">
    <p class='ocr_par' dir='ltr' id='par_1_81' title="bbox 1923 3605 3464 3675">
     <span class='ocr_line' id='line_1_81' title="bbox 1923 3605 3464 3675; baseline -0.005 -11"><span class='ocrx_word' id='word_1_567' title='bbox 1923 3613 2234 3665; x_wconf 89' lang='lat' dir='ltr'><strong>duceretur.</strong></span> <span class='ocrx_word' id='word_1_568' title='bbox 2293 3609 2550 3672; x_wconf 87' lang='lat' dir='ltr'><strong>Collaria,</strong></span> <span class='ocrx_word' id='word_1_569' title='bbox 2590 3611 2762 3662; x_wconf 93' lang='lat' dir='ltr'><strong>lorum</strong></span> <span class='ocrx_word' id='word_1_570' title='bbox 2815 3609 2969 3672; x_wconf 90' lang='lat' dir='ltr'><strong>illud,</strong></span> <span class='ocrx_word' id='word_1_571' title='bbox 3003 3606 3148 3675; x_wconf 89' lang='lat' dir='ltr'><strong>quod</strong></span> <span class='ocrx_word' id='word_1_572' title='bbox 3203 3606 3367 3660; x_wconf 83' lang='lat' dir='ltr'><strong>vitam</strong></span> <span class='ocrx_word' id='word_1_573' title='bbox 3398 3605 3464 3657; x_wconf 88' lang='lat' dir='ltr'><strong>ad</strong></span> 
     </span>
    </p>
   </div>
   <div class='ocr_carea' id='block_1_82' title="bbox 1924 3695 3469 3763">
    <p class='ocr_par' dir='ltr' id='par_1_82' title="bbox 1924 3695 3469 3763">
     <span class='ocr_line' id='line_1_82' title="bbox 1924 3695 3469 3763; baseline -0.005 -10"><span class='ocrx_word' id='word_1_574' title='bbox 1924 3709 2152 3753; x_wconf 90' lang='lat' dir='ltr'><strong>mortem</strong></span> <span class='ocrx_word' id='word_1_575' title='bbox 2181 3699 2360 3752; x_wconf 79' lang='lat' dir='ltr'><strong>traxit.</strong></span> <span class='ocrx_word' id='word_1_576' title='bbox 2393 3699 2615 3753; x_wconf 73' lang='lat' dir='ltr'><strong>Tunicae</strong></span> <span class='ocrx_word' id='word_1_577' title='bbox 2645 3697 2837 3752; x_wconf 83' lang='lat' dir='ltr'><strong>ﬂuvios</strong></span> <span class='ocrx_word' id='word_1_578' title='bbox 2872 3697 3156 3757; x_wconf 87' lang='lat' dir='ltr'><strong>habentes,</strong></span> <span class='ocrx_word' id='word_1_579' title='bbox 3185 3695 3469 3763; x_wconf 84' lang='lat' dir='ltr'><strong>sanguinis</strong></span> 
     </span>
    </p>
   </div>
   <div class='ocr_carea' id='block_1_83' title="bbox 1924 3786 3466 3856">
    <p class='ocr_par' dir='ltr' id='par_1_83' title="bbox 1924 3786 3466 3856">
     <span class='ocr_line' id='line_1_83' title="bbox 1924 3786 3466 3856; baseline -0.001 -16"><span class='ocrx_word' id='word_1_580' title='bbox 1924 3797 1978 3840; x_wconf 86' lang='lat' dir='ltr'><strong>et</strong></span> <span class='ocrx_word' id='word_1_581' title='bbox 2007 3802 2161 3853; x_wconf 69' lang='lat' dir='ltr'><strong>aqua!</strong></span> <span class='ocrx_word' id='word_1_582' title='bbox 2211 3788 2374 3850; x_wconf 81' lang='lat' dir='ltr'><strong>rivos,</strong></span> <span class='ocrx_word' id='word_1_583' title='bbox 2402 3791 2493 3856; x_wconf 91' lang='lat' dir='ltr'><strong>qui</strong></span> <span class='ocrx_word' id='word_1_584' title='bbox 2531 3804 2592 3841; x_wconf 89' lang='lat' dir='ltr'><strong>ex</strong></span> <span class='ocrx_word' id='word_1_585' title='bbox 2659 3787 2842 3842; x_wconf 79' lang='lat' dir='ltr'><strong>divino</strong></span> <span class='ocrx_word' id='word_1_586' title='bbox 2882 3789 3052 3840; x_wconf 85' lang='lat' dir='ltr'><strong>latere</strong></span> <span class='ocrx_word' id='word_1_587' title='bbox 3098 3786 3466 3841; x_wconf 77' lang='lat' dir='ltr'><strong>destillurunt.</strong></span> 
     </span>
    </p>
   </div>
   <div class='ocr_carea' id='block_1_84' title="bbox 1924 3870 3470 3942">
    <p class='ocr_par' dir='ltr' id='par_1_84' title="bbox 1924 3870 3470 3942">
     <span class='ocr_line' id='line_1_84' title="bbox 1924 3870 3470 3942; baseline -0.001 -15"><span class='ocrx_word' id='word_1_588' title='bbox 1924 3870 2169 3928; x_wconf 85' lang='lat' dir='ltr'><strong>Genuum</strong></span> <span class='ocrx_word' id='word_1_589' title='bbox 2219 3877 2471 3939; x_wconf 82' lang='lat' dir='ltr'><strong>amictus,</strong></span> <span class='ocrx_word' id='word_1_590' title='bbox 2529 3876 2647 3942; x_wconf 88' lang='lat' dir='ltr'><strong>ejus</strong></span> <span class='ocrx_word' id='word_1_591' title='bbox 2700 3875 2848 3929; x_wconf 89' lang='lat' dir='ltr'><strong>lintei</strong></span> <span class='ocrx_word' id='word_1_592' title='bbox 2904 3875 3314 3934; x_wconf 88' lang='lat' dir='ltr'><strong>documentum,</strong></span> <span class='ocrx_word' id='word_1_593' title='bbox 3363 3889 3470 3938; x_wconf 71' lang='lat' dir='ltr'><strong>que</strong></span> 
     </span>
    </p>
   </div>
   <div class='ocr_carea' id='block_1_85' title="bbox 1923 3961 3469 4032">
    <p class='ocr_par' dir='ltr' id='par_1_85' title="bbox 1923 3961 3469 4032">
     <span class='ocr_line' id='line_1_85' title="bbox 1923 3961 3469 4032; baseline -0.003 -16"><span class='ocrx_word' id='word_1_594' title='bbox 1923 3964 2084 4032; x_wconf 87' lang='lat' dir='ltr'><strong>pedes</strong></span> <span class='ocrx_word' id='word_1_595' title='bbox 2171 3965 2540 4032; x_wconf 80' lang='lat' dir='ltr'><strong>apostolorum</strong></span> <span class='ocrx_word' id='word_1_596' title='bbox 2617 3965 2879 4018; x_wconf 85' lang='lat' dir='ltr'><strong>Dominus</strong></span> <span class='ocrx_word' id='word_1_597' title='bbox 2953 3964 3198 4017; x_wconf 86' lang='lat' dir='ltr'><strong>extersit.</strong></span> <span class='ocrx_word' id='word_1_598' title='bbox 3289 3961 3469 4025; x_wconf 84' lang='lat' dir='ltr'><strong>Sacci,</strong></span> 
     </span>
    </p>
   </div>
   <div class='ocr_carea' id='block_1_86' title="bbox 1924 4051 3474 4122">
    <p class='ocr_par' dir='ltr' id='par_1_86' title="bbox 1924 4051 3474 4122">
     <span class='ocr_line' id='line_1_86' title="bbox 1924 4051 3474 4122; baseline 0 -18"><span class='ocrx_word' id='word_1_599' title='bbox 1924 4053 2146 4122; x_wconf 89' lang='lat' dir='ltr'><strong>pallium</strong></span> <span class='ocrx_word' id='word_1_600' title='bbox 2175 4053 2307 4107; x_wconf 91' lang='lat' dir='ltr'><strong>illud</strong></span> <span class='ocrx_word' id='word_1_601' title='bbox 2339 4054 2679 4109; x_wconf 68' lang='lat' dir='ltr'><strong>contumeliae</strong></span> <span class='ocrx_word' id='word_1_602' title='bbox 2712 4061 2874 4120; x_wconf 90' lang='lat' dir='ltr'><strong>atque</strong></span> <span class='ocrx_word' id='word_1_603' title='bbox 2920 4053 3217 4120; x_wconf 87' lang='lat' dir='ltr'><strong>opprobrii.</strong></span> <span class='ocrx_word' id='word_1_604' title='bbox 3274 4051 3474 4104; x_wconf 88' lang='lat' dir='ltr'><strong>Hume-</strong></span> 
     </span>
    </p>
   </div>
   <div class='ocr_carea' id='block_1_87' title="bbox 1925 4139 3467 4210">
    <p class='ocr_par' dir='ltr' id='par_1_87' title="bbox 1925 4139 3467 4210">
     <span class='ocr_line' id='line_1_87' title="bbox 1925 4139 3467 4210; baseline -0.002 -15"><span class='ocrx_word' id='word_1_605' title='bbox 1925 4143 2083 4201; x_wconf 87' lang='lat' dir='ltr'><strong>ralia,</strong></span> <span class='ocrx_word' id='word_1_606' title='bbox 2116 4142 2371 4210; x_wconf 84' lang='lat' dir='ltr'><strong>primitivi</strong></span> <span class='ocrx_word' id='word_1_607' title='bbox 2437 4143 2725 4196; x_wconf 86' lang='lat' dir='ltr'><strong>transitum</strong></span> <span class='ocrx_word' id='word_1_608' title='bbox 2777 4143 2844 4196; x_wconf 85' lang='lat' dir='ltr'><strong>ab</strong></span> <span class='ocrx_word' id='word_1_609' title='bbox 2911 4141 3101 4194; x_wconf 88' lang='lat' dir='ltr'><strong>inferis</strong></span> <span class='ocrx_word' id='word_1_610' title='bbox 3145 4139 3210 4193; x_wconf 88' lang='lat' dir='ltr'><strong>ad</strong></span> <span class='ocrx_word' id='word_1_611' title='bbox 3252 4141 3467 4194; x_wconf 61' lang='lat' dir='ltr'><strong>emtum.</strong></span> 
     </span>
    </p>
   </div>
   <div class='ocr_carea' id='block_1_88' title="bbox 1923 4226 3471 4296">
    <p class='ocr_par' dir='ltr' id='par_1_88' title="bbox 1923 4226 3471 4296">
     <span class='ocr_line' id='line_1_88' title="bbox 1923 4226 3471 4296; baseline -0.001 -17"><span class='ocrx_word' id='word_1_612' title='bbox 1923 4226 2108 4281; x_wconf 80' lang='lat' dir='ltr'><strong>Multis</strong></span> <span class='ocrx_word' id='word_1_613' title='bbox 2186 4228 2454 4296; x_wconf 65' lang='lat' dir='ltr'><strong>insignitae</strong></span> <span class='ocrx_word' id='word_1_614' title='bbox 2533 4229 2789 4283; x_wconf 86' lang='lat' dir='ltr'><strong>crucibus</strong></span> <span class='ocrx_word' id='word_1_615' title='bbox 2850 4229 3081 4296; x_wconf 69' lang='lat' dir='ltr'><strong>peuulze,</strong></span> <span class='ocrx_word' id='word_1_616' title='bbox 3152 4226 3471 4281; x_wconf 72' lang='lat' dir='ltr'><strong>veneranda:</strong></span> 
     </span>
    </p>
   </div>
   <div class='ocr_carea' id='block_1_89' title="bbox 1925 4317 3469 4386">
    <p class='ocr_par' dir='ltr' id='par_1_89' title="bbox 1925 4317 3469 4386">
     <span class='ocr_line' id='line_1_89' title="bbox 1925 4317 3469 4386; baseline 0.002 -17"><span class='ocrx_word' id='word_1_617' title='bbox 1925 4317 2105 4370; x_wconf 89' lang='lat' dir='ltr'><strong>erucis</strong></span> <span class='ocrx_word' id='word_1_618' title='bbox 2143 4318 2500 4372; x_wconf 74' lang='lat' dir='ltr'><strong>universalem</strong></span> <span class='ocrx_word' id='word_1_619' title='bbox 2525 4319 2750 4386; x_wconf 85' lang='lat' dir='ltr'><strong>gloriam</strong></span> <span class='ocrx_word' id='word_1_620' title='bbox 2786 4327 2943 4384; x_wconf 90' lang='lat' dir='ltr'><strong>atque</strong></span> <span class='ocrx_word' id='word_1_621' title='bbox 2969 4326 3305 4384; x_wconf 68' lang='lat' dir='ltr'><strong>potestatem.</strong></span> <span class='ocrx_word' id='word_1_622' title='bbox 3341 4317 3469 4382; x_wconf 64' lang='lat' dir='ltr'><strong>Quae</strong></span> 
     </span>
    </p>
   </div>
   <div class='ocr_carea' id='block_1_90' title="bbox 1925 4406 3467 4476">
    <p class='ocr_par' dir='ltr' id='par_1_90' title="bbox 1925 4406 3467 4476">
     <span class='ocr_line' id='line_1_90' title="bbox 1925 4406 3467 4476; baseline 0 -18"><span class='ocrx_word' id='word_1_623' title='bbox 1925 4407 2136 4458; x_wconf 90' lang='lat' dir='ltr'><strong>suntin</strong></span> <span class='ocrx_word' id='word_1_624' title='bbox 2195 4406 2279 4460; x_wconf 88' lang='lat' dir='ltr'><strong>his</strong></span> <span class='ocrx_word' id='word_1_625' title='bbox 2323 4407 2614 4476; x_wconf 86' lang='lat' dir='ltr'><strong>triangula,</strong></span> <span class='ocrx_word' id='word_1_626' title='bbox 2667 4406 2896 4474; x_wconf 85' lang='lat' dir='ltr'><strong>lapidem</strong></span> <span class='ocrx_word' id='word_1_627' title='bbox 2949 4409 3098 4458; x_wconf 91' lang='lat' dir='ltr'><strong>illum</strong></span> <span class='ocrx_word' id='word_1_628' title='bbox 3158 4409 3467 4474; x_wconf 79' lang='lat' dir='ltr'><strong>angularem</strong></span> 
     </span>
    </p>
   </div>
   <div class='ocr_carea' id='block_1_91' title="bbox 270 4491 1818 4567">
    <p class='ocr_par' dir='ltr' id='par_1_91' title="bbox 270 4491 1817 4567">
     <span class='ocr_line' id='line_1_91' title="bbox 270 4491 1817 4567; baseline 0.006 -25"><span class='ocrx_word' id='word_1_629' title='bbox 270 4510 384 4559; x_wconf 87' lang='grc' dir='ltr'><strong>μιν.</strong></span> <span class='ocrx_word' id='word_1_630' title='bbox 410 4491 492 4544; x_wconf 84' lang='grc' dir='ltr'><strong>Τὰ</strong></span> <span class='ocrx_word' id='word_1_631' title='bbox 522 4493 577 4544; x_wconf 74' lang='grc' dir='ltr'><strong>ὲν</strong></span> <span class='ocrx_word' id='word_1_632' title='bbox 598 4493 805 4556; x_wconf 84' lang='grc' dir='ltr'><strong>τούτοις</strong></span> <span class='ocrx_word' id='word_1_633' title='bbox 819 4494 1100 4564; x_wconf 77' lang='grc' dir='ltr'><strong>τριγὼνια,</strong></span> <span class='ocrx_word' id='word_1_634' title='bbox 1125 4496 1214 4548; x_wconf 81' lang='grc' dir='ltr'><strong>τὸν</strong></span> <span class='ocrx_word' id='word_1_635' title='bbox 1239 4501 1627 4567; x_wconf 83' lang='grc' dir='ltr'><strong>ἀκρογωνιαῖον</strong></span> <span class='ocrx_word' id='word_1_636' title='bbox 1651 4501 1817 4566; x_wconf 84' lang='grc' dir='ltr'><strong>λίθον,</strong></span> 
     </span>
    </p>
   </div>
   <div class='ocr_carea' id='block_1_92' title="bbox 1919 4491 3468 4567">
    <p class='ocr_par' dir='ltr' id='par_1_92' title="bbox 1925 4496 3468 4565">
     <span class='ocr_line' id='line_1_92' title="bbox 1925 4496 3468 4565; baseline 0.002 -17"><span class='ocrx_word' id='word_1_637' title='bbox 1925 4496 2198 4549; x_wconf 81' lang='lat' dir='ltr'><strong>Christum</strong></span> <span class='ocrx_word' id='word_1_638' title='bbox 2235 4496 2398 4552; x_wconf 90' lang='lat' dir='ltr'><strong>Deum</strong></span> <span class='ocrx_word' id='word_1_639' title='bbox 2430 4507 2699 4560; x_wconf 88' lang='lat' dir='ltr'><strong>nostrum,</strong></span> <span class='ocrx_word' id='word_1_640' title='bbox 2723 4497 2813 4564; x_wconf 92' lang='lat' dir='ltr'><strong>qui</strong></span> <span class='ocrx_word' id='word_1_641' title='bbox 2840 4497 3115 4564; x_wconf 72' lang='lat' dir='ltr'><strong>disiuncta</strong></span> <span class='ocrx_word' id='word_1_642' title='bbox 3162 4498 3468 4565; x_wconf 78' lang='lat' dir='ltr'><strong>conjunxit.</strong></span> 
     </span>
    </p>
   </div>
   <div class='ocr_carea' id='block_1_93' title="bbox 265 4583 1819 4658">
    <p class='ocr_par' dir='ltr' id='par_1_93' title="bbox 265 4583 1819 4658">
     <span class='ocr_line' id='line_1_93' title="bbox 265 4583 1819 4658; baseline 0.006 -23"><span class='ocrx_word' id='word_1_643' title='bbox 265 4583 500 4651; x_wconf 82' lang='grc' dir='ltr'><strong>Χριστὸν</strong></span> <span class='ocrx_word' id='word_1_644' title='bbox 525 4583 612 4634; x_wconf 82' lang='grc' dir='ltr'><strong>τὸν</strong></span> <span class='ocrx_word' id='word_1_645' title='bbox 636 4583 766 4635; x_wconf 75' lang='grc' dir='ltr'><strong>Θεὸν</strong></span> <span class='ocrx_word' id='word_1_646' title='bbox 787 4584 960 4652; x_wconf 79' lang='grc' dir='ltr'><strong>ἡμῶν,</strong></span> <span class='ocrx_word' id='word_1_647' title='bbox 993 4586 1082 4637; x_wconf 83' lang='grc' dir='ltr'><strong>τὸν</strong></span> <span class='ocrx_word' id='word_1_648' title='bbox 1111 4587 1179 4638; x_wconf 76' lang='grc' dir='ltr'><strong>τὰ</strong></span> <span class='ocrx_word' id='word_1_649' title='bbox 1205 4588 1462 4640; x_wconf 79' lang='grc' dir='ltr'><strong>διεστῶτα</strong></span> <span class='ocrx_word' id='word_1_650' title='bbox 1491 4591 1819 4658; x_wconf 75' lang='grc' dir='ltr'><strong>συνάψαντα.</strong></span> 
     </span>
    </p>
   </div>
   <div class='ocr_carea' id='block_1_94' title="bbox 267 4672 1820 4748">
    <p class='ocr_par' dir='ltr' id='par_1_94' title="bbox 267 4672 1820 4748">
     <span class='ocr_line' id='line_1_94' title="bbox 267 4672 1820 4748; baseline 0.005 -23"><span class='ocrx_word' id='word_1_651' title='bbox 267 4672 378 4725; x_wconf 76' lang='grc' dir='ltr'><strong>Καὶ</strong></span> <span class='ocrx_word' id='word_1_652' title='bbox 411 4673 466 4725; x_wconf 73' lang='grc' dir='ltr'><strong>αἱ</strong></span> <span class='ocrx_word' id='word_1_653' title='bbox 501 4673 680 4742; x_wconf 76' lang='grc' dir='ltr'><strong>ῥάεδοι</strong></span> <span class='ocrx_word' id='word_1_654' title='bbox 722 4674 811 4724; x_wconf 76' lang='grc' dir='ltr'><strong>τὸν</strong></span> <span class='ocrx_word' id='word_1_655' title='bbox 843 4674 1120 4742; x_wconf 87' lang='grc' dir='ltr'><strong>κάλαμον,</strong></span> <span class='ocrx_word' id='word_1_656' title='bbox 1164 4678 1254 4728; x_wconf 85' lang='grc' dir='ltr'><strong>τὸν</strong></span> <span class='ocrx_word' id='word_1_657' title='bbox 1282 4678 1380 4744; x_wconf 78' lang='grc' dir='ltr'><strong>τὴν</strong></span> <span class='ocrx_word' id='word_1_658' title='bbox 1423 4681 1690 4748; x_wconf 83' lang='grc' dir='ltr'><strong>σωτηρίαν</strong></span> <span class='ocrx_word' id='word_1_659' title='bbox 1727 4682 1820 4733; x_wconf 90' lang='grc' dir='ltr'><strong>τοῦ</strong></span> 
     </span>
    </p>
   </div>
   <div class='ocr_carea' id='block_1_95' title="bbox 267 4761 1824 4833">
    <p class='ocr_par' dir='ltr' id='par_1_95' title="bbox 267 4761 1824 4833">
     <span class='ocr_line' id='line_1_95' title="bbox 267 4761 1824 4833; baseline 0.007 -21"><span class='ocrx_word' id='word_1_660' title='bbox 267 4763 456 4829; x_wconf 70' lang='grc' dir='ltr'><strong>γένους</strong></span> <span class='ocrx_word' id='word_1_661' title='bbox 510 4761 618 4814; x_wconf 87' lang='grc' dir='ltr'><strong>τῶν</strong></span> <span class='ocrx_word' id='word_1_662' title='bbox 669 4761 968 4832; x_wconf 82' lang='grc' dir='ltr'><strong>ἀνθρώπων</strong></span> <span class='ocrx_word' id='word_1_663' title='bbox 1023 4765 1563 4833; x_wconf 76' lang='grc' dir='ltr'><strong>καλλιγραφήσαντα.</strong></span> <span class='ocrx_word' id='word_1_664' title='bbox 1622 4771 1732 4822; x_wconf 76' lang='grc' dir='ltr'><strong>Καὶ</strong></span> <span class='ocrx_word' id='word_1_665' title='bbox 1795 4774 1824 4823; x_wconf 90' lang='lat'><strong>6</strong></span> 
     </span>
    </p>
   </div>
   <div class='ocr_carea' id='block_1_96' title="bbox 272 4853 1820 4923">
    <p class='ocr_par' dir='ltr' id='par_1_96' title="bbox 272 4853 1820 4923">
     <span class='ocr_line' id='line_1_96' title="bbox 272 4853 1820 4923; baseline 0.007 -20"><span class='ocrx_word' id='word_1_666' title='bbox 272 4853 482 4921; x_wconf 83' lang='grc' dir='ltr'><strong>μάρτυς</strong></span> <span class='ocrx_word' id='word_1_667' title='bbox 521 4855 578 4905; x_wconf 72' lang='grc' dir='ltr'><strong>ιν</strong></span> <span class='ocrx_word' id='word_1_668' title='bbox 604 4853 814 4923; x_wconf 80' lang='grc' dir='ltr'><strong>οὐρανῷ</strong></span> <span class='ocrx_word' id='word_1_669' title='bbox 848 4855 1051 4916; x_wconf 85' lang='grc' dir='ltr'><strong>πιστός.</strong></span> <span class='ocrx_word' id='word_1_670' title='bbox 1110 4856 1241 4908; x_wconf 81' lang='grc' dir='ltr'><strong>Ἀπὸ</strong></span> <span class='ocrx_word' id='word_1_671' title='bbox 1269 4856 1398 4923; x_wconf 86' lang='grc' dir='ltr'><strong>γοῦν</strong></span> <span class='ocrx_word' id='word_1_672' title='bbox 1426 4859 1533 4910; x_wconf 86' lang='grc' dir='ltr'><strong>τῶν</strong></span> <span class='ocrx_word' id='word_1_673' title='bbox 1563 4859 1703 4912; x_wconf 81' lang='grc' dir='ltr'><strong>οὕτω</strong></span> <span class='ocrx_word' id='word_1_674' title='bbox 1733 4860 1820 4913; x_wconf 89' lang='grc' dir='ltr'><strong>δε-</strong></span> 
     </span>
    </p>
   </div>
   <div class='ocr_carea' id='block_1_97' title="bbox 266 4943 1822 5012">
    <p class='ocr_par' dir='ltr' id='par_1_97' title="bbox 266 4943 1822 5012">
     <span class='ocr_line' id='line_1_97' title="bbox 266 4943 1822 5012; baseline 0.008 -18"><span class='ocrx_word' id='word_1_675' title='bbox 266 4943 609 5012; x_wconf 66' lang='grc' dir='ltr'><strong>δοξασμένων</strong></span> <span class='ocrx_word' id='word_1_676' title='bbox 651 4945 950 5009; x_wconf 83' lang='grc' dir='ltr'><strong>ἀγακλεῶς,</strong></span> <span class='ocrx_word' id='word_1_677' title='bbox 985 4947 1078 4999; x_wconf 74' lang='grc' dir='ltr'><strong>καὶ</strong></span> <span class='ocrx_word' id='word_1_678' title='bbox 1112 4948 1190 5007; x_wconf 84' lang='grc' dir='ltr'><strong>είς</strong></span> <span class='ocrx_word' id='word_1_679' title='bbox 1239 4948 1409 5000; x_wconf 85' lang='grc' dir='ltr'><strong>τύπον</strong></span> <span class='ocrx_word' id='word_1_680' title='bbox 1441 4952 1822 5006; x_wconf 83' lang='grc' dir='ltr'><strong>καταστάντων</strong></span> 
     </span>
    </p>
   </div>
   <div class='ocr_carea' id='block_1_98' title="bbox 268 5031 1822 5106">
    <p class='ocr_par' dir='ltr' id='par_1_98' title="bbox 268 5031 1822 5106">
     <span class='ocr_line' id='line_1_98' title="bbox 268 5031 1822 5106; baseline 0.007 -24"><span class='ocrx_word' id='word_1_681' title='bbox 268 5031 359 5083; x_wconf 88' lang='grc' dir='ltr'><strong>τοῦ</strong></span> <span class='ocrx_word' id='word_1_682' title='bbox 384 5033 637 5102; x_wconf 83' lang='grc' dir='ltr'><strong>ἀληθινοῦ</strong></span> <span class='ocrx_word' id='word_1_683' title='bbox 665 5034 897 5104; x_wconf 83' lang='grc' dir='ltr'><strong>Χριστοῦ</strong></span> <span class='ocrx_word' id='word_1_684' title='bbox 931 5037 1024 5088; x_wconf 77' lang='grc' dir='ltr'><strong>καὶ</strong></span> <span class='ocrx_word' id='word_1_685' title='bbox 1053 5035 1186 5088; x_wconf 90' lang='grc' dir='ltr'><strong>Θεοῦ</strong></span> <span class='ocrx_word' id='word_1_686' title='bbox 1211 5039 1385 5106; x_wconf 70' lang='grc' dir='ltr'><strong>ἡμῶν.</strong></span> <span class='ocrx_word' id='word_1_687' title='bbox 1416 5040 1567 5102; x_wconf 84' lang='grc' dir='ltr'><strong>ποῖός</strong></span> <span class='ocrx_word' id='word_1_688' title='bbox 1598 5057 1680 5100; x_wconf 88' lang='grc' dir='ltr'><strong>τις</strong></span> <span class='ocrx_word' id='word_1_689' title='bbox 1702 5043 1822 5093; x_wconf 85' lang='grc' dir='ltr'><strong>τολ-</strong></span> 
     </span>
    </p>
   </div>
   <div class='ocr_carea' id='block_1_99' title="bbox 271 5122 1823 5196">
    <p class='ocr_par' dir='ltr' id='par_1_99' title="bbox 271 5122 1823 5196">
     <span class='ocr_line' id='line_1_99' title="bbox 271 5122 1823 5196; baseline 0.004 -24"><span class='ocrx_word' id='word_1_690' title='bbox 271 5122 469 5188; x_wconf 85' lang='grc' dir='ltr'><strong>μητίας</strong></span> <span class='ocrx_word' id='word_1_691' title='bbox 499 5123 592 5174; x_wconf 77' lang='grc' dir='ltr'><strong>καὶ</strong></span> <span class='ocrx_word' id='word_1_692' title='bbox 624 5122 1014 5190; x_wconf 80' lang='grc' dir='ltr'><strong>θρασυκάρδιος</strong></span> <span class='ocrx_word' id='word_1_693' title='bbox 1048 5125 1311 5190; x_wconf 78' lang='grc' dir='ltr'><strong>ἀφέληταί</strong></span> <span class='ocrx_word' id='word_1_694' title='bbox 1344 5141 1394 5176; x_wconf 87' lang='grc' dir='ltr'><strong>τι</strong></span> <span class='ocrx_word' id='word_1_695' title='bbox 1433 5125 1640 5178; x_wconf 82' lang='grc' dir='ltr'><strong>δίκαιον</strong></span> <span class='ocrx_word' id='word_1_696' title='bbox 1675 5128 1823 5196; x_wconf 73' lang='grc' dir='ltr'><strong>ἱερα-</strong></span> 
     </span>
    </p>
   </div>
   <div class='ocr_carea' id='block_1_100' title="bbox 268 5212 1823 5286">
    <p class='ocr_par' dir='ltr' id='par_1_100' title="bbox 268 5212 1823 5286">
     <span class='ocr_line' id='line_1_100' title="bbox 268 5212 1823 5286; baseline 0.005 -23"><span class='ocrx_word' id='word_1_697' title='bbox 268 5212 418 5264; x_wconf 81' lang='grc' dir='ltr'><strong>τικὸν</strong></span> <span class='ocrx_word' id='word_1_698' title='bbox 446 5213 826 5280; x_wconf 79' lang='grc' dir='ltr'><strong>ὀπωσδήποτες</strong></span> <span class='ocrx_word' id='word_1_699' title='bbox 863 5214 1081 5273; x_wconf 85' lang='grc' dir='ltr'><strong>Πάντως</strong></span> <span class='ocrx_word' id='word_1_700' title='bbox 1111 5214 1304 5272; x_wconf 82' lang='grc' dir='ltr'><strong>οὐδείς.</strong></span> <span class='ocrx_word' id='word_1_701' title='bbox 1349 5214 1595 5269; x_wconf 80' lang='grc' dir='ltr'><strong>’Δκούσει</strong></span> <span class='ocrx_word' id='word_1_702' title='bbox 1625 5217 1730 5286; x_wconf 88' lang='grc' dir='ltr'><strong>γὰρ</strong></span> <span class='ocrx_word' id='word_1_703' title='bbox 1760 5217 1823 5270; x_wconf 83' lang='grc' dir='ltr'><strong>ὲκ</strong></span> 
     </span>
    </p>
   </div>
   <div class='ocr_carea' id='block_1_101' title="bbox 273 5298 1823 5369">
    <p class='ocr_par' dir='ltr' id='par_1_101' title="bbox 273 5298 1823 5369">
     <span class='ocr_line' id='line_1_101' title="bbox 273 5298 1823 5369; baseline 0.003 -19"><span class='ocrx_word' id='word_1_704' title='bbox 273 5299 364 5351; x_wconf 85' lang='grc' dir='ltr'><strong>τοῦ</strong></span> <span class='ocrx_word' id='word_1_705' title='bbox 395 5298 742 5369; x_wconf 77' lang='grc' dir='ltr'><strong>θεοπάτοροςο</strong></span> <span class='ocrx_word' id='word_1_706' title='bbox 767 5301 838 5352; x_wconf 78' lang='grc' dir='ltr'><strong>Σὺ</strong></span> <span class='ocrx_word' id='word_1_707' title='bbox 881 5301 934 5352; x_wconf 79' lang='grc' dir='ltr'><strong>δὲ</strong></span> <span class='ocrx_word' id='word_1_708' title='bbox 974 5301 1176 5352; x_wconf 83' lang='grc' dir='ltr'><strong>ἀπώσω</strong></span> <span class='ocrx_word' id='word_1_709' title='bbox 1215 5303 1307 5352; x_wconf 79' lang='grc' dir='ltr'><strong>καὶ</strong></span> <span class='ocrx_word' id='word_1_710' title='bbox 1335 5302 1695 5366; x_wconf 79' lang='grc' dir='ltr'><strong>ἐξουδένωσας</strong></span> <span class='ocrx_word' id='word_1_711' title='bbox 1733 5305 1823 5356; x_wconf 69' lang='grc' dir='ltr'><strong>τὸν</strong></span> 
     </span>
    </p>
   </div>
   <div class='ocr_carea' id='block_1_102' title="bbox 272 5390 1818 5462">
    <p class='ocr_par' dir='ltr' id='par_1_102' title="bbox 272 5390 1818 5462">
     <span class='ocr_line' id='line_1_102' title="bbox 272 5390 1818 5462; baseline 0.003 -20"><span class='ocrx_word' id='word_1_712' title='bbox 272 5391 505 5460; x_wconf 75' lang='grc' dir='ltr'><strong>Χριστόν</strong></span> <span class='ocrx_word' id='word_1_713' title='bbox 549 5405 664 5452; x_wconf 90' lang='grc' dir='ltr'><strong>σου,</strong></span> <span class='ocrx_word' id='word_1_714' title='bbox 701 5392 792 5441; x_wconf 77' lang='grc' dir='ltr'><strong>καὶ</strong></span> <span class='ocrx_word' id='word_1_715' title='bbox 843 5390 901 5442; x_wconf 80' lang='grc' dir='ltr'><strong>τὸ</strong></span> <span class='ocrx_word' id='word_1_716' title='bbox 951 5391 1194 5459; x_wconf 85' lang='grc' dir='ltr'><strong>ἀγίασμα</strong></span> <span class='ocrx_word' id='word_1_717' title='bbox 1245 5391 1407 5444; x_wconf 84' lang='grc' dir='ltr'><strong>αὐτοῦ</strong></span> <span class='ocrx_word' id='word_1_718' title='bbox 1458 5391 1818 5462; x_wconf 76' lang='grc' dir='ltr'><strong>ὲόεὸήλωσας.</strong></span> 
     </span>
    </p>
   </div>
   <div class='ocr_carea' id='block_1_103' title="bbox 276 5481 1823 5550">
    <p class='ocr_par' dir='ltr' id='par_1_103' title="bbox 276 5481 1823 5550">
     <span class='ocr_line' id='line_1_103' title="bbox 276 5481 1823 5550; baseline 0 -18"><span class='ocrx_word' id='word_1_719' title='bbox 276 5482 483 5550; x_wconf 86' lang='grc' dir='ltr'><strong>Ὠσπερ</strong></span> <span class='ocrx_word' id='word_1_720' title='bbox 518 5481 697 5531; x_wconf 88' lang='grc' dir='ltr'><strong>τοίνυν</strong></span> <span class='ocrx_word' id='word_1_721' title='bbox 739 5481 838 5532; x_wconf 85' lang='grc' dir='ltr'><strong>οὑκ</strong></span> <span class='ocrx_word' id='word_1_722' title='bbox 885 5481 1054 5544; x_wconf 72' lang='grc' dir='ltr'><strong>ἔξεστι</strong></span> <span class='ocrx_word' id='word_1_723' title='bbox 1089 5482 1192 5532; x_wconf 83' lang='grc' dir='ltr'><strong>τῶν</strong></span> <span class='ocrx_word' id='word_1_724' title='bbox 1232 5481 1483 5533; x_wconf 80' lang='grc' dir='ltr'><strong>ἁπάντων</strong></span> <span class='ocrx_word' id='word_1_725' title='bbox 1513 5483 1617 5532; x_wconf 77' lang='grc' dir='ltr'><strong>τινὶ</strong></span> <span class='ocrx_word' id='word_1_726' title='bbox 1649 5482 1823 5548; x_wconf 81' lang='grc' dir='ltr'><strong>λέγειν</strong></span> 
     </span>
    </p>
   </div>
   <div class='ocr_carea' id='block_1_104' title="bbox 272 5568 1824 5640">
    <p class='ocr_par' dir='ltr' id='par_1_104' title="bbox 272 5568 1824 5640">
     <span class='ocr_line' id='line_1_104' title="bbox 272 5568 1824 5640; baseline -0.001 -17"><span class='ocrx_word' id='word_1_727' title='bbox 272 5573 398 5640; x_wconf 72' lang='grc' dir='ltr'><strong>περὶ</strong></span> <span class='ocrx_word' id='word_1_728' title='bbox 425 5569 518 5622; x_wconf 88' lang='grc' dir='ltr'><strong>τοῦ</strong></span> <span class='ocrx_word' id='word_1_729' title='bbox 554 5571 671 5626; x_wconf 73' lang='grc' dir='ltr'><strong>ἑνὸς</strong></span> <span class='ocrx_word' id='word_1_730' title='bbox 693 5571 925 5636; x_wconf 84' lang='grc' dir='ltr'><strong>Χριστοῦ</strong></span> <span class='ocrx_word' id='word_1_731' title='bbox 953 5571 1042 5626; x_wconf 74' lang='grc' dir='ltr'><strong>καὶ</strong></span> <span class='ocrx_word' id='word_1_732' title='bbox 1075 5568 1206 5622; x_wconf 83' lang='grc' dir='ltr'><strong>Θεοῦ</strong></span> <span class='ocrx_word' id='word_1_733' title='bbox 1238 5571 1414 5640; x_wconf 77' lang='grc' dir='ltr'><strong>ήμῶν,</strong></span> <span class='ocrx_word' id='word_1_734' title='bbox 1444 5571 1618 5632; x_wconf 77' lang='grc' dir='ltr'><strong>ἄλλως</strong></span> <span class='ocrx_word' id='word_1_735' title='bbox 1645 5572 1740 5639; x_wconf 70' lang='grc' dir='ltr'><strong>μὲν</strong></span> <span class='ocrx_word' id='word_1_736' title='bbox 1769 5575 1824 5623; x_wconf 81' lang='grc' dir='ltr'><strong>ἑν</strong></span> 
     </span>
    </p>
   </div>
   <div class='ocr_carea' id='block_1_105' title="bbox 277 5661 1825 5730">
    <p class='ocr_par' dir='ltr' id='par_1_105' title="bbox 277 5661 1825 5730">
     <span class='ocr_line' id='line_1_105' title="bbox 277 5661 1825 5730; baseline 0.001 -18"><span class='ocrx_word' id='word_1_737' title='bbox 277 5662 405 5729; x_wconf 74' lang='grc' dir='ltr'><strong>τῷδε</strong></span> <span class='ocrx_word' id='word_1_738' title='bbox 449 5662 546 5730; x_wconf 84' lang='grc' dir='ltr'><strong>τῆς</strong></span> <span class='ocrx_word' id='word_1_739' title='bbox 589 5663 907 5728; x_wconf 79' lang='grc' dir='ltr'><strong>οἰκουμένης</strong></span> <span class='ocrx_word' id='word_1_740' title='bbox 948 5661 1024 5728; x_wconf 80' lang='grc' dir='ltr'><strong>τῷ</strong></span> <span class='ocrx_word' id='word_1_741' title='bbox 1057 5662 1278 5729; x_wconf 81' lang='grc' dir='ltr'><strong>κλίματι</strong></span> <span class='ocrx_word' id='word_1_742' title='bbox 1315 5662 1696 5730; x_wconf 78' lang='grc' dir='ltr'><strong>παρουσιάζειν</strong></span> <span class='ocrx_word' id='word_1_743' title='bbox 1735 5665 1825 5714; x_wconf 63' lang='grc' dir='ltr'><strong>καὶ</strong></span> 
     </span>
    </p>
   </div>
   <div class='ocr_carea' id='block_1_106' title="bbox 272 5752 1823 5822">
    <p class='ocr_par' dir='ltr' id='par_1_106' title="bbox 272 5752 1823 5822">
     <span class='ocr_line' id='line_1_106' title="bbox 272 5752 1823 5822; baseline 0.001 -19"><span class='ocrx_word' id='word_1_744' title='bbox 272 5752 697 5818; x_wconf 73' lang='grc' dir='ltr'><strong>μεγαλύνεσοαι,</strong></span> <span class='ocrx_word' id='word_1_745' title='bbox 733 5753 900 5810; x_wconf 70' lang='grc' dir='ltr'><strong>ἄλλως</strong></span> <span class='ocrx_word' id='word_1_746' title='bbox 948 5752 992 5803; x_wconf 79' lang='grc' dir='ltr'><strong>δ’</strong></span> <span class='ocrx_word' id='word_1_747' title='bbox 1037 5754 1092 5804; x_wconf 79' lang='grc' dir='ltr'><strong>ἐν</strong></span> <span class='ocrx_word' id='word_1_748' title='bbox 1137 5753 1326 5822; x_wconf 72' lang='grc' dir='ltr'><strong>ὶκείνῳ</strong></span> <span class='ocrx_word' id='word_1_749' title='bbox 1359 5753 1701 5816; x_wconf 73' lang='grc' dir='ltr'><strong>δοξάζεσθαι,</strong></span> <span class='ocrx_word' id='word_1_750' title='bbox 1741 5755 1823 5804; x_wconf 74' lang='grc' dir='ltr'><strong>ἵνα</strong></span> 
     </span>
    </p>
   </div>
   <div class='ocr_carea' id='block_1_107' title="bbox 1925 4586 3468 4656">
    <p class='ocr_par' dir='ltr' id='par_1_107' title="bbox 1925 4586 3468 4656">
     <span class='ocr_line' id='line_1_107' title="bbox 1925 4586 3468 4656; baseline 0.002 -18"><span class='ocrx_word' id='word_1_751' title='bbox 1925 4586 2130 4648; x_wconf 89' lang='lat' dir='ltr'><strong>Baculi,</strong></span> <span class='ocrx_word' id='word_1_752' title='bbox 2176 4587 2496 4640; x_wconf 89' lang='lat' dir='ltr'><strong>arundinem</strong></span> <span class='ocrx_word' id='word_1_753' title='bbox 2561 4588 2727 4651; x_wconf 90' lang='lat' dir='ltr'><strong>illam,</strong></span> <span class='ocrx_word' id='word_1_754' title='bbox 2791 4605 2911 4656; x_wconf 72' lang='lat' dir='ltr'><strong>qua:</strong></span> <span class='ocrx_word' id='word_1_755' title='bbox 2973 4589 3201 4641; x_wconf 81' lang='lat' dir='ltr'><strong>salutem</strong></span> <span class='ocrx_word' id='word_1_756' title='bbox 3256 4592 3468 4656; x_wconf 77' lang='lat' dir='ltr'><strong>generis</strong></span> 
     </span>
    </p>
   </div>
   <div class='ocr_carea' id='block_1_108' title="bbox 1927 4676 3468 4746">
    <p class='ocr_par' dir='ltr' id='par_1_108' title="bbox 1927 4676 3468 4746">
     <span class='ocr_line' id='line_1_108' title="bbox 1927 4676 3468 4746; baseline 0.002 -17"><span class='ocrx_word' id='word_1_757' title='bbox 1927 4677 2144 4730; x_wconf 87' lang='lat' dir='ltr'><strong>humani</strong></span> <span class='ocrx_word' id='word_1_758' title='bbox 2167 4677 2379 4746; x_wconf 86' lang='lat' dir='ltr'><strong>egregie</strong></span> <span class='ocrx_word' id='word_1_759' title='bbox 2432 4676 2695 4744; x_wconf 81' lang='lat' dir='ltr'><strong>depinxit.</strong></span> <span class='ocrx_word' id='word_1_760' title='bbox 2751 4678 2928 4732; x_wconf 85' lang='lat' dir='ltr'><strong>Testis</strong></span> <span class='ocrx_word' id='word_1_761' title='bbox 2984 4681 3036 4730; x_wconf 93' lang='lat' dir='ltr'><strong>in</strong></span> <span class='ocrx_word' id='word_1_762' title='bbox 3083 4678 3223 4730; x_wconf 65' lang='lat' dir='ltr'><strong>caelo</strong></span> <span class='ocrx_word' id='word_1_763' title='bbox 3277 4678 3468 4732; x_wconf 84' lang='lat' dir='ltr'><strong>fidelis.</strong></span> 
     </span>
    </p>
   </div>
   <div class='ocr_carea' id='block_1_109' title="bbox 1926 4767 3467 4835">
    <p class='ocr_par' dir='ltr' id='par_1_109' title="bbox 1926 4767 3467 4835">
     <span class='ocr_line' id='line_1_109' title="bbox 1926 4767 3467 4835; baseline 0.001 -17"><span class='ocrx_word' id='word_1_764' title='bbox 1926 4767 2261 4821; x_wconf 87' lang='lat' dir='ltr'><strong>Patriarchis</strong></span> <span class='ocrx_word' id='word_1_765' title='bbox 2290 4781 2418 4835; x_wconf 89' lang='lat' dir='ltr'><strong>ergo</strong></span> <span class='ocrx_word' id='word_1_766' title='bbox 2452 4775 2559 4818; x_wconf 88' lang='lat' dir='ltr'><strong>tam</strong></span> <span class='ocrx_word' id='word_1_767' title='bbox 2612 4768 2868 4834; x_wconf 73' lang='lat' dir='ltr'><strong>praeclare</strong></span> <span class='ocrx_word' id='word_1_768' title='bbox 2926 4768 3249 4830; x_wconf 87' lang='lat' dir='ltr'><strong>nobilitatis,</strong></span> <span class='ocrx_word' id='word_1_769' title='bbox 3305 4779 3356 4820; x_wconf 87' lang='lat' dir='ltr'><strong>et</strong></span> <span class='ocrx_word' id='word_1_770' title='bbox 3416 4785 3467 4820; x_wconf 88' lang='grc' dir='ltr'><strong>ιιι</strong></span> 
     </span>
    </p>
   </div>
   <div class='ocr_carea' id='block_1_110' title="bbox 1926 4853 3467 4918">
    <p class='ocr_par' dir='ltr' id='par_1_110' title="bbox 1926 4853 3467 4918">
     <span class='ocr_line' id='line_1_110' title="bbox 1926 4853 3467 4918; baseline -0.001 -8"><span class='ocrx_word' id='word_1_771' title='bbox 1926 4856 2275 4910; x_wconf 88' lang='lat' dir='ltr'><strong>simulacrum</strong></span> <span class='ocrx_word' id='word_1_772' title='bbox 2299 4855 2411 4908; x_wconf 79' lang='lat' dir='ltr'><strong>veri</strong></span> <span class='ocrx_word' id='word_1_773' title='bbox 2442 4853 2644 4908; x_wconf 88' lang='lat' dir='ltr'><strong>Christi</strong></span> <span class='ocrx_word' id='word_1_774' title='bbox 2667 4870 2730 4909; x_wconf 92' lang='lat' dir='ltr'><strong>ac</strong></span> <span class='ocrx_word' id='word_1_775' title='bbox 2765 4855 2856 4908; x_wconf 90' lang='lat' dir='ltr'><strong>Dei</strong></span> <span class='ocrx_word' id='word_1_776' title='bbox 2901 4857 3073 4909; x_wconf 87' lang='lat' dir='ltr'><strong>nostri</strong></span> <span class='ocrx_word' id='word_1_777' title='bbox 3131 4856 3467 4918; x_wconf 78' lang='lat' dir='ltr'><strong>constitutis,</strong></span> 
     </span>
    </p>
   </div>
   <div class='ocr_carea' id='block_1_111' title="bbox 1925 4945 3469 5012">
    <p class='ocr_par' dir='ltr' id='par_1_111' title="bbox 1925 4945 3469 5012">
     <span class='ocr_line' id='line_1_111' title="bbox 1925 4945 3469 5012; baseline 0 -16"><span class='ocrx_word' id='word_1_778' title='bbox 1925 4945 2046 5012; x_wconf 89' lang='lat' dir='ltr'><strong>quis</strong></span> <span class='ocrx_word' id='word_1_779' title='bbox 2073 4945 2207 4998; x_wconf 85' lang='lat' dir='ltr'><strong>adeo</strong></span> <span class='ocrx_word' id='word_1_780' title='bbox 2230 4947 2547 4998; x_wconf 90' lang='lat' dir='ltr'><strong>temerarius</strong></span> <span class='ocrx_word' id='word_1_781' title='bbox 2577 4955 2631 4998; x_wconf 90' lang='lat' dir='ltr'><strong>et</strong></span> <span class='ocrx_word' id='word_1_782' title='bbox 2673 4945 2847 4997; x_wconf 82' lang='lat' dir='ltr'><strong>audax</strong></span> <span class='ocrx_word' id='word_1_783' title='bbox 2901 4945 3086 5004; x_wconf 86' lang='lat' dir='ltr'><strong>fuerit,</strong></span> <span class='ocrx_word' id='word_1_784' title='bbox 3142 4954 3198 4996; x_wconf 82' lang='grc' dir='ltr'><strong>ιιι</strong></span> <span class='ocrx_word' id='word_1_785' title='bbox 3235 4946 3324 5012; x_wconf 80' lang='lat' dir='ltr'><strong>jus</strong></span> <span class='ocrx_word' id='word_1_786' title='bbox 3370 4946 3469 4997; x_wconf 84' lang='lat' dir='ltr'><strong>ali-</strong></span> 
     </span>
    </p>
   </div>
   <div class='ocr_carea' id='block_1_112' title="bbox 1924 5035 3472 5103">
    <p class='ocr_par' dir='ltr' id='par_1_112' title="bbox 1924 5035 3472 5103">
     <span class='ocr_line' id='line_1_112' title="bbox 1924 5035 3472 5103; baseline -0.001 -15"><span class='ocrx_word' id='word_1_787' title='bbox 1924 5035 2069 5103; x_wconf 86' lang='lat' dir='ltr'><strong>quod</strong></span> <span class='ocrx_word' id='word_1_788' title='bbox 2098 5035 2432 5088; x_wconf 86' lang='lat' dir='ltr'><strong>sacerdotale</strong></span> <span class='ocrx_word' id='word_1_789' title='bbox 2455 5051 2781 5103; x_wconf 89' lang='lat' dir='ltr'><strong>quocunque</strong></span> <span class='ocrx_word' id='word_1_790' title='bbox 2809 5035 2966 5088; x_wconf 89' lang='lat' dir='ltr'><strong>modo</strong></span> <span class='ocrx_word' id='word_1_791' title='bbox 2990 5035 3228 5088; x_wconf 84' lang='lat' dir='ltr'><strong>adimat?</strong></span> <span class='ocrx_word' id='word_1_792' title='bbox 3251 5038 3472 5088; x_wconf 81' lang='lat' dir='ltr'><strong>ontninn</strong></span> 
     </span>
    </p>
   </div>
   <div class='ocr_carea' id='block_1_113' title="bbox 1925 5123 3467 5194">
    <p class='ocr_par' dir='ltr' id='par_1_113' title="bbox 1925 5123 3467 5194">
     <span class='ocr_line' id='line_1_113' title="bbox 1925 5123 3467 5194; baseline 0.001 -17"><span class='ocrx_word' id='word_1_793' title='bbox 1925 5124 2130 5177; x_wconf 90' lang='lat' dir='ltr'><strong>nullus.</strong></span> <span class='ocrx_word' id='word_1_794' title='bbox 2161 5123 2356 5176; x_wconf 83' lang='lat' dir='ltr'><strong>Audiet</strong></span> <span class='ocrx_word' id='word_1_795' title='bbox 2383 5127 2524 5176; x_wconf 93' lang='lat' dir='ltr'><strong>enim</strong></span> <span class='ocrx_word' id='word_1_796' title='bbox 2556 5139 2584 5176; x_wconf 88' lang='lat' dir='ltr'><strong>a</strong></span> <span class='ocrx_word' id='word_1_797' title='bbox 2641 5124 2842 5178; x_wconf 88' lang='lat' dir='ltr'><strong>Christi</strong></span> <span class='ocrx_word' id='word_1_798' title='bbox 2906 5134 3055 5194; x_wconf 88' lang='lat' dir='ltr'><strong>patre</strong></span> <span class='ocrx_word' id='word_1_799' title='bbox 3110 5125 3346 5178; x_wconf 75' lang='lat' dir='ltr'><strong>Davide:</strong></span> <span class='ocrx_word' id='word_1_800' title='bbox 3388 5123 3467 5178; x_wconf 88' lang='lat' dir='ltr'><strong>Tu</strong></span> 
     </span>
    </p>
   </div>
   <div class='ocr_carea' id='block_1_114' title="bbox 1924 5214 3470 5281">
    <p class='ocr_par' dir='ltr' id='par_1_114' title="bbox 1924 5214 3470 5281">
     <span class='ocr_line' id='line_1_114' title="bbox 1924 5214 3470 5281; baseline 0.002 -17"><span class='ocrx_word' id='word_1_801' title='bbox 1924 5220 2103 5266; x_wconf 87' lang='lat' dir='ltr'><strong>autem</strong></span> <span class='ocrx_word' id='word_1_802' title='bbox 2161 5214 2409 5281; x_wconf 87' lang='lat' dir='ltr'><strong>repulisti</strong></span> <span class='ocrx_word' id='word_1_803' title='bbox 2456 5223 2505 5266; x_wconf 91' lang='lat' dir='ltr'><strong>et</strong></span> <span class='ocrx_word' id='word_1_804' title='bbox 2556 5214 2867 5266; x_wconf 86' lang='lat' dir='ltr'><strong>annihilasti</strong></span> <span class='ocrx_word' id='word_1_805' title='bbox 2927 5225 3146 5267; x_wconf 75' lang='lat' dir='ltr'><strong>unctum</strong></span> <span class='ocrx_word' id='word_1_806' title='bbox 3203 5225 3375 5277; x_wconf 84' lang='lat' dir='ltr'><strong>tuum,</strong></span> <span class='ocrx_word' id='word_1_807' title='bbox 3414 5225 3470 5268; x_wconf 84' lang='lat' dir='ltr'><strong>et</strong></span> 
     </span>
    </p>
   </div>
   <div class='ocr_carea' id='block_1_115' title="bbox 1926 5303 3468 5372">
    <p class='ocr_par' dir='ltr' id='par_1_115' title="bbox 1926 5303 3468 5372">
     <span class='ocr_line' id='line_1_115' title="bbox 1926 5303 3468 5372; baseline 0.001 -16"><span class='ocrx_word' id='word_1_808' title='bbox 1926 5303 2405 5357; x_wconf 86' lang='lat' dir='ltr'><strong>sanctilieationem</strong></span> <span class='ocrx_word' id='word_1_809' title='bbox 2467 5303 2585 5370; x_wconf 89' lang='lat' dir='ltr'><strong>ejus</strong></span> <span class='ocrx_word' id='word_1_810' title='bbox 2639 5304 2959 5372; x_wconf 90' lang='lat' dir='ltr'><strong>profanasti.</strong></span> <span class='ocrx_word' id='word_1_811' title='bbox 3005 5303 3468 5369; x_wconf 82' lang='lat' dir='ltr'><strong>Quemadmodum</strong></span> 
     </span>
    </p>
   </div>
   <div class='ocr_carea' id='block_1_116' title="bbox 1924 5393 3471 5463">
    <p class='ocr_par' dir='ltr' id='par_1_116' title="bbox 1924 5393 3471 5463">
     <span class='ocr_line' id='line_1_116' title="bbox 1924 5393 3471 5463; baseline 0.001 -16"><span class='ocrx_word' id='word_1_812' title='bbox 1924 5409 2052 5460; x_wconf 90' lang='lat' dir='ltr'><strong>ergo</strong></span> <span class='ocrx_word' id='word_1_813' title='bbox 2092 5393 2294 5447; x_wconf 89' lang='lat' dir='ltr'><strong>nemini</strong></span> <span class='ocrx_word' id='word_1_814' title='bbox 2327 5393 2507 5463; x_wconf 80' lang='lat' dir='ltr'><strong>dicere</strong></span> <span class='ocrx_word' id='word_1_815' title='bbox 2537 5394 2658 5446; x_wconf 84' lang='lat' dir='ltr'><strong>licet</strong></span> <span class='ocrx_word' id='word_1_816' title='bbox 2691 5394 2757 5446; x_wconf 89' lang='lat' dir='ltr'><strong>de</strong></span> <span class='ocrx_word' id='word_1_817' title='bbox 2816 5409 2923 5446; x_wconf 93' lang='lat' dir='ltr'><strong>uno</strong></span> <span class='ocrx_word' id='word_1_818' title='bbox 2975 5393 3195 5448; x_wconf 84' lang='lat' dir='ltr'><strong>Christo</strong></span> <span class='ocrx_word' id='word_1_819' title='bbox 3255 5394 3471 5463; x_wconf 81' lang='lat' dir='ltr'><strong>Deoque</strong></span> 
     </span>
    </p>
   </div>
   <div class='ocr_carea' id='block_1_117' title="bbox 1927 5461 3469 5553">
    <p class='ocr_par' dir='ltr' id='par_1_117' title="bbox 1927 5461 3469 5553">
     <span class='ocr_line' id='line_1_117' title="bbox 1927 5461 3469 5553; baseline 0.003 -18"><span class='ocrx_word' id='word_1_820' title='bbox 1927 5491 2136 5546; x_wconf 87' lang='lat' dir='ltr'><strong>nostro,</strong></span> <span class='ocrx_word' id='word_1_821' title='bbox 2161 5483 2302 5552; x_wconf 92' lang='lat' dir='ltr'><strong>quod</strong></span> <span class='ocrx_word' id='word_1_822' title='bbox 2335 5461 2492 5536; x_wconf 63' lang='lat' dir='ltr'><strong>aliter</strong></span> <span class='ocrx_word' id='word_1_823' title='bbox 2519 5484 2570 5536; x_wconf 91' lang='lat' dir='ltr'><strong>in</strong></span> <span class='ocrx_word' id='word_1_824' title='bbox 2599 5484 2699 5536; x_wconf 91' lang='lat' dir='ltr'><strong>hoc</strong></span> <span class='ocrx_word' id='word_1_825' title='bbox 2730 5485 2878 5538; x_wconf 89' lang='lat' dir='ltr'><strong>orbis</strong></span> <span class='ocrx_word' id='word_1_826' title='bbox 2911 5491 3080 5538; x_wconf 90' lang='lat' dir='ltr'><strong>tractu</strong></span> <span class='ocrx_word' id='word_1_827' title='bbox 3115 5485 3186 5538; x_wconf 87' lang='lat' dir='ltr'><strong>sit</strong></span> <span class='ocrx_word' id='word_1_828' title='bbox 3232 5461 3469 5553; x_wconf 67' lang='lat' dir='ltr'><strong>prmseus</strong></span> 
     </span>
    </p>
   </div>
   <div class='ocr_carea' id='block_1_118' title="bbox 1927 5572 3470 5642">
    <p class='ocr_par' dir='ltr' id='par_1_118' title="bbox 1927 5572 3470 5642">
     <span class='ocr_line' id='line_1_118' title="bbox 1927 5572 3470 5642; baseline 0.003 -18"><span class='ocrx_word' id='word_1_829' title='bbox 1927 5585 1977 5624; x_wconf 89' lang='lat' dir='ltr'><strong>et</strong></span> <span class='ocrx_word' id='word_1_830' title='bbox 2005 5572 2401 5639; x_wconf 87' lang='lat' dir='ltr'><strong>magnificctur,</strong></span> <span class='ocrx_word' id='word_1_831' title='bbox 2428 5573 2586 5626; x_wconf 89' lang='lat' dir='ltr'><strong>aliter</strong></span> <span class='ocrx_word' id='word_1_832' title='bbox 2614 5575 2665 5625; x_wconf 91' lang='lat' dir='ltr'><strong>in</strong></span> <span class='ocrx_word' id='word_1_833' title='bbox 2697 5573 2786 5626; x_wconf 86' lang='lat' dir='ltr'><strong>illo</strong></span> <span class='ocrx_word' id='word_1_834' title='bbox 2809 5575 3184 5642; x_wconf 82' lang='lat' dir='ltr'><strong>glorificetur;</strong></span> <span class='ocrx_word' id='word_1_835' title='bbox 3219 5590 3284 5628; x_wconf 90' lang='lat' dir='ltr'><strong>ne</strong></span> <span class='ocrx_word' id='word_1_836' title='bbox 3314 5590 3470 5629; x_wconf 78' lang='lat' dir='ltr'><strong>vesa-</strong></span> 
     </span>
    </p>
   </div>
   <div class='ocr_carea' id='block_1_119' title="bbox 1929 5662 3468 5731">
    <p class='ocr_par' dir='ltr' id='par_1_119' title="bbox 1929 5662 3468 5731">
     <span class='ocr_line' id='line_1_119' title="bbox 1929 5662 3468 5731; baseline 0.002 -17"><span class='ocrx_word' id='word_1_837' title='bbox 1929 5662 2032 5714; x_wconf 75' lang='lat' dir='ltr'><strong>nia:</strong></span> <span class='ocrx_word' id='word_1_838' title='bbox 2066 5672 2319 5716; x_wconf 73' lang='lat' dir='ltr'><strong>extremae</strong></span> <span class='ocrx_word' id='word_1_839' title='bbox 2372 5679 2520 5715; x_wconf 87' lang='lat' dir='ltr'><strong>reum</strong></span> <span class='ocrx_word' id='word_1_840' title='bbox 2580 5678 2636 5717; x_wconf 91' lang='lat' dir='ltr'><strong>se</strong></span> <span class='ocrx_word' id='word_1_841' title='bbox 2679 5664 2862 5726; x_wconf 64' lang='lat' dir='ltr'><strong>facint,</strong></span> <span class='ocrx_word' id='word_1_842' title='bbox 2921 5673 2974 5717; x_wconf 89' lang='lat' dir='ltr'><strong>et</strong></span> <span class='ocrx_word' id='word_1_843' title='bbox 3023 5665 3088 5718; x_wconf 92' lang='lat' dir='ltr'><strong>ad</strong></span> <span class='ocrx_word' id='word_1_844' title='bbox 3143 5665 3468 5731; x_wconf 83' lang='lat' dir='ltr'><strong>impietatem</strong></span> 
     </span>
    </p>
   </div>
   <div class='ocr_carea' id='block_1_120' title="bbox 1929 5752 3468 5822">
    <p class='ocr_par' dir='ltr' id='par_1_120' title="bbox 1929 5752 3468 5822">
     <span class='ocr_line' id='line_1_120' title="bbox 1929 5752 3468 5822; baseline 0.005 -19"><span class='ocrx_word' id='word_1_845' title='bbox 1929 5752 2232 5805; x_wconf 60' lang='lat' dir='ltr'><strong>exot&#39;bitct:</strong></span> <span class='ocrx_word' id='word_1_846' title='bbox 2266 5753 2343 5807; x_wconf 84' lang='lat' dir='ltr'><strong>sic</strong></span> <span class='ocrx_word' id='word_1_847' title='bbox 2367 5754 2527 5805; x_wconf 83' lang='lat' dir='ltr'><strong>etiam</strong></span> <span class='ocrx_word' id='word_1_848' title='bbox 2582 5769 2737 5806; x_wconf 83' lang='lat' dir='ltr'><strong>nemo</strong></span> <span class='ocrx_word' id='word_1_849' title='bbox 2788 5755 3199 5822; x_wconf 75' lang='lat' dir='ltr'><strong>patriarchach</strong></span> <span class='ocrx_word' id='word_1_850' title='bbox 3255 5769 3468 5811; x_wconf 86' lang='lat' dir='ltr'><strong>sacram</strong></span> 
     </span>
    </p>
   </div>
  </div>
