4110 6482
711 416 731 478 ἰ
780 417 846 480 2‘}

1914 423 2184 481 TllEUU.
2235 421 2704 484 BALSAMONIS

3744 404 3878 493 tim

706 540 1114 604 amplitudinem
1147 540 1308 591 dividi
1341 539 1536 594 debere
1567 541 1778 602 dixerit,
1831 541 1904 594 uti
1931 544 2011 595 vel
2037 543 2234 609 majora
2263 550 2309 605 Α

2263 550 2309 605 Δ
2342 544 2412 610 μὴ
2444 544 2820 612 παραπληξίας
2846 543 3072 611 ἐσχάτης
3101 545 3397 614 κατακριθῇ
3419 585 3434 608 ,
3468 546 3558 598 καὶ
3588 546 3724 616 πρὸς
3747 548 3874 600 δυσ-

705 629 784 680 γει
818 628 1023 679 minora
1087 631 1276 681 habent
1337 632 1630 697 privilegia.
1679 631 2013 698 Quapropter
2069 633 2230 686 etiam

703 723 960 768 statutum
988 727 1088 776 est.
1119 728 1174 769 ut
1221 718 1272 771 in
1335 722 1526 786 quavis
1575 721 1800 772 ecclesia
1852 721 1964 784 Dei,
2007 721 2120 774 sive
2167 720 2231 772 ad

701 802 1048 870 Euphratem,
1079 809 1187 861 sive
1213 811 1276 861 ad
1309 811 1507 875 Tigrim
1531 852 1544 872 ,
1580 811 1691 864 sive
1725 811 1791 862 ad
1822 811 1995 878 ipsum
2030 811 2230 878 pertin-

699 889 1105 957 gatOeeanum,
1132 898 1458 964 Ctt‘ujllnclilll
1516 913 1699 951 eorum
1733 900 1944 950 nomina
1995 897 2232 951 referan-

698 993 807 1034 tur.
861 984 1198 1052 Acceperunt
1260 987 1440 1048 enim,
1503 989 1580 1040 uti
1652 989 1913 1055 scriptum
1982 987 2226 1055 legimus,

698 1072 946 1137 regiones
1007 1077 1283 1140 gentium;
1327 1085 1380 1129 et
1424 1092 1609 1129 eorum
1665 1078 1842 1130 throni
1886 1085 2014 1130 sunt
2060 1079 2231 1129 instar

694 1159 835 1214 luna
865 1163 1131 1230 perfectae.
1163 1181 1225 1218 ac
1252 1166 1384 1218 solis
1415 1167 1584 1218 instar
1617 1181 1798 1219 coram
1837 1181 1920 1220 me
1943 1175 2089 1220 sunt.

764 1337 868 1392 Sed
906 1340 1042 1393 dicet
1070 1341 1303 1407 aliquis:
1339 1341 1470 1393 Cum
1506 1342 1671 1395 divini
1704 1350 1756 1396 et
1807 1343 1948 1396 sacri
1985 1355 2226 1396 canooes

692 1429 836 1480 velut
900 1431 1212 1498 arvipendio
1287 1431 1516 1499 quodam
1595 1433 1918 1501 patriarcbis
1993 1439 2227 1499 quatuor

691 1517 837 1573 orbis
881 1531 1057 1583 partes
1111 1519 1507 1584 distribuerint,
1558 1521 1648 1584 qui
1686 1521 1761 1580 tit,
1800 1530 1855 1572 ut
1898 1522 2012 1586 ipse
2061 1520 2225 1572 semel

692 1613 892 1658 statuta
923 1609 1345 1674 transgrediens,
1379 1610 1510 1662 velis
1537 1625 1629 1662 cas
1655 1611 1822 1661 instar
1851 1611 2012 1662 unius
2041 1608 2224 1660 haberi

691 1703 999 1769 provincire,
1024 1719 1247 1770 quaeque
1278 1705 1446 1756 divisa
1493 1713 1634 1756 recte
1659 1715 1803 1764 sunt,
1833 1705 1969 1757 male
2004 1702 2226 1755 confun-

689 1790 852 1843 dere?
886 1792 960 1842 Ad
1018 1792 1153 1843 hanc
1199 1792 1553 1858 objectionem
1600 1793 2008 1861 respondemus,
2060 1807 2223 1860 posse

2337 631 2545 684 σέσειαν
2577 633 2954 700 μετακυλισθῇ,
2988 633 3154 695 οὕτως
3181 635 3298 685 ούδέ
3337 638 3434 704 τὴν
3462 638 3869 706 πατριαρχικὴν

2334 721 2480 773 θείαν
2516 721 2900 789 μεγαλειότητα
2931 721 3228 789 διαιρετέαν
3274 723 3414 775 εἴποι
3451 740 3535 785 τις
3569 720 3706 777 εἶναι
3729 764 3743 785 ,
3776 729 3872 776 καὶ

2333 811 2464 880 πρὸς
2488 809 2707 877 μείζονα
2729 812 2820 862 καί
2839 811 3093 864 ἐλάττονα
3115 811 3378 882 προνόμια
3404 814 3866 880 μεταπίπτουσαν.

2332 898 2422 966 Τῷ
2457 915 2536 948 τοι
2565 897 2655 949 καὶ
2703 898 2938 950 δέδοκται
3001 899 3137 950 κατὰ
3179 902 3357 954 πᾶσαν
3396 901 3707 969 ἐκκλησίαν,
3744 903 3873 970 περὶ

2329 988 2418 1039 τὸν
2450 987 2760 1055 Εὐφράτην,
2785 990 2876 1039 καὶ
2897 988 3155 1056 Τίγρητα,
3175 993 3264 1042 καὶ
3287 991 3443 1042 αὑτὸν
3471 991 3759 1059 διήκουσαν
3783 991 3874 1044 τὸν

2328 1075 2562 1127 ὠκεανὸν
2581 1114 2594 1136 ,
2623 1076 2793 1127 ἰλαδὸν
2838 1078 3031 1137 αὐτοὺς
3059 1079 3439 1145 ἀναφέρεσθαι.
3473 1079 3701 1132 Ἔλασον
3739 1080 3873 1148 γὰρ,

2329 1168 2481 1233 φησί,
2504 1166 2682 1234 χώρας
2707 1166 2870 1218 ἐθνῶν
2892 1205 2904 1226 ,
2925 1169 3016 1218 καὶ
3041 1169 3088 1218 οἰ
3117 1168 3293 1236 θρόνοι
3316 1169 3492 1222 αὐτῶν
3517 1170 3646 1224 ὡσεὶ
3669 1185 3872 1237 κατηρο

2327 1255 2551 1322 τισμένη
2586 1254 2802 1321 σελήνη,
2831 1255 2924 1305 καὶ
2958 1255 3029 1315 ὠς
3058 1255 3207 1323 ἥλιός
3237 1259 3372 1307 εἰσιν
3406 1258 3640 1309 ἐναντίον
3672 1273 3797 1326 μου.

2407 1341 2542 1392 Ἀλλ’
2569 1341 2684 1406 ἐρεί
2718 1356 2836 1400 τιςο
2891 1341 2996 1392 Καὶ
3052 1341 3166 1402 πῶς
3219 1343 3327 1393 τῶν
3381 1343 3538 1394 θείων
3574 1344 3668 1395 καὶ
3709 1342 3875 1412 ἰερῶν

2327 1430 2559 1481 κανόνων
2591 1429 2664 1491 ὡς
2693 1431 2748 1480 ἐν
2786 1430 2999 1497 σχοινίῳ
3045 1429 3393 1497 κληροδοσίας
3436 1433 3872 1500 ἐπιμερισάντων

2324 1519 2436 1577 τοῖς
2467 1517 2828 1584 ⁴κσιτριάρχαις
2856 1517 2955 1583 τῆς
2981 1518 3297 1585 οἰκουμένης
3325 1520 3423 1587 τὴν
3453 1520 3869 1588 τετραμέρειαν,

2325 1605 2479 1665 am;
2502 1605 2840 1673 ὑπερόαίνων
2864 1604 2931 1656 τὰ
2959 1605 3180 1668 δόξαντα
3208 1608 3378 1668 Θέλεις
3400 1608 3475 1668 ῶς
3502 1609 3625 1675 μίαν
3655 1607 3872 1676 ἐνορίαν

2322 1693 2522 1755 ταύτας
2551 1692 2855 1760 λογίζεσθαι
2883 1735 2896 1757 ,
2933 1696 3024 1746 καὶ
3074 1696 3321 1763 συγχέειν
3354 1695 3535 1757 κακῶς
3561 1697 3628 1750 τὰ
3666 1696 3874 1765 διαιρε-

2325 1780 2482 1834 θέντα
2515 1781 2725 1845 καλῶς;
2759 1783 2936 1849 Φαμὲν
2965 1778 3055 1835 οὖν
3089 1784 3221 1850 πρὸς
3251 1783 3348 1850 τὴν
3377 1784 3628 1852 τοιαύτην
3659 1783 3872 1835 ἀντίθε-

688 1881 888 1945 puriter
911 1889 964 1932 et
995 1881 1104 1934 lucc
1131 1882 1237 1933 vim
1267 1896 1415 1934 suam
1462 1883 1724 1943 obtinere,
1775 1880 2219 1948 quemadmodum
2251 1860 2296 1919 Β

2251 1860 2296 1919 Β
2325 1887 2426 1931 σιν,
2455 1870 2524 1932 ὡς
2552 1871 2667 1923 ἔστι
2690 1873 2780 1923 καὶ
2805 1871 2973 1923 ταῦτα
2992 1875 3208 1940 κρατεῖν
3233 1871 3411 1932 καθὼς
3442 1872 3544 1923 ὑπὸ
3564 1872 3670 1923 τῶν
3697 1872 3869 1937 ἁγίων

688 1983 716 2018 a
742 1971 948 2022 sanctis
975 1969 1226 2024 Patribus
1258 1974 1463 2024 sancita
1499 1973 1647 2034 sint,
1681 1979 1733 2023 et
1759 1982 1930 2024 tamen
1973 1972 2223 2023 identita-

687 2066 788 2107 tum
817 2061 1029 2111 unionis
1052 2077 1154 2112 non
1177 2061 1454 2113 confundi.
1480 2060 1666 2128 Opiter
1686 2061 1773 2113 ille
1801 2059 1959 2126 hujus
1983 2060 2220 2113 universi

685 2147 846 2207 Deus,
885 2148 970 2212 qui
999 2148 1265 2201 hominem
1315 2163 1465 2200 suam
1504 2149 1567 2200 ad
1615 2149 1897 2215 imaginem
1960 2147 2133 2208 tinxit,
2167 2154 2221 2198 et

684 2248 857 2300 regem
888 2235 1217 2286 terrestrium
1246 2236 1546 2296 constituit,
1599 2235 1691 2302 qui
1744 2235 1955 2288 caelitus
2006 2249 2220 2300 regere-

683 2329 789 2377 tur.
826 2322 1146 2386 prze'lieatur
1171 2322 1258 2374 ille
1291 2321 1505 2386 quidem
1537 2336 1655 2372 cum
1687 2329 1909 2388 propter
1958 2322 2215 2387 reliquam

685 2410 923 2474 llgmenti
960 2408 1121 2475 hujus
1152 2409 1402 2461 eximiam
1440 2422 1786 2476 compagem;
1833 2417 1943 2459 tum
1977 2407 2117 2476 quod
2150 2422 2216 2459 ex

683 2496 971 2549 immortali
1030 2499 1246 2564 partim,
1300 2499 1493 2565 partim
1553 2497 1765 2551 mortali
1821 2499 2069 2560 mistura,
2120 2512 2215 2551 vas

681 2587 807 2638 illud
840 2595 961 2654 apte
992 2585 1238 2638 ﬂuxerit:
1277 2586 1418 2654 quod
1477 2603 1608 2640 sane
1636 2603 1756 2640 cum
1812 2589 1930 2641 loco
1979 2589 2215 2644 circum-

682 2675 969 2734 scribatur,
1002 2676 1208 2728 ratione
1244 2675 1514 2728 crassitiei
1542 2675 1799 2736 carnalis,
1833 2687 2008 2730 mente
2037 2684 2212 2729 tamen

681 2775 742 2811 ea
769 2769 991 2827 spectat,
1024 2775 1140 2828 quae
1163 2760 1244 2813 vel
1296 2761 1430 2826 apud
1454 2759 1628 2812 Gades
1683 2761 1973 2813 exsistunt.
2030 2758 2214 2825 Neque

683 2850 859 2901 minus
879 2851 924 2902 ei
957 2850 1335 2916 majestatisex
1365 2864 1428 2901 eo
1459 2848 1734 2911 tribuitur,
1763 2848 1904 2916 quod
1936 2850 2210 2900 hominum

682 2939 840 2988 vitam
877 2952 968 3002 per
999 2939 1237 3005 quinque
1278 2953 1469 2990 sensus
1515 2938 1624 3004 regi
1685 2938 1931 2997 voluerit,
1982 2951 2208 3004 quorum

681 3028 904 3093 quilibet
937 3028 1042 3078 vim
1075 3027 1174 3078 sibi
1203 3027 1524 3094 peculiarem
1553 3025 1871 3087 vindicaret,
1904 3040 2025 3078 cum
2073 3025 2211 3077 inte-

680 3121 780 3170 rim
809 3119 1119 3171 societatem
1153 3125 1392 3169 mutuam
1423 3130 1525 3167 non
1556 3115 1841 3184 abnegent.
1890 3114 2039 3168 Licet
2066 3114 2206 3167 enim

2324 1960 2578 2026 Πατάρων
2610 1960 2975 2025 τεθέσπισται,
3017 1963 3108 2012 καὶ
3140 1961 3237 2029 τὴν
3273 1962 3574 2028 ταυτότητά
3605 1961 3704 2029 τῆς
3743 1960 3874 2013 ἐνῶ-

2322 2063 2458 2103 σεως
2491 2047 2563 2115 μὴ
2599 2049 2938 2117 συγχέεσθαι.
2990 2049 3046 2101 ’0
3077 2049 3412 2118 Δημιουργδς
3438 2050 3544 2101 τῶν
3575 2049 3708 2101 ὅλων
3737 2050 3874 2111 Θεὸς

2320 2137 2438 2188 κατ’
2467 2137 2670 2189 οἰκείαν
2707 2137 2887 2188 εἰκόνα
2935 2138 3384 2207 πλαστουργήσας
3427 2139 3516 2192 τὸν
3548 2139 3832 2207 ἄνθρωπον
3853 2179 3870 2204 ,

2319 2226 2411 2275 καὶ
2443 2223 2663 2290 βασιλέα
2691 2227 3038 2292 καταστήσας
3067 2226 3172 2276 τῶν
3197 2226 3286 2276 ἐπὶ
3314 2228 3415 2292 γῆς
3446 2227 3869 2296 βασιλευόμενον

2317 2311 2539 2376 ἄνωθεν,
2565 2315 2808 2381 ὑμνεῖται
2840 2315 2937 2382 μὲν
2958 2314 3052 2366 καὶ
3074 2316 3230 2384 χάριν
3255 2316 3351 2385 τῆς
3370 2316 3532 2384 ἄλλης
3555 2315 3869 2384 ὑπερφυοῦς

2318 2402 2577 2471 ἁρμονίας
2603 2403 2695 2455 τοῦ
2727 2403 3060 2472 πλάσματος,
3087 2406 3178 2457 καὶ
3203 2404 3316 2466 πῶς
3341 2406 3398 2469 ἐξ
3427 2405 3694 2458 ἀθανάτου
3725 2408 3868 2474 κράι

2317 2507 2481 2558 ματος
2502 2492 2592 2542 καὶ
2614 2491 2806 2562 θνητοῦ
2841 2492 2900 2543 τὸ
2927 2492 3170 2559 ἐφόλκιον
3199 2493 3564 2562 διωργάνωσε,
3590 2494 3686 2545 καὶ
3714 2496 3866 2563 τόπῳ

2315 2581 2782 2649 περιγραφόμενον
2811 2579 2887 2648 τῷ
2908 2580 3048 2649 λόγῳ
3075 2581 3172 2650 τῆς
3205 2582 3510 2650 σαρκὼδους
3534 2584 3864 2652 παχύτητος,

2318 2668 2515 2734 νοερῶς
2549 2668 2616 2719 τά
2641 2669 2785 2736 παρὰ
2809 2669 3078 2738 Γαδείρων
3099 2670 3540 2738 περιεργάζεται.
3565 2671 3676 2738 Ούχ
3701 2667 3867 2740 ἦττον

2313 2755 2368 2806 δὲ
2408 2755 2762 2821 μεγαλύνεται
2784 2793 2799 2816 ,
2832 2757 2913 2807 ὅτι
2942 2756 3038 2824 τὴν
3072 2753 3215 2825 ζωὴν
3245 2757 3351 2808 τῶν
3381 2758 3680 2826 ἀνθρώπων
3717 2760 3864 2811 εὑδό-

2312 2863 2444 2911 κησε
2483 2847 2567 2899 διὰ
2600 2849 2755 2898 πέντε
2799 2849 3101 2916 αἰσθήσεων
3141 2846 3513 2915 διεξάγεσθαι,
3547 2851 3861 2919 σφετεριζο-

2313 2936 2483 3002 μένων
2527 2938 2624 3004 τὴν
2665 2936 2929 3003 ἰδικότητα
2956 2979 2970 3002 ,
3019 2937 3113 2988 καὶ
3165 2937 3239 3004 μὴ
3291 2938 3712 3007 ἀπαρνουμένων
3759 2941 3863 3010 τὴν

2308 3026 2675 3078 άνακοίνωσιν.
2713 3025 2827 3077 Κᾶν
2843 3028 2948 3095 γὰρ
2980 3028 3013 3094 ἡ
3039 3027 3157 3093 ὄψις
3187 3027 3346 3096 τυχὸν
3369 3028 3561 3098 ἐνεργῇ
3593 3030 3688 3081 καὶ
3704 3046 3862 3097 μονο-

2315 3113 2492 3182 μερῶς
2540 3115 2600 3165 τδ
2650 3114 3033 3184 ἀποκληρωθὲν
3075 3115 3242 3186 ταύτῃ
3305 3117 3670 3188 λειτούργημα
3707 3118 3859 3188 παρὰ

678 3219 950 3274 aspectus,
975 3206 1121 3259 verbi
1156 3207 1347 3272 gratia,
1373 3221 1569 3257 munus
1590 3206 1690 3257 sibi
1716 3205 1977 3258 divinitus
2032 3204 2209 3271 injun-
2233 3172 2276 3233 Ο

2233 3172 2276 3233 C
2312 3172 2486 3265 ὸεὸῡ,
2515 3203 2650 3254 καθά
2702 3221 2752 3254 τι
2795 3172 2996 3255 δίκαιον
3029 3172 3283 3272 δφλημᾶ,
3337 3205 3410 3273 μὴ
3459 3172 3855 3275 ιὶιῖπὶιειςομέζρη

676 3305 821 3346 ctum
875 3295 1032 3346 etiam
1084 3310 1180 3362 pro
1235 3311 1329 3347 sua
1361 3304 1511 3361 parte
1557 3293 1820 3346 duntaxat
1891 3293 2067 3355 obeat,
2109 3306 2206 3344 ceu

678 3385 914 3435 debitum
975 3382 1243 3449 quoddam
1298 3383 1646 3448 persolvens,
1707 3383 1760 3433 in
1817 3397 1921 3447 quo
1991 3380 2208 3431 minime

677 3473 923 3540 cognatis
952 3486 978 3522 a
1003 3471 1251 3524 sensibus
1293 3471 1597 3536 impeditur,
1657 3482 1994 3536 nequaquam
2027 3475 2204 3519 tamen

675 3564 742 3615 ab
772 3564 960 3614 borum
994 3564 1248 3614 societate
1281 3560 1548 3619 avellitur,
1609 3560 1701 3610 sed
1743 3559 1855 3610 vult
1899 3572 1993 3610 eos
2027 3557 2204 3625 digni-

673 3654 800 3705 tatis
861 3666 968 3704 sure
1028 3651 1314 3718 participes
1373 3663 1530 3708 esse,
1595 3656 1912 3715 mutuasque
1959 3645 2205 3698 conferre

670 3757 864 3808 operas
898 3745 1068 3792 instar
1102 3741 1324 3790 tidarum
1361 3738 1699 3799 ancillarum,
1733 3738 1796 3788 ad
1823 3736 2117 3789 curandum
2153 3735 2202 3787 id

670 3847 888 3898 cot‘pns,
917 3830 1000 3881 cui
1033 3845 1224 3881 sensus
1258 3831 1304 3879 hi
1339 3830 1445 3880 dati
1481 3838 1622 3880 sunt.
1650 3827 1914 3880 Przeterea
1972 3834 2206 3878 meretur

670 3917 1099 3975 admirationem,
1139 3913 1278 3978 quod
1317 3914 1609 3978 quemlibet
1653 3912 1843 3964 borum
1899 3913 2206 3977 geminave-

671 4007 775 4068 rit;
819 4013 876 4057 ut
934 4006 1144 4056 tametsi
1211 4004 1387 4069 perire
1434 4003 1720 4070 contigerit
1772 4017 1960 4066 unum,
2023 4011 2200 4053 tamen

669 4098 910 4162 reliquus
941 4095 1084 4146 illius
1113 4095 1272 4144 etiam
1303 4095 1470 4144 vicem
1504 4093 1742 4158 impleat,
1785 4107 1884 4145 nec
1942 4091 2201 4144 adversus

668 4201 790 4237 eum
823 4185 1142 4235 iusolescant
1172 4195 1365 4233 sensus
1397 4180 1574 4233 adhuc
1610 4181 1825 4248 integri,
1879 4179 1970 4234 sed
2025 4179 2202 4246 potius

666 4275 714 4326 ei
748 4273 1086 4332 condoleant,
1117 4288 1182 4322 ne.
1240 4271 1470 4324 ludibrio
1523 4271 1906 4338 paterfamilias
1959 4271 2199 4337 ipsorum

668 4363 953 4414 habeatur.
989 4359 1195 4426 Quippe
1247 4361 1290 4413 si
1328 4362 1612 4428 contigerit
1669 4363 1980 4413 alterutram
2016 4374 2199 4412 aurem

2313 3292 2458 3358 παρὰ
2479 3292 2586 3343 τῶν
2614 3293 2922 3360 συντρόφων
2949 3293 3271 3361 αἰσθήσεων,
3295 3295 3430 3347 ἀλλὰ
3453 3294 3550 3363 τῆς
3573 3295 3858 3358 κοινωνίας

2310 3379 2483 3431 αὐτῶν
2517 3381 2576 3431 οὗ
2608 3380 2926 3448 χωρίζεταιο
2960 3381 3104 3433 θέλει
3144 3382 3201 3435 δέ
3238 3383 3438 3444 ταύτας
3471 3383 3716 3450 μετέχειν
3747 3386 3856 3434 τῶν

2310 3469 2626 3536 ἀξιωμάτων
2657 3471 2843 3535 αὐτῆς,
2885 3470 2980 3522 καὶ
3009 3471 3334 3538 συναρήγειν
3359 3472 3439 3533 εἰς
3464 3471 3523 3523 τδ
3552 3472 3679 3523 αὐτὸ
3715 3474 3856 3524 κατά

2309 3557 2546 3619 δουλίδας
2575 3559 2767 3619 πιστάς
2787 3596 2802 3620 ,
2841 3563 2977 3628 πρὸς
3014 3560 3306 3628 θεραπείαν
3336 3559 3427 3614 τοῦ
3456 3561 3656 3623 ταύτας
3688 3562 3858 3613 πλου-

2310 3647 2566 3711 τήσαντος
2609 3647 2874 3714 σώματος.
2923 3649 3042 3700 Ἔτι
3077 3649 3443 3714 θαυμάζεται,
3472 3649 3587 3710 πῶς
3618 3651 3858 3714 ἑκάστην

2310 3733 2509 3784 τούτων
2535 3735 2937 3798 ἐδιπλασίασεν,
2969 3736 3054 3787 ἵνα
3090 3737 3192 3788 κᾶν
3235 3738 3411 3806 συμϐῇ
3444 3738 3853 3806 περιαιρεθῆναι

2309 3823 2405 3890 τὴν
2437 3823 2562 3890 μίαν
2584 3861 2598 3884 ,
2627 3824 2658 3890 ἡ
2688 3824 3090 3890 περιλειφθείσα
3120 3825 3374 3892 κάκείνης
3407 3826 3496 3877 τὸν
3529 3827 3688 3878 τόπον
3721 3833 3851 3880 ἁνα-

2311 3913 2648 3979 πληρώσειε,
2697 3912 2790 3962 καὶ
2845 3914 2920 3980 μὴ
2973 3913 3502 3974 καταλαζονεύωνται
3539 3915 3742 3984 ταύτης
3799 3919 3852 3968 αἰ

2308 4002 2666 4065 ἁρτιόσωμοι,
2711 4002 3021 4066 συμπονῶσι
3052 4001 3106 4050 δὲ
3141 4003 3335 4066 μᾶλλον
3375 4004 3530 4070 αὐτῇ,
3560 4003 3636 4064 ὡς
3682 4005 3746 4056 ἂν
3779 4005 3850 4072 μὴ

2306 4091 2333 4140 ὁ
2357 4088 2732 4155 οἰκοδεσπότης
2753 4089 2925 4139 αὐτῶν
2954 4089 3368 4157 θριαμϐεύηται.
3408 4091 3494 4152 Ὠς
3520 4091 3675 4160 εἰπερ
3703 4093 3850 4161 τύχοι

2307 4179 2399 4228 καὶ
2423 4177 2518 4246 τὴν
2547 4178 2775 4245 Θατέραν
2817 4179 3177 4246 ἀχρειωθῆναι
3206 4179 3313 4231 τῶν
3344 4179 3548 4245 ἀκοῶν,
3579 4181 3760 4233 οὐκέτι
3793 4183 3850 4232 τό

2308 4268 2586 4319 κάλλιστον
2631 4267 2817 4336 χρῆμα
2868 4271 2894 4319 ό
2935 4267 3237 4338 ἄνθρωπος,
3271 4268 3488 4332 ἐντελὴς
3541 4270 3634 4322 καὶ
3692 4271 3845 4332 σῶος,

2307 4355 2399 4406 καὶ
2427 4351 2536 4407 οἷον
2571 4356 2728 4408 αὑτὸν
2763 4357 2790 4407 ὁ
2819 4356 2947 4418 Θεὸς
2995 4358 3320 4422 εἰργάσατο,
3356 4357 3597 4423 λέγεται·
3631 4360 3746 4411 ἀλλ’
3775 4360 3848 4422 ὡς

667 4453 908 4505 inutilem
944 4451 1114 4503 reddi.
1142 4465 1244 4500 non
1272 4452 1498 4516 amplius
1552 4451 1732 4511 homo,
1766 4457 2002 4502 creatum
2041 4449 2198 4515 longe
2225 4479 2276 4536 Β

2225 4443 2562 4536 1)ἔκτρωμά
2609 4460 2662 4494 τι
2708 4444 3002 4509 λογίζεται,
3054 4446 3157 4496 ὑπὸ
3205 4445 3308 4498 τῶν
3347 4445 3546 4500 λοιπῶν
3575 4449 3845 4515 τεττάρων

666 4538 1110 4608 pulcherrimum,
1155 4534 1422 4601 perfectus
1457 4544 1507 4587 et
1552 4535 1861 4592 incolumis.
1903 4544 1955 4587 et
1987 4535 2194 4601 qualem

664 4630 807 4682 Deus
833 4626 1092 4682 condidit,
1144 4640 1263 4677 esse
1328 4625 1554 4687 dicitur;
1612 4623 1704 4676 sed
1755 4624 1927 4676 instar
1978 4625 2196 4677 abortus

663 4717 908 4778 habetur,
961 4730 1079 4766 cum
1141 4728 1169 4764 a
1219 4713 1436 4779 reliquis
1470 4722 1698 4779 quatuor
1747 4714 2017 4780 sensibus,
2070 4713 2195 4765 licet

663 4804 962 4856 incolumes
987 4803 1113 4863 sint,
1138 4801 1318 4852 auxilii
1343 4801 1472 4851 nihil
1498 4802 1708 4854 habeat.
1734 4801 2193 4865 Quemadmodum

660 4907 787 4958 ergo
822 4893 1064 4958 quolibet
1101 4906 1262 4942 sensu
1296 4905 1489 4942 munus
1522 4905 1678 4943 suum
1728 4892 2005 4959 implente,
2035 4901 2193 4945 caztc-

661 4993 838 5030 rorum
876 4993 1032 5029 usum
1063 4994 1165 5031 non
1216 4978 1536 5042 inficiainur,
1584 4994 1681 5033 nec
1734 4980 2053 5034 damnamus
2103 4996 2195 5035 eos

663 5074 912 5131 tanquam
942 5066 1115 5120 fthUs
1155 5076 1206 5118 et
1228 5067 1471 5132 inutiles,
1503 5077 1783 5137 propterea
1811 5071 1950 5137 quod
1981 5071 2191 5138 gemina

661 5157 865 5207 ratione.
913 5172 1014 5207 non
1063 5156 1173 5209 sint
1228 5156 1490 5223 ellicaces,
1543 5159 1989 5225 quemadmodum
2038 5169 2192 5213 erant

659 5245 882 5306 ronditi,
907 5245 996 5296 sed
1025 5246 1201 5312 potius
1236 5245 1315 5298 eis
1346 5245 1583 5299 favemus
1619 5246 1834 5315 (quippe
1869 5249 1912 5300 si
1955 5263 2092 5300 unus
2124 5264 2187 5301 ex

655 5334 756 5391 eis.
788 5334 866 5385 uti
897 5333 1097 5385 dictum
1131 5343 1233 5396 est,
1267 5334 1319 5386 in
1343 5335 1654 5388 universum
1689 5335 1980 5399 defecerit;
2011 5346 2178 5389 totum

654 5433 851 5484 corpus
902 5421 1088 5474 inutile
1135 5422 1402 5486 redditur,
1456 5431 1507 5475 et
1553 5423 1621 5475 ab
1676 5425 1985 5479 hominibus
2039 5427 2178 5478 haud

652 5509 806 5560 aliter
842 5508 1062 5562 habetur
1102 5519 1261 5578 atque
1315 5512 1359 5564 si
1409 5527 1516 5566 non
1553 5514 1873 5580 exsisteret),
1906 5515 1982 5569 sic
2019 5518 2177 5570 etiam

649 5596 928 5659 quinarius
975 5599 1400 5665 patriarcharum
1467 5610 1609 5656 recte
1637 5611 1796 5670 atque
1827 5606 2014 5658 ordine
2061 5622 2176 5660 sese

649 5693 814 5752 geret.
849 5684 977 5738 Nam
1004 5689 1227 5755 quilibet
1256 5690 1446 5743 borum
1500 5693 2021 5749 administrationem
2073 5698 2171 5750 sibi

2301 4531 2623 4594 αἰσθήσεων,
2648 4531 3002 4594 ύγιαινουσῶν
3029 4535 3122 4583 καί
3147 4533 3339 4591 ταῦταῖ
3363 4532 3436 4601 μὴ
3468 4533 3840 4602 βοηθούμενος.

2313 4619 2396 4681 Ὠς
2434 4619 2562 4684 γοῦν
2606 4621 2839 4688 ἑκάστης
2889 4619 2994 4671 τῶν
3041 4621 3340 4689 αἰσθήσεων
3389 4623 3700 4692 πληρούσης
3749 4626 3837 4694 τὴν

2297 4709 2499 4760 οἰκείαν
2525 4708 2822 4776 ἐνέργειαν,
2847 4708 2951 4760 τῶν
2980 4709 3178 4764 λοιπῶν
3209 4711 3267 4762 τὸ
3287 4713 3553 4780 χρήσιμον
3574 4715 3674 4768 οὐκ
3700 4716 3838 4767 ἅπας

2299 4798 2601 4863 ναινόμεθα,
2634 4798 2750 4850 οὑδέ
2782 4798 3273 4867 καταψηφιζόμεθα
3304 4801 3502 4853 τούτων
3534 4803 3839 4872 άσχημοσύυ

2297 4902 2391 4953 νην
2417 4887 2508 4937 καί
2541 4886 2863 4955 άχρειότητα
2886 4927 2900 4951 ,
2925 4887 3012 4938 διὰ
3038 4887 3098 4939 τὸ
3134 4887 3208 4955 μὴ
3236 4888 3544 4952 διπλοειδῶς
3577 4893 3832 4961 ἐνεργεῖν,

2297 4973 2474 5036 καθὼς
2505 4974 3041 5044 πεπλαστούργηνται
3063 5013 3077 5037 ,
3118 4977 3312 5043 μᾶλλον
3349 4978 3444 5045 μὲν
3473 4976 3565 5030 οὖν
3595 4981 3692 5031 καὶ
3718 4996 3835 5031 συν-

2296 5065 2494 5132 άγομεν
2527 5065 2676 5134 (μιᾶς
2711 5065 2817 5134 γὰρ
2845 5065 2905 5127 ἐξ
2929 5065 3104 5117 αὐτῶν
3134 5067 3467 5134 σχολασάσης
3496 5069 3734 5131 τελείως.
3761 5070 3833 5130 ὡς

2293 5156 2524 5222 εἴρηται,
2566 5154 2682 5205 ὅλον
2729 5154 2788 5205 τὸ
2840 5154 2993 5222 σῶμα
3030 5155 3349 5222 ἠχρείωται,
3400 5157 3494 5208 καὶ
3519 5158 3594 5219 ὡς
3619 5159 3751 5226 μηδὲ
3775 5158 3833 5209 δν

2290 5246 2399 5304 τοῖς
2422 5241 2721 5309 ἀνθρώποις
2741 5241 3051 5309 λογίζεται)·
3068 5243 3207 5294 οὕτω
3229 5245 3318 5294 καὶ
3339 5243 3446 5296 τῶν
3482 5245 3832 5314 πατριαρχῶν

2289 5335 2322 5400 ἡ
2359 5333 2554 5393 πεντάς
2581 5373 2594 5396 ,
2643 5333 2864 5394 δικαίως
2895 5335 2987 5384 καὶ
3030 5333 3284 5400 ἀσφαλῶς
3328 5337 3825 5406 οἰκονομηθήσεται.

2292 5423 2552 5484 Ἕκαστος
2581 5421 2689 5490 γάρ
2717 5423 2940 5485 τούτων,
2977 5424 3074 5490 τὴν
3105 5423 3200 5490 μὲν
3227 5425 3659 5493 ἀπονεμηθεῖσαν
3683 5427 3826 5494 αὐτῷ

2287 5515 2545 5583 διοίκησιν
2593 5515 2870 5583 ἐνεργήσει
2904 5513 3218 5580 μονοειδῶς,
3265 5515 3348 5567 ἵνα
3380 5516 3454 5585 μὴ
3495 5518 3824 5585 συγχέωνται

2286 5605 2389 5656 τῶν
2437 5604 2602 5670 ἁγίων
2653 5605 2979 5674 Ἐκκλησιῶν
3014 5605 3080 5656 τὰ
3109 5606 3401 5674 προνόμιαο
3434 5606 3542 5658 τῶν
3565 5607 3619 5658 δὲ
3662 5609 3823 5676 τιμῆς

2283 5695 2374 5745 τοῦ
2421 5695 2552 5746 Θεοῦ
2589 5697 2678 5748 καὶ
2712 5697 2815 5748 τῶν
2857 5696 3113 5749 ἀνέκαθεν
3158 5697 3452 5765 δεδομένων
3493 5698 3715 5750 δικαίων
3758 5702 3816 5766 τῇ
