4110 6468
251 373 384 437 1025

1667 373 2075 435 ΜΕῡιΤλΤΛ.

3283 389 3417 454 1026

254 493 624 562 πατριαρχικῇ
654 490 770 562 θείᾳ
802 494 1206 560 μεγαλειότητι,
1239 494 1406 556 οὐδεὶς
1448 495 1786 561 άποξενωθήο

1897 497 2144 548 tributam
2170 497 2331 548 obibit
2361 511 2453 562 pm
2487 506 2633 562 parte
2657 510 2776 558 sua,
2819 511 2885 549 ne
2909 507 3216 552 sanctarum
3245 502 3410 555 eccle-

260 599 430 635 σεται.
466 583 527 634 Εί
559 582 663 649 γάρ
694 581 926 633 τοιοῦτόν
951 600 1000 634 τι
1029 583 1267 650 γένηται,
1299 587 1387 635 καὶ
1417 585 1503 636 τὸν
1543 584 1787 648 Ἀλεξανε

256 671 442 741 δρείας
496 670 652 738 τυχὸν
716 671 1094 740 εὑρισκόμενον
1149 673 1225 731 είς
1278 671 1373 738 τὴν
1435 672 1540 722 τῶν
1593 672 1792 722 πόλεων

259 758 661 828 βασιλεύουσαν,
692 759 796 810 τῶν
823 760 1224 828 πατριαρχικῶν
1264 760 1567 826 προνομίων
1596 761 1791 824 ἀποξε-

258 848 420 900 νώσει
450 865 552 909 τις,
579 849 658 900 ὅτι
685 848 822 900 κατά
843 850 940 915 τὴν
969 849 1167 899 οίκείαν
1192 847 1399 913 ὲνορίαν
1421 849 1478 898 οὐ
1514 847 1790 914 πάρεστιν,

257 938 546 1004 ἀχρειώσει
577 937 670 1005 τὴν
697 937 928 1004 κεφαλὴν
949 938 1022 997 ὡς
1047 937 1411 1001 κωφεύουσαν,
1437 936 1468 1003 ἢ
1493 936 1792 987 ἀϐλεπτοῦ-

257 1044 376 1088 σαν,
406 1029 496 1078 καὶ
524 1029 627 1079 ὑπὸ
649 1030 934 1097 τεττάρων,
983 1027 1014 1093 ἢ
1069 1028 1158 1078 καὶ
1207 1026 1368 1095 τριῶν
1414 1026 1793 1094 διεξαγομένην

258 1117 579 1184 αίσθήσεων.
608 1115 703 1166 Διὰ
731 1115 929 1181 ταύτην
961 1114 1056 1179 τὴν
1082 1114 1276 1170 αἰτίαν.
1304 1113 1376 1171 ὡς
1404 1113 1562 1172 ἔοικε,
1596 1129 1790 1178 προτε-

253 1205 500 1257 τύπωται
558 1202 946 1274 προϐάλλεσθαι
1011 1201 1149 1252 κατὰ
1182 1201 1241 1251 τὸ
1284 1200 1652 1267 ἀπαραίτητον
1699 1200 1792 1250 καὶ

255 1295 381 1355 τοὺς
414 1295 486 1362 μὴ
521 1294 736 1361 ἔχοντας
777 1291 1110 1360 πατριάρχας
1161 1290 1282 1350 τοὺς
1314 1288 1792 1355 ἀποκληρωθέντας

257 1383 442 1443 αὐτοῖς
468 1381 652 1447 ἁγίους
671 1379 1007 1448 θρόνους,διά
1032 1377 1127 1445 τὴν
1154 1377 1446 1446 ἐπιδρομὴν
1474 1375 1580 1426 τῶν
1603 1374 1787 1436 ἐθνῶν,

257 1471 349 1521 τὸν
382 1468 706 1538 ’Δντιοχείας
734 1465 935 1518 καὶτὸν
969 1464 1347 1532 Ἱεροσολύμων
1381 1465 1543 1531 φημί.

1890 586 2089 638 siarum
2122 587 2394 652 privilegia
2422 586 2854 639 confundantur:
2888 603 2985 639 nec
3011 596 3189 640 tamen
3209 589 3416 643 honore

1891 687 2150 726 concesso
2186 675 2460 738 divinitus,
2495 675 2701 728 datisve
2741 675 3037 742 antiquitus
3074 677 3418 743 patriarchali

1894 773 2061 812 sacra
2088 760 2422 827 amplitudini
2469 749 2720 826 juribus,
2755 761 3023 827 quispiam
3077 761 3419 826 spoliabitur.

1896 848 2099 916 Quippe
2141 850 2184 902 si
2219 851 2324 903 tale
2354 850 2482 918 quid
2516 851 2852 910 usuvenerit,
2906 857 2958 901 et
3001 850 3419 902 Alexandrinum

1899 941 2064 1006 (verbi
2101 941 2281 1009 causa)
2314 941 2366 994 in
2396 943 2528 994 urbe
2572 942 2917 1010 imperattjice
2976 953 3422 1002 commorantem,

1898 1029 2188 1096 privilegiis
2266 1031 2714 1096 patriarchalibus
2792 1040 3070 1098 propterea
3148 1033 3420 1099 quispiam

1897 1115 2226 1183 spoliaverit,
2258 1118 2398 1183 quod
2418 1133 2523 1171 non
2549 1117 2704 1186 degat
2728 1119 2779 1170 in
2803 1119 3075 1186 provincia
3103 1133 3198 1171 sua
3227 1129 3426 1185 :caput

1895 1205 2067 1272 ipsum
2099 1205 2288 1258 inutile
2310 1207 2514 1264 reddet.
2537 1215 2785 1273 tanquam
2819 1209 3065 1270 surdum,
3088 1208 3173 1259 vel
3201 1222 3426 1268 caecum,

1895 1300 1947 1342 et
1979 1299 2228 1358 quatuor,
2261 1300 2351 1343 aut
2403 1294 2571 1345 tribus
2606 1292 2868 1345 duntaxat
2922 1294 3174 1346 sensibus
3236 1295 3427 1361 praedi-

1898 1386 2029 1430 tum.
2058 1380 2136 1433 οι)
2165 1380 2301 1432 hanc
2356 1381 2524 1446 ipsum
2557 1395 2800 1440 causam,
2842 1396 2937 1434 ceu
2983 1382 3125 1432 credi
3196 1396 3290 1448 par
3327 1391 3427 1441 est,

1892 1467 2206 1532 jamdudum
2243 1469 2509 1520 sancitum
2549 1477 2651 1533 est,
2693 1480 2745 1521 ut
2781 1469 2921 1521 haud
2960 1470 3121 1521 dubie
3175 1485 3268 1536 per
3316 1471 3427 1522 ele-

257 1559 492 1610 ctionem
552 1557 901 1608 instituantur
945 1555 1104 1605 etiam
1166 1554 1200 1604 ii
1270 1553 1624 1619 patriarchae,
1693 1553 1783 1620 qui
1821 1557 2108 1622 caeteroqui
2144 1570 2325 1610 sacros
2349 1557 2448 1610 sibi
2475 1557 2772 1610 destinatos
2850 1557 3094 1617 thronos,
3156 1557 3226 1608 ob
3270 1571 3424 1624 pagri.

255 1661 453 1700 norum
483 1646 707 1699 hostiles
730 1646 1002 1706 incursus,
1050 1643 1190 1696 haud
1223 1643 1529 1707 possident:
1565 1644 1959 1710 Antinehenus,
1999 1646 2238 1713 inquam,
2283 1654 2334 1698 et
2373 1646 2910 1713 Hierosolymitanus.

325 1736 445 1787 Κᾶν
476 1734 578 1801 γάρ
604 1729 908 1800 ἐξώσθησαν
943 1734 1038 1800 τῆς
1058 1731 1213 1798 δόξης
1237 1731 1344 1782 τῶν
1367 1731 1568 1798 θρόνων
1595 1731 1790 1792 αὐτῶν,

1964 1732 2162 1796 Quavis
2189 1734 2330 1788 enim
2359 1736 2526 1802 gloria
2575 1736 2891 1786 thronorum
2935 1748 3153 1786 suorum
3192 1747 3286 1800 per
3325 1736 3428 1783 vim

255 1825 374 1877 ἀλλ’
413 1826 445 1893 ἡ
507 1822 847 1891 πνευματικῆ
879 1822 1058 1889 χάριςς
1096 1821 1235 1874 κατὰ
1263 1822 1353 1871 τὸν
1383 1821 1565 1880 Δαδὶδ,
1597 1821 1656 1871 οὐ
1689 1838 1794 1874 πα-

255 1915 630 1982 λαιωθήσεται.
658 1913 808 1976 Ἥξει
837 1912 891 1964 δὲ
917 1912 1110 1978 μᾶλλον
1130 1914 1158 1962 ό
1180 1911 1306 1970 Θεὸς
1340 1911 1490 1978 ἡμῶν
1521 1910 1794 1976 ἐμφανῶς,

257 2006 355 2056 καὶ
409 2003 467 2054 οὐ
515 2002 1023 2068 παρασιωπήσεται·
1083 1999 1156 2060 ὡς
1187 2001 1461 2066 συναγάγῃ
1494 1997 1640 2065 αὑτῷ
1669 1999 1795 2058 τοὺς

257 2094 438 2152 ὁσίους
464 2091 646 2153 αὑτοῦ,
703 2090 822 2150 τοὺς
854 2087 1248 2156 διατιθεμένους
1283 2088 1382 2153 τὴν
1414 2087 1674 2154 διαθήκην
1697 2087 1797 2138 αὑ-

255 2182 378 2235 τοῦ.
412 2179 824 2249 Φιλοφρονητέον
855 2177 1029 2230 τοίνυν
1049 2179 1172 2238 τοὺς
1221 2175 1660 2239 ἀποξενωθέντας
1692 2193 1796 2227 παη

259 2272 525 2341 τριάρχας
550 2273 611 2320 ἐκ
635 2269 741 2320 τῶν
797 2269 1108 2335 ἁγιωτάτων
1159 2267 1458 2334 ἑκκλησιῶν
1481 2267 1676 2331 αὐτῶν,
1705 2269 1796 2320 καὶ

260 2356 583 2424 ὑπερορίους
620 2355 956 2424 καθημένους
1014 2357 1090 2417 τίς
1126 2355 1308 2422 ἑτέρου
1364 2355 1692 2424 πατριάρχου
1721 2356 1798 2407 δι-

255 2446 492 2512 οίκησιν,
521 2445 609 2496 καὶ
633 2444 704 2512 μὴ
722 2444 1061 2512 ἀτιμαστέον.
1088 2444 1472 2496 Κεκανόνισται
1493 2445 1596 2511 γὰρ
1619 2461 1797 2513 παρα-

257 2531 538 2584 καλεῖσθαι
620 2532 869 2594 τούτους,
949 2531 1042 2582 καὶ
1107 2531 1286 2600 πάσης
1331 2531 1642 2598 ἐπιμελείας
1703 2534 1796 2582 καὶ

258 2617 525 2686 ὑποδοχῆς
551 2618 843 2682 ἀξιοῦσθαι,
876 2619 936 2669 οὺ
970 2617 1072 2687 μὴν
1099 2617 1409 2685 ὑϐρίζεσθαι
1454 2618 1538 2671 διὰ
1565 2620 1662 2686 τὴν
1690 2618 1797 2669 τῶν

257 2707 598 2774 πραγμάτων
629 2706 970 2774 ἀνωμαλίαν,
1025 2707 1232 2774 θρήνων
1283 2707 1436 2769 ἀξίαν
1490 2707 1670 2768 οὖσαν,
1708 2709 1798 2758 καὶ

260 2792 342 2861 μὴ
357 2793 668 2853 ἀλαζονείας
693 2794 1027 2860 γεννὴτριαν.
1046 2787 1176 2843 Εἶτα
1199 2793 1306 2844 τῶν
1328 2793 1481 2845 θείων
1507 2795 1598 2846 καὶ
1631 2795 1797 2860 ἀγίων

255 2883 494 2953 Γραφῶν
542 2881 633 2933 καὶ
665 2882 770 2933 τῶν
809 2883 1092 2949 Πατρικῶν
1138 2884 1478 2948 παραδόσεων
1504 2901 1800 2951 κατονομα-

257 2971 472 3034 ζουσῶν
506 2973 695 3024 Πάπαν
718 2971 806 3023 τὸν
829 2972 1122 3022 ἐπίσκοπον
1160 2970 1393 3039 Ῥώμης,
1421 2971 1675 3034 ὡσαύτως
1704 2973 1795 3024 καὶ

1894 1823 2229 1885 exciderunt,
2277 1834 2450 1877 tamen
2520 1824 2812 1889 spiritualis
2881 1823 3074 1890 gratia,
3129 1819 3423 1874 secundum

1894 1910 2169 1969 Davidcm.
2217 1928 2320 1964 non
2357 1912 2642 1964 exolescet.
2681 1911 2788 1963 lino
2839 1911 3015 1977 potius
3064 1910 3239 1962 veniet
3290 1909 3429 1963 Deus

1895 2006 2080 2048 noster
2126 1998 2432 2060 manifesto,
2490 2014 2587 2051 nec
2651 1999 2922 2061 silebitur;
2963 2007 3016 2050 ut
3059 2000 3276 2064 colligat
3328 1998 3428 2050 sibi

1895 2094 2113 2138 sanctos
2152 2101 2298 2146 suos,
2346 2087 2436 2154 qui
2480 2095 2855 2139 testamentum
2903 2087 3071 2151 ipsius
3119 2086 3428 2151 disponunt.

1896 2173 2078 2241 Itaque
2126 2173 2513 2242 complectendi
2557 2180 2681 2226 sunt
2729 2182 2971 2225 amanter
3019 2174 3052 2225 ii
3089 2173 3428 2239 patriarchas.

1894 2263 1984 2330 qui
2046 2263 2400 2316 sanctissimis
2452 2261 2708 2317 Ecclesiis
2766 2265 2878 2316 suis
2928 2263 3330 2330 spoliati'snnt,
3379 2268 3430 2312 et

1897 2352 2110 2405 exsules
2151 2353 2200 2403 in
2229 2353 2447 2404 alterius
2482 2352 2795 2418 patriarcha:
2823 2352 3043 2404 dicecesi
3073 2351 3291 2418 degunt,
3330 2353 3430 2399 mi-

1897 2441 2144 2508 nimeque
2203 2440 2542 2498 contumeliis
2590 2439 2869 2492 alliciendi.
2909 2438 3114 2506 Quippe
3166 2440 3429 2490 sancitum

1896 2529 2193 2581 canonibus
2233 2535 2333 2590 est,
2374 2535 2432 2579 ut
2483 2542 2576 2580 ens
2618 2528 2973 2589 consolemur,
3020 2538 3072 2580 et
3107 2525 3252 2578 omni
3301 2539 3429 2577 cura

1904 2618 2347 2685 susceptioneqne
2414 2617 2709 2684 iiguemur;
2749 2631 2853 2668 non
2898 2615 3109 2682 injuriis
3139 2613 3431 2665 adiciamus

1897 2706 1964 2760 ob
1995 2720 2172 2757 rerum
2231 2705 2584 2756 humanarum
2663 2705 3101 2763 inconstantiam,
3171 2717 3288 2769 qua
3353 2701 3431 2751 la-

1897 2794 2094 2862 crymis
2133 2793 2309 2862 potius
2338 2801 2421 2846 est
2458 2793 2638 2860 digna,
2673 2807 2834 2860 quam
2874 2800 2932 2844 ut
2976 2791 3318 2844 insolentiam
3355 2790 3431 2856 gi-
3471 2777 3476 2782 ’

1898 2897 2058 2950 gnere
2115 2883 2322 2934 debeat.
2374 2883 2634 2934 (Sa-terum
2681 2896 2802 2934 cum
2852 2897 3019 2934 sacra:
3055 2880 3288 2942 Littera,
3329 2878 3433 2932 Pa-

1903 2978 2150 3036 trumque
2169 2970 2503 3027 traditiones.
2522 2971 2827 3038 episcopum
2852 2970 3147 3022 Romanum
3169 2970 3432 3037 appellent

247 3062 352 3114 τὸν
392 3060 780 3128 ⁹Δλεξανδρείιις
804 3076 816 3088 °
843 3060 974 3112 am
1006 3060 1108 3128 μὴν
1140 3062 1226 3112 καὶ
1259 3061 1348 3111 τὸν
1375 3062 1790 3114 Κωνσταντινουι

1898 3073 2082 3125 papam
2106 3075 2119 3120 ;
2157 3058 2444 3124 itidemque
2471 3059 2911 3119 Alexandrinum,
2935 3067 2986 3110 et
3015 3060 3188 3125 ipsum
3219 3073 3432 3126 quoque

252 3147 490 3212 αἰόλιως,
514 3150 608 3202 καὶ
631 3150 719 3201 τὸν
749 3150 1006 3217 Ἰεροσολῠ
1017 3165 1147 3217 μων,
1181 3151 1631 3216 ἀρχιεπισκόπους
1656 3167 1668 3180 ·
1704 3151 1796 3217 μό-

255 3257 345 3292 νον
371 3240 429 3291 δὲ
469 3241 558 3291 τὸν
604 3239 944 3306 Ἀντιοχείας,
983 3240 1341 3304 πατριάρχην.
1382 3238 1508 3298 Πῶς
1542 3239 1646 3288 τῶν
1681 3239 1798 3288 Ἀν-

249 3329 478 3398 τιοχέων
522 3331 554 3396 ἠ
616 3327 872 3396 ἐκκλησία
924 3328 1018 3394 οὐχ
1063 3326 1394 3395 ὑθριοπαθεῖ,
1461 3328 1796 3393 μανθάνουσα

251 3419 350 3469 καὶ
380 3419 500 3478 τοὺς
534 3416 766 3477 λοιποὺς,
794 3417 1127 3484 πατριάρχας
1154 3416 1639 3484 ἀνακηρύττεσθαις
1667 3419 1796 3470 πάν-

248 3524 364 3570 τως
416 3507 502 3560 διά
527 3506 624 3573 τὴν
653 3505 950 3573 ταυτότητα
979 3506 1077 3571 τῆς
1111 3505 1291 3572 τιμῆς,
1348 3509 1440 3557 καὶ
1466 3506 1550 3557 διὰ
1592 3507 1652 3557 τὸ
1701 3509 1795 3558 ἑπ-

251 3597 404 3663 ἀχειν
433 3595 556 3656 τοὺς
589 3589 746 3646 πὲντε
771 3595 1109 3661 πατριάρχας
1145 3594 1306 3644 τόπον
1338 3593 1434 3659 τῆς
1473 3595 1597 3659 μιᾶς
1631 3609 1796 3660 κεφα-

251 3680 353 3747 λῆς
382 3678 474 3730 τοῦ
502 3676 775 3746 σώματος,
807 3677 1001 3746 δηλαδὴ
1025 3679 1128 3729 τῶν
1151 3678 1316 3743 ἁγίων
1346 3678 1676 3746 Ἐκκλησιῶν
1703 3680 1794 3732 τοῦ

248 3768 414 3821 Θεοῦ.

333 3856 490 3907 Ἐπεὶ
519 3857 576 3907 δέ
629 3873 770 3917 τινες
804 3857 1014 3922 λέγουσι
1050 3857 1212 3924 μηδὲν
1263 3851 1397 3908 εἶναι
1423 3856 1480 3909 τδ
1528 3858 1790 3926 ἐμποδὼν,

245 3947 349 4001 καὶ
374 3947 498 4007 τοὺς
526 3947 796 4014 ἑκασταχῆ
829 3946 1307 4015 ἀρχιερατεύοντας
1358 3945 1498 3998 οὕτω
1537 3948 1792 4015 τιμᾶσθαι

244 4035 345 4085 καὶ
404 4033 813 4102 μεγαλύνεσθαι.
880 4035 985 4085 Καὶ
1049 4027 1194 4085 οὗτοι
1254 4049 1359 4098 γαρ
1415 4033 1790 4085 διδασκαλικοῦ

243 4122 558 4190 ἀξιώματος
583 4122 959 4188 κατηξίωνται,
987 4123 1076 4174 καὶ
1098 4123 1236 4174 κατά
1265 4124 1462 4175 Ἁῐωσέα
1485 4124 1572 4172 καὶ
1589 4121 1794 4190 ’Λαρὼν

238 4215 329 4275 είς
357 4215 426 4264 τὰ
448 4211 577 4279 ἅγια
591 4213 697 4263 τῶν
723 4212 888 4279 άγίων
908 4215 1185 4281 ἑστήκασι.
1218 4214 1310 4265 καὶ
1333 4213 1428 4281 τὴν
1464 4213 1793 4278 ἀναίμακτον

240 4302 442 4356 θυσίαν
470 4301 848 4371 προσφέρουσι.
888 4301 1086 4369 Φαμὲν,
1121 4302 1193 4362 ὡς
1232 4303 1335 4353 ἀπὸ
1378 4302 1482 4352 τῶν
1523 4301 1676 4352 θείων
1702 4302 1792 4352 καὶ

1895 3147 2572 3212 Constantinopolitanum,
2629 3163 2688 3199 ac
2735 3146 3295 3216 Hierosolymitanum,
3345 3163 3431 3199 ar-

1895 3237 2298 3304 chiepiscopos;
2355 3238 2527 3290 solum
2580 3251 2703 3289 vero
2761 3237 3147 3290 Antiochenum
3202 3238 3429 3304 patriar-

1894 3327 2050 3380 cham
2080 3343 2092 3377 :
2128 3329 2214 3394 qui
2243 3326 2353 3379 fieri
2383 3336 2575 3394 potest,
2609 3335 2666 3378 ut
2697 3326 3026 3380 Antiochena
3067 3328 3292 3380 ecclesia
3323 3343 3430 3381 nea

1895 3415 2127 3483 patiatur
2166 3415 2439 3482 injurinm,
2485 3428 2602 3482 qua:
2657 3413 2937 3482 intelligat,
2983 3414 3216 3482 reliquos
3267 3416 3428 3468 etiam

1895 3505 2104 3572 publice
2148 3503 2250 3555 dici
2301 3502 2671 3570 patriarchas?
2706 3502 2935 3556 Omnino
2976 3503 3031 3555 ﬁt
3070 3504 3168 3556 hoc
3215 3513 3431 3570 propter

1893 3593 2226 3646 identitatem
2254 3593 2495 3655 honoris,
2528 3600 2580 3645 et
2607 3592 2747 3660 quod
2777 3593 2826 3645 hi
2852 3594 3091 3659 quinque
3111 3593 3430 3658 patriarcha:

1893 3682 2061 3734 vicem
2115 3683 2274 3736 unius
2326 3683 2517 3751 capitis
2570 3684 2807 3736 universi
2851 3685 3094 3750 corporis
3131 3683 3426 3745 obtineant,

1893 3776 2201 3821 sanctarum
2225 3767 2470 3821 videlicet
2496 3766 2860 3822 Ecclesiarum
2897 3769 3012 3822 Dei.

1960 3856 2093 3921 Quia
2122 3872 2246 3911 vero
2275 3857 2491 3925 quidam
2531 3858 2836 3924 perhibent,
2865 3857 2997 3910 nihil
3031 3872 3152 3912 esse
3200 3857 3425 3924 impedi-

1892 3957 2099 4007 mento,
2183 3947 2471 4013 quominus
2553 3947 2729 3998 ubivis
2779 3947 3060 4000 constituti
3120 3948 3422 4014 pontitiecs,

1891 4039 2076 4088 eodem
2124 4051 2242 4088 cum
2313 4037 2634 4103 patriarchis
2700 4037 2904 4090 honore
2969 4037 3423 4104 amplitudineqm-

1891 4124 2156 4186 fruantur,
2217 4140 2334 4177 cum
2385 4133 2437 4178 et
2496 4125 2595 4192 ipsi
2648 4126 2872 4179 docendi
2919 4127 3230 4191 dignitatem
3285 4127 3421 4176 nat-ti

1891 4219 2040 4273 sunt,
2080 4219 2132 4263 et
2161 4212 2401 4278 exemplo
2443 4209 2604 4263 Mosis
2633 4218 2684 4263 et
2722 4211 2952 4262 Aaronis
2988 4211 3038 4262 in
3071 4209 3271 4262 sanctis
3301 4224 3426 4260 san-

1890 4309 2097 4354 ctorum
2141 4303 2458 4358 consistant.
2498 4302 2946 4365 incruentamque
2992 4299 3260 4351 victimam
3290 4297 3422 4350 οσο-

237 4391 412 4459 ίερῶν
443 4365 691 4440 κανόνων-
717 4390 893 4456 μόνοις
919 4365 1026 4450 τοῖς
1059 4389 1413 4458 πατριάρχαις
1445 4389 1790 4456 πεφιλοτίμη-

1897 4399 2050 4442 rant:
2077 4391 2463 4457 respondemus
2489 4403 2579 4457 per
2604 4389 2815 4442 divinos
2837 4402 3130 4455 sacrosque
3165 4401 3419 4445 canones,

234 4497 330 4531 ται
388 4479 488 4542 τῆς
542 4478 861 4544 οἰκουμένης
916 4478 981 4528 τά
1039 4470 1290 4543 κλίματά.
1328 4478 1632 4528 Κάντεῦοεν
1672 4479 1790 4528 οὐδὲ

234 4570 356 4638 εχει
398 4585 479 4629 τις
507 4568 687 4636 ἕτερος
719 4569 900 4634 οἰκείῳ
930 4567 1118 4634 δικαίῳ
1142 4567 1371 4633 ὲνορίαν,
1407 4567 1437 4633 ἢ
1465 4567 1588 4617 ἄλλο
1626 4583 1677 4617 τι
1709 4567 1787 4618 δί-

234 4671 400 4706 καιον
436 4653 731 4721 ίερατικόν·
763 4653 872 4704 ἀλλ⁹
895 4654 1064 4704 ἐκεῖνο
1113 4655 1203 4703 καὶ
1230 4654 1386 4720 μόνον
1412 4653 1470 4704 τὸ
1500 4655 1660 4720 μέρος
1693 4655 1788 4720 τῆς

230 4735 584 4809 διοικήσεως’
615 4742 898 4810 ίερατικῶς
937 4743 1162 4809 ἐνεργεῖ,
1199 4743 1257 4792 τὸ
1286 4743 1433 4794 δοθὲν
1462 4744 1610 4811 αὐτῷ
1641 4745 1790 4811 παρά

232 4831 339 4894 τῆς
396 4829 796 4897 πατριαρχικῆς
857 4829 1002 4890 θείας
1039 4829 1466 4898 μεγαλειότητος.
1513 4831 1672 4882 Ὅθεν
1713 4832 1787 4892 ὡς

231 4915 866 4984 ἀποστελλόμενοι·παρὰ
900 4918 1265 4986 πατριαρχῶν,
1299 4920 1390 4970 καὶ
1418 4918 1787 4987 ἀναπληροῦν-

227 5018 329 5064 τες
362 5003 456 5054 τὸν
478 5003 640 5056 τόπον
666 5004 772 5056 τῶν
803 5003 957 5056 θείων
987 5005 1079 5056 καὶ
1109 5006 1273 5070 ἁγίων
1306 5007 1630 5070 ἀποστόλων,
1651 5008 1785 5058 ἀπο-

230 5091 506 5144 στολικῶν
567 5092 663 5158 μὲν
701 5095 1006 5162 προνομίων
1066 5093 1317 5162 ἠξίωνται
1363 5096 1638 5163 (δεσμοῦσι
1679 5097 1783 5164 γάρ

227 5179 326 5230 καὶ
360 5179 548 5234 λύουσι
581 5183 699 5233 κατ’
723 5183 916 5243 αὐτοὺς
943 5183 1034 5234 καλ⁵
1054 5185 1382 5252 χειροτονίας
1407 5185 1636 5248 ποιοῦσι,
1694 5187 1786 5238 καὶ

221 5265 329 5332 τὴν
370 5268 704 5336 ἀναίμακτον
760 5271 966 5335 θυσίαν,
999 5273 1349 5342 προσάγουσι)
1383 5275 1785 5344 πατριαρχικῶν

224 5360 287 5413 δὶ
322 5359 553 5412 δικαίων
575 5362 635 5413 οὐ
664 5363 1040 5427 κατηξίωνται.
1069 5362 1203 5415 Οὔτε
1247 5365 1352 5431 γὰρ
1379 5367 1632 5428 σάκκους,
1660 5363 1782 5416 οὗτε

227 5447 615 5516 πολυσταύρια
643 5450 1029 5503 ἑνδιδύσκονται
1053 5470 1066 5484 ·
1097 5451 1218 5504 οὔτε
1273 5456 1406 5522 μετά
1448 5454 1785 5523 γραμμάτων

226 5540 327 5593 καὶ
353 5541 664 5606 τριγωνίων
688 5543 951 5611 στιχάρια.
985 5542 1165 5594 Ταῦτα
1194 5544 1248 5596 δὲ
1275 5544 1414 5596 οὕτω
1442 5547 1667 5610 γίνεται,
1705 5547 1784 5597 ὅτι

225 5629 326 5682 καὶ
357 5630 468 5683 τῶν
530 5630 696 5691 ἁγίων
728 5632 1032 5684 ἀποστόλων
1086 5635 1118 5701 ἠ
1167 5634 1281 5685 θεία
1313 5637 1582 5704 ὁμήγυρις
1608 5637 1666 5687 τὸ
1693 5635 1782 5688 τοῦ

1889 4481 2020 4534 solis
2073 4479 2394 4548 patriarchis
2447 4493 2564 4532 esse
2623 4491 2912 4531 concessas
2961 4479 3107 4529 orbis
3159 4486 3422 4528 terrarum

1889 4575 2114 4620 tractus.
2155 4566 2304 4621 Unde
2333 4567 2408 4630 lit,
2441 4576 2496 4620 ut
2533 4568 2670 4619 alius
2716 4567 2982 4634 quiSpiam
3021 4581 3118 4619 suo
3143 4566 3264 4633 jure
3303 4580 3425 4633 pro-

1887 4657 2117 4708 vinciam
2149 4671 2250 4708 non
2284 4657 2491 4718 habeat,
2525 4657 2604 4708 vel
2639 4657 2780 4708 aliud
2811 4657 3094 4724 quodpiam
3119 4657 3209 4722 jus
3241 4669 3424 4707 sacer-

1886 4743 2063 4796 dotale
2097 4757 2112 4793 :
2141 4742 2234 4796 sed
2263 4744 2314 4793 in
2351 4757 2412 4795 ea
2446 4743 2705 4795 duntaxat
2733 4754 2880 4810 parte
2910 4743 3160 4796 dicecesis
3204 4757 3423 4794 munere

1888 4831 2205 4885 sacerdotali
2241 4830 2501 4900 fungitur,
2534 4847 2652 4897 qua:
2686 4831 2782 4897 ipsi
2819 4846 2846 4881 a
2888 4844 3039 4883 sacra
3073 4828 3420 4896 patriarchali

1888 4918 2237 4986 amplitudine
2271 4933 2525 4972 concessa
2558 4928 2657 4971 est.
2695 4917 2844 4969 Unde
2880 4919 3041 4969 veluti
3081 4919 3169 4984 qui
3205 4919 3425 4968 mittan-

1888 5018 1974 5063 tur
2003 5026 2029 5061 a
2054 5010 2394 5077 patriarchis.
2415 5016 2467 5061 et
2488 5009 2656 5061 vicem
2681 5007 2982 5059 divinorum
3006 5017 3423 5074 sanctorumque

1888 5099 2249 5166 apostolorum
2285 5099 2557 5165 impleant,
2591 5097 2880 5164 apostolica
2903 5098 3114 5164 quidem
3149 5095 3419 5162 privilegia

1884 5185 2164 5240 consecuti
2202 5195 2327 5238 sunt
2361 5188 2547 5253 (ligant
2582 5186 2724 5238 enim
2765 5192 2817 5238 et
2859 5186 3072 5236 solvunt
3121 5198 3211 5248 per
3249 5197 3327 5247 sc,
3359 5197 3424 5237 ac

1887 5274 2252 5327 ordinationes
2283 5271 2505 5332 Iaciunt,
2545 5279 2600 5324 ct
2631 5272 2971 5324 incruentam
3019 5270 3249 5322 hostiam
3290 5271 3425 5323 oﬂ'e-

1888 5363 2068 5431 runt),
2101 5374 2154 5415 at
2177 5361 2554 5432 patriarchalia
2585 5362 2707 5429 jura
2750 5376 2857 5414 non
2899 5361 3266 5414 obtinuerunt.
3313 5359 3424 5414 Nec

1886 5453 2032 5505 enim
2056 5453 2137 5505 vel
2162 5466 2372 5516 saccos,
2406 5453 2486 5504 vel
2526 5450 2747 5519 penulas
2779 5451 2960 5503 multis
2991 5451 3272 5518 insignitas
3301 5464 3424 5502 cru-

1887 5543 2040 5595 cibus
2060 5541 2313 5601 induunt,
2336 5555 2432 5592 nec
2453 5540 2663 5592 tunicas
2691 5539 2955 5608 frequenti
2991 5539 3163 5589 littera
3189 5551 3418 5602 gamma,

1895 5633 2278 5702 triangulisque
2313 5631 2574 5699 depictas.
2610 5630 2729 5684 lla'c
2775 5641 2948 5682 autem
2986 5630 3054 5680 ita
3101 5629 3246 5680 ίῖιιιιι.
3281 5630 3420 5696 qutth
