4110 6466
232 358 372 424 1029

1695 370 2112 434 MEDITATA.

3328 383 3466 446 1030

239 488 446 554 σθησαν
475 480 570 536 οὖν
595 484 643 534 οἱ
678 485 731 536 ὲν
755 480 974 544 ταύταις
1016 484 1513 553 ἁρχιερατεύσντες,
1551 489 1796 557 ἀρχιεπί-

1901 502 2079 556 ptcrea
2108 492 2246 559 quod
2281 495 2330 546 iu
2359 509 2472 546 ean;
2496 495 2704 562 imperii
2733 495 2959 550 Romani
2987 507 3196 568 sceptra
3227 497 3461 557 inissent

238 592 431 630 σκοποι
451 589 462 601 ‘
502 573 668 643 ἁρχαὶ
694 575 931 642 δηλονότι
960 576 1050 624 καὶ
1073 574 1301 638 κεφαλαὶ
1335 575 1541 627 πολλῶν
1580 579 1798 629 ἐπισκό-

237 685 374 722 πων.
408 668 617 719 Ταὺτδν
647 667 701 718 δέ
729 667 871 718 ἐστιν
913 667 1106 728 εἰπεῖν,
1137 667 1372 733 Πατέρες
1412 668 1504 720 καὶ
1536 670 1800 737 πατριάρο

235 775 353 826 χαι.
398 759 491 810 Ἐκ
521 757 710 810 τούτου
754 757 809 809 δὲ
839 757 1070 823 διαφορά
1101 774 1183 818 τις
1208 758 1307 808 οὐκ
1340 758 1453 809 ἔστι
1510 761 1671 826 μέσον
1704 761 1800 812 αὑ-

232 850 368 918 τῷν.
432 848 490 899 Ὀ
515 846 622 916 γὰρ
651 848 835 916 πατὴρ
864 845 957 896 τοῦ
992 845 1176 907 ἔθνους
1221 845 1372 896 τοῦδε
1403 845 1586 913 τυχὸν,
1617 848 1798 914 πατήρ

231 940 353 991 ἐστι
387 943 479 990 καὶ
512 937 788 1006 ἱερατικῆς
820 937 991 1005 φυλῆς
1023 937 1116 987 καὶ
1151 935 1364 1003 λαῖκῆς,
1421 937 1496 998 ὡς
1546 939 1573 989 ὁ
1605 937 1798 989 Ἰακὼὸ

232 1032 347 1084 τῶν
377 1032 442 1097 ιβ’
485 1029 664 1096 φυλῶν
705 1029 938 1098 Ἰσραήλ.
975 1028 1081 1081 Καὶ
1109 1029 1288 1096 ἄρχων
1318 1027 1649 1092 ἐπισκόπων,
1711 1028 1798 1093 ἑξ-

229 1123 482 1192 ιινὰγκης
513 1121 626 1173 ἐστὶ
659 1121 838 1190 πατὴρ
867 1120 959 1172 καὶ
986 1119 1297 1171 ἐπισκόπων
1321 1119 1414 1172 καὶ
1445 1119 1670 1172 λαῖκῶψ
1694 1122 1720 1172 6
1741 1120 1798 1171 δι

232 1213 460 1274 Γοτθίας
488 1213 547 1264 οὐ
576 1212 816 1263 καλεῖται
845 1211 1272 1280 ἁρχιεπίσκοπος
1296 1251 1310 1272 ,
1359 1211 1435 1272 ὼς
1469 1211 1651 1280 ἁρχων
1678 1213 1797 1262 ἑπι-

233 1302 458 1354 σκόπων
489 1301 582 1352 καὶ
632 1298 947 1368 προὸολεὺς,
1008 1298 1120 1349 ἁλλ’
1164 1299 1240 1359 ὡς
1273 1297 1413 1366 ἁρχὴ
1463 1299 1795 1352 ἐπισκόπων.

244 1392 472 1460 Ὠρίσθη
502 1391 610 1460 γὰρ
662 1391 811 1458 παρὰ
842 1389 947 1442 τῶν
980 1389 1150 1454 ἁγίων
1211 1388 1492 1458 Πατέρων.
1539 1388 1638 1450 τὰς
1698 1389 1797 1457 μὲν

232 1482 466 1552 ἐχούσας
504 1481 797 1548 διοικήσεις
836 1479 1034 1540 πολλὰς
1069 1478 1272 1542 πόλεις,
1334 1479 1436 1530 ὑπὸ
1485 1479 1797 1531 ἐπισκόπων

231 1570 686 1640 κυδερνωμένας,
756 1569 907 1636 παρὰ
967 1568 1373 1637 μητροπολιτῶν
1433 1568 1794 1636 διεξάγεσθαι,

231 1659 328 1723 οὓς
376 1661 467 1713 καὶ
498 1659 744 1728 πρώτους
768 1658 816 1708 oi
861 1658 1080 1718 κανόνες
1110 1655 1464 1724 ὀνομάζουσι’
1501 1657 1598 1719 τὰς
1632 1655 1687 1709 δὲ
1722 1658 1796 1727 μὴ

232 1750 466 1820 ἐχούσας
499 1749 587 1816 ὑφ’
641 1748 840 1808 ἑαυτὰς
891 1747 1074 1806 πόλεις
1120 1748 1272 1808 τινας
1326 1747 1430 1798 ὑπὸ
1483 1747 1796 1799 ἐπισκόπων

235 1840 577 1907 ίΘυνομένας,
600 1839 748 1908 παρὰ
769 1837 1209 1906 ἁρχιεπισκόπων
1233 1837 1602 1904 ίερατεύεσθαι
1623 1853 1638 1866 ·
1657 1836 1794 1889 ὥστε

235 1932 569 1996 μειονεκτεῖν
604 1930 701 1996 μὲν
755 1927 922 1989 αὑτὰς
977 1926 1084 1977 τῶν
1123 1925 1528 1995 μητροπόλεων,
1566 1926 1795 1996 ὑπερτε-

235 2021 350 2087 ρετν
372 2019 428 2071 δὲ
454 2019 559 2069 τῶν
589 2017 921 2070 επισκὸπων.
955 2015 1109 2069 Οὕτω
1140 2016 1391 2086 λυθείσης
1432 2017 1525 2069 καὶ
1555 2017 1652 2086 τῆς
1688 2033 1797 2069 τοι-

231 2111 404 2177 αύτης
435 2107 779 2176 ἁμφιόολίας,
831 2107 1020 2176 ἠθελον
1052 2109 1246 2168 εἰπεῖν.
1280 2107 1402 2159 ὅτου
1435 2108 1593 2176 χάριν
1629 2110 1656 2159 ὁ
1693 2108 1797 2159 πά-

232 2219 343 2262 πας
389 2199 606 2268 Ῥώμης
629 2200 1000 2267 οίκουμενικὺς
1046 2198 1232 2259 πὰπας
1277 2197 1513 2264 λέγεται,
1539 2198 1797 2260 ὡσαύτως

231 2293 327 2343 καὶ
356 2291 384 2342 ὁ
415 2289 842 2357 ἁρχιεπίσκοπος
873 2287 1513 2349 Κωνσταντινουπόλεως,
1541 2287 1795 2354 οίκουμε-

230 2377 383 2440 νικδς
439 2378 821 2445 πατριάρχης’
876 2376 926 2428 cl
963 2377 1019 2428 δὲ
1079 2376 1256 2427 λοιποὶ
1296 2379 1668 2446 πατριάρχαι,
1703 2378 1797 2430 καὶ

229 2466 407 2520 ταῦτα
436 2465 536 2533 τῆς
563 2466 730 2534 αὐτῆς
757 2464 906 2525 ὅντες
938 2463 1164 2529 τάξεως,
1219 2464 1460 2534 κλήσεως
1493 2482 1552 2517 τε
1598 2465 1690 2518 καὶ
1719 2483 1798 2518 τι-

235 2556 364 2624 μῆς,
399 2557 492 2608 καὶ
524 2554 722 2623 ταύτης
755 2556 852 2606 οὐκ
878 2554 1066 2623 ἔτυχον
1095 2554 1192 2622 τῆς
1210 2555 1613 2623 ἁνακηρύξεως.
1648 2557 1798 2608 Ἐπεὶ

231 2647 290 2702 δὲ
327 2647 417 2700 τὸν
453 2647 551 2717 μὲν
589 2649 775 2701 πάπαν
824 2647 884 2700 τὸ
913 2646 1013 2716 τῆς
1069 2647 1354 2716 φιλαυτίας
1398 2647 1670 2716 δαιμόνιον
1697 2647 1797 2715 τῆς

230 2742 344 2795 τῶν
377 2741 578 2793 λοιπῶν
611 2741 925 2806 ἁγιωτάτων
960 2740 1310 2810 πατριαρχῶν
1343 2740 1652 2805 ἀπέστησεν
1699 2740 1797 2811 ὁμ-

231 2837 505 2906 ηγύρεως,
529 2834 623 2887 καὶ
656 2835 734 2895 είς
765 2835 930 2902 μόνην
958 2833 1053 2903 τὴν
1067 2833 1226 2885 Δύσιν
1250 2833 1648 2902 ἑστενοχώρησε
1670 2849 1682 2863 ·
1709 2833 1798 2886 τὸν

230 2923 289 2974 δὲ
315 2923 943 2984 Κωνσταντινουπόλεως
1006 2923 1190 2990 βλέπω
1220 2922 1404 2990 μηδενὶ
1458 2921 1563 2972 τῶν
1607 2938 1798 2990 προνο-

236 3013 377 3081 μίων
408 3013 498 3065 τοῦ
536 3014 692 3066 πὰπα
721 3011 1232 3080 κατακοσμούμενον
1286 3010 1431 3082 (οὗτε
1462 3013 1567 3081 γὰρ
1591 3014 1665 3081 τῷ
1698 3013 1796 3082 τῆς

1902 580 2180 634 translata.
2218 583 2398 652 itaque
2439 587 2657 638 mutatis
2717 589 3031 642 nominibus
3067 589 3254 642 harum
3292 593 3461 657 ponti-

1902 671 2029 723 ilces
2070 673 2200 725 dicti
2257 683 2382 726 sunt
2425 677 2846 744 archiepiscopi.
2893 678 3054 732 veluti
3100 680 3362 748 principia
3405 691 3460 734 et

1899 763 2076 829 capita
2104 765 2395 816 multorum
2431 766 2831 831 episcoporum.
2866 768 3021 831 Quod
3067 767 3206 820 idem
3240 771 3363 828 erit.
3397 786 3460 822 ac

1900 853 1944 905 si
1973 851 2198 912 dixeris.
2228 853 2417 908 Patres
2443 862 2495 906 ct
2520 857 2857 922 patriarchae.
2903 857 3056 913 Unde
3097 858 3302 910 nullum
3349 860 3460 912 exi-

1898 942 1992 994 stit
2015 941 2155 994 inter
2178 957 2271 996 eos
2304 942 2618 996 discritr-en.
2662 943 2792 997 Nam
2837 947 2993 1000 Pater
3026 946 3185 1014 hujus
3246 947 3457 1000 iliiusve

1899 1033 2092 1097 gentis,
2156 1040 2262 1084 tam
2310 1034 2681 1094 sacerdotalis.
2727 1051 2886 1103 quam
2937 1037 3084 1089 laica:
3148 1036 3323 1090 tribtts
3377 1045 3462 1089 est

1898 1118 2075 1181 Pater,
2101 1122 2244 1174 sicut
2281 1120 2447 1175 Jacob
2487 1106 2770 1177 duodecim
2821 1126 3060 1179 tribuum
3114 1125 3345 1180 lsraelis.
3394 1128 3458 1181 Et

1900 1210 2151 1278 princeps
2190 1213 2588 1279 episc0porum,
2636 1219 2944 1270 necessario
3002 1216 3161 1272 Pater
3210 1229 3290 1272 est
3345 1229 3456 1273 tum

1899 1297 2296 1364 episcoporum,
2339 1307 2446 1350 tum
2487 1291 2769 1352 laicoruin.
2821 1302 3052 1356 Gotthize
3108 1305 3324 1372 quidem
3367 1323 3464 1357 au-

1899 1388 2048 1439 tistes
2082 1402 2188 1439 non
2233 1396 2518 1456 propterea
2554 1398 2777 1442 vocatur
2811 1392 3280 1462 archiepiscopus,
3315 1400 3456 1462 quod

1897 1474 2270 1543 episcoporum
2317 1478 2567 1544 princeps
2607 1488 2659 1530 et
2699 1478 2979 1533 ordinator
3015 1482 3121 1544 sit,
3189 1483 3283 1535 sed
3340 1493 3461 1534 tat:—

1897 1578 2058 1631 quam
2115 1566 2440 1634 principium
2478 1569 2885 1636 episc0porttm.
2935 1571 3148 1641 Quippe
3196 1576 3400 1626 sanctis
3433 1591 3460 1624 ει

1896 1651 2146 1709 Patribus
2176 1665 2258 1711 est
2282 1661 2571 1722 sancitum,
2596 1668 2656 1712 ut
2686 1676 2763 1715 ea:
2797 1663 3080 1728 dimceses,
3117 1680 3234 1733 quae
3266 1671 3462 1718 ntultas

1897 1743 2095 1798 habent
2137 1750 2299 1801 urbes
2342 1750 2442 1801 sub
2477 1751 2854 1819 episcoporum
2896 1756 3306 1822 gubernatione
3340 1771 3463 1809 cou-

1899 1839 2156 1898 stitutas,
2213 1853 2242 1889 a
2293 1841 2725 1907 metropolitanis
2788 1842 3274 1907 administrentur,
3327 1859 3462 1912 quos

1897 1927 2059 1979 etiam
2117 1928 2216 1994 ipsi
2254 1942 2490 1982 canones
2537 1932 2808 1998 appellant
2870 1933 3074 2000 primos
3125 1951 3138 1985 :
3182 1949 3301 2002 quae
3336 1950 3463 1988 velo

1899 2016 1999 2070 sub
2027 2032 2083 2070 se
2111 2033 2216 2070 non
2250 2018 2451 2072 habent
2492 2023 2654 2076 urbes
2685 2022 2916 2089 aliquas,
2959 2025 3335 2092 episc0porum
3376 2042 3458 2078 re-

1897 2106 2084 2176 gimini
2107 2108 2373 2170 subditas,
2402 2110 2842 2179 archiepiscopos
2864 2111 3094 2165 habeant
3126 2113 3406 2181 pontitlces
3435 2130 3449 2165 :

1898 2203 1958 2248 ut
1983 2195 2272 2250 inferiores
2305 2200 2385 2250 hic
2413 2198 2630 2265 quidem
2671 2201 2781 2252 sint
2815 2202 3228 2270 metropolibus,
3264 2212 3316 2254 at
3347 2203 3462 2270 epi-

1898 2287 2207 2354 scopalibus
2254 2289 2589 2356 superiores.
2625 2291 2680 2342 In
2723 2292 2866 2344 hunc
2895 2293 3138 2352 modum,
3168 2291 3267 2345 hoc
3299 2291 3460 2345 etiam

1899 2376 2151 2443 ambiguo
2181 2377 2382 2438 soluto.
2417 2379 2667 2430 volebant
2689 2381 2934 2447 equidem
2954 2377 3152 2441 dicere,
3181 2383 3453 2448 quamob-

1899 2480 2009 2519 rem
2061 2482 2192 2534 papa
2231 2465 2508 2520 Romanus
2549 2469 2848 2534 appelletur
2893 2469 3215 2524 universalis
3279 2469 3459 2539 Papa,

1901 2555 2267 2623 similiterque
2305 2556 2804 2625 Cet‘mantiuopolis
2837 2560 3323 2633 archiepisc0pus,_
3351 2563 3466 2614 uni-

1899 2646 2128 2699 versalis
2162 2648 2466 2714 patriarcha
2506 2663 2521 2698 :
2558 2662 2679 2701 cum
2726 2648 2920 2716 reliqui
2957 2649 3299 2715 patriarchae.
3343 2651 3466 2702 lit-et

1897 2736 2135 2802 ejusdem
2172 2738 2280 2789 sint
2319 2738 2545 2798 ordinis,
2581 2739 2960 2806 appellationis
3004 2746 3055 2790 ct
3102 2730 3347 2802 honoris,
3390 2740 3464 2792 ita

1900 2827 2224 2894 proclamari
2262 2843 2365 2878 non
2407 2829 2631 2880 soleant.
2689 2827 2792 2881 Sed
2843 2827 3061 2894 quando
3113 2843 3303 2896 papam
3349 2827 3458 2882 Ro-

1900 2934 2119 2972 manum
2153 2920 2327 2973 malus
2372 2921 2683 2973 ambitionis
2717 2921 2802 2974 ille
2834 2922 3025 2990 genius
3061 2937 3088 2974 a
3126 2923 3460 2990 reliquorum

1899 3009 2373 3063 sanctissimorum
2416 3012 2846 3077 patriarcharum
2886 3021 3029 3065 cwtn
3059 3012 3278 3074 avulsit,
3319 3021 3371 3066 et
3402 3012 3458 3064 in

233 3102 511 3172 βασιλείας
569 3103 726 3173 λώρῳ
758 3102 899 3156 κατὰ
955 3102 1014 3154 τδ
1042 3103 1136 3156 τοῦ
1190 3104 1345 3170 ἁγίου
1382 3101 1791 3155 Κωνσταντίνου

1900 3097 2242 3153 Occidentem
2272 3101 2532 3153 duntaxat
2580 3103 2910 3166 coarctavit;
2958 3117 3079 3154 cum
3128 3103 3341 3155 interim
3381 3103 3466 3155 vi-

232 3193 587 3264 νομιζόμενον
623 3196 894 3263 Θέσπισμα
937 3195 1357 3262 καταστέφεται,
1391 3192 1509 3246 οὔτε
1531 3194 1795 3246 κοκκοϐα-

233 3285 363 3353 (pth
396 3285 628 3348 πεδίλοις
666 3288 805 3338 κατὶι
847 3286 905 3338 τὸ
950 3286 1197 3338 τυπωθὲν
1257 3284 1621 3353 θεατρίζεται,
1679 3285 1795 3337 ἁλλ’

231 3373 344 3427 οὐδ’
376 3375 548 3442 ἑτέρῳ
582 3375 857 3445 προνομίῳ
878 3377 971 3439 τῆς
1003 3376 1237 3436 παλαιᾶς
1275 3373 1490 3444 Ῥώμης
1511 3367 1794 3444 κέχρηται,

236 3463 334 3514 καὶ
361 3462 446 3514 διὰ
475 3462 632 3513 τοῦτο
658 3464 705 3513 oi
744 3463 899 3523 πόδες
936 3464 1098 3515 αὑτοῦ
1151 3462 1395 3513 ἵστανται
1426 3462 1482 3512 ἐν
1520 3461 1795 3530 εὐθύτητι,

233 3551 332 3604 καὶ
357 3552 614 3620 ὴλκεφαλὴ
637 3553 796 3615 αὐτοῦ
828 3554 1053 3620 παντοίᾳ
1076 3555 1305 3614 συνέσει,
1338 3551 1476 3603 κατὰ
1503 3553 1591 3604 τὸν
1605 3550 1795 3615 Δαῦὶδ,

236 3644 599 3695 πεπολίωταιο
656 3643 746 3694 καὶ
799 3645 895 3704 τὰς
926 3644 1132 3704 οἰκείας
1161 3642 1217 3693 δὲ
1251 3642 1576 3712 ὑπογραφὰς
1611 3642 1686 3702 ὡς
1717 3645 1798 3694 ol-

235 3736 554 3804 κουμενικδς
592 3734 649 3785 οὐ
713 3735 993 3802 μεγεθὺνει
1046 3733 1248 3802 πατὴρ,
1303 3731 1406 3785 κᾶν
1463 3731 1590 3800 παρ’
1641 3732 1797 3801 ἡμῶν

232 3828 374 3882 οὕτω
399 3827 658 3894 κέκληται
687 3828 778 3876 καὶ
816 3825 1172 3892 δεδόξασταψ
1195 3824 1292 3894 τὴν
1331 3823 1428 3893 μὲν
1455 3824 1583 3892 περὶ
1604 3822 1796 3875 τούτου

235 3917 550 3986 συζήτησιν,
581 3915 655 3976 ὡς
677 3915 986 3982 ἀλυσιτελῆ,
1019 3916 1364 3984 παρατρέχω.
1399 3913 1796 3983 Ἀπολογοῦμαι

233 4007 291 4062 δὲ
322 4006 456 4074 πρὸς
485 4005 608 4067 τοὺς
640 4005 895 4072 λέγοντας
950 4005 1255 4073 τολμηρῶς,
1305 4005 1537 4075 ρφείλειν
1567 4005 1665 4072 τῆς
1695 3999 1820 4055 παλ

235 4096 562 4165 τριαρχικῆς
589 4095 978 4160 ἀποξενοῦσθαι
1015 4097 1176 4164 τιμῆς
1209 4095 1297 4146 τὸν
1341 4095 1672 4164 Ἀντιοχείας
1707 4094 1799 4146 καὶ

231 4187 325 4239 τὸν
363 4185 762 4255 Ἱεροσολύμων.
817 4183 1204 4237 Κεκανόνισται
1241 4185 1368 4252 γὰρ,
1431 4184 1608 4252 φασὶ,
1672 4183 1796 4253 μηδ’

232 4279 294 4328 ιν
320 4275 630 4346 ἀρχιερεῦσι
699 4275 1078 4327 συντάττεσθαι
1123 4276 1247 4335 τοὺς
1281 4274 1354 4340 μὴ
1407 4272 1796 4352 ριψοδεινδύνως

231 4367 642 4435 ἀπερχομένους
692 4367 964 4436 ἀρχιερεῖς
997 4366 1072 4425 είς
1114 4367 1237 4426 τοὺς
1285 4363 1436 4429 παρὰ
1497 4356 1794 4431 Βαρὸἀρων

233 4455 631 4525 κατεχομένους
659 4435 878 4523 θρόνους
930 4454 1130 4516 αὐτῶν,
1179 4454 1310 4522 μηδὲ
1341 4453 1430 4504 τὸν
1458 4451 1550 4504 τοῦ
1585 4468 1792 4520 μαρτυ-
1824 4435 1872 4494 Ῑ)

233 4547 352 4617 ρίου
383 4545 833 4613 προαρπάζοντας
886 4545 1167 4610 στέφανον.
1215 4543 1300 4600 Ὠς
1328 4543 1375 4593 εί
1407 4540 1505 4610 μὲν
1527 4540 1634 4592 εἰσὶ
1672 4539 1790 4590 λαῖο

231 4634 318 4687 κοὶ
343 4635 392 4686 oi
413 4633 633 4685 τοιαῦτα
664 4631 804 4685 καθὰ
840 4648 891 4682 τι
928 4633 1152 4699 μάταιον
1208 4631 1479 4698 ἄμϐλωμα
1513 4629 1653 4681 κατὰ
1686 4627 1793 4679 τῶν

229 4726 402 4792 ἁγίων
425 4724 674 4792 κεφαλῶν
704 4722 1085 4790 ὡδινήσαντες,
1118 4721 1444 4788 συγγνώμης
1474 4717 1797 4786 ἁξιωθήσον-

229 4833 319 4868 ται
345 4815 484 4866 κατὰ
511 4814 708 4883 πολλὴν
736 4811 1055 4864 ἐπιείκειαν.
1089 4812 1398 4882 Γέγραπται
1425 4811 1553 4879 γάρ·
1583 4809 1655 4861 Οὐ
1687 4807 1792 4876 χρὴ

163 4895 168 4898 ’
240 4909 510 4975 Ῥωμαῖον
558 4906 724 4974 ἄνδρα
755 4905 948 4973 νόμους
982 4904 1199 4972 (ταύτὸν
1229 4901 1272 4953 δ’
1323 4901 1465 4955 ἔστιν
1497 4901 1670 4952 εἰπεῖν
1703 4899 1793 4951 καὶ

226 4996 480 5066 κανόνας)
513 4999 745 5063 ἀγνοεῖν.
790 4997 910 5047 ’Ότι
949 4995 1050 5046 κᾶν
1087 4991 1356 5063 χειρῶναξ
1389 4993 1471 5052 τίς
1509 4994 1647 5052 ἐστι,
1689 4988 1793 5043 κᾶν

224 5087 458 5155 σύρφαξ,
491 5088 702 5141 οἴκοθεν
726 5087 916 5139 εἰδέναι
935 5087 1125 5153 νόμους
1150 5083 1182 5152 ἢ
1227 5083 1452 5145 κανόνας
1484 5082 1557 5151 μὴ
1586 5097 1796 5150 συγχω-

216 5181 490 5253 ρούμενόςς
545 5183 713 5242 ἐστιν,
782 5178 892 5232 ἁλλ’
947 5179 993 5230 oi
1029 5176 1247 5238 τούτους
1283 5175 1421 5228 κατὰ
1476 5174 1793 5236 σπουδαίους

219 5270 722 5339 ἀργυρογνώμονας
756 5269 1188 5338 μεταλλεύοντες,

264 5358 469 5426 ὀσσσι
495 5379 559 5414 τε
581 5363 784 5429 φύλλα
813 5365 912 5416 καὶ
939 5366 1120 5417 ἄνθεα
1142 5365 1360 5431 γίνεται
1384 5364 1580 5429 εἴαρος
1603 5362 1724 5431 ὥρῃ
1748 5382 1760 5395 ο

1898 3191 2061 3243 deant
2101 3189 2760 3260 Constantixmpolitanum
2794 3193 2944 3245 nullo
2995 3207 3148 3261 papae
3180 3192 3466 3261 privilegio

1911 3289 2080 3332 semet
2139 3289 2422 3333 ornantem
2486 3284 2725 3349 (quippe
2793 3297 2891 3335 nec
2953 3283 3102 3349 regni
3177 3291 3466 3334 coronatur

1901 3370 2092 3432 fascia,
2126 3372 2424 3425 secundum
2468 3372 2542 3434 id,
2577 3373 2719 3442 quod
2758 3374 2930 3426 sancti
2977 3372 3319 3426 Constantini
3357 3379 3468 3425 sta-

1902 3467 2078 3512 tutum
2102 3476 2222 3514 esse
2254 3469 2494 3524 putatur,
2536 3477 2632 3514 nec
2683 3477 2803 3514 cum
2845 3463 3116 3514 coccineis
3153 3460 3372 3520 calceis.
3407 3469 3466 3513 ιιι

1906 3550 2105 3606 ibidem
2154 3533 2431 3615 sancitur;
2466 3553 2610 3605 velut
2653 3553 2704 3605 in
2752 3554 3063 3620 spectaculo
3105 3562 3271 3606 semet
3318 3552 3472 3605 exhi-

1911 3642 2038 3703 bet;
2074 3656 2169 3694 nec
2211 3640 2357 3692 aliud
2389 3642 2621 3708 denique
2655 3641 2841 3696 Romae
2888 3643 3085 3696 veteris
3118 3657 3267 3710 papa:
3302 3643 3472 3706 privi-

1907 3731 2106 3799 legium
2134 3741 2355 3798 usurpat
2387 3747 2402 3781 :
2438 3731 2667 3799 ideoque
2696 3739 2840 3785 stant
2875 3733 3035 3800 pedes
3069 3733 3189 3800 ejus
3221 3733 3271 3784 in
3301 3733 3469 3784 recti-

1899 3823 2184 3884 tudine,et
2213 3827 2372 3889 caput
2402 3821 2520 3889 ejus
2553 3823 2841 3892 omnigena
2876 3825 3179 3892 prudentia,
3203 3823 3467 3890 quemad-

1898 3912 2116 3965 modum
2198 3911 2426 3965 Davides
2493 3913 2773 3981 loquitur,
2842 3915 3107 3967 incanuit.
3190 3914 3331 3965 Idem
3405 3926 3473 3965 ne

1898 4003 2333 4071 subscriptiones
2363 4004 2579 4071 quidem
2630 4019 2759 4058 snas
2809 4005 3121 4072 magniﬁcas
3156 4003 3304 4063 facit,
3350 4008 3473 4054 tan-

1900 4108 2061 4163 quam
2092 4105 2246 4161 pater
2281 4095 2640 4158 universalis;
2673 4095 2796 4146 licet
2825 4109 2850 4144 a
2883 4093 3036 4146 nobis
3070 4094 3139 4146 ita
3172 4101 3394 4145 vocetur
3418 4099 3472 4144 et

1899 4184 2205 4238 celebretur
2257 4184 2530 4252 (equidem
2560 4184 2625 4237 de
2657 4183 2759 4235 hoc
2804 4183 3268 4250 disquisitionem,
3327 4184 3474 4236 velut

1897 4276 2296 4346 infrugiicram,
2324 4275 2610 4330 instituere
2669 4276 3019 4344 supersedeo.
3056 4275 3255 4328 Facere
3291 4283 3473 4328 tamen

1898 4381 2004 4420 non
2049 4382 2289 4435 possum,
2326 4367 2456 4434 quin
2511 4365 2578 4420 iis
2634 4364 2992 4433 respondeam
3026 4405 3039 4430 ,
3083 4367 3174 4432 qui
3215 4367 3473 4416 audacter

1901 4457 2217 4527 praedicant,
2255 4472 2283 4508 a
2314 4456 2576 4523 dignitate
2603 4456 2946 4524 patriarchali
2980 4453 3339 4508 removendos
3363 4454 3474 4505 Au-

1903 4548 2214 4602 tiocheuum
2247 4557 2302 4600 et
2327 4545 2899 4615 llierosolymitauum.
2927 4545 3139 4613 Quippe
3169 4545 3472 4597 canonibus

1908 4649 2169 4696 statutum
2205 4648 2309 4702 est,
2345 4639 2616 4706 inquiunt,
2666 4653 2731 4690 ne
2764 4637 2979 4705 quidem
3014 4638 3154 4688 inter
3188 4635 3474 4702 pontiﬁces

1900 4728 2265 4784 recensendos
2312 4743 2456 4790 esse,
2491 4727 2583 4796 qui
2620 4742 2727 4780 non
2768 4726 2847 4777 vel
2877 4733 3124 4778 extremo
3159 4740 3281 4777 cum
3317 4725 3470 4790 peri-

1900 4821 2023 4874 colo
2055 4836 2113 4874 se
2142 4819 2436 4874 conlerant
2466 4819 2531 4870 ad
2558 4819 2786 4870 thronos
2819 4830 2948 4869 suos
2974 4830 3000 4866 a
3028 4814 3279 4866 Barbaris
3307 4829 3472 4865 occu-

1901 4923 2078 4982 patos,
2108 4928 2208 4966 nec
2236 4912 2480 4980 martyrii
2522 4923 2779 4963 coronam
2829 4907 3158 4975 prarripiant.
3204 4904 3468 4956 Nimirum

1903 5004 1949 5058 si
1987 5003 2113 5056 laici
2162 5011 2314 5064 sunt,
2365 5002 2454 5068 qui
2497 5000 2622 5051 talia
2672 4998 2837 5051 veluti
2879 4997 3136 5051 stolidum
3179 4996 3466 5062 quemdam

1902 5096 2152 5149 abortum
2181 5094 2442 5147 adversus
2469 5105 2622 5144 sacra
2649 5101 2835 5144 saneta
2864 5093 3040 5157 capita
3074 5088 3466 5155 parturivrunt,

1902 5185 2112 5239 veniam
2163 5184 2512 5236 merebuntur
2556 5197 2620 5234 ex
2692 5181 2955 5249 singulari
3002 5181 3233 5246 quadam
3281 5187 3466 5228 nostra

1904 5275 2296 5329 moderatione.
2328 5272 2670 5339 leeroquin
2705 5274 2845 5325 enim
2880 5272 3137 5336 scriptum
3171 5275 3252 5319 est
3287 5281 3302 5319 ι
3357 5264 3468 5314 llo-

1903 5369 2099 5420 minem
2135 5364 2434 5417 Romanum
2467 5365 2717 5432 ignorare
2748 5363 2890 5432 leges
2926 5363 3085 5427 (idem
3117 5367 3168 5411 et
3197 5359 3261 5410 de
3296 5372 3468 5409 cano-

221 5452 380 5506 nibus
411 5431 731 5521 diiccndum)
771 5471 876 5508 non
945 5465 1175 5524 oportet.
1217 5455 1425 5522 Quippe
1491 5456 1617 5508 licet
1653 5457 1851 5526 aliquis
1893 5457 2210 5511 manuarius
2232 5457 2303 5508 sit
2337 5454 2538 5522 opifex,
2565 5464 2616 5507 et
2643 5469 2703 5506 ex
2741 5431 2921 5506 intima
2955 5451 3080 5503 hcce
3114 5449 3307 5517 plebis,
3331 5449 3458 5513 quin

220 5544 368 5611 leges
397 5543 499 5622 sint
531 5559 766 5598 canones
802 5563 895 5615 per
936 5564 993 5601 se
1029 5549 1196 5608 norit,
1267 5549 1478 5600 veniam
1565 5551 1854 5616 impetrare
1895 5564 2001 5602 non
2054 5555 2233 5616 potest
2280 5564 2294 5600 :

2338 5562 2458 5600 cum
2507 5547 2597 5612 qui
2647 5548 2789 5613 leges
2860 5552 2911 5597 et
2961 5556 3221 5606 canones,
3286 5538 3456 5594 instat

220 5633 618 5710 industriorum
671 5638 874 5704 argenti
927 5641 1357 5708 exploratorum,
1401 5638 1747 5704 investigant,
1798 5639 1851 5691 in
1894 5638 1994 5690 hac
2024 5638 2156 5690 urbe
2197 5637 2340 5704 regia
2377 5644 2451 5688 tot
2483 5638 2609 5695 sint.

407 5739 409 5763 ³
1161 5729 1296 5789 Otto!
1326 5728 1454 5790 folia
1484 5738 1528 5779 ct
1558 5730 1710 5797 {iores
1738 5739 2022 5782 narcmtlttr
2055 5737 2276 5794 tempore
2307 5744 2457 5779 rrruo
2494 5744 2511 5778 .·
