4110 6468
238 440 375 509 1033

1631 431 2035 494 MEDITATA.

3278 416 3410 482 1034

234 559 364 613 τῶνα
403 556 464 609 τδ
499 554 554 609 δδ
588 554 730 615 ίλεός
776 568 873 621 μου
921 543 981 603 οὗ
1019 551 1090 620 μὴ
1143 539 1475 604 διασκεδάσω
1520 549 1624 601 ἀπὸ
1667 549 1773 602 τῶν

1885 544 2298 602 misericordiam
2331 560 2455 600 vero
2486 557 2656 600 meam
2688 559 2792 600 non
2844 545 3150 614 dispergam
3209 555 3239 596 a
3282 541 3409 596 dili-

235 647 568 716 ἀγαπώντων
601 662 686 714 με,
719 645 825 696 οὐδ’
856 643 919 696 οὒ
960 641 1032 710 μὴ
1064 640 1351 711 βεϐηλώσω
1381 639 1478 709 τὴν
1515 640 1772 708 διαθήκην

238 750 378 805 μουο
421 734 516 803 τὴν
554 734 649 801 μὲν
697 730 912 798 ὲθνικὴν
953 729 1206 782 ἀπιστίαν
1247 727 1614 795 διασκορπίσει
1645 727 1772 778 ὡσεὶ

235 823 510 893 κονιορτὸν
540 821 644 874 ἀπὸ
675 820 871 880 ἅλωνος
899 818 1133 888 θερινῆς,
1165 818 1288 879 τοὺς
1321 817 1377 869 δὲ
1404 817 1579 878 ὁσίους
1610 816 1771 868 αὑτοῦ

236 913 538 982 συναγάγῃ,
566 909 656 962 καὶ
680 909 837 961 δώσει
867 908 1046 967 αὐτοῖς
1073 905 1252 976 χώρας
1281 905 1448 957 ὶθνῶν
1467 905 1558 958 καὶ
1581 904 1769 970 φυλάς.

234 1003 345 1054 Καὶ
373 1003 487 1070 ipsi
526 1000 627 1061 πᾶς
683 999 711 1048 ό
739 997 862 1058 λαός
895 1012 910 1026 °
954 995 1250 1065 Εὐλογητὸς
1303 995 1502 1062 Κύριος
1557 995 1636 1056 είς
1685 992 1773 1044 τὸν

233 1088 428 1140 αίῶνα.
460 1087 689 1149 Γένοιτο,
727 1085 950 1150 γένοιτο.

801 1212 936 1265 'ror
979 1204 1205 1263 ΑΥΤΟΥ

235 1343 490 1410 Μελέτη,
521 1341 693 1408 χάριν
714 1340 829 1392 τῶν
854 1339 960 1410 δύο
992 1337 1300 1410 όφφικίων,
1317 1334 1449 1410 Δτοῦ
1476 1349 1538 1387 rs
1563 1337 1771 1402 καρτο-

513 1403 803 1478 ᾆύξὶιικος,
827 1407 923 1460 καί
950 1403 1053 1458 τοῦ
1079 1403 1500 1467 πρωτεκδικου.

308 1515 414 1570 Τοῦ
449 1514 679 1584 μεγάλου
712 1511 1025 1566 διδασκάλου
1064 1510 1162 1579 τῆς
1209 1509 1530 1579 Ἐκκλησίας
1564 1507 1772 1560 Παύλου

232 1607 329 1660 τοῦ
367 1606 687 1673 θεοκήρυκος
725 1602 971 1667 λέγοντος
994 1638 1007 1661 ,
1040 1600 1150 1666 Ούχ
1189 1598 1362 1666 ἑαυτῷ
1390 1615 1471 1660 τις
1513 1596 1775 1663 λαμϐάνει

234 1697 420 1764 τιμὴν,
455 1694 586 1745 ἀλλά
625 1691 946 1759 καλούμενος
984 1691 1086 1741 ὑπὸ
1129 1687 1222 1739 τοῦ
1267 1687 1401 1740 Θεοῦ
1426 1728 1440 1750 ,
1474 1685 1700 1754 ὤφειλεν
1747 1688 1776 1737 ό

1873 639 2120 706 gentibus
2152 653 2376 704 me,nec
2405 636 2701 706 profanabo
2754 641 3137 688 testamentum
3191 643 3405 685 meum:

1873 725 1918 778 is
1943 739 2070 793 ergo
2108 739 2438 793 paganorum
2487 725 2699 792 quidem
2738 720 3106 776 inlidelitatem
3160 717 3408 786 dissipet,

1873 813 2036 866 veluti
2089 813 2366 882 pulverem
2418 829 2483 868 ex
2517 827 2643 867 area
2700 813 2908 874 aestiva,
2961 817 3178 864 sanctos
3229 819 3407 860 autem

1871 918 2000 957 suos
2031 905 2270 973 colligat,
2305 911 2359 956 et
2407 916 2738 972 paganorum
2791 900 2872 956 eis
2908 900 3000 953 det
3044 900 3288 966 regiones
3347 910 3411 949 ac

1872 993 2064 1047 tribus.
2111 994 2176 1047 Et
2240 993 2384 1047 dicat
2432 992 2661 1062 populus
2710 989 2996 1045 universus
3040 987 3412 1042 :Beuedictus

1875 1081 2131 1136 Dominus
2162 1083 2214 1135 in
2243 1081 2520 1136 saeculum.
2558 1080 2697 1144 Fiat,
2731 1079 2844 1132 ﬂat.

2492 1207 2790 1264 EIUSDEM

1875 1334 2203 1398 Meditatum,
2237 1337 2298 1389 de
2328 1335 2528 1388 duobus
2563 1336 2670 1388 illis
2701 1334 2876 1398 ofﬁciis
2902 1374 2916 1397 ,
2949 1328 3260 1384 chariula‘rii
3306 1329 3409 1382 sbi-

2241 1405 2379 1466 licet,
2421 1419 2482 1456 ac
2523 1405 2677 1470 primi
2710 1403 3020 1470 defensoris.

1943 1509 2076 1562 Cum
2113 1523 2338 1577 magnus
2379 1507 2467 1561 ille
2517 1507 2706 1560 doctor
2762 1506 3038 1571 Ecclesiae,
3091 1508 3411 1576 divinusque

1875 1612 2048 1668 praeco
2079 1596 2274 1651 Paulus
2298 1597 2464 1662 dicat,
2495 1612 2600 1649 non
2642 1596 2744 1651 sibi
2794 1597 3099 1664 quempiam
3153 1599 3407 1652 honorem

1875 1701 2106 1750 sumere,
2139 1686 2230 1740 sed
2257 1701 2286 1738 a
2315 1685 2421 1740 Deo
2445 1697 2727 1749 vocatum;
2757 1700 2884 1739 sane
2916 1686 3146 1740 debebat
3208 1690 3410 1756 primus

235 1785 607 1855 πρωτέκδικος
641 1780 925 1851 ἀρκεῖσθαι
972 1781 1081 1840 τοῖς
1127 1776 1426 1844 δεδομένοις
1465 1774 1630 1843 αὐτῷ,
1683 1773 1777 1826 καὶ

1885 1778 2128 1833 deiensor
2164 1777 2267 1830 sibi
2303 1777 2581 1832 concessis
2618 1791 2739 1830 esse
2795 1785 3106 1842 contentus,
3140 1787 3192 1834 et
3222 1779 3409 1833 decesa

234 1849 358 1926 κατ’
382 1873 520 1940 ἱχνία
548 1872 591 1903 ’⁸
627 1849 826 1938 βαίνειν
858 1867 964 1918 τῶν
998 1865 1100 1934 πρὸ
1139 1861 1322 1926 αὐτοῦ,
1358 1862 1582 1932 παντοία
1614 1860 1774 1929 σοφίᾳ

1885 1879 2058 1920 torum
2078 1879 2297 1918 suorum
2317 1864 2557 1931 vestigiis
2576 1863 2854 1926 insistere;
2884 1878 3113 1932 quorum
3146 1865 3409 1935 plerique,

235 1965 347 2016 τῶν
380 1964 632 2015 πλειόνων
678 1959 1097 2028 κεκοσμημένων
1144 1958 1208 2024 τῇ
1251 1956 1431 2024 χάριτι
1472 1953 1564 2006 τοῦ
1618 1951 1773 2017 Θεοῦ,

235 2052 419 2114 καθὼς
445 2052 536 2104 καὶ
567 2051 723 2110 αὑτός
748 2052 880 2110 ἐστι,
916 2047 1009 2099 καὶ
1045 2046 1112 2098 τά
1147 2045 1448 2114 ὑψηλότατα
1477 2045 1574 2112 τῆς
1615 2044 1779 2109 ἀγιω-

234 2142 406 2210 τάτης
433 2141 523 2193 τοῦ
568 2139 700 2192 Θεοῦ
735 2137 972 2208 μεγάλης
1008 2136 1331 2204 Ἐκκλησίας
1371 2134 1776 2203 ινεργησάντων

233 2229 486 2297 όφιρίκια,
520 2227 678 2280 τινῶν
705 2227 759 2278 δὲ
792 2225 882 2278 καὶ
916 2225 1056 2277 κατά
1083 2224 1336 2293 γνησίους
1365 2220 1777 2290 πτερυξαμένων

233 2319 490 2376 ἀετιδείς,
522 2317 613 2367 καὶ
641 2316 718 2375 είς
751 2315 841 2365 τὸν
882 2312 1054 2382 μέγαν
1097 2311 1413 2378 φθασάντων
1461 2309 1647 2378 Θρόνον
1681 2307 1778 2376 τῆς

237 2404 882 2466 Κωνσταντινουπόλεως,
912 2403 1003 2454 καὶ
1029 2401 1096 2453 τὰ
1125 2396 1436 2468 κυρωθέντα
1459 2396 1544 2449 διά
1574 2395 1778 2464 χρόνων

236 2493 659 2562 ἀμνημονεύτων
719 2491 935 2560 σχεδὸν,
997 2488 1069 2558 μὴ
1126 2486 1373 2540 σπεύδειν
1428 2483 1778 2551 ἀλλοιωθῆναι

239 2585 384 2636 κατά
417 2582 626 2649 σηπύας
671 2579 1009 2649 αὐθημερὸν,
1060 2579 1152 2630 καὶ
1194 2577 1338 2630 οῦτω
1399 2573 1779 2643 ῥιψοκινδύνως

238 2671 614 2734 σκανδαλίζειν
646 2670 738 2722 καὶ
773 2667 1208 2731 σκανδαλίζεσθαι
1233 2683 1247 2697 ·
1281 2664 1452 2717 θέλειν
1484 2664 1538 2716 δι
1584 2662 1781 2731 μᾶλλον

239 2763 466 2831 είρήνην
494 2763 584 2813 ἰπὶ
608 2761 698 2812 τδν
725 2760 852 2814 λαὸν
882 2758 976 2811 τοῦ
1006 2757 1168 2817 Θεοῦ,
1198 2757 1291 2808 καὶ
1322 2755 1415 2807 ἐπὶ
1451 2756 1576 2816 τοὺς
1603 2754 1781 2814 ὁσίους

238 2851 430 2906 αὐτοῦ.
474 2851 624 2904 Ἐπεὶ
667 2849 711 2902 δ’
755 2849 852 2902 οὐκ
897 2843 994 2900 οἷδ’
1041 2848 1184 2908 ὅπως
1237 2842 1603 2914 παραδραμὼν
1657 2845 1782 2905 τοὺς

237 2940 550 3012 ιγείροντας
572 2939 639 2992 τὰ
667 2937 932 2991 σκάνδαλα
956 2935 1218 3006 μύλωνας,
1245 2934 1338 2986 καὶ
1358 2935 1425 2984 τά
1447 2931 1780 3001 διορισθέντα

237 3029 539 3092 κανονικῶς
588 3027 726 3082 κατά
767 3026 875 3081 τῶν
931 3025 1314 3094 παραλυόντων
1369 3021 1783 3092 ἀπερισκέπτως

238 3117 530 3187 συνήθειαν
563 3115 776 3185 μακρὰν
803 3112 1255 3184 εκκλησιαστικὴν
1295 3110 1601 3180 οἱανδὴτινα
1646 3109 1782 3180 (καὶ

234 3207 443 3278 ταύτην
469 3207 572 3276 γάρ
603 3206 820 3274 κρατεῖν
849 3203 923 3265 ὡς
955 3202 1080 3264 τοὺς
1117 3201 1291 3262 θείους
1315 3199 1541 3262 κανόνας
1561 3214 1780 3267 νενομο-

237 3297 510 3365 θέτηται),
534 3296 628 3350 καὶ
659 3293 1004 3365 ὕπεραναδάς
1027 3292 1117 3345 τὸν
1141 3291 1409 3360 ὁρίζοντα,
1432 3289 1576 3341 θέλει
1605 3298 1782 3356 παρα-

241 3386 504 3440 σαλεῦσαι
533 3385 598 3436 τὰ
642 3382 735 3436 τοῦ
765 3380 1168 3452 χαρτοφύλακος
1199 3377 1464 3448 προνόμια
1483 3417 1498 3441 ,
1530 3378 1624 3429 καὶ
1663 3393 1784 3429 συν-

241 3476 378 3544 άψαι
408 3477 519 3535 τοῖς
548 3473 836 3534 ἔκδικικοϊς
862 3468 1306 3540 λειτουργήμασι,
1327 3467 1466 3521 κατά
1491 3483 1640 3528 τινας
1667 3466 1784 3517 ἐτε-

239 3566 416 3637 ροφυῆ
448 3561 914 3632 συμμοσχεύοντας
938 3559 1182 3630 σώματα,
1209 3559 1302 3610 καὶ
1331 3557 1463 3626 πρὸς
1489 3555 1783 3609 επισύστα-

238 3670 327 3710 σιν
354 3653 450 3707 τοῦ
480 3653 675 3706 οίκείου
698 3651 1021 3720 θελήματος,
1063 3648 1247 3701 κανόσι
1277 3646 1474 3716 χρῆται
1496 3645 1594 3714 τῆς
1625 3643 1783 3710 ἁγίας

236 3744 337 3796 καὶ
369 3741 748 3810 οίκουμενικῆς
775 3739 1038 3806 τετάρτης
1065 3736 1303 3799 συνόδου,
1325 3734 1458 3805 πρὸς
1482 3734 1539 3786 δὲ
1563 3732 1653 3785 καί
1676 3747 1783 3785 τισι

237 3833 307 3901 ﬁt;
319 3847 454 3898 μασι
485 3828 576 3881 τοῦ
603 3826 960 3897 ἀποκειμένου
999 3825 1200 3895 βιϐλίου
1233 3826 1288 3876 ιν
1316 3821 1394 3892 τῷ
1424 3810 1660 3890 σεκρέτῳ
1688 3817 1782 3870 τοῦ

236 3912 388 3982 ίιροῦ
411 3912 691 3978 ίκδικείου,
727 3911 974 3980 παριστῶ
1002 3911 1094 3962 καὶ
1122 3909 1283 3971 αὐτὸς
1313 3908 1402 3959 διά
1444 3907 1541 3975 τῆς
1578 3905 1784 3975 παρού-

236 4017 338 4071 σης
356 4002 571 4070 γραφῆς
599 4017 720 4070 μου,
742 3999 921 4061 καθὼς
945 3998 1199 4068 ὴξίωμαι,
1221 3999 1289 4050 τά
1317 3995 1522 4062 τοῦτον,
1550 3995 1624 4056 ὡς
1648 3988 1786 4060 ιγῷ.

1878 1956 2014 2010 sicut
2037 1965 2090 2009 et
2128 1954 2266 2024 ipse,
2307 1968 2401 2022 per
2432 1951 2522 2007 Dei
2589 1952 2814 2020 gratiam
2858 1955 3142 2022 omnigena
3191 1954 3413 2008 fuerunt

1877 2044 2051 2099 ornati
2119 2043 2396 2106 doctrina,
2459 2054 2850 2111 supremasque
2909 2043 3268 2098 sanctissima:
3319 2042 3412 2098 Dei

1879 2135 2099 2202 majoris
2135 2132 2386 2186 Ecclesia
2410 2131 2696 2200 dignitates
2723 2141 3034 2202 gesserunt,
3061 2143 3222 2203 atque
3245 2133 3410 2187 etiam

1877 2224 2042 2292 aliqui
2078 2224 2435 2292 genuinorum
2476 2224 2530 2277 in
2576 2238 2778 2278 morem
2832 2224 3100 2293 pullorum
3151 2227 3415 2294 aquilino—

1879 2326 2002 2367 rum
2028 2314 2142 2368 alas
2177 2319 2548 2381 sumpserunt,
2581 2319 2634 2366 et
2662 2313 2727 2366 ad
2781 2322 3034 2382 magnum
3090 2312 3239 2375 illum
3272 2313 3417 2368 Con-

1879 2404 2266 2473 stantinopolis
2319 2403 2574 2457 thronum
2626 2412 3027 2472 pervenerunt:
3088 2405 3415 2472 minimeque

1879 2495 2008 2548 dare
2031 2493 2260 2548 debebat
2292 2507 2534 2563 operam,
2591 2501 2654 2547 ut
2699 2493 2858 2546 annis
2911 2494 3185 2548 hominum
3250 2503 3416 2561 prope

1881 2583 2196 2638 memoriam
2240 2582 2628 2638 excedentibus
2684 2583 3022 2643 conﬁrmata,
3075 2589 3412 2635 mutarentur

1881 2688 1988 2726 uno
2019 2673 2125 2737 die,
2148 2674 2420 2742 sepiarum
2448 2674 2499 2726 in
2527 2687 2728 2726 morem
2751 2689 2766 2737 ;
2787 2682 2946 2742 atque
2990 2673 3060 2725 ita
3108 2674 3411 2742 periculose

1882 2772 1988 2815 tam
2045 2761 2337 2826 oiiendere,
2402 2776 2562 2831 quam
2621 2762 2853 2818 aliendi:
2914 2763 3005 2818 sed
3053 2763 3188 2817 velle
3237 2764 3415 2832 potius

1881 2865 2065 2918 pacem
2093 2865 2255 2920 supra
2287 2851 2545 2921 populum
2590 2849 2707 2915 Dei,
2740 2859 2795 2906 et
2821 2866 2986 2921 supra
3018 2861 3234 2906 sanctos
3277 2851 3412 2915 eitis.

1880 2939 2082 2994 Verum
2117 2941 2237 3010 quia
2288 2943 2476 2996 nescio
2530 2936 2800 3011 quomodo
2834 2939 3131 2998 molaribus
3181 2943 3416 2996 excitau-

1882 3026 2027 3082 tibus
2057 3027 2308 3082 scandala
2343 3028 2653 3097 praterltis,
2708 3037 2869 3098 atque
2923 3028 3107 3082 itidem
3170 3028 3258 3089 iis,
3288 3036 3410 3094 quae

1885 3112 2149 3167 canonice
2214 3119 2419 3168 statuta
2491 3119 2620 3168 sunt
2685 3114 2946 3170 adversus
3018 3113 3416 3168 inconsiderate

1884 3201 2152 3256 violantes
2189 3215 2569 3271 quamcunque
2610 3201 2922 3256 diuturnam
2971 3201 3414 3256 consuetudinem

1881 3290 2305 3347 ecclesiasticam
2355 3291 2504 3360 (nam
2539 3298 2591 3346 et
2617 3290 2766 3345 illam
2812 3290 3034 3360 perinde
3087 3299 3257 3343 ratam
3295 3305 3419 3345 esse

1882 3381 2080 3436 debere
2123 3381 2395 3436 sancitum
2446 3387 2549 3446 est,
2605 3390 2767 3450 atque
2816 3392 3002 3435 sacros
3053 3378 3309 3446 canones)
3363 3391 3418 3432 et

1885 3478 2202 3526 transcenso
2223 3469 2456 3541 denique
2477 3471 2778 3532 horizonte.
2800 3468 3079 3537 privilegia
3103 3468 3415 3521 chartularii

1883 3565 2172 3612 concutere
2215 3558 2351 3620 vult,
2397 3567 2450 3612 et
2494 3572 2616 3611 cum
2665 3556 3038 3612 {unctionibus
3095 3556 3418 3612 defensor-iis

1883 3645 2230 3715 conjungere.
2257 3661 2406 3702 more
2427 3645 2808 3716 quorumdam,
2831 3646 2923 3716 qui
2951 3646 3178 3701 diversa
3210 3655 3416 3701 natura:

1886 3748 2117 3803 corpora
2171 3735 2390 3790 sibimet
2469 3735 2757 3791 inserendo
2823 3736 3110 3806 copulant:
3186 3750 3421 3805 cumth

1892 3823 2130 3877 instituti
2164 3824 2248 3879 sui
2274 3824 2532 3894 probandi
2557 3838 2740 3891 causa,
2769 3834 2972 3880 sanctae
3009 3835 3060 3880 et
3093 3828 3418 3880 universalis

1886 3921 2092 3982 quarta
2149 3913 2337 3982 synodi
2401 3916 2708 3970 canonibus
2759 3924 2974 3978 utatur,
3030 3930 3090 3970 ac
3166 3925 3421 3985 praeterea

1883 4001 2065 4055 verbis
2094 4002 2417 4070 quibusdam
2445 4003 2686 4068 exlibro,
2722 4003 2816 4073 qui
2846 4013 3091 4060 servatur
3120 4007 3172 4060 in
3216 4017 3422 4060 secreto

238 4109 363 4161 μαι,
391 4089 608 4150 δικαίως
651 4086 1086 4156 δπιστομίζοντα,
1120 4087 1214 4139 καὶ
1251 4086 1343 4139 τὸν
1371 4086 1512 4140 κατά
1559 4085 1781 4155 καιροὺς

1886 4091 2029 4146 sacri
2067 4090 2362 4146 deiensorii
2397 4109 2412 4146 :
2470 4092 2740 4161 proferam
2768 4101 2822 4148 et
2869 4095 2985 4164 ipse
3022 4096 3122 4150 hoc
3173 4099 3422 4164 praesenti

233 4177 622 4249 χαρτοφύλακα
666 4177 968 4245 φιλαλήθως
1010 4175 1472 4243 ἀποσεμνύνοντα.
1519 4173 1650 4225 Ἀπὺ
1690 4173 1781 4226 τοῦ

1886 4181 2112 4250 scripto.
2135 4181 2585 4251 quemadmodum
2622 4197 2650 4236 a
2679 4198 2764 4236 me
2797 4185 3020 4252 petitum
3061 4195 3165 4247 est,
3192 4194 3310 4254 quae
3345 4200 3407 4239 os

233 4275 332 4336 κγ’
351 4267 574 4330 κανόνος
597 4267 704 4320 τῶν
731 4269 787 4320 ιν
810 4264 1108 4334 Χαλκηδόνι
1132 4263 1488 4317 συνελθόντων
1513 4263 1591 4331 χλ¹
1617 4261 1781 4328 ἁγίων

1886 4272 2011 4326 huic
2038 4287 2146 4325 non
2170 4273 2265 4327 abs
2281 4287 2361 4335 re,
2397 4286 2516 4328 meo
2535 4271 2751 4341 quidem
2775 4272 3000 4341 judicio,
3052 4283 3176 4329 sunt
3209 4274 3428 4326 obtura-

236 4357 532 4426 Πατέρων,
582 4355 803 4425 συκίνην
841 4355 1158 4425 ἀπικουρίαν
1187 4354 1216 4407 ό
1252 4353 1614 4424 πρωτέιιδικος
1647 4349 1781 4404 ίδιιῖ)⁴

1887 4367 2040 4428 tura;
2097 4367 2152 4415 et
2213 4375 2339 4416 vere
2400 4361 2573 4417 cuivis
2635 4377 2732 4430 pro
2791 4369 3035 4432 tempore
3098 4361 3428 4416 cbartuiario

236 4468 394 4516 σατο,
425 4449 583 4520 χάριν
607 4448 700 4500 τοῦ
731 4446 936 4515 κρίνειν
965 4443 1298 4514 ἰδιορυθμίας
1331 4442 1664 4512 μοναζόντων
1692 4441 1781 4494 καὶ

1891 4449 2294 4505 venerationem
2318 4451 2694 4506 conciliatura.
2750 4450 2917 4520 igitur
2949 4467 3014 4507 ex
3059 4464 3265 4506 canone
3293 4465 3424 4505 mu

234 4539 548 4611 κληρικῶν,
594 4537 688 4590 καὶ
734 4535 1050 4605 ἀνακρίνειν
1094 4532 1399 4601 ἀποδημίας
1447 4530 1662 4595 αὐτῶν,
1693 4529 1781 4582 καὶ

1892 4547 2199 4593 sanctorum
2229 4537 2471 4604 Patrum,
2513 4541 2603 4609 qui
2649 4540 2992 4596 Chalcedone
3039 4549 3427 4598 convenerunt.

233 4631 586 4702 κατακρίνειν
629 4631 704 4691 ὼς
746 4627 1009 4696 φνγαδίας
1051 4625 1456 4694 δουλοπρεπεῖς.
1511 4622 1623 4692 Πρδ
1681 4621 1781 4690 γὰρ

1890 4624 2150 4679 ﬁculnum
2181 4625 2488 4695 prasidium
2525 4627 2627 4682 sibi
2648 4627 2901 4683 defensor
2953 4630 3218 4697 quaesivit,
3270 4630 3427 4698 quasi

236 4723 439 4777 ικατδν
472 4720 674 4790 χρόνων
710 4717 903 4787 μικρόν
944 4731 997 4770 τι
1026 4715 1186 4767 πλέον
1217 4713 1252 4784 ἢ
1276 4713 1528 4775 ῐλαττον,
1557 4705 1651 4764 τοῦ
1677 4711 1781 4762 ἀοι-

1887 4713 2092 4783 judicet
2122 4715 2236 4784 ipse
2257 4715 2324 4770 de
2345 4716 2432 4779 iis.
2454 4731 2572 4786 qua
2605 4723 2731 4771 sunt
2757 4715 2916 4773 oﬂlcli
2961 4719 3348 4772 monachorum
3375 4728 3429 4771 et

235 4813 400 4880 δίμου
425 4805 682 4875 βασιλέως
710 4802 802 4856 τοῦ
832 4799 1336 4861 ’1ουστινιανοῦ,τοῦ
1358 4793 1781 4864 τὴνἘκκλησίαν

1889 4803 2232 4866 clericorum.
2269 4803 2536 4873 quasique
2565 4804 2633 4858 de
2664 4805 2857 4859 horum
2898 4806 3427 4875 peregrinationibus

237 4894 526 4965 ἀγακλεῶς
566 4890 1002 4960 οὑρανὼσαντος.
1050 4890 1078 4939 ό
1118 4884 1353 4946 τοιοῦτος
1407 4883 1585 4938 κανὼν
1624 4885 1781 4936 ἔκπε-

1891 4893 2150 4962 inquirat,
2187 4907 2391 4961 easque
2430 4894 2593 4948 veluti
2624 4895 3015 4964 mancipiorum
3052 4894 3268 4963 aufugia
3295 4907 3428 4948 con-

239 4987 515 5055 φώνηται,
551 4981 638 5032 δτε
681 4977 837 5046 λόγος
865 4977 964 5028 οὐκ
1000 4971 1066 5044 ἦν
1099 4974 1324 5026 ικδίκων
1351 4973 1518 5026 ὄντων
1549 4972 1658 5025 ἀπδ
1695 4974 1781 5025 τοῦ

1887 4979 2124 5034 όεωηοε.
2189 4979 2452 5034 Nimirum
2531 4978 2689 5035 ann‘is
2753 4981 2913 5052 paulo
2987 4984 3106 5051 plus
3184 4984 3426 5037 minusve

242 5075 523 5141 βήματος,
571 5065 771 5118 λαῖκῶν
839 5063 895 5117 δι
951 5065 1069 5124 ταῖς
1138 5058 1451 5128 ικκλησίαις
1503 5059 1792 5127 διδομένων

241 5161 503 5216 ἑκάστοτε
529 5154 662 5224 πρὸς
695 5153 988 5219 δκδίκησιν.
1016 5149 1126 5203 Καὶ
1152 5149 1306 5202 τοῦτο
1334 5147 1488 5217 δῆλόν
1507 5148 1654 5200 ἐστιν
1685 5146 1791 5199 ἀπὸ

243 5248 342 5305 τοῦ
372 5251 443 5301 οε’
472 5244 688 5303 κανόνος
725 5242 823 5309 τῆς
859 5241 915 5292 ιν
945 5238 1270 5308 Καρθαγένῃ
1311 5237 1526 5290 συνόδου
1549 5273 1565 5300 ,
1595 5235 1791 5287 οὑτωσὶ

240 5338 534 5403 διεξιόντος
568 5331 742 5404 ῥητῶς
764 5346 776 5361 ο
810 5330 943 5395 Περί
968 5329 1218 5380 ἐκδικων
1247 5327 1362 5379 τῶν
1400 5323 1784 5390 Ἐκκλησιῶν,

242 5425 363 5482 τῶν·
391 5422 751 5492 ὀφειλόντων
798 5418 912 5471 ἀπὸ
949 5416 1054 5470 τοῦ
1100 5417 1402 5480 ,ϐασιλέως
1457 5411 1782 5479 αίτηθῆναι,

249 5520 571 5585 σύμπασιν
616 5509 824 5574 ἔδοξεν
867 5507 1105 5574 αίτῆσαι
1169 5507 1286 5561 ἀπὸ
1322 5507 1436 5560 τῶν
1481 5503 1788 5568 ,βασιλέων

1887 5077 2105 5121 centum
2176 5075 2304 5123 ante
2374 5070 2740 5125 clarissimum
2812 5071 2961 5124 illum
3042 5071 3422 5139 imperatorem

1886 5151 2283 5220 Iustinianum,
2358 5157 2450 5227 qui
2526 5157 2668 5212 hanc
2736 5157 3015 5213 ecclesiam
3087 5157 3428 5211 laudabiliter

1890 5246 2044 5315 quasi
2078 5246 2312 5316 quodam
2348 5245 2554 5302 cmiesti
2590 5261 2754 5315 opere
2793 5246 3116 5310 construxit,
3153 5246 3201 5300 is
3251 5261 3424 5300 canon

1889 5333 2200 5402 publicatus
2233 5333 2368 5387 fuit:
2420 5348 2534 5402 quo
2570 5340 2813 5400 tempore
2866 5330 3049 5384 nullus
3079 5339 3195 5383 erat
3247 5343 3424 5384 seruo

1889 5421 1956 5475 de
2000 5420 2380 5476 defensoribus
2427 5436 2494 5476 ex
2556 5418 2747 5474 ordine
2810 5431 2988 5480 sacro,
3040 5415 3130 5470 sed
3176 5413 3422 5468 ecclesiis

1885 5521 2097 5578 semper
2125 5509 2247 5562 laici
2307 5505 2639 5565 defensionis
2689 5518 2855 5559 causa
2904 5504 3196 5558 dabantur.
3257 5504 3434 5565 Atque

1510 5635 1753 5692 νΑιιιι
1775 5635 2173 5698 ιεοτιοιιειε.

324 5736 372 5771 *⁸
408 5732 679 5803 κατίχνια.

550 5834 816 5896 mnos.
849 5828 964 5890 Gn.
1007 5825 1402 5892 CXXXVIII.
