4110 6458
671 402 800 469 1035

1925 401 2197 465 ΤΗΕΟΙ).
2236 402 2323 461 BA
2334 400 2623 461 LSAMON
2638 402 2701 457 IS

3741 397 3877 461 1036

675 532 1158 593 boc'manifestum
1190 538 1271 587 est
1300 545 1363 587 ex
1384 545 1521 588 Lxxv
1563 544 1770 586 canone
1823 530 2046 585 concilii
2073 529 2205 583 Car-
2241 577 2249 589 ,

2333 528 2425 580 διὰ
2454 529 2565 595 τὴν
2605 528 2721 582 τῶν
2781 526 3049 591 πενήτων
3098 525 3381 589 κάκωσιν,
3406 516 3495 578 ὧν
3544 520 3673 585 ταῖς
3724 520 3869 571 ἐπα-

674 621 1049 694 thaglniensis,
1073 622 1228 691 cujus
1256 623 1366 675 haec
1396 620 1555 674 verba
1590 631 1753 675 sunt:
1808 620 1883 674 De
1927 619 2210 687 defensori-

630 710 633 723 ⁴
675 715 767 767 bus
824 710 1195 777 Eeclesiarum,
1247 713 1337 779 qui
1386 712 1448 765 ab
1498 714 1809 781 imperatore
1860 710 1961 777 peti
2008 708 2209 773 debent,

674 803 838 855 visam
902 810 977 855 est
1036 801 1312 867 universis,
1371 805 1610 867 petendos
1675 802 1737 853 ab
1786 798 2207 867 imperatoribus,

675 899 881 958 propter
914 890 1241 960 aﬂlictionem
1299 906 1605 957 pauperum,
1635 904 1851 955 quorum
1884 885 2204 957 gravamt'nio

2323 619 2541 683 χθείαις
2571 617 2886 680 ἀπαύστως
2916 618 2951 683 ἠ
2989 614 3316 679 Ἐκκλησία
3371 608 3824 679 παρονοχλεῒται
3848 648 3866 674 ,

2318 705 2471 758 ὥστε
2499 706 2774 769 ἐκδίκους
2802 705 3031 766 τούτοις
3058 703 3204 770 μετὰ
3233 700 3345 769 τῆς
3382 699 3497 752 τῶν
3524 701 3870 752 ἐπισκόπων

2319 796 2598 859 προνοίας
2631 794 3006 862 ἐπιλέγεσθαι
3056 792 3202 844 κατὰ
3228 790 3335 858 τῆς
3387 788 3503 843 τῶν
3558 790 3871 841 πλουσίων

2323 900 2345 935 τ
2355 883 2688 949 ιφαννίδος.

678 984 772 1034 bus
801 981 1145 1033 indesinenter
1180 979 1413 1033 Ecclesia
1443 982 1777 1033 molestatur:
1808 990 1862 1031 ut
1908 980 2199 1045 defensores
2239 977 2333 1035 eis.
2397 976 2761 1035 interveniente
2796 974 3120 1042 providentia
3177 973 3555 1041 episcoporum,
3602 973 3864 1040 eligantur

681 1069 924 1123 adversus
951 1071 1308 1138 apulsntorum
1349 1071 1691 1138 tyrannidem.

750 1161 934 1215 Itidem
959 1169 1111 1229 paret
1141 1160 1243 1213 hoc
1276 1175 1338 1212 ex
1370 1176 1436 1213 xv
1457 1161 1659 1213 novella
1702 1161 2041 1228 imperatoris
2086 1160 2214 1212 Jus-

681 1247 896 1311 tiniani,
918 1263 1035 1315 quat
1053 1256 1228 1301 exstat
1252 1248 1393 1301 libro
1425 1264 1473 1301 νι
1504 1247 1877 1311 Basilicarum,
1906 1250 2062 1301 titulo
2088 1263 2215 1301 mn

684 1338 737 1391 in
768 1339 905 1390 hanc
929 1336 1283 1391 sententiam:
1336 1335 1662 1391 Defensores
1692 1353 1753 1391 ex
1804 1338 1994 1391 incolis
2037 1338 2217 1405 cujus-

686 1429 813 1480 libet
863 1427 1010 1480 urbis
1058 1442 1151 1493 per
1199 1427 1344 1481 vices
1394 1427 1537 1495 eligi,
1585 1426 1707 1479 licet
1764 1427 2001 1480 illustres
2056 1426 2219 1493 aliqui

682 1518 813 1577 sint,
842 1527 897 1568 et
950 1515 1275 1569 clarissimi:
1327 1524 1488 1584 atque
1546 1516 1643 1569 hos
1695 1516 1956 1569 duntaxat
2005 1516 2220 1569 biennio

684 1600 1017 1657 defensionis
1051 1618 1250 1656 munus
1284 1604 1576 1657 sustinere.
1610 1602 1787 1661 Ouare
1817 1619 1937 1656 cum
1970 1602 2218 1657 defenso-

686 1707 771 1745 res
801 1700 853 1743 et
877 1692 1161 1758 eligantur,
1192 1707 1288 1746 ceu
1311 1693 1511 1747 dictum
1548 1702 1649 1755 est,
1700 1702 1752 1745 et
1785 1706 1970 1746 eorum
2024 1706 2219 1745 munus

684 1790 833 1832 certo
868 1780 1121 1846 temporis
1160 1780 1334 1849 spatio
1356 1780 1668 1835 deﬁniatur:
1723 1786 1994 1848 nugantur
2048 1794 2175 1832 sane
2202 1818 2215 1843 ,

683 1864 776 1927 qui
807 1880 872 1917 ex
906 1864 1140 1918 indicato
1162 1879 1368 1918 canone
1395 1865 1622 1918 stabiliri
1649 1852 1931 1933 perhibent
1967 1865 2039 1926 id,
2069 1863 2212 1931 quod

2405 1159 2672 1221 Ὡσαύτως
2710 1160 2803 1211 καὶ
2849 1158 2954 1211 ἀπὸ
3000 1158 3097 1225 τῆς
3143 1157 3205 1210 ιε’
3237 1160 3435 1224 νεαρᾶς
3476 1155 3569 1207 τοῦ
3607 1155 3866 1224 βασιλέως

2334 1248 2721 1313 Ἵουστινιανοῦ,
2755 1248 2849 1315 τῆς
2883 1249 3136 1317 κειμένης
3169 1249 3226 1300 ιν
3256 1246 3441 1316 βιϐλίῳ
3482 1244 3534 1309 ς’
3570 1247 3678 1298 τῶν
3708 1247 3866 1298 Βασι-

2323 1336 2507 1399 λικῶν,
2536 1336 2695 1405 τίτλῳ
2729 1334 2817 1404 ιη’,
2847 1336 2939 1387 καὶ
2965 1334 3453 1403 διαλαμϐανούσης,
3476 1334 3601 1394 τοὺς
3626 1334 3865 1395 ἐκδίκους

2327 1424 2431 1476 ἀπὸ
2467 1424 2571 1477 τῶν
2610 1424 2878 1477 κατοίκων
2915 1424 3149 1492 ἑκάστης
3180 1423 3387 1486 πόλεως
3422 1423 3713 1490 ἀμοιῦαδδν
3751 1424 3867 1475 ἑπι-

2324 1512 2595 1578 λέγεσθαι,
2618 1513 2718 1565 κᾶν
2741 1511 3056 1580 ίλλούστριοί
3081 1527 3221 1573 τινες
3242 1505 3343 1564 ὦσι
3360 1512 3455 1564 καλ⁸
3471 1511 3863 1579 λαμπρότατον

2326 1600 2416 1653 καὶ
2438 1602 2526 1652 επὶ
2557 1601 2689 1670 μόνῃ
2718 1601 2888 1669 διετίᾳ
2913 1601 2971 1651 τὸ
3007 1600 3105 1669 τῆς
3135 1600 3459 1669 ἐκδικήσεως
3500 1601 3719 1668 ὑπέχειν
3743 1600 3866 1653 τούς

2321 1705 2445 1751 τους
2474 1676 2854 1759 λειτούργημα.
2889 1689 3009 1742 Τῶν
3039 1689 3165 1756 γοῦν
3204 1690 3428 1741 ὶκδίκων
3474 1690 3866 1757 ἐπιλεγομένων

2326 1779 2398 1839 ὼς
2428 1778 2657 1848 εἴρηται,
2686 1777 2779 1829 καὶ
2804 1776 2900 1844 τῆς
2929 1777 3267 1845 λειτουργίας
3290 1776 3467 1828 αὐτῶν
3497 1778 3866 1844 μετρουμένης

2324 1868 2557 1937 χρονικῷ
2576 1868 2917 1935 διαστήματι,
2941 1866 3375 1934 είκαιομυθοῦσιν
3394 1868 3443 1917 οι
3465 1866 3732 1931 λέγοντες,
3761 1868 3863 1917 ἀπὸ

685 1966 712 2002 a
756 1954 929 2022 primo
957 1952 1237 2007 defensore
1291 1955 1571 2007 asseritur.
1612 1952 1785 2007 Verba
1821 1969 1945 2008 vero
1996 1953 2119 2006 libri
2154 1954 2219 2007 de

2333 1957 2415 2009 τοῦ
2471 1956 2721 2023 ῥηθέντος
2780 1957 2997 2017 κανόνος
3055 1955 3398 2024 στηρίζεσθαι
3455 1957 3513 2007 τὸ
3569 1956 3718 2025 παρὰ
3776 1957 3863 2008 τοῦ

685 2040 858 2094 ofﬁcio
898 2042 1053 2108 ριίιιιὶ
1075 2041 1399 2104 defensoris,
1436 2055 1556 2109 qua:
1602 2040 1988 2109 propemodum
2030 2041 2216 2109 hujus-

683 2131 830 2182 modi
861 2138 1022 2182 sunt:
1074 2129 1286 2196 Oportet
1339 2145 1447 2191 vos.
1480 2130 1525 2182 si
1555 2130 1670 2199 quis
1718 2130 2127 2197 presbyterorum
2172 2139 2220 2182 et

684 2216 1023 2269 diaconorum
1048 2234 1164 2269 cum
1190 2219 1363 2287 aliqua
1384 2218 1527 2271 litem
1559 2220 1783 2281 habebit,
1816 2237 1929 2273 eum
1958 2225 2043 2288 qui
2070 2238 2196 2274 accu

687 2318 855 2366 satur,
888 2308 1094 2358 tertium
1122 2308 1306 2367 citare,
1337 2306 1613 2359 secundum
1672 2308 1961 2360 indicatum
1993 2312 2220 2373 modum,

686 2405 734 2449 et
796 2412 898 2449 non
959 2400 1314 2466 obsequentem
1346 2400 1717 2453 condemnare:
1797 2402 1931 2465 haec,
1978 2403 2219 2472 inquam,

686 2484 850 2539 verba
881 2500 1054 2553 neque
1080 2487 1363 2552 radicitus,
1395 2504 1565 2557 neque
1592 2491 1671 2543 vel
1706 2493 1861 2556 rami,
1890 2493 1974 2547 vel
2006 2494 2224 2548 corticis

687 2583 932 2640 respectu
962 2612 975 2633 .
1009 2574 1444 2643 jurisdietionem
1496 2575 1808 2631 cbartularii
1848 2581 1900 2633 in
1942 2583 2223 2636 universos

689 2662 862 2718 sacris
892 2662 1135 2719 initiatos
1174 2672 1444 2728 evertunt,
1474 2672 1526 2719 et
1553 2667 1616 2718 ad
1647 2666 1957 2724 defensores
1995 2671 2226 2725 transfe-

690 2759 839 2805 ιἰιηι.

757 2838 965 2910 Quippe
988 2854 1093 2894 non
1118 2841 1197 2896 sic
1219 2841 1603 2912 intelliguntur,
1644 2845 1706 2898 de
1732 2845 1889 2914 primi
1929 2844 2226 2901 defensoris

688 2932 976 2997 sententia,
1021 2932 1170 3000 quasi
1219 2934 1390 3001 possit
1432 2934 1477 2987 is
1521 2949 1710 3004 cogere
1748 2936 1830 2991 vel
1870 2938 2068 2993 invitos
2108 2954 2223 3004 eos,

689 3016 781 3084 qui
828 3030 856 3068 a
901 3015 1144 3072 diaconis
1194 3028 1245 3072 et
1299 3020 1624 3089 presbyteris
1670 3022 1982 3089 quibusdam
2030 3040 2226 3078 conve-

689 3107 931 3168 niuntur,
972 3105 1219 3161 fortassis
1264 3108 1364 3177 ipsi
1407 3110 1545 3175 laici,
1592 3118 1647 3162 ut
1690 3113 1827 3177 apud
1856 3128 1975 3166 eum
2010 3129 2227 3169 causam

692 3193 893 3255 dicant.
946 3194 1014 3248 ob
1059 3210 1218 3264 quam
1278 3197 1635 3265 postulantur.
1695 3198 1827 3253 Nam
1887 3204 2225 3256 temerarium

691 3281 869 3339 istbuc
903 3291 1009 3341 est.
1044 3299 1103 3338 ac
1144 3298 1211 3338 ne
1256 3286 1599 3354 patriarchali
1648 3287 1863 3356 quidem
1907 3303 2073 3341 sacra:
2114 3304 2228 3342 am-
2255 3265 2300 3324 θ

695 3371 942 3439 plitudini
1001 3388 1343 3439 concessum,
1400 3376 1564 3429 veluti
1618 3377 1823 3445 legibus
1878 3380 2227 3441 contrarium,

693 3476 810 3527 quas
846 3470 1056 3516 actores
1092 3462 1265 3517 forum
1314 3479 1528 3518 reorum
1572 3469 1722 3533 sequi
1764 3468 1965 3521 volunt.
2000 3468 2150 3533 Quod
2187 3470 2231 3524 si

694 3550 817 3616 quis
864 3550 1020 3617 primi
1076 3550 1373 3605 defensoris
1420 3562 1647 3607 mentem
1701 3555 1934 3623 probans
1984 3557 2127 3625 (nam
2180 3566 2233 3612 et

697 3638 962 3694 malitiose
1003 3640 1283 3708 agentibus
1312 3642 1451 3709 quod
1498 3643 1669 3707 aiunt,
1703 3644 1970 3699 interdum
2013 3648 2233 3700 benedi-

694 3728 877 3798 citur),
927 3746 1063 3782 vano
1102 3746 1222 3784 cum
1274 3730 1418 3785 fastu
1470 3734 1745 3803 subjiciet,
1800 3736 2036 3789 indicata
2074 3739 2232 3792 verba

695 3816 836 3885 loqui
900 3818 965 3871 de
1007 3820 1213 3875 duabus
1260 3821 1523 3888 partibus,
1589 3838 1708 3891 qua:
1752 3825 1978 3879 diversis
2042 3827 2235 3880 studiis

695 3921 800 3960 non
846 3908 1280 3977 distinguantur;
1324 3912 1417 3966 sed
1455 3928 1571 3982 qua:
1610 3915 1910 3967 communis
1944 3915 2231 3968 sacerdotii

698 3998 1028 4066 professione
1074 4000 1375 4069 conjunctae
1420 4003 1529 4057 sint
1576 4020 1586 4053 :
1636 4004 1681 4057 is
1716 4004 1916 4067 audiet,
1946 4004 2047 4059 hoc
2080 4006 2236 4060 modo

697 4091 1035 4142 temerariam
1090 4092 1420 4146 vacationem
1467 4100 1520 4146 et
1576 4093 1855 4162 justicium
1910 4095 2072 4148 indici
2130 4110 2234 4149 non

697 4176 1006 4230 chartularii
1048 4178 1311 4234 duntaxat
1355 4182 1765 4249 jurisdictioni,
1844 4197 2028 4235 verum
2078 4183 2235 4236 etiam

698 4264 864 4331 ipsius
896 4268 1270 4331 patriarchalis
1302 4269 1656 4324 sacratissimi
1695 4270 1999 4328 tribunalis.
2026 4268 2236 4338 Quippe

696 4352 739 4406 si
786 4353 886 4406 hoc
926 4368 1240 4409 concessum
1285 4358 1374 4422 sit,
1422 4359 1627 4426 primus
1675 4359 1927 4412 defensor
1965 4359 2056 4427 jus
2096 4358 2239 4413 dicet

696 4440 974 4501 audacter.
1028 4442 1135 4495 itno
1188 4459 1437 4511 suprema
1487 4461 1608 4498 cum
1656 4454 1940 4513 potestate,
1978 4448 2237 4502 adversus

695 4527 994 4597 pontiﬁces,
1049 4538 1102 4585 et
1163 4532 1441 4605 diaconos,
1503 4545 1550 4586 et
1613 4534 1851 4602 reliquos
1905 4536 2234 4602 sacerdotes,
2269 4560 2312 4615 υ

696 4618 907 4685 magnis
958 4633 1344 4688 nonnunquam
1397 4622 1749 4692 dignitatibus
1812 4623 2072 4691 insignes.
2118 4640 2238 4693 qua:

697 4706 869 4775 ipsius
920 4709 1082 4763 etiam
1136 4712 1291 4778 primi
1344 4711 1650 4765 defensoris
1703 4713 2129 4780 iurisdictionem
2174 4729 2238 4767 ex

698 4797 963 4853 diametro
996 4802 1395 4855 transcendant.
1442 4800 1582 4866 Quin
1627 4810 1680 4855 et
1721 4803 2095 4871 episcopianos
2135 4804 2238 4857 sibi

697 4887 972 4942 vindicare
1001 4890 1301 4948 conabitur.
1328 4892 1485 4945 veluti
1512 4891 1603 4959 qui
1629 4894 1861 4960 episc0pi
1895 4893 2236 4945 ratiocinium

698 4976 925 5031 sortitus
958 4978 1045 5031 sit.
1101 4964 1252 5041 Quod
1307 4995 1459 5042 sane,
1494 4994 1653 5049 quam
1707 4980 1994 5034 absurdum
2041 4982 2129 5041 sit,
2174 4994 2240 5033 ne

698 5063 804 5117 dici
834 5065 1047 5131 quidem
1092 5076 1348 5120 meretur.
1400 5068 1667 5123 Caeterum
1708 5069 1849 5135 quod
1886 5067 2104 5135 quidam
2144 5067 2236 5130 ait,

699 5167 792 5208 eos
826 5154 916 5222 qui
952 5169 980 5205 a
1015 5156 1388 5209 sacerdotibus
1418 5158 1559 5225 apud
1592 5157 1916 5211 defensores
1945 5158 2014 5210 ob
2048 5170 2241 5224 quaut—

701 5257 912 5311 cunque
937 5258 1151 5297 causam
1186 5244 1264 5297 vel
1297 5245 1529 5309 civilem,
1562 5246 1641 5299 vel
1680 5245 2036 5309 criminalcm,
2071 5245 2122 5297 in
2154 5243 2243 5309 jus

702 5334 961 5400 rapiatur,
990 5349 1083 5403 per
1114 5343 1222 5389 tres
1249 5335 1687 5391 denuntiationcs
1714 5350 1835 5390 esse
1865 5334 2241 5396 arcessendos,

704 5432 758 5476 et
800 5424 1242 5477 condemnandos
1294 5426 1337 5477 si
1392 5438 1497 5477 non
1579 5430 1927 5492 compareant
1974 5422 2052 5488 (id
2100 5422 2244 5476 enim

2322 2045 2686 2114 πρωτεκδίκου
2709 2044 3017 2112 λεγόμενον.
3036 2044 3113 2096 Τὰ
3132 2044 3187 2096 at
3213 2046 3432 2113 ῥήματα
3457 2043 3546 2096 τοῦ
3569 2044 3856 2114 πρωτεκδί-

2322 2152 2415 2187 κου
2442 2134 2665 2203 βιϐλίου,
2689 2134 2755 2186 τὰ
2779 2133 2916 2187 οὕτω
2943 2152 3055 2196 πως
3081 2134 3215 2187 κατὰ
3244 2136 3391 2205 ῥῆμα
3414 2136 3857 2203 διαλαμϐάνοντα·

2323 2222 2420 2273 Δεῖ
2454 2220 2629 2287 ὑμᾶς,
2656 2220 2712 2273 ει
2749 2236 2836 2284 τις
2860 2220 2976 2271 τῶν
3003 2221 3415 2286 πρεσϐυτέρων
3444 2222 3540 2273 καί
3575 2221 3865 2273 διακόνων

2323 2310 2498 2374 δίκην
2520 2308 2638 2371 ἔξει
2663 2307 2813 2375 μετά
2848 2325 3035 2372 τινος,
3063 2308 3484 2375 προκαλεῖσθαι
3505 2309 3549 2339 ⁸⁸
3570 2308 3675 2359 τὸν
3712 2307 3862 2375 διετ-

2323 2401 2694 2464 κααούμενον
2720 2398 2785 2450 ἐκ
2820 2399 3011 2464 τρίτου
3049 2398 3195 2449 κατὰ
3235 2398 3340 2449 τὸν
3385 2396 3695 2463 είρημένην
3738 2397 3864 2463 rpd-

2324 2503 2457 2551 πον,
2475 2487 2569 2539 καί
2581 2487 2988 2554 μὴὺπείκοντα
3005 2484 3425 2543 καταδικάζειν.
3449 2486 3521 2536 Οὐ
3550 2484 3865 2537 κατασπῶσι

2327 2576 2701 2647 προθέλυμνον,
2737 2576 2843 2629 οὐδ’
2884 2575 2942 2639 ιξ
2980 2576 3304 2639 ἁποσπάδος,
3324 2574 3431 2626 οὐδ’
3458 2576 3521 2625 ix
3541 2574 3742 2641 φλοιοῦ,
3776 2573 3868 2642 τήν

2326 2666 2462 2717 κατὰ
2480 2665 2690 2719 πάντων
2707 2664 2811 2716 τῶν
2843 2664 3145 2734 ἱερωμένων
3179 2662 3537 2716 δικαιοδοσίαν
3559 2664 3652 2714 τοῦ
3680 2680 3867 2732 χαρτο-

2326 2751 2560 2821 φύλακος
2583 2792 2597 2816 ,
2624 2752 2715 2804 καὶ
2743 2752 2875 2820 πρὸς
2938 2752 3058 2814 τοὺς
3098 2751 3341 2812 ἐκδίκους
3398 2752 3867 2819 μεταφυτεύουσιν.

2396 2840 2528 2895 οοδι
2561 2841 2666 2910 γὰρ
2695 2840 3139 2908 ὲκλαμὸάνονται,
3166 2839 3346 2901 καθώς
3372 2857 3540 2908 φησιν
3565 2843 3594 2893 δ
3630 2844 3873 2910 πρωτίκ-

2327 2931 2494 2994 δικος,
2556 2932 2631 2989 είς
2659 2930 2715 2982 τὸ
2751 2929 3004 2983 δύνασθαι
3050 2929 3233 2981 τοῦτον
3286 2930 3722 2997 καταναγκάζειν
3776 2931 3867 2982 καὶ

2326 3020 2553 3082 ἄκοντας
2585 3019 2710 3080 τοὺς
2740 3018 3100 3084 ιναγομένους
3126 3017 3275 3085 παρὰ
3299 3018 3556 3071 διακόνων
3615 3018 3709 3071 καὶ
3742 3035 3869 3086 πρε·

2332 3109 2603 3179 σδυτίρων
2636 3109 2816 3171 τινῶν,
2851 3110 2979 3169 ἴσως
2999 3108 3156 3169 ὄντας
3183 3110 3274 3161 καὶ
3300 3110 3537 3172 λαῖκοὺς,
3591 3110 3871 3176 ἀπολογεί-

2332 3196 2451 3249 σθαι
2482 3199 2628 3264 παρὰ
2652 3197 2821 3267 τούτῳ
2850 3201 2975 3267 περὶ
3001 3194 3074 3251 ὧν
3104 3199 3407 3267 ήαίτίασις.
3440 3198 3610 3251 Τοῦτο
3635 3200 3741 3269 γὰρ
3780 3200 3871 3251 καὶ

2331 3288 2594 3357 τολμηρόν
2651 3288 2816 3355 ἐστιν,
2870 3289 2987 3341 ούδδ
3022 3292 3087 3359 τῇ
3138 3291 3502 3359 πατριαρχικῇ
3551 3289 3671 3358 θείᾳ
3714 3304 3873 3356 μεγα-

2332 3377 2561 3446 λειότητι
2607 3378 2831 3441 δέδοται,
2890 3379 2963 3441 ὡς
3029 3380 3340 3433 ὑπεναντίον
3375 3381 3485 3440 τοῖς
3531 3379 3734 3446 νόμοις,
3766 3380 3874 3439 τοῖς

2331 3464 2707 3533 διοριζομένοις
2724 3466 2829 3518 τῶν
2856 3466 3193 3533 ιναγομένων
3220 3467 3295 3536 τῷ
3318 3468 3463 3535 φόρῳ
3495 3465 3616 3527 τοὺς
3650 3467 3870 3532 ὲνάγον-

2331 3553 2686 3614 ταςῑπεσθαι.
2720 3555 2778 3606 El
2807 3556 2863 3606 es
2901 3571 2984 3616 τις
3007 3554 3097 3606 τοῦ
3119 3554 3540 3623 πρωτεκδικικοῦ
3576 3554 3875 3622 θελήματος

2332 3642 2681 3711 ἀντεχόμενος
2706 3638 3063 3709 (εὐλογοῦνται
3112 3642 3240 3711 γὰρ,
3278 3642 3431 3710 φησὶ,
3458 3642 3549 3693 καὶ
3597 3656 3877 3710 κακοπρα-

2335 3730 2552 3796 γοῦντες
2595 3732 2806 3797 ἐνίοτε),
2843 3730 3101 3799 ὑποθήσει
3137 3731 3502 3799 κενεμϐατῶν,
3529 3731 3596 3782 τὰ
3648 3729 3879 3797 ρηθέντα

2337 3819 2552 3886 ῥήματα
2579 3818 3050 3887 διαλέγεσθαιπερὶ
3072 3818 3250 3887 μερῶν
3268 3818 3340 3887 μὴ
3375 3815 3739 3885 μεριζομένων
3762 3815 3877 3866 δια-

2344 3910 2525 3977 φόροις
2553 3906 2994 3973 ἐπιτηδεύμασιν.
3030 3906 3142 3957 ἁλλ⁸
3160 3905 3449 3975 ήνωμένων
3469 3905 3562 3970 τῆς
3588 3902 3881 3971 ἱερωσύνης

2334 3999 2410 4066 τῷ
2440 3996 2827 4063 ἐπαγγέλματι,
2862 3995 3080 4047 ἀκούσει
3108 3994 3195 4045 διὰ
3248 3993 3435 4044 τούτου
3462 3992 3655 4060 σχολὴν
3682 3990 3883 4059 τολμηο

2338 4086 2438 4158 ρὰν
2470 4083 2935 4154 καταψηφίζεσθαι
2971 4082 3061 4133 καὶ
3094 4082 3416 4151 παρόρασιν,
3480 4081 3551 4147 μὴ
3601 4079 3759 4147 μόνον
3784 4079 3884 4145 τῆς

2340 4172 2689 4232 δικαιοδοσίας
2715 4170 2810 4223 τοῦ
2850 4168 3275 4239 χαρτοφύλακος,
3313 4167 3448 4219 ἀλλὰ
3490 4167 3581 4217 καὶ
3629 4164 3722 4217 τοῦ
3776 4180 3884 4215 πα-

2338 4260 2654 4331 τριαρχικοῦ
2688 4258 2956 4312 θειοτάτου
2996 4258 3254 4326 βήματος.
3290 4257 3350 4308 Εί
3376 4256 3479 4324 γὰρ
3501 4256 3658 4305 τοῦτο
3685 4253 3885 4320 δοθείη,

2340 4350 2730 4416 δικαιοδοτήσει
2761 4346 3122 4415 θαρρούντως,
3156 4344 3389 4412 μάλιστα
3416 4342 3459 4393 δ’
3489 4343 3661 4393 εἰπεῖν
3694 4339 3888 4391 αὐθεν-

2337 4440 2500 4501 τικῶς
2533 4440 2561 4490 ό
2595 4435 2983 4505 πρωτέκδικος,
3029 4434 3166 4485 κατὰ
3211 4431 3529 4500 ἀρχιερέων,
3583 4430 3678 4480 καὶ
3707 4426 3892 4478 διακό-

2338 4547 2461 4589 νων,
2499 4529 2591 4579 καὶ
2620 4525 2823 4578 λοιπῶν
2843 4524 2950 4577 τῶν
2978 4522 3069 4576 τοῦ
3094 4522 3353 4591 βήματος,
3387 4520 3532 4571 ἐστιν
3563 4519 3649 4570 ὅτε
3674 4516 3767 4567 καὶ
3790 4533 3892 4583 με·

2339 4617 2479 4685 γάλα
2508 4616 2909 4684 διαπρεπόντων
2949 4611 3195 4679 όφφίκια,
3256 4609 3350 4662 καὶ
3387 4610 3483 4676 τὴν
3538 4607 3895 4677 πρωτεκδικι-

2342 4708 2444 4776 κὴν
2499 4702 2909 4772 ίουρισδικτίονα
2968 4699 3107 4753 κατὰ
3156 4700 3439 4767 διάμετρον
3497 4697 3889 4762 ὑπερπαίοντα.

2342 4795 2571 4861 Ζητήσει
2596 4794 2650 4845 δὲ
2678 4794 2768 4843 καὶ
2800 4791 2924 4851 τοὺς
2950 4786 3399 4846 ὲπισκοπειανοὺς
3450 4781 3890 4851 σφετερίσασθαι,

2340 4884 2413 4944 ὡς
2436 4883 2729 4934 ἐπισκόπου
2761 4878 3175 4946 κληρωσάμενος
3229 4873 3555 4940 λογοθέσιον.
3585 4870 3765 4937 Ὅπερ
3816 4872 3894 4933 ὡς

2341 4971 2559 5031 ἄτοπον,
2620 4969 2738 5020 οὐδε
2785 4966 3034 5033 λέγεσθαι
3086 4965 3255 5026 ἄξιον.
3312 4961 3385 5013 To
3437 4962 3492 5013 δὲ
3520 4961 3699 5025 λέγειν
3742 4960 3892 5021 τινὰ,

2340 5066 2464 5122 τοὺς
2504 5059 2823 5126 ἑλκομένους
2867 5054 3013 5122 παρὰ
3034 5055 3143 5115 τοῖς
3181 5051 3413 5111 sustam;
3433 5049 3539 5101 ὑπό
3572 5065 3734 5101 τινων
3783 5047 3895 5099 τῶν

2344 5148 2437 5201 τοῦ
2484 5148 2724 5216 βήματος
2790 5145 2913 5212 περὶ
2987 5141 3335 5211 χρηματικῆς
3395 5137 3426 5206 ἢ
3481 5135 3897 5204 ἐγκληματικῆς

2344 5240 2670 5307 οἱασδήτινος
2701 5230 3279 5295 ὑποθέσεως,,ὸφείλειν
3328 5225 3747 5296 μετακαλεῐσθαι
3804 5223 3899 5276 διὰ

2350 5326 2677 5397 μηνυμάτων
2705 5322 2889 5389 τριῶν,
2911 5319 3004 5371 καὶ
3039 5315 3487 5379 καταδικάζεσθαι
3542 5314 3620 5383 μὴ
3655 5314 3900 5365 ὑπείκον-

2351 5435 2448 5478 τας
2481 5413 2641 5480 (οὕτω
2671 5413 2776 5479 γὰρ
2804 5412 3013 5478 ἀνάγκη
3039 5409 3185 5460 πᾶσα
3229 5405 3506 5475 πρόκειται
3537 5399 3805 5469 γίνεσθαι,
3849 5398 3901 5452 εί

707 5515 927 5567 omnino
962 5512 1047 5567 fiat
1086 5527 1303 5568 necesse
1347 5523 1427 5567 est
1475 5514 1521 5567 si
1570 5528 1887 5568 concessum
1936 5512 2115 5574 fuerit,
2154 5523 2247 5577 per

2348 5507 2524 5575 δοθείη
2553 5506 2639 5559 διὰ
2666 5504 2770 5555 τῶν
2792 5500 3060 5571 ῥηθέντων
3109 5497 3367 5568 ῥημάτιον
3410 5492 3506 5545 τοῦ
3538 5487 3904 5560 «pce-csum-

1990 5649 2218 5705 νΑιιιιΕ
2256 5646 2651 5703 ιρεςτιολεδ.

785 5723 826 5755 ’⁸
852 5725 1255 5796 προσαλεῐσθαι.
