4110 6474
271 408 401 475 1037

1692 422 1742 479 Μ
1756 420 1932 481 EDIT
1944 422 2079 481 A'I‘A
2090 468 2103 483 .

3350 424 3478 490 1038

274 538 374 592 κοῦ
420 537 625 605 βιϐλίου
657 538 838 591 λαδεῐν
892 540 980 591 τὸν
1011 541 1378 607 πρωτέκδικον
1443 542 1647 604 άδειαν,
1702 546 1828 611 περὶ

1940 540 2167 595 indicata
2220 540 2378 594 verba
2427 538 2548 593 libri
2598 538 2665 592 de
2712 536 2883 591 officio
2936 538 3095 606 primi
3146 537 3467 607 defensorts,

276 630 457 698 πάσης
486 629 789 691 ὑποθέσεως
813 629 1050 692 δικάζειν
1072 629 1349 692 διακόνους
1381 634 1474 683 καὶ
1509 634 1672 701 ίερετς
1694 632 1829 700 μετά

277 720 386 772 τῶν
415 718 829 772 ἁντιθιτούντων
855 719 1079 789 αὐτοῖς),
1111 721 1226 781 πῶς
1250 722 1347 772 οὐκ
1378 721 1493 773 ἔστι
1518 721 1615 789 τῆς
1646 738 1828 791 πρωτ-

275 808 558 877 σκδικικῆς
584 808 773 874 σοφίας
805 807 1058 873 hieto-1;
1091 808 1259 861 Βαϐαὶ
1283 811 1409 877 γὰρ,
1444 810 1585 861 πόσα
1640 809 1827 860 τούτου

275 886 520 958 δὶθέντος
559 894 872 947 άθιτοῧνται
909 896 1154 948 θειότατα
1199 897 1437 964 νόμιμαι
1492 897 1631 947 πόσα
1677 895 1828 961 βασι-

274 985 412 1036 λέων
468 983 761 1053 ὀρθοδόξων
832 983 1289 1053 θεσπιωδήμαται
1370 985 1509 1037 πόσα
1574 983 1831 1051 Πατίρων

276 1075 439 1127 θείων
499 1075 746 1143 δόγματα
793 1076 884 1155 tegi.
918 1075 1255 1143 διδάγματα,
1306 1076 1432 1138 τοὺς
1477 1076 1832 1144 ἐναγομένους

278 1163 546 1223 παντοίως
582 1164 901 1227 συνάγοντα,
930 1162 1069 1233 [καὶ]
1114 1163 1181 1215 δι’
1216 1164 1654 1232 ἑπιφωνημάτων
1678 1180 1833 1232 τρια-

277 1251 635 1321 κονθημέρων
661 1252 1186 1319 μετακαλουμένους,
1238 1254 1332 1304 καὶ
1376 1253 1591 1315 διπλαῖς
1638 1252 1833 1320 ἐκκλή-

280 1358 393 1402 τοις
422 1343 520 1409 τὴν
554 1340 758 1395 τούτων
793 1342 1085 1411 καταδίκην
1132 1343 1555 1411 μετεωρίζονταί
1613 1342 1833 1403 Πάντως

282 1430 469 1491 πολλὰ,
514 1430 606 1480 καὶ
665 1428 839 1480 πάντα
892 1429 1074 1497 σχεδὸν
1139 1428 1370 1497 ἀριθμὸν
1417 1427 1829 1495 ὑπερδαίνοντα.

279 1518 577 1583 Συνάγεται
606 1518 781 1568 τοίνυν
822 1516 1209 1587 άπροσπαθῶς,
1238 1518 1332 1569 καὶ
1385 1518 1489 1587 τὴν
1517 1517 1579 1569 ὲκ
1632 1516 1833 1570 τούτων

275 1606 385 1657 τῶν
417 1606 674 1674 ῥημάτων
708 1605 1138 1674 ἀναφαινομὲνην
1168 1606 1325 1673 δῆθεν
1347 1606 1612 1672 ἀσάφειαν
1630 1620 1834 1672 συναρ-

281 1694 628 1763 μολογεῐσοαι
672 1694 850 1755 καλῶς
908 1697 970 1763 τῇ
1005 1694 1131 1764 περὶ
1180 1694 1501 1762 ἑλευθιριῶν
1538 1694 1696 1763 λοιπῇ
1740 1691 1832 1744 τοῦ

280 1782 487 1852 βιϐλίου
521 1786 702 1851 γραφῇ
734 1798 743 1812 ·
782 1784 875 1835 καὶ
901 1785 1027 1843 τοὺς
1059 1784 1211 1854 παρα
1237 1783 1623 1853 πρεσϐυτέρων
1657 1783 1689 1851 ἢ
1718 1783 1835 1835 δια-

278 1873 453 1925 κόνων
486 1873 805 1939 ἑλκομένους
830 1872 976 1941 παρὰ
1004 1874 1113 1934 τοῖς
1146 1872 1584 1935 θεοσεϐεστάτοις
1604 1872 1836 1934 ὲκδίκοις
1868 1852 1909 1909 Β

282 1959 444 2029 χάριν
460 1959 978 2027 ὲλευθεροδοούντων
1014 1960 1047 2029 ἢ
1101 1961 1626 2031 δουλαγωγουμένων
1654 1961 1833 2023 τινῶν,

289 2048 387 2100 καὶ
422 2048 561 2116 μετὰ
589 2051 734 2117 τρεῖς
767 2050 1043 2113 διαλαλιάς
1086 2051 1160 2120 μὴ
1216 2050 1575 2120 πειθομένους
1643 2050 1835 2114 ἐλθεῖν,

286 2139 604 2209 μονομερῶς
639 2141 1081 2208 κατακρίνεσθαι,
1120 2142 1205 2193 διὰ
1249 2141 1316 2193 τά
1359 2140 1563 2211 νόμιμα
1592 2140 1708 2192 θεῖα
1755 2140 1840 2192 θε-

284 2230 588 2296 σπίσματα,
624 2228 688 2282 τά
741 2230 839 2299 τὴν
888 2229 1196 2299 ἐλευθερίαν
1246 2231 1383 2299 ὑπὲρ
1436 2231 1610 2283 πάντα
1658 2229 1838 2298 σχεδὸν

284 2318 713 2385 περιθάλποντα,
782 2320 876 2372 καὶ
934 2320 991 2384 ἐξ
1043 2320 1299 2372 ἐπιπέδου
1351 2320 1691 2387 διοριζόμενα
1743 2318 1839 2387 τὴν

284 2407 489 2475 ταύτης
520 2407 744 2477 ζήτησιν
786 2408 1047 2475 γίνεσθαι,
1089 2410 1181 2460 καὶ
1236 2410 1311 2477 μὴ
1353 2409 1673 2477 ὠφελεῖσθαι
1714 2412 1837 2471 τοὺς

284 2497 426 2548 οὕτω
452 2496 546 2565 τὴν
580 2498 873 2565 καταδίκην
905 2496 1025 2549 καθ’
1058 2497 1264 2550 ἑαυτῶν
1321 2498 1723 2566 σχεδιάσαντας,
1773 2499 1838 2551 ὲκ

284 2585 379 2636 τοῦ
404 2580 540 2637 εἶναι
568 2585 661 2637 τοῦ
692 2586 928 2655 βήματος
962 2588 1061 2656 τῆς
1099 2587 1408 2655 ἐλευθερίας
1464 2589 1586 2650 τοὺς
1619 2588 1837 2658 ἀντιλή-

288 2690 518 2742 πτορας.
559 2674 712 2727 Οὕτω
746 2675 803 2727 δὲ
827 2675 1031 2728 τούτων
1071 2677 1323 2745 ἑχόντων,
1366 2677 1585 2739 δικαίως
1608 2679 1839 2745 ἐπιτρα-

288 2762 521 2829 πήσεται
546 2765 575 2814 ό
615 2764 1003 2833 πρωτέκδικος,
1054 2766 1162 2817 τῶν
1195 2768 1292 2833 μὲν
1346 2766 1502 2834 χάριν
1529 2766 1837 2835 ἐλευθερίας

285 2850 388 2915 τὴν
419 2852 881 2922 ἐκκλησιαστικὴν
912 2852 1217 2923 ζητούντων
1253 2854 1518 2923 βοήθειαν,
1579 2857 1715 2924 μετὰ
1763 2858 1839 2909 δι-

293 2940 599 3002 καιοδοσίας
632 2942 1125 3011 ἀντιλαμϐάνεσθαι
1153 2960 1167 2975 ·
1203 2944 1311 2995 τῶν
1339 2944 1395 2996 δὲ
1429 2945 1629 2998 λοιπῶν
1670 2962 1836 3015 προσο

288 3029 478 3095 φύγων
526 3030 941 3094 ἀντιποιεῖσθαι,
990 3030 1176 3101 ὥσπερ
1199 3033 1292 3084 καὶ
1322 3033 1453 3085 ὅπου
1485 3033 1793 3102 νενόμισται
1820 3048 1835 3063 ³

1932 640 2247 701 potestatem
2283 630 2540 699 consequi
2592 632 2823 699 primum
2874 629 3247 692 defensorem,
3282 632 3471 700 quavis

1931 722 1984 773 in
2034 735 2194 774 causa
2239 718 2520 786 judicandi
2573 718 2829 771 diaconos
2880 724 2932 770 et
2974 717 3299 780 sacerdotes,
3346 734 3469 772 cum

1931 826 2116 864 eorum
2155 808 2527 876 adversariis).
2569 807 2622 861 id
2662 821 2787 867 vero
2822 821 2926 874 quo
2959 815 3117 873 pacto
3152 808 3469 873 sapientiam

1930 900 2089 967 primi
2139 897 2450 952 defensoris
2492 912 2596 949 non
2649 896 2926 964 indignum
2972 895 3093 949 est?
3134 896 3309 962 Babm,
3342 907 3472 964 quot

1932 986 2024 1041 illo
2065 1001 2331 1041 concesso
2371 986 2748 1041 sacratissime
2790 986 2933 1053 leges
2976 985 3291 1038 abolentur!
3347 995 3478 1054 quot

1933 1075 2356 1128 orthodoxorum
2392 1075 2690 1142 principum
2720 1074 3061 1126 sanctiones!
3097 1082 3228 1140 quot
3264 1082 3478 1127 sancto—

1932 1177 2051 1219 rum
2104 1161 2324 1215 Patrum
2387 1162 2603 1215 decreta
2662 1163 2862 1229 pariter
2903 1171 2953 1213 et
3006 1160 3309 1213 doctrinae?
3359 1176 3478 1231 qum

1936 1252 2101 1306 variis
2142 1252 2313 1305 modis
2361 1252 2467 1305 reis
2503 1250 2702 1313 favent,
2734 1251 2858 1303 dum
2899 1265 2997 1305 eos
3042 1266 3137 1318 per
3169 1252 3340 1301 calicta
3378 1252 3476 1303 tri-

1934 1343 2077 1411 ginta
2124 1344 2328 1397 dierum
2362 1352 2663 1406 arcessunt,
2700 1350 2754 1397 et
2782 1342 2992 1395 duabus
3033 1341 3480 1407 appellationibus

1934 1431 2435 1487 condemnationem
2477 1446 2658 1484 eorum
2690 1430 3074 1499 suspendunt?
3100 1430 3294 1494 Multae,
3339 1431 3481 1483 baud

1935 1520 2118 1583 dubie,
2151 1530 2309 1587 atque
2342 1534 2554 1573 onmem
2589 1534 2870 1572 numerum
2920 1521 3257 1573 excedentes.
3301 1521 3481 1587 Itaque

1937 1611 2088 1664 nullo
2121 1610 2513 1664 interveniente
2544 1609 2709 1663 animi
2748 1609 2940 1662 affectu
2981 1610 3273 1678 colligitur,
3303 1626 3479 1664 emer-

1937 1710 2147 1768 gentem
2201 1714 2263 1753 ex
2315 1698 2462 1752 hisce
2504 1697 2678 1752 verbis
2721 1698 3105 1751 obscuritatem
3152 1699 3479 1766 ambiguam,

1938 1798 2081 1841 recte
2114 1787 2391 1840 conciliari
2428 1802 2521 1855 per
2555 1786 2627 1851 id,
2660 1786 2805 1855 quod
2844 1786 2897 1840 in
2932 1786 3119 1841 eodem
3163 1788 3299 1841 libro
3333 1788 3485 1841 dein-

1937 1890 2063 1945 ceps
2095 1877 2455 1947 perscripturum
2500 1885 2583 1930 est
2623 1876 2690 1930 de
2723 1876 3060 1930 libertatibus
3086 1877 3339 1929 nimirum
3366 1890 3479 1939 eos,

1937 1966 2029 2034 qui
2062 1980 2092 2018 a
2123 1966 2455 2035 presbyteris
2491 1965 2571 2019 vel
2603 1966 2846 2020 diaconis
2888 1977 3235 2020 arcessantur
3265 1968 3328 2019 ad
3361 1968 3483 2019 reli-

1937 2054 2288 2123 giosissimus
2318 2054 2639 2110 defensores
2671 2056 2886 2109 illorum
2922 2071 3106 2119 causa,
3136 2058 3227 2124 qui
3269 2058 3483 2126 procla-

1938 2154 2088 2197 mant
2117 2144 2182 2198 ad
2217 2145 2540 2207 libertatem,
2576 2144 2658 2197 vel
2695 2145 2747 2197 in
2779 2146 3087 2199 servitutem
3124 2146 3483 2214 abripiuntur,

1937 2234 1984 2286 si
2016 2240 2136 2301 post
2172 2235 2343 2288 edicta
2384 2234 2486 2287 tria
2532 2241 2780 2287 recusent
2818 2249 3158 2301 comparere,
3212 2252 3314 2288 una
3343 2236 3485 2288 dun-

1938 2328 2087 2374 taxat
2130 2332 2281 2390 parte
2321 2331 2585 2391 prasente
2628 2322 3005 2387 condemnari,
3046 2332 3262 2391 propter
3301 2338 3486 2378 sacras

1933 2409 2074 2478 juris
2108 2411 2438 2475 sanctiones,
2480 2427 2599 2480 qua:
2642 2413 2943 2467 libertatem
2987 2428 3151 2481 prope
3195 2427 3353 2481 supra
3402 2428 3486 2466 res

1939 2514 2127 2555 omnes
2154 2499 2355 2563 fovent,
2386 2512 2438 2555 et
2467 2503 2663 2571 inquiri
2687 2503 2753 2557 de
2796 2504 2894 2558 bac
2925 2504 3137 2572 jubent,
3166 2518 3227 2557 ex
3259 2502 3488 2570 simplici

1938 2598 1989 2643 et
2014 2591 2209 2658 plano;
2242 2606 2340 2645 nec
2371 2592 2443 2644 ita
2470 2590 2858 2647 condemnatos
2886 2592 3175 2660 quidquam
3200 2605 3264 2644 ex
3286 2605 3348 2644 eo
3364 2591 3487 2643 sub-

1941 2677 2063 2732 sidii
2088 2694 2278 2746 capere
2324 2680 2533 2742 volunt,
2571 2683 2713 2750 quod
2740 2681 3000 2735 libertatis
3043 2690 3487 2749 propugnatores,

1938 2769 2079 2823 sacri
2125 2769 2233 2822 sint
2287 2770 2492 2826 ordinis
2552 2771 2819 2826 homines.
2890 2770 3019 2835 Quae
3068 2784 3191 2823 cum
3248 2770 3321 2821 ita
3357 2769 3484 2831 sint,

1940 2856 2083 2911 haud
2119 2858 2216 2913 abs
2252 2873 2308 2913 re
2348 2859 2520 2927 primo
2556 2859 2821 2914 defensori
2886 2860 3206 2927 permissum
3256 2858 3381 2921 erit,
3435 2868 3494 2910 ttt

1938 2947 2006 3003 iis
2072 2947 2310 3017 quidem,
2365 2949 2459 3017 qui
2542 2964 2697 3018 opem
2746 2949 3166 3005 ecclesiasticam
3230 2949 3493 3001 libertatis

1938 3053 2105 3093 causa
2140 3038 2455 3107 implorant,
2486 3054 2580 3106 per
2610 3039 3043 3105 jurisdietioncm
3098 3052 3250 3093 suam
3300 3037 3496 3091 subve-

290 3117 387 3169 καὶ
419 3119 767 3171 συνίστασθαι
808 3120 1005 3187 μᾶλλον
1034 3120 1265 3182 τούτοις,
1294 3126 1386 3172 καὶ
1442 3121 1673 3175 ἐκδικεῖν
1729 3122 1837 3177 ἀπὸ

1944 3127 2094 3181 niat‘:
2136 3134 2190 3180 at
2241 3127 2577 3195 reliquorum
2628 3128 2695 3180 ad
2744 3127 3013 3182 Ecclesias
3066 3126 3491 3195 confugientium

287 3204 399 3257 τῶν
431 3207 837 3274 ὲπηρεαζόντων
869 3209 1084 3272 αὐτοὺς,
1108 3209 1286 3272 καθώς
1320 3227 1421 3262 που
1446 3212 1537 3264 καὶ
1561 3211 1839 3279 κέκληται.

288 3292 446 3345 υῦτω
471 3295 580 3363 γάρ
609 3296 797 3358 ποιῶν,
828 3298 922 3347 καὶ
952 3296 1190 3363 φυλάξας
1234 3299 1392 3359 ὁσίως
1430 3300 1497 3351 τά
1525 3300 1667 3365 ὅσια,
1697 3300 1841 3352 δεόν-

289 3398 397 3444 τως
418 3384 795 3453 όσιωθήσεται.
822 3386 930 3438 Καὶ
959 3386 1126 3439 ταῦτα
1155 3388 1255 3455 μὲν
1305 3388 1662 3456 ἀποχρώντως
1684 3390 1844 3459 ἐγρά-

292 3489 471 3537 φησαν
504 3474 583 3535 είς
641 3475 917 3544 ἐκτροπὴν
961 3475 1071 3527 τῶν
1129 3476 1279 3546 παρὰ
1327 3476 1422 3528 τοῦ
1474 3479 1842 3547 πρωτεκδὶκου

290 3562 717 3627 προτιθεμένων,
761 3565 856 3616 καὶ
916 3566 1364 3633 παρασπωμένων
1422 3566 1489 3616 τὰ
1538 3565 1688 3633 παρὰ
1750 3566 1841 3618 τοῦ

290 3651 707 3718 χαρτοφόλακος
737 3654 1042 3721 ἀμέμπτως
1077 3654 1346 3723 νεμόμενα
1384 3654 1581 3707 δίκαια.
1630 3655 1845 3724 Ῥητέον

290 3739 347 3790 δὲ
369 3744 461 3792 κα)⁸
484 3740 551 3793 τά
579 3744 912 3796 συνιπῶντα
970 3743 1061 3795 τὸν
1090 3744 1493 3813 χαρτοφύλακα.
1519 3746 1738 3797 Εἱπάτω
1787 3744 1844 3797 δὲ

292 3832 491 3904 μᾶλλον
516 3836 684 3887 ταῦτα
707 3837 804 3905 τῆς
836 3835 1087 3903 ἀληθείας
1116 3837 1173 3888 τὸ
1197 3838 1388 3904 στόμα,
1411 3837 1501 3889 καὶ
1524 3835 1619 3904 τῆς
1646 3836 1845 3889 δικαιο-

291 3924 456 3991 σύνης
485 3926 513 3977 ό
562 3925 729 3993 ἥλιος.
772 3928 904 3979 Οὐδὲ
937 3929 1045 3993 γάρ
1098 3928 1309 3979 οἴκοθεν
1342 3928 1584 3995 είπωμεν
1639 3926 1843 3993 ἐπιμύ-

292 4010 423 4073 θιον,
452 4015 594 4064 κατά
614 4016 737 4076 τοὺς
766 4014 1130 4083 κνηθομινους
1153 4015 1251 4077 τὰς
1274 4016 1463 4078 ἀκοὰς,
1495 4015 1571 4083 τῷ
1596 4016 1735 4083 λόγῳ
1752 4015 1842 4067 τοῦ

289 4100 658 4170 διαφέροντος,
681 4104 773 4155 καὶ
810 4105 934 4165 τοὺς
964 4105 1056 4157 ἐπὶ
1085 4103 1272 4162 ὓδατος
1298 4106 1600 4172 ἀντιλογίας
1622 4106 1845 4174 δοκιμά-

292 4190 486 4252 ζοντας
537 4192 605 4242 τά
659 4192 933 4261 ἀμφίδολα
965 4208 979 4223 ο
1022 4193 1135 4246 ἀλλ’
1166 4196 1350 4247 ὶκείνα
1390 4194 1615 4264 διπλόης
1666 4198 1845 4265 πάσης

291 4278 448 4339 ἐκτὸς
490 4280 865 4349 σχεδιάσομεν,
898 4283 997 4333 δσα
1046 4285 1209 4351 πεῖρα
1257 4284 1465 4352 μακρὰ,
1512 4286 1604 4335 καὶ
1657 4287 1844 4355 χρόνος

291 4369 481 4432 πολὺς,
515 4372 609 4422 καὶ
642 4371 803 4423 θείων
830 4371 1059 4439 Γραφῶν
1084 4375 1387 4438 ἀνάγνωσις
1411 4377 1553 4442 ἡμᾶς
1607 4376 1844 4427 ἀνεδίδα-

1942 3230 2163 3271 causam
2206 3225 2443 3279 tueatur,
2478 3217 2931 3285 quemadmodum
2965 3226 3018 3272 et
3052 3217 3137 3270 ubi
3174 3216 3381 3284 legibus
3413 3222 3497 3268 est

1942 3304 2221 3359 dellnitum
2260 3320 2274 3357 :
2324 3305 2564 3374 adeoque
2596 3308 2775 3375 potius
2811 3307 2894 3362 his
2948 3306 3183 3368 assistat,
3215 3314 3268 3359 et
3309 3305 3495 3359 defen-

1942 3396 2036 3449 dat
2104 3411 2198 3451 eos
2272 3397 2341 3451 ab
2423 3395 2793 3461 inferentibus
2857 3396 3135 3464 injuriam.
3187 3396 3346 3450 sicuti
3398 3410 3497 3449 no-

1944 3486 2106 3540 minis
2169 3486 2341 3554 ipsius
2388 3487 2527 3540 ratio
2582 3486 2833 3555 postulat.
2893 3484 3026 3539 Nam
3061 3487 3130 3538 ita
3159 3486 3201 3540 si
3235 3502 3293 3539 se
3323 3493 3495 3553 geret,

1944 3587 2005 3627 ac
2036 3582 2224 3629 sancte
2264 3586 2451 3629 sancta
2495 3577 2833 3638 servaverit,
2888 3576 3027 3629 haud
3071 3576 3233 3629 dubie
3274 3590 3499 3629 venera-

1943 3662 2143 3714 tionem
2178 3662 2490 3716 merebitur.
2522 3662 2581 3715 Et
2615 3662 2727 3716 haec
2750 3661 2966 3730 quidem
2998 3666 3199 3731 scripta
3230 3660 3497 3715 sufficiant

1944 3749 2007 3801 ad
2044 3764 2105 3801 ea
2145 3748 2483 3811 divertcnda,
2527 3765 2646 3817 quae
2688 3763 2716 3803 a
2767 3751 2942 3819 primo
2982 3749 3267 3803 defensore
3308 3748 3491 3815 prole-

1945 3820 2159 3899 runtur,
2207 3852 2270 3890 ac
2309 3836 2433 3903 jura
2478 3838 2806 3901 convellunt,
2849 3838 2902 3889 in
2952 3851 3181 3903 quorum
3228 3835 3497 3903 inculpata

1947 3926 2293 3992 possessione
2333 3926 2695 3978 cltartularius
2737 3933 2814 3978 est
2883 3923 3040 3977 Nunc
3075 3924 3143 3977 de
3179 3925 3243 3979 iis
3283 3940 3498 3992 quoque

1945 4014 2257 4075 dicendum,
2286 4027 2406 4081 qua:
2448 4027 2547 4079 pro
2578 4012 2911 4066 cbartulario
2946 4010 3174 4065 faciunt.
3226 4013 3317 4066 Vel
3351 4012 3500 4065 dicat

1943 4117 2005 4157 ea
2052 4104 2232 4169 potius
2272 4102 2447 4170 ipsum
2480 4100 2722 4155 veritatis
2756 4117 2839 4165 os,
2880 4111 2935 4156 et
2978 4104 3058 4157 sol
3096 4102 3340 4170 justititn.
3382 4100 3499 4155 Non

1943 4196 2086 4249 enim
2116 4209 2179 4248 ex
2216 4193 2372 4248 nobis
2409 4192 2647 4246 fabulam
2690 4192 3003 4257 all'eremus,
3038 4194 3213 4248 instar
3255 4194 3490 4255 illorum,

1943 4285 2138 4353 quibus
2169 4298 2329 4337 aures
2371 4281 2720 4351 pruriuntad
2766 4282 3064 4337 orationem
3110 4282 3175 4335 de
3237 4296 3301 4333 eo
3353 4282 3498 4349 quod

1947 4375 2079 4444 ipsis
2117 4372 2363 4443 expedit;
2398 4380 2451 4427 et
2484 4386 2669 4426 eorum
2705 4384 2879 4435 more,
2915 4371 3005 4439 qui
3038 4370 3103 4423 ad
3134 4385 3324 4439 aquam
3365 4386 3498 4423 cnn-

290 4459 407 4520 ξαν.
451 4462 704 4528 Ἀρκτέον
727 4458 841 4529 οὖν,
863 4462 984 4514 ὅθεν
1015 4465 1276 4531 ἀρχεσθαι
1312 4466 1562 4531 ἄμεινον·
1605 4468 1697 4517 καὶ
1744 4484 1839 4518 πο-

1950 4460 2619 4516 tradictionisexaminant
2653 4473 2741 4513 res
2774 4467 3151 4512 controversas
3184 4473 3199 4510 :
3232 4458 3323 4511 sed
3361 4461 3496 4512 citra

293 4549 509 4616 ρευτέον
545 4550 610 4601 ἐκ
645 4549 925 4617 δυνάμεως
958 4552 1116 4604 πάλιν
1149 4554 1224 4612 εις
1249 4550 1493 4619 δύναμιν.

1954 4554 2136 4607 fucum
2188 4563 2400 4601 omnem
2445 4562 2507 4600 ea
2562 4548 2881 4616 simpliciter
2928 4562 3335 4616 proponemus,
3380 4562 3498 4615 qua:

288 4640 583 4695 diuturnus
633 4656 785 4706 usus,
823 4651 877 4695 et
910 4642 1055 4709 longi
1103 4643 1367 4710 temporis
1409 4642 1746 4702 exercitatio.
1776 4652 1828 4696 et
1869 4656 2147 4699 sacrarum
2178 4638 2503 4692 Litterarum
2536 4638 2700 4692 lectio
2736 4652 2834 4692 nos
2878 4638 3205 4692 docuerunt.
3237 4638 3497 4706 Incipien-

290 4733 418 4784 dum
460 4730 649 4797 igitur,
692 4732 834 4783 unde
877 4739 1096 4798 praestat
1143 4731 1351 4782 initium
1396 4730 1507 4781 ﬁeri
1554 4744 1567 4780 :
1611 4740 1663 4782 et
1698 4746 1726 4783 a
1762 4731 2019 4785 facultate
2050 4731 2309 4797 majorem
2341 4728 2405 4781 ad
2437 4728 2746 4781 facultatem
2779 4727 3251 4795 progrediendum.

359 4818 585 4886 Κεφαλὴ
618 4819 713 4886 τῆς
758 4818 1062 4885 ἁγιωτάτης
1109 4816 1203 4867 τοῦ
1225 4816 1356 4868 Θεοῦ
1384 4817 1619 4885 μεγάλης
1644 4818 1843 4887 ἐκκλη-

291 4907 412 4966 σίας
448 4908 588 4969 ὲστὶ,
632 4909 768 4975 μετά
812 4907 909 4976 τὴν
934 4905 1153 4975 πρώτην
1200 4906 1455 4975 ἄναρχον,
1506 4909 1600 4959 καὶ⁸
1655 4907 1841 4971 ἀΐδιον,

290 5000 382 5048 καὶ
412 4996 848 5065 ἀπειροδύναμον
881 4994 1143 5064 κεφαλὴν,
1193 4994 1283 5046 τδν
1316 4994 1518 5064 Κύριον
1573 4996 1665 5047 καὶ
1712 4996 1843 5048 Θεὸν

287 5083 447 5154 ἡμῶν
488 5083 695 5151 Ἰησοῦν
754 5084 1006 5152 Χριστὸν,
1033 5084 1061 5133 ό
1094 5084 1459 5150 πνευματικὸς
1495 5084 1723 5151 νυμφίος
1748 5084 1843 5136 αὐ-

287 5172 386 5241 τῆς
443 5170 472 5222 ό
519 5172 661 5223 κατά
711 5175 935 5239 καιροὺς
984 5173 1280 5239 ἀγιὼτατος
1315 5173 1691 5241 οἱκουμενικὺς
1745 5190 1840 5225 πα-

286 5260 859 5329 τριάρχης.Τῶνγοῦν
906 5261 1375 5332 ἐκκλησιαστικῶν
1433 5260 1657 5312 δικαίων
1705 5260 1841 5314 διαι-

289 5352 571 5420 ρουμένων
605 5350 749 5418 διχῆ,
773 5352 851 5412 εἷς
882 5367 939 5402 τε
977 5353 1045 5403 τὰ
1078 5351 1403 5419 διαφέροντα
1447 5353 1513 5420 τῇ
1547 5349 1840 5419 Ἐκκλησία

289 5441 613 5505 πολυειδῶς,
655 5442 750 5493 καὶ
778 5443 855 5502 είς
904 5441 971 5493 τά
1039 5440 1116 5509 τῷ
1172 5441 1483 5512 πατριάργῃ
1530 5457 1839 5510 προσκυρω-

287 5528 449 5583 θέντα
493 5532 809 5593 κανονικῶς,
868 5531 1053 5600 ἐδέησε
1106 5534 1215 5593 τοῖς
1267 5533 1332 5582 τὰ
1353 5532 1451 5600 τῆς
1516 5532 1839 5599 Ἐκκλησίας

284 5621 671 5690 όροθετήσασιν
702 5624 998 5693 όρθοδόξοις
1048 5625 1204 5693 ἡμῶν
1236 5624 1680 5693 αὐτοκράτορσιν,
1740 5638 1835 5673 κα-

283 5713 577 5784 ταμερίσαι
608 5715 776 5767 ταῦτα
806 5717 936 5785 πρὸς
972 5717 1127 5770 πέντῑ
1177 5715 1445 5783 σεκρέτων
1489 5712 1660 5779 εἰαγῆ
1689 5713 1837 5775 joyo-

2018 4819 2192 4887 Caput
2223 4817 2582 4871 sanctissima:
2612 4815 2707 4870 Dei
2742 4814 2961 4882 majoris
2995 4815 3271 4878 Ecclesim,
3306 4832 3497 4871 secun-

1948 4909 2075 4962 dum
2100 4915 2262 4975 caput
2292 4906 2422 4959 illud
2455 4906 2687 4973 primum
2714 4904 2873 4958 initio
2902 4919 3096 4959 carens
3134 4914 3186 4960 et
3212 4917 3492 4969 aeternum,

1946 5006 1997 5049 et
2032 4993 2254 5047 infinita:
2294 4995 2566 5061 potentia),
2618 4991 2898 5046 Dominum
2932 4991 3208 5061 Deumque
3247 5002 3495 5048 nostrum

1945 5084 2127 5139 Iesum
2161 5082 2455 5145 Christum,
2494 5090 2575 5137 est
2622 5082 2918 5151 spiritualis
2961 5083 3047 5137 ille
3082 5098 3316 5151 sponsus
3353 5085 3491 5152 ejus,

1946 5173 2323 5227 sanctissimus
2381 5171 2647 5240 cujusque
2708 5172 2963 5239 temporis
3022 5174 3343 5227 universalis
3402 5190 3493 5241 pa-

1948 5262 2208 5313 triarcha.
2242 5258 2376 5314 Cum
2431 5268 2610 5313 autem
2660 5259 3029 5314 ecclesiastica
3075 5262 3197 5329 jura
3247 5262 3491 5315 bifariam

1944 5349 2279 5410 dividantur,
2329 5348 2598 5411 videlicet,
2635 5349 2685 5401 itt
2732 5364 2815 5413 ea,
2852 5365 2970 5417 quae
3014 5351 3176 5403 variis
3218 5350 3388 5405 modis
3427 5352 3493 5405 ad

1945 5439 2115 5507 ipsam
2149 5439 2443 5491 licclesiant
2478 5438 2749 5505 pertinent
2777 5456 2791 5503 ;
2824 5447 2877 5493 et
2915 5440 2969 5492 in
3010 5454 3092 5501 ea,
3123 5454 3241 5505 quzc
3273 5454 3366 5507 per
3398 5456 3492 5493 ca-

1945 5545 2114 5584 nones
2149 5530 2499 5598 peculiariter
2532 5530 2743 5584 addicta
2779 5539 2907 5583 sunt
2942 5530 3302 5597 patriarchae:
3333 5546 3495 5599 opor-

1944 5621 2046 5673 tuit
2102 5623 2327 5674 omnino
2383 5620 2655 5689 principes
2726 5630 2943 5674 nostros
2999 5622 3351 5683 nrtltodoxos,
3399 5622 3493 5689 qul

1944 5711 2108 5765 rebus
2134 5711 2392 5764 Ecclesiae
2417 5721 2619 5764 certam
2650 5711 2817 5778 legem
2845 5711 3127 5774 dederunt,
3154 5712 3261 5766 lucc
3291 5711 3496 5779 disper-
