4110 6470
673 370 807 437 1039

1895 387 2171 449 THEOD.
2214 387 2300 447 BA
2313 387 2683 450 LSAMONIS

3717 393 3851 454 1040

667 504 756 557 tiri
808 504 863 555 in
918 500 1154 569 quinque
1204 505 1540 555 secretorum
1591 498 1839 567 religiosa
1885 498 2203 562 ratiocinia;

2309 499 2461 551 θέσια
2493 516 2505 529 ·
2531 500 2625 552 καὶ
2660 497 2932 551 ἀναθεῖναι
2976 502 3071 568 τὴν
3100 499 3299 552 τούτων
3355 500 3620 569 διοίκησιν
3667 502 3846 556 διακο-

671 603 832 661 atque
891 589 1084 642 borum
1142 588 1666 643 administrationem
1720 588 1880 640 certis
1938 588 2204 639 ministris

666 678 1022 733 committere.
1064 674 1196 729 Nam
1246 676 1465 729 minime
1507 675 1857 728 conveniebat
1904 674 2073 741 ipsum
2114 686 2205 739 pa-

667 765 979 828 triarcham,
1041 773 1147 819 tam
1210 764 1491 834 insigniter
1544 766 1599 818 in
1659 764 1912 818 omnibus
1969 762 2202 830 speciem

666 855 847 924 sponsi
879 870 986 922 pra:
1017 868 1073 907 se
1104 852 1389 918 ferentem,
1412 854 1663 922 occupari
1697 851 1976 905 tractando
2007 860 2201 911 rastro,

666 944 1061 1011 mancipiisque
1098 942 1377 995 satiandis.
1409 941 1536 995 inde
1569 942 1730 1009 igitur
1757 942 1809 995 in
1852 941 1996 993 hunc
2036 954 2206 1003 usque

662 1030 825 1091 diem,
856 1044 883 1081 a
912 1030 1148 1097 quinque
1177 1030 1493 1096 praesidibus
1514 1044 1648 1097 quos
1673 1028 2037 1095 magistratus.
2069 1027 2205 1078 Ero-

664 1118 951 1171 catacaalos
995 1117 1242 1178 dicimus,
1291 1125 1542 1183 tanquam
1593 1130 1620 1167 a
1668 1115 1906 1183 quinque
1954 1115 2204 1167 sensibus

663 1206 775 1259 hec
798 1205 1243 1259 administrantur
1271 1221 1284 1256 :
1319 1206 1574 1257 nimirum
1608 1219 1635 1255 a
1683 1219 1877 1271 magno
1902 1216 2201 1267 mconomo,

662 1308 691 1345 a
739 1308 934 1357 magno
995 1293 1315 1354 sacellario,
1376 1306 1404 1343 a
1461 1306 1656 1359 magno
1717 1290 2118 1357 scevophylace.
2174 1304 2203 1341 a

663 1381 1015 1445 cbartulario,
1066 1390 1119 1435 et
1156 1396 1216 1434 ea
1259 1380 1487 1449 preside
1529 1380 1752 1431 sacellii.
1797 1377 2021 1445 Magnus
2060 1390 2203 1429 uaco-

663 1486 857 1524 nornus
906 1471 1225 1538 prwdiorum
1264 1467 1754 1521 ecclesiasticarum
1794 1479 1977 1517 cnram
2020 1463 2156 1531 gerit
2188 1479 2201 1515 :

663 1574 889 1628 magnus
948 1558 1263 1613 sacellarius
1315 1565 1426 1609 tam
1483 1556 1706 1619 urbana,
1760 1569 1921 1623 quam
1982 1554 2205 1607 ulterius

672 1649 774 1702 sita
816 1649 1142 1702 monasteria
1175 1656 1330 1699 curat
1350 1647 1490 1714 (cum
1526 1646 1673 1698 urbis
1709 1643 2063 1711 imperatricis
2116 1644 2207 1696 de-

663 1737 799 1789 cima
843 1738 999 1791 tertia
1025 1738 1192 1804 regio,
1216 1736 1285 1788 sit
1313 1735 1430 1802 ejus
1460 1735 1605 1802 regio
1628 1734 1910 1800 extrema),
1940 1732 2005 1786 de
2036 1732 2206 1787 sacris

664 1828 891 1883 cimeliis
918 1828 1182 1881 sollicitus
1209 1836 1289 1881 est
1318 1841 1542 1895 magnus
1576 1826 1664 1879 ille
1694 1840 1943 1879 vasorum
1979 1835 2163 1879 custos
2189 1841 2203 1877 :

664 1920 1011 1975 ecclesiarum
1084 1918 1137 1972 in
1194 1900 1407 1986 gener‘e,
1470 1922 1629 1984 atque
1679 1917 1839 1968 etiam
1892 1914 2209 1983 emphyteu-

664 2009 805 2063 sium
882 2009 1316 2071 administratio,
1389 2022 1554 2076 penes
1632 2005 1833 2061 sacellii
1895 2004 2205 2074 prazl'ectum

660 2107 764 2156 est.

730 2192 1099 2246 Chartularius
1127 2198 1302 2245 autem
1335 2206 1430 2259 pro
1452 2206 1546 2246 sua
1571 2198 1718 2260 parte
1746 2191 1892 2247 solus
1917 2204 1979 2244 ea
2006 2189 2205 2258 dirigit,

662 2299 781 2351 qua
810 2284 931 2351 jure
970 2284 1315 2351 pontiﬁcatus
1345 2283 1409 2335 ad
1437 2283 1793 2351 patriarcham
1830 2282 2119 2349 pertinent.
2145 2281 2209 2334 Et

660 2388 768 2442 quo
814 2372 1029 2440 quidem
1079 2381 1232 2440 pacto
1278 2381 1592 2426 ceterorum
1645 2384 1874 2440 quatuor
1921 2370 2205 2439 pmsidum

661 2461 1029 2516 institutiones
1082 2476 1174 2515 seu
1221 2460 1509 2514 electiones
1544 2460 1654 2515 neri
1700 2460 1890 2513 debere
1939 2460 2205 2514 sancitum

662 2555 751 2609 sit,
781 2558 831 2600 et
862 2556 991 2615 quot
1016 2564 1135 2600 nam
1165 2549 1386 2617 quilibet
1416 2549 1603 2601 horum
1623 2548 1979 2601 chartularios
2009 2548 2209 2600 laboris

662 2646 942 2689 consortes
994 2635 1209 2698 habeat,
1241 2643 1435 2702 quotve
1468 2649 1566 2688 suo
1594 2635 1646 2687 in
1674 2642 1880 2688 secreto
1907 2634 2204 2695 ministros,

663 2723 891 2776 alienum
940 2724 1039 2776 hoc
1092 2723 1212 2776 loco
1259 2722 1420 2776 fuerit
1460 2722 1656 2777 didere.
1706 2720 1822 2775 Non
1849 2721 1991 2775 enim
2028 2721 2095 2776 de
2123 2721 2208 2776 his

662 2808 807 2878 loqui
861 2826 1003 2863 nunc
1040 2811 1395 2864 instituimus.
1440 2808 1589 2863 Unde
1622 2824 1769 2875 vero,
1812 2818 1864 2864 et
1890 2810 2121 2877 qualiter
2154 2810 2207 2863 id

660 2898 1022 2953 venerationis
1055 2898 1108 2951 in
1146 2898 1319 2967 signis
1366 2897 1771 2968 cbartophylaci
1816 2898 2106 2963 tribuatur,
2149 2908 2211 2953 ut

660 3000 723 3039 os
753 2996 805 3039 et
844 3001 1034 3041 manus
1064 2988 1378 3056 patriarchae
1406 2996 1771 3056 nuncupetur,
1805 2987 2210 3057 inquirendum.

660 3074 725 3128 Et
749 3077 873 3142 quia
919 3077 1161 3129 nonnulli
1194 3092 1387 3130 nomen
1418 3078 1847 3146 cbartophylacis
1881 3093 1943 3131 ex
1976 3093 2040 3131 eo
2068 3078 2210 3132 deri-

660 3171 809 3226 vant,
839 3164 981 3231 quod
1012 3164 1353 3217 membranas
1379 3165 1491 3218 sive
1515 3163 1728 3217 codices
1745 3162 2012 3216 custodiat
2042 3180 2054 3214 :
2088 3171 2209 3216 ante

659 3253 841 3305 omnia
874 3253 1189 3316 tollendum,
1240 3252 1381 3322 quod
1418 3252 1541 3307 inde
1572 3253 1720 3307 nasci
1754 3262 1953 3321 posset,
1982 3254 2211 3306 scanda-

660 3341 787 3394 lum.
823 3340 1216 3409 Cbartophylax
1268 3358 1374 3395 non
1407 3352 1511 3407 est,
1543 3343 1619 3396 uti
1658 3342 1872 3411 quidam
1904 3342 2208 3411 perhibent,

662 3440 847 3483 cu5tos
873 3429 1085 3493 secreti,
1115 3438 1168 3482 et
1228 3429 1438 3498 janitor
1492 3432 1650 3499 (nam
1681 3431 2023 3484 ostiariorum
2060 3439 2209 3483 vetus

658 3533 719 3572 ea
742 3518 1007 3588 professio
1035 3518 1173 3587 est),
1208 3519 1301 3572 sed
1344 3518 1791 3586 idoneusjurium
1826 3519 2207 3586 episcopalium

660 3616 898 3660 curator.
938 3608 1027 3660 Sic
1057 3608 1196 3661 enim
1232 3616 1284 3661 et
1326 3608 1784 3677 nomopliylacem,
1820 3616 1871 3661 et
1908 3609 2209 3678 scev0pliy-

661 3694 831 3747 lacem
857 3701 1156 3748 castrorum
1184 3696 1441 3763 principis
1464 3697 1714 3751 dicimus.
1740 3694 1890 3760 Quod
1923 3696 1968 3750 si
2001 3696 2210 3750 fortiter

660 3783 759 3835 hoc
786 3782 1088 3837 inllciantes
1110 3795 1374 3851 quaerant,
1416 3785 1509 3852 qui
1542 3785 1652 3846 list,
1673 3791 1732 3838 ut
1758 3785 1986 3838 aliorum
2026 3799 2207 3839 secre-

659 3884 834 3926 torum
862 3874 1141 3941 praesides,
1164 3888 1271 3925 non
1289 3873 1539 3926 dicantur
1551 3874 1824 3937 custodes,
1846 3889 1968 3925 cum
1992 3873 2206 3940 quidem

658 3976 837 4014 rerum
889 3961 1360 4016 administratores
1402 3962 1551 4027 sint;
1605 3977 1702 4015 cur
1754 3977 1936 4026 unus,
1982 3976 2208 4030 magnus

656 4058 877 4101 vocetur
926 4061 1240 4101 economus
1293 4064 1309 4112 ;
1384 4048 1541 4111 alius,
1587 4063 1811 4117 magnus
1870 4048 2206 4112 saeellarius,

658 4135 818 4196 alius,
850 4135 1052 4187 sacellii
1080 4134 1365 4203 praefectus
1394 4152 1405 4187 :
1438 4135 1677 4197 audiant,
1708 4137 1848 4189 idem
1879 4149 1998 4188 esse
2014 4150 2207 4190 nomen

657 4223 950 4283 «concuti,
986 4221 1257 4284 custodis,
1300 4222 1566 4275 sacellarii
1610 4231 1662 4276 et
1702 4223 1903 4277 sacellii
1944 4224 2204 4292 praefecti.

658 4308 789 4359 Nam
825 4309 963 4375 apud
986 4307 1261 4362 Romanos
1291 4312 1544 4363 sacellum
1576 4311 1642 4363 ab
1673 4312 2136 4367 administratione
2156 4321 2209 4367 et

2305 589 2508 655 νηταῖς.
2548 586 2679 639 Οὐδὲ
2710 588 2814 655 γάρ
2838 587 2944 639 ἔδει
2964 587 3055 640 τδν
3082 588 3251 650 οὕτως
3288 590 3567 657 ἀγακλεῶς
3610 594 3664 643 έν
3710 595 3844 643 πᾶσι

2304 675 2850 742 νυμφοστολούμενον,
2884 676 3012 743 περὶ
3046 679 3329 746 σκαπάνην
3364 679 3710 746 ἀσχολεῖσθαι
3748 681 3846 733 καὶ

2303 758 2497 811 δούλων
2523 762 2889 829 χορτάσματα.
2928 764 3147 815 Ἐκτοτε
3178 766 3305 830 γοῦν
3334 766 3423 817 καὶ
3458 766 3615 835 μέχρι
3637 768 3728 819 τοῦ
3750 768 3846 821 νῦν

2304 848 2452 915 παρὰ
2485 849 2639 899 πέντε
2673 849 3122 918 προκαθημένων,
3156 854 3264 904 τῶν
3286 853 3723 915 ἑξωκατακοίλων
3753 858 3848 923 ap-

2302 931 2499 999 χόντων
2535 935 2696 1000 φημὶ,
2722 935 2795 997 ὼς
2828 936 2929 986 ὑπὸ
2951 937 3110 988 πέντε
3168 940 3469 1007 αἰσθήσεων
3508 942 3666 991 ταυτὶ
3710 941 3849 1005 διεξ-

2306 1022 2524 1087 άγονται
2552 1040 2565 1053 ·
2599 1026 2763 1091 ἧγουν
2787 1025 2879 1076 τοῦ
2905 1027 3138 1093 μεγάλου
3161 1028 3461 1095 οἰκονόμου,
3484 1027 3579 1080 τοῦ
3611 1028 3844 1096 μεγάλου

2306 1110 2670 1180 σακελλαρὲου,
2702 1112 2791 1163 τοῦ
2821 1114 3052 1181 μεγάλου
3081 1115 3499 1181 σκευοφύλακος,
3522 1116 3617 1167 τοῦ
3649 1133 3842 1183 χαρτοο

2306 1201 2559 1265 φύλακος,
2596 1201 2803 1253 καὶτοῦ
2832 1203 3135 1255 σακελλιου.
3172 1204 3280 1256 Καὶ
3341 1204 3452 1272 εχει
3486 1205 3593 1256 τῶν
3644 1207 3841 1272 ἐκκλη-

2308 1290 2592 1341 σιαπικῶν
2632 1292 2928 1359 κτημάτων
2954 1292 3049 1359 τὴν
3078 1294 3351 1361 πρόνοιαν.
3392 1296 3420 1345 6
3476 1293 3648 1361 μέγας
3700 1298 3843 1345 οἰκος

2304 1380 2463 1445 νόμος
2491 1396 2503 1410 ·
2537 1379 2643 1430 τῶν
2665 1380 2803 1432 κατὰ
2828 1380 2999 1445 πόλιν,
3043 1381 3138 1433 καὶ
3171 1382 3275 1433 τῶν
3318 1382 3627 1451 περατικῶν
3675 1400 3842 1451 μονα-

2307 1466 2539 1533 στηρίων
2560 1468 2657 1533 τὴν
2690 1468 2957 1535 μέριμναν
2990 1470 3452 1537 (τρισκαιδέκατος
3496 1470 3601 1539 γὰρ
3642 1470 3843 1537 ῥεγεὼν

2303 1554 2400 1621 τῆς
2454 1554 2835 1622 βασιλευούσης
2870 1558 2976 1609 τῶν
3033 1559 3273 1621 πόλεων,
3314 1562 3347 1627 ὴ
3392 1561 3587 1624 περαια
3644 1559 3844 1627 ταύτης

2305 1643 2500 1711 ἔστὶν),
2532 1646 2560 1695 6
2593 1648 2761 1713 μέγας
2794 1647 3143 1717 σακελλάριος
3174 1664 3188 1677 ο
3220 1649 3327 1701 τῶν
3360 1649 3517 1718 ιερῶν
3549 1649 3843 1718 κειμηλίων

2304 1732 2399 1802 τὴν
2424 1735 2753 1801 ἐπιμέλειαν,
2782 1738 2809 1787 ό
2845 1737 3015 1803 μέγας
3064 1738 3396 1805 σκευοφύλαξ
3418 1753 3433 1769 ⁸
3462 1740 3553 1791 καὶ
3575 1739 3681 1791 τῶν
3709 1739 3841 1791 καθ-

2306 1822 2497 1875 ολικῶν
2553 1825 2869 1893 ἐκκλησιῶν,
2931 1827 3064 1893 πρὸς
3098 1826 3154 1879 δὲ
3205 1828 3297 1879 καὶ
3330 1828 3434 1879 τῶν
3464 1828 3845 1896 έμφυτεύσεων

2307 1911 2405 1979 τὴν
2426 1912 2709 1979 διοίκησιν,
2739 1914 2767 1964 6
2798 1914 3100 1967 σακελλίου.

2384 2183 2444 2238 '0
2472 2184 2528 2237 δὶ
2570 2187 2904 2255 χαρτοφύλαξ
2970 2187 3275 2240 κατευθύνει
3325 2186 3636 2255 μονομερῶς
3672 2186 3738 2238 τά
3771 2187 3845 2255 τῷ

2311 2276 2613 2341 πατριάρχῃ
2636 2315 2649 2337 ,
2705 2275 2894 2344 δικαίῳ
2932 2276 3029 2344 τῆς
3060 2276 3497 2345 ἀρχιερωσύνης,
3558 2278 3841 2345 ἀνήκοντα.

2310 2363 2493 2425 Ὅπως
2532 2364 2627 2431 μὲν
2656 2364 2745 2417 οὖν
2780 2364 2885 2417 τῶν
2921 2365 3091 2417 ἄλλων
3117 2366 3394 2433 τεσσάρων
3418 2365 3844 2435 προκαθημένων

2307 2449 2403 2509 τάς
2463 2448 2787 2518 προσλήσεις
2854 2452 3154 2502 τετύπωται
3198 2452 3459 2517 γίνεσθαι,
3520 2452 3613 2503 καὶ
3654 2455 3845 2513 πόσους

2306 2536 2532 2588 ῑκαστον
2560 2540 2760 2589 τούτων
2792 2540 2901 2606 ἔχει
2937 2541 3352 2609 χαρτουλαρίους
3386 2540 3476 2592 τοῦ
3511 2541 3680 2592 κόπου
3716 2557 3845 2606 συμ-

2310 2627 2592 2696 μεριστάς,
2640 2630 2730 2680 καὶ
2760 2630 2955 2689 πόσους
2992 2630 3337 2695 σεκρετικοὺς
3381 2630 3731 2697 διακονητάς,
3750 2628 3844 2679 οὐκ

2307 2717 2420 2768 ἔστι
2468 2718 2643 2784 λέγειν
2672 2719 2881 2787 καιρός.
2939 2717 3071 2772 Οὐδὲ
3110 2721 3215 2786 γάρ
3258 2722 3379 2787 περὶ
3423 2721 3625 2771 τούτων
3679 2722 3845 2770 εἰπεῖν

2307 2808 2662 2876 προεθέμεθα.
2724 2809 2882 2861 Ὅθεν
2911 2810 2985 2868 δὲ,
3038 2811 3127 2861 καὶ
3160 2812 3303 2873 ὅπως
3333 2812 3360 2861 6
3392 2809 3732 2879 χαρτοφύλαξ
3763 2826 3846 2861 στ-

2311 2894 2642 2963 μνολογετται
2671 2897 3028 2960 πανευκλεῶς,
3060 2899 3150 2949 καὶ
3184 2898 3425 2950 καλεῖται
3457 2898 3545 2950 τοῦ
3578 2900 3842 2966 πατριάρ-

2308 3001 2400 3053 χου
2442 2986 2611 3053 στόμα
2642 2986 2733 3037 καὶ
2764 2988 2903 3054 χεὶρ,
2939 2985 3216 3055 ζητητέον.
3262 2988 3409 3039 Ἐπεὶ
3440 2989 3496 3041 δέ
3528 3006 3670 3049 τινες
3704 3004 3846 3058 παρο

2309 3072 2669 3138 ωνυμιζεσθαι
2722 3072 2813 3124 τὸν
2884 3076 3264 3142 χαρτοφύλακα
3333 3076 3574 3127 θέλουσιν
3635 3079 3699 3128 ἐκ
3756 3075 3844 3128 τώ

2312 3157 2595 3224 φυλάττειν
2631 3159 2943 3227 μεμϐράνας
2991 3162 3107 3229 ἦτοι
3174 3163 3417 3222 κωδίκια,
3480 3165 3849 3231 περιαιρετέον

2313 3246 2416 3317 πρὸ
2471 3250 2685 3299 πάντων
2724 3249 2783 3300 τὺ
2814 3251 2878 3300 ὲκ
2906 3250 3091 3302 τούτου
3122 3252 3382 3320 φυόμενον
3414 3252 3726 3304 σκάνδαλον.
3792 3252 3846 3303 '0

2310 3334 2649 3403 χαρτοφύλαξ
2676 3338 2776 3388 οὐκ
2806 3338 2968 3401 ἔστιν,
3002 3338 3074 3400 ὥς
3094 3357 3233 3401 τινες
3265 3341 3530 3406 λέγουσιν,
3563 3341 3733 3407 φύλαξ
3756 3340 3848 3392 τοῦ

2312 3428 2587 3497 σεκρέτου,
2641 3429 2735 3480 καὶ
2784 3429 3023 3499 θυρωρδς
3073 3431 3246 3499 (τοῦτο
3285 3434 3392 3501 γὰρ
3425 3432 3530 3483 τῶν
3569 3433 3848 3501 όστιαρίων

2309 3516 2532 3583 ἀρχαῖον
2560 3517 2919 3585 ίπάγγελμα)·
2944 3520 3312 3571 ἐπισκοπικῶν
3349 3521 3404 3571 δὲ
3434 3520 3654 3572 δικαίων
3688 3536 3849 3589 φρον-

2308 3605 2493 3673 τιστὴς
2522 3602 2831 3671 ἀξιόμαχος.
2867 3603 3020 3655 Οὕτω
3050 3606 3155 3672 γὰρ
3185 3608 3278 3657 καὶ
3327 3605 3632 3672 νομοφύλαξ
3668 3607 3846 3657 καλεῐ·

2308 3710 2419 3758 ται,
2456 3694 2547 3744 καὶ
2577 3694 2913 3759 σκευοφύλαξ
2947 3696 3307 3763 στρατοπέδου
3344 3696 3641 3765 βασιλικοῦ.
3700 3697 3760 3748 Ei
3804 3696 3849 3747 δ’

2309 3784 2770 3852 ἀπισχυριζονται,
2811 3785 2928 3845 πῶς
2977 3784 3080 3836 τῶν
3122 3786 3297 3838 ἄλλων
3340 3788 3607 3853 σεκριτων
3636 3788 3684 3837 οι
3724 3802 3853 3855 προ-

2309 3873 2627 3940 καθήμενοι,
2662 3876 2905 3939 φύλακες
2937 3875 2997 3925 οὐ
3031 3874 3515 3942 κατονομάζονται,
3567 3878 3656 3928 καὶ
3684 3876 3853 3928 ταῦτα

2310 3964 2643 4031 πραγμάτων
2705 3964 2856 4026 ὅντες
2915 3964 3182 4033 διοικηταί
3222 3982 3235 3996 ·
3285 3966 3398 4017 ἀλλ’
3431 3968 3459 4017 6
3504 3966 3603 4034 μὲν
3629 4005 3643 4029 ,
3682 3966 3854 4034 μέγας

2306 4052 2585 4120 οἰκονόμος
2620 4054 2888 4105 καλεῖται·
2934 4056 2961 4105 6
2991 4054 3068 4117 δὲ,
3112 4057 3283 4123 μέγας
3310 4056 3659 4124 σακελλάριος
3681 4074 3695 4087 ·
3727 4057 3847 4119 όδὲ,

2309 4141 2622 4192 σακελλίου·
2656 4142 3065 4207 ἀκουσάτωσαν,
3116 4144 3190 4205 ὡς
3228 4147 3417 4197 ταυτόν
3470 4147 3613 4197 ἑστιν
3659 4146 3849 4210 εἰπεῖν,

2307 4231 2605 4299 οἰκονόμον,
2642 4232 2874 4299 φύλακα,
2910 4235 3274 4303 σακελλάριον,
3312 4238 3404 4286 καὶ
3428 4235 3514 4285 τὸν
3548 4235 3853 4289 σακελλιου.

2309 4318 2465 4387 Παρὰ
2498 4319 2606 4387 γὰρ
2636 4322 2747 4381 τοῖς
2786 4322 3073 4389 Ῥωμαιοις
3123 4322 3398 4385 σάκελλον,
3448 4323 3597 4387 παρὰ
3629 4320 3689 4372 τὺ
3721 4322 3852 4373 διοι-

656 4397 903 4449 custodia
933 4398 1152 4452 dicitur.
1181 4398 1357 4466 Atque
1381 4399 1545 4451 etiam
1586 4400 1711 4453 hinc
1746 4401 1941 4455 sacella
1972 4405 2205 4470 patriar—

2309 4409 2424 4459 κεῐν
2453 4410 2544 4460 καὶ
2576 4409 2858 4475 φυλάττειν
2886 4412 3020 4463 ιστι.
3054 4411 3163 4464 Καὶ
3195 4415 3228 4479 η
3279 4413 3400 4475 τοὺς
3434 4411 3768 4480 κακούργους
3794 4411 3853 4463 δὲ

658 4485 849 4549 cbalis,
896 4500 1002 4555 qua
1033 4487 1256 4540 maleﬁci
1296 4488 1699 4553 custodiuntur,
1744 4504 1849 4541 non
1882 4491 2096 4545 aliunde
2122 4509 2211 4561 ap-

658 4576 853 4643 pellata
878 4584 1002 4641 est;
1043 4578 1187 4631 sicut
1225 4587 1277 4631 et
1321 4578 1604 4631 saculium.
1639 4578 1961 4634 Sacellarius
1996 4582 2208 4649 quidem

658 4666 856 4718 dicitur
883 4668 1335 4719 monasteriorum
1360 4668 1763 4722 administrator
1797 4686 1810 4722 :
1835 4681 1887 4723 et
1924 4670 2210 4738 praefectus

660 4755 843 4808 sacelli
889 4757 1239 4819 deminutive,
1277 4759 1626 4811 ecclesiarum
1658 4760 1711 4811 in
1738 4775 1933 4827 genere
1970 4769 2207 4815 curator.

656 4842 921 4897 Caeterum
970 4861 1038 4899 ne
1085 4846 1138 4899 hi
1184 4850 1421 4915 quinque
1457 4848 1709 4916 praesides
1756 4866 1919 4902 unum
1951 4851 2212 4906 duntaxat

658 4929 919 4983 haberent
969 4946 1166 4986 nomen
1196 4972 1213 4999 ,
1273 4933 1475 5001 placuit
1523 4933 1856 4988 diversorum
1913 4935 2208 4990 ciliciorum

659 5019 1108 5087 appellationibus
1137 5036 1233 5076 eos
1261 5023 1552 5092 ampliores
1575 5024 1724 5077 reddi
1746 5026 1959 5079 debere.
1990 5024 2110 5090 Quo
2131 5026 2210 5091 ﬁt,

663 5116 721 5159 ut
736 5108 1009 5161 actionum
1035 5109 1230 5165 ﬁnibus
1250 5110 1389 5164 idem
1407 5111 1724 5179 existentes,
1747 5113 2045 5167 ciliciorum
2057 5128 2212 5167 voca-

662 5196 803 5250 bulis
832 5196 1250 5266 distinguantur.
1282 5197 1395 5255 Hoc
1424 5201 1584 5254 modo
1612 5214 1755 5255 recte
1782 5201 1996 5255 sublato
2024 5201 2209 5265 dubio,

663 5286 806 5351 quod
834 5286 1093 5340 adversus
1143 5288 1613 5359 cbartopbytacen
1646 5290 1798 5344 .acite
1824 5292 1968 5343 nasci
1998 5297 2213 5358 poterat

662 5374 866 5441 reliqua
886 5375 1045 5428 etiam
1068 5374 1388 5429 declaranda
1408 5379 1648 5433 veniunt.
1671 5376 1865 5433 Munus
1898 5380 2211 5437 chamarii

663 5463 875 5514 varium
917 5471 970 5515 et
1012 5462 1287 5532 multiplex
1315 5474 1417 5520 est.
1458 5464 1660 5520 idcirco
1693 5468 2070 5523 annuimus
2114 5484 2211 5537 pro

667 5559 905 5617 tempore
934 5553 1262 5617 patriarcha,
1291 5554 1439 5608 velut
1484 5554 1706 5611 alterum
1751 5556 2035 5616 manu.
2068 5555 2211 5609 hunc

667 5641 924 5712 deligens,
957 5657 1075 5698 cum
1110 5642 1251 5699 llose
1290 5643 1415 5700 dldt
1450 5643 1508 5700 si
1546 5638 1865 5706 Donusa:
1956 5646 2211 5714 .Jspiciat

2314 4498 2653 4563 φυλάττουσα
2684 4502 3053 4570 πατριαρχικὴ
3082 4502 3313 4569 σακέλλη
3342 4502 3608 4565 ἐντεῦθεν,
3638 4503 3729 4553 καὶ
3753 4502 3855 4553 οὐκ

2310 4585 2529 4638 ἂλλοθεν
2561 4588 2995 4656 μετωνόμασται,
3026 4590 3211 4660 ὥσπερ
3238 4592 3303 4659 δὴ
3332 4593 3424 4644 καὶ
3459 4592 3519 4642 τὸ
3552 4591 3851 4643 σακούλιον.

2310 4674 2537 4740 Λέγεται
2562 4676 2689 4742 γοῦν
2714 4678 3081 4745 σακελλάριος,
3121 4682 3149 4731 ό
3176 4664 3301 4730 τῶν’
3318 4681 3690 4748 μοναστηρίων
3728 4682 3855 4731 διοι-

2310 4765 2480 4829 κητής
2508 4780 2523 4793 ·
2554 4764 2645 4815 καὶ
2674 4767 2701 4817 6
2728 4764 3005 4817 σακελλίου
3040 4768 3484 4834 ὑποκοριστικῶς,
3517 4770 3543 4818 6
3577 4767 3684 4819 τῶν
3724 4768 3854 4819 καθ-

2309 4850 2502 4902 ολικῶν
2558 4852 2856 4920 ἐκκλησιῶν
2911 4855 3247 4922 φροντιστής.
3282 4855 3395 4906 Ἵνα
3423 4856 3478 4906 δέ
3526 4858 3557 4923 η
3592 4856 3700 4906 τῶν
3726 4871 3856 4924 πρυ-

2310 4937 2632 5005 καθημένων
2683 4940 2881 5002 πεντὰς
2935 4942 3010 5008 μὴ
3069 4942 3534 5011 ταυτωνυμιζηται
3568 4981 3583 5004 ,
3644 4942 3852 5013 ὡρίσθη

2310 5026 2577 5095 διαφόρων
2629 5027 2898 5094 όφφικιων
2945 5029 3198 5097 ὀνόμασιν
3232 5031 3401 5098 αὐτὴν
3445 5031 3853 5098 μεγεθύνεσθαι.

2312 5114 2401 5182 Τῷ
2428 5132 2509 5167 τοι
2541 5118 2631 5167 καὶ
2666 5116 3024 5185 ταυτιζομένη
3046 5118 3153 5169 τῶν
3186 5118 3472 5186 ενεργειῶν
3513 5121 3623 5180 τοις
3662 5120 3858 5172 ams-

2312 5202 2562 5270 λέσμασι,
2619 5203 2894 5272 μερίζεται
2953 5205 3058 5257 τῶν
3092 5205 3359 5272 όφφικίων
3401 5208 3519 5267 ταῖς
3579 5207 3853 5275 κλήσεσιν.

2312 5291 2465 5342 Οὕτω
2510 5290 2638 5357 γοῦν
2702 5294 3153 5361 περιαιρουμένης
3192 5294 3392 5357 καλῶς,
3423 5294 3517 5362 τῆς
3543 5294 3609 5347 εκ
3633 5296 3730 5363 τῆς
3756 5311 3857 5360 φυ-

2312 5378 2486 5448 λακῆς
2533 5380 3011 5451 ὑποκλεπτομένης
3048 5383 3313 5450 ἀσαφείας
3358 5384 3499 5435 κατά
3540 5383 3633 5435 τοῦ
3664 5400 3858 5454 καρτο-

2313 5469 2568 5536 φύλακος,
2605 5471 2957 5539 σαφηνιστέον
2990 5471 3176 5524 καὶτὰ
3213 5471 3390 5524 λοιπά.
3430 5470 3537 5525 τοῦ
3588 5472 3860 5541 Iamd-

2312 5559 2475 5618 λακος
2524 5560 2558 5629 ὴ
2617 5560 2860 5629 ενέργεια
2892 5560 3170 5630 πολυειδὴς
3222 5561 3315 5614 καὶ
3347 5560 3674 5630 πολυσχιδής
3719 5563 3858 5618 ἑστι.

2318 5648 2407 5700 Διὸ
2433 5650 2526 5702 καὶ
2552 5651 2581 5702 6
2626 5650 2763 5703 κατὰ
2789 5650 3005 5715 καιροὺς
3038 5648 3335 5714 άγιὼτατος
3369 5650 3733 5723 πατριάρχης.
3781 5648 3863 5714 ὸς
