4110 6466
298 382 428 447 ιοιι

1709 390 2113 454 ΠΕΒΙΤΑΤΑ.

3327 391 3455 454 1042

277 516 438 566 ἀλλον
478 513 684 584 ’Δαρὼν
719 513 902 566 τοῦτον
930 510 1328 580 ιπιλεγόμενος,
1362 509 1506 576 λεγει
1534 511 1668 580 μετὰ
1691 511 1810 563 Μω-
1837 516 1862 568 Α

1909 508 2176 565 Dominus
2227 509 2370 564 Deus
2435 515 2646 578 patrum
2707 519 3036 574 nostrorum,
3090 517 3142 564 et
3194 513 3456 568 universa:

278 605 418 666 σόως
447 602 582 673 πρὸς
614 602 838 669 Κύριον
876 619 894 651 ι
939 596 1344 666 Ἐπισκεψάσθω
1395 596 1595 667 Κύριος
1624 601 1650 649 ό
1684 599 1815 662 Θεδς

285 691 390 745 τῶν
435 688 680 757 πατέρων
705 689 796 741 καὶ
820 688 997 756 πάσης
1030 686 1248 754 σαρκὸς,
1281 685 1555 754 ἄνθρωπον
1595 686 1689 737 ἐπὶ
1719 677 1815 754 τῆς

289 778 607 846 συναγωγῆς
636 777 853 843 ταύτης,
878 776 1021 836 δστις
1044 773 1374 837 ἐξελεύσεται
1403 777 1507 827 ἀπὸ
1527 777 1814 845 προσώπου

277 865 414 931 ιμοῦ
438 882 486 928 ›,
512 864 604 915 καὶ
630 863 772 923 ὅστις
794 860 1150 913 εἰσελεύσεται
1180 860 1284 928 πρὸ
1307 860 1591 928 προσώπου
1616 860 1812 924 αὐτῶν,

277 954 378 1005 ιιιαὶ⁵
422 954 568 1013 ὅστις
614 949 813 1014 είσάξει
858 950 1049 1009 αὐτοὺς
1090 947 1164 1009 ὡς
1183 948 1300 1015 ἐμὲ,
1333 949 1425 1000 καὶ
1452 950 1600 1011 ὅστις
1640 948 1815 1013 ιξάξει

278 1041 480 1103 αὐτοὺς
527 1039 585 1102 ἐξ
624 1036 792 1105 ιμοῑν
845 1037 937 1088 καὶ
982 1036 1152 1098 οὕτως
1192 1035 1462 1105 ἐπιτίθησι
1495 1039 1592 1099 τὰς
1629 1040 1816 1106 χεῖρας

279 1128 443 1181 αὑτοῦ
475 1129 562 1180 ἐπ’
589 1126 764 1188 αὑτὸν,
795 1126 886 1178 καὶ
914 1125 1122 1178 δίδωσιν
1152 1124 1299 1193 αὐτῷ
1325 1126 1420 1193 τήν
1447 1125 1599 1188 δόξαν
1629 1126 1812 1191 αὐτοῦ,

279 1218 426 1277 ὅπως
460 1215 727 1267 ἀκούωσιν
775 1212 934 1265 αὐτοῦ
970 1214 1016 1264 οῖ
1045 1214 1149 1265 υἱοὶ
1191 1213 1424 1283 Ἰσραήλ.
1492 1213 1814 1284 Ἐγχειρίζει

279 1303 455 1372 τούτῳ
486 1305 578 1356 καὶ
613 1301 840 1371 χρυσοῦν
873 1300 946 1362 ώς
989 1301 1055 1354 ἄν
1097 1317 1180 1362 τις
1228 1301 1368 1353 είποι
1391 1302 1686 1369 δακτύλιον,
1717 1321 1816 1356 κα-

283 1392 392 1453 θὼς
437 1388 554 1444 εἷπε
607 1391 804 1461 Κύριος
852 1391 983 1460 πρὸς
1033 1391 1270 1459 Μωσῆν·
1327 1394 1416 1443 καὶ
1453 1392 1727 1461 ἐπιθήσεις
1755 1393 1815 1446 τὸ

283 1482 488 1546 λογεῖον
520 1481 609 1533 επὶ
639 1481 698 1531 τὸ
729 1478 919 1547 στῆθος
949 1478 1039 1530 τοῦ
1081 1478 1305 1547 Ἀαρὼν,
1343 1482 1432 1531 καὶ
1460 1482 1702 1548 ποιήσεις
1727 1481 1816 1534 δα-

282 1571 495 1622 κτύλιον
551 1568 802 1639 χρυσοῦν,
851 1569 942 1620 καὶ⁹
984 1569 1472 1637 συναρμολογήσεις
1518 1571 1674 1622 αὑτὸν
1719 1570 1811 1623 τοῦ

283 1661 506 1725 Λογείου
557 1663 665 1721 τοῖς
709 1660 954 1728 χείλεσιν,
987 1659 1071 1723 ἐφ’
1104 1651 1147 1723 ᾧ
1199 1658 1266 1710 δι’
1319 1659 1479 1710 αὑτοῦ
1527 1659 1634 1711 τῶν
1685 1661 1812 1713 υἱῶν

283 1750 496 1817 Ἰσραήλ
525 1746 927 1817 ἀπογράφεσθαι
967 1747 1035 1798 τὰ
1073 1747 1326 1815 ὀνόματα.
1384 1749 1536 1809 Ποῖος
1571 1749 1626 1800 δὲ
1659 1746 1809 1811 οὗτός

284 1838 431 1897 hort;
481 1836 552 1888 Τὸ
593 1837 977 1904 πατριαρχικδν
1023 1835 1426 1904 βουλλωτήριον,
1476 1838 1536 1888 τὸ
1566 1838 1711 1906 παρὰ
1738 1838 1814 1906 τῷ
1845 1823 1885 1876 Β

283 1927 469 1994 στήθει
518 1924 610 1976 τοῦ
655 1923 1057 1994 χαρτοφύλακος
1085 1924 1504 1994 άπῃωρημινον,
1537 1925 1608 1987 ώς
1638 1925 1810 1989 εἴωθε,

279 2015 471 2083 δοχείῳ
501 2013 847 2082 καθεστηκότι
871 2012 1084 2079 λογικοῦ
1109 2013 1354 2066 παντοίου
1409 2015 1814 2084 σπουδάσματος

284 2104 444 2174 (Τοῖς
477 2104 584 2170 γὰρ
628 2103 813 2168 ἀξίοις,
858 2103 1010 2171 φησὶ,
1057 2100 1237 2154 δοτέον
1284 2102 1348 2156 τὰ
1385 2102 1699 2173 ἀξιώματα)
1745 2104 1812 2156 δι’

281 2185 344 2244 οὗ
381 2194 504 2253 τοὺς
534 2190 847 2260 όλοθρευτὰς
892 2190 1243 2258 άσφαλίζεται
1290 2191 1384 2242 σὺν
1416 2192 1665 2261 σφραγῖδι
1718 2194 1812 2245 καὶ

281 2281 484 2350 χάριτι,
509 2282 628 2340 τοὺς
658 2278 1004 2346 ἁμαρτωλοὺς
1037 2278 1346 2347 ἐπιστρέφει
1370 2280 1462 2330 σὺν
1478 2280 1692 2347 γραφίδι
1720 2281 1812 2332 καὶ

282 2370 493 2437 μέλανι,
537 2370 660 2429 τοὺς
687 2369 1180 2436 καταπονουμένους
1212 2367 1462 2419 διεκδικεῖ
1490 2370 1583 2420 σὺν
1616 2368 1811 2439 βακτη-

284 2455 376 2524 ρίᾳ
416 2455 508 2506 καὶ
543 2455 782 2522 σύριγγι,
823 2458 912 2507 καὶ
949 2456 1068 2517 τοὺς
1108 2454 1287 2522 ἀξίους
1313 2455 1389 2526 τῷ
1415 2457 1676 2528 πνεύματι
1715 2477 1813 2530 χα.

287 2543 566 2613 ρισμάτων
623 2544 908 2614 ίερατικῶν
965 2545 1136 2609 ἀξιοῖ·
1187 2551 1310 2608 τοὺς
1367 2548 1463 2615 μὲν
1521 2550 1673 2612 ἐκτὸς
1716 2550 1810 2604 τοῦ

280 2632 544 2701 βήματος,
603 2633 996 2702 κληρικοποιῶν
1028 2649 1041 2663 °
1106 2637 1228 2697 τοὺς
1279 2635 1335 2686 δὲ
1389 2637 1568 2699 ἐντὸς,
1611 2639 1810 2690 τελειοο

280 2720 473 2774 ποιῶν.
525 2721 621 2772 Διὰ
650 2721 834 2774 τούτου
865 2721 958 2772 καὶ
991 2720 1125 2772 κατὰ
1160 2723 1336 2774 πᾶσαν
1367 2722 1461 2791 τὴν
1493 2725 1810 2796 οἰκουμένην

278 2808 467 2874 σχεδὸν
498 2809 860 2878 πατριαρχικὰ
887 2811 1294 2880 καταγράφεται
1331 2811 1421 2862 καὶ
1454 2811 1632 2864 δίδωσι
1657 2829 1809 2866 σταυ-

277 2895 537 2961 ροπήγια,
588 2897 674 2946 καὶ
711 2895 912 2948 πολλῶν
973 2897 1174 2949 πόλεων
1205 2899 1619 2967 ἐκκλησιαστικά
1654 2919 1812 2969 μετα-

273 2981 458 3048 τίθησι
491 2983 718 3051 κάρηνα,
756 2985 832 3046 είς
865 2987 960 3054 τῆς
994 2986 1209 3054 πρώτης
1231 2989 1467 3056 κεφαλῆς
1491 2989 1551 3040 τὸ
1582 2992 1808 3045 ἀνάκτο-

275 3086 391 3140 ρον.
411 3073 641 3124 Δίδονται
662 3073 745 3124 διὰ
772 3074 958 3126 τούτου
980 3074 1054 3143 τῷ
1084 3076 1444 3144 χαρτοφύλακι
1471 3079 1558 3129 καὶ
1588 3080 1640 3131 αἱ
1664 3081 1809 3142 κλεῖς
1831 3115 1876 3175 C

271 3162 377 3228 τῆς
408 3162 675 3230 βασιλείας
697 3165 801 3215 τῶν
830 3165 1084 3233 οὐρανῶν.
1139 3165 1211 3227 ώς
1244 3166 1344 3217 ὑπὸ
1373 3166 1462 3219 τοῦ
1507 3169 1704 3236 Κυρίου
1731 3170 1808 3238 τῷ

274 3247 421 3318 φίλῳ
450 3250 632 3320 Πέτρῳ
658 3250 750 3303 καὶ
779 3252 1008 3318 μαθητῇ.
1041 3253 1173 3317 Φησὶ
1197 3253 1319 3320 γὰρ,
1343 3250 1448 3304 οἷον
1472 3255 1601 3322 πρὸς
1630 3257 1806 3321 αὑτὸν,

271 3339 303 3388 δ
338 3336 504 3403 μέγας
538 3338 840 3404 ἀρχιερεύς*
882 3340 944 3390 Ὀ
973 3339 1064 3390 ἐὰν
1090 3339 1251 3410 λύσῃς
1290 3340 1380 3389 ἐπὶ
1395 3344 1490 3409 τῆς
1516 3343 1808 3409 γῆς,εσται

273 3423 562 3491 λελυμένον
589 3429 644 3475 εν
669 3429 776 3488 τοῖς
805 3428 1045 3495 οὐρανοῖς
1070 3444 1082 3458 °
1121 3430 1211 3480 καὶ
1241 3428 1268 3479 ὃ
1289 3429 1382 3482 ἐὰν
1410 3431 1574 3499 δήσῃς
1597 3432 1684 3482 ἐπὶ
1711 3432 1809 3500 τῆς

273 3512 402 3580 γῆς,
438 3513 585 3565 ἕσται
625 3515 901 3582 δεδεμένον
933 3516 1021 3568 καὶ
1055 3519 1110 3568 ὲν
1142 3519 1249 3576 τοῖς
1277 3518 1540 3586 οὐρανοῖς.
1604 3521 1710 3572 Καὶ
1750 3522 1808 3572 τὸ

274 3601 493 3653 πάντων
532 3603 856 3672 καινότερον,
890 3605 946 3654 ού
994 3604 1148 3673 μόνον
1182 3598 1333 3667 οὗτος
1369 3608 1636 3674 τοσαύτης
1661 3609 1808 3671 ἔξου-

275 3686 399 3747 σίας
429 3687 718 3757 ἐπλούτησε
757 3691 1016 3758 χάρισμα,
1055 3692 1186 3745 ἁλλὰ
1228 3693 1318 3744 καὶ
1345 3695 1391 3744 oi
1421 3693 1476 3758 ἐξ
1514 3693 1674 3746 αὐτοῦ
1710 3697 1806 3760 τὴν

271 3774 433 3846 χάριν
481 3776 680 3844 ταύτην
731 3777 1108 3846 λαμϐάνοντες.
1181 3780 1495 3847 Ἐπιτρέπει
1532 3783 1636 3850 γὰρ
1665 3783 1808 3850 ἱερα-

270 3864 487 3916 τεύουσι
527 3868 805 3933 μοναχοῖς,
856 3867 1149 3935 ἀνθρώπων
1209 3869 1452 3937 δέχεσθαι
1499 3870 1805 3937 λογισμοὺς,

270 3955 368 4005 καὶ
418 3954 760 4023 διαρῤήσσειν
815 3957 1221 4024 ἁμαρτημάτων
1279 3959 1636 4026 χειρόγραφαο
1674 3962 1806 4027 ὅπερ

272 4042 456 4109 μόνοις
491 4043 803 4104 ἐπισκόποις
834 4046 939 4094 ἀπὸ
975 4045 1064 4096 τοῦ
1109 4047 1367 4109 παναγίου
1406 4049 1609 4098 δέδοται
1639 4048 1805 4099 Πνεύ⁹

273 4146 464 4198 ματος.
528 4130 624 4180 Ἂν
661 4129 776 4195 ἴδῃς
827 4130 880 4180 δὲ
914 4131 1096 4181 τοῦτον
1138 4133 1422 4193 συνοδικῶς
1467 4134 1804 4199 σχεδιάζοντα

267 4221 370 4269 ὅσα
407 4218 577 4269 λαλῶν
609 4218 826 4285 λαλήσει
856 4219 1075 4286 Μωσῆς,
1107 4221 1324 4270 κάκεῖνα
1357 4222 1641 4289 κρουνηδὸν
1671 4226 1806 4274 ἀπο-

269 4311 684 4378 στοματίζοντα,
719 4312 817 4362 ὅσα
857 4312 1144 4376 νεφελώσει
1178 4314 1268 4363 καὶ
1302 4314 1557 4365 ύδατώσει
1590 4317 1684 4382 τῆς
1721 4331 1804 4367 κε-

268 4399 444 4468 φαλῆς
477 4401 508 4466 ὴ
550 4399 844 4466 ἀκρώρεια,
886 4401 945 4450 ού
977 4400 1225 4463 ζητήσεις
1282 4401 1406 4451 ίδείν
1458 4402 1662 4470 Ἀαρὼν
1689 4404 1801 4454 θεο·
1829 4428 1882 4487 D

268 4488 499 4556 γράφων
533 4487 753 4538 π).ακῶν
789 4486 1190 4551 ἀπαγγέλλοντα
1231 4489 1475 4554 ῥήματα.
1537 4490 1654 4540 οὐδὲ
1701 4491 1805 4541 Βα-

269 4581 400 4646 ροὺχ
445 4573 756 4641 περιδεξίως
790 4576 1240 4642 ἀπογραφόμενον
1286 4576 1379 4642 τῆς
1435 4577 1688 4639 Ἰουδαίας
1711 4583 1806 4646 τὴν

267 4665 470 4718 ἅλωσιν
491 4681 503 4694 ⁸
555 4664 867 4732 ἀρκεσθήσῃ
896 4663 951 4714 δὲ
995 4665 1102 4723 τοῖς
1130 4661 1267 4714 οὕτω
1291 4665 1673 4733 πραττομένοις
1705 4666 1807 4717 ὑπὸ

268 4753 362 4804 τοῦ
411 4752 861 4821 χαρτοφύλακος,
911 4750 1002 4802 καὶ
1041 4753 1452 4820 Δευτερονόμιον
1511 4752 1807 4821 συμπεραί-

266 4855 439 4891 νουσι.
473 4841 610 4906 Πρὸς
645 4838 850 4898 τούτοις
879 4835 1171 4904 θαύμασον,
1210 4837 1322 4898 πῶς
1347 4839 1451 4888 τῶν
1474 4837 1629 4889 θείων
1656 4843 1799 4891 κανό-

266 4939 373 4973 νων
409 4923 588 4990 μόνοις
617 4924 1042 4992 εκχωρησάντων
1063 4927 1172 4983 τοῖς
1212 4925 1268 4974 ὲν
1299 4927 1513 4974 πόλεσιν
1550 4927 1798 4992 ἀρχιερα-

267 5008 483 5059 τεύουσι
525 5011 620 5073 τὴν
666 5014 758 5059 τοῦ
791 5008 1056 5058 διδάσκειν
1082 5013 1170 5058 τὸν
1198 5007 1321 5059 λαὸν
1359 5011 1804 5078 σεμνοπρέπειαν,

266 5101 294 5150 ὁ
327 5097 670 5166 χαρτοφύλαξ
696 5101 788 5148 καὶ
835 5100 988 5164 μόνος
1032 5099 1090 5148 τὸ
1134 5097 1396 5148 διδάσκειν
1433 5098 1806 5166 κατηχητικῶς

265 5193 356 5241 τὸν
405 5187 528 5238 λαὸν
582 5187 665 5236 ἐπ’
701 5185 988 5254 ὲκκλησίας
1043 5187 1465 5256 ἀπεκληρώσατο
1508 5201 1522 5216 ·
1565 5187 1678 5248 πῶς
1711 5187 1806 5248 τὰς

271 5275 666 5344 πατριαρχικὰς
699 5275 1010 5340 διαγνώσεις
1041 5277 1415 5342 καλλιγραφεί,
1450 5276 1540 5326 καὶ
1573 5275 1808 5339 ύπογρα-

270 5367 395 5432 φαῖς
422 5365 648 5424 οίκείαις
697 5365 788 5414 καὶ
829 5365 1085 5429 σφραγῖσι
1137 5363 1496 5428 κατεμπεδοῖ·
1552 5365 1645 5413 καὶ
1692 5363 1806 5421 πῶς

268 5455 619 5522 δικαστηρίου
675 5452 904 5520 μεγάλου
950 5451 1284 5518 προκάθηται
1343 5453 1433 5502 καὶ
1491 5451 1806 5502 δικαιοδοτεῖ

270 5541 408 5593 κατὰ
444 5539 540 5606 μὲν
578 5539 775 5598 παντὸς
803 5536 1108 5603 ἀνθρώπου.
1140 5536 1238 5588 κᾶν
1272 5535 1385 5597 οἵας
1429 5536 1492 5588 ἂν
1518 5538 1599 5604 είη
1643 5536 1806 5604 τύχης

271 5630 364 5684 καὶ
395 5626 629 5695 φύσεως,
666 5627 788 5696 περι⁵
845 5624 1299 5694 ἑκκλησιαστικῶν
1329 5625 1671 5696 ζητημάτων,
1712 5625 1804 5677 καὶ

1920 597 2120 662 carnis,
2161 597 2430 651 hominem
2486 597 2541 650 in
2608 597 2710 650 hoc
2741 606 2908 663 cmtu,
2961 597 3053 665 qui
3086 599 3390 666 egrediatur
3423 617 3452 654 a

1920 683 2057 738 facie
2107 699 2245 748 mea,
2301 702 2320 736 ι
2358 693 2410 739 et
2447 683 2776 752 ingrediatur
2804 693 2931 738 ante
2956 684 3146 740 faciem
3175 702 3382 755 eorum,
3402 700 3456 744 et

1919 774 2229 829 introducat
2252 791 2345 830 eos
2363 774 2428 827 ad
2456 790 2560 837 me,
2586 783 2636 828 et
2666 773 2896 827 abducat
2929 789 3022 829 eos
3048 789 3079 828 a
3107 790 3192 828 me
3217 793 3231 828 :
3263 777 3457 845 quibus

1919 863 2100 928 dictis,
2152 878 2343 918 manus
2387 865 2437 917 ei
2476 878 2603 918 suas
2639 863 2881 931 imponit,
2932 869 2984 917 et
3018 863 3108 918 dat
3140 865 3186 918 ei
3235 866 3456 933 gloriam

1918 967 2093 1018 suam,
2126 962 2184 1006 ut
2211 954 2430 1007 audiant
2451 968 2571 1006 eum
2603 951 2699 1005 filii
2731 951 2962 1006 Israelis.
2994 952 3167 1007 Etiam
3203 957 3251 1009 ei
3284 955 3459 1024 porri-

1919 1041 1996 1111 git
2024 1042 2076 1095 in
2102 1057 2318 1096 manum
2349 1043 2604 1095 annulum
2644 1055 2864 1095 aureum
2889 1080 2903 1104 ,
2945 1041 3086 1095 sicut
3115 1051 3168 1095 et
3201 1042 3458 1098 Dominus

1920 1130 1986 1183 ad
2018 1129 2216 1184 Mosem
2237 1129 2371 1182 dixit
2396 1149 2409 1183 :
2442 1129 2506 1182 Et
2527 1130 2767 1198 impones
2788 1127 3071 1183 Rationale
3099 1144 3262 1197 super
3287 1132 3456 1185 Aaro-

1919 1216 2006 1270 nis
2043 1226 2255 1284 pectus,
2285 1226 2338 1271 et
2371 1216 2630 1270 annulum
2669 1216 2836 1271 facies
2870 1230 3118 1279 aureum,
3151 1223 3203 1271 et
3243 1233 3455 1272 accom-

1919 1307 2168 1361 modabis
2207 1322 2326 1360 eum
2356 1307 2520 1362 labris
2552 1307 2723 1376 ipsius
2754 1304 3072 1372 Rationalis,
3111 1316 3168 1360 ut
3207 1323 3299 1377 per
3333 1323 3453 1362 eum

1920 1394 2136 1448 nomina
2168 1394 2396 1447 ﬁliorum
2429 1393 2642 1448 lsraelis
2673 1395 3069 1448 describantur.
3124 1395 3189 1448 Et
3233 1398 3452 1464 quinam

1920 1484 1965 1538 is
1991 1482 2115 1538 est?
2146 1481 2506 1536 Patriarcbale
2531 1483 2889 1546 bulloterium,
2924 1498 3022 1551 pro
3055 1499 3201 1538 more
3231 1500 3457 1552 suspen-

1919 1587 2036 1626 sum
2071 1573 2137 1624 ad
2163 1571 2471 1624 cbartularii
2504 1579 2709 1639 pectus,
2739 1573 3134 1639 receptaculum
3159 1574 3321 1627 studii
3358 1574 3456 1628 do—

1918 1660 2210 1714 ctrinarum
2235 1660 2410 1713 omnis
2437 1663 2669 1727 generis,
2703 1661 2899 1728 (dignis
2925 1661 3088 1725 enim,
3119 1661 3257 1728 quod
3279 1662 3452 1729 aiunt,

1917 1750 2254 1802 concedenda
2290 1749 2758 1817 suntdignitates),
2774 1765 2880 1816 quo
2906 1747 3260 1804 internecivos
3283 1754 3457 1807 munit

1912 1851 2033 1890 cum
2060 1836 2235 1906 sigillo
2260 1844 2312 1891 et
2336 1839 2524 1905 gratia,
2560 1848 2868 1905 peccatores
2887 1839 3153 1892 convertit
3184 1855 3305 1893 cum
3329 1840 3451 1895 stilo

1912 1932 1964 1978 et
2000 1931 2302 1976 atramento
2332 1962 2345 1985 ,
2378 1929 2627 1991 gravatos
2662 1921 3035 1976 aillictionibus
3063 1921 3298 1976 defendit
3329 1939 3449 1976 cum

1912 2009 2104 2062 baculo
2130 2016 2182 2062 et
2213 2009 2411 2071 ﬁstula,
2453 2008 2642 2077 dignos
2679 2007 2909 2074 denique
2937 2008 3155 2076 spiritus
3176 2009 3331 2061 donis
3364 2023 3452 2062 sa-

1912 2095 2275 2149 cerdotalibus
2316 2095 2519 2148 afﬁcit:
2555 2094 2678 2147 dum
2740 2109 2834 2149 eos
2878 2095 2969 2163 qui
3031 2104 3180 2149 extra
3227 2098 3448 2164 gradum

1912 2184 2184 2238 constituti
2215 2192 2359 2250 sunt,
2397 2183 2625 2237 clericos
2656 2182 2781 2236 facit
2815 2201 2829 2244 ;
2862 2182 3027 2252 gradu
3071 2185 3442 2252 comprmhen-

1911 2287 2022 2336 sos,
2080 2273 2304 2342 perﬁcit.
2368 2271 2478 2326 Hoc
2533 2273 2910 2339 patriarchalia
2953 2272 3225 2332 ,descrihit
3265 2281 3317 2326 et
3358 2273 3451 2328 dat

1914 2363 2253 2428 staurupegia
2285 2376 2379 2429 per
2409 2361 2718 2415 universum
2749 2376 2914 2430 prope
2942 2369 3203 2414 terrarum
3239 2362 3444 2423 orbem,

1911 2466 1972 2507 ac
2010 2453 2296 2508 multarum
2336 2452 2547 2506 urbium
2585 2451 2949 2506 ecclesiastica
2987 2451 3160 2520 capita
3197 2451 3450 2506 transfert

1910 2542 1976 2596 ad
2030 2542 2186 2611 primi
2240 2541 2429 2609 capitis
2482 2541 2704 2608 regiam.
2760 2539 2860 2594 Dat
2913 2541 3069 2594 etiam
3121 2542 3448 2597 citartulario

1906 2631 2212 2701 patriarcha
2262 2631 2437 2684 claves
2485 2628 2632 2698 regni
2682 2628 2960 2688 caelorum,
3005 2629 3160 2681 sicuti
3211 2643 3336 2682 caro
3374 2629 3449 2681 illi

1909 2719 2085 2782 Petro,
2135 2719 2414 2787 eidemque
2457 2716 2723 2785 discipulo
2774 2717 2908 2770 datae
2953 2725 3078 2768 sunt
3122 2729 3152 2768 a
3201 2714 3446 2773 Domino.

1909 2808 2118 2878 Quippe
2155 2808 2296 2862 sicut
2324 2808 2578 2860 Dominus
2614 2805 2679 2859 ad
2708 2805 2872 2867 hunc,
2904 2805 2975 2858 ita
3015 2819 3240 2873 magnus
3264 2807 3448 2874 ponti-

1908 2895 1994 2951 fex
2025 2897 2090 2950 ad
2129 2897 2278 2949 illum
2316 2913 2331 2949 :
2366 2889 2635 2962 Quidquid
2669 2894 2913 2958 solveris,
2959 2893 3150 2962 inquit,
3194 2895 3247 2948 in
3283 2903 3445 2960 terra,

1907 2987 2137 3041 solutum
2164 2986 2266 3038 erit
2285 2984 2336 3037 in
2357 2984 2612 3038 cmliszet
2641 2982 2899 3052 quidquid
2929 2982 3176 3051 ligaveris
3198 2985 3250 3037 in
3278 2993 3441 3049 terra,

1908 3072 2130 3140 ligatum
2171 3073 2332 3126 etiam
2371 3072 2424 3124 in
2456 3071 2609 3124 caelis
2643 3071 2765 3124 erit.
2805 3069 2868 3123 Et
2905 3070 3048 3138 quod
3086 3070 3332 3139 inprimis
3365 3079 3446 3126 est

1909 3174 2124 3224 novum,
2151 3175 2255 3212 non
2286 3159 2458 3212 solum
2487 3158 2575 3211 hic
2594 3166 2753 3212 tantae
2787 3158 3063 3225 potestatis
3093 3151 3288 3227 largam
3313 3172 3447 3212 con-

1909 3259 2123 3302 secutus
2153 3258 2235 3302 est
2265 3250 2488 3317 gratiam
2525 3269 2536 3303 :
2575 3262 2757 3301 verum
2793 3249 2950 3300 etiam
2987 3247 3072 3310 iis,
3104 3247 3192 3314 qui
3221 3248 3444 3314 gratiam

1910 3337 2044 3389 hanc
2076 3338 2141 3389 ab
2167 3337 2283 3404 ipso
2313 3336 2602 3403 accipiunt.
2639 3333 2788 3388 Facit
2817 3335 2956 3388 enim
2983 3342 3297 3402 potestatem
3332 3347 3446 3385 mo-

1907 3425 2095 3479 nachis
2121 3428 2460 3479 sacerdotum
2493 3440 2690 3478 munus
2721 3422 3161 3491 suscipientibus,
3197 3422 3444 3475 audiendi

1908 3514 2142 3566 rationes
2175 3513 2476 3576 hominum,
2512 3521 2563 3566 et
2592 3519 2926 3579 peccatorum
2976 3510 3329 3578 chirographa
3360 3508 3444 3561 di-

1907 3599 2227 3666 seerpendi:
2275 3599 2416 3666 quod
2453 3598 2654 3665 alioqui
2698 3597 2828 3652 solis
2871 3597 3134 3665 episc0pis
3164 3611 3194 3649 ιι
3243 3595 3445 3664 Spiritu

1906 3694 2094 3738 sancto
2144 3699 2462 3740 concessum
2513 3693 2614 3737 est.
2667 3684 2820 3750 Quod
2870 3685 2912 3738 si
2979 3684 3161 3736 videas
3199 3683 3347 3736 illum
3390 3685 3444 3737 in

1905 3775 2110 3844 synodo
2151 3776 2281 3830 citra
2328 3775 2722 3829 meditationem
2736 3789 2796 3828 ea
2826 3774 3204 3841 proferentem,
3227 3789 3345 3842 qua:
3365 3776 3444 3829 vel

1906 3864 2038 3930 ipse,
2089 3865 2134 3918 si
2184 3864 2466 3917 dicendum
2525 3864 2572 3916 ei
2632 3862 2788 3926 lorct,
2850 3863 2904 3916 in
2959 3863 3189 3916 medium
3236 3865 3446 3918 aﬁ'erret

1907 3951 2079 4004 Moses
2111 3969 2124 4004 :
2174 3951 2462 4018 itidemque
2491 3951 2646 4002 silani
2679 3952 2731 4002 in
2763 3964 2966 4002 morem
2998 3965 3061 4003 ea
3089 3951 3444 4018 pronuntian-

1905 4043 2031 4094 tem,
2061 4051 2178 4102 quae
2223 4035 2414 4102 capitis
2451 4035 2552 4102 ipsi
2595 4045 2774 4088 vertex
2813 4036 2984 4089 instar
3015 4038 3175 4088 nubis
3208 4048 3260 4090 et
3295 4052 3444 4105 aqua:

1905 4122 2206 4190 suppeditat
2239 4139 2252 4175 :
2287 4122 2553 4175 Aaronem
2588 4121 2769 4175 videre
2798 4137 2904 4176 non
2936 4122 3286 4185 desiderabis,
3311 4125 3445 4178 scri-

1903 4224 2114 4280 ptarum
2151 4214 2411 4268 divinitus
2445 4214 2748 4266 tabularum
2786 4215 2942 4266 verba
2973 4215 3279 4268 recitantem
3305 4231 3321 4273 ;
3352 4229 3446 4268 ne-

1905 4315 2006 4368 que
2034 4301 2358 4363 Baruclium,
2401 4302 2585 4355 dextre
2623 4301 2985 4369 captivitatem
3013 4302 3208 4356 Iudaeae
3238 4303 3444 4357 descri-

1911 4389 2120 4442 bentem
2153 4406 2166 4440 :
2211 4391 2304 4441 sed
2329 4397 2615 4443 contentus
2641 4389 2708 4442 iis
2748 4389 2878 4453 eris,
2925 4405 3042 4459 quae
3082 4392 3444 4445 chartuiarius

1907 4484 2046 4545 aget,
2075 4492 2298 4545 quaeque
2333 4477 2802 4532 Deuteronomium
2835 4480 3138 4546 perﬁciunt.
3182 4480 3272 4533 Est
3309 4495 3445 4546 prac-

1904 4570 2050 4617 terea
2077 4563 2218 4631 quod
2249 4564 2481 4629 mireris,
2507 4579 2625 4617 cum
2661 4565 2798 4616 sacri
2836 4578 3068 4618 canones
3104 4567 3445 4632 permiserint

1907 4651 2118 4704 urbium
2156 4651 2412 4704 duntaxat
2443 4651 2788 4720 pontiﬁcibus
2815 4656 3190 4706 auctoritatem
3217 4654 3442 4707 docendi

1905 4740 2206 4806 populum;
2242 4741 2592 4795 nihilominus
2640 4741 3024 4794 cbartulanum
3068 4743 3241 4796 solum
3296 4758 3445 4796 more

1906 4828 2235 4882 catechetico
2261 4829 2510 4897 populum
2539 4831 2595 4882 in
2616 4829 2843 4883 ecclesia
2869 4830 3092 4884 docendi
3120 4841 3435 4900 potestatem

1907 4919 2156 4971 sortitum
2201 4933 2364 4972 esse:
2409 4920 2793 4986 patriarchales
2831 4921 3075 4974 eumdem
3112 4922 3443 4989 cognitiones

1906 5003 1960 5054 in
2005 5005 2208 5056 litteras
2243 5003 2461 5066 referre,
2520 5005 2740 5072 suisque
2771 5007 3260 5075 subscriptionihus
3287 5017 3338 5060 et
3371 5009 3445 5062 si-

1907 5092 2046 5159 gillis
2096 5092 2307 5145 munire
2344 5111 2356 5144 :
2397 5107 2591 5161 magno
2633 5095 2922 5162 prmsidcre
2970 5096 3240 5160 tribunali,
3272 5107 3321 5150 et
3353 5096 3441 5164 jus

1907 5195 2027 5232 cum
2076 5181 2280 5232 homini
2326 5181 2498 5233 cuivis
2548 5182 2744 5245 dicere,
2804 5183 3175 5252 cujuscunque
3228 5188 3439 5241 tandem

1906 5268 2134 5321 fortuna:
2162 5270 2228 5321 sit
2252 5283 2314 5321 ac
2336 5283 2515 5329 sexus,
2548 5271 2600 5322 in
2634 5270 3017 5336 quaestionibus
3043 5272 3438 5336 ecclesiasticis,

1905 5367 1957 5409 et
1984 5357 2147 5408 animi
2176 5357 2492 5409 delictorum
2525 5357 2895 5409 emendatione
2929 5366 3077 5410 :tum
3116 5374 3240 5412 vero
3264 5376 3442 5413 sacer~

1904 5446 2119 5499 dotibus
2161 5454 2216 5497 et
2249 5445 2549 5498 monachis.
2594 5446 2645 5497 in
2681 5446 2870 5513 quavis
2915 5448 3178 5499 criminali
3219 5458 3271 5501 et
3297 5451 3439 5504 civili

1905 5550 2087 5588 causa.
2125 5533 2330 5603 Quippe
2357 5534 2437 5587 vel
2477 5534 2544 5587 ad
2577 5534 2720 5602 ipsas
2748 5549 2917 5603 usque
2939 5535 3110 5591 Gades
3139 5536 3439 5603 iurisdictio

1906 5624 2220 5678 citartnlnrii
2253 5625 2505 5690 pertinet,
2544 5623 2586 5676 si
2617 5625 2735 5694 quis
2773 5627 3118 5690 concesserit,
3148 5635 3303 5680 etiam
3333 5627 3432 5686 illis
