4110 6474
273 361 408 426 1085

1694 371 2095 432 MEDITATA.

3285 366 3418 430 ιθιο

266 506 354 543 σιν
377 490 747 558 ὶπικριθεῖσαν
781 496 866 542 καί
914 483 1272 552 βεσαωθεῖσαν
1316 485 1509 547 καλῶς.
1555 483 1702 538 Ἐπεὶ
1734 481 1788 533 δὲ
1816 483 1864 541 Α

1786 483 1864 541 ,Α
1894 479 2123 533 bilitum.
2180 476 2312 541 Quia
2359 491 2482 534 vero
2529 492 2669 533 nunc
2716 479 2968 547 majestas
3020 495 3134 534 utea
3204 479 3409 545 didicit,

270 581 362 634 νῦν
399 583 431 649 ἡ
462 580 700 650 βασιλεία
731 595 830 648 μου
863 578 1042 647 μάθοι,
1073 579 1149 640 ὥς
1181 592 1324 639 τινες
1354 575 1458 627 τῶν
1500 571 1792 642 ἀρχιερέων

269 668 824 737 ἀντιφιλοτιμούμενοι
848 667 1138 736 πειρῶνται
1166 667 1226 718 τὺ
1256 663 1346 717 τοῦ
1390 660 1788 732 χαρτοφύλακος

269 755 598 808 ὕποόιόάσαι
621 755 926 824 προνόμιον,
956 754 1046 806 καὶ
1078 757 1306 814 κανόνας
1334 753 1411 812 είς
1455 750 1614 819 μέσον
1658 765 1790 817 προ-

269 846 551 913 φέροντες,
597 844 681 896 διὰ
705 844 902 895 τούτων
936 841 1289 909 φιλονεικοῦσι
1322 839 1398 908 μὴ
1425 837 1792 908 προκαθῆσθαι

267 934 430 984 αὑτὸν
455 933 560 984 τῶν
593 933 904 1001 ἀρχιερέων,
935 932 1167 1000 ὁπηνίκα
1193 930 1299 982 δέοι
1340 929 1559 991 τούτους
1612 926 1796 994 συνέρ-

266 1019 456 1087 χεσθαι
485 1021 621 1072 κατά
635 1037 755 1072 τινα
768 1019 972 1088 χρείαν,
998 1019 1088 1071 καὶ
1117 1016 1476 1086 συνεδριάζειν
1503 1015 1638 1067 κατὰ
1669 1031 1796 1066 ταυ-

266 1111 380 1170 τὸν,
423 1109 524 1176 πρὸ
553 1109 647 1176 τῆς
702 1109 782 1169 είς
811 1108 910 1176 τὴν
963 1107 1264 1174 ἁγιωσύνην
1299 1123 1388 1158 σου
1430 1103 1794 1166 είσελεύσεως,

265 1197 366 1248 οὑκ
405 1198 694 1266 ἀνασχετὸν
741 1201 805 1267 τῇ
841 1197 1080 1267 βασιλείᾳ
1124 1214 1222 1265 μου
1256 1195 1421 1258 ἔδοξε,
1458 1196 1686 1264 πρᾶγμα
1713 1193 1798 1245 διὰ

265 1286 521 1336 τοσούτου
546 1285 734 1354 χρόνου
765 1286 1099 1354 βασανισθὲν,
1131 1286 1219 1338 καὶ
1244 1287 1352 1347 τοῖς
1384 1286 1510 1352 πρὶν
1535 1283 1795 1353 πατριάρ-

264 1390 390 1440 χαις
451 1373 544 1424 καὶ
598 1373 708 1435 τοῖς
764 1373 939 1435 ἄλλοις
996 1372 1358 1442 ἀρχιερεῦσιν,
1415 1372 1546 1423 ἀλλὰ
1591 1370 1654 1438 δὴ
1707 1371 1797 1420 καὶ

264 1464 450 1523 αὐτοῖς
485 1465 594 1524 τοῖς
625 1462 719 1514 νῦν
748 1464 846 1516 οὐκ
891 1463 975 1514 ἔπ’
1006 1461 1208 1529 εὐλόγῳ
1245 1461 1478 1530 ἐρίζουσι
1516 1459 1798 1527 πράγματι

264 1549 354 1602 διὰ
402 1550 500 1617 τῆς
552 1551 886 1620 πολυημέρου
927 1551 1111 1618 δεχθὲν
1141 1549 1368 1612 σιωπῆς,
1402 1547 1538 1600 κατὰ
1565 1547 1624 1599 τὸ
1663 1562 1798 1615 παρ-

269 1639 426 1690 έλκον
449 1640 790 1708 άθετηθῆναι,
828 1641 918 1694 καὶ
947 1641 1020 1702 ὦς
1043 1658 1093 1692 τι
1123 1640 1229 1692 τῶν
1255 1638 1606 1708 ἠμελημένων
1634 1653 1798 1706 παρα·

266 1726 520 1796 συρῆναι.
574 1728 764 1780 Τοίνυν
798 1734 890 1780 καὶ
931 1728 1218 1797 διορίζεται
1259 1729 1538 1796 πράγματι
1581 1725 1797 1791 εῦλογον

267 1817 360 1868 καὶ
396 1816 533 1868 πάνυ
563 1817 768 1869 δίκαιον
812 1816 985 1871 τοῦτο.
1048 1818 1108 1868 Et
1150 1818 1246 1884 μὲν
1279 1816 1385 1884 γὰρ
1439 1816 1672 1884 αἱροῖντο
1707 1813 1800 1864 καὶ

267 1905 430 1956 πάλιν
458 1905 507 1959 οι
536 1905 806 1974 ἀρχιερεῖς
850 1905 924 1974 μὴ
958 1907 1124 1957 κινεῖν
1175 1904 1241 1957 τὰ
1278 1903 1526 1970 ἀκίνητα,
1565 1901 1695 1970 μηδὲ
1731 1901 1798 1953 τὰ

266 1995 383 2054 τοῖς
423 1993 550 2062 πρὶν
589 1992 877 2061 δεδογμένα
906 1993 1173 2062 Πατράσιν
1194 2033 1207 2056 ,
1239 1991 1371 2044 ἀλλὰ
1400 1992 1461 2059 δὴ
1491 1990 1584 2043 καὶ
1616 1989 1797 2050 αὐτοῖς

265 2081 355 2133 διὰ
388 2081 484 2150 τῆς
537 2084 747 2150 μακρᾶς
788 2082 1108 2147 συνδόξαντα
1159 2081 1386 2150 σιωπῆς,
1435 2079 1528 2131 καὶ
1570 2079 1666 2146 τῆς
1696 2077 1799 2139 ἕως

264 2171 363 2223 τοῦ
386 2171 477 2222 νῦν
502 2173 713 2240 ἀνοχῆς,
743 2174 804 2224 ὲκ
831 2173 1186 2239 πιλιμδολίας
1214 2171 1397 2238 ὥσπερ
1427 2169 1797 2230 ἁναπαλαίειν,

265 2256 329 2310 εῦ
357 2257 418 2309 ἂν
447 2257 577 2325 Ξχοι,
626 2260 714 2310 καὶ
759 2259 936 2326 χάρις,
964 2260 1042 2311 ὅτι
1071 2259 1128 2310 τὸ
1161 2258 1389 2326 μάχιμον
1425 2257 1796 2325 καταθέμενοι,

266 2343 332 2394 τὸ
365 2344 631 2411 εἰρηναῖον
653 2347 1130 2414 προτετιμήκασιν.
1179 2347 1239 2398 El
1277 2346 1330 2396 δὲ
1359 2346 1451 2397 καὶ
1485 2345 1561 2396 ἔτι
1600 2343 1800 2396 τούτων

263 2435 413 2497 τινες
456 2435 563 2487 τῶν
616 2435 707 2487 τοῦ
766 2437 982 2497 κανόνος
1034 2437 1287 2506 ῥημάτων
1351 2436 1797 2502 ἀντιποιούμενοι,

268 2524 393 2595 (τῆς
419 2525 526 2594 γάρ
563 2525 764 2586 ἑννοίας
793 2526 976 2595 πὸῥρω
1021 2524 1458 2593 ἀποδιαστήκασι)
1505 2523 1796 2591 πειρῶνται

264 2613 332 2665 τὸ
379 2614 569 2665 οἰκεῖον
592 2617 850 2682 συστῆσαι
882 2613 1108 2682 θέλημα,
1147 2615 1238 2666 καὶ
1264 2613 1354 2664 ἐπὶ
1398 2613 1457 2663 τὸ
1489 2615 1715 2666 ἄτακτον
1735 2613 1797 2662 ού

266 2702 446 2762 καλῶς
512 2703 605 2770 τὴν
661 2702 810 2764 τάξιν
878 2701 1343 2770 μεταϐιϐάζουσιν,
1401 2701 1462 2768 ἐᾷ
1500 2699 1594 2767 μὲν
1628 2699 1718 2750 νῦν
1768 2699 1799 2766 ἡ

270 2791 514 2859 βασιλεία
536 2809 633 2860 μου
667 2793 762 2854 τὴν
793 2791 882 2844 τοῦ
909 2792 1128 2850 κανόνος
1154 2790 1481 2858 ἑρμηνεῦσαι
1513 2789 1603 2840 καὶ
1630 2804 1799 2855 σαφη-

267 2880 416 2931 νίσαι
442 2881 599 2949 ὑφὴν,
631 2881 831 2950 ῥᾴστην
865 2879 1026 2932 οὖσαν
1049 2879 1452 2948 καταληφθῆναι
1475 2879 1564 2930 καὶ
1588 2878 1804 2943 διαγνω-

269 2969 465 3036 σθῆναι
532 2969 708 3030 καλῶς
767 2972 879 3030 τοῖς
913 2970 1205 3036 βάπτουσιν
1254 2970 1328 3029 είς
1360 2966 1660 3035 ἀκρίϐειαν,
1711 2967 1801 3018 καὶ

1895 567 2155 636 quosdam
2186 566 2465 636 pontiﬁces
2497 568 2788 624 ambitione
2849 577 3080 638 quadam
3132 570 3414 640 impulsos,

1895 654 2213 709 chartularii
2273 655 2583 724 dignitatern
2653 656 2955 726 deprimere
3013 657 3166 720 velle,
3219 674 3420 729 perque

1896 757 2130 797 canones
2156 743 2209 795 in
2247 745 2479 798 medium
2522 749 2810 814 productos
2832 746 3177 811 contendere,
3201 763 3308 802 non
3343 750 3419 802 illi

1898 833 2192 885 sessionem
2253 847 2415 901 supra
2495 834 2772 904 pontiﬁces
2837 843 3158 902 competere,
3214 837 3423 904 quoties

1896 921 1976 973 eis
2021 921 2250 987 alicujus
2283 922 2481 990 negotii
2531 937 2693 976 causa
2737 924 3162 978 conveniendum
3214 925 3304 987 sit,
3368 933 3423 980 et

1899 1024 2003 1063 una
2040 1010 2424 1064 considendum
2473 1011 2528 1066 in
2580 1019 2793 1076 senatu,
2848 1020 2971 1066 ante
3026 1028 3305 1068 accessum
3354 1020 3421 1067 ad

1900 1097 2239 1151 sanctitatem
2295 1109 2490 1151 tuam:
2549 1100 2768 1154 minime
2831 1100 3107 1154 ferendum
3159 1101 3419 1170 maiestati

1900 1198 2030 1237 meae
2073 1184 2243 1237 visum
2307 1194 2416 1250 est,
2462 1195 2517 1240 ut
2544 1201 2629 1241 res
2680 1195 2830 1241 tanto
2868 1189 2978 1258 jam
3026 1197 3265 1258 tempore
3296 1204 3421 1258 pro-

1900 1272 2045 1337 bata,
2084 1281 2137 1326 et
2162 1288 2190 1326 a
2221 1275 2592 1340 superioribus
2625 1276 2967 1344 patriarcltis,
3000 1292 3063 1331 ac
3084 1279 3423 1344 pontiﬁcibus

1898 1362 2035 1426 aliis,
2091 1371 2249 1428 atque
2286 1361 2390 1416 illis
2448 1363 2578 1428 ipsis
2619 1363 2785 1428 adeo,
2833 1364 2923 1434 qui
2974 1364 3084 1433 jam
3126 1379 3230 1418 non
3277 1367 3420 1436 jnsta

1898 1448 1962 1502 de
2018 1463 2179 1503 causa
2243 1450 2507 1516 rixantur,
2578 1451 2833 1507 diuturno
2890 1453 3108 1508 silentio
3164 1457 3419 1510 admissa.

1900 1547 2121 1606 urgente
2143 1538 2286 1592 nulla
2315 1539 2521 1595 ratione
2543 1541 2837 1608 aboleatur,
2861 1551 2912 1596 et
2939 1545 3090 1611 quasi
3121 1544 3420 1613 neglectum

1900 1626 2102 1693 aliquid
2135 1629 2490 1682 convellatur.
2536 1627 2874 1697 Quapropter
2920 1631 3172 1698 quiddam
3224 1633 3421 1686 rationi

1899 1715 2053 1767 valde
2076 1723 2498 1769 consentaneum
2536 1726 2589 1771 et
2620 1731 2833 1785 aequum
2867 1719 3076 1773 statuit.
3109 1721 3312 1790 Quippe
3375 1722 3421 1776 si

1901 1803 2076 1856 adhuc
2127 1804 2406 1871 pontifices
2461 1808 2679 1860 immota
2747 1822 2853 1861 non
2925 1822 3140 1863 movere
3204 1810 3422 1876 vellent,

1897 1907 1996 1945 ne:
2049 1907 2166 1959 quae
2195 1893 2442 1959 placuere
2490 1895 2782 1962 superioris
2836 1898 3107 1951 memoriae
3150 1898 3420 1963 Patribus,

1898 1987 1948 2031 et
1998 1981 2237 2047 ipsismet
2292 1983 2449 2050 longo
2470 1983 2683 2038 silentio
2717 1985 3082 2054 patientiaque
3108 1987 3174 2041 ad
3207 1989 3422 2044 hodier-

1900 2082 2024 2121 num
2055 2083 2221 2136 usque
2263 2069 2401 2122 diem
2446 2074 2790 2139 comprobata
2843 2073 3079 2139 fuerunt,
3137 2091 3203 2130 ex
3232 2077 3421 2132 incon-

1901 2157 2093 2209 stantia
2133 2158 2277 2210 velut
2335 2173 2640 2229 Oppugnare
2690 2168 2831 2216 recte
2879 2163 3152 2231 facerent,
3225 2175 3276 2220 et
3327 2167 3425 2221 hac

1901 2244 2083 2299 bendze
2117 2246 2251 2315 ipsis
2293 2249 2494 2316 gratiae,
2518 2252 2656 2316 quod
2680 2253 2891 2320 abiecto
2919 2255 3188 2322 pugnandi
3221 2255 3420 2318 studio,

1901 2348 2084 2401 pacem
2126 2337 2301 2404 potius
2347 2340 2570 2407 amplexi
2605 2351 2802 2395 essent.
2857 2344 2924 2395 At
2977 2359 3104 2398 vero
3133 2345 3180 2398 si
3209 2345 3421 2413 quidam

1903 2422 2076 2476 adhuc
2115 2425 2270 2477 verba
2319 2428 2542 2481 canonis
2578 2446 2920 2499 usurpantes.
2976 2433 3213 2502 (quando
3239 2449 3265 2485 a
3304 2449 3426 2489 sen-

1900 2515 2065 2566 tentia
2122 2514 2277 2582 longe
2359 2521 2571 2585 absunt)
2635 2520 2907 2573 libidinem
2969 2535 3119 2574 suam
3198 2521 3424 2590 probare

1902 2604 2163 2669 nituntur,
2222 2605 2569 2674 ordinemque
2621 2608 2866 2675 nequiter
2937 2608 2990 2661 in
3055 2608 3433 2663 confusionem-

1905 2692 2259 2746 inordinatam
2293 2703 2624 2749 commutant
2654 2711 2667 2747 :
2699 2697 2922 2751 canonis
2940 2696 3152 2766 quidem
3175 2699 3427 2765 maiestas

1903 2796 2018 2833 mea
2065 2792 2372 2836 contextum
2420 2784 2765 2853 interpretari
2826 2800 2888 2839 ac
2927 2787 3204 2841 declarare
3245 2788 3426 2844 mittit.

1903 2881 2155 2938 perceptu
2207 2881 2259 2924 et
2295 2871 2567 2927 intellectu
2605 2873 2914 2929 facillimum
2968 2877 3055 2940 iis,
3093 2877 3181 2945 qui
3215 2877 3427 2930 subtili-

1903 2963 2013 3010 tate
2071 2966 2194 3012 sunt
2221 2959 2431 3022 itnbuti,
2477 2969 2813 3031 arentemque
2839 2965 3058 3018 canonis
3099 2965 3366 3032 attingunt
3407 2980 3423 3019 :

268 3057 559 3120 κανονικῆς
609 3055 812 3113 ἐννοίας
854 3055 1194 3120 θιγγάνουσιν
1214 3070 1227 3083 ·
1271 3052 1398 3104 αὐτὸ
1430 3052 1483 3103 δὲ
1509 3051 1664 3102 τοῦτο
1692 3053 1800 3111 τοῖς
1831 3079 1870 3134 C

1799 3070 1800 3073 η
1831 3079 1870 3134 C
1906 3057 2085 3094 verum
2137 3043 2237 3096 hoc
2272 3045 2323 3096 in
2373 3048 2711 3114 pontiﬁcibus
2748 3049 3110 3128 reprehendit,
3133 3052 3271 3117 quod
3304 3065 3422 3102 cunt

269 3143 616 3212 ἀρχιερεῦσιν
648 3142 893 3210 ἐπιτιμᾷ,
925 3143 975 3192 τί
1004 3141 1066 3209 δή
1093 3156 1217 3192 ποτε
1242 3139 1329 3190 τὸν
1361 3139 1552 3190 κανόνα
1582 3137 1800 3198 είδότες,

269 3231 453 3283 καὶτὰ
495 3234 706 3300 ῥήματα
751 3231 938 3282 τούτου
977 3227 1440 3298 ὲξακριὸούμενοι,
1470 3227 1565 3292 τὴν
1599 3224 1802 3276 ἑαυτῶν

271 3319 576 3388 συνείδησιν
619 3318 916 3384 ἀνευλόγως
978 3318 1274 3383 ὲπάτησαν,
1319 3319 1410 3368 καὶ
1454 3313 1544 3365 τοῦ
1584 3313 1802 3373 κανόνος

261 3408 814 3476 παραρριπτουμένου
847 3406 1138 3474 ἠνείχοντο,
1167 3406 1258 3455 καὶ
1299 3404 1394 3470 τὴν
1427 3402 1677 3469 ὑφεδρίαν
1710 3399 1800 3450 ἐπὶ

261 3496 376 3547 τῶν
429 3497 553 3564 πρὶν
608 3495 1030 3563 χαρτοφυλάκων
1081 3491 1407 3561 ὴσπάζοντοο
1471 3490 1562 3542 καὶ
1614 3487 1802 3556 μισθὸν

261 3582 475 3644 τούτοις
501 3585 595 3650 τῆς
630 3584 736 3634 τῶν
769 3582 924 3650 ίερῶν
966 3581 1199 3632 κανόνων
1239 3577 1673 3646 περιφρονήσεως
1703 3576 1801 3644 τὴν

262 3673 366 3724 επὶ
425 3671 520 3733 τὰς
580 3671 841 3738 λαχούσας
905 3668 1096 3727 αὐτοὺς
1156 3666 1468 3734 Ἐκκλησίας
1523 3665 1798 3727 ἀπέλασιν,

263 3758 471 3822 δίδωσι,
511 3757 693 3808 κανόνι
731 3755 1010 3824 στοιχοῦσα
1037 3751 1311 3806 κάνταῦθα
1352 3751 1798 3820 ὲκκλησιαστικῷ,

261 3850 366 3900 καὶ
419 3852 526 3907 τοῖς
597 3848 1010 3915 περιφρονηταῖς
1069 3843 1173 3894 τῶν
1248 3843 1500 3903 κανόνων,
1562 3841 1799 3900 ἐκείνους

264 3936 465 3995 αὐτοὺς
529 3935 650 3996 τοὺς
707 3934 880 4002 ἱεροὺς
943 3931 1166 3992 κανόνας
1228 3931 1306 3991 είς
1365 3929 1570 3996 ἄμυναν
1621 3928 1802 3990 ἀντεξ-

259 4025 492 4090 ἀγουσα.
534 4041 552 4074 r

338 4120 444 4170 Καὶ
490 4132 607 4170 επει
650 4117 782 4186 μετὰ
821 4116 916 4184 τὴν
964 4120 1146 4167 τούτου
1195 4111 1521 4184 προκομιδὴν
1572 4108 1640 4160 τὰ
1697 4106 1803 4159 ἀπὸ

264 4209 488 4276 μακρᾶς
552 4206 832 4275 συνηθείας
872 4205 1234 4272 κραθήσαντα,
1267 4202 1359 4254 καὶ
1392 4200 1475 4251 διὰ
1529 4194 1800 4266 βασιλικοῦ

261 4294 684 4365 προστάγματος
732 4293 979 4360 γεγόνασι
1033 4290 1406 4358 κραταιότερα,
1468 4285 1801 4353 προκάθηται

1905 3144 2163 3182 canonem
2200 3144 2439 3196 nossent,
2472 3134 2696 3203 ejusque
2742 3138 2903 3189 verba
2949 3146 3293 3204 peraccurate
3354 3150 3430 3192 te-

1905 3229 2113 3283 nerent,
2177 3235 2328 3274 suam
2391 3223 2626 3290 ipsorum
2667 3225 3051 3280 conscientiam
3103 3237 3294 3296 praeter
3345 3243 3430 3280 ra-

1906 3307 2100 3359 tionem
2138 3310 2537 3372 conculcarint,
2568 3323 2618 3366 et
2650 3315 2796 3380 rejici
2833 3329 3086 3368 eanonem
3123 3318 3265 3385 passi
3301 3319 3426 3379 sint,

1904 3408 1966 3446 ac
1998 3395 2301 3449 inferiorem
2334 3403 2627 3453 sessionem
2666 3401 2766 3454 sub
2816 3407 3084 3456 memoria:
3137 3408 3429 3473 superioris

1905 3483 2244 3538 chartulariis
2277 3487 2501 3553 amplexi
2535 3488 2750 3541 fuerint.
2790 3490 3018 3558 ideoque
3041 3507 3134 3559 pro
3157 3509 3430 3546 sacrorum

1903 3585 2165 3624 canonum
2224 3582 2495 3640 contentu,
2523 3577 2814 3631 mercedem
2885 3579 3018 3632 hanc
3048 3584 3125 3634 eis
3157 3581 3430 3652 [maiestas

1905 3658 2048 3730 mea]
2080 3662 2285 3725 tribuit,
2321 3676 2380 3716 ut
2406 3680 2531 3718 suas
2561 3668 2626 3720 ad
2663 3667 2935 3723 Ecclesias
2977 3672 3294 3739 alligantur;
3342 3690 3420 3728 ec:-

1902 3751 2188 3804 clesiastici
2249 3755 2470 3808 canonis
2514 3757 2676 3810 etiam
2715 3757 2815 3810 bac
2867 3761 2921 3812 in
2983 3771 3131 3827 parte
3188 3766 3426 3832 vestigiis

1904 3841 2178 3906 insistens,
2229 3853 2281 3895 et
2353 3846 2608 3901 adversus
2677 3862 2941 3900 canonum
3017 3859 3427 3918 contemptores,

1906 3927 2050 3994 ipsos
2108 3943 2338 3984 canones
2399 3947 2579 3986 sacros
2606 3935 2655 3986 in
2701 3935 2999 3989 subsidium
3048 3939 3367 4004 producens.
3407 3961 3424 3992 ι

1973 4109 2038 4162 Ει
2087 4110 2337 4177 quoniam
2401 4111 2502 4166 hoc
2565 4111 2900 4181 promulgata
2965 4128 3059 4179 ea,
3108 4132 3225 4183 quae
3275 4117 3431 4185 longa

1907 4198 2302 4252 consuetudine
2342 4199 2700 4260 invaluerant,
2741 4216 2835 4269 per
2875 4203 3043 4270 ipsius
3085 4206 3241 4256 etiam
3287 4206 3432 4272 priu-

1908 4284 2045 4351 cipis
2089 4285 2323 4338 edictum
2370 4287 2538 4354 magis
2585 4288 2819 4341 stabilita
2868 4289 3082 4345 luerunt
3113 4308 3124 4343 :
3157 4291 3430 4344 chartula-

266 4362 433 4451 μέχρι
487 4381 579 4434 τοῦ
619 4381 711 4433 νῦν
750 4381 944 4441 παντὸς
992 4376 1482 4446 ἀρχιερατεύοντος,
1520 4373 1620 4424 κᾶν
1667 4371 1801 4439 τύχῃ
1826 4362 1879 4420 1)

1826 4362 1879 4420 1)
1911 4377 2020 4427 rius
2075 4374 2128 4426 in
2179 4376 2321 4427 hunc
2363 4389 2532 4438 usque
2585 4376 2724 4431 diem
2778 4377 2924 4431 sedet
2975 4385 3096 4432 ante
3145 4381 3433 4447 quemlibet

257 4471 452 4522 τοῦτον
501 4472 594 4522 καὶ
645 4468 916 4536 βασιλικὸν
968 4467 1109 4534 ἔχειν
1161 4463 1389 4530 ἀξίωμα,
1429 4458 1722 4526 ύπερτίμου
1766 4457 1797 4523 ἢ

261 4559 747 4629 ’πρωτοσυγκέλλου
776 4558 954 4623 τυχόν.
993 4558 1098 4608 Καὶ
1130 4553 1250 4604 τότε
1291 4553 1384 4621 μὲν
1410 4551 1547 4602 οὕτω
1593 4549 1798 4600 διευλυο

261 4648 414 4714 τὼθη
440 4648 498 4697 τὸ
527 4647 686 4713 δῆθεν
727 4646 1040 4713 ἀμφίϐολον.
1085 4642 1220 4710 Ἐγὼ
1256 4641 1310 4693 δὲ
1333 4640 1408 4708 τῷ
1437 4636 1693 4709 βασιλικῷ
1720 4637 1798 4687 δι-

261 4733 485 4804 ορισμῷ
521 4733 660 4804 κατὰ
682 4727 738 4783 1";
770 4729 1146 4798 νενομισμένον
1177 4727 1498 4787 ἀκολουθῶν,
1533 4727 1596 4792 τῇ
1632 4739 1796 4774 κατα-

262 4823 608 4892 σκευαξούσῃ
631 4821 819 4888 γνώμῃ
848 4820 946 4886 τὴν
977 4817 1262 4885 προεδρίαν
1282 4816 1374 4866 τοῦ
1399 4811 1802 4883 χαρτοφύλακος

257 4912 349 4965 διὰ
383 4910 545 4978 μόνην
591 4909 685 4974 τὴν
723 4908 962 4975 ἄγραφον
999 4903 1337 4972 μακροτάτην
1379 4900 1679 4969 συνήθειαν,
1705 4898 1803 4964 τὴν

257 5004 384 5056 ἀντὶ
457 4980 663 5067 νόμου.
700 4998 1273 5068 παραλαμϐανομένην,
1333 4995 1406 5056 ὡς
1480 4993 1799 5058 γέγραπται,

262 5094 325 5144 οὐ
386 5087 761 5155 προστίθεμαι.
813 5083 939 5137 Οἶδα
978 5084 1083 5150 γὰρ
1135 5084 1253 5134 τότε
1292 5082 1388 5150 τὴν
1428 5079 1637 5148 μακρὰν
1676 5092 1799 5126 συν-

263 5179 455 5248 ήθειαν
486 5176 604 5227 ἀντὶ
656 5176 817 5242 νόμου
870 5176 1106 5242 κρατεῖν,
1150 5171 1558 5240 δοκιμασθεῖσαν
1591 5166 1800 5224 πάντως

261 5265 616 5328 δικαστικῶς,
663 5265 748 5315 ὅτε
798 5262 948 5330 νόμοι
1006 5262 1098 5314 καὶ
1140 5262 1357 5322 κανόνες
1388 5260 1473 5311 διὰ
1501 5256 1698 5323 ταύτης
1741 5251 1798 5303 ού

260 5356 651 5427 παραλύονται.
685 5353 842 5419 Λέγω
861 5352 914 5404 δὲ
942 5351 1037 5420 τὴν
1064 5351 1378 5419 προεδρείαν
1401 5349 1540 5416 ἔχειν
1556 5347 1644 5398 τὸν
1670 5358 1800 5411 χαρ-

1909 4463 2237 4531 pontiﬁcem,
2269 4463 2395 4516 licet
2431 4463 2742 4530 dignitatem
2787 4465 2980 4518 habeat
3022 4468 3088 4520 ab
3125 4467 3240 4535 ipso
3286 4470 3434 4536 prin-

1908 4550 2024 4616 cipe
2062 4562 2395 4609 concessam,
2441 4557 2498 4601 ut
2557 4551 2860 4620 bypertinti,
2907 4552 2990 4604 vel
3036 4558 3432 4623 protosyncelli.

1908 4637 1983 4690 Ac
2023 4645 2151 4690 tunc
2183 4638 2396 4705 quidem
2447 4640 2752 4707 ambiguum
2788 4641 2888 4694 hoc
2932 4641 3000 4694 ita
3034 4644 3266 4696 solutum
3313 4645 3431 4700 fuit.

1903 4728 2012 4797 Ego
2057 4742 2185 4780 vero
2234 4737 2374 4780 srcut
2412 4727 2750 4793 imperatoris
2783 4730 3067 4794 sanctioni,
3107 4740 3265 4799 prout
3305 4733 3430 4801 legi-

1905 4817 2005 4870 bus
2054 4824 2324 4882 reeeptum
2382 4824 2502 4877 est,
2559 4817 2825 4868 assentior
2876 4834 2891 4869 :
2941 4818 3014 4871 ita
3067 4822 3426 4886 sententiam,

1905 4898 2235 4952 chartulario
2282 4899 2509 4965 primam
2565 4901 2858 4953 sessionem
2912 4912 3281 4964 astruentctn,
3334 4921 3429 4973 per

1905 4987 2072 5040 solam
2107 5000 2211 5038 non
2251 4985 2503 5052 scriptam
2538 4987 2828 5053 longissimi
2859 4991 3109 5057 temporis
3137 5003 3429 5049 consuetu-

1907 5075 2103 5135 dinem,
2134 5088 2250 5140 qua:
2286 5074 2416 5141 legis
2448 5074 2524 5140 (ut
2561 5083 2713 5126 antea
2749 5077 3083 5146 scripsimus)
3125 5079 3241 5133 loco
3283 5081 3434 5134 duci-

1908 5172 1992 5213 tur
2037 5161 2166 5228 (63),
2199 5162 2416 5214 minime
2455 5162 2639 5228 probo.
2675 5162 2879 5231 Quippe
2917 5173 3044 5220 tunc
3078 5168 3189 5220 scio
3227 5168 3433 5222 diutur-

1911 5266 2031 5304 num
2063 5250 2506 5303 consuetudinem
2541 5266 2633 5318 pro
2661 5253 2771 5319 lege
2793 5253 2986 5317 valere,
3015 5258 3234 5310 omnino
3258 5267 3434 5309 tamen

1909 5339 1960 5390 in
1982 5338 2185 5404 judicio
2214 5337 2364 5400 prius
2395 5337 2774 5404 examinatam,
2801 5352 2920 5392 cum
2952 5340 3093 5411 leges
3120 5351 3169 5395 ct
3203 5357 3433 5398 canones

1733 5511 1956 5567 NOTA'J.

333 5617 444 5684 (6'5)
479 5616 600 5669 [δῦ
640 5616 698 5668 D.
739 5614 973 5681 Delegib.
1028 5621 1079 5667 et
1107 5615 1143 5666 l.
1174 5614 1224 5667 5.
1257 5614 1294 5667 C
1353 5614 1479 5676 Quir
1531 5613 1595 5663 sit
1651 5611 1787 5670 long.
1831 5614 2049 5659 consuct.
