4110 6474
277 360 411 426 3045

1699 370 2099 431 MEDITATA.

3290 364 3423 428 ιοω

270 506 357 544 σιν
381 490 752 559 ὲπικριθεῖσαν
785 497 871 542 και
919 483 1278 552 βεσαωθεῖσαν
1320 485 1513 547 καλῶς.
1559 483 1708 537 Ἐπεὶ
1739 480 1793 532 δὲ
1821 482 1869 540 Α

1790 482 1869 540 ιΑ
1899 477 2127 532 bilitum.
2184 475 2316 540 Quia
2364 490 2486 532 vero
2534 491 2674 530 nunc
2721 477 2973 545 majestas
3025 493 3139 532 mea
3209 478 3413 543 didicit,

275 582 367 635 νῦν
403 583 435 650 ἡ
466 580 704 650 βασιλεία
736 595 834 648 μου
868 578 1047 646 μάθοι,
1077 579 1154 640 ὥς
1185 592 1328 638 τινες
1359 575 1464 626 τῶν
1505 570 1798 641 ἀρχιερέων

274 669 828 737 αντιφιλοτιμούμενοι
854 667 1142 735 πειρῶνται
1171 667 1231 717 τὸ
1261 663 1351 716 τοῦ
1395 659 1794 731 χαρτοφύλακος

274 756 602 809 ὕποσισάσαι
625 755 931 823 προνόμιον,
961 753 1052 805 καὶ
1083 756 1310 814 κανόνας
1339 752 1416 812 είς
1460 749 1619 818 μέσον
1662 764 1795 816 προ-

275 847 555 913 φέροντες,
602 845 685 896 διὰ
709 843 906 895 τούτων
941 840 1294 909 φιλονεικοῦσι
1327 838 1402 908 μὴ
1431 835 1797 907 προκαθῆσθαι

273 935 435 985 αὑτὸν
459 933 565 984 τῶν
597 933 910 1001 ἀρχιερέων,
940 931 1173 1000 ὁπηνίκα
1199 930 1304 981 δέοι
1345 928 1564 990 τούτους
1617 925 1801 992 συνέρ-

272 1019 461 1088 χεσθαι
489 1021 626 1072 κατά
640 1037 760 1072 τινα
773 1018 977 1088 χρείαν,
1003 1019 1093 1071 καὶ
1122 1015 1480 1086 συνεδριάζειν
1508 1014 1644 1066 κατὰ
1674 1030 1801 1064 ταυ-

271 1111 384 1170 τὸν,
428 1109 528 1177 πρὸ
557 1110 652 1176 τῆς
707 1109 786 1169 εις
816 1109 915 1176 τὴν
968 1107 1270 1174 ἁγιωσύνην
1304 1122 1394 1158 σου
1435 1102 1799 1165 είσελεύσεως,

270 1197 371 1248 ούκ
409 1198 700 1266 ἀνασχετὸν
745 1201 810 1267 τῇ
846 1197 1086 1267 βασιλείᾳ
1129 1214 1228 1265 μου
1261 1195 1426 1257 ἔδοξε,
1464 1195 1691 1263 πρᾶγμα
1718 1191 1803 1243 διὰ

272 1285 527 1336 τοσούτου
550 1286 740 1354 χρόνου
771 1287 1104 1354 βασανισθὲν,
1136 1285 1225 1338 καὶ
1249 1286 1357 1346 τοῖς
1389 1285 1516 1352 πρὶν
1540 1282 1801 1352 πατριάρο

271 1390 396 1441 χαις
456 1374 550 1424 καὶ
603 1374 714 1435 τοῖς
769 1373 944 1435 ἄλλοις
1002 1371 1364 1442 ἀρχιερεῦσιν,
1420 1371 1551 1422 ἀλλὰ
1596 1369 1660 1437 δὴ
1713 1369 1802 1420 καὶ

271 1464 454 1523 αὐτοῖς
490 1465 600 1525 τοῖς
631 1462 724 1515 νῦν
753 1464 852 1515 οὐκ
897 1463 980 1514 ἔπ’
1012 1461 1213 1529 εὐλόγῳ
1250 1460 1484 1530 ἐρίζουσι
1521 1459 1804 1526 πράγματι

271 1550 359 1603 διὰ
408 1550 506 1618 τῆς
557 1551 892 1620 πολυημέρου
933 1550 1116 1618 δεχθὲν
1146 1549 1374 1612 σιωπῆς,
1408 1547 1544 1600 κατά
1570 1546 1630 1598 τὸ
1669 1562 1803 1614 παρ-

277 1639 432 1691 έλκον
454 1639 796 1708 ἀθετηθῆναι,
833 1641 924 1693 καὶ
953 1641 1026 1703 ὣς
1049 1657 1099 1692 τι
1129 1640 1235 1692 τῶν
1261 1637 1612 1708 ἠμελημένων
1640 1653 1804 1705 παρα⁹

273 1727 525 1796 σδρῆναι.
580 1728 770 1780 Τοίνυν
804 1734 896 1780 καὶ
937 1728 1224 1797 διορίζεται
1265 1729 1544 1796 πράγματι
1587 1725 1802 1790 εὔλογον

275 1817 366 1868 καὶ
401 1817 539 1869 πάνυ
569 1818 773 1869 δίκαιον
818 1817 991 1871 τοῦτο.
1054 1818 1114 1868 El
1156 1817 1252 1884 μὲν
1286 1816 1391 1884 γάρ
1445 1815 1678 1884 αἱροῖντο
1714 1812 1806 1864 καὶ

275 1905 436 1957 πάλιν
464 1906 514 1960 οῖ
542 1907 812 1973 ἀρχιερεῖς
856 1906 931 1974 μὴ
964 1906 1130 1957 κινεῖν
1181 1903 1248 1957 τὰ
1284 1903 1532 1970 ἀκίνητα,
1571 1901 1702 1969 μηδὲ
1737 1901 1804 1952 τὰ

274 1996 389 2055 τοῖς
429 1994 556 2063 πρὶν
595 1992 883 2062 δεδογμένα
912 1993 1179 2062 Πατράσιν
1200 2033 1214 2056 ,
1245 1991 1377 2044 ἀλλὰ
1406 1992 1467 2058 δὴ
1498 1990 1591 2043 καὶ
1622 1989 1804 2048 αὐτοῖς

274 2083 360 2134 διὰ
393 2082 490 2150 τῆς
544 2085 754 2150 μακρᾶς
794 2082 1114 2146 συνδόξαντα
1165 2080 1392 2149 σιωπῆς,
1441 2079 1534 2131 καὶ
1577 2079 1673 2146 τῆς
1702 2077 1805 2138 ῐως

272 2172 368 2224 τοῦ
391 2171 483 2224 νῦν
509 2173 719 2241 ἀνοχῆς.
749 2174 810 2224 ὲκ
837 2173 1193 2240 πειλιμὸολίας
1221 2170 1404 2238 ὥσπερ
1433 2168 1803 2230 άναπαλαίειν,

274 2257 335 2312 εὖ
362 2258 424 2310 ἂν
453 2258 584 2326 ἔχοι,
633 2261 720 2310 καὶ
766 2259 942 2326 χάρις,
970 2261 1049 2311 ὅτι
1078 2258 1134 2311 τὺ
1167 2259 1396 2326 μάχιμον
1431 2257 1803 2324 καταθέμενοι,

276 2344 337 2395 τὸ
369 2345 638 2412 εἰρηναῖον
660 2347 1136 2414 προτετιμήκασιν.
1185 2347 1246 2397 Εί
1284 2345 1336 2396 δὲ
1365 2345 1458 2396 καὶ
1491 2345 1568 2395 ἔτι
1607 2343 1807 2395 τούτων

273 2436 418 2499 τινὶς
463 2436 569 2488 τῶν
623 2435 714 2488 τοῦ
773 2437 988 2497 κανόνος
1041 2437 1294 2505 ῥημάτων
1357 2435 1805 2502 ἀντιποιούμενοι,

277 2525 398 2595 (τῆς
425 2525 532 2595 γὰρ
570 2526 771 2586 ἑννοίας
801 2526 983 2596 τιόρρω
1028 2524 1465 2594 ἀποδιεστήκασι)
1513 2523 1803 2590 πειρῶνται

273 2614 337 2666 τὸ
384 2615 576 2666 οίκεῖον
599 2617 857 2682 συστῆσαι
889 2613 1115 2682 θέλημα,
1154 2614 1245 2665 καὶ
1271 2613 1362 2663 ἐπὶ
1405 2612 1464 2663 τὸ
1496 2615 1723 2665 ἄτακτον
1743 2613 1804 2662 ού

275 2703 452 2763 καλῶς
519 2703 612 2770 τὴν
668 2702 817 2764 τάξιν
884 2700 1350 2769 μεταϐιϐάζουσιν,
1408 2701 1470 2768 ἐᾷ
1507 2699 1602 2766 μὲν
1635 2699 1726 2750 νῦν
1775 2699 1807 2766 ἡ

279 2792 522 2860 βασιλεία
543 2809 639 2860 μου
674 2793 769 2854 τὴν
799 2791 888 2843 τοῦ
917 2791 1135 2849 κανόνος
1161 2789 1489 2858 ἑρμηνεῦσαι
1520 2789 1611 2839 καὶ
1638 2803 1807 2854 σαφη-

275 2881 421 2932 νίσαι
448 2881 607 2949 ὑφὴν,
638 2881 839 2950 ῥᾴστην
872 2879 1032 2932 οὖσαν
1056 2879 1459 2947 καταληφθῆναι
1483 2877 1571 2930 καὶ
1595 2877 1812 2942 διαγνω-

278 2970 472 3036 σθῆναι
539 2969 716 3030 καλῶς
775 2971 886 3030 τοῖς
920 2970 1212 3036 βάπτουσιν
1261 2969 1336 3028 είς
1368 2966 1668 3034 ἀκρίϐειαν,
1719 2966 1809 3018 καὶ

277 3057 566 3121 κανονικῆς
616 3055 820 3114 ἑννοίας
862 3054 1201 3121 θιγγάνουσιν
1222 3069 1234 3083 ο
1279 3052 1405 3104 αὐτὸ
1438 3051 1491 3103 δὲ
1517 3051 1671 3102 τοῦτο
1700 3053 1808 3110 τοῖς
1839 3078 1878 3133 c

279 3144 623 3212 ἀρχιερεῦσιν
656 3142 900 3211 ἐπιτιμᾷ,
932 3143 983 3192 τί
1012 3141 1073 3209 δή
1101 3156 1224 3191 ποτε
1250 3139 1337 3190 τδν
1369 3139 1561 3190 κανόνα
1589 3137 1808 3199 ειδότες,

280 3232 460 3284 καὶτὰ
503 3235 714 3300 ῥήματα
759 3231 945 3283 τούτου
985 3227 1448 3298 ὲξακριϐούμενοι,
1478 3227 1574 3293 τὴν
1607 3224 1810 3276 ἑαυτῶν

281 3320 584 3389 συνείδησιν
627 3318 923 3385 άνευλόγως
985 3318 1282 3384 ὲπάτησαν,
1327 3319 1418 3368 καὶ
1462 3313 1552 3364 τοῦ
1592 3313 1810 3372 κανόνος

272 3409 821 3477 παραρριπτουμένου
854 3406 1146 3474 ἠνείχοντο,
1175 3407 1266 3455 καὶ
1307 3404 1402 3471 τὴν
1435 3402 1685 3469 ὑφεδρίαν
1718 3399 1809 3450 ἐπὶ

272 3497 383 3548 τῶν
435 3497 561 3565 πρὶν
616 3495 1038 3564 χαρτοφυλάκων
1089 3492 1415 3561 ἠσπάζοντοο
1480 3490 1570 3541 καὶ
1623 3487 1810 3555 μισθὸν

273 3583 483 3645 τούτοις
509 3585 603 3651 τῆς
638 3584 744 3634 τῶν
778 3582 933 3650 ίερῶν
975 3581 1207 3632 κανόνων
1247 3577 1682 3646 περιφρονήσεως
1711 3575 1809 3643 τὴν

275 3673 372 3724 επὶ
433 3671 528 3733 τὰς
588 3672 849 3739 λαχούσας
913 3669 1104 3727 αὐτοὺς
1165 3665 1476 3733 Ἐκκλησίας
1531 3664 1806 3725 ἀπέλασιν,

275 3759 479 3822 δίδωσι,
519 3758 702 3809 κανόνι
739 3755 1018 3823 στοιχοῦσα
1046 3750 1319 3806 κάνταῦθα
1360 3748 1806 3818 ὲκκλησιαστικῷ,

273 3850 373 3900 καὶ
428 3853 534 3906 τοῖς
605 3847 1019 3914 περιφρονηταίς
1077 3842 1182 3893 τῶν
1256 3841 1508 3902 κανόνων,
1570 3839 1807 3899 ἐκείνους

276 3936 473 3995 αὐτοὺς
538 3935 658 3995 τοὺς
715 3933 888 4002 ἱεροὺς
951 3930 1174 3992 κανόνας
1236 3931 1315 3990 είς
1373 3927 1578 3996 ἄμυναν
1629 3926 1810 3989 ἀντεξ-

272 4024 500 4091 άγουσα.
543 4040 561 4073 ι

345 4120 453 4171 Καὶ
498 4132 616 4170 erret
659 4117 792 4186 μετὰ
829 4115 924 4184 τὴν
973 4119 1155 4167 τούτου
1203 4111 1530 4184 προκομιδὴν
1581 4107 1648 4160 τὰ
1706 4105 1811 4158 ἀπὸ

278 4209 496 4276 μακρᾶς
561 4207 841 4276 συνηθείας
881 4205 1242 4273 κραθήσαντα,
1277 4202 1368 4254 καὶ
1400 4200 1484 4251 διὰ
1538 4193 1809 4266 βασιλικοῦ

275 4295 694 4366 προσ-τάγματος
742 4294 988 4361 γεγόνασι
1043 4290 1414 4359 κραταιότερα,
1478 4284 1809 4352 προκάθηται

1900 566 2160 634 quosdam
2191 566 2470 634 pontiﬁces
2502 566 2793 622 ambitione
2854 575 3084 636 quadam
3136 567 3418 638 impulsos,

1900 653 2218 708 chartularii
2277 654 2588 722 dignitatem
2658 655 2960 724 deprimere
3019 655 3171 719 velle,
3224 671 3424 727 perque

1901 756 2134 796 canones
2161 741 2214 794 in
2252 743 2484 797 medium
2527 748 2815 812 productos
2837 744 3182 809 contendere,
3205 761 3313 800 non
3348 747 3424 800 illi

1903 831 2196 884 sessionem
2259 846 2421 900 supra
2500 832 2776 902 pontiﬁces
2842 841 3163 900 competere,
3219 834 3428 902 quoties

1901 920 1981 971 eis
2026 919 2255 986 alicujus
2289 920 2486 988 negotii
2536 935 2698 975 causa
2741 922 3167 976 conveniendum
3219 923 3309 984 sit,
3373 930 3427 978 et

1904 1023 2008 1062 una
2045 1009 2429 1062 considendum
2479 1010 2534 1064 in
2585 1019 2798 1075 senatu,
2853 1018 2976 1064 ante
3031 1025 3310 1066 secessum
3359 1017 3425 1065 ad

1905 1095 2244 1150 sanctitatem
2300 1107 2496 1150 tuam:
2555 1098 2772 1152 minime
2836 1098 3112 1152 ferendum
3164 1098 3425 1167 majestati

1906 1197 2036 1235 meae
2079 1183 2249 1236 visum
2313 1193 2422 1248 est,
2468 1193 2635 1239 utres
2685 1193 2835 1239 tanto
2873 1187 2983 1257 jam
3031 1195 3271 1256 tempore
3301 1201 3426 1255 pro-

1905 1271 2050 1336 bata,
2090 1279 2143 1325 et
2167 1287 2196 1325 a
2227 1273 2598 1340 superioribus
2631 1275 2972 1343 patriarcltis,
3005 1291 3068 1330 ac
3089 1277 3428 1342 pontiﬁcibus

1904 1361 2041 1425 aliis,
2096 1369 2255 1427 atque
2292 1360 2396 1414 illis
2454 1361 2584 1428 ipsis
2624 1361 2790 1427 adeo,
2839 1363 2928 1432 qui
2980 1363 3089 1432 jam
3131 1377 3236 1418 non
3283 1365 3424 1433 justu

1904 1448 1968 1501 de
2024 1462 2186 1502 causa
2249 1449 2513 1515 rixantur,
2585 1450 2839 1506 diuturno
2895 1452 3113 1507 silentio
3170 1454 3425 1508 admissa.

1906 1546 2126 1605 urgente
2149 1538 2293 1591 nulla
2321 1539 2527 1594 ratione
2549 1540 2843 1606 aboleatur,
2866 1549 2918 1594 et
2945 1543 3096 1609 quasi
3127 1542 3425 1610 neglectum

1906 1625 2108 1692 aliquid
2140 1628 2497 1681 convellatur.
2542 1625 2880 1696 Quapropter
2926 1630 3177 1696 quiddam
3229 1630 3427 1684 rationi

1906 1714 2059 1766 valde
2082 1722 2504 1769 consentaneum
2543 1725 2595 1770 et
2626 1730 2839 1784 aequum
2873 1717 3082 1772 statuit.
3115 1719 3318 1788 Quippe
3380 1719 3426 1774 si

1908 1802 2083 1855 adhuc
2135 1803 2412 1870 pontiﬁces
2468 1807 2685 1858 immota
2753 1820 2859 1859 non
2931 1821 3146 1861 movere
3210 1809 3428 1874 vellent,

1905 1905 2002 1944 ne:
2055 1906 2173 1958 quae
2202 1892 2449 1959 placuere
2497 1893 2788 1961 superioris
2842 1896 3112 1949 memoriae
3156 1896 3425 1962 Patribus,

1905 1987 1954 2030 ct
2005 1979 2244 2046 ipsismet
2298 1981 2456 2050 longo
2476 1983 2689 2037 silentio
2723 1983 3088 2053 patientiaque
3115 1985 3178 2040 ad
3213 1987 3428 2043 bodier-

1907 2081 2031 2120 num
2062 2083 2228 2135 usque
2270 2068 2408 2122 diem
2453 2072 2797 2138 comprobata
2850 2071 3084 2136 fuerunt,
3143 2089 3208 2128 ex
3238 2075 3427 2130 incon-

1908 2156 2100 2208 stantia
2140 2157 2284 2209 velut
2342 2172 2646 2228 Oppugnare
2697 2166 2837 2214 recte
2886 2161 3158 2229 facerent,
3231 2173 3281 2218 et
3333 2165 3430 2218 ba-

1908 2243 2091 2298 bendaa
2125 2245 2258 2314 ipsis
2301 2248 2502 2316 gratiae,
2526 2250 2663 2315 quod
2687 2251 2897 2319 abjecto
2926 2253 3195 2321 pugnandi
3228 2253 3426 2317 studio,

1908 2347 2091 2400 paccm
2134 2337 2308 2403 potius
2354 2339 2576 2406 amplexi
2611 2349 2808 2394 essent.
2863 2342 2930 2393 At
2983 2357 3110 2397 vero
3139 2343 3185 2396 si
3215 2342 3427 2411 quidam

1910 2422 2084 2475 adhuc
2122 2424 2278 2476 verba
2326 2427 2548 2480 canonis
2585 2444 2927 2498 usurpantes.
2983 2431 3218 2500 (quando
3245 2446 3271 2484 a
3310 2447 3432 2486 senc

1908 2515 2072 2565 tentia
2130 2513 2284 2581 longe
2366 2518 2578 2583 absunt)
2643 2518 2914 2571 libidinem
2976 2532 3126 2573 suam
3205 2519 3429 2588 probare

1909 2604 2170 2668 nituntur,
2229 2603 2576 2673 ordinemque
2628 2606 2873 2674 nequiter
2943 2607 2997 2658 in
3062 2606 3440 2660 confusionem-

1912 2692 2266 2744 inordinatam
2301 2701 2632 2748 commutant
2661 2710 2674 2746 :
2706 2695 2929 2749 canonis
2947 2695 3159 2763 quidem
3182 2698 3434 2763 maiestas

1911 2795 2026 2832 mea
2073 2791 2380 2835 contextum
2428 2784 2771 2852 interpretari
2834 2799 2896 2837 ac
2934 2785 3211 2838 declarare
3251 2787 3432 2841 mittit.

1911 2880 2163 2936 perceptu
2216 2879 2267 2923 et
2302 2869 2574 2925 intellectu
2613 2872 2921 2927 facillimum
2975 2875 3063 2938 iis,
3100 2875 3188 2943 qui
3223 2875 3434 2928 subtili-

1911 2962 2022 3010 tate
2079 2965 2201 3011 sunt
2229 2957 2439 3022 imbuti,
2485 2967 2820 3029 mentemque
2846 2963 3066 3016 canonis
3106 2962 3373 3030 attingunt
3415 2978 3430 3016 :

1913 3056 2094 3094 verum
2145 3043 2245 3096 hoc
2279 3043 2330 3095 in
2380 3046 2718 3113 pontiﬁcibus
2756 3047 3117 3114 reprehendit,
3140 3049 3278 3115 quod
3311 3062 3429 3100 cum

1913 3144 2171 3182 canonem
2208 3143 2447 3195 nossent,
2480 3133 2703 3201 ejusque
2749 3136 2910 3188 verba
2956 3124 3300 3202 pet-accurate
3361 3147 3437 3189 te-

1913 3228 2121 3282 nerent,
2186 3234 2336 3272 suam
2399 3221 2635 3288 ipsorum
2675 3224 3058 3277 conscientiam
3110 3234 3302 3294 praeter
3353 3241 3437 3278 ra-

1914 3306 2108 3358 tionem
2146 3309 2545 3370 conculcariut,
2575 3321 2626 3364 et
2658 3313 2804 3378 rejici
2840 3327 3093 3366 canonem
3129 3315 3272 3383 passi
3307 3316 3433 3376 sint,

1913 3407 1974 3444 ac
2007 3394 2309 3448 inferiorem
2341 3400 2635 3451 sessionem
2674 3399 2774 3452 sub
2824 3405 3092 3453 memoria:
3144 3405 3436 3471 superioris

1913 3481 2252 3536 clmrtulariis
2285 3485 2508 3551 amplexi
2543 3485 2758 3538 fuerint.
2797 3487 3026 3554 Ideoque
3048 3504 3141 3557 pro
3165 3506 3436 3543 sacrorum

1911 3584 2174 3622 canonum
2232 3582 2503 3637 contentu,
2531 3573 2822 3628 mercedem
2893 3577 3026 3629 hanc
3055 3580 3132 3631 cis
3165 3577 3438 3649 [majestas

1912 3657 2056 3728 mea]
2088 3659 2294 3722 tribuit,
2329 3674 2388 3714 ut
2414 3678 2539 3716 suas
2569 3665 2633 3717 ad
2671 3663 2944 3720 Ecclesias
2984 3668 3302 3735 alligantur;
3349 3687 3428 3725 ee-

1910 3749 2197 3802 clesiastici
2257 3753 2478 3806 canonis
2523 3755 2683 3807 etiam
2723 3755 2823 3808 hac
2875 3757 2929 3808 in
2991 3769 3140 3824 parte
3196 3763 3434 3829 vestigiis

1912 3839 2186 3903 insistens,
2237 3850 2290 3893 et
2362 3844 2616 3898 adversus
2685 3859 2949 3898 canonum
3026 3855 3436 3914 ctrntcmptores,

1914 3925 2058 3992 ipsos
2117 3941 2347 3983 canones
2407 3945 2587 3984 sacros
2614 3932 2664 3984 in
2709 3933 3007 3987 subsidium
3056 3937 3374 4001 producens.
3415 3957 3432 3989 ι

1982 4107 2046 4161 Et
2095 4109 2345 4176 quoniam
2410 4109 2511 4164 hoc
2574 4109 2909 4178 promulgata
2973 4125 3067 4176 ea,
3116 4129 3234 4180 quae
3283 4115 3440 4183 longs

1915 4197 2310 4251 consuetudine
2351 4197 2708 4257 invaluerant,
2750 4214 2844 4267 per
2884 4199 3051 4267 ipsius
3093 4203 3250 4254 etiam
3295 4204 3441 4271 prin-

1917 4283 2054 4350 cipis
2097 4283 2332 4337 edictum
2378 4285 2547 4352 magis
2594 4286 2829 4338 stabilita
2877 4286 3092 4342 luerunt
3122 4305 3133 4341 :
3165 4289 3439 4342 chartula-

280 4360 443 4452 μεχρι
497 4360 589 4435 τοῦ
628 4382 719 4434 νῦν
753 4360 953 4440 παντὸς
1001 4375 1491 4446 ἀρχιερατεύοντος,
1528 4371 1628 4423 κᾶν
1675 4370 1810 4438 τύχῃ
1835 4360 1888 4419 1)

1835 4360 1888 4419 1)
1920 4376 2028 4425 rius
2084 4373 2137 4424 in
2188 4374 2330 4426 hunc
2372 4387 2540 4436 usque
2593 4374 2732 4429 diem
2787 4374 2934 4428 sedet
2984 4383 3105 4430 ante
3154 4379 3441 4444 quemlibet

272 4473 462 4523 τοῦτον
510 4472 603 4521 καὶ
654 4468 925 4535 βασιλικὸν
977 4466 1118 4532 ἔχειν
1170 4463 1398 4529 ἀξίωμα,
1438 4456 1731 4525 ῦπερτίμου
1774 4455 1806 4521 ἢ

276 4558 756 4628 πρωτοσυγκέλλου
785 4557 962 4622 τυχόν.
1002 4557 1107 4607 Καὶ
1139 4553 1259 4603 τότε
1300 4552 1393 4620 μὲν
1419 4550 1555 4602 οὕτω
1602 4547 1807 4599 διευλύ-

276 4648 423 4714 τώθη
448 4648 507 4697 τὸ
535 4646 696 4712 δῆθεν
737 4645 1050 4712 ἀμφίϐολον.
1094 4642 1230 4708 Ἐγὼ
1265 4641 1319 4693 δὲ
1343 4639 1417 4707 τῷ
1445 4636 1701 4708 βασιλικῷ
1729 4636 1807 4686 δι-

276 4733 494 4803 ορισμῷ
532 4732 670 4802 κατὰ
691 4727 747 4782 vi;
780 4729 1156 4797 νενομισμένον
1187 4725 1506 4786 ἀκολουθῶν,
1541 4726 1605 4791 τῇ
1641 4738 1804 4774 κατα-

277 4821 618 4892 σκευαζούσῃ
641 4820 829 4887 γνώμῃ
858 4819 955 4884 τὴν
986 4816 1271 4884 προεδρίαν
1292 4815 1383 4866 τοῦ
1409 4831 1473 4882 χα
1485 4810 1811 4882 ρτοφύλακος

271 4911 360 4963 διὰ
393 4910 555 4978 μόνην
601 4909 695 4974 τὴν
732 4908 971 4974 ἄγραφον
1009 4903 1347 4972 μακροτάτην
1389 4900 1688 4968 συνήθειαν,
1715 4897 1812 4963 τὴν

271 5003 394 5054 ἀντὶ
466 4980 672 5066 νόμου.
709 4997 1283 5067 παραλαμϐανομένην,
1343 4995 1415 5054 ὡς
1490 4991 1808 5057 γέγραπται,

277 5093 337 5142 οὑ
396 5087 771 5155 προστίθεμαι.
823 5082 949 5136 Οἶδα
988 5084 1092 5149 γὰρ
1145 5083 1262 5133 τότε
1302 5081 1398 5149 τὴν
1437 5077 1646 5146 μακρὰν
1685 5091 1809 5125 συν-

277 5179 466 5247 ήοειαν
496 5176 614 5227 ἀντὶ
666 5175 827 5242 νόμου
880 5175 1116 5241 κρατεῖν,
1159 5169 1568 5239 δοκιμασθεῖσαν
1601 5165 1810 5223 πάντως

277 5265 626 5326 δικαστικῶς,
673 5265 758 5315 ὅτε
808 5262 958 5329 νόμοι
1016 5261 1109 5313 καὶ
1151 5261 1367 5320 κανόνες
1399 5259 1483 5309 διὰ
1511 5255 1708 5321 ταύτης
1750 5251 1808 5302 ού

275 5356 661 5426 παραλύονται.
695 5353 852 5418 Λέγω
872 5352 924 5403 δὲ
952 5351 1047 5420 τὴν
1074 5349 1388 5418 προεδρείαν
1411 5349 1550 5414 ἔχειν
1566 5345 1654 5396 τὸν
1679 5357 1810 5410 χαρ-

1918 4461 2246 4530 pontiﬁcem,
2278 4461 2403 4514 licet
2440 4461 2750 4528 dignitatem
2797 4462 2990 4516 habeat
3032 4465 3098 4517 ab
3134 4465 3249 4531 ipso
3296 4467 3443 4532 prin-

1917 4548 2032 4614 cipe
2071 4561 2404 4607 concessam,
2449 4555 2508 4599 ut
2567 4549 2869 4618 liypertimi,
2917 4550 3000 4602 vel
3046 4555 3441 4620 promsyncelli.

1915 4635 1992 4689 Ac
2033 4643 2159 4688 tunc
2192 4635 2405 4703 quidem
2455 4638 2761 4704 ambiguum
2798 4639 2898 4691 hoc
2942 4639 3010 4691 ita
3043 4641 3276 4694 solutum
3322 4642 3440 4696 fuit.

1912 4727 2021 4796 Ego
2067 4740 2194 4779 vero
2243 4734 2383 4778 sicut
2423 4725 2758 4791 imperatoris
2793 4728 3077 4790 sanctioni,
3116 4737 3274 4796 prout
3314 4730 3440 4797 legi-

1913 4816 2014 4868 bus
2063 4822 2333 4880 rcceptum
2391 4822 2511 4875 est,
2568 4815 2835 4866 assentior
2886 4831 2900 4867 :
2950 4815 3024 4868 ita
3077 4820 3436 4883 sententiam,

1914 4897 2244 4951 chartulario
2290 4897 2518 4963 primam
2574 4899 2869 4950 sessionem
2923 4910 3291 4962 astrucutcm,
3344 4919 3438 4971 per

1914 4986 2080 5039 solam
2116 4998 2220 5037 non
2260 4983 2512 5050 scriptam
2547 4984 2838 5051 longissimi
2869 4988 3118 5055 temporis
3147 5001 3438 5046 consuetu-

1917 5073 2112 5134 dinem,
2143 5087 2259 5138 qua:
2295 5072 2426 5139 legis
2458 5072 2534 5138 (ut
2571 5082 2724 5124 antea
2760 5074 3093 5144 scripsimus)
3134 5076 3252 5130 loco
3294 5079 3442 5130 duci-

1917 5170 2001 5212 tur
2046 5159 2174 5227 (63),
2209 5160 2425 5212 minime
2465 5160 2649 5226 probo.
2685 5160 2889 5228 Quippe
2928 5171 3055 5216 tunc
3088 5166 3199 5217 scio
3238 5165 3442 5219 diutur-

1920 5265 2040 5302 nam
2072 5249 2516 5302 consuetudinem
2551 5264 2643 5316 pro
2671 5250 2782 5316 lege
2803 5250 2997 5313 valere,
3025 5255 3244 5307 omnino
3269 5264 3442 5306 tamen

1919 5339 1970 5390 in
1992 5337 2194 5403 judicio
2223 5335 2373 5399 prius
2404 5335 2785 5400 examinatam,
2811 5350 2929 5388 cum
2962 5337 3104 5408 leges
3131 5348 3180 5392 ct
3213 5353 3442 5394 canones

1742 5510 1966 5565 ΝΟΤΑΖ.

345 5617 455 5684 (63)
491 5616 611 5669 [ὃὸ
651 5615 708 5668 D.
748 5614 820 5667 De
840 5614 984 5680 legib.
1039 5621 1090 5667 et
1117 5614 1154 5666 l.
1185 5613 1234 5667 5.
1267 5613 1305 5666 C
1363 5613 1489 5675 Qum
1542 5611 1605 5661 sit
1661 5609 1798 5668 long.
1842 5613 2059 5657 consuct.
