4110 6476
712 343 845 412 1047

1915 353 2194 418 THEOD.
2233 355 2628 416 BALSAMON
2634 355 2706 415 IS

3720 346 3850 414 1M8

716 485 809 541 per
824 485 936 524 eam
953 487 1060 526 non
1077 472 1444 526 debilitantur.
1458 472 1621 540 igitur
1638 472 2126 536 aio,chartularium
2145 471 2239 522 ha-
2269 475 2308 528 Α
2335 489 2339 501 ·

2218 497 2239 510 -
2269 475 2308 528 Α
2335 468 2627 537 τοφύλακα,
2661 470 2798 524 κατὰ
2829 470 2925 538 τὴν
2953 471 3057 520 τῶν
3083 467 3238 520 θείων
3274 468 3511 520 διακόνων
3547 464 3841 535 περίληψιν,

714 563 842 619 bere
857 561 1080 629 primam
1100 562 1387 615 sessionem
1412 561 1568 614 etiam
1584 561 1868 614 secundum
1890 560 1938 612 id
1965 559 2124 626 ,quod
2153 573 2238 610 sa-

718 652 826 704 cris
841 651 1140 703 canonibus
1152 650 1454 702 continetur
1475 666 1489 701 :
1512 649 1652 716 quod
1674 663 1804 702 sane
1819 663 1968 702 sacra
1987 646 2241 716 principis

717 737 1125 804 circumspcctio
1137 744 1266 788 tunc
1283 743 1471 804 sponte
1495 735 1723 790 reticuit.
1742 732 1872 788 Nam
1894 735 2018 788 licet
2037 734 2240 790 indica-

717 832 809 876 tus
829 823 914 875 ille
931 821 1126 875 Niceni
1149 823 1302 888 primi
1317 822 1530 875 concilii
1549 835 1719 876 canon
1739 822 1948 884 statuit,
1961 821 2239 878 diaconum

718 926 816 965 nec
835 911 1164 978 participare,
1189 925 1285 964 nee
1302 909 1487 965 sedere
1504 919 1627 964 ante
1637 910 1959 973 sacerdotes,
1983 909 2240 976 septimus

718 1009 896 1054 tamen
915 1015 1083 1056 canon
1110 1008 1308 1053 sanctae
1333 1013 1395 1053 ac
1433 999 1749 1055 universalis
1766 997 2122 1067 sextzsynodi
2148 997 2239 1064 ju-

718 1091 828 1152 bet,
859 1099 912 1142 ut
937 1090 1006 1154 is,
1037 1089 1127 1158 qui
1152 1103 1435 1157 personam
1461 1089 1796 1156 patriarchae,
1820 1089 1901 1142 vel
1927 1086 2242 1155 simpliciter

719 1178 958 1247 episcopi
1008 1179 1142 1244 gerit
1167 1213 1183 1237 .
1233 1187 1356 1230 ante
1411 1175 1716 1230 sacerdotes
1766 1175 1968 1229 sedeat.
2011 1174 2240 1243 Ideoque

719 1280 946 1333 magnus
991 1279 1054 1317 ac
1099 1271 1315 1317 sanctus
1356 1264 1514 1317 etiam
1562 1262 1815 1331 Cyrillus,
1853 1262 2241 1321 Alexandrinus

726 1370 860 1424 papa
888 1393 902 1416 ,
949 1354 1108 1422 capiti
1160 1354 1377 1406 fasciam
1427 1353 1778 1407 circumdedit
1828 1366 2083 1415 auream,
2131 1366 2240 1420 quo

723 1455 965 1510 tempore
1008 1453 1202 1495 sanctae
1254 1450 1305 1495 et
1344 1441 1631 1495 universali
1673 1442 1841 1494 tertia.-
1879 1440 2082 1508 synodo
2106 1454 2240 1508 prte-

722 1530 841 1582 fuit.
893 1528 1094 1596 Quippe
1140 1528 1389 1582 Celestini
1439 1528 1610 1582 locum
1668 1527 1936 1582 obtinebat
1977 1527 2114 1595 ejus,
2149 1526 2239 1594 qui

723 1618 1018 1670 Romanam
1044 1625 1172 1668 tunc
1201 1616 1416 1683 regebat
1443 1615 1767 1681 Ecclesiam;
1797 1614 2238 1684 quemadmodum

723 1707 889 1772 liquet
919 1719 980 1758 ex
1011 1705 1144 1757 actis
1169 1703 1403 1771 ejusdem
1449 1705 1640 1772 synodi
1679 1706 1861 1757 tertize.
1895 1705 1961 1756 Et
2003 1719 2107 1770 qua
2137 1703 2238 1757 Ce-

725 1795 948 1849 leSIil’lttS
999 1794 1246 1846 utebatur
1296 1792 1501 1860 gloria,
1563 1793 1854 1846 secundum
1913 1793 2237 1845 sanctionem

727 1881 985 1950 apostolis
1014 1880 1232 1947 aqualis
1267 1879 1410 1932 illius
1440 1877 1609 1932 sancti
1640 1879 1920 1946 magnique
1975 1876 2240 1929 Constan-

725 1972 846 2032 tini,
879 1969 1072 2021 factam
1105 1970 1168 2020 ad
1201 1979 1441 2022 sanctum
1489 1967 1828 2030 Silvestrum,
1867 1979 1986 2018 cum
2037 1965 2238 2031 imperii

729 2069 938 2128 sceptra
995 2073 1088 2126 per
1143 2058 1234 2110 Dei
1291 2055 1674 2124 providentiam
1737 2069 1798 2108 et
1852 2054 2015 2106 veteri
2075 2051 2239 2104 Roma

727 2149 1147 2202 transferrentur
1181 2147 1233 2198 in
1281 2145 1417 2197 hanc
1450 2144 1629 2196 urbem
1679 2141 1887 2195 urbium
1918 2141 2239 2208 principem;

729 2251 835 2306 qua
873 2236 1146 2298 statuitur,
1181 2248 1339 2288 aurea
1374 2231 1538 2284 fascia
1571 2240 1681 2282 tum
1717 2229 1884 2297 ipsius
1927 2227 2096 2280 sancti
2145 2225 2244 2278 Sil-

729 2328 916 2389 vestri,
956 2335 1064 2378 tum
1113 2336 1480 2378 successorum
1521 2322 1660 2387 ejus,
1700 2317 2010 2386 pontiﬁcum
2049 2315 2242 2368 Roma-

730 2431 919 2471 norum
964 2421 1125 2482 caput
1171 2410 1519 2465 condecorari
1559 2408 1750 2461 debere
1782 2424 1794 2459 :
1826 2406 2007 2460 eadem
2044 2413 2098 2459 et
2137 2404 2242 2472 Cy-

730 2505 884 2557 rillus
937 2500 1315 2556 exornabatur.
1360 2498 1712 2562 Quamobrem
1766 2504 1821 2549 et
1874 2494 1929 2557 ii,
1977 2494 2066 2561 qui
2126 2501 2245 2560 post

731 2596 903 2663 ipsum
946 2590 1281 2646 Alexandria:
1327 2588 1694 2659 pontificatum
1752 2599 1990 2656 gessere,
2035 2592 2246 2653 propter

731 2691 984 2736 aternam
1052 2679 1359 2732 memoriam
1422 2677 1558 2744 ejus,
1609 2675 1748 2744 quod
1805 2684 1929 2727 tunc
1975 2672 2244 2726 decretum

733 2771 854 2833 fuit,
883 2768 1068 2822 eodem
1117 2767 1273 2821 modo
1317 2767 1370 2819 in
1404 2766 1542 2818 hunc
1577 2778 1745 2832 usque
1773 2763 1909 2816 diem
1951 2762 2104 2814 titulo
2149 2774 2248 2812 suo

733 2861 1176 2914 cohonestantur.
1204 2855 1442 2923 Cumque
1471 2869 1656 2908 omnes
1682 2853 1769 2905 alii
1797 2852 2058 2920 capitibus
2093 2863 2248 2918 aper-

736 2952 807 3002 tis
854 2961 940 3000 res
985 2960 1166 2999 sacras
1214 2953 1495 3012 peragant,
1534 2942 1679 2996 solus
1721 2939 2111 2994 Alexandrinus
2158 2953 2249 3006 pa-

737 3037 972 3091 triarcha
1029 3049 1136 3087 rem
1195 3033 1428 3086 divinam
1476 3031 1642 3094 facit,
1697 3031 1863 3084 fascia
1908 3029 2048 3082 dicta
2091 3035 2249 3095 caput

738 3126 1046 3180 obvolutus.
1077 3123 1374 3186 Quinetiam
1426 3136 1499 3172 ιιι
1545 3120 1663 3172 illos
1713 3119 2046 3172 cardinarios
2092 3115 2244 3182 Papae

743 3211 1093 3268 consimiliter
1138 3211 1376 3264 videmus
1419 3209 1570 3275 pilcis
1623 3209 1796 3260 aureis
1844 3214 2062 3258 ornatos
2116 3203 2244 3272 (6t),

745 3303 904 3358 veluti
929 3303 1079 3368 Papae
1109 3312 1384 3366 personam
1411 3304 1865 3364 repraesentantes.
1894 3294 2111 3360 ejusque
2130 3292 2244 3358 jura

745 3392 1046 3444 fulcicntes.
1073 3386 1204 3438 Nam
1240 3385 1594 3454 appellatione
1617 3384 1850 3437 cardinis
1891 3385 2026 3451 apud
2059 3381 2250 3436 Roma-

745 3493 841 3530 nos
886 3484 1062 3543 postes
1101 3475 1288 3526 torium
1337 3473 1572 3526 veniunt.
1616 3473 1792 3540 Itaque
1838 3479 2248 3525 consentaneum

743 3576 846 3626 est,
887 3578 978 3617 cos
1017 3556 1157 3614 haud
1187 3561 1344 3614 dubie
1384 3577 1563 3614 verum
1608 3561 1806 3622 dicere,
1837 3564 1923 3627 qui
1955 3561 2248 3629 perhibent,

743 3658 903 3706 etiam
940 3652 1198 3718 cujusque
1245 3650 1496 3718 temporis
1543 3649 1917 3702 chartulnrium
1956 3664 2110 3701 aurea
2138 3649 2252 3714 ejus

747 3743 886 3794 modi
934 3741 1090 3803 tiara,
1135 3746 1313 3791 certos
1362 3745 1483 3790 ante
1523 3751 1710 3799 annos,
1757 3737 1808 3788 in
1863 3737 2087 3804 publicis
2133 3736 2250 3802 qui-

745 3829 967 3882 busdam
1005 3827 1355 3880 conventibus
1401 3839 1574 3887 usum,
1619 3825 1710 3891 qui
1758 3840 1861 3878 non
1911 3831 2114 3877 tantum
2162 3837 2255 3890 pro

750 3932 897 3971 more
958 3916 1276 3968 haberentur
1321 3915 1372 3966 in
1422 3912 1708 3976 Ecclesiis,
1765 3928 1945 3965 verum
1989 3914 2146 3966 etiam
2200 3913 2252 3964 in

749 4004 1197 4075 processionibus,
1246 4009 1299 4056 et
1345 4000 1474 4055 foris
1522 4002 1762 4067 publicis.
1801 4001 1973 4067 Atque
2014 3998 2255 4065 equidem

747 4103 894 4147 certo
922 4093 1052 4154 scio,
1079 4094 1130 4144 in
1176 4091 1316 4144 hunc
1349 4104 1515 4156 usque
1541 4090 1678 4142 diem
1711 4089 1995 4156 repositum
2030 4101 2146 4139 esse
2175 4085 2257 4153 pi-

748 4183 886 4233 lcum
919 4182 1035 4246 ejus
1065 4181 1206 4231 modi
1235 4193 1364 4230 auro
1390 4179 1770 4244 interspersum
1797 4177 1848 4229 in
1884 4189 2002 4227 arca
2040 4175 2257 4226 chartu-

751 4268 870 4321 larii
900 4285 911 4319 :
941 4281 1109 4333 neque
1151 4267 1361 4333 longum
1401 4266 1696 4327 intercedit,
1730 4277 1789 4314 ac
1831 4268 2084 4313 remotum
2127 4269 2256 4311 tem-

2335 557 2488 609 τοῦτο
2510 559 2644 625 ὅπερ
2667 561 2699 626 ἡ
2744 557 3005 626 βασίλειος
3042 555 3159 608 θεία
3194 555 3438 625 περιωπή
3482 553 3655 607 ἑκοντὶ
3701 569 3843 620 τηνι-

2336 643 2508 696 καῦτα
2546 644 2951 712 παρεσιώπησε.
2985 643 3102 695 Κᾶν
3136 642 3242 712 γὰρ
3269 645 3297 693 6
3328 640 3506 709 ῥηθεὶς
3543 640 3642 705 τῆς
3671 640 3732 690 tx
3753 638 3842 690 Νι·

2333 734 2464 802 stata
2495 733 2710 802 πρώτης
2755 734 2964 785 συνόδου
3014 732 3186 784 κανὼν
3213 731 3524 800 διορίζηται,
3572 728 3648 798 μὴ
3688 744 3839 796 μετα-

2342 822 2637 890 λαμσάνειν
2665 822 2800 890 μηδὶ
2829 821 3090 888 καθῆσθαι
3125 821 3227 889 πρὸ
3253 820 3357 872 τῶν
3381 820 3564 888 ίερέων
3589 819 3846 882 διάκονον,

2334 909 2448 964 ἀλλ’
2471 912 2498 962 6
2521 909 2564 972 ζ’
2589 907 2762 961 κανὼν
2804 906 2902 975 τῆς
2931 907 3085 973 ἁγίας
3130 907 3220 958 καὶ
3271 904 3642 972 οίκουμενικῆς
3695 904 3845 973 ῑκτης

2338 995 2551 1048 συνόδου
2615 993 3039 1060 παρακελεύεται
3063 1032 3076 1057 ,
3132 993 3223 1045 τὸν
3277 991 3533 1058 ἐπέχοντα
3569 991 3846 1060 πρόσωπον

2339 1085 2731 1154 πατριαρχικὸν
2755 1084 2788 1152 ἢ
2824 1082 3004 1143 ἁπλῶς
3033 1080 3403 1138 έπισκοπικδν.
3429 1077 3530 1147 πρδ
3547 1077 3651 1130 τῶν
3671 1079 3848 1147 ἱερέων

2336 1173 2674 1236 καθέζεσθαι.
2712 1171 2798 1222 Διὸ
2828 1172 2919 1222 καὶ
2950 1173 2977 1222 6
3014 1171 3180 1238 μέγας
3212 1168 3361 1233 ἅγιος
3399 1165 3656 1236 Κύριλλος
3681 1168 3710 1218 6
3752 1168 3848 1220 rra-

2334 1277 2443 1322 πας
2510 1258 2954 1330 Ἀλεξανδρείας,
2985 1255 3076 1309 ἰπὶ
3127 1255 3360 1323 κεφαλῆς
3407 1253 3634 1322 χρυσοῦν
3688 1253 3850 1322 λῶρον

2337 1348 2738 1418 περιεϐέϐλητο,
2771 1347 2856 1400 ὅτε
2899 1347 2994 1412 τῆς
3025 1344 3183 1410 ἁγίας
3217 1343 3309 1396 καὶ
3333 1342 3708 1410 οίκουμενικῆς
3736 1344 3845 1410 rpi-

2336 1453 2434 1505 της
2476 1435 2687 1487 συνόδου
2736 1435 3042 1502 προῖστατο.
3083 1432 3292 1498 Ἐπιῐχε
3325 1431 3430 1498 γάρ
3461 1429 3550 1482 καὶ
3576 1428 3670 1480 τδν
3697 1429 3850 1482 τόπον

2336 1525 2428 1576 τοῦ
2468 1523 2802 1583 Κελεστίνου,
2861 1522 2952 1573 τοῦ
2996 1520 3093 1588 τὴν
3147 1518 3453 1586 Ἐκκλησίαν
3504 1517 3603 1583 τῆς
3646 1514 3851 1584 Ῥώμης

2342 1613 2625 1673 ίθύνοντος,
2650 1610 2824 1672 καθὼς
2863 1609 3015 1663 τοῦτο
3051 1610 3373 1679 παρίσταται
3408 1609 3469 1658 ὲκ
3497 1605 3599 1659 τῶν
3632 1621 3850 1675 πρακτι·

2339 1700 2456 1753 κῶν
2483 1701 2574 1768 τῆς
2600 1699 2786 1768 κτρίτης
2833 1700 3064 1750 συνόδου.
3119 1699 3224 1750 Kal
3255 1699 3328 1758 ώς
3358 1697 3559 1756 ὲκεῖνος
3595 1693 3850 1761 ἐμεγαλύ-

2339 1807 2474 1851 νετο,
2521 1789 2657 1840 κατὰ
2709 1790 2766 1840 τὸ
2825 1787 3094 1854 θέσπισμα
3145 1786 3236 1837 τοῦ
3309 1783 3654 1836 ισαποστόλου
3706 1783 3851 1848 ἁγίου

2341 1877 2571 1948 μεγάλου
2613 1875 3033 1938 Κωνσταντίνου,
3073 1874 3132 1925 τὸ
3166 1875 3383 1939 γεγονὸς
3416 1871 3548 1941 πρὸς
3587 1872 3676 1924 τὸν
3707 1870 3852 1936 ἅγιον

2337 1965 2674 2034 Σίλδεστρον,
2703 1965 2790 2016 ὅτι
2823 1961 2886 2016 τὰ
2935 1965 3184 2031 σκῆπτρα
3209 1963 3306 2028 τῆς
3357 1960 3630 2028 βασιλείας
3660 1961 3723 2011 ὲκ
3761 1959 3855 2026 τῆς

2341 2055 2568 2115 παλαιᾶς
2615 2053 2824 2120 Ῥώμης
2873 2052 3011 2105 κατὰ
3037 2049 3168 2103 Θεοῦ
3215 2050 3462 2117 πρόνοιαν
3506 2047 3858 2117 μετετέθησαν

2340 2145 2417 2204 είς
2446 2142 2541 2208 τὴν
2571 2141 2675 2191 τῶν
2712 2141 2915 2193 πόλεων
2942 2138 3340 2206 βασιλεύουσαν,
3371 2138 3462 2188 καὶ
3483 2136 3858 2205 διοριζόμενον,

2345 2230 2481 2298 μετὰ
2517 2229 2886 2296 χρυσοπάστου
2916 2224 3087 2295 λώρου
3117 2226 3212 2292 τὴν
3243 2225 3335 2276 τοῦ
3365 2225 3517 2291 ἁγίου
3547 2224 3857 2290 Σιλσέστρου

2342 2316 2602 2382 κεφαλὴν,
2639 2315 2729 2366 καὶ
2753 2312 2860 2366 τῶν
2891 2312 3005 2381 μετ’
3026 2311 3181 2364 αὐτὸν
3203 2309 3494 2381 ἀρχιερέων
3519 2309 3614 2377 τῆς
3651 2308 3862 2376 Ῥώμης

2343 2399 2857 2461 κατακαλλύνεσθαι,
2907 2399 3000 2450 καὶ
3047 2396 3205 2458 αὐτὸς
3257 2394 3673 2462 τοιουτοτρόπως
3725 2393 3858 2444 καθ-

2342 2490 2618 2555 ωραῒζετο.
2637 2485 2933 2538 Κάντεῦθεν
2954 2484 3044 2536 καὶ
3074 2486 3119 2535 et
3140 2481 3254 2550 μετ’
3277 2483 3473 2534 δκεϊνον
3503 2483 3578 2542 είς
3619 2478 3866 2542 Ἀλεξάν-

2341 2577 2520 2645 δρειαν
2573 2572 3053 2642 ἀρχιερατεύοντες,
3103 2570 3189 2623 διὰ
3245 2571 3461 2638 μνήμην
3513 2568 3723 2620 αἰώνιον
3770 2566 3865 2618 τοῦ

2343 2663 2461 2715 τότε
2488 2659 2854 2723 συνδόξαντος,
2904 2655 3157 2715 ὡσαύτως
3192 2655 3351 2722 μέχρι
3380 2654 3472 2705 τοῦ
3496 2653 3592 2705 νῦν
3636 2669 3862 2704 κατακον

2345 2753 2601 2819 σμοῦνται
2659 2744 3202 2816 στηλογραφούμενοι.
3251 2743 3358 2795 Kal
3420 2742 3630 2793 πάντων
3679 2743 3868 2809 arrepto

2345 2839 2632 2898 καλύπτοις
2691 2836 3104 2905 ἱερουργούντων
3139 2836 3257 2894 ταῖς
3305 2830 3560 2898 κεφαλαῖς
3587 2868 3601 2893 ,
3654 2830 3804 2896 μόνος
3837 2830 3870 2880 δ

2345 2925 2682 2995 πατριάρχης
2722 2919 3115 2987 ’Δλεξανδρείας
3137 2918 3402 2984 ἱερουργεῖ
3427 2914 3558 2981 μετὰ
3582 2911 3672 2962 τοῦ
3695 2911 3869 2979 λώρου

2351 3017 2446 3084 τὴν
2490 3013 2726 3080 κεφαλὴν
2774 3008 3188 3073 καλυπτόμενος.
3229 3005 3336 3055 Καὶ
3375 3002 3497 3062 τοὺς
3557 3000 3757 3052 δώδεκα
3809 2999 3870 3050 δὲ

2353 3101 2748 3171 Καρδηναρίους
2781 3096 2870 3147 τοῦ
2915 3095 3074 3146 Πάπα
3125 3090 3431 3159 παρομοίως
3479 3087 3740 3154 βλέπομεν
3771 3102 3868 3138 κε-

2349 3193 2639 3261 κοσμένους
2667 3188 2879 3256 χρυσοῖς
2907 3182 3286 3248 ὲπιδλήμασιν,
3307 3176 3378 3237 ώς
3402 3172 3869 3243 ἁντιπροσωποῦνο

2349 3301 2447 3345 τας
2474 3280 2550 3349 τῷ
2582 3279 2762 3338 Πάπα,
2794 3276 2886 3325 καὶ
2932 3272 2999 3323 τά
3029 3269 3213 3320 τούτου
3273 3264 3617 3332 στηρίζοντας
3667 3261 3868 3312 δίκαια.

2349 3347 2578 3439 Κάρδων
2608 3369 2715 3435 γὰρ
2745 3362 2890 3430 παρὰ
2940 3357 3238 3426 Ῥωμαίοις,
3267 3355 3322 3405 at
3373 3353 3519 3413 φλιαὶ
3563 3349 3671 3439 τῶν
3694 3347 3872 3439 θυρῷν

2349 3434 2716 3524 ὀνομάζονται.
2753 3453 2985 3517 Ἀραρεν
3013 3441 3104 3496 οὖν
3147 3439 3424 3508 ἀληθεύειν
3471 3435 3712 3524 ἐναργῶς
3746 3434 3870 3495 τοὺς

2349 3521 2597 3609 λέγοντας
2630 3540 2723 3591 καὶ
2769 3537 2857 3587 τὸν
2887 3533 3020 3586 κατὰ
3059 3529 3278 3598 καιροὺς
3322 3522 3698 3594 χαρτοφύλακα
3735 3521 3874 3587 μετὰ

2351 3631 2600 3698 τοιαύτης
2628 3629 2814 3695 τιάρας
2847 3623 3047 3692 χρυσῆς
3098 3619 3202 3686 πρὸ
3247 3613 3621 3685 μετρουμένων
3667 3609 3874 3680 χρόνων

2353 3722 2532 3782 τινῶν,
2562 3719 2618 3770 ἐν
2649 3732 2754 3768 τισι
2802 3712 3091 3779 πανδήμοις
3121 3705 3431 3770 δοξάζεσθαι
3481 3703 3872 3770 πανηγύρεσιν,

2351 3811 2411 3859 ού
2446 3809 2600 3875 μόνον
2636 3805 2719 3855 ἐπ’
2776 3800 3093 3866 Ἐκκλησίας
3151 3796 3474 3862 γινομέναις,
3533 3793 3607 3853 ώς
3659 3787 3873 3851 εἴωθεν,

2359 3897 2489 3949 ἀλλὰ
2523 3897 2613 3946 καὶ
2636 3896 2691 3943 ὲν
2714 3891 2972 3959 προόδοις,
2997 3887 3089 3938 καὶ
3110 3886 3351 3952 ἀγοραῖς.
3382 3881 3879 3949 Πεπληροςρόρημαι

2353 3987 2408 4036 δὲ
2435 3985 2527 4036 καὶ
2559 3982 2733 4040 αὐτὸς,
2767 3971 3073 4030 ἀποκεῖσθαι
3115 3974 3268 4042 μέχρι
3295 3971 3384 4022 τοῦ
3422 3969 3511 4021 νῦν
3563 3969 3640 4028 είς
3689 3966 3746 4017 τὸ
3773 3965 3873 4016 τοΞ

2356 4070 2751 4141 χαρτοφύλακος
2797 4063 3064 4124 κιϐώτιον,
3100 4061 3464 4129 χρυσόπαστον
3488 4054 3720 4108 τοιοῦτον
3749 4053 3880 4105 ιπε-

2358 4140 2454 4228 ελή
2464 4177 2538 4228 μα
2562 4175 2573 4188 ⁸
2605 4158 2694 4208 καὶ
2719 4155 2900 4223 χρόνος
2923 4153 3018 4203 οὐκ
3046 4150 3157 4200 ἐστι
3182 4147 3438 4216 γηραλέος
3467 4145 3558 4195 καὶ
3577 4140 3814 4208 πέμπελς

2359 4226 2490 4298 alii
2523 4245 2636 4304 νέος
2668 4245 2756 4293 καὶ
2801 4241 3122 4309 πρόσφατος.
3157 4236 3263 4285 Kal
3294 4232 3476 4298 φθόνος
3519 4230 3613 4280 οὐκ
3655 4226 3809 4292 ὰγενὶ

900 4314 911 4319 -
941 4314 1105 4333 ---Ίη
1151 4314 1360 4333 --μυ-ὼ

751 4357 894 4422 poris
940 4356 1197 4422 spatium,
1247 4351 1338 4406 sed
1386 4353 1460 4404 rei
1509 4351 1758 4403 memoria
1797 4363 1982 4400 recens
2013 4357 2113 4400 est.
2150 4345 2258 4398 Nec
2290 4318 2374 4386 Di

2290 4318 2330 4370 ί)
2361 4336 2390 4403 ἢ
2427 4335 2515 4386 καὶ
2568 4333 2884 4389 ἀπαίδευτος
2917 4326 3072 4394 δῆθεν
3115 4323 3386 4383 εὐλάϐεια,
3431 4322 3494 4370 τὰ
3535 4318 3594 4369 τὸ
3641 4314 3883 4367 τοιοῦτον

752 4443 999 4510 ignobilis
1035 4443 1252 4504 invidia,
1289 4441 1367 4493 vel
1400 4440 1640 4512 imperita
1672 4437 1873 4489 scilicet
1913 4435 2114 4503 religio,
2149 4447 2258 4485 ma-

753 4544 913 4599 gnum
959 4527 1219 4595 ejusmodi
1254 4526 1582 4594 privilegium
1628 4521 1786 4587 hujus
1823 4519 1975 4571 oﬂicii
2021 4515 2259 4568 aboleve-

751 4624 896 4670 runt.
930 4617 1131 4682 Quippe
1170 4628 1261 4680 per
1299 4614 1467 4678 ipsam
1495 4620 1544 4662 te
1570 4609 1843 4661 veritatem
1873 4606 2128 4664 ObleSlztl',
2170 4615 2260 4667 per

750 4704 1058 4755 charitatem
1107 4701 1427 4761 fraternam,
1476 4712 1568 4764 per
1609 4707 1842 4746 amorem
1889 4703 2011 4757 erga
2058 4687 2257 4748 Deum,

749 4790 836 4842 dic
879 4789 1027 4851 mihi,
1069 4789 1334 4855 quodnam
1383 4786 1555 4853 majus
1601 4783 1758 4835 fuerit
1799 4794 1970 4848 Opera:
2013 4777 2257 4845 pretium,

748 4891 905 4942 quam
936 4875 1314 4928 chartularium
1343 4875 1518 4925 videre
1562 4881 1938 4935 nonnunquam
1967 4881 2056 4932 per
2086 4864 2254 4914 forum

749 4963 1118 5028 procedentem
1151 4977 1269 5013 cum
1297 4976 1426 5012 auro
1459 4961 1777 5024 interspersa
1812 4956 1967 5012 tiara,
1997 4952 2083 5018 qui
2115 4951 2260 5002 mulo

750 5051 992 5114 vehatur,
1024 5060 1076 5103 et
1112 5065 1255 5103 more
1289 5047 1628 5117 patriarchali
1657 5053 1878 5097 ornatus
1907 5043 1975 5092 sit
2004 5041 2123 5091 albo
2154 5037 2254 5088 lin-

748 5153 853 5205 teo,
880 5140 1318 5207 quemadmodum
1351 5139 1398 5190 id
1429 5152 1637 5202 quoque
1679 5147 1770 5200 per
1806 5130 2086 5183 indicatam
2129 5141 2250 5178 san-

2357 4402 2683 4489 σχολάσαντα
2712 4417 2848 4484 μέγα
2879 4414 2967 4465 τοῦ
3011 4411 3256 4479 δφφικὶου
3304 4405 3610 4475 προνόμιον.
3638 4403 3678 4452 Τ
3686 4403 3700 4451 ί
3745 4402 3884 4469 γὰρ,

2355 4512 2470 4564 εἰπέ
2521 4527 2604 4576 μοι
2632 4508 2760 4574 πρὸς
2783 4506 2875 4571 τῆς
2903 4501 3151 4568 ἀληθείας
3175 4498 3360 4563 αὐτῆς,
3390 4495 3519 4562 πρὸς
3545 4494 3638 4558 τῆς
3662 4491 3888 4556 ἀδελφι-

2355 4601 2453 4666 κῆς
2509 4598 2744 4663 ἀγάπης,
2782 4593 2913 4658 πρὸς
2947 4590 3041 4654 τῆς
3077 4587 3211 4638 κατὰ
3266 4585 3393 4636 Θεὸν
3426 4580 3730 4638 διαθέσεως,
3759 4579 3890 4646 ιεῐη

2357 4690 2421 4741 ἂν
2454 4685 2879 4748 σπουδαιότερον,
2913 4679 3002 4730 τοῦ
3035 4677 3242 4744 βλέπειν
3273 4674 3414 4723 ἐστιν
3439 4672 3524 4720 ὅτε
3567 4669 3655 4719 τὸν
3685 4682 3890 4733 χαρτο·

2362 4775 2571 4842 φύλακα
2603 4770 2688 4822 διὰ
2726 4772 2820 4835 τῆς
2849 4767 3049 4834 ἀγορᾶς
3079 4760 3427 4830 προοδεύοντα
3456 4757 3590 4824 μετὰ
3619 4755 3896 4822 χρυσοπά-

2360 4880 2480 4915 στου
2521 4862 2731 4928 τιάρας,
2766 4857 2854 4906 καὶ
2890 4851 3242 4919 ὲποχούμενον
3271 4851 3325 4898 ὲν
3353 4847 3578 4914 ἡμιόνῳ,
3614 4858 3893 4928 πατριαρ-

2359 4950 2520 5018 χικώς
2559 4946 2692 5013 μετὰ
2718 4943 2920 4994 δθονίου
2965 4937 3347 5005 κεκοσμημένη
3387 4933 3430 4963 ⁸⁸
3462 4928 3674 4990 λευκοῦ,
3701 4927 3896 4988 καθὼς

2359 5017 2448 5089 οιαὶ
2481 5034 2636 5085 τοῦτο
2684 5032 2768 5081 διὰ
2801 5029 2891 5080 τοῦ
2943 5026 3190 5095 ῥηθέντος
3221 5022 3582 5088 θεσπίσματος
3631 5017 3897 5083 ὥρισται,

2363 5128 2452 5178 καὶ
2500 5121 2600 5172 ὑπὸ
2630 5117 3026 5181 ὲξκουσιτώρων
3077 5112 3564 5182 δορυξορούμενονς
3594 5106 3653 5157 Εί
3685 5105 3758 5172 μή
3804 5119 3900 5165 τις

1980 5258 2205 5311 VARI/15
2239 5250 2620 5316 LECTIOSES.

815 5361 854 5391 ⁸³
876 5359 1293 5429 κεκοσμημένον.

2262 5453 2478 5510 NOTAE.

815 5567 924 5632 (διι
955 5565 1081 5619 Nota
1120 5563 1409 5627 cardinales
1437 5559 1680 5614 Επειεείέε
1734 5556 1884 5609 Rom.
1935 5556 2057 5608 olim
2119 5552 2393 5606 duodecim
2435 5547 2613 5600 fuisse.
