4110 6536
225 414 362 480 1049

1611 412 2010 473 MEDl'l‘ATA.

3252 399 3389 466 l050

231 536 380 604 λέγει
411 536 780 608 προτιμητέαν
806 531 942 589 εἶναι
972 533 1071 605 τὴν
1111 535 1346 604 κεφαλὴν
1377 537 1470 603 τῆς
1502 533 1694 602 χειρὸς,
1723 531 1754 598 ἢ
1789 539 1829 590 Α

1789 539 1829 590 Α
1861 531 2086 583 ctionem
2142 537 2406 584 statutum
2463 539 2585 594 est,
2651 541 2705 585 et
2760 529 3129 583 excubitorum
3187 528 3379 583 habeat

234 627 391 681 ἄλλου
429 629 618 697 μέλους
649 627 741 678 τοῦ
771 624 1037 693 σώματος.
1079 625 1244 676 Τοῦτο
1287 624 1392 691 γὰρ
1412 624 1498 676 διὰ
1543 623 1636 691 τὴν
1669 624 1758 673 εὐ-

235 713 422 783 ήθειαν
453 715 513 766 οὺ
558 710 1026 780 παραλληλίζεται.
1083 709 1222 763 Ἀλλ’
1269 709 1542 763 ἐπανιτέον
1572 708 1688 760 ὃθεν
1733 707 1762 758 ό

240 803 396 870 λόγος
449 801 734 870 μετέπεσε,
773 800 866 853 καὶ
905 798 1184 868 ζητητέον,
1240 799 1383 852 τίνος
1442 797 1599 866 χάριν
1655 798 1760 850 τῶν

239 892 341 962 μὲν
379 891 553 944 ἄλλων
601 891 868 959 σεκρέτων
895 890 943 941 οἱ
990 888 1390 956 προκαθήμενοι
1444 887 1620 955 μόνοις
1673 886 1760 950 ἐξ·

245 977 638 1047 υπηρετοῦνται
673 978 1004 1046 σικρετικοῖς
1023 975 1344 1037 δουλευταϊς·
1365 978 1392 1028 ό
1418 976 1473 1029 δὲ
1498 974 1762 1045 χαρτοφύο

235 1064 339 1127 λαξ
359 1065 598 1131 τάγμασι
618 1064 813 1126 διττοῖς
835 1062 1160 1132 διακονητῶν
1191 1063 1556 1131 μεγεθύνεται.
1583 1063 1764 1132 Φαμὲν

237 1150 353 1217 οὖν,
385 1154 465 1205 ὅτι
491 1153 557 1206 τὰ
580 1153 670 1205 τοῦ
703 1154 1104 1221 χαρτοφύλακος
1137 1153 1312 1205 δίκαια
1328 1153 1568 1221 ψυχικῶν
1595 1155 1764 1221 ῥυπα-

241 1240 462 1308 σμάτων
495 1241 597 1292 είσὶ
623 1240 980 1310 καθαρτήρια,
1000 1241 1090 1292 καὶ
1107 1241 1422 1310 νοσημάτων
1445 1241 1764 1309 σωματικῶν

240 1329 574 1398 άλεξιτήρια.
610 1329 700 1381 Διὸ
749 1331 841 1382 καὶ
883 1329 1204 1393 τετύπωται,
1250 1330 1538 1398 ταγμάτων
1579 1329 1764 1382 διττῶν

243 1415 536 1482 ὑπουργοΐς
553 1415 688 1466 αὐτὰ
716 1414 1152 1468 κατιυθύνεσθαι.
1178 1417 1272 1468 “Av
1293 1417 1420 1482 γοῦν
1439 1416 1764 1484 θεμιστεύων

249 1505 608 1574 προκάθηται,
645 1506 736 1555 καὶ
787 1505 1070 1556 δικαστικά
1115 1506 1357 1568 διῦλίζων
1381 1508 1642 1575 νοήματα,
1681 1509 1766 1560 νό-

251 1610 382 1662 μους
416 1593 657 1661 συνάπτῃ
708 1593 952 1661 νομίμοις
990 1593 1411 1662 θεσπιωδήμασι,
1453 1595 1545 1647 καὶ
1583 1597 1765 1649 κανόσι

245 1682 478 1742 κανόνας
524 1681 822 1748 άρμο>.ογῇ,
878 1682 942 1734 ἂν
998 1682 1285 1748 δικολογῶν
1340 1685 1621 1753 προτάσεις
1675 1686 1768 1738 καὶ

247 1770 544 1830 ἀντιθέσεις
573 1769 905 1838 σφυρηλατῇ,
943 1770 1032 1821 καὶ
1073 1771 1167 1831 τάς
1197 1772 1292 1838 μὲν
1332 1773 1666 1844 άποσμι).εύῃ
1701 1777 1762 1843 τῇ

1859 617 2214 671 satellitium?
2259 619 2360 671 nisi
2407 619 2527 686 quis
2572 618 2747 672 dicere
2798 618 2951 680 velit,
2998 618 3116 687 plus
3159 618 3382 674 honoris

1859 703 2202 758 deferendum
2233 705 2415 772 capiti,
2440 719 2599 772 quam
2623 704 2826 766 manui,
2855 705 2936 758 vel
2962 703 3113 758 alteri
3140 706 3384 759 membro

1860 792 2124 858 corporis.
2158 791 2289 844 Nam
2320 792 2431 844 haec
2460 794 2807 857 comparatio,
2840 805 2937 844 ceu
2962 791 3146 855 stulta,
3174 804 3279 845 non
3301 791 3386 844 in-

1860 882 2123 940 stituitur.
2164 879 2268 936 Sed
2302 881 2655 945 redeundum,
2700 882 2838 934 unde
2864 882 3078 935 deﬂexit
3107 884 3303 943 oratio,
3333 891 3387 936 et

1864 969 2236 1038 inqulrendum
2273 1008 2288 1032 ,
2353 969 2696 1036 quamobrem
2768 969 2992 1021 aliorum
3052 976 3382 1022 secretorum

1861 1059 2116 1127 praesides
2167 1058 2442 1114 secreticis
2512 1058 2770 1112 duntaxat
2825 1058 3059 1113 servitiis
3108 1071 3326 1113 utantur
3369 1076 3386 1112 :

1862 1160 1983 1200 cum
2022 1147 2385 1201 chartularius
2416 1147 2751 1200 auctoritatis
2782 1147 3000 1214 majoris
3028 1161 3191 1202 causa
3217 1148 3389 1217 gemi-

1863 1251 1962 1290 nos
2001 1236 2191 1290 habeat
2235 1236 2604 1290 ministrorum
2646 1235 2880 1290 ordines.
2912 1236 3093 1305 itaque
3135 1237 3387 1304 dicimus,

1865 1324 1918 1377 in
1947 1339 2010 1378 eo
2037 1325 2241 1378 versari
2283 1326 2403 1392 jura
2431 1324 2764 1389 chartularii,
2794 1335 2847 1377 ut
2871 1326 3170 1379 animorum
3201 1328 3389 1383 sordes

1866 1420 2144 1481 expurget,
2162 1426 2223 1463 ac
2251 1413 2450 1466 morbis
2473 1414 2747 1479 corporeis
2775 1414 3093 1467 medicinam
3119 1416 3388 1470 adhibeat.

1867 1499 2095 1568 Ideoque
2135 1507 2394 1553 statutum
2430 1511 2531 1563 εει,
2565 1500 2676 1553 haec
2721 1515 2840 1554 esse
2868 1501 3143 1570 dirigenda
3181 1519 3276 1571 per
3302 1519 3393 1572 ge-

1867 1588 2134 1640 minorum
2169 1589 2415 1640 ordinum
2449 1588 2812 1642 administros.
2847 1589 2969 1643 Sive
2996 1592 3156 1659 igitur
3180 1592 3271 1660 jus
3306 1594 3392 1646 di-

1867 1690 1993 1728 cens
2037 1675 2336 1742 praesideat,
2383 1686 2435 1729 et
2497 1675 2818 1741 judiciarios
2862 1680 3142 1746 percolans
3187 1681 3393 1734 intelle-

1871 1773 2008 1825 ctus,
2049 1763 2190 1831 leges
2225 1779 2344 1816 cum
2391 1765 2563 1832 legum
2604 1766 2968 1820 sanctionibus
2997 1779 3297 1837 componat,
3338 1779 3392 1824 et

246 1856 401 1925 λυδία
434 1858 527 1925 τῆς
577 1857 932 1923 διαγνώσεως,
981 1860 1077 1918 τὰς
1122 1859 1177 1911 δὲ
1235 1861 1627 1929 παραδέχηταιο
1676 1864 1769 1915 καὶ
1800 1850 1840 1904 Β

1765 1850 1840 1913 ,Β
1870 1865 2102 1904 canones
2149 1866 2268 1904 cum
2321 1853 2620 1907 canonibus
2673 1855 2962 1912 conciliet:
3021 1856 3134 1909 sive
3196 1872 3388 1912 causas

251 1943 421 2006 τέλος,
444 1944 508 1995 άν
533 1943 737 2008 κρίσεις
757 1945 1156 2014 πατριαρχικῶν
1176 1947 1434 2016 νοταρίων
1451 1947 1767 2019 ζυγοστατῇ,

253 2037 584 2099 σεκρετικῶν
631 2032 924 2093 διαλαλιαϊς
981 2031 1362 2100 μεγαλύνεται·
1410 2035 1502 2087 καὶ
1553 2037 1770 2104 μᾶλλον,

254 2120 384 2173 ὅταν
423 2121 480 2172 τὺ
507 2121 848 2189 δικαστήριον
873 2121 929 2172 έν
956 2120 1131 2188 μόνοις
1152 2122 1429 2190 πράγμασι
1456 2124 1774 2193 στημονίζη-

250 2224 364 2261 ται.
402 2209 461 2261 El
507 2210 562 2260 δὲ
597 2209 929 2278 προκάθηται
953 2208 1189 2277 ψυχικῶν
1217 2211 1652 2280 ἀρρωστημάτων
1692 2213 1776 2264 θε·

255 2296 487 2364 ραπείαν
541 2296 872 2363 ποιεύμενος,
933 2296 1023 2346 καὶ
1086 2298 1392 2364 σεσηπότων
1457 2300 1774 2368 τραυμάτων

252 2385 710 2453 ἑπισκεπτόμενος
733 2385 1072 2453 κακοήθειαν,
1099 2386 1171 2454 πῆ
1193 2387 1288 2453 μὲν
1314 2388 1512 2456 σιδήρῳ
1530 2388 1775 2457 χωνεύων

256 2473 354 2524 τοῦ
384 2472 586 2534 πάθους
617 2472 712 2540 τὴν
750 2473 1102 2540 ὐπουλότητα,
1137 2476 1210 2542 πῆ
1235 2476 1277 2526 δ’
1307 2477 1617 2529 έπιπάσσων
1643 2478 1776 2545 ήπια

257 2561 545 2629 φάρμακα,
590 2560 736 2628 παρά
777 2561 871 2628 τῆς
909 2559 1110 2623 τάξεως
1143 2561 1482 2630 ὑπηρετείται
1529 2565 1634 2616 τῶν
1663 2566 1778 2617 ὲπι·

261 2651 614 2702 σκοπειανῶν.
668 2651 729 2702 Εἰ
782 2649 824 2700 δ’
856 2650 1000 2703 ἔστιν
1031 2651 1116 2702 ὅτε
1173 2652 1308 2704 κατὰ.
1360 2652 1630 2722 διορισμὸν
1677 2672 1777 2707 πα-

256 2738 594 2806 τριαρχικὸν,
620 2738 740 2790 τινά
785 2740 892 2791 τῶν
933 2739 1236 2808 προνομίων
1282 2741 1481 2794 τούτων
1537 2761 1779 2814 παρασα-

254 2824 512 2885 λεύοιντο,
543 2824 675 2884 τέως
704 2824 811 2890 ἐγὼ
833 2825 1026 2890 ἀγνοῶ,
1060 2828 1151 2877 καὶ
1191 2828 1509 2897 συγγνώμης
1545 2831 1777 2899 ἀξιωθή-

257 2928 444 2980 σομαι,
476 2913 572 2981 τὴν
601 2912 830 2964 παλαιάν
853 2913 1210 2966 ἀναδιδάσκων
1235 2916 1543 2984 παράδοσιν.
1568 2918 1778 2971 Τούτων

257 2997 356 3054 οὖν
391 3001 528 3053 οὕτω
565 3002 740 3063 καλῶς
783 3002 1272 3072 διευκρινηθέντων,
1305 3005 1375 3067 ὡς
1417 3003 1584 3075 οἶμαι,
1616 3010 1777 3074 άναγ-

267 3092 415 3142 καῖον
445 3091 582 3153 ἔδοξέ
625 3108 710 3158 μοι
740 3093 955 3160 ποιῆσαι
985 3095 1071 3145 καὶ
1101 3094 1232 3161 πρὸς
1256 3097 1344 3147 τὸν
1383 3097 1520 3148 κατὰ
1559 3100 1777 3166 καιροὺς

259 3178 644 3245 χαρτοφύλακα
677 3178 888 3230 δικαίαν
917 3179 1157 3242 ἀξίωσιν.
1187 3183 1424 3235 Δέσποτά
1460 3201 1558 3248 μου
1588 3202 1778 3252 χαρτο-

262 3265 458 3331 φύλαξ,
525 3267 584 3316 τὸ
640 3267 994 3334 ὲμπιστευθὲν
1051 3285 1131 3320 σοι
1189 3271 1440 3321 τάλαντον
1495 3271 1599 3322 άπὸ
1649 3272 1780 3325 Θεοῦ

265 3354 718 3422 παντοκράτορος,
756 3355 826 3422 μὴ
861 3355 1235 3424 καταχωσθεέη
1266 3358 1349 3408 διὰ
1376 3358 1634 3426 νωθρείαν
1667 3378 1778 3423 σου,

265 3440 355 3491 ἶνα
386 3439 458 3506 μὴ
489 3440 717 3508 ἀκούσῃς
741 3442 919 3502 δοῦλος
943 3441 1168 3510 πονηρὸς
1187 3443 1278 3494 καὶ
1310 3444 1594 3513 ἀχάριστος
1614 3461 1626 3476 ο
1652 3446 1783 3513 μηδὲ

264 3527 326 3578 τὸ
360 3528 536 3595 κέρμα
562 3528 665 3578 τῶν
708 3531 952 3596 μεγάλων
988 3532 1288 3599 προνομίων
1309 3532 1468 3584 αὐτοῦ
1507 3535 1782 3603 προδοθείη

275 3615 419 3667 κατὰ
452 3616 545 3683 σὴν
580 3616 776 3684 πολλὴν
805 3619 1098 3670 ἐπιείκειαν
1122 3635 1135 3650 ο
1177 3619 1308 3672 ἀλλὰ
1337 3621 1623 3690 διαδοθήτω
1652 3625 1786 3689 πρὸς

272 3701 621 3770 τραπεζίτας,
663 3704 754 3755 καὶ
782 3704 1312 3775 διπλασιασθήσεται.
1343 3709 1546 3759 Σκοπὸν
1580 3726 1636 3760 σε
1666 3727 1788 3764 κατ-

265 3789 461 3857 έστησε
513 3790 757 3859 δεύτερον
800 3794 827 3843 ό
875 3793 1001 3855 Θεὸς
1047 3793 1133 3845 διὰ
1181 3795 1356 3864 χειρὸς
1412 3797 1784 3864 ὲπισκοπικῆς.

269 3877 576 3928 Κάντεῦθεν
604 3880 691 3928 ἐπὶ
728 3878 802 3945 τῷ
835 3881 1052 3946 στόματί
1098 3898 1187 3933 σου
1233 3882 1426 3943 πάντες
1459 3885 1785 3952 εἰσέρχονται

266 3968 349 4024 είς
383 3962 527 4016 οἷκον
554 3965 682 4017 Θεοῦ
714 3969 1158 4037 παντοκράτορος,
1209 3971 1300 4022 κα)⁵
1345 3972 1432 4022 ἐπὶ
1462 3973 1535 4040 τῷ
1567 3975 1787 4041 στόματί

269 4069 365 4104 σου
400 4055 726 4121 ἐξέρχονται.
768 4055 856 4124 Μὴ
892 4053 982 4108 οὖν
1013 4057 1190 4125 εἴπῃς,
1225 4059 1286 4109 Τί
1332 4059 1507 4128 δοθείη
1554 4078 1663 4128 μοι,
1699 4064 1788 4113 καὶ

266 4143 319 4194 τί
347 4143 663 4211 προστεθείη
696 4162 785 4211 μοι
813 4146 943 4213 πρὸς
980 4147 1240 4213 μέριμναν
1281 4147 1606 4216 όλοχρόνιον;
1642 4150 1788 4218 Μηδὲ

271 4232 523 4300 σιγήσῃς,
588 4232 716 4299 μηδὲ
767 4233 1169 4304 καταπραύνῃς,
1232 4236 1360 4301 μηδὲ
1432 4236 1662 4306 λαλήσῃς
1715 4239 1788 4299 ὡς

265 4319 570 4387 ἀνθρώποις
637 4321 910 4388 ἀρέσκων,
971 4317 1121 4373 εἶπεν
1185 4323 1212 4372 ό
1284 4324 1449 4390 μέγας
1503 4325 1789 4383 ἀπόστολος

1871 1955 2054 2009 agens,
2101 1941 2492 2010 propositiones
2536 1951 2586 1994 et
2634 1942 2956 2007 objectiones
2999 1945 3098 1998 sub
3145 1945 3389 2016 incudem

1871 2035 2102 2090 revocet,
2133 2037 2187 2080 et
2231 2029 2325 2081 ltas
2370 2029 2580 2096 quidem
2629 2030 2770 2081 velut
2801 2031 3018 2085 abradat
3050 2048 3143 2102 per
3170 2032 3394 2103 Lydium

1874 2115 2200 2183 cognitionis
2251 2117 2500 2182 lapidem,
2547 2117 2666 2170 illas
2706 2118 2977 2184 admittat;
3025 2122 3136 2175 sive
3167 2122 3395 2192 denique

1869 2204 2068 2271 judicia
2113 2205 2441 2257 notariorum
2486 2207 2919 2273 patriarcltalium
2964 2211 3252 2277 ponderet,
3300 2229 3396 2281 per

1875 2295 2254 2347 secreticorum
2286 2295 2654 2347 ministrorum
2691 2295 2900 2349 decreta
2929 2289 3171 2366 magnam
3209 2312 3399 2356 aucto-

1874 2382 2083 2435 ritatem
2114 2383 2490 2450 consequitur;
2523 2385 2816 2451 praesertim
2848 2402 2966 2440 cum
2997 2389 3128 2443 solis
3157 2391 3210 2444 in
3237 2392 3399 2446 rebus

1869 2470 2129 2537 judicium
2165 2471 2313 2524 texit.
2357 2471 2448 2524 Sin
2483 2473 2554 2525 ita
2596 2475 2860 2540 praesidet,
2909 2484 2964 2529 ut
2992 2478 3398 2546 tegriludinibua

1875 2559 2040 2611 animi
2073 2561 2364 2612 remedium
2397 2560 2666 2624 adhibeat,
2693 2571 2744 2615 et
2767 2564 3092 2630 putridorum
3119 2568 3396 2622 vulnerum

1877 2645 2167 2700 foeditatem
2213 2648 2487 2714 inspiciat,
2537 2663 2599 2701 ac
2640 2665 3018 2718 nonnunquam
3054 2654 3198 2708 ferro
3229 2658 3398 2713 latens

1880 2734 1992 2787 vitii
2033 2734 2231 2786 malum
2277 2736 2484 2797 adurat,
2524 2751 2901 2806 nonnunquam
2938 2740 3080 2793 mitia
3126 2742 3397 2815 inspergat

1877 2823 2303 2887 medicamenta,
2356 2824 2559 2877 ordinis
2604 2825 3062 2893 episcopianorum
3105 2832 3403 2890 ministerio

1880 2913 2067 2964 utitur.
2125 2914 2204 2964 An
2249 2927 2371 2966 vero
2417 2913 2684 2966 interdum
2727 2915 2804 2968 sic
2845 2916 3066 2983 jubente
3098 2934 3160 2973 ac
3193 2922 3403 2980 volente

1882 3000 2183 3067 patriarcha
2218 3002 2523 3064 usuvcniat,
2574 3012 2631 3056 ut
2681 3003 2896 3070 aliquod
2945 3004 3132 3060 horum
3182 3011 3402 3078 privile-

1881 3088 2090 3155 giorum
2119 3090 2236 3142 loco
2269 3099 2570 3155 moveatur;
2595 3092 2839 3158 equidem
2873 3094 3010 3147 scire
3035 3109 3139 3149 non
3165 3113 3377 3164 possunt

1883 3182 1935 3224 et
1981 3174 2188 3227 veniant
2233 3176 2490 3237 merebor,
2516 3178 2606 3242 qui
2648 3178 3087 3232 consuetudinem
3127 3183 3402 3251 antiquam

1882 3264 2065 3316 doceo.
2101 3263 2192 3318 His
2223 3265 2383 3328 igitur
2420 3264 2473 3315 in
2501 3264 2640 3315 hunc
2672 3265 2884 3317 modum
2925 3275 3064 3320 recte
3095 3269 3401 3339 declaratis,

1884 3358 1941 3403 ut
1972 3351 2220 3413 arbitror,
2250 3353 2611 3404 necessarium
2638 3350 2766 3402 mihi
2789 3353 2966 3404 visum
2997 3362 3099 3416 est,
3129 3358 3403 3425 utjustatn

1884 3440 2188 3506 petitionem
2234 3438 2298 3491 ad
2341 3439 2576 3506 cujusvis
2617 3441 2869 3507 temporis
2901 3440 3278 3498 cbartularium
3321 3448 3406 3502 in-

1886 3527 2122 3579 Stituam.
2170 3525 2390 3579 Domine
2425 3527 2496 3578 mi
2543 3527 2945 3596 cbartopltylax,
2979 3531 3230 3584 talentum
3286 3534 3404 3591 ﬁdei

1889 3624 1988 3666 tua:
2033 3615 2293 3667 creditum
2338 3617 2404 3668 ab
2445 3616 2806 3682 omnipotente
2851 3617 2978 3681 Deo,
3016 3634 3110 3686 per
3139 3623 3402 3689 ignaviam

1889 3712 2031 3756 tuam
2064 3718 2130 3756 ne
2158 3702 2427 3757 defossum
2455 3703 2559 3767 sit;
2593 3718 2657 3756 ne
2685 3719 2872 3758 servus
2895 3721 3118 3774 nequam
3147 3720 3198 3762 et
3229 3712 3404 3780 ingra-

1888 3800 1974 3844 tus
2012 3791 2292 3858 appelleris
2340 3807 2354 3843 :
2405 3805 2539 3843 neve
2579 3806 2887 3858 magnorum
2921 3793 3077 3860 hujus
3112 3800 3263 3851 oilicii
3298 3804 3409 3869 pri-

1887 3879 2196 3946 vilegiorum
2230 3893 2320 3940 trs,
2359 3879 2519 3930 nimia
2554 3881 2958 3934 mansuetudine
2987 3892 3072 3934 tua
3105 3887 3361 3953 prodatur
3390 3929 3406 3953 ,

1889 3966 1978 4017 sed
2013 3968 2148 4017 inter
2187 3965 2570 4017 nummularius
2598 3965 2973 4030 distribuatur,
3003 3979 3055 4023 et
3085 3973 3404 4041 duplicetur.

1889 4055 2127 4106 Alterum
2174 4061 2220 4106 te
2262 4067 2478 4120 scopum
2522 4053 2656 4106 Deus
2691 4068 2783 4121 per
2812 4057 3158 4125 episcopalem
3191 4079 3403 4121 manum

1895 4141 2198 4194 constituit.
2244 4142 2360 4205 Quo
2417 4140 2493 4204 ﬁt,
2539 4150 2596 4192 ut
2633 4142 2697 4194 ad
2743 4157 2803 4196 os
2843 4155 2987 4197 tuum
3033 4151 3407 4215 omnipotentis

1891 4228 1984 4280 Dei
2029 4228 2245 4279 domum
2292 4241 2478 4280 omnes
2525 4227 2909 4295 ingrediantur,
2953 4239 3005 4285 et
3047 4235 3110 4284 ad
3150 4249 3210 4288 os
3259 4246 3403 4293 tuum

1890 4316 2247 4383 egrediantur.
2292 4314 2404 4368 Non
2451 4330 2577 4383 ergo
2627 4317 2826 4372 dixeris
2872 4335 2885 4371 :
2938 4320 3070 4383 Quid
3117 4323 3230 4376 dari
3273 4329 3404 4381 mihi

266 4408 499 4468 Παῦλος,
540 4408 655 4459 κατ’
698 4412 897 4460 ἐκεῖνον
943 4408 1033 4460 τδν
1080 4411 1312 4477 πονηρὸν
1363 4412 1643 4478 μισθωτὸν,
1692 4412 1780 4463 τὸν
1819 4423 1861 4476 ι)

1819 4423 1861 4476 υ
1890 4403 2080 4469 possit,
2103 4411 2154 4453 et
2183 4401 2306 4468 quid
2339 4400 2496 4467 adjici
2533 4402 2597 4454 ad
2617 4403 3023 4458 sollicitudinem
3069 4415 3407 4477 perpetuam!

266 4494 395 4548 atat)"
425 4497 610 4548 ἑαυτὸν
661 4496 1012 4566 ψιθυρίσαντα
1040 4512 1052 4526 ·
1084 4497 1142 4548 τὸ
1189 4498 1429 4549 ἐκλεῖπον
1474 4499 1784 4560 ἐκλειπέτω,

267 4585 325 4634 τό
356 4583 777 4652 ὲσκορπισμένον
809 4586 880 4653 μὴ
913 4585 1216 4653 συναχθείη,
1246 4585 1337 4637 καὶ
1382 4587 1441 4636 τὸ
1477 4604 1791 4653 συντετριμ-

272 4674 432 4740 μένον
461 4673 534 4740 μὴ
556 4672 922 4740 όλομεληθείη.
972 4673 1152 4739 Ἀρκεῖ
1178 4674 1280 4742 γὰρ
1322 4677 1386 4741 τῇ
1421 4673 1598 4742 ἡμέρᾳ
1627 4676 1656 4741 ἡ
1689 4691 1788 4724 κα-

270 4762 365 4812 κία
420 4760 604 4827 αὐτῆς.
659 4760 816 4813 Ἀλλά
856 4761 1080 4828 σήρυξον
1131 4761 1511 4823 άποστολικῶς,
1567 4761 1790 4811 ἐνώπιον

270 4847 406 4900 Θεοῦ
440 4847 534 4914 τὴν
581 4848 851 4914 ἀλήθειαν.
911 4848 1188 4915 Ἑπίστηθι
1217 4847 1500 4916 εὐκαίρως,
1533 4850 1788 4917 ἀκαίρως,

271 4936 506 5002 ελεγξον,
559 4936 893 5005 ἐπιτίμησον,
953 4936 1347 5004 παρακάλεσον,
1399 4939 1790 5005 κακοπάθησον,

275 5027 434 5096 ἔργον
485 5023 701 5089 ποίησον
761 5022 1156 5089 εὐαγγελιστοῦ,
1206 5025 1304 5092 τὴν
1380 5025 1646 5078 διακονίαν
1700 5041 1790 5076 σου

276 5115 706 5184 πληροφόρησον.
743 5112 851 5162 Καὶ
879 5111 1015 5179 τάχα
1043 5111 1298 5172 νεανικῶς
1339 5112 1476 5163 οὕτω
1515 5112 1602 5162 τὸν
1637 5111 1794 5161 καλὸν

278 5204 461 5271 ἀγῶνα
505 5201 640 5253 κατά
669 5199 726 5251 τὸ
765 5200 1108 5268 ἀπῃτημένον
1141 5200 1557 5266 ἀγωνισάμενος,
1588 5201 1676 5250 καὶ
1703 5198 1796 5266 τὴν

279 5292 548 5348 διακονίαν
629 5306 719 5340 σου
785 5291 1122 5358 συντηρήσας
1204 5289 1636 5341 ἀνεπιϐούλευτον
1707 5290 1797 5340 καὶ

279 5383 565 5449 ἀμείωτον,
613 5381 667 5428 έν
712 5377 788 5445 τῷ
823 5377 1005 5444 μηδενὶ
1031 5378 1093 5430 ἂν
1136 5377 1466 5448 ταπεινώσῃς
1497 5378 1618 5438 τοὺς
1653 5378 1796 5428 ἀντι-

279 5470 597 5526 πίπτοντας,
637 5467 726 5517 καὶ
768 5467 929 5532 ὲρεῐς,
978 5466 1078 5517 Τὸν
1128 5465 1320 5530 δρόμον
1375 5466 1645 5525 τετέλεκα,
1703 5465 1797 5532 τὴν

286 5559 464 5608 πίστιν
492 5556 785 5621 τετήρηκα.
820 5554 1011 5605 Λοιπὸν
1040 5553 1318 5606 ἀπόκειταί
1347 5571 1433 5619 μοι
1468 5555 1562 5620 τῆς
1597 5553 1795 5607 δικαιο-

285 5648 446 5710 σύνης
469 5646 493 5695 ό
528 5644 806 5710 στέφανος.
853 5644 944 5704 Ὃς
975 5644 1062 5694 καὶ
1090 5642 1364 5710 δοθήσετξιξ
1399 5659 1474 5694 σοι
1502 5643 1645 5709 παρὰ
1669 5624 1797 5691 ἐνδέοὖ

1889 4491 2030 4544 Neve
2083 4490 2333 4550 tacueris,
2365 4504 2461 4542 nec
2490 4490 2823 4556 demulscris,
2855 4507 2951 4546 nec
2982 4495 3189 4550 locutus
3221 4497 3404 4566 fueris,

1890 4579 2051 4632 veluti
2088 4579 2176 4645 qui
2213 4577 2519 4630 hominibus
2553 4580 2757 4644 placere
2788 4580 2938 4645 velis,
2979 4581 3154 4650 inquit
3184 4601 3405 4655 magnus

1892 4670 1978 4722 ille
2002 4669 2194 4720 Paulus
2216 4668 2508 4736 apostolus,
2531 4669 2696 4722 instar
2721 4671 2861 4722 illius
2897 4674 3039 4738 pravi
3069 4679 3405 4741 mercenarii,

1893 4755 1982 4821 qui
2025 4755 2162 4820 apud
2207 4755 2547 4820 semetipsum
2599 4757 2956 4810 susurrabat:
2991 4759 3224 4822 Deﬁciat,
3268 4765 3404 4830 quod

1893 4843 2096 4904 deﬁcit,
2139 4842 2435 4910 dispersum
2483 4859 2586 4895 non
2632 4843 2927 4911 colligatur,
2970 4849 3255 4903 contritum
3301 4867 3405 4903 non

1893 4933 2303 4999 redintegretur.
2354 4929 2555 4985 Sullicit
2605 4947 2836 5000 namque
2881 4935 2985 4987 diei
3031 4935 3244 4990 aﬂlictio
3290 4953 3410 4992 sua.

1893 5020 1994 5074 Sed
2026 5022 2202 5088 potius
2243 5019 2535 5088 apostolico
2567 5036 2714 5074 more
2746 5022 3016 5074 veritatem
3046 5023 3099 5076 in
3124 5037 3408 5093 conspectu

1895 5110 1985 5163 Dei
2020 5110 2326 5178 praedicato.
2355 5108 2496 5161 insta
2520 5118 2837 5176 opportune,
2863 5109 3178 5175 importune.
3211 5113 3413 5165 Redar-

1897 5213 2018 5267 gne,
2055 5200 2288 5266 increpa,
2320 5197 2622 5260 cohortare,
2656 5196 2886 5248 tolerans
2909 5205 3045 5257 esto,
3074 5197 3156 5252 fac
3184 5200 3410 5253 oﬂicinm

1897 5287 2253 5354 evangelista,
2287 5285 2641 5337 ministerium
2681 5291 2826 5336 tuum
2860 5284 3041 5351 imple.
3073 5285 3146 5338 Ac
3173 5286 3412 5339 fortassis

1898 5375 1969 5428 ita
2004 5374 2311 5441 juveniliter
2346 5373 2589 5427 absoluto
2617 5372 2872 5440 praeclaro
2903 5374 3214 5439 certamine,
3255 5383 3414 5440 prout

1900 5466 1994 5517 abs
2025 5471 2075 5518 te
2109 5463 2432 5531 postulatum
2475 5462 2652 5522 fuerit,
2689 5471 2740 5513 et
2773 5470 3090 5514 conservato
3119 5462 3417 5514 ministerio

1903 5562 1991 5605 tuo
2033 5554 2162 5604 citra
2210 5551 2451 5608 insidias.
2489 5564 2550 5601 ac
2597 5549 2812 5601 minime
2846 5549 3134 5610 deminuto,
3179 5547 3229 5600 in
3273 5550 3418 5602 nullo

1904 5640 2206 5695 ltuznilialiis
2249 5640 2612 5704 adversantes,
2649 5655 2706 5691 ac
2736 5639 2880 5691 diccs
2905 5657 2914 5689 :
2941 5637 3164 5690 Cursum
3193 5636 3417 5699 abso'vi,
