4110 6474
224 365 354 436 1053

230 488 454 557 αγωγῆς
479 488 865 565 τοῦςιοίκείους
890 497 1047 565 δῆθεν
1081 498 1267 566 λόγους
1300 505 1631 573 στηρίζουσι.
1665 513 1767 564 Λέ-

229 592 384 665 γουσι
410 578 541 650 γάρ,
569 582 642 645 ὡς
685 586 733 636 εἰ
780 584 956 654 δοθείη
1005 589 1253 653 γενέσθαι
1285 592 1381 662 τὴν
1426 596 1642 665 Μαρίαν
1675 604 1767 653 καὶ

228 664 674 754 τὸνλᾴημήτριον
717 671 835 734 ἑνὸς
876 675 1081 745 βαθμοῦ
1122 680 1257 746 μετά
1311 682 1408 750 τὴν
1454 664 1767 754 συνάφειαν,

228 750 399 845 πολλὰ
430 759 790 823 συμπέσωσιν
817 760 989 816 ἄτοπα
1007 780 1021 793 ’
1042 764 1168 831 οἷον,
1193 770 1507 841 Δημήτριος
1529 750 1769 845 γαμέτης

227 840 327 908 τῆς
373 842 585 933 Magia;
633 848 978 917 καλούμενος,
1028 854 1118 905 καὶ
1159 840 1403 926 γαμϐρὸς
1433 861 1526 911 τοῦ
1569 840 1769 933 ταύτης

231 931 457 998 πατρὸς,
490 935 674 987 τούτου
711 939 807 1005 μὲν
842 944 987 1004 παῖς,
1019 945 1228 1014 ἐκείνης
1267 947 1323 998 δὲ
1373 950 1594 1018 ἀδελφὸς
1642 931 1766 1020 μετ·

238 1022 692 1089 ονομασθήσεται,
723 1026 813 1078 τοῦ
844 1029 1047 1099 βαθμοῦ
1078 1037 1141 1103 τῇ
1163 1038 1447 1106 ταυτότητι
1469 1058 1483 1071 ·
1515 1044 1605 1093 καὶ
1628 1044 1766 1098 οὕτω

233 1106 561 1162 διασπᾶσθαι
594 1113 652 1163 τὸ
686 1119 1029 1183 συνοικέσιον,
1069 1124 1146 1184 εἰς
1197 1126 1576 1195 ἀδελφομιξίαν
1609 1150 1763 1203 περι-

235 1201 535 1263 ινῖεὲτμενον.
572 1202 922 1268 Ιιροστιθέασι
942 1209 996 1261 δὲ
1024 1214 1164 1264 κατά
1193 1216 1346 1267 τοῦτο
1368 1219 1426 1270 τὸ
1453 1219 1647 1272 ἄτοπον
1672 1201 1767 1276 καὶ

235 1288 328 1373 τὰς
386 1290 442 1352 ἐξ
487 1293 760 1349 ἀδιαθέτου
810 1300 1074 1369 διαδοχὰς,
1119 1306 1358 1375 ἀλλήλων
1410 1328 1488 1375 τε,
1534 1312 1626 1364 καὶ
1658 1314 1763 1368 τῶν

232 1381 433 1439 γονέων
472 1384 689 1444 τούτων,
731 1390 815 1438 ναὶ
850 1392 1031 1455 μέντοι
1081 1396 1169 1446 καὶ
1208 1400 1539 1466 προσγενῶν,
1572 1402 1765 1466 αὐτοὺς

237 1470 673 1553 σφέτερίσασθαι.
720 1476 989 1541 Ὡσαύτως
1016 1484 1108 1533 καὶ
1144 1485 1201 1536 τὸ
1244 1487 1317 1553 μὴ
1355 1488 1608 1542 δύνασθαι
1642 1494 1765 1553 τοὺς

232 1552 577 1644 ἑτερομερείς
608 1563 878 1630 ἀγχιστεῖς
900 1568 1145 1636 ἀλλήλοις
1173 1576 1552 1641 συνάπτεσθαι,
1585 1579 1765 1644 καθὼς

231 1638 329 1727 τῆς
368 1640 677 1709 ἀγχιστείας
706 1649 771 1701 τὰ
811 1653 1010 1722 νόμιμα
1059 1657 1407 1727 διορίζονταιο
1457 1638 1590 1719 ἀλλὰ
1628 1638 1765 1723 κατά

232 1726 355 1789 τοὺς
386 1730 593 1799 γάμους
620 1736 724 1790 τῶν
757 1740 813 1803 ἐξ
841 1742 1064 1813 αἵματος
1095 1752 1424 1816 προσγενῶν.

302 1992 413 2044 Καὶ
437 1993 543 2095 μὴν
573 1997 629 2047 ἐν
656 2001 718 2068 τῇ
741 2000 1034 2095 ,Ῥωμαϊκῇ
1066 2014 1334 2084 συνηθείᾳ,
1355 2020 1446 2070 καὶ
1466 2023 1529 2089 τῇ
1562 2022 1763 2095 ἔκκλη-

232 2084 481 2149 σιαστικῇ
522 2088 861 2154 καταστάσει,
919 2097 1069 2161 φασὶ,
1114 2101 1173 2150 τὸ
1229 2103 1473 2160 ἐναντίον
1503 2084 1764 2181 ’.σήμερον

231 2167 593 2261 πολιτεύεται.
629 2174 777 2240 Gelo;
814 2181 918 2250 γάρ
951 2188 1039 2236 καὶ
1067 2188 1279 2257 ἀνεψιὸς
1309 2194 1445 2260 μετά
1491 2167 1641 2261 θείας
1672 2167 1764 2254 καὶ

232 2257 459 2355 ἀνεψιᾶς
489 2263 775 2329 ἀκωλύτως
798 2272 1170 2340 συνάπτονται,
1196 2257 1347 2333 ἕκτον
1377 2284 1434 2346 ἐξ
1453 2257 1763 2355 ἀγχιστείας

233 2347 330 2445 καὶ
362 2350 528 2402 ταῦτα
554 2353 800 2445 λαχόντες
829 2360 1051 2430 βαθμὸν,
1079 2366 1152 2428 ὡς
1170 2368 1267 2420 τοῦ
1290 2372 1455 2439 τόμου
1485 2347 1578 2428 τί)ῖῦ
1606 2347 1765 2445 ἀγιωζ

231 2434 395 2533 τάτυυ
417 2443 746 2511 πατριάρχου
772 2448 999 2502 Σισινίου
1020 2454 1143 2515 τοὺς
1173 2434 1410 2525 πρώτους
1437 2434 1757 2533 ὲξαδέλιέους

233 2522 573 2589 κωλύσαντος
617 2530 763 2584 δυσὶν
827 2536 1175 2607 αὑταδέλφαις
1214 2522 1608 2605 συνάπτεσθαι.
1637 2522 1648 2533 ’

233 2611 537 2711 ἀνίστανται
572 2618 645 2678 δὲ,
689 2623 818 2690 μηδὲ
844 2627 1083 2695 ἀπρεπές
1127 2648 1195 2693 τι,
1228 2636 1316 2686 καὶ
1350 2637 1452 2690 τῶν
1484 2640 1761 2711 ὀνομάτων

238 2705 556 2770 συγχυτικὸν
604 2709 983 2780 ὑποσύρεσθαι,
1036 2721 1098 2771 ἐκ
1146 2722 1237 2774 τοῦ
1295 2726 1385 2775 τὸν
1432 2729 1593 2782 αὐτὸν
1642 2733 1760 2785 δυσὶ

233 2785 627 2860 δισέξαδέλφαις
679 2803 1064 2856 συνάπτεσθαι·
1091 2809 1171 2862 ὅτι
1204 2813 1321 2864 τότε
1356 2815 1489 2880 φασὶ
1514 2836 1759 2889 παρατη-

234 2882 410 2977 patuit
451 2883 554 2936 τῶν
598 2887 868 2957 ὀνομάτων
916 2897 1184 2964 ἀκρίϐεια,
1222 2904 1405 2955 καὶτὸ
1457 2882 1761 2977 ἀσύγῖχυτεον

231 2967 434 3021 τούτων
484 2974 823 3043 φυλάττεται,
877 2984 965 3035 ὅτε
1020 2986 1233 3058 δουλικὴ
1281 2992 1415 3062 τύχη
1489 2999 1760 3063 μεσιτεύει

1615 398 2030 467 MEDITA'I’A.

3273 425 3411 487 1054

1794 521 1839 573 Α
1869 516 2110 607 plerique
2156 520 2348 576 horum
2395 528 2742 597 syllogisticis
2792 536 3161 603 argumentis,
3206 549 3257 591 et
3310 555 3404 607 per

1872 606 2248 665 abductionem
2272 614 2336 667 ad
2364 614 2716 683 impossibile,
2741 622 2973 676 rationes
3002 638 3126 677 suas
3153 623 3398 682 fulcinnt.

1868 695 2031 749 Aiunt
2053 700 2194 752 enim
2225 703 2268 754 si
2297 717 2612 760 concessum
2638 708 2728 767 sit,
2749 709 2968 765 Mariam
2995 721 3046 766 et
3074 714 3399 770 Demetrium

1868 794 1987 851 post
2037 790 2437 857 copulationem
2501 797 2663 850 unius
2711 796 2824 850 fieri
2877 799 3111 867 gradus,
3167 803 3399 857 absurda

1868 873 2035 926 multa
2079 890 2411 933 concursura
2440 898 2453 933 :
2480 885 2627 937 verbi
2664 886 2855 952 gratia.
2893 888 3035 955 quod
3074 888 3395 954 Demetrius,

1868 957 2175 1028 quillaria:
2210 969 2439 1023 maritus
2478 985 2598 1025 esse
2635 975 2968 1039 perhibetur,
3000 985 3052 1030 et
3080 978 3246 1044 patris
3281 980 3398 1045 ejus

1867 1063 2062 1116 gener,
2112 1052 2351 1118 ejusdem
2407 1073 2621 1128 quoque
2675 1062 2837 1125 filius,
2882 1072 2935 1117 et
2985 1065 3148 1118 frater
3193 1066 3392 1128 Moriar,

1867 1147 2084 1205 propter
2121 1141 2448 1198 identitatem
2477 1150 2697 1214 gradus,
2726 1151 2798 1204 sit
2823 1154 3191 1220 appellandus.
3223 1158 3394 1222 Atque

1864 1223 1965 1277 hoc
2014 1228 2168 1281 modo
2207 1231 2564 1288 dirimendum
2600 1241 3016 1305 matrimonium,
3058 1243 3220 1295 veluti
3253 1243 3394 1312 quod

1866 1314 1932 1366 ad
1968 1319 2312 1373 concubitum
2353 1322 2537 1379 fratris
2577 1341 2696 1380 cum
2732 1344 2914 1383 sorore
2946 1333 3144 1385 tendat.
3180 1335 3393 1385 Addunt

1866 1401 1991 1456 huic
2023 1408 2257 1460 absurdo
2289 1425 2383 1464 eos
2410 1414 2566 1465 etiam
2619 1419 2985 1472 successiones
3015 1422 3080 1472 ah
3120 1420 3390 1483 inter-tato,

1864 1497 1970 1541 tam
2002 1493 2237 1560 ipsorum
2272 1498 2408 1550 inter
2437 1516 2514 1563 se,
2554 1517 2711 1568 quam
2754 1516 3055 1573 parentum,
3096 1506 3202 1560 imo
3232 1512 3389 1560 ctiant

1865 1583 2310 1652 propinquorum,
2342 1588 2442 1641 sibi
2478 1590 2767 1645 vindicare.
2799 1593 3163 1648 Consimiliter
3188 1611 3251 1649 ex
3288 1611 3393 1648 una

1865 1678 2017 1736 parte
2046 1672 2304 1725 duntaxat
2338 1675 2521 1730 allines
2553 1679 2693 1732 inter
2730 1695 2788 1734 se
2811 1683 3043 1749 copulari
3074 1699 3180 1737 non
3213 1698 3391 1751 posse,

1866 1760 2310 1824 quemadmodum
2346 1764 2615 1819 amnitatis
2649 1767 2769 1834 jura
2800 1778 3040 1824 statuunt
3074 1788 3089 1825 :
3124 1771 3217 1825 sed
3253 1770 3391 1824 idem

1864 1848 1920 1900 in
1966 1848 2046 1902 his
2094 1849 2414 1916 faciendum,
2448 1854 2588 1922 quod
2625 1856 2681 1908 in
2727 1858 2932 1926 nuptiis
2976 1859 3238 1928 sanguine
3268 1873 3394 1927 pro-

1862 1938 2212 2006 pinquorum.

1935 2026 2091 2093 Atqui
2128 2028 2332 2090 dicunt,
2384 2031 2433 2082 in
2465 2033 2853 2087 consuetudine
2884 2032 3138 2101 Romana,
3172 2043 3225 2087 et
3249 2043 3389 2090 statu

1863 2117 2227 2172 ecclesiastico
2243 2157 2256 2179 ,
2280 2120 2605 2173 contrarium
2625 2120 2782 2175 hodie
2798 2122 3132 2178 observatur.
3163 2124 3391 2180 Patruus

1862 2210 2032 2271 enim,
2061 2219 2113 2263 et
2148 2209 2330 2264 fratris
2368 2210 2529 2276 ﬁlius,
2590 2227 2709 2266 cum
2743 2214 2905 2268 amita
2961 2222 3013 2269 et
3072 2215 3252 2269 fratris
3288 2216 3389 2269 tilia

1862 2298 1977 2353 sine
2009 2300 2390 2367 impedimento
2434 2301 2773 2369 copulantur,
2826 2302 2915 2367 qni
2962 2302 3185 2371 gradum
3218 2319 3282 2358 ex
3307 2303 3392 2356 af-

1862 2390 2065 2441 ﬁnitatc
2078 2395 2285 2441 sextum
2298 2389 2539 2442 obtinent
2561 2406 2574 2441 :
2594 2405 2712 2443 cum
2730 2392 3053 2445 sanctissimi
3075 2393 3390 2458 patriarchae

1866 2473 2086 2527 Sisinnii
2122 2482 2299 2526 tomus
2341 2474 2694 2528 consobrinos
2733 2476 2958 2529 vetuerit
3005 2492 3125 2530 cum
3181 2479 3391 2535 duabus

1862 2564 2131 2632 germanis
2177 2564 2457 2619 sororibus
2485 2565 2657 2635 jungi.
2712 2566 2909 2636 Urgent
2947 2579 3227 2636 praeterea,
3285 2584 3385 2624 nec

1860 2651 2126 2704 inhonesti
2172 2652 2482 2719 quidquam,
2516 2654 2592 2706 vel
2639 2655 2781 2721 quod
2832 2658 3044 2710 nomina
3073 2657 3386 2723 confundat,

1860 2753 1924 2792 ex
1958 2753 2022 2790 co
2055 2740 2309 2808 irrepere,
2355 2741 2497 2809 quod
2536 2741 2675 2795 idem
2699 2743 2907 2796 dualins
2960 2745 3191 2797 sobrinis
3220 2760 3387 2813 θορυ-

1861 2829 2018 2881 lctur.
2051 2828 2200 2881 Tunc
2232 2831 2396 2894 cnim,
2434 2832 2703 2899 inquiunt,
2735 2846 2982 2888 accurata
3029 2835 3165 2888 ratio
3209 2837 3386 2889 nomi-

1862 2932 1985 2968 num
2023 2916 2265 2981 habetnr,
2324 2928 2378 2971 et
2415 2923 2718 2974 eorumdcm
2737 2921 2978 2977 confusio
3003 2932 3237 2989 cavetur,
3263 2939 3383 2977 cum

1860 3005 2158 3072 cognationi
2223 3005 2435 3059 fortuna
2505 3008 2717 3062 servilis
2770 3008 3092 3064 intercedit:
3129 3028 3232 3065 tton
3264 3027 3383 3065 cum

235 3062 587 3123 συγγένειαν·
619 3066 676 3116 οὐ
720 3070 824 3137 μὴν
867 3072 991 3124 ὅταν
1040 3074 1101 3127 ἑκ
1151 3082 1440 3146 συναφείας
1485 3085 1760 3153 ὸεῖοξύγων

1794 3104 1829 3165 ε
1861 3104 1924 3143 ex
1960 3092 2295 3159 copulatione
2342 3095 2626 3165 conjugum
2671 3097 2874 3161 legibus
2937 3099 3187 3158 admissa,
3244 3100 3386 3152 velut

230 3152 549 3245 τοις-νόμοις
580 3156 787 3227 δεκτῇς,
815 3161 886 3225 ὼς
917 3166 977 3217 ὲκ
1016 3166 1165 3235 ῥίζης
1190 3170 1333 3233 τινὸς
1388 3176 1601 3243 πτόρθοι
1634 3152 1756 3245 γεν-

230 3238 431 3306 νηθῶσι
474 3246 811 3314 κατάλληλοι.
844 3252 903 3302 El
938 3254 1044 3323 γάρ
1068 3256 1241 3327 δοθείη
1272 3263 1375 3313 κάν
1402 3238 1609 3326 τού-τοις
1639 3238 1761 3321 συν-

227 3329 508 3393 τηρείσθαι
540 3333 647 3384 τῶν
680 3336 952 3404 ὀνομάτων
996 3343 1053 3393 τὸ
1083 3345 1353 3414 εὐπρεπὲς
1397 3350 1489 3401 καὶ
1520 3353 1756 3423 άσύγχυ-

227 3431 339 3474 τον,
376 3421 797 3492 στενοχωρηθείη
860 3428 950 3477 καὶ
1012 3428 1117 3478 τῶν
1166 3433 1594 3502 τρισεξαδέλφων
1668 3421 1761 3493 καὶ

228 3505 480 3595 ἑφεξῆςή
524 3510 831 3579 ὲκχωρητέα
856 3516 897 3545 ⁸¹
928 3518 1181 3584 συνάφεια
1202 3534 1214 3548 '
1243 3522 1325 3573 ἵνα
1367 3525 1439 3591 μὴ
1492 3528 1761 3595 κληθῶσιν

180 3641 185 3650 ,
227 3594 280 3643 oi
321 3594 378 3656 ἐξ
410 3596 628 3648 ἐκείνων
660 3602 930 3667 φυόμενοι,
968 3606 1179 3676 ἀδελφοὶ
1216 3612 1306 3661 καὶ
1355 3594 1761 3683 τετταρεξάδελ-

225 3696 342 3746 φοι,
378 3682 510 3751 ὅπερ
533 3686 589 3735 οὐ
616 3686 873 3740 δέδοκται.
913 3692 1019 3744 Καὶ
1049 3695 1221 3757 αὐτοὶ,
1252 3698 1443 3751 ταῦτα.
1490 3682 1759 3771 Ὶίῖμεῖςδὲ

226 3770 586 3839 σκοπήσωμεν
608 3775 885 3843 πρότερον,
914 3782 960 3831 εί
993 3784 1100 3843 τοῖς
1129 3784 1310 3850 νόμοις
1346 3790 1435 3840 καὶ
1461 3770 1571 3851 τοῖς
1598 3795 1757 3846 κανό-

225 3870 281 3905 σι
322 3855 483 3919 δοκεῖ,
521 3857 609 3909 δύο
642 3860 875 3927 βαθμοὺς
916 3865 1036 3925 τοὺς
1074 3868 1373 3935 όμοζύγους
1411 3873 1757 3940 ψηφίζεσθαι,

224 3944 321 3995 καὶ
349 3943 432 3995 διὰ
464 3946 617 3996 τοῦτο
657 3952 1027 4017 συγχωρητέον
1059 3952 1197 4008 εἶναι
1247 3958 1323 4021 τὸ,
1361 3962 1484 4026 περὶ
1514 3956 1573 4014 οὗ
1618 3966 1643 4015 ὁ
1672 3964 1755 4015 λόο

221 4047 339 4098 γος,
373 4033 736 4101 συνάλλαγμα.
774 4038 1026 4108 Εἴπωμεν
1056 4038 1165 4109 οὖν,
1194 4047 1287 4098 καὶ
1334 4050 1492 4101 πάλιν
1528 4052 1756 4119 ἐκκορυ-

222 4118 494 4190 φώσωμεν
517 4119 580 4175 τά
602 4125 883 4195 λεγόμενα.

1861 3196 1920 3231 ex
1952 3180 2130 3233 radice
2183 3182 2433 3249 quadam,
2498 3184 2630 3236 rami
2677 3185 3055 3239 convenientes
3100 3201 3380 3253 procrean-

1860 3276 1965 3320 tur.
2018 3267 2145 3321 Nam
2203 3270 2247 3321 si
2316 3271 2497 3323 datum
2548 3272 2708 3323 fuerit
2735 3272 2896 3324 etiam
2924 3272 2976 3324 in
3005 3273 3088 3326 his
3110 3274 3382 3328 observari

1860 3354 2135 3408 nominum
2174 3355 2526 3419 honestatem,
2574 3363 2631 3408 et
2673 3356 3383 3412 declinationcmconfusio-

1859 3443 1965 3508 nis,
2022 3445 2162 3497 velut
2236 3446 2289 3497 in
2315 3454 2518 3498 arctum
2553 3445 2822 3514 redigetur
2847 3448 3004 3499 etiam
3058 3463 3121 3500 ex
3146 3449 3383 3504 sobrinis

1861 3542 2125 3599 natorum,
2168 3542 2220 3587 et
2262 3534 2449 3588 ordine
2500 3537 2839 3602 sequentium
2895 3537 3032 3589 licita
3058 3538 3379 3603 permitten-

1859 3622 2030 3690 daquc
2082 3625 2406 3689 conjunctio,
2456 3640 2522 3676 ne
2565 3624 2809 3678 videlicet
2876 3625 3146 3691 contingat
3188 3639 3249 3675 ex
3302 3624 3381 3679 eis

1860 3713 2064 3779 genitos
2121 3712 2370 3778 appellari
2427 3711 2618 3765 fratres
2666 3712 2843 3775 simul,
2900 3722 2954 3764 ct
3003 3721 3378 3779 prognatorum

1858 3814 1921 3852 ex
1956 3800 2187 3851 sobrinis
2229 3800 2383 3859 lilios,
2419 3801 2560 3867 quod
2602 3800 2819 3853 minime
2841 3800 3011 3852 visum
3055 3808 3155 3853 est.
3191 3798 3380 3853 Ethtec

1858 3888 2071 3953 quidem
2110 3888 2201 3939 illi.
2249 3886 2355 3941 Nos
2378 3898 2549 3941 autem
2595 3889 2740 3955 prius
2799 3888 3278 3949 considerabimus,
3310 3902 3379 3942 an

1857 3977 1999 4043 leges
2029 3985 2184 4043 atque
2222 3992 2455 4029 canones
2515 3984 2785 4038 censeant,
2832 3977 3079 4044 conjuges
3113 3991 3210 4044 pro
3248 3977 3381 4030 duo-

1860 4066 1958 4115 bus
1988 4064 2237 4131 gradibus
2296 4065 2586 4126 ltabendos,
2636 4080 2696 4118 ac
2752 4073 3027 4133 propterea
3064 4066 3381 4134 permitten-

1858 4150 1983 4202 dum
2058 4156 2410 4213 contractum,
2486 4166 2591 4218 quo
2666 4152 2730 4203 de
2800 4151 2995 4218 agitur.
3044 4150 3380 4204 Disseramus

1858 4238 2035 4306 igitur,
2051 4246 2101 4290 et
2117 4238 2267 4305 quasi
2299 4248 2598 4305 repetamus
2610 4238 2676 4290 ab
2702 4239 2816 4306 ipso
2837 4239 3005 4306 apice,
3022 4253 3139 4306 qua:
3157 4238 3380 4293 dicenda

1856 4328 2098 4380 veniunt.

292 4391 429 4443 Φασί
458 4408 597 4453 τινες
620 4393 713 4462 τὴν
740 4396 918 4462 φωνὴν
952 4398 1043 4449 τοῦ
1076 4399 1276 4466 Κυρίου
1330 4400 1429 4469 τὴν
1473 4402 1748 4471 λέγουσαν,

1794 4408 1825 4461 D
1920 4416 2084 4467 Aiunt
2136 4413 2351 4482 quidam
2408 4425 2591 4467 vocem
2655 4414 2883 4477 Domini,
2972 4429 3073 4483 qua
3153 4414 3376 4476 dicitur,

216 4482 333 4534 Kal
363 4481 565 4532 ἔσονται
598 4484 643 4532 οἱ
692 4484 944 4549 ὁμόζυγοι
977 4486 1111 4553 σὰρξ
1154 4488 1269 4555 μία,
1312 4489 1388 4559 μὴ
1422 4490 1755 4560 ἐκλαμϐάνε-

217 4569 348 4621 σθαι
379 4568 509 4636 πρὸς
552 4571 867 4639 ταυτότητά,
898 4573 1029 4625 ἀλλὰ
1064 4576 1197 4644 πρὸς
1234 4579 1466 4645 στοργὴν
1496 4580 1591 4632 καὶ
1622 4581 1754 4649 ὁμό-

215 4674 389 4709 νοιαν.
412 4657 469 4708 El
489 4658 593 4726 γὰρ
616 4659 688 4727 μὴ
709 4659 876 4721 οὕτως
893 4663 1131 4732 ἐκληφθῇ
1150 4666 1208 4717 τὸ
1230 4667 1502 4736 Κυριακὸν
1522 4668 1752 4723 θεσπιώ-

214 4747 387 4814 δημα,
445 4747 656 4814 ἀδελφοὶ
706 4749 945 4817 κληθεῖεν
992 4755 1039 4803 οἱ
1090 4756 1467 4822 συναᾳθέντες,
1522 4760 1615 4811 καὶ
1657 4762 1752 4829 οὐχ

212 4833 509 4901 ὁμόζυγοι·
548 4836 643 4886 καὶ
680 4838 872 4904 ἐφεξῆς
914 4840 1402 4911 ἐπακολουθήσουσι
1430 4847 1567 4899 κακὰ
1596 4865 1751 4915 μυρι-

213 4920 446 4988 όριθιια,
488 4921 584 4989 τὴν
616 4923 841 4976 ἀτοπίαν
868 4925 959 4977 τοῦ
1013 4927 1319 4998 ζητήματος
1364 4933 1747 5000 μεγαλύνοντα.

227 5008 637 5063 ’Δκουσάτωσαν
663 5009 774 5073 οὖν,
820 5013 893 5075 ὡς
929 5019 1214 5088 προτάσεις
1247 5018 1458 5087 ψευδεῖς
1504 5023 1626 5073 οὔτε
1662 5024 1748 5075 διά

216 5097 591 5167 συλλογισμῶν
634 5101 883 5170 ἀλήθειαν
932 5107 1402 5177 συμπεραίνουσιν,
1454 5110 1574 5162 οὔτε
1616 5113 1748 5180 πρὸς

213 5187 279 5240 τὸ
307 5186 562 5239 ἀδύνατον
582 5190 940 5259 ἀπαγόμεναι,
960 5195 1050 5246 τοῦ
1083 5197 1435 5266 ὑποκειμένου
1462 5200 1557 5267 τὴν
1589 5200 1747 5267 φύσιν

220 5277 628 5349 μιτατιθὲασινο
664 5281 776 5333 ἀλλ’
817 5284 873 5345 ἐξ
901 5287 1340 5355 ὁμολογουμένων
1364 5290 1455 5341 καὶ
1488 5290 1740 5342 ἀπλανῶν

220 5363 500 5421 ἀνατέλλει
536 5365 632 5434 τῆς
678 5367 925 5433 ἀλτκθείας
955 5374 981 5423 ὀ
1020 5374 1185 5442 ἥλιος.
1219 5376 1279 5426 Εἰ
1320 5376 1424 5443 γάρ
1471 5394 1553 5437 τις
1603 5378 1744 5428 εἴποι

1854 4502 2024 4556 Erunt
2063 4504 2316 4571 conjugcs
2344 4517 2450 4556 una
2490 4516 2639 4565 caro,
2663 4516 2769 4556 non
2808 4504 2873 4557 de
2922 4502 3190 4556 identitate
3236 4502 3379 4555 acci-

1861 4591 2130 4658 piendam,
2159 4592 2251 4643 sed
2288 4591 2351 4643 de
2388 4605 2568 4643 amore
2594 4605 2655 4642 ac
2678 4604 2960 4645 consensu.
2982 4592 3184 4661 Quippe
3214 4593 3267 4645 ni
3297 4592 3377 4646 sic

1852 4678 2125 4732 oraculum
2161 4677 2491 4730 Dominicum
2523 4676 2851 4731 intellectum
2906 4678 3086 4740 fuerit,
3142 4681 3376 4747 cepnlati

1852 4766 2101 4833 conjugio
2160 4766 2383 4819 vocandi
2442 4775 2621 4820 essent
2670 4766 2870 4819 fratres
2900 4780 2961 4819 ac
2992 4782 3223 4828 sorores,
3264 4784 3374 4820 non

1855 4852 2108 4919 conjuges
2135 4867 2147 4902 :
2182 4865 2242 4903 ac
2287 4850 2537 4919 deinceps
2563 4868 2772 4920 quoque
2801 4855 3375 4921 scquerenturintinita

1855 4937 2211 4998 incommoda,
2236 4937 2543 5003 (ιυίεειὶοιιὶε
2564 4939 2945 4992 absurditatem
2981 4939 3232 5006 majorem
3261 4940 3375 4991 effi-

1853 5026 2066 5081 cientia.
2102 5025 2332 5077 Andiant
2391 5040 2539 5092 ergo,
2592 5027 2981 5093 propositiones
3018 5027 3179 5081 falsas
3201 5042 3374 5095 neque

1851 5131 1943 5183 per
1999 5115 2333 5184 syllogismos
2373 5116 2650 5168 veritatem
2694 5117 3032 5181 concludere,
3083 5131 3256 5185 neque
3324 5115 3371 5170 si

1849 5203 2181 5258 deducantur
2239 5203 2305 5255 ad
2349 5203 2699 5270 impossibile,
2730 5204 2953 5271 subjecti
2981 5213 3223 5257 naturam
3254 5220 3371 5256 inn-

1848 5298 1961 5343 t:.re
1996 5310 2009 5343 :
2041 5292 2133 5345 scd
2185 5307 2248 5344 ex
2280 5291 2548 5345 confessis
2577 5302 2628 5345 et
2655 5306 2836 5346 errore
2862 5291 3167 5346 carentibus
3202 5292 3369 5345 solem

1847 5378 2083 5431 veritatis
2121 5378 2267 5432 oriri.
2318 5378 2449 5432 Nam
2502 5379 2643 5435 verbi
2690 5379 2879 5449 gratia,
2927 5380 2969 5433 si
3014 5378 3365 5446 quisdixerit,

1528 5546 1752 5600 νΑξιΙελΕ
1785 5546 2175 5603 LECTIONES.

301 5631 347 5662 ⁸⁷
381 5626 652 5693 ιγχωρητέ
661 5642 711 5679 α.
