4110 6460
737 345 872 411 1055

1958 357 2235 418 ΤΗΕΟΙ).
2278 359 2741 419 BALSAMONIS

3775 358 3905 420 1056

738 472 928 529 Omnis
954 475 1088 545 lapis
1133 479 1312 532 anima
1361 481 1611 549 praeditus
1655 494 1778 540 est:
1825 497 1888 539 ac
1943 497 2132 536 rursus
2195 493 2257 532 ex
2286 474 2338 534 Δ

2286 474 2338 534 Δ
2365 479 2542 547 τυχὸν,
2578 481 2689 540 Πᾶς
2709 479 2852 542 λίθος
2876 478 3113 547 εμψυχύς
3139 479 3273 542 lett,
3309 478 3402 532 καὶ
3428 479 3712 548 ἑτέρωθεν,
3745 480 3898 532 Πᾶσα

739 562 906 615 altera
933 572 1106 630 parte,
1143 565 1329 622 Omnis
1387 573 1699 641 smaragdus
1739 585 1820 628 est
1849 575 1985 641 lapis
2019 590 2031 625 :
2065 584 2116 628 et
2139 588 2266 628 eon-

742 647 945 714 cludat,
965 649 1151 706 Omnis
1173 669 1298 724 ergo
1318 658 1450 724 lapis
1480 663 1794 730 smaragdos
1823 673 1906 716 est
1935 664 2110 716 anima
2141 677 2268 731 pra:-

740 734 886 790 ditus
1159 743 1391 811 colliget,
1451 757 1860 819 extremumque
1909 749 2265 802 mendacium.

742 820 895 877 Unde
947 825 1025 891 fit,
1079 837 1137 881 ut
1188 833 1276 898 qui
1331 834 1461 886 dicit
1517 851 1608 905 per
1664 839 1988 893 matrimonii
2045 840 2268 907 copula-

741 913 940 968 tionem
970 931 1086 971 esse
1115 917 1305 973 factam
1357 939 1704 991 personarum
1758 926 2154 992 confusionem,
2217 937 2266 982 et

739 1003 1050 1073 coniugium
1095 1022 1216 1062 esse
1274 1020 1687 1068 transmutatam
1742 1018 1794 1070 in
1856 1017 2267 1081 fraternitatem,

740 1099 902 1158 atque
943 1095 1014 1147 ita
1063 1096 1202 1151 forte
1261 1102 1646 1158 absurditatem
1690 1107 2002 1171 concludit;
2053 1124 2270 1178 compe-

741 1179 862 1233 dem
915 1182 1126 1251 lingua,
1166 1202 1270 1241 non
1335 1191 1609 1246 veritatem
1667 1195 1899 1262 colligat.
1930 1195 2082 1260 Quod
2145 1211 2266 1251 cum

743 1268 816 1321 ita
867 1271 959 1334 sit,
990 1289 1218 1342 cumque
1249 1287 1367 1346 post
1391 1283 1819 1348 coniunctionem
1855 1301 2016 1340 sexus
2046 1295 2270 1356 uterque

742 1368 955 1412 maneat
982 1361 1221 1432 integer,
1277 1383 1433 1422 nemo
1508 1379 1614 1423 tam
1654 1373 1725 1427 sit
1773 1375 1964 1437 audax,
2026 1383 2083 1429 ut
2126 1377 2270 1444 ipsos

739 1447 996 1517 coniuges
1025 1455 1250 1520 appellet
1285 1455 1498 1520 fratres,
1532 1461 1594 1514 ad
1625 1462 2098 1530 reprehensionem
2140 1465 2268 1521 dicti

740 1530 931 1598 divini,
964 1536 1122 1605 cuius
1172 1543 1332 1597 verba
1375 1553 1539 1599 sunt:
1580 1546 1646 1600 Et
1687 1549 1945 1619 coniuges
2015 1553 2114 1621 ipsi
2162 1569 2268 1608 nou

741 1623 970 1689 amplius
1016 1637 1173 1682 erunt
1217 1629 1342 1696 duo,
1385 1634 1476 1687 sed
1523 1649 1684 1690 unus.
1720 1636 1927 1706 Quippe
1959 1642 2268 1696 sicutolea-

742 1717 853 1762 ster
912 1727 1189 1782 propterea
1261 1734 1369 1772 non
1425 1721 1625 1777 dicitur
1695 1726 1855 1789 oliva,
1901 1729 2043 1796 quod
2088 1746 2270 1786 ramus

740 1793 858 1864 eius
885 1801 937 1854 in
971 1804 1163 1858 olivam
1199 1811 1492 1866 translatus
1543 1814 1611 1867 sit
1656 1830 1669 1865 :
1741 1816 1817 1869 sic
1846 1833 2018 1884 neque
2064 1826 2267 1886 patrem

741 1889 952 1954 puella,
1013 1909 1256 1951 socerum
1320 1903 1508 1969 puellae
1555 1907 1883 1973 vocabimus,
1959 1908 2075 1973 Quo
2140 1926 2270 1966 sane

739 1980 977 2035 stabilito
1040 2000 1136 2054 per
1206 1991 1720 2050 demonstrationem
1777 2007 1998 2063 certam,
2074 2011 2128 2054 et
2180 2001 2267 2055 cul

738 2069 1032 2124 contradici
1072 2085 1318 2142 nequeat,
1349 2089 1531 2133 nostra
1573 2083 1788 2150 quidem
1841 2086 2123 2154 opinione,
2175 2105 2268 2144 ne-

742 2167 846 2218 que
882 2159 1060 2211 vocari
1114 2161 1294 2216 licebit
1342 2165 1657 2222 alterutrum
1685 2184 1870 2224 eorum
1938 2174 2001 2226 ad
2054 2191 2268 2230 succes-

743 2243 952 2334 sionem
998 2246 1256 2312 defuncti,
1305 2255 1382 2308 vel
1422 2257 1648 2326 alicujus
1697 2260 1799 2330 ipsi
1830 2265 2088 2332 sanguine
2144 2281 2270 2334 pro-

740 2331 1062 2394 pinquorum
1091 2337 1219 2406 (quo
1247 2343 1388 2394 enim
1417 2345 1468 2398 id
1513 2349 1707 2413 pacto?
1754 2365 1872 2403 cum
1899 2331 2268 2419 possessiones

744 2419 1017 2511 accipiant
1066 2425 1124 2490 ii,
1154 2428 1350 2495 quibus
1368 2432 1480 2500 lege
1508 2436 1844 2507 deferuntur)
1874 2456 2044 2510 neque
2086 2457 2268 2511 repre-

746 2503 906 2598 liendi
962 2511 1172 2577 poterit,
1244 2525 1332 2569 aut
1398 2503 1987 2591 abominandumverit',
2041 2531 2084 2582 si
2144 2503 2268 2598 quis

742 2591 928 2655 dit-at,
1008 2598 1194 2654 iisdem
1269 2604 1461 2660 finibus
1549 2612 1912 2669 circumscribi
1995 2591 2270 2675 contracta

740 2683 1116 2768 etiamnitate
1157 2699 1209 2744 et
1271 2709 1335 2747 ex
1402 2699 1717 2768 cognatione
1771 2707 2124 2761 matrimonia.
2182 2711 2271 2766 Sic

746 2767 890 2818 enim
945 2775 1240 2830 canonibus
1279 2789 1361 2834 est
1411 2767 1688 2839 statutum.
1721 2787 1869 2852 Quod
1926 2803 2102 2846 autem
2172 2812 2271 2862 pa-

747 2867 901 2913 tiuns
961 2869 1014 2914 et
1062 2862 1245 2920 fratris
1277 2871 1433 2936 ﬁlius,
1465 2890 1584 2928 cum
1615 2880 1775 2931 amita
1832 2889 1884 2934 et
1937 2882 2114 2940 fratris
2165 2887 2269 2942 illia

743 2951 1101 3016 copulentur,
1161 2973 1265 3011 non
1320 2970 1420 3022 est,
1479 2976 1533 3016 ut
1577 2967 1738 3033 aliqui
1810 2973 2108 3038 perhibent.
2178 2993 2271 3045 per

2369 567 2671 635 σμάραγδος
2726 567 2870 630 λίθος
2925 567 3072 618 ἱστί’
3131 569 3222 619 καὶ
3255 569 3608 635 συμπερανεῖ,
3641 567 3755 628 Πᾶς
3794 567 3901 635 ἀρα

2365 656 2510 719 λίθος
2554 657 2860 725 σμάραγδος
2899 656 3134 726 ἔμψυχός
3181 656 3544 722 εστι......ψιν
3596 656 3899 741 συναγάγῃ,

2369 748 2461 798 καὶ
2507 746 2696 814 ψεῦδος
2746 745 2995 815 ισχατον.
3037 745 3193 798 Ὀθεν
3235 746 3329 797 καὶ
3369 747 3397 797 ὀ
3439 743 3613 811 λέγων
3652 744 3900 810 γενέσθαι

2367 833 2454 886 διὰ
2479 834 2576 903 τῆς
2629 833 2917 902 συναφείας
2964 834 3068 885 τῶν
3116 833 3458 885 ὑποστάσεων
3482 831 3579 900 τὴν
3614 830 3894 899 σύγχυσιν,

2370 923 2462 974 καὶ
2493 921 2588 990 τήν
2611 922 2904 989 ὁμοζυγίαν
2942 920 3476 989 μεταστοιχειωθῆναι
3508 920 3640 987 πρὸς
3687 917 3898 982 ἀδελφά

2369 1027 2524 1080 τητα.
2561 1011 2653 1063 καὶ
2667 1011 2806 1062 οὕτω
2829 1008 3207 1079 συμπεραίνων
3233 1009 3370 1076 τάχα
3390 1007 3450 1059 τδ
3472 1009 3689 1068 ἄτοπον,
3727 1005 3898 1070 γλωτ-

2368 1099 2592 1168 τοπίδην
2623 1099 2946 1168 συνήγαγεν,
2979 1100 3075 1151 οὐκ
3113 1097 3385 1166 ἀλήθειαν.
3412 1096 3610 1149 Τούτου
3635 1095 3693 1148 δὲ
3733 1093 3906 1156 οὕτως

2369 1185 2601 1255 Ιχοντος,
2631 1187 2849 1239 καὶτῶν
2879 1186 3050 1252 γενῶν
3099 1183 3414 1251 σωζομένων
3458 1181 3734 1249 ἑκατέρων
3765 1177 3904 1248 μετά

2368 1275 2464 1344 τὴν
2494 1276 2706 1337 ῑνωσιν,
2736 1274 2810 1342 μή
2840 1271 3130 1342 τολμητίον
3166 1271 3424 1337 ἀδελφοὺς
3451 1270 3574 1330 τοὺς
3605 1267 3905 1334 ὸμοζύγους

2369 1365 2540 1416 είπεῖν
2565 1365 2644 1419 είς
2673 1362 3060 1430 ἐπιστομισμδν
3093 1360 3186 1414 τοῦ
3221 1361 3462 1429 ῥήματος
3488 1357 3581 1410 τοῦ
3613 1355 3771 1420 Θεοῦ,
3801 1354 3895 1406 τοῦ

2370 1457 2638 1518 εἰπόντος’
2669 1456 2780 1509 Καὶ
2809 1455 2987 1508 οὐκέτι
3018 1453 3228 1506 ισονται
3254 1451 3302 1503 οί
3328 1448 3590 1518 δμόζυγες
3621 1446 3734 1508 δύο,
3767 1445 3902 1496 ἀλλά

2369 1542 2467 1608 εἷς.
2506 1545 2591 1606 Ὠς
2619 1545 2725 1613 γάρ
2752 1544 2812 1596 ού
2849 1542 3059 1610 λέγεται
3102 1541 3163 1593 τὸ
3202 1539 3509 1608 ἀγριέλαιον
3544 1535 3901 1599 καλλιέλαιον,

2369 1632 2450 1685 δτι
2479 1632 2668 1693 κλάδος
2698 1630 2860 1684 αὑτοῦ
2909 1629 3044 1699 μετά
3092 1627 3428 1681 καλλιελαίου
3466 1623 3902 1694 μετεμοσχεύθη,

2370 1722 2541 1784 οὕτως
2564 1723 2687 1775 οὐδε
2721 1722 2932 1791 πατέρα
2963 1721 3059 1790 τῆς
3089 1721 3255 1788 κόρης
3281 1718 3372 1769 τὸν
3403 1715 3606 1783 ταύτης
3655 1715 3907 1781 εῖποιμεν

2300 1781 2343 1836 Β
2371 1781 2648 1882 πενθερόν.
2676 1781 2877 1864 nam}
2920 1811 2976 1864 δὶ
3006 1781 3380 1878 στηριῑχθίντος
3413 1805 3470 1870 ἐξ
3511 1781 3905 1870 ἀναπιρρήτου

2369 1903 2462 1955 καὶ
2505 1900 2776 1968 ἀσφαλοῦς
2829 1898 3169 1962 ἀποδείξεως,
3245 1896 3319 1958 ὡς
3374 1893 3617 1962 οἰόμεθα,
3675 1889 3794 1943 οὔτε
3845 1891 3909 1941 τὸ

2369 1988 2646 2043 καλεῖσθαι
2694 1987 2918 2055 θάτερον
2960 1985 3020 2049 εξ
3062 1983 3236 2037 αὐτῶν
3277 1984 3354 2044 είς
3397 1979 3495 2048 τὴν
3541 1974 3908 2048 κληρονομίαν

2365 2079 2459 2132 τοῦ
2499 2078 2940 2146 τελευτήσαντος,
2989 2075 3021 2142 ἢ
3065 2074 3208 2134 τινος
3253 2072 3359 2124 τῶν
3397 2069 3456 2132 ιε
3499 2068 3729 2136 αἵματος
3759 2063 3910 2132 αὐτῷ

2370 2166 2673 2236 προσγενῶν
2705 2163 3236 2236 παρῤησιασθήσεται
3281 2159 3420 2232 (πῶς
3448 2158 3586 2226 γάρ;
3620 2155 3906 2226 ἰτροσλαμ⁹

2377 2255 2642 2308 ϐανόντων
2692 2255 2800 2306 τῶν
2839 2253 3191 2322 κτησαμένων
3219 2252 3280 2302 ὲκ
3311 2249 3471 2325 νόμου
3514 2246 3612 2308 τὰς
3657 2245 3907 2296 διακατα-

2368 2346 2509 2416 χάς),
2540 2344 2662 2396 οὕτε
2690 2342 2962 2413 μεμπτέον
3003 2341 3152 2392 ἔσται
3191 2339 3284 2390 καὶ
3316 2336 3674 2402 ἀποτρόπαιον
3713 2330 3772 2382 τὸ
3814 2329 3904 2379 λέ-

2369 2453 2506 2504 γειν,
2534 2437 2642 2496 τοῖς
2656 2435 2836 2495 αὐτοῖς
2857 2433 2999 2501 ὅροις
3029 2427 3400 2482 συστέλλεσθαι
3421 2426 3484 2476 τὰ
3509 2423 3566 2486 ἐξ
3589 2419 3902 2490 ἀγχιστείας

2367 2526 2462 2578 καὶ
2494 2528 2561 2578 τά
2589 2524 2649 2587 ἐξ
2680 2524 2906 2591 αῖματος
2938 2518 3369 2586 συναλλάγματα.
3414 2513 3569 2566 Οῦτω
3600 2514 3711 2579 γὰρ
3737 2524 3902 2561 κεκα-

2368 2617 2627 2667 νόνισται.
2664 2611 2736 2664 Τὸ
2756 2611 2811 2664 δὲ
2843 2607 3200 2662 συνάπτεσθαι
3223 2606 3362 2656 θεῖον
3392 2603 3484 2656 καὶ⁵
3517 2601 3735 2669 ἀνεψιὸν
3765 2597 3905 2665 μετά

2373 2705 2521 2766 Θείας
2570 2702 2661 2756 καὶ
2708 2701 2952 2768 ἀνεψιᾶς,
2999 2699 3097 2750 οὒκ
3151 2697 3294 2750 εστιν
3326 2695 3421 2766 (ὣς
3478 2710 3622 2755 τινες
3664 2689 3906 2759 λέγουσι)

2371 2793 2652 2862 συνηθείας
2678 2792 2926 2860 ἀγράφου
2973 2789 3326 2857 παγκράτιον,
3363 2786 3396 2855 ἢ
3430 2785 3521 2836 καὶ
3559 2781 3902 2849 ἀπαραδότου

2369 2883 2823 2953 εκκλησιαστικῆς
2869 2882 3245 2939 καταστάσεως
3282 2874 3734 2948 τροπαιούχημα*
3768 2869 3905 2923 ἀλλὰ

2369 2972 2658 3042 πρόσταξις
2698 2971 2817 3024 θεία
2837 2969 2930 3021 τοῦ
2961 2969 3196 3037 ἀοιδίμου
3231 2964 3506 3035 βασιλέως,
3552 2961 3722 3030 κυροῦ
3755 2959 3907 3013 Ἀλε-

743 3043 1183 3096 consuetudinem
1216 3061 1320 3100 non
1349 3053 1604 3119 scriptam
1639 3053 2022 3121 introductum.
2052 3065 2131 3115 vel
2153 3043 2268 3119 sine
2291 3073 2338 3134 α

2291 3073 2338 3134 C
2371 3061 2479 3126 ξίου
2500 3061 2590 3113 τοῦ
2617 3059 2919 3130 Κομνηνοῦ,
2945 3058 3277 3125 ἐξενεχθεῖσα
3301 3055 3390 3106 ἐπὶ
3412 3054 3708 3120 ὑπομνήσει
3729 3049 3910 3117 Βάρδα

743 3127 1032 3182 traditione
1088 3147 1181 3198 per
1237 3145 1431 3191 statum
1480 3144 1898 3200 ecclesiasticum
1958 3151 2266 3207 invectum:

740 3214 832 3266 sed
875 3216 1157 3274 clarissimi
1219 3228 1494 3297 principis,
1557 3233 1754 3288 domini
1808 3236 1977 3291 Alexii
2015 3240 2270 3298 Comneni

743 3312 958 3353 sacrum
999 3305 1256 3368 edictum,
1297 3313 1561 3377 prolatqu
1615 3318 1680 3370 ad
1708 3322 2103 3389 suggestionem
2136 3327 2268 3380 Baro

741 3386 823 3438 dae
857 3391 1160 3456 cujusdam.
1216 3398 1304 3464 qui
1352 3399 1520 3456 Xerus
1555 3386 1940 3472 appellabatur,
2003 3424 2056 3467 et
2118 3431 2271 3471 rece-

741 3486 891 3544 ptuen
948 3491 1050 3534 tam
1090 3485 1140 3537 in
1177 3488 1510 3556 reipublicre,
1537 3509 1694 3559 quam
1723 3497 1775 3550 in
1802 3501 2147 3557 ecclesiarum
2185 3523 2273 3561 ar-

742 3566 898 3620 chiva
947 3579 999 3623 et
1027 3573 1258 3635 codices,
1287 3579 1548 3644 ejusmodi
1609 3586 1820 3651 nuptias
1887 3589 2082 3645 liberas
2127 3592 2268 3658 fecit,

747 3668 845 3720 pro
865 3671 925 3709 ea
960 3669 1239 3725 potestate,
1297 3681 1413 3731 qua:
1459 3671 1669 3724 caelitus
1723 3682 1804 3726 est
1863 3675 2270 3744 imperatoribus

744 3743 887 3796 dato.
923 3744 1034 3799 Non
1067 3749 1228 3817 igitur
1273 3765 1558 3810 accuratus
1589 3757 1835 3814 Ecclesia:
1867 3743 2039 3820 status
2065 3771 2271 3824 calum-

741 3831 979 3886 niandus
1035 3843 1135 3888 est.
1193 3836 1323 3890 Nam
1384 3843 1723 3896 matrimonia
1763 3861 1824 3897 ex
1870 3847 2144 3919 afﬁnitate,
2202 3859 2268 3911 ad

740 3931 948 3974 sextum
984 3939 1154 3992 usque
1201 3929 1420 3995 gradum
1474 3942 1526 3986 et
1579 3940 1886 3992 coarclabat
1927 3957 2158 4012 semper,
2218 3960 2271 4002 et

740 4012 916 4066 adhuc
967 4018 1447 4087 constringitsicut
1481 4027 1639 4079 etiam
1691 4034 2026 4088 matrimonia
2079 4053 2141 4090 ex
2176 4052 2269 4090 co-

740 4104 991 4166 gnatione
1059 4121 1070 4155 :
1115 4105 1166 4157 in
1230 4123 1334 4174 quo
1377 4121 1479 4163 tam
1545 4113 1742 4182 legum,
1794 4133 1950 4184 quam
2002 4135 2268 4177 canonum

741 4195 938 4243 statuta
1014 4197 1274 4262 sequitur,
1362 4211 1414 4254 et
1478 4210 1678 4256 tomum
1746 4207 1889 4261 illius
1945 4215 2266 4268 sanctissimi

739 4278 1077 4344 patriarchae,
1118 4284 1316 4339 domini
1363 4287 1606 4345 Sisiunii.
1670 4295 1822 4357 Quod
1868 4298 2008 4350 enim
2040 4300 2102 4352 ad
2151 4303 2266 4370 eius

2372 3152 2512 3211 τινὸς
2531 3149 2819 3218 λεγομένου
2863 3147 3057 3216 Ξηροῦ,
3101 3147 3196 3198 καὶ
3248 3141 3638 3208 ἑπιγνωσθεῖσα
3671 3141 3784 3199 τοῖς
3810 3137 3910 3204 δη-

2374 3244 2651 3310 μοσιακοῖς
2692 3240 2783 3292 καὶ
2820 3236 3284 3305 ίκκλησιαστικοῖς
3311 3231 3544 3301 ἀρχείοις
3573 3231 3666 3281 καὶ
3699 3226 3909 3290 uoster,

2369 3333 2460 3384 τὸν
2486 3330 2721 3382 τοιοῦτον
2746 3330 2920 3396 γάμον
2949 3326 3179 3378 ἀπέλυσε
3207 3323 3345 3375 κατά
3373 3321 3467 3389 τὴν
3489 3319 3774 3386 δεδομένην
3797 3315 3912 3375 τοῖς

2375 3421 2678 3490 βασιλεῦσιν
2705 3418 2907 3471 ἀνωθεν
2937 3415 3258 3484 κυριότηταο
3306 3411 3378 3480 μὴ
3421 3409 3598 3460 τοίνυν
3635 3422 3910 3470 συκοφαν-

2372 3508 2558 3576 τητίον
2587 3507 2682 3575 τὴν
2707 3505 2905 3572 ἀκριὸῆ
2945 3504 3040 3570 τῆς
3062 3499 3383 3567 Ἐκκλησίας
3443 3495 3795 3548 κατάστασιν.
3827 3491 3911 3542 Τά

2373 3597 2479 3663 γὰρ
2510 3595 2566 3658 ἐξ
2599 3592 2908 3661 ἀγχιστείας
2939 3588 3372 3655 συναλλάγματα,
3405 3585 3563 3652 μέχρι
3604 3581 3697 3633 τοῦ
3749 3581 3909 3631 ἕκτου

2375 3679 2581 3748 βαθμοῦ
2611 3678 2703 3732 καὶ
2749 3676 2934 3741 αὑτοῦ,
2979 3675 3073 3727 καὶ
3119 3671 3462 3740 ἐστενοχὼρει
3516 3669 3767 3727 πάντοτε,
3815 3666 3911 3716 καὶ

2375 3767 2714 3834 στενοχώρει,
2753 3765 2930 3825 καθὼς
2961 3781 3061 3814 που
3087 3763 3177 3814 καὶ⁵
3203 3761 3268 3813 τά
3294 3759 3351 3822 ἑξ
3387 3760 3637 3828 αἵματος,
3668 3755 3909 3822 ἑπομένη

2373 3856 2612 3923 νομικοῖς
2662 3853 2753 3905 καὶ
2793 3853 3089 3912 κανονικοῖς
3140 3850 3487 3915 διατάγμασι,
3537 3848 3628 3898 καὶ
3657 3846 3731 3911 τῷ
3761 3845 3910 3911 τόμῳ

2369 3945 2462 3998 τοῦ
2495 3943 2790 4009 άγιωτάτου
2831 3941 3035 3993 ἐκείνου
3063 3938 3416 4006 πατριάρχου,
3453 3935 3619 4004 κυροῦ
3647 3932 3903 3984 Σισινίου.

2371 4035 2443 4088 Τὸ
2486 4034 2593 4101 γάρ
2625 4031 2708 4083 ἐπ’
2747 4031 3020 4097 ἀνατροπῇ
3058 4027 3244 4079 τούτου
3276 4025 3539 4094 διορισθὲν
3573 4025 3722 4092 παρά
3765 4023 3910 4090 βασι-

2371 4123 2523 4191 λικῆς
2555 4123 2699 4184 θείας
2725 4119 3155 4188 μεγαλειότητος,
3175 4119 3251 4176 είς
3278 4117 3432 4184 ἔργον
3458 4115 3628 4165 ἐλθεῖν
3653 4116 3678 4163 ὁ
3705 4112 3912 4170 δίκαιος

2371 4216 2558 4283 κριτὴς
2584 4213 2680 4263 οὐκ
2725 4209 3044 4276 ηὐδόκησεν,
3087 4204 3159 4266 ὡς
3220 4203 3421 4255 οῖδασιν
3454 4203 3503 4252 οί
3542 4197 3909 4268 μεμυημένοι,

2370 4303 2464 4356 καὶ
2491 4303 2549 4354 ού
2587 4301 2975 4367 πεπλάνηνται.

739 4373 1068 4424 eversionem
1103 4375 1167 4426 ab
1227 4375 1564 4445 imperatoria
1634 4398 1784 4436 sacra
1821 4387 2097 4454 majestate
2145 4395 2538 4463 promulgatum
2583 4391 2703 4453 fuit,
2755 4396 2813 4441 ut
2872 4387 2924 4438 in
2966 4382 3210 4438 eiectum
3295 4380 3672 4435 deduceretur.
3727 4378 3909 4445 iustus

742 4461 831 4514 ille
872 4465 1035 4529 inde:
1099 4467 1314 4522 minime
1343 4470 1504 4522 voluit
1535 4489 1546 4521 :
1581 4473 2022 4540 quemadmodum
2070 4489 2266 4533 norunt
2305 4461 2522 4540 initiati,
2555 4493 2654 4531 nec
2692 4477 2745 4530 in
2773 4488 2955 4526 errore
2974 4477 3274 4524 versantur.

807 4553 993 4618 Atqui,
1038 4555 1254 4622 subiicit
1279 4557 1636 4620 adversarius,
1675 4575 1741 4614 ne
1773 4561 1822 4614 id
1852 4563 2090 4631 quidem,
2119 4568 2259 4635 quod
2287 4569 2339 4627 D

2287 4569 2339 4627 D
2433 4568 2559 4629 Ναί,
2594 4566 2778 4632 φησὶν,
2810 4561 2923 4616 ἀλλ’
2960 4548 3078 4611 ούδξ
3103 4559 3162 4610 τὸ
3190 4557 3446 4625 σύγχυσιν
3480 4555 3574 4606 καὶ
3604 4555 3909 4622 ἀπρέπειαν

737 4641 986 4694 confusio
1045 4651 1097 4695 et
1145 4643 1376 4698 dedecus
1433 4649 1706 4701 nominum
1753 4650 2138 4716 introducatur,
2201 4658 2269 4710 οι)

739 4734 1001 4800 graduum
1057 4736 1524 4798 necessitudinem,
1576 4739 1867 4806 quominus
1923 4742 2104 4808 prima
2134 4759 2264 4799 con-

735 4821 878 4890 iugis
933 4837 1042 4876 suae
1088 4825 1355 4878 sobrinam
1407 4827 1564 4879 ducat
1625 4828 1948 4891 Demetrius,
1996 4833 2264 4899 impediet.

740 4908 853 4963 Hoc
903 4913 1043 4964 enim
1085 4913 1192 4967 illis
1250 4915 1412 4968 etiam
1459 4918 1720 4984 sanguine
1776 4920 2089 4987 propinquis
2142 4937 2271 4975 usu-

741 4997 910 5060 venit,
967 5014 1086 5051 cum
1128 5000 1266 5054 inter
1302 5017 1360 5056 se
1393 5006 1728 5070 copulantur,
1762 5009 1850 5075 qui
1885 5009 1964 5060 vel
1997 5021 2185 5064 octavo
2204 5029 2261 5066 se

739 5085 909 5153 gradu
949 5089 1283 5157 contingunt,
1334 5091 1458 5144 dum
1494 5094 1747 5160 coniuges
1804 5097 2003 5162 alisque
2063 5099 2265 5162 pudore

742 5187 1014 5240 vocamus,
1051 5193 1183 5247 quos
1241 5189 1433 5234 natura
1470 5184 1809 5236 sobrinarum
1841 5186 1976 5239 filios
2004 5188 2261 5255 agnoscit,

739 5277 1034 5334 eorumque
1077 5269 1274 5324 liberos
1299 5285 1395 5338 pro
1426 5271 1684 5327 fratribus
1738 5274 2006 5337 ducimus,
2063 5291 2182 5328 cum
2236 5291 2264 5329 a

741 5364 930 5408 natura
951 5358 1057 5411 sint
1095 5369 1478 5427 prognatorum
1507 5377 1570 5415 ex
1613 5363 1845 5417 sobrinis
1875 5365 1988 5416 filii.
2009 5363 2115 5417 Cur
2137 5380 2264 5434 ergo

739 5458 934 5497 novum
997 5456 1049 5500 et
1093 5449 1326 5505 insolens
1380 5452 1474 5514 sit,
1504 5451 1642 5505 idem
1697 5453 1795 5505 hoc
1825 5455 1984 5506 etiam
2037 5454 2087 5506 in
2128 5470 2263 5522 prae-

739 5535 876 5586 scnti
935 5538 1230 5602 quaestione
1293 5539 1396 5594 dici
1447 5551 1602 5608 atque
1653 5541 1801 5594 fieri?
1859 5540 1960 5594 Sed
2021 5542 2256 5604 audiant,

736 5626 825 5690 qui
881 5626 991 5682 haec
1044 5629 1116 5681 ita
1164 5628 1442 5696 colligunt,
1488 5629 1648 5697 quod,
1677 5629 2124 5697 quemadmodum
2180 5642 2260 5693 ea,

2362 4659 2636 4725 ὀνομάτων
2665 4651 2978 4718 εἰσάγεσθαι
3013 4647 3101 4703 διά
3128 4648 3224 4715 τὴν
3251 4645 3357 4697 τῶν
3388 4643 3608 4712 βαθμῶν
3649 4644 3904 4710 ίδιότητα,

2365 4746 2640 4813 ὲμποδίσει
2672 4741 2855 4794 λαϐεῖν
2897 4740 2986 4791 τὸν
3027 4736 3334 4803 Δημήτριον
3375 4735 3470 4797 τὴν
3526 4731 3908 4799 δισεξαδὲλφην

2363 4838 2458 4903 τῆς
2497 4832 2765 4900 προτέρας
2812 4826 2972 4881 αὑτοῦ
3018 4824 3296 4892 γυναικός.
3348 4821 3516 4873 Τοῦτο
3547 4823 3656 4890 γὰρ
3705 4821 3802 4874 καὶ
3831 4825 3909 4884 είς

2363 4925 2486 4983 τοὺς
2511 4920 2941 4987 συναπτομένους
2968 4915 3025 4978 ἐξ
3049 4913 3275 4981 αἵματος
3297 4913 3575 4976 συγγενεῖς
3606 4910 3699 4961 καὶ
3723 4911 3907 4976 ὀγδόου

2365 5013 2520 5073 ὄντας
2559 5009 2764 5078 βαθμοῦ
2815 5004 3222 5077 θριαμϐεύεται,
3252 5001 3316 5053 δι’
3355 4993 3429 5052 ὧν
3470 4998 3772 5068 δμοζύγους
3819 5001 3906 5053 ἀν-

2368 5100 2732 5169 ερυοριάστως
2787 5091 3242 5163 κατονομάζομεν.
3271 5089 3363 5151 οὓς
3405 5091 3436 5157 ή
3487 5089 3648 5156 φύσις
3695 5091 3908 5158 τρισεξ-

2368 5193 2627 5258 αδέλφους
2661 5189 2944 5256 ἐγνώρισε,
2978 5185 3068 5236 καὶ
3094 5183 3217 5242 τοὺς
3250 5179 3439 5241 παῖδας
3458 5179 3635 5232 αὐτῶν
3659 5180 3734 5241 ὡς
3761 5181 3906 5233 ἀδελ-

2370 5283 2499 5345 φοὶις
2557 5279 2906 5346 περιέπομεν,
2957 5268 3476 5338 τετταρεξαδὲλφους
3505 5267 3664 5329 ὄντας
3700 5270 3764 5322 ὲκ
3811 5270 3906 5337 φύ-

2373 5384 2524 5428 σεως.
2555 5366 2619 5417 Τί
2656 5364 2782 5431 γοῦν
2813 5367 2925 5416 ἐστι
2951 5362 3128 5414 καινὸν
3157 5365 3262 5413 κάν
3287 5377 3361 5427 τῳ
3386 5359 3610 5428 παρόντι
3635 5359 3904 5426 ζητήματι

2369 5450 2639 5503 λαλεῖσθαι
2670 5447 2823 5500 τοῦτο
2861 5448 2954 5499 καὶ
3000 5446 3279 5513 γίνεσθαις
3328 5445 3468 5498 Ἀλλ’
3516 5445 3904 5497 ἀκουσάτωσαν

2371 5539 2418 5591 οἱ
2445 5538 2610 5590 ταῦτα
2649 5536 3001 5603 συνείροντες,
3025 5535 3104 5585 δτι
3149 5533 3326 5595 καθὼς
3359 5534 3422 5584 τὰ
3461 5533 3735 5600 Γαδείρων
3764 5533 3904 5593 haec

2371 5624 2702 5693 διακείμενα,
2743 5624 2830 5674 καὶ
2869 5620 3338 5691 ἁκριδολοχόῦνται
3364 5619 3455 5672 καὶ
3477 5620 3902 5688 ἁπογράςρονται,
