4110 6470
219 412 351 476 1057
1612 430 1842 490 MEDI'I

1754 431 2022 498 )lTATA.
3242 444 3377 507 1058

211 539 277 589 τὰ
307 537 362 588 δὲ
398 538 538 606 πάρα
593 539 855 610 Γαδείρων
911 544 969 594 οὗ
1027 545 1234 614 πέρατά
1295 546 1462 599 εἰσινο
1504 546 1644 599 οὕτω
1680 548 1746 598 τὰ
1775 551 1818 600 Δ

1775 551 1818 600 Δ
1846 563 1964 615 qua:
1992 551 2067 606 eis
2099 553 2269 607 Gades
2314 556 2412 607 sita
2438 564 2584 620 sunt,
2623 565 2871 612 accurate
2903 559 3030 613 sciri
3055 575 3116 613 ac
3144 563 3373 620 describi

213 626 312 693 μὲν
334 627 484 687 ἐντὸς
507 627 598 679 τοῦ
638 629 794 681 ἓκτου
832 631 1036 699 βαθμοῦ
1068 635 1322 702 γινόμενα
1371 636 1748 704 συναλλάγμα-

1848 647 2088 703 possunt,
2138 655 2256 692 cum
2291 657 2408 709 quae
2447 644 2582 695 ultra
2614 645 2787 700 Gades
2820 658 2943 700 sunt
2979 649 3175 716 posita,
3209 667 3372 719 pene-

209 730 298 774 τα,
329 717 419 766 καὶ
447 716 533 766 διὰ
584 719 640 769 τὸ
673 718 829 785 φύσει
880 722 1083 774 δίκαιον
1123 725 1215 776 καὶ
1267 725 1537 792 εὐπρεπὲς
1577 745 1746 779 κατα-

1849 728 1977 779 trari
2006 739 2272 796 nequeant
2302 749 2316 783 :
2346 733 2425 784 sic
2454 732 2614 785 etiam
2667 737 3028 801 matrimonia,
3081 754 3199 806 qua:
3235 741 3373 792 intra

209 802 485 868 κρίνονται
513 819 526 832 ·
554 805 622 855 τὰ
649 805 705 856 δὲ
745 807 898 870 ἐκτὸς
923 809 1101 862 αὐτῶν
1139 812 1597 881 μετεωριζόμενα,
1629 816 1747 868 οὐδὲ

1846 827 2054 869 sextum
2101 821 2324 886 gradum
2380 822 2788 892 contrahuntur,
2851 827 2933 879 vel
3006 828 3121 896 ipsa
3169 832 3377 884 ratione

209 892 614 955 κατασπῶνται,
655 894 774 946 οὐδὲ
817 897 1180 964 κουφίζονται,
1209 900 1335 954 ἄνευ
1370 903 1530 970 μόνου
1563 904 1658 957 τοῦ
1688 905 1747 968 ἐξ

1846 905 2104 957 naturalis
2155 906 2422 972 aequitatis
2462 918 2514 961 et
2567 909 2774 962 honesti
2833 892 3203 966 damnentur:
3255 931 3373 982 qua:

206 977 440 1045 αἵματος
467 982 692 1050 ἑϐδόμου
722 982 956 1052 βαθμοῦ.

279 1239 475 1292 Τοῦτον
519 1241 624 1312 γὰρ
669 1241 938 1312 βασιλικὸς
984 1249 1201 1318 ὁρισμὸς
1230 1252 1322 1304 καὶ
1349 1254 1510 1322 τόμος
1541 1259 1741 1311 συνοδιεε

203 1328 302 1390 κδς
332 1332 442 1392 τοῖς
475 1331 563 1383 τοῦ
599 1332 754 1386 ἕκτου
787 1335 990 1403 βαθμοῦ
1017 1340 1415 1410 συναλλάγμασι
1461 1347 1744 1410 συνεξίσωο

203 1433 325 1470 σαν.
369 1419 515 1472 Ἐπεὶ
541 1421 632 1474 οὖν
662 1424 857 1487 ἱκανῶς
890 1427 1201 1496 διελάόομεν
1237 1432 1306 1484 τά
1339 1451 1446 1486 τισι
1478 1436 1743 1490 δικαιολο-

204 1508 444 1576 γούμενα
499 1513 624 1580 περὶ
675 1513 771 1565 τοῦ
818 1517 896 1576 είς
947 1517 1038 1568 ἕνα
1074 1519 1276 1588 βαθμὸν
1305 1523 1426 1585 τοὺς
1446 1528 1744 1594 ὁμοζύγους

203 1598 520 1663 ἀνάγεσθαι,
546 1600 653 1654 εἴτε
692 1604 783 1654 καὶ
807 1605 880 1672 μή
913 1620 927 1634 ⁸
957 1606 1088 1675 Φέρε
1111 1610 1202 1659 καὶ
1233 1610 1293 1661 sb
1323 1613 1451 1678 ἡμῖν
1482 1618 1742 1683 παριστά-

204 1703 366 1753 μενον
399 1688 554 1757 χάριν
589 1691 682 1742 τοῦ
714 1693 948 1745 τοιούτου
993 1693 1318 1764 ζητήματος,
1371 1703 1627 1769 εἴπωμεν.
1678 1707 1741 1757 Ol

200 1777 676 1847 νενομοθετηκότες
705 1783 826 1850 περὶ
858 1785 1244 1853 κεκωλυμένων
1267 1791 1458 1858 γάμων
1478 1794 1740 1849 διδάσκον-

200 1879 292 1925 τες
325 1867 383 1916 ὲν
422 1865 608 1936 βιϐλίῳ
649 1867 754 1936 κη’,
790 1872 950 1939 τίτλῳ
993 1871 1052 1936 ε’,
1098 1874 1176 1935 είς
1205 1875 1296 1927 δύο
1328 1878 1591 1948 διαιροῦσι
1617 1885 1739 1945 τοὺς

201 1955 483 2019 συγγενεῖς
507 1970 519 1984 ο
551 1957 627 2017 είς
655 1957 897 2019 ἀνιόντας
919 1961 1008 2011 καὶ
1038 1961 1334 2026 κατιόντας,
1362 1967 1553 2029 παῖδας
1581 1969 1740 2039 δηλα-

199 2039 263 2108 δὴ
301 2043 394 2093 καὶ
420 2046 609 2108 γονεῖς.
657 2045 748 2098 καὶ
793 2048 872 2108 είς
900 2050 1024 2110 τοὺς
1070 2051 1133 2102 ὲκ
1181 2053 1430 2121 πλαγίου,
1482 2059 1741 2126 ἀδελφούς

201 2146 347 2199 φημι
377 2134 467 2183 καὶ
498 2132 715 2194 λοιποὺς
761 2134 818 2200 ἐξ
845 2137 1070 2203 αἵματος
1110 2147 1444 2210 προσγενεῖς.
1485 2147 1590 2199 Καὶ
1632 2150 1740 2203 τῶν

201 2218 305 2285 μὶν
343 2220 596 2273 ἀνιόντων
634 2224 725 2275 καὶ
759 2227 1068 2293 κατιόντων,
1099 2232 1202 2283 κᾶν
1246 2235 1452 2301 γνήσιοι
1478 2229 1596 2302 ὦσι,
1637 2240 1740 2292 κᾶν

199 2307 438 2372 φυσικοὶ,
468 2310 566 2363 κᾶν
595 2312 756 2378 θετοὶ,
787 2315 908 2378 τοὺς
937 2318 1142 2386 γάμους
1175 2322 1464 2378 κωλύουσιν
1497 2329 1574 2388 εἰς
1608 2329 1740 2380 ἀπέ-

200 2411 412 2462 ραντον.
457 2400 577 2451 Τῶν
605 2401 658 2452 δὲ
689 2402 747 2465 ἐξ
776 2403 1025 2472 αἵματος,
1074 2408 1262 2477 μέχρις
1308 2412 1462 2465 ἕκτου
1509 2415 1735 2486 βαθμοῦ.

196 2483 352 2536 Μετὰ
387 2487 564 2551 μέντοι
610 2490 668 2542 τὸ
707 2493 1087 2562 τεχνολογῆσαι
1118 2497 1184 2548 τὰ
1218 2501 1343 2566 περὶ
1372 2502 1591 2567 τούτων,
1615 2483 1624 2486 ⁷
1645 2510 1738 2561 καὶ

196 2573 277 2634 είς
326 2574 446 2641 ὄψιν
503 2577 794 2646 προθέσθαι
846 2581 1079 2653 τὴντῶν
1131 2585 1351 2654 βαθμῶν
1401 2590 1616 2658 βαθείαν
1648 2598 1738 2650 καὶ

195 2661 586 2736 δυσδιεξὶτητον
633 2669 964 2742 ὕπουλότητα
993 2673 1408 2753 (δυσχερεστάτη
1453 2685 1558 2754 γάρ
1585 2705 1734 2756 φησι,

196 2754 290 2807 καὶ
347 2756 443 2809 οὐκ
489 2758 890 2830 εὖκατάληπτος
940 2766 972 2834 ή
1023 2768 1085 2817 ὲκ
1119 2769 1344 2834 πλαγίου
1389 2773 1496 2825 τῶν
1515 2754 1735 2843 βαθμῶν

196 2845 349 2896 εστιν
384 2845 616 2918 εὕρεσις)
658 2853 1003 2918 προστιθέασι
1046 2859 1336 2911 καὶταῦτα
1367 2864 1540 2931 ῥητῶς
1562 2878 1577 2894 °
1616 2869 1736 2920 Είσὶ

192 2933 251 2986 δὲ
283 2937 376 2987 καὶ
403 2937 575 3006 ἕτεροι
604 2941 786 3009 γάμοι,
822 2944 881 2994 ού
907 2945 992 2997 διὰ
1025 2946 1220 3016 θεσμὸν
1271 2955 1613 3020 συγγενείας,
1650 2959 1736 3011 διὰ

191 3022 248 3075 Bt
276 3024 585 3092 ἀγχιστείαν
615 3031 688 3098 μὴ
715 3032 1109 3100 προϐαίνοντες.
1159 3039 1459 3107 Ἀγχιστεία
1487 3044 1543 3096 δέ
1589 3047 1734 3100 ἐστιν

1843 1001 2018 1042 autem
2046 1001 2193 1043 extra
2217 994 2412 1061 gradus
2454 995 2614 1048 hosce
2655 1000 3079 1064 suspenduntur,
3122 1017 3218 1054 nec
3242 1002 3376 1054 diri-

1844 1087 2076 1139 tuantur,
2111 1096 2206 1134 nec
2241 1084 2567 1145 releventur,
2609 1098 2832 1155 excepto
2855 1089 2972 1142 solo
2989 1104 3056 1143 ex
3096 1098 3374 1161 sanguinis

1842 1167 2220 1231 conjunctione
2242 1171 2467 1235 septimo
2496 1171 2684 1238 gradu.

1909 1249 2040 1302 Nam
2074 1253 2216 1304 illum
2247 1263 2351 1306 tam
2388 1256 2725 1323 imperatoria
2761 1261 2986 1325 sanetio,
3015 1277 3174 1331 quam
3200 1275 3377 1320 tomus

1843 1342 2138 1407 synodalis,
2179 1345 2313 1396 sexti
2352 1346 2548 1412 gradus
2571 1349 2931 1403 matrimoniis
2962 1355 3276 1420 exmquavit.
3313 1355 3377 1407 Et

1842 1426 2054 1492 quando
2083 1429 2189 1494 jam
2223 1429 2353 1482 satis
2381 1429 2734 1486 disseruimus
2766 1436 2830 1488 de
2870 1437 2956 1498 iis,
2984 1454 3102 1506 qua:
3133 1443 3374 1494 nonnulli

1844 1515 1941 1566 huc
1968 1516 2020 1567 in
2047 1519 2337 1584 quaestione
2361 1520 2610 1587 allegant,
2635 1522 2810 1576 sintne
2835 1526 3091 1594 conjuges
3113 1529 3176 1580 ad
3210 1545 3372 1581 unum

1843 1604 2102 1657 referendi
2133 1608 2352 1673 gradum
2379 1646 2393 1668 ,
2425 1624 2594 1662 necne
2630 1628 2646 1663 ι
2707 1625 2806 1680 age
2838 1614 3170 1679 proferamus
3214 1618 3372 1671 etiam

1842 1693 1914 1746 id.
1951 1695 2089 1761 quod
2125 1696 2191 1748 de
2223 1700 2514 1763 qiizestione
2540 1703 2809 1768 proposita
2840 1705 2997 1756 nobis
3030 1706 3094 1758 ad
3131 1709 3368 1760 animum

1841 1785 2054 1836 accidit.
2112 1784 2514 1852 Iurisconsulti,
2570 1789 2661 1857 qui
2719 1789 2786 1844 de
2837 1794 3039 1858 nuptiis
3091 1796 3375 1861 prohibitis

1842 1869 2030 1923 docent
2055 1872 2188 1924 libro
2216 1872 2563 1927 Basilicorum
2593 1892 2779 1940 xxvm,
2809 1879 2964 1932 titulo
3016 1896 3046 1932 v
3073 1919 3086 1940 ,
3121 1881 3367 1936 bifariam

1840 1971 2094 2028 cognatos
2143 1962 2434 2017 dividunt:
2481 1964 2833 2020 ascendentes
2873 1977 2923 2021 et
2966 1969 3369 2036 descendentes,

1841 2048 2038 2103 liberos
2060 2051 2264 2105 scilicet
2296 2067 2358 2106 ac
2389 2061 2636 2120 parentes
2663 2071 2676 2120 ;
2703 2065 2754 2108 et
2795 2057 2847 2109 in
2889 2071 3001 2122 eos,
3029 2060 3119 2127 qui
3150 2069 3273 2113 sunt
3305 2078 3370 2114 ex

1841 2146 2168 2205 transverso,
2219 2140 2411 2195 fratres
2457 2143 2694 2210 inquam,
2735 2153 2786 2199 et
2827 2146 3061 2214 reliquos
3112 2152 3372 2217 sanguine

1840 2229 2188 2297 propinquos.
2215 2229 2276 2284 Et
2303 2233 2700 2286 ascendentium
2723 2235 2933 2301 quidem
2957 2251 3018 2290 ac
3046 2238 3372 2292 descenden-

1839 2320 1992 2380 tium,
2028 2321 2138 2373 sive
2161 2320 2377 2388 legitimi
2410 2322 2538 2386 sint,
2561 2324 2671 2375 sive
2699 2325 2988 2386 naturales,
3021 2327 3132 2380 sive
3162 2325 3370 2394 adopti-

1837 2407 1910 2470 vi,
1944 2409 2154 2474 nuptias
2183 2409 2463 2475 prohibent
2493 2410 2544 2462 in
2569 2411 2831 2463 infinitum
2860 2426 3080 2465 :eorum
3111 2430 3256 2480 vero,
3280 2418 3368 2484 qui

1838 2499 2097 2565 sanguine
2122 2498 2405 2566 propinqui
2425 2506 2571 2557 sunt,
2600 2500 2662 2550 ad
2689 2509 2894 2554 sextum
2924 2516 3092 2570 usuue
3120 2505 3364 2570 gradum.

1837 2585 2120 2654 Postquam
2149 2588 2249 2640 ista
2277 2587 2550 2641 subtiliter
2564 2599 2938 2656 exposuerunt,
2972 2601 3021 2645 et
3041 2593 3213 2646 oculis
3243 2595 3366 2648 sub-

1831 2673 2078 2741 jecerunt
2099 2675 2354 2742 graduum
2382 2675 2697 2743 profundam
2729 2687 2778 2730 et
2797 2685 3073 2744 penetratu
3097 2679 3366 2732 diﬂieilem

1835 2764 2218 2816 obscuritatem
2263 2763 2706 2831 (impeditissima
2753 2779 2980 2831 namque
3022 2775 3081 2817 ut
3127 2766 3361 2832 ipsorum

1836 2854 2012 2906 verbis
2049 2863 2167 2906 utar
2195 2867 2290 2906 nec
2323 2863 2574 2920 perceptu
2609 2853 2782 2904 facilis
2815 2861 2896 2906 est
2923 2853 2974 2905 in
3007 2854 3093 2915 iis,
3128 2856 3213 2922 qui
3243 2862 3366 2907 sunt

1835 2954 2219 2996 extransverso
2237 2943 2494 3010 graduum
2520 2939 2796 3008 inventio),
2813 2941 3028 2997 disertis
3056 2944 3228 2997 verbis
3255 2944 3368 2998 haec

1834 3033 1992 3085 etiam
2029 3029 2285 3098 adjiciunt
2316 3043 2330 3079 :
2383 3027 2518 3082 Sunt
2560 3039 2612 3082 et
2649 3029 2764 3082 alia:
2800 3031 2997 3098 nuptiae
3028 3041 3075 3092 P,
3129 3047 3230 3085 non
3264 3033 3368 3086 illa

191 3113 462 3182 οἰκειότης
496 3117 793 3184 προσώπων
847 3123 910 3172 ἐκ
957 3123 1146 3191 γάμων
1187 3128 1314 3195 ἡμῖν
1357 3135 1730 3201 συνημμένων,
1761 3125 1802 3180 c

1761 3125 1802 3180 c
1837 3119 2049 3186 quidem
2085 3126 2301 3185 prOpter
2325 3117 2412 3184 jus
2448 3117 2806 3184 cognationis,
2839 3117 2928 3171 sed
2965 3126 3180 3185 propter
3201 3119 3367 3171 afﬁni-

193 3202 515 3266 συγγενείας
553 3205 725 3267 ἐκτός.
785 3203 908 3261 Οῖον
937 3210 1026 3261 οὖν
1073 3214 1390 3268 οἰκειοῦνται
1438 3219 1644 3289 βαθμὸν
1681 3228 1728 3277 oi

189 3286 459 3376 όμόζυγες
491 3293 624 3359 μετὰ
654 3295 749 3363 τὴν
797 3298 1109 3366 συνάφειαν,
1150 3303 1400 3373 καθαρῶς
1439 3286 1620 3376 μὲνού
1649 3313 1728 3365 διο

1836 3217 1994 3262 latem
2029 3223 2132 3260 non
2161 3208 2526 3276 procedentes.
2546 3205 2783 3259 Atlinitas
2802 3216 2974 3258 autem
3023 3217 3101 3260 est
3135 3210 3369 3260 necessi-

1835 3299 1963 3352 tudo
1999 3299 2238 3365 quaedam
2271 3310 2640 3365 personarum,
2673 3311 2766 3364 per
2801 3296 3014 3362 nuptias
3055 3298 3210 3350 nobis
3240 3313 3367 3349 eon-

189 3373 520 3430 δάσκουσινσ
570 3382 831 3449 ἐπάγουσι
878 3386 954 3447 δὲ,
994 3387 1066 3457 μὴ
1120 3390 1375 3445 δύνασθαί
1429 3373 1547 3449 τινα
1595 3402 1728 3469 πρὸς
1826 3391 2156 3457 Ῑιιηείπιηην
2217 3389 2350 3441 (ἴητε
2415 3389 2808 3452 cognatione"!-
2866 3387 3006 3455 Ετεο
3060 3401 3214 3454 quem
3262 3386 3364 3439 Si”

189 3464 368 3530 γάμον
401 3466 577 3520 λαϐεῖν
601 3471 697 3539 τὴν
721 3473 924 3525 οἰκείαν
950 3474 1164 3544 νύμφην
1200 3481 1230 3549 ἢ
1260 3486 1545 3552 προγονήν.
1590 3464 1726 3543 Ἀλλ’

187 3553 312 3604 οὐδε
343 3556 440 3623 τὴν
472 3560 756 3625 μητρυιὰν,
789 3563 819 3630 ἢ
855 3563 952 3632 τὴν
997 3565 1260 3635 πενθερὰν
1285 3610 1299 3632 ,
1348 3573 1529 3641 ἐπειδὴ
1563 3580 1726 3644 μητέ-

190 3657 302 3706 ρων
331 3643 484 3707 τάξιν
518 3647 790 3716 ἐπέχουσι.
846 3651 1145 3722 Σκοπητὲον
1175 3659 1350 3710 τοίνυν
1381 3663 1484 3729 πρὸ
1511 3643 1727 3720 πάντων

186 3730 249 3781 τὸ
299 3733 426 3801 περὶ
478 3734 583 3786 τῶν
620 3736 858 3806 βαθμῶν.
918 3742 1070 3795 Οὕτω
1113 3747 1217 3814 γὰρ
1266 3738 1635 3823 ὲξομαλισθείη
1667 3758 1727 3810 τὸ

185 3819 282 3871 τοῦ
320 3820 627 3893 ζητήματος
660 3827 901 3891 ἄναντες.

256 4091 318 4142 οι
343 4090 439 4158 τῆς
465 4092 776 4159 συγγενείας
804 4093 1020 4164 βαθμοὶ,
1051 4098 1113 4149 ὲκ
1154 4099 1261 4152 τῶν
1301 4101 1571 4170 βαθμίδων
1624 4109 1722 4177 τῆς

182 4177 451 4242 κλίμακος
478 4180 884 4261 ὠνομάσθησαν.
928 4185 1012 4247 Ὠς
1041 4187 1148 4256 γὰρ
1176 4189 1377 4243 ἐκεῖναι
1420 4193 1723 4261 λαμϐάνου-

186 4284 276 4319 σαι
306 4258 581 4338 καταρχῆν
624 4270 682 4334 ἐξ
729 4272 980 4325 ἐπιπέδου
1009 4276 1170 4339 τινὸς,
1203 4279 1295 4330 καὶ
1334 4281 1413 4341 είς
1439 4258 1508 4333 τά
1540 4285 1727 4352 πρόσω

181 4355 599 4424 προϐαίνουσαι,
649 4357 747 4428 τὴν
776 4360 995 4416 κάθοδον
1027 4362 1058 4433 ἢ
1088 4363 1183 4432 τὴν
1212 4365 1394 4419 ἄνοδον
1423 4374 1726 4442 συμπεραί-

182 4460 388 4508 νουσιν,
436 4444 575 4498 οὕτω
611 4449 702 4499 καὶ
744 4449 792 4499 οι
843 4431 1060 4517 βαθμοὶ,
1087 4431 1161 4514 ὡς
1198 4452 1261 4504 lx
1285 4453 1436 4523 ῥίζης
1467 4431 1724 4528 ὁμοφυεῖς
1757 4431 1801 4486 D

180 4532 368 4584 κλάδοι
421 4533 514 4585 τοῦ
564 4535 778 4604 πρώτου
849 4539 1172 4609 γεννήτορος
1232 4544 1568 4613 προιέμενοι,
1625 4549 1724 4620 τὴν

181 4620 508 4685 συγγένειαν
559 4623 990 4692 καταρτίζουσιν.
1040 4628 1263 4697 Ἴδωμεν
1289 4627 1402 4696 οὖν,
1436 4636 1563 4688 ποία
1599 4639 1724 4707 ῥίζα

179 4710 279 4760 καὶ
340 4711 582 4780 καταρχὴ
623 4712 894 4779 μεσιτεύει
928 4714 1018 4767 τὸν
1046 4716 1214 4784 ἄνδρα
1251 4721 1383 4784 μετὰ
1409 4722 1506 4791 τῆς
1532 4741 1721 4790 γυναι-

178 4798 296 4862 κδς,
334 4796 470 4849 ὥστε
497 4800 630 4868 πρὸς
654 4801 854 4871 ταύτην
877 4803 1222 4873 ἀναδραμεῖν,
1251 4811 1340 4860 καὶ
1367 4811 1425 4873 ἐξ
1456 4814 1622 4883 αὐτῆς
1645 4817 1722 4880 ὡς

174 4886 266 4937 διὰ
296 4886 551 4955 βαθμίδος
591 4889 724 4956 πρὸς
753 4891 971 4953 τούτους
1003 4893 1194 4947 ἐλθεῖν.
1230 4897 1450 4962 Πάντως
1475 4902 1719 4970 οὐδεμία.

177 4975 315 5027 Οὐδὲ
349 4977 458 5043 γὰρ
509 4976 727 5031 δύναταί
767 4996 852 5040 τις
889 4980 1059 5033 εἰπεῖν
1085 5021 1100 5046 ,
1145 4983 1202 5036 '0
1236 4986 1434 5055 Πέτρος
1464 4990 1722 5061 ὲγγένησε

175 5063 269 5115 τὸν
299 5064 630 5133 Δημήτριον.
676 5066 733 5119 '0
765 5066 924 5130 αὐτὸς
952 5070 1046 5122 καὶ
1069 5071 1167 5138 τὴν
1196 5072 1410 5140 Μαρίαν
1437 5076 1721 5136 ἀπέτεκεν.

178 5151 347 5203 Ὥστε
396 5152 614 5217 τούτους
646 5154 739 5209 δύο
776 5156 996 5228 βαθμῶν
1037 5159 1179 5227 ἔχειν
1212 5164 1545 5229 συγγένειαν.
1581 5170 1722 5239 Προ-

179 5239 348 5301 φανὶς
385 5239 492 5307 γὰρ
526 5241 714 5310 ψεῦδός
746 5243 880 5297 ἐστι.
938 5246 1124 5313 Πολλῷ
1154 5247 1210 5298 δὲ
1259 5249 1417 5302 πλέον
1443 5254 1541 5305 οὐκ
1577 5256 1719 5309 είποι

177 5343 263 5388 τις
297 5327 620 5391 ὑποστάσεις
659 5330 860 5394 διττὰς,
899 5333 1014 5393 ἑνὸς
1042 5329 1179 5387 εἷναι
1220 5335 1445 5403 βαθμοῦ.
1483 5340 1584 5394 Δύο
1612 5343 1718 5413 γὰρ

177 5414 461 5482 γεννήσεις
505 5415 726 5479 τούτους
787 5420 1126 5489 παρήγαγον.
1185 5424 1248 5474 Ui
1301 5424 1428 5490 γοῦν
1473 5427 1718 5496 λέγοντες

1832 3477 2054 3544 gradum
2085 3481 2206 3542 post
2248 3474 2437 3526 initum
2488 3473 2882 3525 matrimonium
2926 3472 3195 3525 vindicent
3238 3486 3367 3524 con-

1827 3567 2000 3632 juges,
2059 3578 2188 3631 pure
2232 3562 2306 3614 illi
2343 3560 2554 3631 quidem
2597 3576 2703 3614 non
2743 3560 2936 3614 docent
2976 3576 2989 3612 :
3035 3561 3365 3629 subjungunt

1835 3665 2032 3714 tamen,
2065 3654 2291 3720 aliquem
2325 3666 2517 3704 nurum
2563 3665 2735 3711 suam,
2769 3649 2850 3701 vel
2877 3648 3192 3717 privignam,
3233 3665 3366 3702 uxo-

1830 3760 1943 3798 rem
1991 3743 2185 3795 ducere
2227 3755 2330 3792 non
2376 3754 2549 3807 posse.
2601 3735 2707 3791 Nec
2758 3739 2882 3790 item
2932 3751 3233 3798 novercam,
3283 3737 3366 3788 vel

1830 3849 2046 3888 socrum
2081 3850 2093 3885 :
2126 3831 2376 3899 quoniam
2402 3839 2627 3881 matrum
2652 3828 2768 3880 lo'co
2790 3835 2933 3881 sunt.
2963 3826 3361 3881 Consiileranda

1829 3924 1992 3993 igitur
2008 3929 2130 3974 ante
2157 3922 2334 3974 omnia
2363 3918 2624 3987 graduum
2644 3918 2798 3969 ratio.
2820 3907 2906 3969 Sic
2931 3917 3071 3969 enim
3092 3917 3357 3983 exarquaii

1828 4013 2023 4084 poterit
2051 4012 2163 4079 ipsa
2191 4008 2497 4078 quastionis
2529 4006 2668 4058 velut
2695 4005 2911 4058 acclivis
2940 4005 3289 4073 inaequalitas.

1898 4103 2108 4154 Gradus
2137 4097 2471 4166 cognationis
2498 4095 2626 4148 dicti
2657 4101 2780 4146 sunt
2812 4109 2842 4146 a
2873 4093 3220 4147 similitudine
3242 4108 3363 4161 gra-

1831 4191 1994 4242 duum
2049 4186 2276 4254 alicujus
2326 4185 2504 4237 scalae.
2552 4180 2683 4234 Nam
2717 4181 2859 4235 sicut
2902 4181 3004 4234 illa
3040 4183 3358 4249 principium

1831 4287 2108 4332 sumentes
2152 4289 2180 4325 a
2239 4273 2484 4342 planitie,
2547 4284 2871 4339 sursumque
2917 4269 3231 4332 tendentes,
3292 4272 3356 4323 ad

1831 4362 2263 4419 descendendum
2306 4361 2383 4414 vel
2419 4359 2815 4412 ascendendum
2871 4359 3024 4412 nobis
3064 4361 3302 4412 serviunt
3341 4381 3353 4414 :

1828 4455 1908 4510 sic
1965 4463 2019 4506 et
2073 4452 2125 4505 hi
2163 4450 2382 4520 gradus,
2414 4449 2559 4504 velut
2595 4447 2835 4517 ejusdem
2872 4457 3076 4502 natura:
3113 4450 3247 4501 rami
3289 4465 3354 4502 ex

1827 4541 2029 4604 radice,
2062 4539 2234 4609 primo
2273 4537 2478 4591 scilicet
2512 4544 2732 4604 parente
2763 4534 3132 4604 procedentes,
3157 4551 3356 4604 cogna-

1829 4634 2024 4687 tionem
2053 4628 2358 4699 perﬁeiunt.
2399 4625 2688 4680 Videamus
2721 4639 2868 4694 ergo,
2912 4640 3155 4693 quisnam
3202 4629 3353 4680 radix

1827 4737 1889 4776 ac
1902 4719 2220 4790 principium
2246 4716 2384 4770 inter
2410 4713 2583 4768 virum
2610 4723 2661 4766 et
2690 4727 2907 4766 uxorem
2936 4714 3015 4767 sic
3041 4713 3356 4781 intercedat,

1827 4820 1884 4863 ut
1923 4810 1989 4862 ad
2028 4822 2146 4862 eam
2190 4807 2260 4860 sit
2301 4803 2707 4864 recurrentium,
2747 4810 2799 4855 et
2841 4801 2907 4855 ab
2944 4816 3007 4856 ea
3044 4817 3139 4856 ceu
3190 4806 3356 4872 gradu

1826 4899 2056 4967 quodam
2078 4896 2304 4964 adipsos
2320 4892 2660 4948 veniendum.
2689 4890 2842 4943 Nulla
2872 4906 3094 4958 prorsus
3125 4895 3355 4948 exsistit.

1826 4985 1942 5042 Non
1974 4986 2116 5040 enim
2168 4984 2348 5037 dicere
2390 4980 2658 5049 quispiam
2696 4987 2889 5045 potest,
2928 4975 3120 5031 Petrus
3173 4980 3355 5046 genuit

1825 5077 2172 5132 Demetrium.
2197 5073 2338 5126 Idem
2369 5082 2421 5124 et
2460 5069 2673 5123 Mariam
2704 5068 3037 5134 procreavit:
3063 5081 3168 5135 quo
3194 5067 3271 5131 tit,
3297 5078 3356 5122 ut

1825 5168 1879 5222 bi
1924 5167 2150 5220 duorum
2190 5161 2451 5232 graduum
2493 5159 2807 5227 cognatione
2851 5157 3024 5226 juncti
3064 5159 3190 5210 sint.
3244 5156 3354 5209 Hoc

1824 5255 1962 5308 enim
1995 5250 2491 5308 manifestissimum
2525 5245 2856 5299 mendacium
2880 5252 2978 5298 est.
3005 5245 3168 5297 Multo
3186 5245 3356 5313 magis

1825 5343 2033 5396 cavebit
2059 5340 2278 5406 aliquis,
2307 5354 2372 5392 ne
2405 5338 2567 5400 dicat,
2599 5336 2733 5389 duas
2762 5348 3017 5401 personas
3049 5336 3206 5387 unius
3234 5349 3355 5388 esse

1825 5433 2042 5500 gradus.
2072 5429 2279 5498 Quippe
2303 5430 2420 5482 dua.-
2443 5426 2812 5497 generationes
2838 5438 2928 5478 eos
2967 5424 3353 5492 produxerunt.

1463 5538 1694 5595 VABIE
1729 5541 2126 5599 LECTIUNES.

240 5612 434 5701 ’,ιζξάε
455 5613 1080 5701 ecloga‘mmBasificoi-um
1105 5637 1125 5684 ;
1177 5625 1288 5678 vide
1330 5627 1410 5678 tit.
1465 5628 1526 5680 de
1563 5628 1825 5686 Gradibus
1872 5633 2216 5701 cognationis,
2246 5634 2300 5685 ά.
2350 5632 2442 5684 lib.
2491 5629 2859 5684 Basilicarum.

180 5681 390 5749 prohib.
422 5681 654 5745 ηκριίά.
685 5683 778 5739 lib.
813 5687 1000 5740 Basili.

2968 5639 2994 5677 Ρ
3022 5631 3134 5684 sict:
3289 5627 3358 5684 40
