4110 6478
704 407 724 468 ι
736 405 838 471 059

1933 415 2133 473 ’ΠΙΕο
2143 417 2203 473 υ.
2252 414 2646 474 BALSAMON
2655 415 2723 473 IS

3756 404 3890 469 1060

713 543 976 596 Nimirum
1011 542 1100 611 qui
1133 543 1336 606 dicunt,
1367 544 1626 612 coniuges
1677 545 1816 598 inter
1860 559 1919 598 se
1953 543 2032 596 vel
2068 543 2248 602 unius,

2365 535 2486 590 εἶναι
2538 541 2660 600 τοὺς
2705 537 2966 606 συζύγους
3009 535 3121 598 te;
3157 535 3189 604 ἢ
3220 535 3468 604 δευτέρου
3517 533 3746 603 βαθμοῦ,
3793 536 3883 587 καὶ

715 631 798 682 vel
827 631 1046 683 secundi
1077 646 1195 684 esse
1226 632 1441 700 gradus,
1472 636 1670 702 quique
1695 647 1788 700 per
1818 632 2014 700 gradus
2050 645 2144 684 eos
2174 631 2245 683 ita

713 718 934 780 librant,
958 719 1034 771 uti
1069 721 1240 773 solent
1275 723 1507 784 resilire,
1545 736 1664 790 quae
1699 722 1951 788 pondere,
1996 722 2073 775 vel
2107 735 2249 774 men-

710 821 859 871 sura,
889 808 972 860 vel
1014 823 1234 862 numero
1263 816 1554 875 constant;
1601 813 1805 865 similes
1849 819 1974 865 sunt
2018 811 2249 863 interro-

710 898 979 964 ganlibus.
1007 900 1294 965 quoluplex
1327 899 1465 952 istud
1492 902 1850 967 pavimentum
1877 901 2007 968 lapis
2027 902 2246 962 ambiat,

710 996 762 1039 et
791 988 1257 1055 respondentibus,
1298 990 1511 1058 duplex.
1533 992 1738 1058 Quippe
1766 994 1996 1060 cingitur
2017 1006 2043 1041 a
2078 992 2250 1058 lapide

712 1077 913 1140 prasini
949 1076 1165 1140 coloris,
1199 1088 1250 1131 et
1278 1080 1420 1146 ligno
1449 1081 1669 1133 cedrino
1690 1082 2072 1134 circumdatur.
2107 1081 2250 1145 Qua-

711 1165 950 1218 mobrem
1001 1174 1122 1232 apte
1164 1169 1414 1230 dicimus,
1469 1184 1566 1221 nec
1617 1169 1682 1222 ad
1722 1171 1949 1222 duorum
1989 1171 2248 1238 graduum

713 1256 1163 1308 neceSsiluilinem
1229 1257 1416 1310 referri
1475 1260 1729 1324 coniuges
1783 1261 1930 1327 (quo
1996 1260 2137 1312 enim
2197 1261 2248 1312 id

685 1398 687 1400 η
714 1351 869 1408 pacto
897 1345 918 1394 Υ
943 1360 1063 1397 cum
1099 1346 1338 1397 eamdem
1368 1345 1598 1398 radicem
1634 1356 1684 1400 et
1710 1351 2107 1416 generationem
2147 1365 2250 1401 non

712 1432 962 1494 habeant,
990 1449 1051 1485 ac
1086 1449 1147 1487 ea
1174 1450 1336 1488 causa
1373 1438 1686 1490 naturaliter
1717 1455 1820 1490 non
1853 1441 2198 1510 dividantur)
2236 1459 2248 1492 :

712 1537 809 1574 nec
856 1523 1016 1575 etiam
1058 1526 1216 1578 unius
1262 1533 1313 1578 et
1339 1527 1578 1592 ejusdem
1619 1543 1735 1581 esse
1780 1533 2000 1597 gradus,
2038 1537 2253 1596 propter

713 1612 966 1664 unionem
991 1615 1282 1678 carnalem,
1315 1625 1370 1668 ut
1394 1617 1560 1670 instar
1586 1618 1742 1670 mulsi
1778 1619 2250 1683 commisceantur,

713 1699 836 1765 (qua
885 1702 1026 1753 enim
1079 1701 1130 1755 id
1166 1701 1278 1755 ﬁeri
1312 1704 1519 1756 ratione
1573 1706 1778 1772 possit,
1835 1720 1955 1758 cum
2015 1720 2252 1772 persona:

711 1798 964 1842 maneant
997 1791 1213 1857 integra:
1233 1791 1294 1859 τ)
1325 1792 1415 1845 sed
1444 1803 1660 1861 propter
1683 1794 1914 1846 divinam
1959 1807 2020 1846 ac
2049 1796 2248 1846 saluta-

713 1893 823 1929 rem
848 1894 1029 1932 vocem
1054 1879 1285 1944 Domini,
1313 1891 1365 1934 et
1390 1882 1504 1947 Dei,
1533 1894 1585 1936 et
1614 1886 1906 1939 servatoris
1935 1886 2104 1936 nostri
2127 1882 2251 1936 Jesu

712 1966 937 2029 Christi,
958 1969 1046 2038 qui
1077 1970 1210 2022 dixit
1233 1972 1296 2023 ad
1322 1972 1616 2040 discipulos
1643 1974 1813 2040 ipsum
1842 1975 2249 2044 interrogantes,

711 2056 970 2108 liceretne
1015 2058 1214 2110 homini
1254 2059 1518 2113 divertere
1548 2061 1614 2112 ab
1662 2076 1828 2114 uxore
1879 2077 1996 2126 sua,
2039 2063 2253 2116 disertis

711 2147 890 2199 verbis
921 2147 1031 2200 haec
1061 2149 1477 2218 subiungendo:
1518 2149 1630 2202 Non
1660 2151 1884 2218 legistis,
1915 2168 2034 2204 eum
2068 2153 2156 2219 qui
2187 2152 2254 2205 ab

714 2237 863 2289 initio
892 2252 978 2291 res
993 2239 1251 2301 condidit,
1285 2255 1481 2292 marem
1500 2247 1551 2290 et
1579 2239 1828 2293 feminam
1858 2244 2002 2310 ipsos
2033 2243 2250 2296 fecisse:

712 2343 814 2395 qua
863 2330 927 2382 de
968 2346 1131 2384 causa
1161 2333 1430 2399 relinquet
1462 2335 1619 2387 homo
1651 2343 1853 2401 patrem
1882 2348 2035 2385 suum
2067 2341 2118 2384 et
2145 2348 2256 2384 nta-

713 2423 869 2480 trem,
900 2429 950 2472 et
979 2421 1403 2489 agglutinahitnr
1433 2422 1582 2475 uxori
1632 2437 1758 2476 sum.
1795 2420 1857 2473 Et
1883 2429 2038 2474 erunt
2068 2422 2118 2475 hi
2150 2422 2255 2474 duo

715 2506 765 2560 in
795 2523 1009 2563 carnem
1043 2526 1225 2565 unam.
1259 2512 1436 2575 Quare
1462 2528 1568 2565 non
1608 2513 1838 2579 amplius
1872 2513 1978 2564 duo
2005 2520 2128 2564 sunt
2161 2511 2252 2563 sed

714 2611 818 2649 una
852 2611 978 2651 caro
1013 2616 1026 2650 :
1056 2608 1270 2667 propter
1299 2601 1436 2654 hanc
1461 2616 1587 2670 ergo
1620 2616 1802 2654 vocem
1835 2601 2055 2654 credere
2082 2613 2179 2650 nos
2205 2605 2256 2651 et

715 2687 984 2749 confiteri,
1019 2704 1179 2740 unum
1210 2691 1591 2758 pr0pemodum
1631 2692 1933 2744 unaminem
1965 2691 2254 2751 hominem,

715 2780 803 2845 qui
837 2778 1048 2833 duabus
1085 2781 1134 2832 in
1181 2781 1422 2849 personis
1460 2783 1701 2835 cernitur
1729 2823 1741 2844 ,
1781 2797 1878 2850 pro
1938 2781 2257 2848 coniugibus

716 2869 1044 2921 matrimonii
1075 2886 1236 2924 causa
1272 2871 1474 2924 haberi.
1506 2873 1607 2925 Sed
1641 2873 1779 2924 enim
1818 2870 2256 2934 permittendum,

717 2967 774 3011 ttt
794 2961 938 3013 rivus
957 2961 1220 3015 orationis
1246 2964 1402 3015 etiam
1426 2963 1489 3017 ad
1516 2962 1658 3016 aliud
1683 2963 1933 3031 quiddam
1957 2967 2258 3030 opportune

713 3057 917 3101 Ofil'rﬂl.

790 3137 1062 3204 Unigeniti
1096 3136 1215 3189 Filii
1252 3136 1338 3190 Dei
1379 3138 1938 3205 incomprehensibilis
1975 3156 2102 3210 erga
2159 3158 2260 3198 nos
2285 3157 2330 3217 ρ

720 3228 998 3285 demissio.
1027 3234 1078 3280 et
1114 3229 1306 3296 pignus
1332 3229 1519 3281 salutis
1547 3229 1760 3281 humani
1786 3231 2016 3297 generis,
2043 3247 2163 3284 cum
2199 3247 2262 3285 ex

721 3321 842 3372 aliis
878 3319 1064 3371 multis
1096 3319 1363 3387 mysteriis
1399 3318 1790 3386 magnificatur,
1826 3328 1936 3372 tum
1971 3322 2127 3374 etiam
2158 3337 2261 3374 non

723 3423 908 3476 parum
941 3408 1272 3474 gloriﬁcatur
1296 3422 1360 3460 ex
1396 3406 1764 3462 benedictione
1793 3411 2036 3476 nuptiali.
2056 3409 2264 3478 Quippe

721 3511 845 3550 cuin
877 3497 1106 3549 obnoxia
1142 3506 1360 3562 peccato
1392 3496 1702 3562 coniunctio
1737 3499 1788 3549 in
1827 3501 2131 3551 universam
2173 3499 2266 3550 ho-

725 3587 928 3638 minum
977 3600 1207 3638 massam
1251 3585 1439 3638 inisset
1485 3580 1660 3639 dedita
1703 3595 1822 3654 post
1852 3587 2101 3641 draconis
2126 3588 2264 3640 invi-

723 3676 891 3736 diam,
931 3684 983 3728 et
1030 3675 1264 3728 mandati
1302 3674 1467 3729 divini
1503 3678 2004 3744 transgressionem,
2049 3677 2268 3746 iamque

726 3765 922 3818 malum
953 3765 1078 3817 illud
1099 3765 1164 3817 ad
1188 3764 1289 3816 alia
1308 3765 1446 3816 mala
1471 3765 1671 3831 maiora
1694 3767 2047 3834 processisset
2076 3784 2089 3830 ;
2122 3781 2268 3820 curae

725 3855 958 3924 benigno
993 3853 1101 3907 Deo
1143 3853 1240 3906 fuit
1277 3854 1611 3920 regeneratio
1641 3861 1826 3907 nostra
1857 3864 1908 3907 et
1928 3855 2264 3908 instauratio.

727 3942 1041 4011 ltaquecum
1064 3943 1372 4009 unigenitus
1394 3941 1480 3993 Dei
1515 3939 1677 3995 Filius
1702 3942 1858 3996 homo
1887 3938 2268 3996 factusiui‘sset

727 4033 899 4087 instar
943 4042 1207 4095 nostrum,
1245 4039 1462 4100 propter
1503 4047 1621 4094 nos,
1657 4041 1708 4085 et
1743 4047 1954 4085 omnem
1989 4034 2143 4084 aliam
2177 4032 2270 4084 ad-

726 4119 1177 4171 ministrationetn
1209 4119 1502 4185 implesset,
1536 4118 1610 4171 uti
1635 4134 1731 4172 nos
1759 4119 2057 4172 beatitatem
2090 4120 2269 4186 pristi-

726 4223 848 4260 nam
882 4221 1262 4275 recuperamus
1309 4224 1322 4259 :
1361 4210 1520 4260 etiam
1549 4207 1749 4275 nuptiis
1786 4209 1837 4260 in
1867 4207 2011 4260 Cana
2042 4206 2271 4260 Galilzea:

731 4298 1013 4349 celebratis
1067 4295 1338 4349 benedixit
1371 4333 1384 4356 ,
1431 4305 1483 4348 ct
1523 4311 1716 4362 aquam
1766 4296 2158 4363 desperationis
2213 4294 2268 4346 in

727 4386 910 4438 vinum
939 4400 1078 4439 vera:
1105 4385 1195 4438 Dei
1228 4385 1556 4453 cognitionis
1584 4387 1808 4438 mutavit
1837 4402 1850 4450 ;
1896 4386 2153 4436 certiores
2176 4399 2269 4452 per

2349 626 2797 695 ζυγοστατοῦντες
2837 628 2923 681 διά
2964 626 3226 696 βαδμίδων
3265 625 3479 687 αὐτοὺς,
3514 627 3656 678 κατά
3677 625 3744 677 τά
3765 641 3884 677 στα-

2349 715 2625 783 θμώμενα,
2681 718 2714 784 ἢ
2769 707 3124 787 μετρούμενα,
3171 715 3203 782 ἢ
3244 712 3636 782 ἀριθμούμενα.
3681 712 3885 763 ἐοίκασι

2347 806 2458 864 τοῖς
2479 805 2866 872 ἐρωτωμένοις,
2923 803 3085 863 πόσος
3133 803 3391 869 ἀμπίσχει
3426 801 3541 852 τόδε
3571 801 3630 851 τὺ
3668 799 3885 851 δάπεδον

2354 896 2662 961 μάργαροςς
2695 895 2786 944 xui
2831 892 3293 959 ἀποκρινομένοις,
3341 889 3534 949 διττός.
3579 889 3739 948 Λίθος
3784 887 3887 953 γὰρ

2350 983 2628 1049 πρασίζων
2675 983 2808 1033 αὐτὸ
2856 981 3250 1049 περιζώννυσι,
3307 981 3400 1031 xui
3457 978 3611 1042 ξύλον
3655 976 3889 1044 κέδρινον

2350 1071 2718 1135 ἀμφιέννυσιν.
2753 1071 2956 1135 ’Δραρε
2990 1069 3166 1119 τοίνυν
3197 1068 3370 1130 λέγειν
3400 1069 3564 1134 ⁴ἡμᾶς,
3604 1067 3739 1132 μήτε
3761 1063 3890 1129 πρὸς

2350 1158 2441 1209 δύο
2477 1158 2695 1224 βαθμῶν
2743 1156 3048 1224 οἰκειότητα
3085 1157 3207 1214 τοὺς
3250 1153 3548 1219 όμοζύγους
3579 1149 3891 1216 ἀνάγεσθαι,

2352 1246 2485 1314 (πῶς
2510 1248 2635 1312 γὰρ,
2659 1247 2706 1296 οἱ
2743 1246 2814 1313 μὴ
2841 1245 2936 1312 τὴν
2965 1245 3130 1312 αὐτὴν
3159 1243 3444 1310 ἐσχηκότες
3471 1241 3622 1308 ῥίζαν
3653 1240 3748 1289 xui.
3776 1238 3896 1303 γέν-

2351 1356 2524 1405 νησιν,
2573 1338 2664 1388 xui
2713 1337 2798 1388 διὰ
2843 1335 2997 1387 τοῦτο
3041 1335 3168 1401 μηδὲ
3204 1333 3440 1400 φυσικῶς
3475 1329 3836 1398 διαιρούμενοι
3854 1326 3894 1394 ς)

2355 1428 2475 1496 μήτ’
2527 1423 2616 1478 οὖν
2657 1427 2770 1485 ἑνὸς
2826 1424 3075 1491 γενέσθαι
3111 1423 3351 1491 βαθμοῦ,
3385 1422 3469 1474 διὰ
3501 1422 3598 1488 τὴν
3639 1420 3899 1484 ἐνσαρκον

2351 1519 2561 1574 ἕνωσιν,
2600 1516 2690 1566 καὶ
2723 1514 3047 1582 συγχυθῆναι
3076 1512 3213 1564 κατά
3239 1512 3581 1578 μελίκρατον.
3622 1506 3742 1566 Πῶς
3767 1506 3896 1573 γάρς

2351 1605 2676 1672 Σωζομένων
2727 1601 3079 1656 ἀδιαπτώτων
3126 1602 3233 1652 τῶν
3277 1601 3653 1659 ὑποστάσεων;
3713 1596 3804 1646 Διὰ
3842 1595 3901 1645 δὲ

2356 1696 2452 1764 τὴν
2508 1695 2656 1745 θείαν
2699 1692 2789 1743 xui
2826 1690 3135 1758 σωτηριώδη
3180 1689 3358 1758 φωνὴν
3406 1687 3498 1738 τοῦ
3538 1685 3765 1753 Κυρίου,
3811 1682 3902 1733 xui

2353 1783 2482 1836 Θεοῦ
2523 1783 2611 1833 xui
2651 1779 2896 1846 Σωτῆρος
2945 1777 3097 1846 ήμῶν
3147 1774 3314 1843 Ἰησοῦ
3364 1773 3618 1842 Χριστοῦ,
3673 1771 3765 1822 τοῦ
3823 1771 3902 1820 εί-

2360 1877 2548 1936 πόντος
2581 1876 2714 1942 πρδς
2752 1872 2875 1931 τοὺς
2927 1869 3301 1937 ὲρωτὴσαντας
3339 1863 3498 1915 αὐτὸν
3538 1860 3804 1930 μαθητὰς,
3852 1859 3904 1908 εί

2358 1965 2562 2029 ἔξεστιν
2611 1962 2877 2031 ἀνθρώπῳ
2908 1958 3169 2010 ἀπολῦσαι
3207 1954 3303 2021 τὴν
3334 1954 3564 2018 γυναῖκα
3593 1947 3780 2010 αὑτοῦ,
3811 1948 3906 1997 xui.

2361 2055 2724 2120 ἐπαγαγόντος
2771 2050 2942 2102 ταῦτα
2995 2046 3199 2116 ῥητῶς·
3246 2043 3360 2094 Οὐκ
3417 2040 3705 2113 ἀνέγνωτε,
3759 2038 3837 2088 ὅτι
3876 2038 3906 2087 ό

2361 2147 2587 2214 ποιήσας
2626 2141 2897 2208 ἀπαρχῆς,
2929 2139 3089 2205 ἄρσεν
3117 2133 3210 2186 καὶ
3235 2132 3365 2198 θῆλυ
3402 2129 3651 2197 ἐποίησεν
3674 2125 3868 2185 αὐτούς
3887 2140 3903 2153 ο

2359 2235 2452 2286 καὶ
2489 2233 2669 2284 ἕνεκεν
2697 2231 2885 2281 τούτου
2931 2222 3241 2290 καταλείψει
3275 2220 3557 2288 ἄνθρωπος
3580 2218 3671 2268 τὸν
3695 2215 3906 2282 πατέρα

2360 2321 2522 2375 αὑτοῦ
2557 2319 2648 2370 καὶ
2703 2318 2796 2384 τὴν
2848 2317 3075 2382 μητέρα,
3120 2311 3214 2364 xui
3272 2305 3800 2378 προσκολληθήσεται
3838 2304 3906 2369 τῇ

2361 2411 2576 2477 γυναικὶ
2604 2406 2765 2459 αὑτοῦ
2792 2422 2805 2436 ο
2847 2404 2939 2456 xui
2963 2405 3171 2454 ἔσονται
3213 2401 3261 2453 oi
3300 2399 3390 2452 δύο
3421 2398 3498 2454 είς
3537 2396 3716 2462 σάρκα
3744 2394 3904 2461 μίαν

2361 2504 2499 2555 ὥστε
2537 2499 2714 2551 οὐκέτι
2768 2495 2872 2548 eisi
2925 2493 3033 2552 δύο,
3085 2491 3220 2542 ἀλλά
3269 2488 3403 2557 σὰρξ
3449 2487 3574 2555 μία⁹
3631 2481 3910 2536 πιστεύειν

2361 2594 2527 2661 ἡμᾶς,
2564 2589 2656 2640 xui
2687 2585 2983 2653 ὁμολογεῖν,
3016 2581 3112 2633 ενα
3159 2579 3343 2647 σχεδὸν
3391 2576 3664 2644 όμόψυχον
3694 2572 3907 2661 ἀνθρωο

2364 2660 2460 2734 πον
2516 2681 2570 2730 ὲν
2616 2677 2732 2728 δυσὶ
2787 2671 3151 2740 θεωρούμενον
3186 2666 3565 2726 ὑποστάσεσιν,
3609 2660 3913 2731 ὁμοζύγους

2362 2773 2448 2826 διὰ
2472 2770 2558 2821 τὸν
2593 2767 2765 2834 γάμον
2788 2760 3112 2828 λογίζεσθαι.
3164 2757 3323 2810 Ἀλλὰ
3374 2754 3550 2807 δοτέον
3582 2750 3913 2818 ἀναδραμεῖν

2363 2861 2454 2914 τοῦ
2486 2859 2643 2924 λόγου
2669 2855 2757 2907 τὸν
2789 2852 2962 2922 ῥύακα
2990 2850 3080 2902 xui
3116 2848 3246 2916 πρὸς
3271 2848 3457 2915 ἓτερον
3483 2842 3718 2910 καίριον.

2447 3129 2509 3184 Ἦ
2557 3126 2647 3180 τοῦ
2708 3121 3026 3194 μονογενοῦς
3083 3119 3211 3172 Υἱοῦ
3271 3116 3364 3170 τοῦ
3409 3115 3544 3169 Θεοῦ
3599 3114 3737 3183 πρὸς
3767 3115 3916 3182 ἡμᾶς

2363 3218 2740 3285 ἀκατάληπτος
2777 3210 3199 3278 συγκατάϐασις,
3256 3207 3442 3259 καὶτὸ
3492 3205 3590 3274 τῆς
3643 3205 3916 3274 σωτηρίας

2363 3308 2454 3359 τοῦ
2499 3306 2690 3371 γένους
2735 3302 2842 3352 τῶν
2884 3297 3181 3366 ἀνθρώπων
3227 3295 3504 3364 ἐχέγγυον,
3557 3291 3917 3360 μεγαλύνεται

2368 3394 2462 3464 μὲν
2510 3391 2604 3444 xui
2648 3390 2703 3454 ἑξ
2737 3388 2908 3442 ἀλλων
2941 3383 3247 3453 μυστηρίων
3285 3379 3510 3438 πολλῶν,
3539 3379 3636 3446 οὐχ
3663 3375 3822 3447 ἦττον
3861 3376 3917 3428 δὲ

2365 3487 2457 3536 xui
2490 3486 2550 3535 ὲκ
2575 3481 2674 3549 τῆς
2703 3477 2941 3546 γαμικῆς
2975 3473 3271 3543 ίερο).ογίας
3304 3471 3603 3535 δοξάζεται.
3649 3469 3762 3535 Τῆς
3809 3467 3919 3532 γάρ

2367 3569 2741 3639 ἁμαρτητικῆς
2783 3564 3076 3632 συναφείας
3120 3561 3452 3627 διαδοθείσης
3501 3562 3579 3621 είς
3624 3553 3768 3612 ἅπαν
3810 3558 3921 3609 τῶν

2369 3661 2665 3728 ἀνθρώπων
2695 3657 2754 3706 τὸ
2787 3653 3030 3722 φύραμα,
3065 3651 3200 3719 μετὰ
3232 3651 3320 3701 τὸν
3354 3649 3545 3716 φθόνον
3575 3647 3671 3700 τοῦ
3692 3647 3920 3716 δράκον-

2367 3768 2478 3812 τος,
2529 3750 2620 3800 καὶ
2666 3747 2762 3811 τῆς
2807 3742 3022 3808 ἐντολῆς
3051 3739 3140 3792 τοῦ
3175 3739 3310 3792 Θεοῦ
3342 3740 3439 3808 τήν
3470 3738 3798 3806 παράϐασιν,
3827 3737 3921 3787 καὶ

2368 3840 2458 3892 τοῦ
2483 3837 2647 3891 κακοῦ
2691 3835 2824 3904 πρὸς
2881 3832 3040 3900 ἕτερα
3107 3831 3247 3881 κακὰ
3302 3829 3754 3896 προχωρήσαντος
3800 3826 3920 3892 μείιο

2370 3933 2516 3995 ζονα,
2551 3930 2777 3997 ἐμέλησε
2801 3925 2875 3995 τῷ
2902 3921 3260 3994 φιλανθρώπῳ
3283 3920 3398 3988 Θεῷ
3422 3921 3519 3986 τῆς
3550 3919 3704 3987 ήμῶν
3731 3919 3924 3984 παλιγο

2371 4019 2614 4086 γενεσίας
2646 4018 2737 4067 xui
2770 4013 3141 4072 ἀναπλάσεως.
3184 4009 3424 4075 Γεγονὼς
3477 4008 3656 4058 τοίνυν
3707 4007 3922 4072 ἀνθρω-

2372 4126 2468 4168 πος
2513 4105 2631 4157 καθ’
2661 4105 2824 4172 ήμᾶς,
2853 4102 2918 4154 δι’
2948 4103 3092 4170 ἡμᾶς
3129 4102 3156 4152 ό
3187 4097 3473 4167 μονογενὴς
3497 4096 3627 4156 Υίὸς
3650 4095 3744 4147 τοῦ
3763 4093 3924 4154 Θεοῦ,

2373 4198 2660 4250 κα“ιπᾶσαν
2707 4194 2870 4263 ἄλλην
2911 4191 3201 4260 πληρώσας
3247 4188 3575 4256 οἰκονομίαν,
3633 4186 3724 4238 ἵνα
3765 4187 3927 4252 ἡμεῖς

2372 4288 2467 4354 τὴν
2499 4281 2728 4353 ἀρχαίαν
2769 4280 3140 4350 μακαριότητα
3173 4278 3444 4346 λάϐωμεν,
3487 4275 3580 4326 καὶ
3615 4273 3706 4325 τὸν
3734 4275 3789 4324 ὲν
3815 4275 3929 4324 Ku-

2373 4378 2438 4428 νᾶ
2463 4376 2560 4443 τῆς
2593 4371 2879 4432 Γαλιλαίας
2905 4373 3078 4437 γάμον
3105 4368 3394 4437 ηὑλόγησε,
3429 4367 3520 4417 xui
3556 4363 3616 4416 τὸ
3659 4363 3800 4430 ὕδωρ
3830 4362 3928 4428 τῆς

728 4477 828 4529 hoc
860 4477 1082 4530 reddens
1105 4477 1368 4539 homines,
1403 4476 1544 4545 quod
1579 4474 1786 4529 feminae
1824 4491 1929 4528 non
1965 4475 2192 4544 amplius
2221 4473 2262 4526 in

2378 4465 2731 4533 ἀπογνώσεως
2754 4465 2831 4525 είς
2849 4456 2988 4514 οἶνον
3007 4459 3233 4528 ἀληθοῦς
3256 4456 3576 4524 θεογνωσίας
3606 4453 3921 4526 μετέϐαλεν·

728 4565 1012 4618 doloribus
1051 4566 1250 4619 liberos
1299 4567 1527 4633 pariant,
1573 4580 1671 4617 nec
1706 4565 1797 4632 qui
1834 4573 2188 4632 procreantur
2209 4577 2273 4615 ex

730 4656 1074 4724 copulatione
1121 4655 1498 4708 malrimoniali
1557 4655 1784 4721 amplius
1846 4654 2072 4721 pristino
2121 4667 2273 4705 more

727 4745 932 4809 dicant,
961 4745 1013 4798 ln
1038 4746 1269 4813 peccatis
1297 4745 1541 4812 concepit
1564 4759 1645 4797 me
1675 4751 1846 4796 mater
1874 4758 1989 4795 mea
2016 4759 2028 4794 :
2054 4742 2146 4796 sed
2179 4740 2268 4794 Dei

731 4844 993 4901 praecepta
1060 4843 1354 4896 servantes,
1411 4831 1861 4899 quemadmodum
1924 4831 2127 4897 primus
2184 4830 2269 4882 ille

731 4935 926 4988 parens
971 4929 1152 4975 noster
1197 4935 1257 4973 ea
1308 4923 1538 4974 servavit
1582 4930 1704 4974 ante
1749 4918 2266 4988 transgressionem,

731 5010 980 5064 eumdem
1011 5011 1268 5063 honorem
1304 5020 1356 5063 et
1393 5013 1614 5078 gloriam
1665 5018 2099 5078 consequantur,
2165 5021 2267 5073 qua

732 5100 933 5155 iuerint
967 5099 1143 5153 ornati
1171 5099 1325 5167 primi
1358 5110 1606 5167 parentes
1637 5109 1759 5154 ante
1802 5097 2237 5153 inobedieutiam.

800 5274 1121 5328 iionorahilc
1152 5287 1381 5340 namque
1420 5273 1817 5325 matrimonium
1852 5277 1952 5334 est,
1986 5279 2038 5322 et
2095 5270 2266 5322 lectus

731 5367 1066 5434 impollutus,
1099 5365 1189 5433 qui
1256 5364 1480 5418 salutem
1546 5363 1786 5431 largitur.
1836 5360 1965 5424 Quae
2011 5376 2131 5412 cum
2199 5360 2269 5411 ita

730 5459 858 5520 sint,
889 5463 941 5510 et
971 5469 1092 5507 cum
1125 5454 1315 5507 tabulae
1342 5451 1597 5507 divinitus
1631 5453 1846 5520 scriptae
1901 5449 2101 5511 dicant,
2152 5447 2269 5500 Non

729 5544 1048 5614 ingredieris
1096 5543 1160 5595 ad
1211 5543 1454 5609 quemvis
1505 5541 1865 5596 necessarium
1929 5541 2108 5593 carnis
2140 5551 2264 5598 tuae,

730 5647 784 5686 ut
823 5635 1024 5687 reveles
1060 5632 1313 5701 pudorem
1342 5633 1456 5702 eius
1488 5649 1499 5684 :
1533 5647 1652 5693 cum
1696 5633 1900 5699 primus
1953 5631 2039 5682 ille
2073 5643 2266 5697 parens

733 5735 913 5778 noster
943 5724 1065 5776 alibi
1097 5723 1449 5791 responderit,
1494 5722 1611 5774 Jam
1640 5724 1807 5789 u-agis
1864 5735 1998 5772 uxor
2042 5734 2156 5771 mra
2183 5727 2264 5770 est

2379 4555 2623 4608 ἐντεῦθεν
2652 4553 3003 4622 πληροφορῶν
3030 4550 3089 4602 τὸ
3117 4547 3474 4615 ἀνθρώπινον,
3503 4545 3576 4606 ὡς
3608 4545 3787 4596 οὐκέτι
3829 4559 3925 4608 γυ-

2376 4649 2556 4706 ναῖκες
2598 4645 2655 4695 ὲν
2699 4643 2893 4702 λύπαις
2921 4641 3083 4692 τέκνα
3117 4638 3482 4705 γεννήσουσιν,
3518 4633 3638 4687 οὐδὲ
3671 4634 3734 4684 ὲκ
3762 4648 3927 4699 γαμι-

2375 4735 2475 4801 κῆς
2526 4729 2812 4796 συναφείας
2848 4726 3168 4792 τικτόμενοι,
3229 4724 3369 4774 κατά
3423 4721 3483 4772 τὸ
3529 4719 3792 4787 πρότερον
3854 4716 3932 4768 εἷο

2377 4838 2543 4884 ποιεν,
2583 4820 2667 4870 Ἐν
2693 4817 2980 4886 ἁμαρτίαις
3003 4813 3251 4880 ὲκίσσησέ
3284 4827 3348 4880 με
3371 4813 3404 4879 ή
3427 4811 3610 4879 μήτηρ
3639 4825 3738 4877 μου
3756 4824 3768 4837 ’
3797 4807 3930 4859 ἀλλὰ

2374 4911 2706 4978 τηρήσαντες
2739 4909 2832 4968 τάς
2865 4904 3079 4964 ὲντολάς
3123 4901 3214 4953 τοῦ
3247 4900 3404 4961 Θεοῦ,
3437 4899 3617 4961 καθὼς
3655 4900 3685 4950 ὁ
3711 4899 3928 4967 προπά-

2377 5016 2487 5068 τωρ
2511 4997 2681 5059 αὐτὸς
2711 4995 2942 5064 ἐτήρησε
2967 4992 3070 5062 πρὸ
3095 4991 3190 5058 τῆς
3235 4989 3613 5058 παραϐάσεως,
3634 4986 3734 5054 τῆς
3757 4987 3928 5050 αὐτῆς

2373 5087 2537 5158 τιμῆς
2570 5087 2659 5138 καὶ
2689 5085 2842 5152 δόξης
2877 5081 3285 5152 ἀξιωθήσονται,
3316 5081 3433 5142 οἵας
3462 5077 3569 5147 πρὸ
3601 5077 3703 5145 τῆς
3747 5091 3927 5143 παρα-

2375 5177 2507 5244 κοῆς
2540 5177 2587 5228 οἱ
2626 5175 2989 5244 προπάτορες.

2445 5266 2632 5332 Τίμιος
2665 5262 2772 5331 γὰρ
2800 5264 2826 5314 ό
2855 5263 3044 5329 γάμος,
3074 5261 3163 5311 xui
3193 5259 3396 5329 ήκοίτη
3427 5257 3712 5325 ἀμίαντος,
3747 5273 3924 5324 σωτη-

2379 5355 2497 5423 ρίαν
2547 5351 3007 5420 φιλοτιμούμενος.
3051 5349 3268 5401 Τούτων
3317 5348 3488 5408 οῦτως
3522 5346 3780 5414 ἑχόντων,
3837 5348 3930 5396 καὶ

2373 5445 2478 5496 τῶν
2519 5442 2832 5510 θεογράφων
2873 5439 3090 5491 πλακῶν
3129 5438 3417 5503 λεγουσῶν·
3486 5437 3599 5487 Οὐκ
3639 5436 3927 5502 είσελεύσῃ

2377 5534 2512 5600 πρὸς
2547 5533 2719 5584 πάντα
2753 5532 2950 5582 οἰκεῖον
2991 5528 3190 5596 σαρκός
3220 5544 3311 5578 σου
3355 5525 3706 5593 ἀποκαλύψαι
3733 5525 3927 5591 uictri-

2378 5640 2470 5686 νην
2509 5620 2668 5673 αὑτοῦ
2689 5637 2699 5648 ·
2739 5619 2831 5671 xui
2850 5618 2941 5669 τοῦ
2973 5617 3308 5686 προπάτορος
3346 5616 3787 5682 ἀποκρινομένου
3818 5614 3930 5666 ιτε-

2370 5716 2560 5779 ρωθεν.
2593 5712 2702 5764 Νῦν
2735 5713 2826 5761 xu".
2863 5710 3056 5775 μᾶλλον
3103 5711 3134 5771 ὴ
3187 5707 3319 5772 γυνή
3353 5722 3452 5770 μου
3505 5704 3701 5761 ὀστοῦν
3730 5707 3794 5756 ὲκ
3823 5703 3927 5756 τῶν
